4150 6480
1744 601 1834 658 DE

798 793 1530 950 1511mm
1643 672 2788 950 PELUSIOTXE

2755 1013 2761 1026 Α

1611 1103 1976 1222 VITA
2013 1189 2026 1200 η

1348 1329 1692 1392 scrupus
1733 1329 1830 1391 ET
1872 1297 2262 1389 Domum

512 1508 1437 1641 COMMENTATIO
1509 1506 2173 1601 HISTORICA
2245 1504 3070 1601 THEOLOGICA.

1685 1742 1932 1784 εσιιιιιιιτ

1039 1907 1574 1975 HERMANNUS
1614 1906 1968 1971 AGATHO
2009 1907 2579 1974 NIEMEYERUS

1143 2108 1316 2147 τιιοι.
1353 2105 1541 2144 ικιιιτ.
1579 2105 1705 2142 ηιι.
1739 2104 1880 2144 οοστ.
1915 2106 2025 2144 δικ.
2063 2107 2236 2144 τιιοι..
2271 2107 2460 2146 αισι.

1106 2267 1284 2333 (Este,
1332 2265 1382 2316 in
1423 2264 1626 2316 libraris
1662 2264 2131 2328 ,Orphsnotrophel.
2172 2263 2548 2325 IIDOCCXXV.)

1470 2583 2163 2676 PREFATIO.

219 2939 694 2997 Commentationis
731 2940 805 2995 de
849 2937 1058 2993 Isidoro
1089 2935 1355 2992 Pelusiota
1385 2938 1529 3006 parti
1554 2938 1743 3007 prima:
1775 2947 1825 2992 et
1845 2936 2109 3000 secundes,
2148 2948 2266 3005 qua:
2295 2941 2420 2986 ante
2466 2931 2598 2986 duos
2651 2947 2852 2987 menses
2878 2931 2935 2987 in
2963 2931 3133 2987 lucem
3162 2932 3322 2989 editas
3347 2941 3474 2989 sunt

177 3032 376 3097 idcirco,
401 3046 462 3089 ut
499 3036 631 3089 mihi
667 3035 722 3086 in
748 3031 1039 3086 academia
1073 3029 1441 3084 Fridericiana
1495 3030 1814 3102 theologiam
1842 3030 2063 3085 docendi
2102 3036 2334 3098 potestas
2365 3025 2757 3092 concederetur,
2792 3028 3008 3081 tertiam
3040 3036 3248 3096 partem
3280 3036 3476 3096 praeter

172 3129 467 3197 Ipp'ndices
498 3129 752 3198 adjunsi.
783 3126 924 3183 Cum
951 3124 1114 3194 igitur
1143 3125 1312 3178 omnis
1340 3125 1556 3194 scriptio
1584 3141 1724 3178 nunc
1769 3124 1983 3179 demum
2009 3120 2254 3176 absoluta
2278 3119 2488 3190 judicio
2523 3119 2856 3173 eruditorum
2882 3119 3215 3189 subjicienda
3241 3120 3476 3190 mihique

175 3219 439 3272 urendum
466 3220 564 3282 sit,
591 3234 656 3270 ne
689 3216 849 3271 multi
882 3215 1156 3269 mirantes.
1182 3214 1320 3284 quod
1343 3230 1436 3285 ego
1464 3216 1529 3270 de
1566 3214 1784 3269 obscuro
1807 3211 1989 3268 saeculi
2026 3212 2198 3281 quinti
2229 3210 2484 3264 monacho
2523 3210 2638 3280 fuse
2678 3219 2728 3264 et
2761 3209 2968 3280 copiose
2997 3212 3259 3277 disserui,
3293 3212 3478 3284 iniqu

174 3309 232 3364 de
265 3328 342 3365 me
370 3313 722 3380 prtejudicent
744 3349 758 3372 ,
795 3308 985 3376 paucis
1005 3348 1019 3370 ,
1044 3307 1132 3376 qui
1154 3308 1355 3379 factum
1379 3308 1446 3360 sit
1473 3349 1488 3373 ,
1517 3317 1573 3361 ut
1599 3308 1695 3361 hoc
1730 3322 1841 3377 prce
1865 3305 2070 3359 ctzteris
2100 3303 2350 3374 elegerint
2375 3313 2747 3374 argumentum
2770 3344 2787 3369 ,
2820 3311 2947 3357 ante
2974 3303 3246 3373 explicare
3275 3304 3474 3375 placet,

176 3417 333 3469 quam
355 3403 590 3456 instituti
619 3403 882 3454 rationem
904 3414 1186 3467 exponam.

241 3492 377 3549 Nam
405 3494 548 3560 quod
579 3490 846 3546 Semlerus
869 3531 883 3554 ,
919 3507 1072 3561 quem
1098 3480 1518 3546 nimis‘seueram
1554 3491 1618 3544 de
1651 3489 1902 3544 Patribus
1949 3489 2317 3544 ecclesiasticis
2355 3503 2717 3555 saepenumero
2773 3487 2955 3542 tulisse
2995 3489 3318 3543 sententiam
3349 3504 3474 3544 con-

176 3594 277 3638 stat
297 3626 310 3645 ,
337 3586 395 3636 in
427 3582 662 3638 Selectis
693 3583 937 3637 historia:
964 3583 1351 3661 ecclesiastica:
1381 3582 1667 3653 Capitibus
1688 3623 1702 3648 ,
1737 3582 1840 3638 vol.
1873 3586 1924 3646 1,
1951 3595 2005 3651 p.
2029 3581 2137 3636 284
2157 3620 2172 3644 ,
2201 3581 2470 3642 Isidorum
2495 3578 2828 3634 Pelusiotam
2869 3579 3152 3648 Theophila
3181 3595 3248 3633 ac
3277 3579 3480 3650 Cyrillo

181 3693 530 3747 repsgusse,
573 3676 791 3744 ejusque
835 3676 1084 3744 epistolas
1134 3676 1382 3746 ingenuae
1426 3676 1751 3746 plerumque
1797 3676 1996 3730 indolis
2026 3675 2199 3730 vastis
2251 3672 2552 3727 multorum
2612 3674 2942 3743 corporibus
2999 3675 3161 3746 longe
3225 3675 3481 3731 utiliores

182 3782 321 3834 esse,
352 3769 594 3832 tradidit,
629 3768 682 3819 id
705 3767 966 3835 imprimis
1000 3785 1081 3822 me
1105 3769 1340 3836 impulit,
1363 3778 1419 3821 ut
1457 3769 1513 3821 in
1542 3769 1701 3837 hujus
1733 3769 1836 3822 viri
1860 3769 2049 3835 vitam,
2079 3769 2278 3838 scripta
2310 3777 2359 3821 et
2397 3767 2697 3820 doctrinam
2726 3767 2990 3837 singulari
3017 3766 3195 3821 studio
3234 3769 3481 3834 inquire-

183 3877 310 3917 rem.
335 3861 515 3931 Neque
544 3871 795 3928 suscepta
826 3878 906 3914 me
933 3861 1143 3930 panitet
1170 3876 1364 3930 operte.
1401 3858 1547 3914 Nam
1583 3875 1702 3912 cum
1733 3859 1970 3915 Isidorus
1991 3901 2006 3923 ,
2034 3863 2116 3916 vir
2144 3872 2191 3914 et
2222 3861 2478 3914 doctrina:
2519 3861 2695 3928 copia,
2739 3870 2788 3914 et
2821 3862 2944 3917 vitta
2970 3863 3278 3935 integritate
3304 3863 3480 3918 excel-

185 3951 290 4006 lens
311 3995 326 4018 ,
354 3956 533 4007 eodem
561 3963 790 4022 tempore
829 3969 931 4024 quo
972 3945 1853 4023 potentissimarum'Erclesiarum
1882 3956 2151 4009 antistites
2181 3956 2320 4008 inter
2344 3969 2455 4008 sese
2492 3962 2800 4022 certarunt,
2827 3955 3042 4026 ﬂoreret
3067 3997 3081 4021 ,
3113 3958 3348 4026 primum
3370 3955 3482 4010 illa

186 4046 318 4099 inter
347 4048 582 4114 ejusdem
599 4045 863 4106 epistolas.
883 4062 946 4100 e.~c
963 4045 1151 4114 quibus
1179 4056 1290 4099 tum
1313 4046 1440 4116 quid
1461 4046 1590 4114 ipse,
1607 4055 1720 4099 tmn
1739 4046 1864 4117 quid
1892 4047 1994 4101 alii
2009 4048 2072 4102 de
2092 4048 2458 4116 episcoporum
2489 4045 2720 4102 dissidiis
2746 4049 3055 4113 statuerint,
3071 4047 3482 4119 appare:,haud

185 4142 332 4206 parsi
366 4141 614 4193 momenti
635 4149 775 4193 sunt.
807 4139 958 4204 Quod
984 4150 1041 4193 ut
1067 4139 1363 4210 probemus,
1390 4141 1737 4210 testiﬁcamur
1765 4158 1898 4212 quas
1926 4141 2069 4195 dedit
2100 4141 2190 4195 ille
2219 4145 2290 4195 ad
2323 4139 2668 4194 Theodosium
2708 4141 3087 4209 imperatorem
3117 4142 3325 4195 litteras
3351 4144 3484 4214 περὶ

185 4232 276 4287 ταῦ
325 4231 654 4301 ποιήσατῡαι
695 4232 995 4301 ἀσφάλειαν
1022 4232 1123 4302 τῆς
1179 4232 1423 4295 συνόδου,
1470 4235 1534 4286 de
1587 4233 1815 4288 securita

1838 4244 1872 4287 'e
1919 4235 2119 4301 synodo
2170 4236 2477 4298 prwstanda
2525 4232 2637 4300 (lib.
2693 4247 2729 4297 ι,
2793 4247 2877 4299 ep.
2913 4231 3038 4297 3H,
3075 4231 3148 4287 cl.
3184 4232 3477 4289 Comment.

187 4345 238 4396 ρ.
260 4326 376 4385 Ξθὶ.
406 4328 714 4394 quibuscum
755 4341 917 4393 quam
962 4327 1236 4394 aptissime
1262 4341 1532 4388 connexa,
1554 4341 1672 4394 qua:
1702 4326 1772 4378 ad
1797 4323 2080 4393 Cyrillum,
2111 4341 2191 4390 eo,
2227 4341 2329 4395 quo
2358 4326 2440 4378 hic
2467 4323 2735 4394 Ephesum
2769 4326 2966 4392 adiret,
3002 4335 3235 4396 tempore
3269 4329 3488 4399 scriptas

187 4431 321 4484 sunt,
359 4423 413 4475 in
443 4420 628 4488 quibus
654 4419 968 4489 gravissima
988 4419 1099 4471 hac
1128 4426 1341 4472 exstant
1373 4418 1529 4472 verba
1561 4435 1577 4471 :
1612 4419 1805 4472 Πολλοὶ

1846 4419 1948 4488 γάρ
1972 4436 2033 4471 σε
2063 4419 2391 4490 κωμῳδοῦσι
2412 4418 2519 4470 τῶν
2542 4417 2977 4487 συνειλεγμένων
3002 4419 3083 4482 εἰς
3118 4419 3374 4486 Ἔφεσον,
3408 4421 3485 4484 ὡς

187 4516 396 4569 οἰκείαν
420 4514 757 4583 ἀμυνόμενον
785 4511 1006 4582 ἔχθραν,
1036 4512 1154 4566 ἀλλ’
1183 4513 1244 4565 οὑ
1270 4513 1340 4567 τὰ
1374 4513 1553 4584 Ἰησοῦ
1585 4512 1828 4583 Χριστοῦ
1877 4511 2176 4584 ὀρθοδόξως
2217 4514 2507 4584 ζητοῦντα.
2545 4511 2885 4581 Ἀδελφιδοῦς
2911 4514 3063 4577 ἐστι,
3097 4513 3256 4582 φασὶ,
3288 4512 3484 4584 Θεοφιο

191 4608 300 4672 λου,
333 4608 670 4678 μιμούμενος
700 4607 912 4659 ἐκείνου
946 4607 1044 4678 τὴν
1072 4609 1319 4679 γνώμην.
1356 4609 1567 4679 Ὠσπερ
1601 4607 1711 4679 γὰρ
1736 4609 1945 4672 ἐκεῖνος
1977 4607 2174 4679 μανίαν
2210 4612 2358 4680 σαφῆ
2387 4608 2764 4663 κατεσκέδασε
2795 4608 2891 4663 τοῦ
2923 4608 3191 4680 θεοφόρου
3233 4595 3331 4664 καὶ
3363 4595 3486 4668 Oso-

190 4707 377 4775 φιὶοῦς
413 4707 660 4758 Ἰωάννου
680 4746 694 4768 ,
726 4702 896 4768 οὕτως
922 4704 1183 4776 ἐπιθυμεῖ
1213 4703 1602 4775 καυχήσασθαι
1639 4701 1787 4776 (eod.
1834 4704 1963 4758 Bav.
2000 4703 2336 4776 καυχᾶσθαι]
2364 4705 2457 4758 καὶ
2489 4696 2645 4766 οὗτος
2665 4745 2680 4767 .
2706 4706 2755 4757 εὶ
2786 4705 2882 4758 καὶ
2914 4703 3050 4759 πολὺ
3079 4704 3192 4759 τῶν
3221 4709 3486 4779 κρινομέ-

191 4815 292 4851 νων
319 4799 440 4849 ἐστὶ
473 4796 535 4848 τὺ
565 4794 844 4865 διάφορον.
867 4823 938 4834 --
969 4792 1082 4847 Lib.
1119 4810 1158 4860 ι,
1187 4812 1268 4864 ep.
1311 4793 1436 4850 3|0.
1473 4793 1558 4866 Cf.
1592 4793 1830 4850 Commes

1848 4804 1884 4848 t.
1918 4811 1974 4864 p.
2004 4793 2095 4848 20.
2119 4824 2190 4835 —
2220 4795 2304 4850 Ea:
2337 4797 2416 4850 his
2448 4798 2589 4851 enim
2625 4796 2886 4866 quomodo
2913 4795 3090 4860 multi,
3124 4800 3224 4853 etsi
3251 4799 3487 4856 Nestorii

189 4890 486 4945 doctrinam
514 4887 822 4957 rejecerunt,
855 4884 1232 4957 ﬁgyptiorunt
1261 4887 1491 4958 episcopi
1521 4904 1646 4958 erga
1679 4887 2017 4959 Theophilum
2039 4890 2161 4959 jam
2189 4891 2492 4960 defunctum
2530 4899 2578 4943 et
2619 4889 2877 4961 Cyrillum
2911 4891 3141 4945 animati
3168 4893 3384 4963 fuerint,
3419 4896 3487 4948 li-

190 4995 262 5039 cet
287 4984 555 5053 colligere.
583 4978 763 5048 Neque
793 4977 887 5031 hoc
916 4977 1026 5033 loco
1057 4981 1510 5050 prwtermittenda
1540 4993 1662 5035 sunt
1682 4982 1892 5036 silentio
1917 5022 1931 5046 ,
1964 4997 2082 5052 qua:
2110 4981 2348 5036 Isidorus
2391 4984 2461 5036 ad
2504 4983 2774 5038 Simonem
2818 4984 3135 5038 monachum
3176 4987 3241 5040 de
3277 4986 3489 5041 Joanne

191 5076 558 5150 Chrysostomo
596 5079 803 5146 scripsit
840 5089 890 5136 et
922 5077 1227 5147 Theophila,
1265 5093 1420 5148 quem
1461 5075 1732 5147 λιοομανῆ
1775 5093 1830 5130 xc

1847 5076 1873 5128 1
1902 5077 2284 5147 χρυσολάτρην
2324 5077 2420 5144 (sic
2458 5080 2598 5132 enim
2623 5097 2720 5147 pro
2751 5079 3122 5151 χρυσολάτριν
3153 5082 3486 5138 scribendum

194 5177 307 5234 est}.
341 5170 600 5239 appellat,
631 5172 765 5226 nihil
791 5173 943 5226 aliud
971 5172 1050 5224 his
1081 5170 1247 5223 verbis
1274 5168 1696 5240 signiﬁcaturus.
1730 5185 1894 5238 quam
1927 5169 2269 5240 Theophilum
2300 5171 2466 5225 nimia
2495 5171 2729 5239 wdiﬁcia
2763 5174 3071 5227 exstruendi
3102 5175 3370 5242 cupidine,
3408 5176 3489 5230 ni-

194 5269 397 5335 mioque
425 5267 548 5318 auri
583 5282 765 5319 amore
795 5267 1113 5336 ﬂagrantem
1142 5264 1304 5318 etiam
1336 5264 1535 5332 injusto
1575 5261 1728 5315 modo
1770 5261 1873 5316 sibi
1917 5277 2257 5332 comparasse
2293 5264 2528 5317 divitias.
2560 5262 2672 5328 Quo
2706 5263 2904 5319 lsidori
2947 5266 3158 5335 judicio
3190 5267 3387 5320 mirum
3434 5268 3490 5320 in

195 5362 404 5412 modum
439 5356 803 5424 conﬁrmatur.
835 5359 974 5426 quod
999 5355 1298 5415 Palladius,
1335 5371 1488 5426 quem
1520 5354 1673 5408 multi
1700 5371 1822 5408 cum
1848 5355 1932 5408 ira
1977 5365 2025 5409 et
2059 5357 2236 5409 studio
2263 5357 2533 5424 scripsisse
2581 5358 2953 5428 aﬂirmarunt,
2986 5359 3240 5423 tradidit,
3273 5364 3491 5416 antisti-

193 5465 294 5505 tas
323 5449 741 5504 Αιαοηάγὶκαηι
777 5450 1001 5503 nimiam
1031 5448 1328 5502 adhibuisse
1376 5448 1433 5501 in
1485 5448 1713 5502 ecclesiis
1769 5449 2098 5518 mdiﬁcandis
2147 5451 2600 5520 magniﬁcentiam
2622 5494 2634 5517 ,
2665 5468 2890 5522 eumque
2920 5455 3214 5509 vendidisse
3242 5457 3491 5511 sacerdo-

197 5541 345 5595 εισι.
380 5537 567 5607 [Diab
599 5541 666 5594 de
699 5538 809 5593 vita
842 5537 902 5592 S.
929 5536 1158 5592 Joannis
1186 5538 1558 5609 Chrysostomi
1586 5537 1713 5610 (a).]
1737 5538 1959 5609 Reliqua
1992 5556 2109 5609 qua
2142 5540 2242 5593 huc
2277 5553 2519 5610 spectant
2544 5545 2601 5598 in
2639 5545 2814 5613 prima
2849 5549 3310 5603 commentationis
3340 5559 3495 5618 parte

198 5643 286 5687 ut
307 5634 609 5703 perstrinxi,
643 5642 742 5686 aut
773 5631 1008 5701 exposui.

255 5775 326 5836 ll)
350 5775 471 5840 Opp.
500 5775 743 5837 Chrysost
791 5775 975 5821 nostra
999 5771 1121 5821 edit.
1159 5779 1274 5822 tom.
1314 5773 1353 5831 ῐ,
1389 5774 1488 5824 col.
1519 5774 1598 5826 ἢ.
1635 5774 1771 5826 Bon.
1804 5774 1958 5824 ωτι.

493 5863 783 5925 Panos.
827 5858 947 5919 Gn.
993 5857 1086 5917 LX
1099 5859 1304 5922 XVIII.
3021 5865 3050 5933 ι
