4150 6442
761 408 815 471 ll.
1625 402 1721 461 DE
1762 399 2070 460 lSIDORO
2108 399 2523 462 PELUSIOTA
2560 400 3115 462 COMMENTATIO.
3918 406 4008 471 te

830 516 1025 568 Deinde
1054 528 1166 566 vero
1196 509 1438 578 epistolw,
1471 510 1526 561 in
1556 510 1738 579 quibus
1769 506 2035 561 Pelusiota
2069 506 2203 560 locos
2222 523 2285 561 ex
2327 508 2729 577 antiquitatibus
2754 509 3073 563 Christianis
3095 512 3238 579 petiit
3268 550 3281 573 ,
3314 522 3605 565 memoratu
3636 530 3735 566 non
3761 514 4008 584 indigna:

758 614 897 657 sunt.
931 604 1277 671 Conferantur
1318 616 1426 671 pra:
1458 601 1657 654 ctrteris
1687 616 1803 668 qua!
1825 600 1955 653 dixit
1993 598 2080 651 ille
2137 601 2201 652 de
2250 600 2592 653 diaconorum
2639 604 2898 669 gravitate
2941 603 3050 673 (lib.
3087 620 3129 666 ι,
3165 620 3245 673 cp.
3277 604 3367 672 29)
3392 645 3405 668 ,
3435 608 3498 658 de
3538 616 3837 661 sanctorum
3869 609 4013 662 reli-

759 695 894 766 quiis
943 693 1071 763 (lib.
1104 709 1158 758 ι,
1191 709 1272 759 ep.
1306 691 1403 756 55;
1438 693 1505 760 cf.
1534 691 1621 743 lib.
1650 707 1687 744 ll
1708 731 1723 755 ,
1751 707 1835 759 ep.
1868 689 1970 759 5),
2010 691 2073 743 de
2112 702 2270 744 cantu
2302 691 2580 745 mulierum
2606 693 2661 745 in
2683 693 2907 747 ecclesiis
2931 694 3042 761 (lib.
3071 709 3109 756 ι,
3136 711 3216 764 ep.
3249 694 3360 765 90),
3394 697 3457 749 de
3477 698 3704 766 formula
3736 715 3754 752 :
3788 703 4009 773 Εἰρήνη

760 790 909 857 ὑμῖν.
943 805 1048 859 qua
1095 788 1389 841 sacerdotes
1424 786 1515 840 illo
1559 794 1786 853 tempore
1828 786 2192 839 concionantes
2235 787 2312 838 uti
2352 798 2744 849 consueverunt,
2774 790 3178 859 auditorumque
3205 792 3274 843 ad
3302 791 3420 845 illos
3450 796 3781 861 responsione
3812 797 3926 866 (lib.
3960 814 4008 862 ι,

769 898 851 948 cp.
884 881 1007 949 1⁸22)
1028 923 1040 947 ,
1067 883 1129 935 de
1164 881 1321 933 linteo
1350 879 1486 950 quod
1514 880 1729 933 diaconi
1766 896 1974 932 sacram
2006 878 2320 933 celebrantes
2341 896 2540 933 caenam
2567 880 2908 935 adhibuerunt
2941 882 3053 953 (lib.
3087 899 3136 947 ι,
3170 899 3250 952 ep.
3294 883 3438 953 156),
3466 886 3597 938 etde
3627 890 3838 954 parvis,
3882 906 4015 957 qua:

764 975 1005 1031 mulieres
1027 985 1311 1047 gestarant,
1346 977 1625 1045 evangeliis
1647 975 1756 1044 (lib.
1782 990 1840 1036 ll,
1870 992 1949 1039 ep.
1989 974 2123 1039 150;
2148 978 2243 1044 cfr.
2275 974 2563 1029 Comment.
2594 974 2720 1045 [eo].
2740 976 2807 1030 97
2833 976 2898 1047 A]
2921 980 2956 1044 ).
2982 978 3163 1047 Neque
3192 983 3604 1046 praetereundum
3628 993 3701 1035 est
3727 991 3861 1050 quod
3890 996 4017 1038 tum

765 1067 887 1122 aliis
916 1069 1251 1130 testimoniis,
1290 1076 1397 1120 tum
1433 1067 1622 1120 Isidori
1648 1068 1970 1135 potissimum
2012 1066 2229 1132 epistola
2272 1068 2341 1119 ad
2386 1067 2640 1136 Cyrillum
2684 1070 2809 1121 data
2844 1069 2954 1133 (lib.
2994 1086 3065 1133 ll,
3103 1087 3184 1138 ep.
3220 1071 3343 1141 127)
3367 1113 3382 1137 ,
3415 1072 3730 1126 Emmanuel
3762 1093 3793 1128 a
3826 1072 4020 1130 Schei-

758 1166 923 1212 strate
944 1158 999 1209 in
1023 1157 1358 1225 Antiquitate
1400 1154 1654 1209 Ecclesiae.
1684 1154 2155 1208 dissertationibus
2185 1156 2634 1209 tat-monumentis
2664 1158 2950 1225 illustrata,
2974 1159 3157 1223 volJI,
3177 1161 3302 1213 diss.
3339 1179 3389 1225 ν,
3419 1180 3537 1231 cap.
3567 1166 3619 1229 5,
3655 1163 3681 1234 ς
3718 1165 3761 1230 i,
3796 1184 3848 1233 p.
3874 1168 4012 1232 563,

758 1253 881 1319 369,
922 1254 1173 1315 ostendit,
1208 1249 1552 1319 metropolita:
1578 1249 1935 1303 Alexandrino
1974 1251 2029 1303 in
2071 1252 2305 1306 omnibus
2334 1253 2550 1325 Egypti
2579 1255 2853 1325 provinciis
2895 1260 3217 1325 presbyteros
3255 1258 3554 1325 ordinandi,
3576 1264 3928 1329 proscribendi
3956 1274 4016 1317 et

759 1346 1038 1400 abdicandi
1065 1346 1156 1413 jus
1190 1346 1346 1414 fuisse
1379 1352 1426 1396 et
1450 1351 1773 1413 potestatem.

718 1424 727 1431 ’
830 1436 1026 1501 Quibus
1054 1435 1299 1504 exemplis
1319 1476 1332 1499 ,
1366 1444 1420 1488 ut
1449 1435 1684 1504 equidem
1710 1435 1957 1499 arbitror,
1985 1436 2114 1489 satis
2146 1453 2397 1506 superque
2431 1438 2704 1507 probatum
2740 1446 2832 1502 est,
2864 1438 3057 1492 Isidori
3080 1437 3362 1494 Pelusiota'
3389 1444 3634 1510 epistolas
3666 1446 3898 1499 historia
3922 1464 3982 1499 ec
4001 1478 4022 1486 —

761 1532 1065 1587 clesiastica!
1095 1527 1236 1580 illius
1263 1529 1358 1582 arvi
1392 1528 1715 1582 studentibus
1758 1544 1946 1596 magno
1975 1544 2082 1580 esse
2104 1544 2249 1595 posse
2280 1531 2430 1595 usui,
2460 1548 2648 1602 easque
2680 1532 2941 1602 singulari
2978 1548 3078 1585 non
3110 1534 3353 1604 indignas
3377 1535 3551 1588 studio
3571 1539 3837 1590 habendas
3866 1553 4009 1590 esse.

766 1620 879 1675 Huc
923 1618 1159 1679 accedit,
1196 1617 1332 1684 quod
1372 1633 1521 1670 nemo
1550 1634 1729 1671 eorum
1771 1618 1859 1687 qui
1907 1618 2166 1686 hucusque
2193 1618 2255 1670 de
2283 1617 2483 1672 Isidoro
2526 1623 2839 1690 scripserunt
2870 1624 2968 1675 viri
3000 1625 3156 1688 docti,
3183 1624 3261 1677 vel
3299 1627 3422 1694 quia
3452 1626 3517 1678 ab
3551 1643 3727 1679 eorum
3761 1629 4022 1681 instituto

762 1715 865 1782 fuit
891 1713 1146 1773 alienum,
1180 1708 1261 1762 vel
1289 1708 1456 1762 aliam
1480 1708 1542 1762 ob
1576 1724 1790 1761 causam
1824 1716 1972 1759 tanta
2001 1706 2273 1776 diligentia
2296 1749 2309 1771 ,
2333 1720 2590 1777 quantam
2626 1729 2706 1765 res
2738 1713 2987 1781 postulat,
3017 1718 3080 1767 de
3105 1716 3216 1783 ejus
3246 1716 3376 1778 vita,
3413 1718 3620 1786 scriptis
3666 1728 3713 1772 et
3762 1720 4022 1772 doctrina

758 1804 941 1875 egerit.
997 1801 1292 1858 Consentiet
1341 1816 1541 1854 meeum
1572 1800 1661 1870 qui
1691 1808 2050 1867 perscrutatttr
2090 1815 2205 1869 quae
2238 1799 2619 1867 Tillemontius,
2652 1803 2787 1859 Hist.
2822 1808 2983 1871 eccl.,
3015 1807 3115 1860 vol.
3146 1808 3252 1869 XV,
3282 1826 3333 1876 p.
3367 1810 3432 1865 97
3466 1820 3514 1864 et
3558 1811 3688 1877 “9;
3722 1811 4023 1877 Dupinius.

760 1900 896 1954 Nov.
930 1904 1073 1951 auct.
1106 1895 1240 1949 eccl.
1276 1892 1572 1956 Bibl.,'vol.
1621 1890 1730 1954 III,
1763 1898 1914 1958 parte
1955 1905 2017 1952 tt,
2049 1905 2103 1957 p.
2153 1889 2321 1955 4-H;
2372 1890 2659 1957 Fabricius,
2693 1895 2793 1948 vol.
2819 1895 2883 1958 Χ,
2911 1913 2959 1964 p.
2987 1897 3117 1962 ‘78;
3164 1897 3477 1957 Ceillierius.
3510 1901 3652 1958 liist.
3682 1913 3826 1957 auct.
3860 1919 4022 1962 sacr.

763 2002 819 2050 et
848 1992 1004 2056 eccl.,
1035 1989 1136 2045 vol.
1168 1988 1321 2053 XIII,
1356 2004 1410 2057 p.
1450 1983 1747 2048 600-6i0;
1802 1982 2191 2049 Schraeckhaus,
2236 1985 2373 2038 Hist.
2426 1988 2582 2049 eccl.,
2629 1989 2731 2041 vol.
2779 1989 2951 2053 XVII,
3008 2007 3060 2059 p.
3117 1991 3416 2060 521-529;
3466 1994 3757 2049 Richardus
3802 1995 4020 2065 Simon,

762 2081 898 2136 Crit.
932 2086 1287 2135 commentat.
1322 2076 1390 2131 N.
1424 2075 1487 2129 Τ.
1524 2075 1678 2137 hist.,
1728 2090 1845 2143 cap.
1904 2074 1993 2135 2i,
2052 2091 2103 2142 p.
2137 2075 2433 2141 507-3”;
2476 2078 2966 2145 Rosenmuellerus,
3024 2082 3161 2135 Hist.
3230 2085 3458 2154 interpr.
3508 2086 3613 2141 LL.
3655 2086 3757 2142 SS.
3807 2088 3867 2141 P.
3936 2104 4024 2154 tv,

760 2168 1093 2240 p.180-215,
1127 2177 1175 2222 et
1205 2167 1565 2228 Heumannus,
1601 2164 1739 2217 Diss.
1773 2165 1838 2217 de
1870 2163 1996 2217 lsid.
2031 2163 2141 2218 Pel.
2172 2164 2399 2235 ejusque
2428 2182 2577 2237 epp.,
2610 2172 2872 2236 dixerunt,
2907 2188 3121 2242 quisque
3144 2174 3238 2227 alii
3268 2188 3360 2228 aut
3386 2179 3567 2243 paucis
3590 2195 3791 2232 omnem
3814 2181 3877 2233 de
3898 2181 4025 2249 ejus

761 2267 891 2331 vita,
923 2263 1133 2331 scriptis
1157 2269 1204 2315 et
1235 2259 1471 2313 doctrina
1497 2256 1914 2325 disquisitionem
1940 2255 2277 2320 absolventes,
2306 2267 2400 2311 aut
2426 2260 2488 2313 de
2510 2262 2588 2313 his
2616 2262 2765 2315 rebus
2791 2265 3015 2317 strictim
3041 2268 3591 2335 agentesattulerunt.

830 2358 933 2414 Sed
962 2375 1025 2411 ne
1054 2358 1168 2427 quis
1194 2356 1248 2407 in
1273 2354 1371 2406 hac
1401 2350 1832 2404 commentatione
1865 2350 2031 2419 magis
2058 2350 2329 2420 quidpiam
2362 2355 2591 2424 requirat
2616 2372 2775 2425 quam
2804 2358 2913 2425 ipse
2942 2366 3033 2411 aut
3060 2358 3198 2413 volui
3226 2370 3479 2429 praestare
3507 2373 3600 2417 aut
3633 2365 3810 2434 potui,
3848 2374 4026 2420 restat

762 2461 821 2506 ut
849 2454 913 2505 de
939 2449 1169 2503 instituti
1198 2447 1402 2500 ratione
1429 2445 1649 2499 breviter
1674 2444 1947 2497 disseram.

832 2542 960 2608 Qui:
982 2542 1109 2595 mihi
1139 2550 1249 2593 tum
1277 2556 1340 2593 ea:
1372 2538 1537 2605 ipsius
1570 2535 1786 2600 Isidori,
1820 2546 1926 2589 tum
1960 2553 2021 2590 eo:
2046 2537 2272 2592 aliorum
2304 2539 2530 2594 Patrum
2563 2544 2770 2613 scriptis
2801 2546 2862 2599 de
2883 2545 3027 2600 illius
3047 2548 3155 2601 vita
3180 2550 3539 2615 innatuerunt,
3568 2552 3621 2604 in
3649 2554 3821 2620 prima
3851 2570 4023 2623 expc-

761 2638 846 2691 sui
868 2633 1318 2690 commentationis
1348 2638 1518 2699 parte,
1552 2646 1714 2699 neque
1740 2630 1834 2681 hoc
1861 2628 1971 2681 loco
1994 2629 2279 2699 quidquam
2308 2632 2609 2685 addendum
2639 2646 2732 2688 aut
2769 2640 3163 2691 retractandum
3193 2649 3291 2693 est.

832 2726 1073 2782 Secunda
1103 2739 1221 2778 vero
1245 2725 1300 2775 in
1331 2730 1481 2791 parte
1498 2721 1559 2774 de
1580 2719 1773 2773 Isidori
1801 2720 2007 2787 scriptis
2037 2720 2278 2773 disserui.
2298 2720 2487 2792 Itaque
2514 2725 2764 2791 primum,
2788 2728 3067 2794 deperditis
3083 2730 3313 2797 ejusdem
3344 2733 3581 2801 operibus
3612 2746 3858 2805 accurate
3881 2752 4025 2789 enu-

764 2822 999 2884 meratis,
1030 2820 1095 2873 de
1116 2816 1457 2886 epistolarum
1487 2831 1600 2885 quae
1626 2815 1921 2883 superstites
1942 2822 2059 2866 sunt
2089 2815 2199 2867 dixi
2229 2816 2543 2871 editionibus
2574 2818 2893 2891 illarumque
2915 2838 3147 2875 numero.
3180 2824 3374 2876 Deinde
3405 2825 3703 2879 Heumanni
3729 2827 4021 2892 sententia,

764 2918 1037 2986 plerasque
1063 2911 1348 2981 specimina
1378 2924 1486 2963 esse
1510 2907 1837 2976 eloquentia,
1866 2909 1930 2960 iis
1962 2908 2218 2961 imitanda
2240 2949 2252 2973 ,
2283 2925 2408 2978 quos
2433 2909 2644 2963 haberet
2674 2928 2856 2964 earum
2892 2922 3076 2965 auctor
3113 2914 3243 2967 artis
3272 2916 3476 2968 dicendi
3507 2918 3789 2986 discipulos
3813 2962 3826 2982 ,
3859 2920 3935 2973 ita
3988 2941 4028 2976 a

752 3030 863 3073 me,
889 3017 1151 3081 praeunte
1169 3003 1530 3065 Schroeckhio,
1553 3003 1780 3072 refutatu
1801 3011 1899 3065 est,
1922 3012 1976 3054 ut
2009 3003 2250 3056 lectorem
2279 3020 2531 3073 quemque
2555 3007 2680 3058 meis
2701 3008 2971 3075 {auturum
2996 3024 3103 3059 esse
3127 3009 3363 3075 partibus
3391 3012 3661 3079 conﬁtear.
3688 3014 3815 3076 Quia
3837 3024 4027 3071 tamen

766 3101 1032 3174 refutatio,
1065 3113 1182 3151 cum
1212 3111 1296 3148 res
1328 3091 1585 3165 facillima
1613 3100 1739 3145 esset
1765 3092 2080 3160 dijudicatu,
2116 3108 2217 3143 non
2246 3094 2467 3146 multum
2500 3094 2692 3148 laboris
2720 3098 2902 3149 habuit
2930 3105 2977 3149 et
3006 3098 3346 3166 diﬂieultatis.
3381 3100 3495 3164 Quo
3517 3104 3683 3172 magis
3713 3106 4027 3162 mirandum

765 3206 858 3261 est,
887 3196 1024 3265 quod
1054 3192 1387 3248 Christianus
1420 3188 1723 3242 Fredericus
1751 3188 1814 3239 de
1842 3187 2081 3240 Matt/uri
2112 3188 2165 3239 in
2191 3188 2546 3242 admonitione
2586 3191 2649 3249 de
2695 3191 2896 3244 Isidoro
2942 3192 3209 3247 Pelusiota
3244 3197 3330 3265 (cf.
3359 3196 3493 3251 Nov.
3528 3214 3592 3251 ex
3646 3199 3807 3254 Joan.
3838 3200 4027 3273 Chry-

761 3298 896 3345 sost.
921 3286 1087 3357 cclog.
1113 3283 1219 3347 LII,
1248 3280 1556 3351 p.xv),ha:c
1572 3280 1774 3347 scripsit
1804 3278 1955 3332 verba
1988 3296 2006 3331 :
2040 3279 2325 3349 Plerasque
2355 3282 2579 3336 istarum
2608 3285 2955 3353 epistolarum
2988 3287 3141 3341 ﬁctas
3170 3303 3310 3351 esse,
3345 3290 3548 3344 dudum
3580 3294 3884 3348 docuerunt
3914 3296 4024 3355 viri

767 3380 931 3435 docti.
963 3377 1078 3441 Qua
1122 3377 1184 3428 de
1224 3389 1279 3426 re
1325 3380 1477 3425 caute
1532 3370 1796 3439 multoque
1838 3368 2023 3422 melius
2054 3368 2306 3435 iudicavit
2334 3373 2387 3424 in
2426 3371 2659 3427 Historia
2703 3391 2799 3428 sua
2853 3377 3201 3432 ecclesiastica
3237 3379 3603 3435 Weismannus
3632 3384 3770 3436 hisce
3798 3387 3969 3439 verbis
4003 3404 4024 3441 :

765 3475 919 3543 Quod
941 3473 986 3528 si
1019 3481 1197 3527 tamen
1245 3483 1434 3525 verum
1463 3475 1643 3531 esset,
1674 3464 1819 3534 quod
1845 3479 1971 3518 ven.
2004 3463 2353 3523 Heumannus
2381 3467 2684 3533 existimat,
2716 3470 2999 3540 scripsisse
3039 3473 3257 3541 quidem
3293 3473 3599 3542 huiusmodi
3629 3477 3885 3545 epistolas
3918 3479 4026 3533 isi-

764 3574 981 3634 dorum,
1015 3568 1108 3623 sed
1138 3580 1230 3620 eas
1258 3580 1317 3619 re
1347 3563 1463 3632 ipsa
1492 3576 1603 3615 non
1631 3559 1846 3614 misisse
1874 3558 1942 3612 ad
1971 3574 2233 3629 personas
2262 3560 2460 3630 quibus
2491 3562 2765 3632 inscriptae.
2794 3574 2940 3630 sunt,
2974 3580 3171 3636 magno
3199 3567 3265 3621 ad
3296 3568 3413 3622 hinc
3442 3569 3730 3625 scribenda
3760 3572 4022 3640 privatim

764 3665 953 3720 animo
981 3676 1118 3733 opus
1150 3674 1260 3714 non
1290 3656 1499 3712 fuisset.
1532 3650 1677 3725 (Vid.
1712 3652 1804 3707 cit.
1836 3652 1969 3706 diss.
2001 3653 2095 3707 ubi
2126 3654 2312 3709 multis
2340 3663 2396 3709 et
2436 3655 2663 3710 eruditis
2690 3657 2992 3712 rationibus
3020 3674 3119 3727 pro
3148 3675 3297 3714 more
3328 3661 3469 3715 hanc
3498 3662 3824 3732 hypothesin
3853 3679 4022 3718 exor-

766 3766 881 3814 nat.
910 3787 979 3798 —
1008 3755 1093 3826 Cf.
1129 3754 1340 3809 Weism.
1374 3751 1514 3806 Hist.
1545 3750 1705 3813 eccl.,
1735 3748 1838 3802 vol.
1862 3748 1918 3812 'I,
1950 3764 2002 3816 p.
2035 3747 2159 3813 Hi,
2184 3751 2267 3802 ed.
2298 3749 2427 3821 alt.)
2456 3779 2525 3790 —
2551 3750 2789 3821 Denique
2808 3752 3066 3821 plurimas
3106 3754 3298 3809 Isidori
3325 3757 3716 3827 epistolasmon
3747 3776 3807 3813 ea
3844 3761 4024 3829 forma

766 3863 872 3921 qua
895 3850 953 3902 in
979 3847 1129 3901 editis
1159 3860 1358 3899 excusa:
1387 3844 1492 3897 sint
1516 3840 1918 3910 exemplaribus,
1952 3838 2018 3891 ab
2050 3848 2263 3893 auctore
2282 3842 2503 3907 scriptas
2528 3858 2655 3905 esse,
2686 3844 2775 3897 sed
2809 3861 2841 3896 a
2884 3846 3151 3899 monachis
3174 3856 3441 3915 excerptas
3474 3848 3545 3901 ad
3574 3860 3809 3902 nostram
3852 3866 4025 3919 usque

768 3952 977 3999 atatem
1003 3940 1291 4011 pervenisse
1314 3980 1329 4003 ,
1358 3937 1579 4008 probare
1627 3936 1801 3989 conati
1836 3950 2037 3988 sumus.
2071 3933 2187 3997 Qua
2218 3942 2393 3987 tamen
2420 3936 2477 3987 in
2507 3952 2560 3988 re
2590 3952 2692 3988 non
2724 3940 2935 3991 omnino
2978 3956 3156 3993 verum
3193 3942 3439 3995 vidimus.
3470 3942 3822 4012 Reperiuntur
3853 3948 4021 4012 enim,

767 4046 824 4094 ut
847 4036 1103 4105 Reisigius
1140 4048 1280 4088 meus
1318 4048 1398 4084 me
1427 4031 1622 4091 docuit,
1652 4029 1789 4081 inter
1816 4027 2005 4081 Isidori
2035 4026 2282 4095 epistolas
2314 4043 2418 4080 non
2445 4027 2615 4080 solum
2644 4045 2760 4097 qua:
2807 4046 2839 4081 a
2887 4032 3152 4084 monachis
3182 4042 3456 4102 excerptaa,
3490 4051 3664 4089 verum
3693 4038 3852 4090 etiam
3901 4055 4024 4108 qua:

765 4129 833 4182 ab
879 4126 1071 4180 eisdem
1118 4123 1449 4191 interpolata:
1488 4129 1628 4174 sunt.
1660 4118 2007 4184 Quamobrem
2046 4134 2162 4189 quae
2208 4120 2345 4173 inter
2386 4120 2651 4187 epistolas,
2685 4137 2800 4190 qua:
2828 4122 2905 4175 bis
2928 4124 2983 4174 in
3009 4124 3389 4192 exemplaribus
3421 4129 3555 4195 typis
3588 4145 3841 4197 expressa:
3871 4133 4022 4186 inve-

768 4219 1007 4280 niuntur,
1039 4216 1104 4269 ab
1134 4214 1335 4268 Isidoro
1368 4212 1596 4280 profecta
1629 4210 1694 4262 sit
1723 4207 2087 4276 dijudicaturi,
2122 4223 2399 4260 caveamus
2429 4225 2628 4262 necesse
2656 4218 2749 4270 est,
2782 4219 2838 4262 ut
2868 4211 3031 4264 ullam
3062 4222 3337 4281 propterea
3366 4216 3646 4283 genuinam
3676 4235 3783 4273 esse
3811 4230 4025 4275 statua-

759 4327 885 4365 mus
905 4351 918 4374 ,
952 4309 1200 4379 quoniam
1245 4304 1481 4373 pluribus
1523 4302 1850 4355 contineatur
1891 4301 2077 4353 verbis.
2109 4299 2233 4353 Hcce
2262 4302 2401 4353 enim
2429 4303 2494 4354 ab
2526 4303 2896 4368 interpolatore
2926 4314 3020 4357 aut
3050 4306 3334 4376 glossatore
3362 4321 3575 4375 possunt
3611 4329 3718 4365 esse
3761 4316 4021 4385 profecta.

768 4401 929 4469 Cujus
958 4399 1229 4465 sententiis
1256 4397 1523 4450 veritatem
1570 4393 1842 4461 perspiciet
1883 4392 2025 4445 haud
2071 4392 2246 4456 dubie,
2277 4394 2368 4460 qui
2394 4393 2587 4446 Isidori
2619 4394 2824 4449 litteras
2872 4395 3009 4449 infra
3033 4414 3064 4449 a
3100 4415 3181 4451 me
3212 4400 3264 4451 in
3297 4403 3521 4456 medium
3550 4406 3787 4473 prolatas
3818 4418 4025 4464 attento

769 4492 1044 4565 perlegerit
1075 4490 1272 4543 animo.
1306 4487 1532 4548 Etenim,
1565 4494 1621 4538 ut
1645 4485 1780 4537 idem
1811 4484 1899 4536 ille
1927 4483 2186 4553 Reisigius
2215 4484 2507 4551 intellexit,
2540 4488 2594 4540 in
2618 4488 2711 4541 illa
2743 4506 2859 4559 quae
2887 4500 2961 4543 est
2993 4492 3115 4546 libri
3141 4497 3353 4547 secundi
3382 4498 3603 4565 epistola
3632 4500 3889 4569 glossator
3919 4507 4021 4557 ad-

726 4584 736 4597 ’
769 4589 901 4643 didit
943 4584 1174 4656 primum
1206 4591 1261 4636 ut
1289 4582 1349 4635 τὸ
1372 4579 1619 4651 ἱερᾶσθαι
1665 4578 1949 4647 explicaret
1975 4620 1988 4643 ,
2017 4578 2171 4631 verba
2198 4579 2288 4632 τὸν
2313 4580 2365 4633 δο

2381 4580 2574 4635 κοῦντα
2604 4578 2741 4636 εἶναι
2777 4585 3145 4657 πρεσϐύτερον
3164 4603 3176 4617 ·
3209 4589 3395 4643 deinde
3423 4594 3813 4661 perspicuitatis
3854 4612 4020 4652 causa

769 4692 1056 4747 pronomen
1098 4673 1264 4727 αὑτόν
1289 4672 1551 4741 ascripsit,
1582 4672 1819 4739 idemque
1849 4686 1941 4737 pro
1970 4671 2365 4725 ἀντεπιστέλλω
2400 4691 2408 4742 1

2400 4675 2571 4742 posuit
2611 4677 2901 4744 simplicius
2930 4680 3259 4750 deteriusque
3287 4684 3558 4754 φήσαιμι·
3593 4686 3834 4755 deinceps
3866 4706 4022 4758 μισο-

770 4772 1010 4841 πονήρου
1036 4764 1419 4834 interpretandi
1450 4780 1611 4817 causa
1641 4762 2044 4816 seholiastarum
2074 4779 2217 4816 more
2241 4764 2409 4816 addid:

2382 4764 2445 4816 lit
2476 4766 2569 4818 καὶ
2596 4767 2923 4834 φιλαγάθου,
2954 4779 3112 4838 atque
3151 4774 3375 4837 εἰκότως
3417 4780 3753 4832 commutavit
3784 4798 3902 4834 cum
3938 4783 4021 4838 δι-

769 4864 962 4924 καίως.
1016 4860 1198 4916 Glossa
1256 4858 1392 4911 enim
1434 4857 1577 4925 apud
1606 4855 1914 4924 Hesychium
1945 4865 1992 4908 et
2022 4853 2245 4909 Suidam
2274 4865 2408 4909 easta

2382 4866 2444 4909 “at
2473 4872 2493 4911 :
2523 4858 2751 4922 εἰκότως
2776 4880 2852 4912 =
2873 4861 3112 4927 δικαίως.
3138 4864 3285 4919 Idem
3338 4866 3683 4936 interpolator
3736 4871 4021 4929 inculcavit

771 4957 919 5012 tativ
963 4964 1086 5008 ante
1113 4953 1279 5020 ἄξιος.
1308 4951 1448 5006 Nam
1477 4952 1613 5020 quod
1642 4952 1712 5003 ad
1740 4959 2029 5004 extremum
2058 4966 2151 5017 pro
2182 4951 2410 5021 turpare

2382 4950 2539 5022 ’ῳὸὦν
2567 4955 2793 5022 positum
2851 4966 2926 5010 est
2972 4959 3344 5029 ὲκκωμῳδῶν,
3383 4962 3589 5015 videtur
3630 4980 3693 5017 ea:
3744 4967 4021 5034 scriptura:

770 5048 1075 5103 diversitate
1116 5045 1406 5115 profectum
1434 5058 1576 5107 esse;
1614 5056 1733 5105 quia
1772 5049 1950 5093 autem
1980 5041 2210 5095 admista
2242 5042 2321 5095 διὸ
2352 5043 2448 5097 xui.
2475 5073 2545 5085 -—
2572 5045 2703 5108 Θεός
2730 5063 2851 5099 acer
2878 5050 3101 5118 forsitan
3128 5050 3520 5120 interpolatoris
3569 5056 3777 5109 animus
3832 5070 4020 5125 suapte

772 5146 955 5207 sponte
1009 5136 1249 5189 videatur
1304 5132 1558 5202 effudisse.
1599 5129 1661 5183 In
1718 5131 1969 5196 proximis
2026 5130 2256 5199 epistolis
2312 5140 2488 5186 autem
2530 5151 2564 5187 a
2608 5152 2690 5189 me
2718 5135 2897 5191 allatis
2928 5154 2990 5191 ex
3018 5138 3149 5191 libro
3178 5156 3231 5204 γ,
3265 5156 3345 5210 ep.
3377 5142 3501 5207 9.39,
3535 5152 3582 5196 et
3613 5160 3675 5196 ex
3702 5160 3778 5207 Iv,
3811 5162 3891 5215 ep.
3925 5147 4011 5205 56,

771 5230 1093 5299 interpolata
1155 5235 1229 5282 est
1284 5227 1429 5297 prior
1457 5224 1816 5278 additamenta
1840 5223 2110 5278 verborum
2144 5224 2279 5295 μετὰ
2310 5226 2370 5278 τὸ
2400 5246 2410 5278 τ

2400 5227 2815 5299 πρόληφθῆναι·
2867 5232 3170 5285 mutilatum
3214 5233 3439 5287 alteram
3489 5235 3701 5289 librarii
3738 5253 3911 5289 errore
3956 5241 4015 5292 in

783 5319 917 5390 μηδὲ
950 5318 1382 5385 καταδεξάμενος
1410 5316 1585 5386 arguit
1613 5312 1991 5366 sententiarum
2017 5314 2172 5367 ratio.
2203 5314 2370 5368 Antea
2397 5330 2422 5369 e

2397 5316 2534 5369 enim
2565 5317 2774 5370 videtur
2804 5320 3031 5387 positum
3062 5320 3220 5388 fuisse
3248 5322 3297 5373 οἱ
3328 5320 3383 5373 δὲ
3412 5322 3486 5392 μὴ
3514 5322 3829 5391 διδαχθῆναι
3850 5342 4014 5377 κατα-

781 5408 1079 5481 δεξάμενοι.
1114 5408 1347 5479 Denique
1374 5424 1535 5477 quam
1565 5406 1965 5460 commemoravi
1990 5406 2178 5461 €01.49
2208 5408 2486 5476 epistolam
2514 5409 2620 5463 27%
2651 5409 2771 5463 libri
2802 5427 2838 5474 l,
2873 5428 2989 5466 eam
3019 5422 3171 5481 putat
3204 5411 3458 5485 Ileisigius
3487 5426 3598 5482 post
3630 5415 3778 5468 illam
3808 5433 3921 5486 (μίαν
3939 5429 4013 5471 est

776 5500 897 5555 libri
930 5516 969 5566 1,
997 5499 1119 5561 303,
1151 5502 1401 5568 scriptam
1426 5516 1561 5564 esse;
1589 5515 1753 5569 quare
1782 5499 2031 5570 γέγραφα
2062 5516 2157 5569 pro
2184 5500 2415 5571 γέγραφε

1637 5515 1753 5552 tare
1782 5499 2031 5570 γέγραφα
2062 5516 2157 5569 pro
2184 5500 2465 5571 γέγραφας
2489 5520 2551 5556 ea;
2585 5520 2707 5557 mss.
2737 5507 3083 5559 revocandum
3115 5506 3276 5559 ducit.

841 5595 980 5647 Huic
1006 5603 1183 5647 autem
1212 5595 1351 5661 parti
1381 5595 1615 5649 secundae
1650 5603 1751 5647 tres
1782 5593 1963 5647 addidi
1993 5596 2299 5662 appendices
2330 5596 2438 5668 (a);
2477 5614 2701 5666 quarum
2729 5600 2782 5651 in
2826 5601 2997 5666 prima
3037 5600 3171 5653 inter
3206 5599 3493 5663 complures
3522 5599 3714 5654 Isidori
3745 5605 4007 5672 epistolas,

839 5720 1026 5834 (a)dEx‘
1058 5722 1133 5773 his
1158 5727 1439 5837 péimampet
1485 5728 1769 5788 secundam,
1804 5726 1919 5790 quia
1938 5726 2161 5780 addenda
2204 5734 2311 5780 crat
2343 5736 2627 5784 catenarum
2664 5746 2843 5783 recens
2883 5732 3124 5782 editarum
3157 5731 3374 5791 collatio,
3398 5732 3457 5783 ad
3489 5734 3670 5782 calcem
3696 5733 4008 5795 epistolarum

778 5796 918 5836 aman
955 5798 1154 5835 aVlmUS.
1227 5800 1317 5835 οιτ.
1396 5803 1503 5836 AT“.

957 5801 1154 5835 avtmus.
1189 5801 1317 5836 ινιτ.
1360 5801 1483 5836 ῐἈτῐὶ
1493 5825 1503 5835 .
