4150 6440
130 370 198 434 ιδ
1581 356 1996 425 ΓΙῖΕΡΑΤΙΟ.
3382 343 3450 408 ιι

131 505 251 556 με
283 499 333 542 et
371 485 426 541 in
457 487 695 541 editione
731 482 1038 538 Parisiensi
1065 496 1284 544 excusat,
1309 486 1356 532 et
1389 495 1418 530 a
1452 487 1760 530 catenarum
1818 475 2118 528 auctoribus
2171 473 2394 540 prolata:
2435 477 2579 533 sunt,
2622 483 2680 520 eo
2709 464 2930 520 consilio
2959 464 3203 519 instituta
3237 472 3313 514 est
3345 461 3450 512 coi-

141 552 296 637 talio,
331 590 384 631 ut
439 577 644 630 multas
694 574 937 643 ejusdem
979 571 1222 642 epistolas
1278 587 1308 620 a
1365 567 1773 635 descriptoribus
1804 566 1875 618 ad
1904 565 2116 618 verbum
2147 579 2250 617 non
2279 580 2388 616 esse
2414 562 2707 628 descriptas
2737 557 3070 629 probaretur.
3104 552 3240 608 Sunt
3270 567 3449 606 amem

147 673 378 730 allata.
411 687 529 740 qua
550 671 623 723 ad
657 685 849 722 manus
882 672 1047 737 fuere,
1080 667 1159 719 hte
1185 664 1412 719 Patrum
1441 662 1744 718 Crtecorum
1773 671 1975 714 calente
2004 677 2023 712 :

225 767 277 818 1.
310 763 485 831 rapa
525 763 672 828 ἑνός
711 763 810 814 καὶ
861 760 1241 826 πεντήκοντα
1267 754 1815 826 ὐπομνηματιστών
1859 757 1948 820 εἰς
1985 755 2102 821 τὴν
2136 751 2536 822 Ὀκτιὶτευχον
2559 751 2657 804 καὶ
2685 751 2757 804 τὰ
2785 747 2904 802 τῶν
2935 742 3290 806 Βασιλειῶν,
3332 740 3451 812 ἤδη

157 859 396 929 πρῶτον
451 861 670 924 τύποις
731 857 1084 920 ἐκδοθεῖσα,
1136 853 1378 919 ἀξιώσει
1418 861 1538 923 μὲν
1589 852 1921 922 Γρηγορίυυ
1985 850 2389 919 Ἀλεξάνδρου
2442 850 2674 915 ι’κίλια,
2717 847 3028 917 ἐπιμελείᾳ
3071 843 3140 897 δὲ
3186 841 3451 910 Νικηρόο

153 970 282 1020 μου.
321 950 443 1004 Vol.
477 952 521 1011 ι,
554 952 622 1005 ιι.
659 950 858 1019 Lipsize
891 950 1052 1004 4772.

227 1045 280 1098 9..
317 1045 602 1114 Expositio
634 1044 736 1097 PP.
769 1043 1078 1098 Grmcorum
1110 1043 1162 1097 in
1191 1039 1437 1095 Psalmos
1465 1056 1495 1093 a
1527 1039 1840 1092 Balthasare
1866 1037 2132 1094 Cordcrio
2163 1036 2514 1091 concinnata.
2548 1035 2818 1100 Antuerp.
2859 1030 3016 1084 1645.

229 1139 281 1191 3.
312 1138 518 1191 Catena
549 1137 864 1190 Grmcorum
895 1135 1000 1190 PP.
1035 1136 1088 1190 in
1119 1141 1338 1189 beatum
1368 1132 1471 1187 Job
1501 1131 1792 1187 collectorc
1822 1130 2010 1185 Nacta
2046 1131 2121 1183 in
2151 1129 2330 1183 lucem
2361 1127 2506 1182 edita
2536 1140 2699 1195 opera
2733 1133 2787 1178 et
2817 1122 2999 1177 studio
3030 1117 3250 1174 Patricii
3281 1115 3448 1170 Junii.

159 1224 329 1280 Laud.
368 1227 530 1280 1557.

222 1317 273 1370 4.
312 1317 588 1387 Symbolze
617 1315 929 1372 Graecorum
964 1315 1066 1369 Pl’.
1100 1316 1152 1370 iu
1202 1316 1520 1370 Matutaan
1552 1315 1764 1370 collatae
1795 1330 1823 1368 a
1855 1312 2178 1368 Baltlmsarc
2209 1313 2475 1369 Corderio
2505 1320 2561 1366 et
2590 1308 3037 1365 Petro'Possiuo.
3073 1306 3255 1360 Tolos.
3295 1302 3450 1358 1646.

158 1408 271 1463 Vol.
309 1409 351 1469 Ι.
387 1408 455 1461 Il.

219 1504 276 1558 5.
307 1504 522 1558 Catena
553 1503 658 1557 PP.
692 1503 1000 1560 Grecorum
1035 1504 1087 1557 in
1120 1503 1175 1558 S.
1208 1503 1475 1559 Joannem
1508 1506 1562 1558 in
1594 1505 1772 1560 lucem
1803 1504 1949 1559 edita
1980 1518 2010 1557 a
2042 1501 2222 1558 Baltb.
2257 1501 2550 1558 Cordcrio.
2584 1500 2855 1570 Antuerp.
2891 1497 3053 1553 1650.

216 1594 268 1649 6.
304 1595 574 1651 Cotelerii
605 1596 953 1651 Monumenta
987 1596 1241 1650 Ecclesia:
1271 1595 1492 1651 Graccm.

219 1683 631 1757 Conferentibus
660 1701 835 1743 autem
867 1691 1013 1742 nobis
1044 1707 1174 1758 quas
1209 1692 1383 1758 primo
1400 1700 1449 1744 et
1479 1700 1669 1760 quarto
1701 1691 1810 1744 loco
1843 1691 2237 1745 numeravimus
2266 1690 2491 1745 Patrum
2524 1698 2759 1752 catenas,
2782 1684 3122 1741 occurrebant
3155 1683 3454 1752 fragmenta

147 1777 214 1828 ab
247 1777 474 1832 illarum
508 1782 809 1835 auctoribus
841 1781 1046 1834 Isidoro
1077 1792 1249 1834 nostra
1280 1784 1533 1851 ascripta,
1569 1800 1684 1853 qua:
1707 1824 1722 1848 ,
1746 1800 1862 1838 cum
1893 1784 1986 1837 diu
2016 1784 2344 1854 multumque
2369 1785 2426 1838 in
2451 1782 2795 1854 epistolarum
2825 1779 2984 1848 hujus
3011 1775 3111 1830 uiri
3142 1770 3457 1828 editionibus

143 1871 358 1937 {rustra
389 1874 740 1941 qucesicerim,
774 1877 908 1943 typis
937 1874 1276 1942 exprimenda
1309 1877 1632 1929 curavimus.
1670 1876 1782 1930 Etsi
1813 1877 2054 1946 equidem
2085 1893 2188 1930 non
2218 1878 2592 1946 aﬂirmaverim
2624 1892 2688 1930 ne
2719 1890 2882 1928 unum
2915 1873 3124 1942 quidem
3155 1869 3294 1922 inter
3343 1883 3458 1919 om-

139 1967 235 2018 nia
268 1967 389 2019 haec
416 1969 716 2036 fragmenta
749 1985 908 2039 neque
939 1970 992 2020 in
1025 1967 1214 2021 Isidori
1243 1969 1497 2038 epistolis,
1533 1987 1699 2039 neque
1726 1972 1872 2038 apud
1902 1971 2070 2024 alium
2099 1972 2406 2040 scriptorem
2437 1971 2690 2041 reperiri,
2723 1979 2906 2023 tamen
2935 1983 3053 2021 cum
3083 1965 3230 2019 illius
3257 1963 3456 2032 scripta

144 2069 366 2112 attento
415 2061 729 2130 perlegerim
781 2062 964 2114 animo
999 2050 1303 2120 identidem,
1338 2078 1502 2131 neque
1529 2063 1582 2115 in
1613 2065 1741 2132 ipsis
1771 2061 2084 2134 fragmentis
2114 2066 2253 2135 quod
2282 2065 2518 2134 ejusdem
2550 2064 2817 2135 cogitandi
2847 2070 2941 2116 aut
2969 2060 3230 2116 scribendi
3260 2058 3458 2111 rationi

143 2163 409 2220 repugnet
441 2155 747 2217 intenerim,
800 2153 953 2205 liceat
1011 2153 1136 2204 mihi
1169 2153 1347 2205 omnia
1378 2169 1439 2206 ea
1472 2153 1536 2205 ab
1565 2151 1772 2207 Isidoro
1798 2157 2032 2226 profecta
2065 2173 2174 2211 esse
2204 2155 2754 2220 tandiucontendere,
2787 2155 2916 2208 dum
2944 2152 3165 2206 meliora
3198 2166 3300 2208 non
3331 2149 3457 2203 edo--

142 2256 261 2300 ctus
293 2264 415 2301 sum
450 2266 481 2300 a
513 2265 797 2317 quoquam.
828 2279 894 2288 —-
923 2247 986 2301 In
1011 2249 1233 2300 secunda
1267 2264 1385 2300 vero
1414 2249 1572 2317 hujus
1603 2251 1772 2318 partis
1803 2251 2091 2321 uppendice
2120 2254 2428 2306 enumeravi
2460 2261 2674 2306 catenas
2698 2250 3027 2320 Petrumque
3052 2249 3314 2302 dictorum
3346 2244 3459 2322 syl-

143 2341 304 2410 logu
337 2343 444 2394 sive
477 2341 705 2410 eclogas,
740 2358 853 2409 qua!
886 2341 1118 2392 nondum
1173 2341 1325 2392 edita:
1353 2341 1408 2392 in
1438 2340 1759 2394 bibliothecis
1790 2353 2149 2408 asservantur,
2185 2345 2241 2396 in
2289 2343 2576 2413 quibusque
2613 2343 2805 2396 Isidori
2834 2349 3046 2396 exstant
3075 2349 3170 2393 aut
3201 2338 3454 2409 epistola,

143 2447 238 2489 aut
276 2437 634 2504 epistularum
665 2436 983 2504 fragmenta.
1010 2461 1074 2472 —
1105 2431 1166 2484 In
1201 2437 1354 2485 tertia
1387 2435 1629 2504 denique,
1662 2451 1780 2506 quae
1810 2436 1939 2489 mihi
1979 2436 2042 2489 de
2072 2437 2416 2504 epistolarum
2447 2437 2792 2490 innatuerunt
2833 2435 3098 2489 codicibus
3139 2433 3377 2503 exposui,
3409 2440 3460 2486 et

143 2528 434 2581 occasione
477 2529 601 2578 data
637 2544 688 2596 p.
725 2525 824 2579 145
853 2527 1128 2593 scriptura:
1159 2525 1513 2580 diversitatem
1549 2545 1574 2581 e
1604 2530 1778 2582 codice
1803 2527 2074 2594 Cudiano,
2101 2545 2254 2598 quem
2277 2545 2483 2582 summa
2516 2530 2807 2583 doctissimi
2835 2528 3020 2584 Eberti
3050 2528 3179 2582 mihi
3210 2525 3461 2581 concessit

146 2627 478 2688 liberalitas,
507 2629 786 2696 diligenter
814 2627 1082 2679 adnotavi.

223 2719 408 2772 Tertia
441 2731 620 2772 autem
655 2718 1106 2771 commentutionis
1125 2733 1268 2785 pars,
1307 2718 1362 2768 in
1388 2733 1492 2786 qua
1535 2716 1599 2768 de
1640 2714 1829 2768 Isidori
1861 2717 2040 2785 agitur
2069 2718 2347 2782 doctrina,
2381 2718 2438 2770 in
2475 2719 2580 2771 tria
2608 2726 2732 2787 apte
2760 2717 2924 2772 dividi
2953 2719 3123 2785 potuit
3151 2721 3352 2788 capita.
3395 2719 3464 2774 In

148 2813 331 2880 primo
363 2811 526 2874 enim,
559 2811 685 2878 quid
712 2808 798 2861 ille
820 2810 882 2862 de
911 2809 1238 2879 gravissimis
1262 2807 1592 2876 dogmatibus
1616 2808 1860 2871 senserit,
1895 2807 2227 2862 declaratum
2265 2817 2359 2872 est,
2389 2810 2464 2862 ita
2491 2811 2720 2878 quidem,
2761 2819 2817 2862 ut
2846 2811 3081 2878 primum
3108 2811 3236 2881 quid
3260 2812 3325 2865 de
3346 2813 3463 2881 fon-

147 2905 294 2954 tit-us
321 2901 595 2970 religionis
625 2898 956 2963 Christiania,
990 2899 1116 2968 quid
1145 2897 1331 2950 deinde
1354 2898 1419 2950 de
1443 2897 1573 2960 Deo,
1599 2906 1710 2949 tum
1737 2898 1863 2967 quid
1884 2899 1948 2950 de
1977 2899 2208 2952 consiliis
2234 2910 2282 2953 et
2313 2900 2568 2953 institutis
2590 2900 2780 2952 divinis
2801 2940 2814 2964 ,
2835 2917 2954 2970 qua:
2981 2902 3054 2954 ad
3075 2903 3348 2958 hominum
3369 2921 3463 2959 sa-

156 3001 323 3050 lutem
367 3010 468 3060 per
497 2991 680 3045 Iesum
720 2990 982 3046 Christum
1025 2991 1385 3058 reparandum
1427 2996 1704 3056 spectant,
1741 2989 1868 3057 quid
1901 2989 2125 3059 denique
2159 2991 2222 3042 de
2253 2991 2403 3044 rebus
2438 2990 2634 3060 futuris
2658 2993 2907 3045 statuerit
2937 2992 3047 3058 ille,
3080 2997 3340 3051 traditum
3369 2999 3458 3054 sit.

163 3090 238 3143 De
263 3088 461 3156 quibus
494 3084 731 3138 omnibus
761 3084 874 3152 ejus
901 3085 1214 3137 sententiam
1241 3091 1491 3136 accurate
1517 3081 1728 3150 quidem
1759 3083 2112 3150 exposuimus,
2130 3094 2287 3153 atque
2310 3083 2625 3153 gravissima
2656 3084 2892 3153 ejusdem
2922 3088 2986 3141 de
3005 3089 3187 3159 quovis
3215 3091 3472 3162 dogmate

175 3183 303 3233 ficta
352 3181 409 3230 in
440 3178 578 3229 notis
609 3176 742 3245 typis
784 3175 1122 3243 exprimenda
1170 3173 1506 3236 curavimus;
1549 3172 1640 3224 sed
1670 3188 1733 3224 ne
1765 3173 1924 3226 nimis
1957 3173 2112 3244 longa
2143 3174 2313 3227 omnis
2334 3173 2443 3227 hare
2461 3173 2609 3242 ﬁeret
2639 3174 2940 3245 disquisitio
2961 3219 2973 3242 ,
3007 3195 3172 3250 neque
3191 3180 3463 3249 judicium

159 3277 469 3336 adiectum,
504 3287 667 3339 neque
709 3269 949 3322 instituta
994 3276 1068 3320 est
1098 3284 1213 3320 cum
1257 3265 1486 3336 placitis,
1519 3281 1637 3335 qua:
1668 3264 1788 3318 aliis
1827 3265 2064 3333 ejusdem
2085 3268 2182 3319 ωυὶ
2211 3266 2466 3320 Patribus
2497 3276 2712 3337 accepta
2743 3269 2977 3339 fuerunt,
3012 3273 3366 3339 comparatio.
3393 3302 3446 3319 ν

159 3365 224 3422 II
254 3366 491 3420 secundo
517 3379 635 3416 vero
663 3362 816 3430 hujus
844 3361 1013 3430 partis
1042 3359 1211 3428 capite
1240 3358 1472 3411 diximus
1498 3358 1562 3410 de
1609 3356 1815 3409 Isidoro
1845 3355 2163 3427 apologeta;
2195 3357 2376 3425 itaque
2404 3358 2640 3427 ejusdem
2671 3369 2856 3414 contra
2886 3361 3136 3426 ethnicos,
3169 3361 3384 3418 Judteos
3413 3375 3463 3419 et

159 3456 436 3511 hereticos
483 3454 786 3523 disputandi
843 3453 980 3505 ratio
1030 3451 1213 3520 paucis
1273 3450 1548 3503 declarata
1596 3459 1690 3504 est.
1713 3480 1780 3490 —-
1812 3449 1874 3504 In
1907 3451 2061 3504 tertio
2087 3452 2311 3523 denique
2340 3453 2402 3505 de
2427 3452 2635 3507 Isidoro
2669 3454 2872 3524 egimus
2903 3453 3157 3511 librorum
3186 3473 3464 3512 sacrorum

160 3553 487 3618 interprete,
538 3559 695 3619 atque
745 3549 978 3619 pluribus
1029 3549 1249 3617 probare
1302 3548 1476 3600 conati
1534 3562 1716 3602 sumus
1773 3549 2047 3618 exemplis,
2095 3565 2217 3603 eum
2275 3564 2440 3620 neque
2487 3552 2700 3604 omnino
2747 3553 3122 3620 spernendum,
3168 3551 3464 3609 utiCroius

165 3616 486 3699 censuerunt
529 3649 576 3694 et
612 3616 1002 3706 ’IIeuinannus,
1028 3616 1191 3706 neque
1237 3637 1457 3707 dignum
1488 3652 1596 3690 esse
1642 3635 1887 3693 laudibus
1916 3616 2105 3708 quibus
2135 3655 2169 3693 a
2210 3616 2445 3708 Dupinio
2466 3679 2481 3704 ,
2517 3636 2729 3694 Simone
2848 3616 3277 3696 Rosenmuellero
3307 3657 3463 3698 exor-

169 3749 348 3798 utar.

239 3840 345 3896 Sed
372 3845 421 3898 si
450 3844 569 3914 quis
596 3845 729 3912 forte
759 3855 838 3893 me
864 3837 1228 3907 reprehendat,
1259 3835 1397 3897 quod
1428 3834 1618 3897 ethica,
1652 3846 1770 3902 qua:
1797 3828 1939 3882 dedit
1961 3826 2052 3880 ille
2080 3837 2368 3898 prtecepta,
2401 3829 2616 3882 omnino
2644 3827 2984 3898 neglexerim,
3015 3830 3060 3883 is
3087 3821 3354 3901 intelligat
3373 3848 3465 3886 ve-

173 3938 264 3990 lim
296 3952 381 3989 me
411 3934 700 4003 separatim
749 3931 954 4002 quidem
998 3929 1060 3982 de
1096 3929 1174 3982 his
1204 3943 1309 3980 non
1337 3927 1502 3996 egisse
1527 3965 1540 3989 ,
1571 3924 1660 3978 sed
1689 3923 1746 3975 in
1773 3934 2090 3990 unaquaque
2119 3921 2579 3975 commentationis
2609 3930 2780 3989 parte,
2813 3938 2932 3991 qua:
2962 3923 3032 3975 ad
3064 3940 3272 3977 morum
3299 3924 3465 3995 perti-

174 4039 333 4082 neant
356 4026 658 4079 doctrinam
679 4064 694 4088 ,
726 4033 992 4076 recurrere
1017 4018 1212 4074 Isidori
1234 4018 1458 4088 placita.
1484 4015 1596 4080 Quo
1613 4014 1838 4079 accedit,
1866 4021 1923 4064 ut
1953 4012 2042 4082 qui
2063 4011 2173 4066 htec
2189 4012 2243 4064 in
2261 4022 2491 4081 systema
2525 4013 2645 4068 velit
2667 4015 2903 4087 redigere
2921 4057 2937 4081 ,
2968 4032 3174 4070 omnem
3193 4017 3339 4072 haud
3364 4020 3464 4073 du-

167 4118 251 4172 bie
279 4117 584 4186 perditurus
617 4113 683 4166 sit
713 4127 943 4181 operam,
975 4126 1094 4162 eum
1118 4108 1375 4171 Isidorus,
1406 4123 1501 4176 pro
1530 4105 1736 4159 consilii
1766 4103 1976 4157 ratione
2009 4118 2133 4156 mox
2160 4103 2297 4156 hanc
2325 4104 2572 4158 uirtutem
2592 4145 2605 4170 ,
2641 4122 2763 4159 mea:
2791 4106 2974 4171 illaut,
3004 4123 3126 4162 mox
3168 4109 3461 4176 complures

177 4211 464 4278 miliarias
514 4223 621 4261 esse
663 4206 917 4259 docuerit.
946 4203 1207 4259 Ceterum
1237 4201 1407 4256 multa
1437 4216 1554 4270 qua:
1597 4200 1696 4251 huc
1725 4203 1964 4265 spectant
2007 4195 2190 4249 attulit
2213 4195 2466 4250 Neander
2498 4197 2553 4252 V.
2586 4197 2641 4253 γ.
2678 4200 2735 4252 in
2757 4197 2889 4251 libro
2915 4199 2979 4252 de
3005 4198 3210 4254 Joanne
3232 4199 3460 4271 Chryso-

175 4313 356 4365 ttomo,
395 4315 550 4369 opere
575 4313 679 4350 non
707 4296 877 4347 minus
907 4311 1066 4364 quam
1096 4293 1282 4346 veteris
1306 4291 1450 4344 illius
1473 4290 1570 4342 viri
1601 4288 1922 4358 cognominis
1949 4303 2133 4339 aureo.

243 4396 465 4452 Tantum
497 4392 666 4463 igitur
691 4395 889 4452 restat,
923 4396 978 4439 ut
1013 4390 1076 4439 de
1101 4385 1376 4452 scripturae
1405 4382 1707 4436 diversitate
1726 4420 1739 4443 ,
1769 4393 1886 4447 qute
1905 4418 1918 4441 ,
1956 4379 2043 4430 ubi
2074 4378 2257 4433 Graeca
2297 4378 2491 4432 Isidori
2517 4380 2672 4436 verba
2704 4397 2737 4434 a
2768 4382 2914 4436 nobis
2942 4382 3113 4438 allata
3147 4395 3304 4450 sunt,
3330 4388 3459 4443 dili-

179 4496 345 4558 genter
377 4488 642 4537 adnotata
694 4489 790 4540 est,
814 4491 984 4546 pauca
1013 4477 1272 4527 dicamus.
1307 4471 1481 4536 Quam
1517 4473 1630 4524 cod.
1662 4469 1798 4523 Bas.
1821 4469 2145 4536 scripturam
2186 4470 2484 4524 notavimus
2508 4511 2522 4536 ,
2561 4488 2624 4526 ea
2668 4489 2734 4526 ea:
2772 4474 2999 4528 editione
3030 4474 3456 4536 Βεειεηηηείαηα

181 4580 258 4650 (cf.
291 4595 343 4647 ρ.
373 4576 464 4647 57)
503 4573 736 4645 repetita
787 4578 883 4624 est.
926 4567 1150 4637 Reliqua
1189 4581 1255 4619 ea:
1304 4563 1453 4618 Petri
1508 4562 1716 4617 Possini
1781 4559 2164 4616 Collationibus
2193 4561 2511 4617 Isidorianis
2557 4565 2648 4635 (cf.
2681 4581 2736 4633 p.
2768 4565 2837 4620 39
2866 4577 2990 4635 etp.
3018 4567 3108 4638 40)
3143 4571 3458 4644 deprompta

174 4685 310 4734 mi;
331 4690 447 4740 σιω
469 4685 671 4726 mam
700 4667 894 4720 harum
918 4661 1262 4730 epistolarum
1293 4659 1574 4713 editionem
1605 4656 1814 4711 curanti
1843 4656 2092 4710 maxime
2123 4657 2266 4710 haud
2293 4656 2450 4710 dubie
2469 4668 2622 4711 erunt
2644 4659 2888 4714 utilitati.
2919 4661 3079 4718 Recte
3107 4667 3249 4721 enim
3283 4669 3374 4724 ille
3403 4671 3461 4724 in

174 4768 478 4838 ﬁdem",
512 4759 915 4830 Corriguntur,
945 4754 1152 4825 inquit,
1184 4767 1249 4807 ex
1279 4751 1367 4805 his
1394 4750 1592 4806 menda
1638 4749 2056 4804 innumerabilia
2075 4787 2089 4811 ,
2121 4749 2236 4804 veri
2266 4764 2378 4804 non
2407 4761 2570 4806 antea
2613 4752 2932 4824 introspecti
2976 4759 3302 4828 aperiuntur
3329 4779 3460 4819 sen-

165 4878 239 4920 m
261 4860 504 4920 auctoris
526 4897 544 4924 ,
580 4851 722 4910 nodi
755 4843 1158 4920 perplexissimi
1186 4843 1545 4906 extricantur,
1576 4840 1748 4896 multa
1790 4855 1920 4895 casu
1951 4841 2153 4895 omissa
2197 4850 2255 4895 et
2301 4841 2369 4896 ad
2399 4843 2734 4899 sententiam
2765 4850 3078 4906 necessaria
3109 4855 3454 4925 supplentur.

157 4961 261 5030 οπο
282 4980 401 5019 cum
430 4961 514 5016 ita
547 4955 694 5018 sint,
733 4957 794 5003 ut
821 4945 1018 5016 aliquis
1045 4942 1238 4999 Isidori
1266 4939 1518 5011 epistolas
1542 4941 1711 5030 denuo
1745 4939 1931 5030 edendi
1971 4939 2226 5007 suscipiat
2275 4955 2486 5008 munus,
2519 4943 2812 5010 optandum
2840 4953 2940 5014 est,
2969 4962 3092 5016 quo,
3126 4951 3175 5004 si
3199 4951 3309 5006 hate
3339 4968 3456 5009 mea

148 5027 331 5125 scriptio
361 5045 592 5122 aliquid
623 5036 824 5097 laudis
854 5039 1214 5103 consequetur,
1242 5030 1353 5100 ipse
1382 5031 1576 5100 fungar
1602 5027 1976 5082 lubentissime.

189 5196 447 5269 Scriptum
475 5181 662 5244 Halis
696 5185 891 5231 mense
917 5165 1204 5223 Februario
1234 5159 1629 5222 MDCCCXXV.
