4150 6432
804 373 870 441 19
1932 372 2597 439 COMMENTATIONIS
2629 367 2822 431 rans
2856 366 2905 430 Ι.

797 485 1051 541 facillime
1069 484 1272 555 possim
1302 483 1588 556 colligere;
1614 485 1704 541 sed
1728 501 1838 540 rem
1860 487 2048 556 paucis
2068 487 2366 542 absolvisse
2394 491 2439 544 Α
2471 480 2526 537 Si
2560 481 2879 550 imperator,
2911 473 3113 546 inquit,
3143 480 3195 527 te
3221 470 3422 544 oppido
3447 472 3516 528 ab
3546 470 3794 527 hostibus
3824 487 4055 526 summa

800 576 969 629 satius
996 573 1161 638 duco,-
1176 572 1358 644 itaque
1379 575 1593 646 Evagrii
1622 575 1696 646 (a)
1723 584 1844 630 utar
1859 577 2060 641 verbis,
2078 577 2170 646 qui
2195 590 2364 644 usque

2469 571 2520 625 vi
2549 576 2860 640 Oppugnato
2889 565 3247 636 praefecisset,
3278 577 3461 617 nonne
3492 571 3548 617 tu
3595 562 3832 618 hostium
3858 561 4055 632 impe—

799 665 957 729 adeo,
1005 665 1200 734 inquit,
1243 681 1441 736 corpus
1471 680 1626 720 suum
1669 666 1948 721 laboribus
1997 674 2366 721 maceraverat
2467 671 2583 716 tum
2625 659 2772 715 omni
2829 656 2992 713 modo
3044 656 3342 726 reprimere
3400 656 3680 710 tentares?
3717 654 3808 708 Sic
3858 668 3962 722 ego
4016 667 4054 706 ι

805 753 1114 826 (Isidorus),
1141 763 1197 810 et
1221 755 1460 810 animum
1492 754 1902 811 sublimioribus
1937 754 2197 811 doctrinis
2223 754 2364 824 sagi-

801 853 1049 912 naverat,
1100 856 1160 901 ut
1210 846 1507 917 angelicam
1560 847 1725 901 vitam
1789 854 1991 918 ageret,
2048 852 2104 900 et
2151 845 2364 915 spirans

800 938 1047 1007 quaedam
1099 938 1274 1009 imago
1316 947 1460 993 esset
1507 948 1613 993 tam
1663 939 1787 994 vita
1817 937 2152 1003 monasticae,
2199 951 2361 1008 quam

801 1027 998 1083 divinas
1027 1027 1519 1098 contemplationis.
1548 1056 1611 1068 —

867 1117 1056 1187 Neque
1104 1119 1278 1172 solum
1322 1126 1544 1188 propter
1591 1116 1714 1170 vita:
1749 1116 2112 1194 sanctitatem,
2171 1130 2360 1170 verum

799 1209 963 1264 etiam
985 1218 1205 1279 propter
1235 1208 1495 1264 doctrinae
1525 1208 1733 1276 copiam
1772 1207 1840 1260 ab
1865 1208 2161 1278 aqualibus
2198 1207 2363 1262 hono-

798 1307 949 1349 ratus
980 1304 1078 1359 est,
1115 1295 1400 1364 magnique
1442 1294 1757 1348 aestimatus.
1789 1294 2003 1348 Etenim
2046 1294 2359 1365 Gregorium

797 1380 1099 1451 Nyssenum
1144 1381 1352 1434 litteras
1398 1380 1500 1450 ipsi
1543 1381 1753 1438 misisse
1781 1397 1847 1436 ex
1869 1397 2041 1452 eoque
2072 1384 2359 1452 quamdam

799 1463 1013 1520 Veteris
1090 1463 1423 1522 Testamenti
1489 1467 1990 1539 interpretationem
2047 1471 2359 1540 quaesivisse

799 1555 1174 1611 'I‘illemontius
1203 1558 1274 1628 ('b)
1301 1574 1365 1612 ex
1391 1559 1636 1628 epistola,
1659 1575 1778 1628 qua:
1806 1560 1928 1614 data
1957 1569 2040 1615 est
2065 1562 2132 1616 ad
2154 1560 2358 1632 Grego-

798 1647 937 1701 rium
966 1647 1278 1716 episcopum
1308 1648 1400 1719 (c),
1426 1649 1654 1720 collegit.
1682 1649 1837 1716 Quod
1865 1651 2074 1705 etiamsi
2111 1651 2356 1706 luculen-

799 1748 881 1790 ter
913 1737 1269 1792 demoustrari
1298 1741 1508 1808 nequit,
1550 1748 1730 1794 tamen
1764 1756 1861 1795 cur
1887 1751 2114 1811 negetur
2139 1757 2354 1796 causam

2466 766 2679 807 summo
2726 749 2838 803 Deo
2867 747 3126 802 Ecclesiae
3174 754 3474 816 praeceptor
3523 746 3850 799 constitutus
3903 743 4054 796 Ario

2464 840 2689 909 ejusque
2705 839 2968 892 doctrina:
2987 835 3350 890 resistendum
3375 844 3429 888 ct
3455 834 3754 904 periculum
3780 832 4053 901 quodque

2464 927 2927 983 contemnendum
2959 939 3079 979 esse
3110 924 3366 977 arbitror.
3404 952 3474 963 —
3516 923 3681 976 Porro
3723 921 3928 976 Heroni
3959 921 4051 990 (ι)

2464 1017 2790 1072 scholastica
2819 1016 3030 1078 scribit,
3078 1015 3337 1068 famulum
3386 1015 3506 1082 ejus
3545 1013 4054 1082 nuperajauitoro

2463 1108 2530 1162 ad
2562 1122 2620 1160 se
2643 1106 2889 1171 ductum,
2920 1113 2977 1159 et
3006 1105 3264 1166 humano,
3289 1118 3397 1172 quo
3429 1104 3645 1167 soleret,
3678 1117 3829 1156 more
3873 1115 4054 1156 exco-

2465 1209 2612 1269 ptum
2637 1199 2819 1252 multis
2849 1212 2971 1251 cum
3003 1196 3255 1267 lacrymis
3287 1195 3622 1265 genibusque
3653 1194 3825 1254 ﬂexis,
3869 1207 4051 1247 suum

2463 1289 2768 1344 confessum
2788 1302 2907 1341 esse
2925 1296 3235 1356 peccatum;
3259 1284 3612 1355 quamobrem
3635 1299 3694 1338 se
3713 1299 3821 1336 non
3847 1297 4047 1351 posse,

2461 1381 2592 1450 quin
2617 1380 2763 1434 hisce
2778 1378 2974 1431 litteris
2990 1392 3086 1447 pro
3105 1392 3170 1430 eo
3194 1392 3382 1445 preces
3406 1375 3586 1430 faciat.
3602 1405 3670 1416 —
3692 1375 4050 1441 Quibuscum

2461 1473 2801 1529 conferendas
2855 1479 2981 1525 sunt
3026 1470 3217 1523 litterae
3264 1470 3331 1522 ad
3379 1469 3574 1523 Lucam
3626 1465 4053 1522 Archimandri-

2461 1574 2570 1620 tam
2602 1563 2687 1631 (Ι),
2733 1561 2817 1616 cui
2845 1561 3169 1615 monachum
3202 1575 3266 1612 ex
3296 1561 3415 1628 ejus
3443 1559 3770 1612 monasterio
3795 1559 3848 1610 in
3869 1572 4050 1610 suum

2459 1654 2674 1708 venisse
2699 1654 2937 1712 nuntiat,
2967 1651 3226 1720 illumque
3265 1650 3561 1719 supplicem
3588 1664 3615 1701 a
3655 1664 3712 1702 se
3747 1648 4045 1718 petivisse,

2461 1754 2524 1800 ut
2553 1745 2716 1798 verba
2765 1758 2864 1813 pro
2912 1757 2988 1804 se,
3041 1741 3130 1810 qui
3183 1741 3301 1795 leve
3344 1740 3613 1810 quoddam
3666 1738 4049 1794 commisisset

797 1842 907 1880 non
937 1827 1453 1898 video;pr:esertim
1478 1845 1599 1885 cum
1625 1832 1712 1902 qui
1737 1833 2023 1886 maximam
2054 1833 2108 1886 in
2122 1833 2356 1889 Ecclesia
2388 1823 2431 1877 Β
2458 1847 2758 1906 peccatum,
2790 1835 3010 1888 faceret.
3053 1834 3416 1903 Quapropter,
3449 1833 3521 1887 ita
3567 1833 3711 1886 enim
3747 1832 3949 1901 pergit.
3989 1831 4045 1885 si

801 1918 1041 1972 habuere
1085 1921 1483 1984 auctoritatem,
1514 1922 1664 1976 velut
1705 1923 2058 1992 Theophilus,
2104 1923 2352 1994 Cyrillus,

798 2007 1168 2080 Hermogenes
1213 2011 1409 2080 aliique
1437 2028 1559 2066 cum
1604 2028 1669 2067 eo
1699 2029 1796 2083 per
1851 2013 2060 2068 litteras
2103 2017 2353 2070 collocuti

796 2098 904 2152 sint
950 2100 1048 2169 (ά).
1091 2101 1315 2155 Constat
1351 2101 1486 2156 adeo
1529 2102 1786 2172 Cyrillum
1842 2105 2142 2160 honoriﬁco
2189 2108 2356 2174 patris

793 2189 1014 2245 nomine
1045 2191 1306 2247 Isidorum
1328 2208 1552 2248 ornasse
1573 2194 1667 2264 (ε).
1691 2193 1852 2259 Quid,
1871 2195 2014 2262 quod
2038 2211 2101 2250 ex
2129 2196 2354 2266 epistola

793 2279 861 2332 ad
897 2279 1194 2347 Zenonem,
1235 2299 1393 2352 quam
1432 2284 1533 2337 alia
1572 2285 1854 2339 occasione
1880 2286 1988 2355 jam
2039 2286 2350 2351 attulimus,

794 2369 1088 2427 familiares
1130 2373 1247 2442 ejus
1271 2389 1355 2437 eo,
1397 2389 1503 2444 quo
1533 2375 1711 2430 adhuc
1740 2375 1881 2429 inter
1911 2377 2062 2431 vivos
2089 2376 2188 2432 fuit
2215 2387 2353 2432 tem—

793 2476 946 2530 pore,
977 2477 1084 2524 res,
1125 2463 1322 2532 quibus
1357 2479 1487 2518 usus
1519 2473 1662 2529 erat,
1699 2463 1952 2520 habuisse
1988 2477 2356 2522 sacrosanctas

794 2554 1010 2622 probari
1043 2563 1218 2622 potest
1245 2555 1332 2623 (Γ).
1378 2585 1446 2595 -
1465 2553 1596 2619 Quae
1617 2555 1817 2617 omnia,
1851 2563 1909 2608 ut
1938 2556 2186 2620 equidem
2210 2556 2354 2611 arbi-

794 2653 929 2708 tror,
955 2644 1294 2713 perpendens
1308 2643 1628 2712 Ephraemus
1648 2643 1812 2715 Syrus
1835 2644 1907 2714 (g)
1922 2686 1935 2709 ,
1961 2646 2348 2716 Περίὸλεπτος,

794 2734 889 2791 ait.
927 2733 1098 2787 factus
1129 2743 1230 2798 est,
1254 2735 1346 2787 ml.
1377 2738 1487 2797 τοῖς
1517 2734 1861 2805 ἀρχιερεῦσιν
1889 2736 2186 2806 αἰδέσιμος.
2222 2737 2353 2802 Quae

792 2826 957 2878 verba
977 2825 1233 2880 Schottus
1260 2825 1497 2893 quidem,
1530 2827 1604 2880 uti
1625 2827 1734 2895 jam
1762 2841 1792 2879 a
1824 2825 2083 2896 Basnagio
2107 2838 2353 2882 notatum

793 2926 872 2970 est
905 2917 1001 2987 (11),
1033 2931 1312 2985 perperam
1353 2917 1432 2969 sic
1460 2916 1660 2970 vertit:
1693 2927 1742 2969 et
1773 2918 1906 2968 inter
1941 2917 2190 2986 prwsules
2229 2919 2354 2971 illu-

793 3008 940 3070 stris,
973 3009 1124 3075 quasi
1165 3022 1306 3060 unus
1333 3006 1706 3076 episcoporum
1731 3007 1798 3061 de
1825 3023 1982 3078 grege
2031 3006 2222 3060 fuisset
2251 3006 2350 3059 Isi-

792 3095 976 3149 dorus.
1005 3094 1111 3160 Sic,
1143 3095 1316 3164 inquit
1347 3095 1456 3157 ille,
1489 3094 1673 3150 Graeca
1701 3097 1849 3150 reddi
1886 3097 2084 3151 debent
2110 3113 2123 3148 :
2153 3105 2201 3147 et
2227 3097 2335 3165 epi-

789 3189 958 3256 scopis
993 3188 1332 3242 uenerandus.
1368 3217 1438 3228 —
1463 3187 1763 3257 Episcopali
1787 3188 1947 3259 igitur
1973 3188 2238 3257 dignitate
2281 3187 2341 3258 (i)

791 3295 902 3333 non
933 3290 1156 3333 ornatus
1187 3279 1316 3344 fuit;
1368 3288 1603 3334 attamen
1659 3294 1781 3334 eum
1834 3295 2060 3334 munere
2113 3279 2345 3348 quodam

792 3370 988 3424 illustri
1019 3370 1262 3425 iunctum
1286 3370 1474 3433 fuisse,
1499 3380 1552 3424 et
1581 3371 1749 3440 ipsius
1771 3372 2014 3440 epistolis
2030 3381 2083 3424 et
2104 3380 2345 3424 veterum

791 3457 1113 3525 scriptorum
1156 3440 1477 3512 testimoniis
1514 3458 1568 3511 in
1614 3469 1865 3528 promptu
1911 3470 1993 3513 est
2034 3460 2345 3514 ostendere.

790 3547 864 3599 Ex
899 3546 1180 3600 illisenim
1206 3556 1428 3615 apparet
1451 3563 1573 3600 eum
1605 3548 1992 3602 monachorum
2041 3549 2188 3618 gregi
2233 3563 2344 3602 non

789 3636 955 3692 fuisse
981 3637 1295 3708 ascriptum.
1313 3637 1449 3691 Nam
1470 3638 1522 3691 in
1547 3639 1769 3708 epistola
1790 3639 1856 3692 ad
1885 3638 2204 3693 Therasium
2244 3641 2311 3708 (j)
2328 3682 2346 3706 ,

860 3797 935 3866 (a)
975 3795 1184 3867 Evagrii
1222 3798 1404 3861 verba,
1428 3828 1499 3839 —
1537 3797 1606 3852 cf.
1639 3797 1992 3867 ejusdrﬂist.
2027 3799 2148 3851 εδει.
2185 3799 2275 3850 lib.
2309 3814 2344 3863 l,

787 3881 905 3934 cap.
929 3867 1021 3930 15,
1050 3866 1531 3935 -ὲιηιηεοτίρεὶεεθ
1551 3867 1763 3920 videtur
1819 3866 2172 3934 Nicephorus.
2199 3868 2345 3920 Scri-

789 3937 866 3990 bit
903 3935 1130 4004 enim_in
1179 3935 1313 3988 Hist.
1347 3953 1442 3987 sua
1473 3937 1595 3990 eccl.
1638 3937 1728 3988 lib.
1765 3951 1870 3999 xlv,
1903 3952 2019 4004 cap.
2051 3939 2135 4001 55,
2181 3938 2291 3990 haec
2330 3955 2341 3989 :

798 4004 857 4057 '0
891 4005 988 4070 μὲν
1013 4000 1102 4056 οὖν
1138 4005 1276 4066 θεῖος
1324 4005 1608 4072 Ἰσίδωρος,
1658 4005 1714 4069 ἐξ
1767 4004 1844 4056 ἔτι
1877 4000 1994 4056 νέοὐ
2030 4010 2140 4068 τοῖς
2169 4007 2342 4073 ἀσκη-

788 4076 958 4135 τικοῖς
995 4073 1140 4125 ὀὕτω
1199 4075 1377 4142 πόνοις
1421 4075 1693 4139 ὲνίδρωσε,
1724 4074 1816 4124 καὶ
1847 4074 1944 4142 τὴν
1996 4075 2172 4140 σάρκα
2213 4091 2342 4127 κοιτ⁸

790 4143 967 4212 ἐτηξε,
987 4143 1082 4212 τὴν
1107 4141 1280 4264 illuxsz
1299 4143 1406 4204 τοῖς
1425 4142 1781 4208 ἀναγωγικοῐς
1804 4141 1996 4202 πιὰνας
2013 4145 2118 4194 τῶν
2145 4145 2338 4207 λόγων,

790 4213 863 4264 ὡς
897 4213 1180 4264 ἁγγελικὸν
1252 4227 1472 4264 ντικους
1518 4210 1790 4264 μετελθεῖν
1823 4211 1930 4264 Βίου
1954 4227 1965 4238 ·
2001 4213 2093 4263 καὶ
2143 4211 2338 4264 στήλην

789 4210 1192 4277 ὼεὰγγελικὸν
1216 4210 1472 4280 ἄντικρυς
1517 4210 1790 4278 μετελθεῖν
1821 4211 1930 4278 βίον
1954 4227 1965 4238 ·
2001 4213 2093 4263 καὶ
2143 4211 2341 4280 στήλην

788 4251 991 4344 (Giudi;
1013 4299 1070 4334 τε
1107 4281 1217 4350 καὶί
1242 4251 1480 4348 ἑμψυῗίοῖι
1513 4251 1610 4344 ξτ”ἦς
1635 4296 1730 4350 τε
1759 4251 2086 4349 mimus;
2133 4251 2340 4350 διαέττίς

790 4353 880 4402 καὶ
903 4349 1002 4420 ei;
1031 4353 1109 4412 εἰς
1133 4349 1262 4420 Θερν
1299 4349 1547 4420 Θεωρίᾳς.
1581 4348 1660 4402 (If.
1694 4348 1904 4402 Tillem.
1942 4351 1976 4402 Ι.
2008 4348 2058 4407 0,.
2092 4365 2145 4420 p.
2177 4351 2264 4405 98.

866 4367 932 4402 ιτ
976 4368 1002 4408 ς
1031 4367 1109 4412 εις
1133 4367 1262 4402 δεον
1299 4367 1508 4418 υεωριας

861 4367 1169 4487 (ωηΐὶηθιη.
1202 4418 1236 4472 l.
1272 4435 1308 4481 I,
1340 4434 1393 4481 ιι.
1421 4419 1508 4472 97.

864 4494 930 4552 (c)
968 4489 1084 4542 Lib.
1116 4505 1154 4553 ι,
1183 4503 1268 4555 ep.
1301 4487 1420 4540 125.

865 4559 939 4626 (ά)
974 4559 1090 4611 Lib.
1130 4573 1166 4620 I,
1223 4571 1309 4624 ep.
1366 4557 1488 4619 510,
1536 4573 1621 4627 ep.
1650 4556 1787 4620 3&3;
1817 4556 1911 4611 lih.
1948 4573 2007 4618 ιι,
2067 4573 2151 4627 ep.
2216 4558 2338 4623 908,

790 4643 877 4695 ep.
898 4627 1021 4686 209,
1044 4642 1132 4696 ep.
1163 4627 1287 4689 210,
1313 4642 1399 4695 cp.
1435 4627 1709 4682 218.—Ex
1736 4627 1852 4679 aliis
1867 4627 2105 4694 ejusdem
2142 4628 2238 4681 viri
2265 4629 2346 4681 lit-

790 4698 920 4752 teris
985 4695 1253 4765 videmus_
1291 4696 1581 4764 Cyrillum,
1645 4695 2032 4765 Hermogenem
2105 4698 2344 4765 aliosque

788 4766 1155 4832 rescripsisse.
1189 4763 1271 4819 Cf.
1301 4763 1390 4820 lib.
1424 4783 1462 4830 ι,
1497 4782 1582 4836 ep.
1621 4766 1743 4830 570,
1804 4763 1896 4820 lib.
1959 4782 2017 4832 ιι,
2075 4781 2161 4836 ep.
2223 4763 2342 4834 159,

790 4850 877 4904 cp.
910 4836 1032 4897 262,
1073 4847 1178 4888 etc.
1205 4864 1273 4873 -—

863 4906 930 4973 (ε)
965 4905 1101 4976 Lih._
1124 4921 1172 4976 ι,
1209 4920 1295 4976 ep.
1330 4905 1452 4976 570.
1483 4935 1552 4976 -τ
1581 4904 1688 4957 εἴτε
1726 4905 1851 4976 γὰρ
1877 4906 2058 4976 πατὴρ
2106 4908 2239 4974 εἰμι,
2271 4907 2344 4969 ὡς

789 4973 924 5042 ἔφης
951 5003 1020 5015 —-
1064 4973 1197 5028 Cod.
1229 4973 1354 5027 Bav.
1387 4975 1462 5036 ὡς
1494 4974 1595 5043 φὴς
1634 5005 1696 5014 -—-
1738 4973 1918 5034 αὐτὸς,
1956 4974 2101 5027 δέδια
2133 4973 2182 5030 τί.
2226 4977 2340 5030 Ἠλ.

788 5070 860 5113 -ε-
904 5043 1049 5098 Idem
1089 5045 1250 5098 tradit
1290 5044 1596 5106 Facundos,
1635 5043 1725 5113 qui
1760 5045 1812 5096 in
1838 5043 2145 5110 Defensio":
2188 5048 2344 5099 trium

791 5111 1168 5184 Capilnlorum,
1199 5113 1453 5178 Isidorus,
1490 5111 1764 5181 inquii,—
1788 5113 1877 5181 qui
1909 5114 2068 5184 etiam
2098 5131 2195 5184 pro
2225 5116 2344 5170 vita:

791 5197 854 5233 ac
877 5182 1160 5255 sapientia:
1194 5197 1303 5237 suae
1333 5184 1558 5245 meritis,
1612 5191 1670 5236 ut
1699 5190 1852 5255 pater
1880 5183 1948 5255 _a_h
1992 5182 2114 5255 ipso
2147 5185 2345 5255 Cyrillo

791 5260 845 5302 et
877 5253 1170 5304 honoratus
1199 5260 1282 5305 est
1332 5262 1385 5306 et
1405 5265 1645 5307 vocatus.
1681 5281 1748 5290 —
1782 5251 2020 5306 CLMax.
2043 5251 2205 5308 Biblf
2229 5255 2342 5308 VV.

793 5318 908 5391 PP.
926 5331 1054 5391 tom.
1081 5320 1145 5384 Χ,
1174 5337 1226 5391 p.
1262 5321 1346 5379 18.

866 5388 1066 5464 (DLib.
1099 5407 1134 5464 I_,
1167 5388 1254 5459 ep.
1276 5390 1402 5464 216,
1425 5420 1479 5464 —:
1517 5391 1564 5442 εἰ
1586 5391 1641 5444 δὲ
1668 5391 1762 5464 gul.
1786 5390 2099 5464 coactu/ise.
2126 5393 2344 5464 χιτῶνα)

790 5489 861 5501 ο-
881 5457 1014 5511 Ritt.
1048 5457 1268 5514 τοὺτών.
1293 5460 1425 5516 Cod.
1445 5459 1574 5514 Βίην.
1600 5461 1756 5512 τοῦτο
1782 5490 1850 5500 -
1879 5460 2092 5527 μέλλοις
2121 5457 2188 5501 ξ-
2212 5457 2341 5519 Cod;

791 5530 900 5584 Alt.
938 5529 1146 5597 μέλλεις
1168 5560 1235 5568 --
1261 5531 1332 5593 ὡς
1367 5531 1433 5582 τὰ
1451 5529 1559 5582 τῶν
1581 5560 1650 5570 -
1674 5530 1762 5583 Sic
1795 5531 1952 5584 codd.
1985 5529 2098 5583 Val.
2131 5533 2251 5589 649.
2293 5544 2346 5588 (δι

793 5599 902 5651 Alt.
934 5599 1094 5666 vulgo
1116 5600 1272 5652 τινῶν
1298 5630 1366 5640 —-
1389 5601 1558 5664 ἁγίων
1596 5602 1801 5668 τηρεῖν,
1832 5600 1930 5667 ἐμὲ
1984 5602 2079 5668 μὲν
2114 5604 2192 5664 εἰς
2213 5602 2346 5655 ἀπό-

791 5683 991 5738 γνωσιν
1007 5668 1321 5738 έξΟήσειῗςῨ-τ
1336 5669 1467 5738 βοά.
1488 5669 1591 5722 Alt.
1611 5667 1822 5738 Musa;
1849 5699 1907 5707 —
1937 5667 2154 5736 ἔλεγχον
2180 5674 2346 5738 suau-

791 5735 869 5806 τῷ
905 5765 969 5778 -ο
999 5736 1089 5790 Sic
1109 5735 1277 5790 'codd.
1309 5737 1424 5792 Val.
1456 5738 1577 5806 549,
1607 5747 1661 5795 et
1693 5737 1796 5792 Alt.
1829 5738 1970 5808 vulg.
2009 5735 2244 5808 ἐμά-ατοῦ
2277 5771 2345 5780 --

2456 1925 2509 1979 in
2530 1923 2786 1994 peccandi
2819 1925 3268 1978 consuetudinem
3301 1925 3544 1977 nondum
3577 1924 3744 1986 venit,
3776 1922 4044 1990 ignoscas

2455 2017 2525 2068 ei.
2549 2045 2621 2055 —
2659 2015 2899 2085 Apparet
2927 2025 3106 2069 autem
3141 2031 3208 2070 ex
3241 2024 3468 2083 utraque
3499 2014 3749 2084 epistola,
3774 2013 3865 2082 qui
3897 2027 4043 2083 pre-

2456 2106 2612 2160 cibus
2639 2106 2826 2160 lsiilori
2861 2105 3246 2160 monasterium
3275 2106 3508 2168 adirent,
3533 2120 3626 2158 eos
3653 2105 3717 2157 ad
3739 2104 3888 2159 hunc
3906 2118 4043 2159 esse

2455 2197 2734 2251 adductos.
2777 2197 2909 2249 Nam
2934 2197 2977 2249 si
3009 2196 3132 2264 quis
3163 2195 3434 2263 conjicere
3485 2195 3614 2248 velit
3666 2193 3944 2248 Heronem
3977 2203 4043 2249 et

2457 2286 2654 2340 Lucam
2689 2287 2943 2339 habuisse
2967 2302 3089 2338 cum
3123 2285 3328 2339 Isidoro
3356 2283 3646 2336 amicitiam
3667 2322 3682 2346 ,
3705 2282 3872 2350 quod,
3899 2297 4038 2336 cum

2456 2377 2741 2433 scivissem
2771 2376 2981 2446 fugitivi
3027 2376 3122 2436 illi,
3170 2391 3199 2429 a
3238 2375 3491 2444 janitore.
3527 2382 3586 2427 ut
3634 2373 3701 2427 ad
3754 2372 4040 2428 Isidorum

2456 2468 2856 2522 adducerentur
2885 2467 3234 2535 petivissent;
3275 2465 3365 2519 hic
3406 2465 3527 2531 jure
3569 2464 3621 2518 in
3657 2463 4037 2532 suspicionem

2452 2558 2682 2611 nimium
2713 2557 3014 2610 dubitantis
3045 2557 3370 2618 incurreret,
3409 2555 3706 2624 praesertim
3743 2570 3865 2608 cum
3898 2553 4041 2610 huic

2455 2645 2738 2716 lijpothesi
2777 2645 2996 2699 obstent
3027 2645 3190 2697 verba
3222 2645 3274 2696 in
3321 2644 3546 2712 epistola
3579 2644 3644 2697 ad
3691 2643 3966 2697 Heronem
4017 2661 4033 2698 :

2463 2738 2549 2800 Ὦς
2577 2738 2630 2790 δὲ
2649 2736 2838 2806 ἐτοῖμη
2863 2739 2894 2806 ἡ
2915 2735 3155 2806 ἡμετέρα
3179 2735 3434 2804 συνήθεια.
3458 2737 3664 2797 πάντας
3684 2733 3824 2786 οἴκοι
3857 2751 4037 2805 προσ-

2456 2826 2648 2891 ίεσθαι,
2681 2845 2733 2880 κ.
2764 2844 2816 2878 τ.
2842 2826 2891 2879 λ.

2523 2917 2653 2983 Quae
2693 2919 2873 2971 omnia
2928 2918 2972 2971 si
3019 2917 3113 2970 tibi
3176 2931 3285 2970 non
3329 2925 3717 2984 persuaserunt
3755 2914 4033 2971 Isidorum

2453 3009 2634 3077 aliquo
2670 3008 2914 3062 functum
2947 3008 3114 3061 fuisse
3158 3023 3407 3071 munere,
3445 3008 3590 3078 legas
3620 3024 3755 3076 quas
3803 3009 4036 3077 scripsit

2455 3099 2543 3152 ille
2574 3099 2641 3155 ad
2686 3099 3047 3168 Lampetium,
3082 3099 3148 3152 ad
3185 3098 3385 3153 Pelusii
3418 3100 3716 3154 monachos
3755 3100 3898 3172 etad
3928 3099 4033 3153 Di-

2445 3188 2663 3258 dymum
2700 3190 3074 3260 presbyterum
3107 3190 3384 3259 epistolas.
3412 3189 3620 3254 Quibus
3653 3191 3914 3260 perlectis
3956 3196 4033 3247 de

2449 3278 2549 3330 hac
2603 3293 2662 3330 re
2708 3278 2912 3332 diutius
2947 3278 3001 3332 in
3035 3279 3199 3333 dubio
3234 3296 3341 3332 non
3379 3281 3709 3334 versaberis.
3739 3281 4033 3349 Lampetio

2450 3367 2596 3420 enim
2634 3368 2934 3448 neminem,
2962 3370 3051 3437 qui
3080 3370 3130 3422 in
3165 3386 3264 3423 suo
3309 3369 3378 3422 sit
3421 3370 3773 3435 monasterio,
3797 3387 3924 3425 cum
3957 3388 4034 3428 eo

2456 3459 2501 3512 si
2534 3459 2702 3513 Manis
2735 3468 2790 3512 et
2821 3459 3111 3514 Marcionis
3141 3476 3348 3514 morem
3391 3470 3649 3530 sequatur
3673 3463 3858 3516 cibum
3902 3477 4033 3519 esse

2456 3559 2820 3618 sumpturum,
2862 3551 3148 3604 annuntiat
3197 3552 3403 3620 (m).—
3438 3552 3728 3608 Monachus
3759 3569 3906 3619 vero,
3957 3554 4032 3610 de

2452 3641 2648 3709 quibus
2695 3641 2851 3695 multi
2915 3643 3085 3696 multa
3129 3643 3306 3712 questi
3364 3643 3586 3699 fuerunt
3646 3647 4026 3715 reprehendit,

2449 3799 2563 3874 c-‘qv
2606 3800 2910 3874 συνείᾷησιν
2943 3800 3182 3874 Excute}
3233 3804 3393 3858 πάλιν
3444 3804 3501 3856 δὲ
3549 3804 3808 3874 πέμψας,
3861 3806 4030 3862 πάλιν

2452 3872 2719 3934 αἰτήσεις·
2747 3872 2908 3939 ἡμεῖς
2939 3870 2992 3921 δὲ
3015 3873 3072 3921 οὑ
3097 3872 3357 3939 δώσομεν.
3392 3905 3461 3915 -—-

2521 3939 2782 4014 Praeterea
2833 3942 3155 4014 notandum
3183 3952 3265 4014 est
3304 3943 3566 3996 Isidorum
3619 3943 3948 4014 Pelusiotam
3994 3964 4026 4002 a

2449 4005 2632 4061 Graeca
2657 4017 2711 4060 et
2737 4009 2923 4061 Latina
2955 4009 3190 4063 Ecclesia
3227 4013 3366 4065 inter
3393 4022 3608 4066 sanctos
3637 4005 3882 4077 relatum,
3914 4032 4024 4070 ne-

2446 4090 2551 4142 que
2583 4078 2650 4129 ab
2680 4077 2926 4151 Usuardo
2979 4079 3032 4130 in
3084 4091 3384 4134 sanctorum
3443 4082 3695 4151 Calalogo
3748 4086 4021 4142 omissum

2447 4160 2586 4219 esse.
2626 4176 2692 4184 —
2719 4146 2932 4219 Scripta
2961 4163 3111 4219 vero,
3142 4166 3259 4219 qure
3297 4152 3397 4203 huc
3429 4146 3722 4219 pertinent,
3765 4165 4022 4211 accurate

2449 4214 2670 4336 colliga
2737 4224 2864 4267 sunt
2919 4216 2974 4267 in
3030 4214 3172 4268 Actis
3216 4214 3528 4274 Sanctorum
3600 4214 3775 4276 mens.
3829 4223 4018 4292 Febr.,

2450 4298 2499 4336 Ι).
2646 4323 2658 4334 .

2520 4351 2591 4420 (g)
2619 4353 2791 4405 Photii
2827 4353 2965 4406 Bibl.
2997 4355 3117 4409 cod.
3152 4353 3476 4412 CCXXVIII.

2378 4407 2422 4461 ι)
2454 4491 2498 4500 “
2524 4407 2601 4486 iii)
2622 4423 2847 4500 Basnag.
2881 4425 3017 4479 Ann.
3039 4407 3556 4500 ρόιίέζέὲὲὶζξίόω.
3585 4427 3675 4496 tu,
3705 4446 3759 4500 p.
3794 4432 3916 4486 519.
3950 4465 4025 4477 .-

2454 4491 2757 4545 Heumann.
2796 4491 2848 4547 d.
2882 4509 2952 4550 c..
2984 4491 3114 4560 p.3,
3152 4504 3259 4548 not.
3294 4512 3341 4549 c.
3376 4529 3442 4538 -

2521 4563 2581 4635 (i)
2617 4563 2672 4635 In
2717 4563 3636 4635 catalogolibrorumimpressorum
3667 4570 4021 4629 Bibliotheca:

2449 4632 2972 4707 regi-.eParisiensis,
3018 4651 3068 4703 p.
3109 4651 3145 4688 ι.
3183 4636 3244 4687 (3.
3279 4632 3487 4701 ηξ929,
3531 4655 3651 4707 pag.
3680 4642 3800 4702 393,
3841 4653 4021 4698 exstat

2449 4700 2569 4753 libri
2607 4701 2814 4776 titulus,
2856 4719 2920 4776 ea
2965 4700 3093 4776 quo,
3141 4715 3413 4759 auctorem
3472 4700 3709 4776 putasse,
3753 4700 4017 4768 Isidorum

2450 4781 2694 4847 nostrum
2721 4771 2923 4847 Pelusii
2958 4773 3123 4847 fuisse
3143 4771 3485 4847 episcopum.-
3507 4781 3879 4847 consequitur.
3919 4783 4020 4838 Est

2451 4849 2630 4917 autem
2679 4841 2813 4917 hic_:
2853 4843 2922 4917 _Le
2959 4844 3158 4896 combat
3192 4841 3592 4917 desgtlhrétiens,
3628 4841 3704 4901 ου’
3735 4849 3788 4902 la
3830 4841 4018 4917 ῥητίνη

2451 4910 2520 4961 du
2547 4910 2652 4962 vice
2682 4919 2729 4963 et
2758 4912 2819 4964 de
2851 4912 2901 4964 la
2932 4923 3096 4975 verto,
3128 4915 3324 4968 traduit
3351 4917 3419 4968 (lu
3451 4908 3601 4972 Latin
3629 4920 3694 4972 dc
3720 4918 3776 4972 S.
3811 4908 4017 4977 Isidore

2451 4980 2802 5047 Archevéque
2823 4983 2890 5036 de
2920 4982 3136 5039 Séville.
3179 4991 3231 5036 et
3263 4984 3310 5037 la
3340 4985 3434 5038 Vie
3464 4987 3534 5039 du
3568 4989 3740 5042 meme
3767 4989 3921 5044 Saint
3944 5021 4017 5032 -—

2452 5064 2582 5129 avec
2613 5049 2689 5129 les
2718 5052 2902 5129 lettres
2945 5054 3011 5105 de
3028 5052 3096 5129 _S.
3123 5053 3339 5129 Isidore
3364 5055 3610 5129 Liv-eque
3635 5059 3727 5129 de_
3751 5059 4011 5129 Damiéte,

2453 5119 2714 5198 traiiuites
2741 5137 2804 5174 eu
2825 5123 3088 5198 francais.
3113 5121 3288 5198 faris,
3323 5125 3477 5189 1676,
3511 5119 3567 5179 in
3593 5128 3678 5180 ιε.
3712 5127 3892 5198 Ipsum
3916 5119 4016 5184 au:-

2455 5196 2558 5241 tem
2601 5189 2793 5243 librum
2825 5193 3144 5259 inspiciendi
3171 5193 3352 5249 deerat
3380 5198 3611 5252 occasio.
3653 5227 3721 5238 —

2523 5258 2585 5328 (j)
2630 5259 2814 5323 [λιι-1,
2846 5258 2930 5329 ep;
2959 5263 3078 5314 389.

2526 5329 2593 5390 (lt)
2623 5329 2739 5399 LiI).
2773 5348 2808 5394 ι,
2843 5347 2926 5399 ep.
2964 5333 3083 5386 ΗΞ.

2525 5399 2582 5462 (ι)
2619 5398 2732 5452 Lib.
2762 5416 2796 5466 I,
2832 5398 2917 5469 ep.
2945 5402 3066 5455 518.

2523 5469 2614 5546 (την
2649 5469 2762 5546 Lib.
2822 5487 2857 5534 ι,
2903 5486 2987 5538 ep.
3033 5471 3120 5524 52.
3151 5472 3352 5546 Graeca,
3415 5491 3532 5544 quae.
3585 5478 3691 5530 huc
3739 5479 4014 5546 pertinent

2452 5540 2649 5614 verba:
2670 5539 2949 5614 hazc_sunt
2981 5559 2993 5594 :
3025 5569 3094 5614 7-—
3133 5544 3180 5594 εἰ
3295 5545 3392 5610 τῆς
3434 5539 3838 5614 βόε).υκτῆς’--
3870 5549 4008 5606 Cod.

2454 5608 2560 5660 Ᾱη·
2593 5607 2848 5686 βδελρρᾶς
2889 5641 2963 5686 -_-_
2984 5613 3282 5686 Ma‘lrxaioy
3315 5607 3406 5666 κὰὶ
3437 5607 3776 5685 ¹Μαρκίωνος
3806 5619 4008 5686 τυγχά-

2453 5678 2851 5754 νειιςμμεριζδοςι
2877 5680 3048 5754 οὐ-δείς
3083 5678 3163 5732 σοὶ
3202 5683 3300 5750 τῆς
3347 5678 3618 5752 ἡμετέροις
3680 5678 4004 5754 συστήσεται

2457 5747 2691 5814 μάνδραις
2719 5778 2787 5788 —-
2818 5748 3064 5804 Profecto
3090 5747 3267 5805 autem
3293 5747 3397 5821 pro.
3422 5747 3741 5820 συστήσεται
3770 5747 3850 5810 vel
3881 5772 4003 5811 συσ-
