4150 6448
746 352 814 417 27
1872 345 2535 412 COMMENTATIONIS
2568 344 2766 407 PARS
2796 345 2826 407 Ι
2832 391 2846 406 .

3909 318 3993 384 98

744 479 853 521 sua:
889 462 1168 520 sententia:
1202 461 1379 517 favere
1410 460 1735 526 arbitratur;
1768 459 1820 513 in
1851 475 1957 528 qua
1994 460 2059 514 de
2090 457 2298 513 duabus
2327 462 2367 517 Α
2399 454 2657 519 montius,
2695 454 2819 509 data
2856 461 2941 507 est
2987 448 3051 505 ad
3101 446 3357 519 Cyrillum
3403 442 3825 499 Alexandrinum
3875 439 3998 510 qui.

744 557 799 611 in
846 554 1064 609 Christo
1095 552 1305 606 naturis
1337 551 1414 606 sic
1458 551 1692 620 loquitur
1720 549 1997 605 Isidorus:
2057 570 2076 601 ι
2125 548 2302 613 Quare

743 645 864 701 vide
896 660 962 698 ne
991 657 1155 697 unam
1180 652 1386 696 tantum
1412 651 1533 711 post
1558 641 1981 695 incarnationem
2014 641 2066 693 in
2089 638 2302 693 Christo

743 742 991 788 naturam
1027 732 1278 799 accipias.
1305 732 1632 783 Alterutram
1660 729 1804 782 enim
1836 728 1991 792 tollit,
2018 726 2107 796 qui
2140 741 2298 779 unam

744 831 949 877 tantum
972 821 1275 885 confitetur,
1306 819 1486 872 divina
1517 818 1720 873 scilicet
1740 828 1973 879 mutata,
2007 817 2089 870 vel
2120 825 2299 870 nostra

743 913 1044 967 imminuta.
1085 931 1103 963 ι
1156 940 1224 951 ——
1263 909 1407 964 Idem
1454 922 1647 979 quarto
1684 910 1803 965 loco
1848 907 2053 978 profert
2097 908 2299 976 episto-

742 1003 844 1056 lam
875 1002 950 1071 (a)
997 1002 1062 1056 ad
1092 1001 1388 1069 Cyrillum,
1440 1000 1503 1053 ad
1561 1014 1719 1069 quem
1762 999 1950 1052 scribit
2002 998 2240 1051 lsidorus
2282 1014 2295 1051 :

748 1113 765 1143 ι
785 1078 940 1157 Quod
971 1108 1098 1145 vero
1130 1105 1375 1145 summus
1394 1090 1633 1144 omnium
1667 1104 1846 1142 rerum
1866 1088 2121 1142 Dominus
2138 1090 2299 1142 homo

739 1200 863 1237 vere
885 1183 1057 1237 factus
1079 1190 1159 1235 cst
1180 1221 1193 1243 ,
1227 1195 1400 1249 neque
1430 1180 1497 1234 ab
1521 1194 1617 1242 eo,
1648 1179 1788 1247 quod
1811 1188 1945 1242 erat,
1973 1179 2295 1249 demigrans,

738 1288 911 1341 neque
948 1272 999 1325 id
1025 1313 1038 1336 ,
1074 1273 1213 1337 quod
1258 1288 1363 1325 non
1408 1280 1561 1335 erat,
1597 1287 1882 1330 assumens
1908 1312 1923 1336 ,
1971 1288 2034 1326 ex
2087 1274 2297 1327 duabus

737 1366 944 1417 naturis
976 1377 1115 1415 unus
1156 1361 1320 1414 Filius
1342 1362 1622 1426 exsistens,
1643 1373 1794 1416 ortus
1823 1379 1885 1417 ac
1918 1362 2039 1417 finis
2064 1380 2254 1432 expers
2277 1403 2293 1429 ,

736 1466 921 1505 recins
963 1459 1017 1504 et
1069 1452 1471 1519 sempiternus,
1523 1467 1592 1507 ne
1642 1453 1757 1523 ipse
1812 1454 2026 1523 quidem
2078 1456 2286 1509 inficias

735 1542 880 1595 ieris.
919 1562 936 1593 ι
986 1573 1056 1583 --
1094 1543 1331 1612 Denique
1362 1544 1429 1597 ab
1459 1545 1644 1598 eodem
1689 1544 1975 1598 laudantur
2011 1544 2195 1599 lsidori
2227 1547 2293 1599 ad

734 1632 1096 1688 Theodosium
1129 1636 1412 1689 diaconum
1436 1637 1641 1697 littera},
1667 1636 1718 1688 in
1739 1636 1936 1705 quibus
1959 1638 2070 1692 haec
2092 1640 2291 1707 scripta

736 1723 1078 1777 inveniuntur
1110 1743 1123 1778 :
1162 1744 1179 1777 ι
1211 1724 1343 1779 Nam
1374 1727 1471 1780 etsi
1502 1726 1591 1780 Dei
1621 1726 1790 1781 Filius
1818 1743 2035 1781 carnem
2078 1744 2289 1782 assum-

730 1809 853 1879 psit,
883 1809 1131 1866 Christus
1166 1821 1343 1867 tamen
1372 1830 1484 1868 non
1537 1830 1719 1869 merus
1764 1818 1925 1871 homo
1960 1818 2132 1872 factus
2167 1828 2285 1883 est;

729 1901 859 1969 quin
892 1902 1072 1969 potius
1101 1919 1226 1957 cum
1286 1904 1582 1958 humanum
1614 1906 1860 1961 indueret
1892 1923 2119 1976 corpus,
2152 1924 2291 1963 unus

728 1992 933 2046 CXSlilit
959 1994 1012 2047 in
1052 1994 1259 2049 duabus
1286 1997 1494 2049 naturis
1522 1996 1615 2051 Dei
1643 1999 1811 2053 Filius
1839 2000 1929 2067 (ὁ).
1962 2017 1981 2050 ι
2038 2024 2077 2043 -

798 2103 1056 2158 isidorum
1114 2107 1167 2160 in
1225 2108 1307 2161 his
1361 2109 1521 2163 modo
1562 2124 1593 2163 a
1640 2126 1723 2163 me
1762 2110 1936 2165 allatis
1976 2120 2161 2166 contra
2193 2127 2291 2169 eos

725 2190 944 2255 dixisse,
976 2193 1068 2261 qui
1097 2195 1179 2247 vel
1202 2196 1429 2249 duarum
1475 2206 1788 2252 naturarum
1820 2200 1875 2252 in
1908 2200 2123 2256 Christo
2153 2217 2282 2256 con-

730 2279 999 2334 fusionem
1041 2294 1094 2336 et
1120 2285 1273 2352 quasi
1316 2286 1623 2341 mistionem
1666 2297 1981 2354 statuerent,
2013 2290 2096 2344 vel
2123 2305 2287 2347 unam

726 2379 933 2425 tantum
986 2383 1341 2442 agnoscerent
1390 2376 1518 2429 Jesu
1568 2376 1767 2431 Christi
1809 2389 2077 2446 naturam,
2125 2398 2289 2437 nemo

723 2475 832 2515 non
859 2462 1027 2517 videt.
1048 2463 1249 2517 Deinde
1271 2467 1640 2536 unusquisque
1668 2470 2287 2527 concedet'l‘illemontio

723 2551 955 2620 aliisque
999 2554 1116 2621 ejus
1147 2555 1387 2623 opinioni
1446 2557 1772 2621 faventibus,
1817 2575 1939 2612 eum
1971 2562 2047 2614 sic
2083 2562 2151 2615 de
2201 2565 2285 2619 his

726 2644 886 2697 rebus
918 2643 1154 2696 locutum
1211 2660 1349 2710 esse,
1384 2656 1451 2699 ut-
1479 2647 1570 2715 qui
1618 2647 1846 2702 hreresin
1897 2650 2284 2722 Eutychianam

724 2732 975 2786 refellere
1022 2734 1167 2795 velit,
1203 2734 1343 2787 illius
1426 2736 1580 2790 dictis
1626 2748 1845 2806 optume
1876 2741 1953 2793 uti
1981 2744 2152 2809 possit
2187 2744 2281 2812 (c);

723 2836 901 2890 neque
928 2830 1106 2874 tamen
1139 2823 1262 2877 inde
1303 2826 1657 2894 consequitur
1680 2827 1939 2881 Isidorum
1988 2831 2055 2883 de
2119 2830 2285 2901 Euty-

721 2914 838 2967 chis
864 2915 1103 2967 doctrina
1124 2915 1173 2966 in
1193 2915 1295 2968 illis
1312 2916 1483 2984 egisse
1501 2918 1762 2986 epistolis.
1786 2918 1994 2972 Etenim
2016 2919 2285 2991 Eutyches

724 3019 916 3059 novam
938 3021 1043 3058 non
1070 3007 1297 3075 protulit
1334 3008 1655 3073 doctrinam,
1694 3010 1785 3063 sed
1812 3020 1935 3064 ante
1956 3027 2077 3065 eum
2132 3015 2282 3067 multi

2403 561 2545 600 anno
2603 545 2705 600 4H
2752 546 2892 599 diem
2960 556 3271 612 supremum
3333 538 3483 593 obiit.
3530 537 3667 605 Ergo
3713 534 3877 587 haece
3915 532 3976 584 in

2402 636 2623 705 epistola
2678 637 2912 690 leidorus
2956 635 3023 690 de
3076 632 3330 701 Eutychis
3380 629 3624 684 doctrina
3673 624 3816 693 loqui
3859 637 3973 675 non

2400 727 2594 796 potuit.
2640 727 2899 796 Exposuit
2930 734 3108 779 autem
3141 724 3195 777 in
3248 723 3333 775 illa
3363 720 3689 775 sententiam
3721 730 3870 769 suam
3898 711 3977 813 de

2401 817 2607 871 duabus
2667 819 2719 871 in
2769 816 2983 871 Christo
3020 814 3224 869 naturis
3281 814 3473 868 eodem
3523 811 3682 864 modo
3721 811 3975 873 atquein

2402 907 2618 976 reliquis
2664 922 2799 976 quas
2832 907 2919 959 ille
2974 904 3227 959 laudavit.
3260 902 3436 972 Quare
3465 900 3713 970 equidem
3762 894 3975 949 nullam

2399 1011 2614 1055 causam
2665 997 2841 1062 video,
2898 1011 2995 1050 cur
3058 996 3155 1049 has
3214 1007 3405 1047 omnes
3471 992 3673 1047 seriore
3723 994 3978 1056 tempore

2400 1089 2623 1157 scriptas
2651 1102 2769 1142 esse
2796 1086 3141 1142 statuendum
3177 1084 3263 1140 sit.

2466 1198 2569 1252 Sed
2599 1198 2651 1251 in
2685 1199 2768 1253 his
2796 1198 2956 1253 nobis
3004 1212 3113 1251 non
3141 1192 3593 1264 acquiescendum
3624 1198 3726 1255 est,
3773 1202 3977 1243 verum

2397 1288 2705 1351 videndum,
2730 1304 2857 1342 num
2885 1288 3045 1357 paulo
3068 1286 3369 1345 accuratius
3398 1300 3504 1353 quo
3526 1293 3765 1352 tempore
3802 1279 3984 1333 Isido-

2398 1394 2489 1432 rus
2546 1380 2704 1433 hasce
2756 1379 3032 1448 scripserit
3076 1378 3331 1447 epistolas
3386 1375 3611 1429 delinire
3670 1372 3972 1442 possimus.

2399 1467 2621 1536 Scripsit
2698 1478 2898 1535 autem,
2962 1470 3018 1525 ni
3076 1470 3246 1531 fallor,
3325 1483 3417 1522 eas
3478 1481 3667 1521 omnes
3718 1479 3803 1525 eo,
3858 1476 3980 1531 quo

2396 1558 2696 1613 Orientales
2750 1560 2987 1629 episcopi
3034 1574 3158 1614 cum
3218 1558 3416 1629 Cyrillo
3458 1557 3525 1611 de
3567 1554 3802 1608 Nestorii
3831 1568 3978 1607 con-

2395 1651 2737 1705 demnatione
2789 1661 2948 1720 atque
2998 1650 3065 1705 de
3121 1650 3329 1704 duabus
3378 1649 3433 1701 in
3483 1647 3702 1703 Christo
3752 1642 3979 1698 naturis

2394 1750 2687 1803 certarunt,
2742 1751 3000 1811 tempore.
3063 1739 3295 1795 Joannes
3369 1740 3514 1794 enim
3567 1736 3974 1799 Antiochenus,

2394 1832 2545 1899 cujus
2574 1846 2765 1900 magna
2818 1842 2932 1884 erat
2958 1831 3099 1899 apud
3137 1830 3373 1885 Orientis
3410 1831 3694 1899 episc0pos
3720 1826 3974 1882 auctori-

2394 1931 2495 1985 tas,
2531 1922 2708 1991 Cyrilli
2744 1930 2931 1975 contra
2980 1920 3283 1974 Nestorium
3330 1921 3674 1973 anathemata
3719 1917 3976 1988 Appolli-

2388 2009 2536 2063 naris
2596 2010 2895 2063 doctrinam
2945 2009 3189 2062 redolere
3245 2008 3559 2069 arbitratus,
3617 2008 3779 2062 simul
3836 2023 3973 2063 cum

2388 2096 2725 2153 Theodoreto
2760 2098 2977 2169 Cyrensi
3009 2098 3292 2153 etAndrea
3327 2100 3703 2164 Samosateno,
3727 2099 3820 2169 qui
3845 2098 3974 2167 jam

2387 2197 2511 2243 ante
2558 2191 2845 2244 concilium
2891 2192 3223 2255 Ephesinnm
3259 2199 3447 2244 contra
3496 2192 3806 2259 episcopum
3834 2190 3973 2245 Ale-

2386 2281 2707 2335 xandrinum
2759 2282 3106 2349 scripserant,
3159 2282 3303 2335 hunc
3359 2281 3587 2335 duarum
3644 2281 3697 2340 in
3742 2282 3973 2337 Christo

2386 2384 2700 2427 naturarum
2742 2373 3047 2427 mistionem
3085 2380 3140 2426 et
3175 2374 3549 2426 confusionem
3590 2372 3839 2427 docuisse
3870 2389 3969 2427 ar-

2386 2465 2640 2535 guebant.
2691 2463 2843 2528 Quod
2891 2464 2990 2517 etsi
3037 2464 3125 2517 ille
3156 2465 3301 2517 omni
3334 2465 3511 2518 studio
3560 2481 3588 2518 a
3640 2479 3697 2518 se
3744 2464 3965 2519 amoliri

2387 2564 2610 2609 conatus
2660 2554 2911 2607 Eunomii
2950 2564 3004 2607 et
3048 2554 3373 2622 Apollinaris
3420 2556 3723 2609 doctrinam
3768 2557 3965 2610 falsam

2386 2654 2568 2713 aperte
2591 2644 2899 2709 declaravit,
2932 2644 3305 2712 Isidorumquc
3343 2660 3452 2698 non
3489 2646 3557 2699 ab
3594 2644 3958 2700 Orientalium

2385 2735 2627 2805 partibus
2669 2734 2881 2787 stetisse
2924 2742 3154 2799 constat,
3202 2744 3380 2788 tamen
3436 2735 3727 2804 Pelusiota,
3788 2753 3967 2806 quam.

2385 2834 2577 2893 quarto
2617 2824 2735 2877 loco
2764 2823 3042 2892 posuimus
3084 2825 3366 2893 epistolam
3396 2842 3461 2880 eo
3492 2827 3715 2881 consilio
3756 2828 3965 2898 Cyrillo

2386 2915 2600 2967 videtur
2632 2914 2845 2968 misisse
2879 2924 2938 2967 ut
2969 2916 3015 2968 ei
3046 2915 3205 2969 nimis
3231 2916 3443 2971 incaute
3471 2934 3631 2971 unam
3659 2919 3711 2973 in
3735 2918 3963 2976 Christo

2386 3015 2653 3069 naturam,
2692 3004 2847 3059 Verbi
2887 3006 3090 3060 scilicet
3124 3008 3475 3071 incarnatam,
3505 3010 3718 3063 docenti
3750 3020 3957 3066 rectam

722 3094 1020 3149 ctlueretici
1040 3096 1474 3163 etorthodoxi,si
1498 3113 1601 3151 non
1626 3099 1832 3165 eadem,
1853 3109 2069 3155 atcerte
2091 3104 2283 3157 similia
2311 3112 2353 3167 α
2388 3111 2678 3165 veramque
2710 3095 2778 3149 de
2809 3096 3016 3151 duabus
3048 3097 3100 3149 in
3146 3097 3361 3153 Christo
3401 3102 3608 3155 naturis
3651 3102 3959 3157 doctrinam

719 3194 1113 3252 proposuerunt
1156 3184 1403 3253 dogmata
1464 3186 1559 3255 id).
1617 3186 1791 3251 Quare
1842 3188 2161 3243 Pelusiotam
2215 3192 2282 3245 de

721 3270 1153 3341 Eutychianismo
1192 3282 1317 3325 ante
1360 3272 1640 3342 Eutychen
1672 3275 1908 3330 locutum
1939 3292 2058 3334 esse
2091 3280 2279 3333 existi-

720 3375 827 3415 mo.
864 3361 994 3413 Nam
1035 3363 1136 3415 etsi
1180 3364 1322 3430 quod
1367 3378 1527 3433 supra
1570 3365 1676 3433 jam
1717 3369 2276 3435 commemoravimus,

719 3452 923 3506 scilicet
983 3453 1144 3520 hujus
1202 3453 1436 3508 haaretici
1516 3455 1845 3511 mentionem
1906 3458 1961 3511 in
2036 3460 2280 3528 epistolis

721 3558 992 3610 nunquam
1040 3544 1231 3596 iactam
1278 3560 1414 3609 esse,
1462 3547 1680 3602 minoris
1726 3550 1979 3603 momenti
2020 3566 2157 3614 esse,
2201 3552 2285 3606 lu-

718 3630 907 3684 benter
975 3630 1161 3697 fateor,
1221 3641 1397 3685 tamen
1452 3648 1573 3686 cum
1659 3636 1819 3699 aliud,
1908 3637 2048 3705 quod
2099 3639 2283 3706 paucis

718 3723 1085 3791 explicandum
1154 3733 1257 3787 est,
1316 3726 1534 3778 accedat
1607 3738 2031 3797 argumentum,
2107 3745 2281 3782 meam

720 3823 876 3866 teneo
930 3815 1269 3869 sententiam.
1319 3846 1390 3857 ---
1446 3817 1709 3886 Eutychos
1756 3820 1906 3873 valde
1956 3821 2064 3887 jam
2097 3836 2281 3886 senex,

719 3913 776 3957 ut
820 3905 892 3956 ait
928 3905 1251 3961 Mosheniius
1298 3908 1349 3960 in
1384 3908 1613 3961 Historia
1660 3928 1755 3963 sua
1802 3911 2145 3964 ecclesiastica
2189 3911 2278 3983 (e),

717 4010 823 4063 quo
852 3993 1280 4057 Nestorium,cui
1306 3998 1652 4053 vehementer
1678 3999 1921 4054 infensus
1966 4010 2099 4065 erat,
2133 4011 2281 4055 tanto

718 4082 908 4136 fortius
967 4086 1303 4150 reprimeret,
1375 4102 1517 4139 anno
1603 4088 1705 4141 448
1775 4090 2045 4143 docebat:
2119 4107 2278 4143 unam

721 4182 922 4225 tantum
952 4188 1057 4225 esse
1088 4174 1140 4225 in
1170 4172 1373 4225 Christo
1399 4184 1647 4227 naturam
1675 4176 1827 4228 Verbi
1871 4195 1984 4230 vere
2028 4180 2277 4231 incarna-

720 4272 829 4317 tam
858 4262 941 4334 (Γ).
989 4263 1105 4318 Una
1143 4274 1321 4320 autem
1355 4281 1421 4319 ex
1460 4266 1717 4335 epistolis,
1744 4283 1877 4336 quas
1908 4269 2085 4322 attulit
2117 4268 2278 4323 Tille-

720 4438 845 4510 μίαν
882 4438 979 4515 ⁸σιτοῦ
1014 4441 1269 4515 Χ-ρισςτοῦ.
1304 4440 1475 4515 V_ulgo
1518 4443 1794 4515 legebatur
1823 4463 1834 4498 :
1890 4446 2068 4515 μήπου
2111 4445 2273 4515 δόκη·
2306 4438 2351 4492 Ῑ)

719 4508 809 4584 σιν
845 4508 941 4584 τὴν
986 4510 1077 4584 τοῦ
1125 4512 1357 4584 Χριστοῦ
1387 4508 1449 4551 4-
1487 4508 1644 4578 φύᾶιν
1681 4518 1814 4583 μετὰ
1857 4508 1960 4584 τὴν
1991 4508 2276 4583 ῐσάρκωσὶν

721 4577 869 4653 δέξῃ.
892 4578 1143 4653 ρατέρᾳς
1173 4577 1281 4650 γάρ
1309 4582 1452 4653 ἐστιν
1482 4577 1776 4653 -ᾁναίρέσις
1811 4587 1841 4651 ἡ
1890 4577 2017 4653 napi
2054 4577 2181 4653 ρξιᾶς
2207 4614 2281 4625 --

715 4646 848 4721 cod._
890 4646 1014 4721 83v.
1056 4649 1199 4721 μξᾳν,
1246 4646 1390 4721 vulg.
1434 4646 1645 4703 additur
1689 4646 1889 4704 τούτών
1936 4646 2075 4721 quod
2128 4646 2272 4709 auct.

715 4717 871 4770 codd.
915 4716 1041 4788 Dav.
1095 4716 1212 4771 Vat.
1264 4719 1365 4772 649
1392 4757 1404 4777 ,
1436 4729 1491 4772 et
1536 4721 1641 4773 Alt.
1680 4716 2002 4788 ejiciendum
2052 4734 2170 4785 est,
2207 4753 2275 4762 —

716 4787 1136 4851 συγκατάθεσις*
1180 4788 1212 4859 ἢ
1244 4790 1339 4857 τῆς
1372 4788 1517 4853 Θείας
1544 4792 1878 4861 τραπείσης,
1924 4793 1954 4863 ἢ
1990 4794 2085 4862 τῆς
2117 4792 2272 4863 ἡμῶν

719 4856 1057 4908 μειωοείτης.

760 4872 934 4908 ειωυει
949 4873 1057 4908 της.

718 4872 1057 4925 μειωυειτης.

773 4930 859 5001 ,(ναὶ
889 4926 1003 5001 Lib:
1037 4942 1082 5001 _I,
1109 4942 1193 5001 ep:
1237 4926 1340 5001 i525
1365 4945 1376 4979 :
1404 4958 1473 4967 ——
1502 4928 1625 5001 "_0'tt
1670 4929 1725 4981 δὲ
1769 4932 2017 5001 ἀληθινὸς
2044 4933 2141 5001 καὶ
2179 4934 2271 5001 ἐπὶ

716 4994 927 5072 πάντεον
961 4994 1093 5072 Θεὸς
1116 4997 1444 5072 κᾶν-θροεπος
1475 4998 1691 5072 γέγονξν
1728 4994 1962 5067 ἀληθῶς,
1997 4994 2120 5055 οὔτε
2153 5003 2181 5055 ὅ
2204 4999 2271 5072 ἦν

714 5065 977 5132 τραπεἰς;
1016 5065 1103 5115 καὶ
1135 5064 1161 5116 ὃ
1186 5062 1282 5116 οὐδὲ
1318 5062 1383 5132 ἦν
1420 5068 1754 5187 πὸροσλαϐὼν,
1792 5062 1854 5122 sx
1878 5062 2089 5137 φύσεων
2126 5062 2270 5127 δυοῖν

714 5162 784 5172 ——
821 5133 939 5186 cod.
975 5133 1099 5185 Bav.
1143 5136 1198 5185 ὲν
1220 5135 1422 5195 φύσεσι
1481 5136 1566 5186 uel
1596 5167 1665 5175 —
1688 5142 1713 5191 ὁ
1737 5134 1814 5195 εἷς
1848 5142 2107 5195 tiniawa
2140 5143 2267 5195 Υἱὸς

713 5162 784 5203 -έ
821 5149 939 5186 coa.
975 5149 1099 5185 uav.
1143 5149 1198 5185 εν
1220 5152 1422 5200 -φυσεσι
1450 5149 1565 5187 auat
1596 5167 1665 5175 —
1688 5149 1713 5191 ο
1737 5149 1814 5201 εὶς
1848 5149 2107 5203 ὑπάρχων
2145 5149 2267 5203 Υἱὸς

715 5162 784 5172 -
821 5152 939 5186 cou.
975 5152 1099 5185 Dav.
1143 5152 1198 5185 εν
1220 5152 1422 5200 -φυσεσι
1450 5152 1565 5187 ουσι
1596 5167 1665 5175 -
1688 5152 1713 5191 ο
1737 5152 1814 5201 εὶς
1848 5152 2107 5209 ὑπάρχων
2148 5152 2265 5203 Υἱὸς

715 5201 950 5275 ᾅναρχος
985 5204 1076 5275 καὶ
1106 5204 1431 5275 ἀπέραντος,
1474 5206 1781 5275 πρόσφατος
1823 5212 1912 5262 καὶ
1945 5212 2130 5275 ἀΐδιος,
2158 5212 2265 5265 οὐδ’

717 5270 781 5324 ἂν
813 5271 970 5349 orbae;
996 5270 1341 5349 ἀρνηθεῐῃ-ςίη
1600 5322 1623 5331 η

788 5344 855 5407 ib)
888 5340 1002 5393 Lib.
1025 5356 1074 5420 .l,
1118 5357 1204 5410 ep.
1414 5345 1563 5420 T—‘El
1586 5346 1697 5420 γὰρ
1725 5349 1813 5420 καὶ
1847 5348 1979 5419 σὰρξ
2008 5350 2205 5420 ἀληθὴς
2239 5354 2266 5404 ὁ

711 5410 880 5489 novos
911 5410 1218 5489 γεγένητσέ,
1390 5414 1450 5465 οὐ
1480 5410 1631 5479 ψιλός
1653 5410 1934 5489 ᾆνθρωττοξ
1960 5410 1986 5471 ὃ
2012 5410 2261 5489 Χρὶσέὄςο

716 5479 1135 5554 ξνᾳνθρωτςὴσας
1158 5482 1212 5533 δὲ
1246 5483 1442 5551 μᾶλλον
1481 5514 1546 5554 _—
1576 5488 1693 5541 cod.
1732 5479 1857 5539 Βίην.
1890 5479 2085 5554 μᾶλλον
2116 5490 2168 5541 δὲ
2197 5479 2264 5529 -ξ-

720 5548 851 5627 θεὸς
883 5552 936 5627 ev
967 5548 1403 5627 eiaaépatﬁjoi’;
1423 5552 1645 5627 φτξσεσιν
1676 5554 1752 5620 εἷς
1787 5548 2015 5627 ὑπάρχει
2038 5589 2099 5598 —-
2126 5559 2258 5613 Cod.

719 5615 844 5670 P-av.
877 5615 1230 5738 undepxtgvl—
1262 5621 1382 5685 Υἱὸς
1410 5615 1501 5674 τ’οὖ
1523 5654 1589 5664 --
1611 5615 1749 5695 quod
1780 5615 2040 5682 ornittilur
2062 5628 2113 5681 in
2142 5630 2258 5683 cod.

721 5685 846 5738 Dav.
867 5716 937 5728 —-
1009 5704 1118 5738 ιου.
1152 5719 1218 5730 -

762 5702 846 5741 ειν.
867 5716 937 5728 --·
963 5702 1118 5742 υιου.
1152 5719 1218 5730 -·

2385 3185 2437 3239 in
2490 3187 2730 3240 animum
2792 3195 3089 3240 revocaret.
3139 3218 3207 3227 —
3258 3189 3455 3244 Eodem
3513 3200 3752 3260 tempore
3807 3208 3955 3259 eam,

2382 3289 2543 3343 quam
2595 3274 2765 3327 altero
2806 3276 3079 3345 tetigimus
3122 3278 3258 3339 loco,
3291 3280 3595 3347 epistolam,
3653 3282 3959 3351 eodemque

2380 3377 2570 3417 omnes
2622 3364 2854 3431 reliquas
2908 3380 2937 3417 a
2983 3366 3139 3419 nobis
3195 3378 3661 3433 commemoratas,
3711 3370 3958 3440 exceptis

2360 3454 2486 3529 illis
2534 3453 2600 3508 ad
2629 3453 3016 3525 Hermogenem
3049 3456 3258 3522 litteris,
3304 3458 3529 3525 scriptas
3558 3474 3679 3512 esse
3728 3474 3950 3516 censeo.

2380 3543 2504 3599 Haec
2536 3553 2736 3608 autem,
2802 3560 2998 3615 nempe
3050 3546 3274 3614 epistola
3340 3548 3656 3617 llermogcui
3723 3550 3955 3619 scripta,

2383 3644 2496 3688 tum
2539 3635 2753 3689 demum
2786 3638 3025 3689 confecta
3058 3647 3160 3699 est,
3196 3638 3284 3689 nhi
3336 3637 3562 3708 Cyrillus
3616 3641 3669 3692 in
3718 3641 3951 3709 gratiam

2381 3743 2500 3783 cum
2561 3727 2825 3796 episcopis
2878 3729 3239 3782 Orientalibus
3300 3745 3442 3782 anno
3514 3730 3615 3784 451
3688 3732 3948 3789 redierat.

2381 3816 2741 3882 Quamobrem
2801 3833 2909 3870 non
2968 3819 3154 3871 dubito
3202 3821 3331 3887 quin
3388 3821 3621 3875 lsidorus
3681 3824 3950 3890 scribens,

2382 3907 2669 3977 AEgvam
2709 3924 2739 3961 a
2796 3908 3331 3977 fortissimoquoque
3389 3912 3673 3965 haeresium
3734 3916 3954 3985 exigere

2382 3998 2660 4061 tributum,
2706 3998 2771 4051 de
2799 3996 3012 4067 Cyrillo,
3064 4000 3154 4068 qui
3206 4002 3485 4070 hucusque
3533 4005 3954 4062 strenuissimus

2379 4087 2554 4141 fuerat
2611 4105 2751 4142 vera:
2804 4088 2923 4141 fidei
2991 4089 3259 4153 defensor,
3324 4093 3510 4161 egerit.
3584 4092 3743 4147 Stetit
3798 4096 3949 4150 enim

2379 4180 2614 4234 Isidorus
2674 4195 2702 4233 a
2753 4180 2996 4248 partibus
3057 4196 3244 4235 eorum
3306 4185 3378 4249 (g)
3414 4225 3427 4247 ,
3484 4185 3572 4252 qui
3629 4187 3949 4257 episcopum

2380 4272 2800 4325 Alexandrinum
2819 4283 3120 4342 propterea,
3151 4276 3291 4341 quod
3314 4290 3499 4344 pacem
3522 4276 3719 4342 inierit,
3747 4280 3949 4335 acriter

2453 4445 2520 4515 (ε)
2558 4446 2621 4499 Et
2650 4461 2832 4517 revera
2861 4446 3116 4501 Leontius
3148 4446 3475 4517 Byzantinus
3501 4450 3552 4503 in
3582 4451 3729 4506 libris
3754 4466 3946 4513 contra

2377 4514 2684 4569 Nestorium
2716 4526 2767 4568 et
2793 4515 3070 4585 Eutychen
3094 4514 3355 4570 memorat
3380 4520 3564 4573 lsidori
3591 4523 3657 4575 ad
3691 4523 3947 4581 Theodo-

2378 4587 2515 4661 sium
2552 4586 2954 4661 presbyterum,
2987 4588 3331 4661 Timotheum
3373 4589 3653 4661 lectorem,
3686 4594 3945 4661 Cyrillum

2376 4656 2795 4707 Alexandrinum
2847 4658 3083 4723 aliosque
3133 4658 3402 4723 epistolas.
3433 4658 3544 4711 Cfr.
3597 4656 3831 4716 Maxima
3862 4666 3945 4718 bi-

2378 4724 2624 4776 bliotheca
2662 4723 2775 4777 VV.
2814 4724 2925 4776 PP.
2958 4736 3085 4779 tom.
3113 4725 3201 4782 IX.
3237 4742 3288 4792 p.
3320 4728 3439 4790 681,
3468 4731 3590 4792 682,
3624 4732 3744 4783 685.

2448 4795 2855 4868 (d)_(lhristiani
2895 4796 3125 4868 Augusti
3164 4795 3343 4864 Saligii
3386 4798 3452 4851 de
3507 4802 3943 4868 eutychianismo

2374 4872 2497 4915 ante
2530 4863 2803 4934 Eutychen
2825 4902 2838 4922 ,
2865 4864 2976 4918 sive
2996 4863 3089 4917 'de
3116 4869 3531 4934 entyehianismi
3562 4863 3685 4923 vere
3712 4888 3773 4927 ac
3806 4874 3946 4930 falso

2374 4933 2653 5008 suspectis,
2693 4942 2948 5008 tractatus
2988 4933 3275 5008 historicus
3307 4946 3361 4989 ct
3402 4939 3758 5008 theologicus.
3788 4942 3943 4999 Wol-

2372 5002 2684 5057 fenbuttela:
2717 5004 2867 5059 i723.
2905 5005 3040 5057 iii—4.

2444 5076 2513 5147 (ς)
2538 5071 2818 5147 hioslietn._
2840 5072 2975 5147 Hist.
3006 5073 3127 5147 eccl.
3162 5089 3213 5141 p.
3252 5075 3377 5147 225,
3403 5076 3428 5147 §
3456 5078 3539 5131 15.

2441 5144 2505 5209 (Ι)
2558 5141 2736 5209 Ipsum
2774 5142 3033 5217 Cyrillum
3072 5145 3235 5197 haece
3283 5141 3510 5200 forniula
3547 5151 3742 5217 saepius
3779 5168 3938 5209 usum

2369 5226 2506 5273 esse,
2536 5220 2747 5265 constat
2774 5212 2912 5265 inter
2940 5228 3153 5267 omnes.

2439 5284 2510 5350 (g)
2579 5282 2668 5333 Sic
2704 5284 3185 5359 stomachabantur
3242 5285 3473 5359 hearing
3529 5286 3933 5359 Melrtcnensis,

2366 5350 2659 5424 Successus
2704 5352 2798 5405 Dio
2828 5353 3199 5424 C_:esareensis,
3250 5353 3560 5410 Vmerianus
3602 5350 3937 5424 leoniensis,

2366 5422 2583 5493 aliique,
2623 5436 2811 5493 omnes
2846 5422 3098 5493 Cyrillum
3130 5422 3940 5493 vituperantes,quodinOrion;

2366 5492 2579 5554 talium,
2608 5492 2700 5559 qui
2732 5506 2945 5567 omnem
2991 5492 3243 5567 unionem
3260 5492 3663 5567 jivpostaticaui
3704 5500 3936 5567 rejecisu

2366 5562 2876 5683 senéLgonsenserit
2912 5576 3089 5615 voces.
3119 5562 3201 5615 Cf.
3254 5562 3417 5633 Salig.
3478 5567 3511 5617 l.
3572 5584 3616 5619 ρ.
3668 5562 3783 5638 αφ’.
3842 5573 3931 5634 28,

2366 5644 2416 5683 n.
2512 5648 2586 5683 ι.

2366 5644 2416 5698 p.
2464 5631 2586 5685 275.
