4150 6466
130 190 133 193 Α
180 180 193 189 ιιι
204 180 225 187 π
298 180 307 185 η-

186 196 287 231 ma

130 244 143 259 ξ
186 220 307 273 ws:

236 280 279 291 aur

166 302 191 313 ‘
224 310 229 319 Ἴ

1432 358 1618 423 VITA
1656 348 2262 422 ISIDOBI'PELUS.
2606 442 2611 448 Α
3437 347 3515 419 ao

614 465 722 542 (α).
752 466 973 527 Scribit
997 468 1148 527 enim
1176 467 1267 526 ad
1314 468 1471 529 illum
1501 468 1632 527 alibi
1670 468 1744 543 (ὁ)
1778 486 1792 523 z
1825 473 1874 529 Α
1899 466 2108 522 virtute
2130 474 2340 520 vacuus
2369 446 2611 516 munere
2626 456 2747 517 solo
2769 470 2894 515 sese
2935 455 3128 529 iactat.
3158 453 3293 513 inde
3336 456 3398 513 lit
3451 464 3514 514 ut

178 578 207 617 ι
232 558 473 633 Μ
524 573 583 617 te
636 552 861 617 ﬁrmum
920 576 991 619 ac
1037 568 1375 618 constantem
1426 576 1643 633 semper
1680 576 1796 615 ma-

172 662 335 717 nte;
358 650 445 707 sic
472 663 687 721 nempe
720 659 785 706 ut
825 665 936 707 nec
971 658 1123 707 metu
1166 651 1407 708 coelestia
1437 652 1657 723 prodas,
1689 664 1795 706 nec

180 744 369 799 αι.
396 738 522 811 lpse
550 754 802 812 pugnare
838 738 1095 795 videaris.
1131 738 1238 797 Sed
1266 742 1319 797 si
1353 757 1476 812 quae
1504 738 1652 796 nunc
1694 741 1794 796 abs

187 840 247 891 ιι
269 833 477 905 scripta
506 842 641 889 sunt
668 847 796 888 cum
825 831 932 888 illis
954 841 1119 888 antea
1153 849 1183 889 a
1203 844 1257 890 te
1286 834 1551 891 confessis
1570 848 1794 905 compa-

186 934 402 989 rantur,
425 932 525 979 aut
554 922 862 979 adulationi
889 924 1160 980 obnoxius
1204 940 1327 981 esse
1375 925 1663 989 videberis,
1699 935 1795 979 aut

188 1013 431 1073 hastis
457 1014 737 1082 minister,
787 1024 849 1070 ut
886 1015 979 1086 qui
1024 1015 1171 1070 inani
1224 1016 1410 1086 εισι-ἱππ
1443 1018 1789 1083 succumbas,

190 1119 306 1162 Iun
340 1116 531 1161 autem
563 1120 889 1177 magnorum
911 1113 967 1161 et
999 1115 1311 1160 sanctorum
1340 1106 1582 1177 pugilum
1612 1116 1793 1162 certa-

186 1192 343 1249 -Ιιιο
396 1194 658 1257 imiteris,
715 1195 809 1263 qui
854 1209 961 1264 per
993 1209 1213 1249 omnem
1258 1195 1427 1249 vitam
1485 1195 1542 1250 in
1604 1204 1791 1251 extera

190 1281 416 1355 ιιρσινε
432 1283 616 1354 premi
645 1298 715 1339 ac
735 1284 916 1338 vexari
951 1284 1135 1353 potius
1159 1284 1260 1347 sibi
1303 1284 1588 1341 ferendum
1620 1287 1791 1341 duxe-

184 1384 345 1437 III.
374 1389 545 1445 quam
572 1386 633 1430 ut
660 1390 971 1446 perversam
1003 1384 1098 1431 aut
1125 1376 1311 1433 falsam
1344 1378 1676 1433 sententiam
1706 1379 1793 1435 vel

184 1466 423 1543 nuribus
448 1469 775 1539 exciperent
816 1468 907 1539 (ο).
956 1486 976 1519 ι
1026 1499 1094 1509 -
1122 1468 1465 1541 Quapropter
1493 1470 1793 1526 Tillemou-

188 1556 303 1616 hs
355 1574 662 1632 omnesque
717 1562 837 1631 eius
877 1562 1166 1619 sententiae
1203 1563 1471 1629 faventes,
1520 1564 1791 1620 lsidorum

188 1648 477 1707 ..0469
508 1650 597 1705 vel
650 1651 754 1707 ιεο
784 1651 928 1706 inter
956 1652 1110 1708 vivos
1159 1653 1339 1708 adhuc
1386 1653 1555 1710 luisse
1584 1670 1649 1710 ex
1707 1655 1793 1710 his

188 1740 445 1812 epistolis
476 1748 688 1797 temere
716 1742 999 1810 collegisse
1027 1743 1305 1798 videntur.

1893 557 1985 613 ille
2018 565 2278 625 tanquam
2307 552 2416 618 vir,
2476 551 2636 623 cujus
2681 549 2957 621 cogitandi
3016 558 3073 604 et
3122 549 3319 621 agendi
3373 547 3514 605 ratio

1893 649 2141 721 dignitati
2170 663 2284 704 sua:
2332 661 2558 717 prorsus
2600 642 2917 709 conveniat,
2949 643 3018 697 ab
3058 641 3317 696 omnibus
3357 639 3513 696 cele-

1893 745 2104 808 bretur;
2133 741 2226 796 hic
2256 749 2517 809 tanquam
2541 736 2763 807 spurius
2794 742 3019 789 notetur
3050 734 3256 802 talique
3275 743 3511 788 munere

1893 835 2180 905 indignus.
2210 852 2230 884 ι
2266 831 2328 886 ln
2368 832 2471 886 hac
2493 845 2626 885 vero
2664 829 2731 883 ad
2765 828 3049 883 Zenonem
3078 826 3310 897 epistola
3342 826 3424 881 sic
3444 823 3514 880 de

1893 927 2239 997 Hermogene
2273 924 2553 995 loquitur:
2606 942 2625 976 ι
2661 922 3039 992 Hermogenes
3099 920 3395 990 episcopus
3430 917 3515 974 vir

1894 1022 2100 1092 probus
2122 1026 2226 1082 est,
2254 1017 2299 1072 si
2334 1017 2458 1086 quis
2509 1016 2669 1070 alius.
2703 1013 2981 1069 Educatus
3014 1013 3161 1067 enim
3209 1014 3261 1066 in
3304 1008 3514 1068 Christi

1898 1110 2044 1182 lege,
2072 1109 2342 1179 exemplis
2366 1106 2683 1177 apostolicis
2708 1105 3014 1169 institutus,
3041 1104 3303 1174 episcopo
3349 1103 3513 1174 digne

1894 1204 2062 1260 sentit
2084 1212 2139 1258 et
2183 1201 2525 1271 exsequitur.
2550 1199 2732 1266 Quare
2766 1198 3115 1267 temporibus
3146 1195 3513 1252 convenien-

1894 1304 2005 1351 tem
2029 1293 2254 1367 gloriam
2300 1301 2588 1348 assecutus
2644 1300 2731 1347 est
2755 1284 2810 1345 et
2835 1290 3112 1344 honorem
3138 1287 3245 1359 (It).
3302 1285 3515 1345 invidia

1894 1386 2064 1453 enim,
2096 1400 2219 1456 quae
2256 1384 2390 1439 alios
2419 1384 2623 1438 virtute
2644 1382 2906 1452 praeditos
2934 1380 3113 1450 palam
3152 1379 3299 1434 solet
3330 1393 3511 1449 oppu-

1903 1494 2092 1550 gnare,
2124 1478 2293 1543 hunc,
2326 1484 2553 1547 propter
2588 1474 2969 1529 incredibilem
3005 1487 3220 1526 morum
3242 1484 3514 1525 mansue-

1897 1571 2143 1626 tudinem
2197 1586 2262 1625 ac
2317 1569 2649 1639 singularem
2705 1566 3055 1628 modestiam,
3102 1580 3173 1619 ne
3254 1564 3509 1633 aspicere

1896 1655 2116 1726 quidem
2148 1654 2334 1709 audet.
2372 1673 2389 1705 ›
2423 1681 2492 1692 -——
2539 1650 2770 1720 Reliqua
2821 1659 2881 1704 ut
2940 1649 3207 1704 addamus
3260 1662 3372 1702 non
3425 1653 3513 1707 est

1896 1762 2162 1803 necesse:
2196 1762 2317 1818 quae
2344 1745 2494 1800 enim
2528 1745 2690 1798 allata
2714 1751 2844 1797 sunt
2877 1742 3010 1797 satis
3052 1757 3329 1812 superque
3375 1754 3512 1810 pro-

262 1830 378 1887 Sed
422 1833 591 1887 etiam
617 1832 674 1887 in
698 1847 764 1885 eo
804 1831 1011 1888 fallitur
1040 1834 1131 1888 ille
1169 1834 1267 1907 (d),
1299 1836 1442 1906 quod
1483 1852 1548 1891 ex
1595 1836 1786 1892 lsidori
1822 1858 1863 1912 [ς
1892 1838 2024 1893 bant
2053 1838 2323 1894 lsidorum
2374 1837 2543 1891 haece
2587 1835 2642 1889 in
2697 1834 2929 1903 cpistola
2984 1848 3096 1887 non
3145 1833 3214 1887 de
3254 1831 3425 1903 gloria
3455 1839 3511 1889 et

188 1916 391 1977 Ett'eris
419 1920 490 1975 ad
546 1920 879 1976 Marcionem
931 1922 1307 1994 presbyterum
1364 1927 1432 1995 (e)
1494 1934 1551 1980 et
1619 1925 1792 1982 Zeno-

188 2025 321 2067 tem
358 2010 425 2084 (Ω
459 2011 603 2067 datis
630 2027 893 2083 apparere
923 2014 1241 2080 arbitratur,
1272 2029 1400 2069 eum
1444 2015 1791 2088 Hermogene

190 2098 597 2158 Rhinocorura:
619 2104 877 2174 episcopo
898 2104 1007 2173 jam
1041 2114 1255 2160 mortuo
1288 2105 1431 2162 diem
1471 2110 1791 2178 supremum

461 2192 523 2248 In
553 2193 645 2248 illa
676 2194 820 2249 enim
868 2196 1009 2251 duos
1040 2196 1350 2267 episcopos,
1390 2197 1791 2270 Hermogenem

190 2284 596 2342 Iciﬁcctvirum
615 2284 773 2356 pium
784 2286 1129 2357 iustumque,
1161 2305 1287 2343 eum
1311 2290 1547 2346 Eusebio
1570 2291 1793 2347 homine

198 2385 447 2450 pnvoet
462 2378 723 2441 scelesto,
742 2388 1024 2449 comparat
1051 2390 1240 2434 auctor
1261 2380 1316 2434 in
1344 2382 1493 2435 hunc
1522 2383 1744 2437 modum
1776 2402 1788 2436 :

200 2486 223 2522 σ
258 2468 368 2536 Qui
412 2470 619 2524 virtute
677 2468 857 2523 clarus
892 2478 999 2535 est,
1030 2470 1075 2524 is
1116 2471 1393 2541 geminum
1440 2472 1673 2527 habetur
1701 2488 1792 2527 sa-

195 2560 423 2618 cerdotii
454 2561 624 2615 decus
650 2571 703 2615 et
733 2570 1156 2627 ornamentum;
1187 2562 1279 2633 qui
1314 2578 1446 2618 vero
1469 2564 1791 2621 sacerdotali

194 2666 426 2709 munere
471 2652 699 2708 functus
735 2652 852 2709 solo
895 2661 1069 2709 tumet
1118 2655 1345 2721 honore,
1392 2657 1438 2711 is
1483 2672 1674 2712 revera
1724 2657 1792 2712 ad

194 2746 413 2819 spurius
455 2745 696 2815 reiectus
736 2754 839 2801 est.
895 2746 1085 2817 Itaque
1139 2747 1507 2820 Hermogenes
1560 2750 1644 2803 vir
1681 2749 1794 2805 Deo

195 2849 457 2910 acceptus
486 2838 804 2908 dignitatern
838 2840 1044 2908 recepit
1073 2840 1255 2895 virtuti
1302 2855 1418 2895 suae
1459 2841 1796 2896 convenien-

198 2938 308 2986 tem
342 2931 437 3001 (ς).
474 2930 559 2985 Ad
604 2929 919 2985 facultatem
946 2932 1092 2987 enim
1143 2940 1434 3003 utramque
1489 2933 1791 3002 contendit,

198 3026 313 3078 ιω
377 3022 670 3078 sacerdotii
723 3035 1108 3079 ornamentum
1171 3024 1399 3096 dignum
1463 3034 1795 3083 consecutus

200 3117 315 3171 Iun
360 3113 587 3170 virtutis
607 3114 975 3184 maiestatem.
1027 3131 1059 3171 a
1106 3116 1289 3171 divina
1333 3120 1504 3188 gratia
1551 3116 1817 3173 debitam‘

202 3205 592 3265 secessionem.
652 3205 725 3262 At
775 3206 1044 3265 Eusebius
1076 3207 1188 3264 Deo
1236 3208 1470 3264 infestus
1530 3209 1792 3279 omnique

268 3385 527 3459 (u)_!pse
578 3386 960 3459 Tillemoutius
1012 3387 1065 3441 in
1094 3386 1368 3459 Historiae
1413 3386 1790 3459 ecclesiastica:

268 3402 348 3459 (ι)
405 3402 527 3511 I‘pse
580 3402 960 3442 'nnemonuus
1012 3403 1065 3441 in
1121 3402 1368 3441 umorue
1413 3402 1790 3443 ecclesiastica:

202 3463 329 3514 toll.
354 3456 400 3512 Χ
455 3496 473 3523 ,
498 3472 550 3526 p.
583 3458 718 3521 H5,
752 3466 856 3511 art.
904 3473 1022 3513 vm.
1057 3458 1215 3513 allata
1244 3459 1426 3513 baeece
1459 3460 1526 3513 ad
1558 3457 1790 3513 Hermo-

202 3543 391 3656 ﬁuem
424 3528 899 3653 prastollr,?scribit
926 3547 939 3581 :
969 3528 1231 3583 Auroit—il
1271 3528 1423 3599 parlé
1451 3529 1519 3584 de
1551 3528 1603 3583 la
1642 3538 1790 3584 sorte

299 3613 414 3653 sam
519 3615 598 3656 vn
639 3614 670 3652 c

299 3598 443 3653 saint
476 3599 670 3653 Cvrillc

299 3615 443 3653 sam:
476 3615 670 3670 cyrtnc
696 3615 715 3650 ,ν

270 3669 345 3739 (ὁ)
377 3669 498 3724 Lib.
526 3683 565 3733 ι,
592 3685 681 3736 ep.
716 3668 842 3735 524,
890 3669 958 3724 de
983 3686 1087 3740 qua
1122 3669 1305 3740 Lupus
1339 3686 1559 3740 quoque
1592 3671 1647 3725 in
1680 3686 1785 3725 no-

204 3740 271 3811 tis
292 3741 359 3811 ad
386 3742 664 3811 variorum
688 3739 907 3794 Patrum
941 3739 1260 3810 epistolas'l.
1284 3758 1334 3797 c.
1360 3739 1739 3811 haecscripsit
1766 3760 1779 3795 :

205 3808 279 3881 S._
316 3808 550 3880 Cyrillus
586 3809 712 3863 licet
744 3824 842 3864 sua
887 3808 1125 3881 capitula
1181 3808 1651 3867 anathematizare
1687 3820 1783 3865 aut

204 3879 523 3935 solemniter
571 3890 853 3935 recantare
883 3879 1143 3939 noluerit.
1180 3899 1241 3936 ea
1270 3893 1453 3937 tamen
1476 3892 1533 3937 et
1562 3884 1615 3937 in
1643 3884 1785 3937 datis

207 3952 270 4005 ad
291 3951 552 4005 Acacium
587 3949 809 4006 Bcrrhce
825 3967 1005 4017 nsem,
1036 3968 1098 4007 ac
1123 3953 1250 4007 item
1282 3956 1346 4008 ad
1372 3954 1639 4017 Joannem
1673 3955 1786 4007 An-

208 4022 521 4077 tiochenum
554 4020 747 4075 litteris
769 4064 783 4082 .
808 4029 865 4077 et
902 4024 1015 4077 suis
1049 4039 1172 4079 cum
1206 4024 1369 4078 Paulo
1402 4024 1671 4079 Emeseno
1698 4040 1790 4079 ac—

207 4091 293 4155 tis,
330 4100 417 4146 est
443 4092 685 4164 suaviter
715 4094 1046 4164 moderatus.
1092 4094 1229 4148 Hinc
1266 4096 1316 4148 in
1346 4096 1623 4164 publicum
1660 4105 1792 4151 tunc

208 4177 425 4234 sparsus
448 4162 767 4234 [uitrumor
794 4164 862 4217 de
887 4154 1071 4234 Cyrilli
1106 4154 1450 4232 paenitentia.
1499 4166 1634 4219 item
1688 4166 1792 4219 sub

212 4232 425 4287 nomine
446 4232 953 4305 PhilippiRomaua:
974 4234 1224 4288 Ecvlesia:
1256 4236 1555 4305 presbyteri
1578 4244 1629 4289 et
1658 4251 1793 4305 apo-

210 4305 381 4358 stolici
419 4304 563 4374 apud
594 4303 863 4371 Ephesum
889 4305 1067 4373 legati,
1091 4320 1277 4374 sparsa
1316 4303 1671 4374 fuit‘epistola
1694 4303 1793 4360 “as-

208 4387 464 4428 reversus
501 4372 710 4427 Sixtum
747 4372 1056 4443 pontiliCem
1078 4372 1294 4443 quidem
1326 4372 1678 4446 conﬁrmasse
1705 4393 1795 4446 pa-

1896 1930 2107 1983 honore
2139 1944 2303 1998 quem
2357 1927 2447 1981 ille
2482 1926 2535 1980 in
2590 1925 2773 1980 futura
2820 1927 2953 1989 vita,
3004 1924 3100 1980 sed
3145 1924 3215 1979 de
3273 1925 3421 1993 iusta
3453 1930 3516 1979 et

1900 2020 2097 2075 merita
2125 2034 2287 2092 agere
2323 2018 2517 2090 gloria,
2544 2033 2708 2089 quam
2737 2016 3109 2087 Hermogenes
3137 2015 3285 2086 apud
3315 2027 3515 2071 omnes

1897 2119 2231 2165 consecutus
2285 2110 2359 2164 sit
2412 2108 2698 2163 mortales.
2756 2105 3010 2162 Caelestis
3084 2107 3235 2161 enim
3297 2114 3355 2161 et
3401 2117 3511 2174 qua

1896 2200 2101 2270 probus
2126 2198 2360 2270 quisque
2409 2198 2553 2268 apud
2612 2198 2784 2252 Deum
2809 2198 3012 2267 gaudet
3056 2196 3209 2252 omni
3246 2195 3509 2266 superior

1896 2300 1982 2348 est
2008 2292 2231 2347 invidia.
2269 2320 2340 2333 -
2379 2291 2526 2362 Ergo
2559 2290 2639 2345 uti
2688 2305 2755 2343 ex
2794 2289 2897 2343 illis
2938 2289 3190 2358 epistolis
3240 2287 3510 2343 lsidorum

1896 2384 2230 2441 Pelusiotam
2260 2398 2405 2438 anno
2448 2382 2576 2445 449,
2632 2380 2716 2435 vel
2765 2379 2893 2439 450,
2927 2378 3073 2433 inter
3121 2379 3280 2433 vivos
3310 2378 3508 2432 etiam-

1896 2484 2013 2531 tum
2056 2474 2228 2529 fuisse
2256 2488 2368 2528 non
2405 2472 2784 2541 consequitur,
2841 2470 2917 2524 ita
2957 2485 3025 2523 ex
3071 2468 3159 2523 his
3206 2484 3331 2523 eum
3384 2475 3514 2538 pust

1896 2566 2256 2639 Hermogenis
2272 2572 2504 2620 mortem
2524 2562 2671 2619 diem
2702 2576 3024 2633 supremum
3050 2560 3258 2615 obiisse
3286 2557 3510 2631 probari

1897 2660 2110 2730 nequit.

1984 2750 2092 2806 Sed
2154 2766 2283 2806 cum
2333 2748 2590 2819 equidem
2641 2748 2698 2804 in
2742 2747 2863 2819 ejus
2906 2746 3159 2817 epistolis
3209 2744 3349 2800 nihil
3398 2758 3511 2815 quo

1900 2844 2022 2900 haec
2086 2842 2153 2899 lis
2207 2840 2436 2897 omnino
2478 2839 2670 2896 dirimi
2731 2839 2931 2910 possit,
2986 2838 3321 2903 invenerim,
3374 2837 3511 2893 satis

1898 2935 2078 2990 habeo
2129 2933 2415 3005 probasse,
2466 2948 2593 2988 eum
2630 2941 2757 3003 post
2794 2947 3003 2987 annum
3035 2930 3160 2996 454,
3191 2944 3316 2985 esse
3357 2944 3509 2984 mor-

1898 3036 2076 3084 tuum.
2126 3026 2545 3082 Accuraliorem
2595 3040 2727 3080 vero
2781 3024 2913 3079 anni
2954 3024 3122 3095 hujus
3170 3022 3274 3079 viri
3328 3022 3513 3079 fatalis

1897 3120 2276 3175 deﬁnitionem
2318 3116 2452 3173 viris
2496 3124 2552 3172 et
2601 3115 2978 3187 sagacioribus
3044 3124 3101 3171 et
3161 3113 3511 3171 doctioribus

1819 3202 1863 3263 C
1897 3210 2172 3281 relinquo.

1900 3388 2198 3460 κολακείας
2230 3388 2451 3460 φανήσῃ
2492 3386 2887 3460 ὑπεύθυνος,ᾼῆ
2925 3385 3216 3460 εὐχερείας
3237 3384 3508 3460 —-_Cha_t.

1900 3470 1956 3514 et
1986 3456 2254 3514 Rittersh.
2282 3456 2568 3529 εὐχερείας
2600 3459 2633 3528 ἢ
2664 3489 2731 3499 -—
2771 3456 3041 3529 διάκονος,
3078 3456 3247 3525 κενῆς
3285 3456 3509 3529 μὲν-δό-

1902 3529 2013 3614 ξης.
2036 3526 2515 3614 ἠςετώρξνοέζίὲῶν
2541 3526 2795 3614 perdidit:
2821 3528 2878 3581 δὲ
2895 3560 2967 3614 -ἦ
2983 3529 3139 3582 abest
3161 3541 3193 3581 a
3213 3531 3341 3614 'cod.
3377 3526 3511 3614 Βωτέ

1894 3596 1969 3640 —'
1992 3596 2163 3668 ἀγῖων
2195 3596 2447 3669 animo»;
2480 3596 2607 3663 cui»;
2651 3600 2874 3669 ἀγῶνας
2915 3600 2976 3652 οὐ
3012 3596 3429 3669 μιμησάμενος,
3454 3597 3506 3652 οἳ

1892 3672 1985 3723 τὸν
2017 3666 2237 3726 ἅπαντα
2290 3666 2405 3740 βίον
2437 3673 2525 3724 ἐπ’
2562 3666 2853 3740 ἀλλοέρίας
2895 3700 2967 3711 --
2997 3666 3299 3740 cod.'B_a'v.
3349 3667 3513 3740 ἁλλο-

1893 3742 2074 3813 τρίαις
2097 3772 2170 3813 -έ
2202 3737 2590 3813 κακουχεζσθαι
2626 3737 2949 3813 ὑπέμειναν,
2979 3739 3012 3810 ἢ
3046 3737 3341 3803 κακόδοξον
3385 3738 3513 3811 φρό·
3598 3788 3605 3794 ,

1891 3811 2043 3883 νῆμα
2074 3812 2179 3883 κᾶν
2212 3813 2405 3883 μέχρις
2435 3811 2590 3883 ᾧτων
2615 3811 2983 3883 εἰσδέξασθαιἶ

1969 3877 2046 3949 (ά)
2079 3877 2371 3937 Tillemont
2410 3882 2550 3936 Hist.
2604 3884 2731 3937 εισι.
2776 3893 2909 3937 tom.
2972 3880 3093 3943 XV.
3144 3896 3200 3940 ο.
3259 3878 3385 3940 117.
3434 3877 3509 3935 cf.

1896 3970 1951 4024 p.
1982 3955 2070 4017 l8,
2087 3962 2214 4024 not.
2250 3955 2304 4009 4.

1968 4025 2041 4093 (ε)
2082 4022 2202 4078 Lib.
2232 4042 2287 4091 v,
2314 4040 2403 4093 cp.
2440 4024 2566 4078 578.

1970 4095 2035 4165 (Ι)
2072 4094 2195 4149 Lib.
2232 4112 2282 4161 ν,
2318 4112 2405 4165 ep.
2446 4096 2569 4149 466.

1966 4162 2045 4233 (gi
2082 4167 2156 4218 lix
2196 4166 2281 4219 his
2304 4207 2316 4229 ,
2348 4162 2404 4218 ni
2438 4165 2615 4228 fallor,
2644 4164 2828 4219 verbis
2863 4163 3251 4219 Tillemoutius
3285 4162 3512 4233 collegit

1894 4232 2160 4289 lsidorum
2189 4236 2257 4289 de
2277 4246 2495 4290 mortuo
2526 4234 2871 4305 Hermogene
2894 4235 3139 4289 locutum
3158 4250 3301 4289 esse.
3328 4232 3514 4298 Quare

1902 4306 2072 4360 verba
2102 4322 2275 4372 graeca
2311 4306 2736 4360 ascribere'non
2766 4306 2865 4359 abs
2902 4321 2961 4359 re
2994 4308 3118 4360 erit.
3152 4308 3297 4359 Sunt
3322 4314 3514 4359 autem

1898 4376 2020 4448 haec
2062 4394 2074 4428 :
2104 4368 2268 4429 Ἐπεὶ
2316 4372 2412 4429 οὖν
2438 4378 2468 4429 ὀ
2501 4375 3277 4448 μὲνθβοφάὴςΛῈρμογένης
3310 4375 3513 4446 ὁμολο-

211 4445 714 4518 rcm,5xpuiixisse
744 4441 922 4518 tamen
962 4441 1370 4518 damnationem
1409 4445 1668 4518 Nestorii.
1706 4441 1791 4501 "Ita

1898 4446 2191 4518 Toisuvcﬁ
2228 4449 2396 4518 ἀρετῇ
2442 4441 2535 4500 καὶ
2567 4441 2860 4518 caveam
2897 4441 3046 4516 ἔσχέζ

210 4513 320 4581 ipse
356 4513 593 4584 Cyrillus
615 4515 863 4584 queritur
897 4516 951 4571 in
982 4516 1178 4570 litteris
1211 4518 1279 4569 ad
1302 4516 1562 4570 Acacium
1596 4515 1794 4571 Meliti-

210 4599 437 4657 ugnsem
502 4595 555 4639 et
620 4584 1384 4657 Donatumrﬁieopolitauum
1450 4584 1801 4657 episcopum.

215 4654 333 4727 ilice
370 4654 537 4725 igitur
586 4657 772 4727 omnia
826 4656 1018 4710 videns
1069 4665 1125 4709 et
1166 4654 1525 4712 considerans
1563 4654 1794 4727 magnus

214 4725 296 4780 ille
320 4728 625 4781 monachus
658 4726 893 4780 Isidorus
930 4756 995 4765 -—
1029 4727 1398 4796 paternojure
1430 4730 1581 4782 illum
1606 4725 1797 4783 admo-

214 4800 357 4860 nuit,
388 4804 441 4853 ut
480 4807 627 4851 esset
671 4797 915 4866 prudens
946 4807 1001 4849 et
1045 4807 1302 4852 constans
1328 4840 1341 4854 .
1398 4809 1455 4852 ut
1506 4815 1791 4855 sermones

214 4882 337 4921 suos
361 4868 708 4937 dispensaret
728 4869 779 4921 in
798 4867 1030 4933 judicio.
1064 4875 1125 4920 ut
1160 4882 1267 4920 non
1294 4869 1574 4924 videretur
1595 4871 1794 4925 docere

214 4940 507 5003 mntraria,
545 4949 605 4992 ut
636 4939 753 4994 istis
793 4938 1105 4993 rumoribus
1142 4954 1250 4992 non
1298 4940 1456 4995 daret
1502 4956 1668 4995 ansas
1698 4949 1795 4995 aut

217 5008 462 5064 (naucula.

277 5081 343 5151 (ι)
366 5079 537 5135 Verba
566 5081 752 5137 Grreca
776 5080 861 5135 sic
881 5094 940 5152 se
966 5080 1164 5152 habent
1191 5097 1204 5133 ε
1232 5081 1349 5152 Χρή
1388 5098 1468 5152 σε,
1500 5081 1793 5151 θαυμάσιε,

214 5149 467 5224 ἀπράκταν
504 5154 692 5224 μένειν
727 5153 851 5224 dei."
886 5149 1009 5224 οὕτε
1048 5150 1197 5220 φόϐῳ
1230 5149 1548 5224 προδιδόντα
1582 5149 1650 5206 τὰ
1683 5154 1794 5205 λοὺ-

217 5222 377 5294 sine.
411 5222 535 5278 οὔτέ
575 5222 763 5292 σαυτῷ
811 5222 1057 5276 ἐναντίον
1092 5223 1439 5294 φαινόμενον,
1488 5224 1547 5276 Εἰ
1581 5224 1691 5294 γὰρ
1721 5224 1792 5278 τὰ

214 5292 298 5349 νίν
324 5294 685 5371 γιγραμμένα
715 5310 801 5348 σοι
830 5295 945 5355 τοῖς
985 5292 1267 5365 προτέροις
1295 5292 1731 5361 ἀντεξετάσειας,
1759 5294 1792 5365 ἢ

1972 4520 2051 4581 (ἡ)
2084 4517 2231 4583 Ηιεε,
2271 4516 2333 4571 ‘ni
2366 4516 2550 4573 Omnia
2582 4532 2669 4571 me
2707 4516 2902 4571 fallunt
2935 4518 3121 4580 verba,
3165 4516 3515 4571 induxerunt

1899 4586 2312 4642 Tillemoutium
2338 4630 2352 4652 ,
2396 4597 2457 4642 ut
2506 4588 2650 4641 banc
2684 4604 2785 4656 pro
2822 4603 2921 4643 sua
2960 4589 3235 4642 sententia
3284 4587 3517 4642 afferret

1897 4658 2209 4727 epistolam.
2243 4660 2383 4713 Sunt
2408 4660 2737 4714 autem‘htec
2773 4678 2785 4713 :
2820 4659 3165 4729 Ἐπισκοπῆς
3188 4659 3243 4711 δὲ
3262 4658 3392 4723 ἄξια
3419 4658 3517 4711 καὶ

1900 4730 2186 4800 φρονήσας
2238 4732 2334 4783 καὶ
2386 4730 2639 4799 πράξας,
2690 4730 3021 4799 συνηϐὧσαν
3052 4729 3129 4800 τῷ
3178 4730 3361 4800 χρόνῳ
3410 4730 3515 4800 τὴν

1895 4799 2057 4871 δόξαν
2092 4801 2187 4852 καὶ
2217 4801 2316 4870 τὴν
2348 4800 2515 4871 τιμὴν
2564 4802 2857 4871 κέκτηται.
2890 4832 2955 4841 —-
2982 4801 3153 4854 Codd.
3207 4799 3339 4854 Vat.
3383 4799 3513 4854 (350.

1895 4878 1953 4924 et
1992 4870 2099 4925 Alt.
2144 4872 2397 4926 inserunt
2445 4870 2591 4926 inter
2630 4870 2958 4941 συνηϐῶσαν
3008 4880 3063 4925 et
3106 4870 3183 4941 τῷ
3225 4872 3409 4941 χρόνῳ
3444 4900 3515 4909 —

1897 4942 2359 5011 συνακμάζουσαν
2384 4982 2398 5006 ,
2431 4943 2578 5010 quod
2630 4945 2965 4996 vocabulum
3014 4941 3211 4995 Petrus
3243 4942 3515 4996 Pessinus

1895 5027 2029 5067 voce
2061 5015 2155 5065 καὶ
2184 5028 2308 5067 cum
2341 5014 2799 5067 antecedentibus
2817 5013 3266 5079 conjungendum
3294 5020 3510 5073 censet.

1895 5083 1970 5137 ita
2020 5092 2079 5136 ut
2125 5092 2273 5138 totus
2320 5084 2475 5138 locus
2513 5085 2592 5137 sic
2644 5099 2704 5139 se
2740 5084 2939 5137 habent
2985 5101 2997 5137 :
3037 5082 3365 5151 συνηϐἄισαν
3413 5082 3513 5134 καὶ

1901 5155 2369 5223 συνακμάζουσαν
2401 5153 2478 5225 τῷ
2507 5156 2709 5225 χρόνω.
2760 5154 3031 5223 Equidem
3084 5154 3314 5225 verbum
3379 5169 3511 5225 συν-

1894 5222 2277 5295 ακμάςὸυσαν,
2299 5222 2682 5297 ᾳιιοᾱέιᾱᾱυηι
2715 5222 2877 5281 codd.
2915 5225 3025 5289 illi,
3052 5223 3327 5296 glossema
3358 5222 3509 5279 arbi-

1908 5303 2046 5350 ιτοτ.
