4150 6438
670 341 729 407 31
1791 346 2235 410 COMMENTA’I

2337 346 2454 410 ius
2486 346 2679 410 PARS
2713 346 2796 410 II.
3838 325 3916 390 39

1712 664 2060 779 PARS
2139 665 2845 780 SECUNDA.

1643 883 1734 940 DE
1791 885 2100 943 SCRIPTIS
2158 885 2408 943 ISIDORI
2456 885 2892 944 PELUSIOTE.

738 1186 975 1244 lsidorus
1017 1187 1288 1244 Pelusiota
1327 1196 1528 1260 prater
1583 1188 1862 1261 epistolas,
1920 1193 1988 1248 de
2031 1194 2229 1264 quibus
2257 1204 2303 1260 Α
2330 1195 2636 1252 exstiterint
2659 1194 2803 1260 libri,
2838 1209 3068 1266 quorum
3105 1194 3161 1248 in
3189 1193 3294 1249 boc
3341 1200 3530 1248 contra
3575 1189 3815 1255 Grauis,
3852 1189 3911 1244 in

670 1280 844 1334 fusius
885 1295 1105 1351 agemus
1134 1286 1344 1350 postea.
1396 1279 1532 1336 alios
1577 1293 1815 1351 quoque,
1860 1283 1954 1352 qui
1995 1299 2105 1338 non
2164 1285 2230 1339 ad

668 1380 909 1424 nostram
974 1383 1145 1439 usque
1196 1377 1564 1438 pervenerunt
1613 1377 1850 1436 etatem,
1907 1373 2232 1444 conscripsit

669 1460 867 1522 libros;
891 1460 1030 1528 quod
1053 1467 1111 1514 ut
1133 1459 1426 1530 probemus
1456 1459 1523 1515 ad
1548 1458 1728 1516 Suidze
1771 1462 1844 1533 (α)
1880 1472 1936 1517 et
1961 1462 2232 1532 Nicepho-

669 1551 713 1604 ri
744 1549 815 1619 (ὁ)
850 1550 1227 1605 auctoritatem
1266 1549 1512 1622 refugere
1545 1566 1656 1606 non
1692 1566 1917 1608 necesse
1944 1562 2047 1617 est,
2106 1569 2230 1608 cum

669 1643 784 1714 ipse
814 1645 1008 1699 librum
1034 1659 1191 1700 suum
1221 1645 1470 1700 adversus
1499 1643 1704 1701 Graeca
1733 1645 1818 1700 bis
1850 1660 2232 1702 commemora.

667 1738 826 1791 verit.
850 1735 1109 1792 llermin
1153 1736 1296 1791 enim
1327 1735 1512 1791 comiti
1551 1735 1620 1806 (c)
1650 1735 1934 1807 quaerenti,
1975 1738 2067 1808 qui
2115 1737 2228 1802 fiat,

667 1835 728 1881 ut
748 1825 1055 1880 hominibus
1083 1825 1344 1896 improbis
1367 1833 1424 1880 et
1449 1825 1694 1880 scelestis
1730 1827 2028 1896 sepissime
2050 1828 2231 1889 omnia

667 1917 778 1973 aint
816 1917 1076 1983 secunda,
1128 1916 1284 1987 probi
1323 1925 1511 1972 contra
1565 1926 1621 1971 et
1652 1916 1851 1986 pietate
1882 1917 2120 1988 insignes
2171 1919 2223 1972 in

666 2011 1026 2066 acerbissimis
1045 2019 1328 2066 versentur
1349 2010 1506 2066 malis
1527 2018 1582 2064 et
1603 2010 2020 2074 calamitatibus,
2046 2013 2234 2067 rescri-

665 2101 786 2158 bit:
828 2117 886 2156 se
929 2100 1196 2157 diﬂicilem
1241 2101 1382 2156 hanc
1434 2101 1789 2172 quaestionem
1847 2102 1907 2154 ὲν
1960 2102 2037 2173 τῷ
2096 2108 2233 2172 πρὸς

667 2192 934 2263 Ἕλληνας
991 2192 1255 2262 γραφέντι
1297 2192 1459 2261 λόγῳ,
1513 2200 1777 2262 quantum
1827 2192 1944 2247 ﬁeri
2026 2202 2229 2263 posset.

665 2283 906 2340 solvisse.
934 2284 1071 2338 Eum
1101 2283 1290 2337 eodem
1334 2284 1387 2337 in
1419 2283 1557 2338 libro
1582 2283 1636 2337 in
1677 2283 1988 2340 Grecorum
2042 2284 2234 2339 vatici-

664 2375 829 2429 nandi
861 2383 1032 2428 artem
1064 2373 1260 2428 acriter
1280 2373 1552 2428 inveetum
1581 2389 1722 2437 esse,
1750 2374 1950 2429 scimus
1987 2391 2051 2430 ex
2079 2375 2234 2430 initio

665 2463 906 2535 epistola:
935 2464 1054 2533 ejus
1087 2463 1154 2518 ad
1201 2463 1529 2531 Harpocram
1562 2464 1856 2532 sophistam
1903 2463 2000 2534 id),
2048 2467 2104 2519 in
2127 2481 2232 2533 qua

2334 1286 2426 1341 illo
2473 1287 2539 1341 de
2585 1285 2694 1341 fato
2733 1287 2925 1357 egerit,
2977 1285 3249 1355 duplicem
3321 1284 3472 1339 hunc
3542 1282 3762 1338 titulum
3810 1279 3914 1335 unl

2336 1379 2618 1447 eidemque
2669 1378 2804 1432 libro
2844 1379 2982 1432 bene
3032 1378 3324 1432 convenire
3356 1390 3516 1444 posse
3579 1373 3910 1442 respondeo,

2336 1465 2625 1521 dummodo
2638 1465 2964 1534 accipiamus
2983 1464 3245 1518 lsidorum
3276 1463 3434 1530 λόγον
3458 1462 3594 1530 πρὸς
3632 1460 3915 1537 Ἕλληνας

2337 1559 2462 1629 περὶ
2484 1557 2578 1611 τοῦ
2618 1557 2688 1628 μὴ
2722 1555 2858 1624 sive:
2888 1557 3229 1627 εἱμαρμένην
3262 1554 3564 1609 confecisse
3602 1553 3686 1621 (i).
3735 1553 3919 1619 Atque

2336 1649 2478 1718 quod
2509 1647 2665 1702 ali’ert
2717 1644 3070 1700 Heumannus
3118 1643 3219 1713 (j).
3269 1641 3360 1712 qui
3405 1640 3475 1694 ob
3527 1638 3580 1693 id
3617 1639 3814 1706 ipsum,
3854 1639 3922 1688 ut

2337 1739 2455 1808 ejus
2491 1747 2614 1793 utar
2657 1735 2860 1798 verbis,
2892 1733 3035 1803 quod
3073 1732 3275 1786 librum
3305 1731 3373 1786 de
3410 1730 3522 1784 fato
3550 1727 3785 1796 λογίδιον
3809 1739 3916 1795 po-

2338 1830 2446 1884 tius
2473 1843 2636 1898 quam
2672 1826 2828 1894 λόγον
2861 1823 3163 1879 vocandum
3197 1829 3386 1877 censet
3425 1819 3684 1878 lsidorus.
3722 1819 3790 1872 ab
3820 1817 3918 1872 illo

2337 1935 2496 1990 quem
2549 1925 2737 1973 contra
2795 1916 3010 1972 Graecos
3057 1915 3292 1985 scripsit,
3353 1914 3435 1968 bis
3482 1912 3642 1981 λόγου
3689 1911 3920 1964 nomine

2337 2021 2608 2074 ornatum,
2649 2009 2920 2065 diversum
2969 2021 3090 2062 esse
3140 2006 3348 2060 statuit.
3401 2019 3509 2058 non
3559 2001 3736 2072 magni
3791 2013 3920 2054 mo-

2337 2102 2504 2158 menti
2551 2109 2654 2156 est.
2708 2099 2841 2153 Nam
2893 2098 3134 2153 lsidorus
3174 2096 3242 2152 ab
3293 2095 3556 2150 Hermino
3586 2105 3922 2162 magnopere

2337 2194 2605 2256 laudatus,
2659 2207 2758 2262 pro
2803 2189 3021 2259 insigni,
3075 2203 3180 2258 qua
3209 2187 3481 2250 excelluit,
3514 2183 3778 2239 modestia
3815 2181 3918 2251 (ἡ),

2338 2286 2537 2342 librum
2570 2298 2729 2339 suum
2764 2281 2866 2338 etsi
2896 2282 3056 2349 λόγου
3116 2279 3338 2333 nomine
3403 2277 3626 2347 dignum
3683 2273 3922 2341 λογίδιον

2338 2373 2611 2444 appellare
2641 2371 2834 2442 potuit.
2865 2370 3043 2436 Quare
3079 2367 3164 2421 his
3200 2365 3458 2421 omnibus
3491 2363 3702 2432 probari
3725 2362 3923 2432 nequit

2340 2465 2525 2520 lsidori
2556 2465 2800 2517 adversus
2825 2459 3036 2514 Graecos
3068 2459 3420 2529 scriptionem
3462 2473 3492 2511 a
3529 2456 3666 2510 libro
3696 2455 3773 2509 De
3801 2455 3921 2522 [alo

665 2554 734 2608 de
761 2553 862 2607 hac
891 2568 950 2607 re
979 2553 1032 2606 in
1049 2553 1193 2607 hunc
1221 2553 1458 2622 loquitur
1483 2554 1700 2609 modum
1729 2571 1742 2607 :
1779 2553 1958 2624 Ὅτιή
1999 2555 2232 2626 μαντικὴ
2267 2549 2310 2606 Β
2336 2557 2605 2612 diversam
2650 2569 2791 2608 esse.
2835 2551 2996 2618 Quid,
3048 2549 3092 2604 si
3147 2550 3269 2619 quis
3297 2557 3603 2618 propterea,
3657 2546 3919 2616 quoniam

667 2643 823 2705 ῦολος
843 2639 908 2711 ἦν
927 2643 1056 2712 παρ’
1072 2641 1296 2712 Ἕλλησι
1317 2644 1411 2696 καὶ
1435 2645 1611 2713 μάτην
1629 2639 1956 2714 ὲθρυλλεΐτο,
1979 2646 2240 2700 δέδεικται

671 2734 773 2804 μέν
797 2749 885 2802 μοι
921 2733 981 2784 ὲν
1009 2731 1085 2801 τῷ
1142 2733 1280 2800 πρὸς
1325 2732 1592 2803 ’Έλληνας
1618 2733 1780 2804 λόγῳ.
1811 2734 2033 2788 Constat
2081 2736 2242 2806 igitur

666 2835 791 2878 eum
836 2831 1023 2878 contra
1077 2821 1299 2878 Graecos-
1343 2823 1458 2878 sive
1509 2824 1735 2894 gentiles
1767 2827 2142 2894 composuisse
2172 2826 2237 2878 li-

666 2914 846 2979 brum;
874 2912 967 2970 sed
993 2921 1172 2968 utrum
1195 2915 1282 2969 hic
1321 2914 1457 2969 iiber
1483 2915 1550 2969 ab
1581 2914 1671 2969 illo
1706 2917 1834 2984 περὶ
1875 2915 1968 2968 τοῦ
2000 2915 2073 2986 μὴ
2103 2911 2241 2968 εἶναι

666 3006 1030 3076 εἱμαρμένην,
1080 3021 1240 3075 quem
1286 3005 1342 3060 in
1377 3007 1478 3060 alia
1510 3006 1576 3060 ad
1613 3007 1863 3061 eumdem
1913 3007 2234 3062 llerminum

665 3096 889 3166 epistola
923 3098 990 3166 (ο)
1019 3095 1195 3157 δῦθι-ι,
1227 3095 1498 3160 diversus,
1532 3111 1601 3150 an
1629 3097 1770 3151 idem
1800 3098 1889 3163 sit,
1913 3113 2053 3152 nova
2087 3098 2238 3152 vide-

668 3185 1017 3255 turindigcre
1046 3185 1442 3254 disquisitione.
1483 3185 1745 3252 Eumdem
1782 3203 1901 3242 esse
1941 3189 2239 3243 arbitratur

667 3273 1099 3329 Ritthershusius
1127 3276 1190 3345 (fl
1212 3316 1225 3338 .
1257 3291 1492 3344 quocum
1534 3277 1799 3346 Dupinius
1832 3276 1908 3346 (ῃ)
1941 3279 2234 3343 consentit,

668 3365 760 3433 qui
784 3380 847 3419 ex
877 3365 1045 3434 ipsius
1073 3365 1264 3420 lsidori
1289 3367 1467 3421 verbis
1493 3368 1637 3422 hunc
1669 3368 1841 3424 tribus
1858 3371 2101 3439 epistolis
2133 3370 2238 3426 illis

668 3455 735 3508 de
759 3472 865 3509 uno
895 3457 1136 3524 ejusdem
1194 3459 1496 3527 argumenti
1551 3459 1688 3514 libro
1748 3460 1920 3530 egisse
1979 3462 2237 3517 audacter

669 3546 862 3614 arguit.
895 3546 1062 3616 Negat
1095 3546 1374 3602 Fabricius
1403 3550 1502 3618 (Ir),
1535 3550 1624 3619 qui
1659 3566 1723 3604 ex
1760 3561 2077 3623 argumento
2113 3553 2233 3608 libri

668 3637 914 3690 adversm
982 3637 1212 3707 Gra'coa,
1267 3656 1298 3694 a
1348 3657 1454 3704 me,
1520 3653 1788 3712 quantum
1849 3643 1964 3697 fieri
2033 3652 2232 3714 potest,

668 3727 930 3794 exposito.
964 3730 1291 3783 contrarium
1321 3730 1613 3802 colligit.—
1647 3731 1754 3788 Sed
1798 3733 2032 3795 libellus.
2074 3749 2234 3804 quem

669 3815 903 3870 lsidorus
951 3817 1022 3872 De
1053 3818 1162 3877 fato
1217 3820 1453 3889 scripsit,
1503 3832 1690 3876 contra
1723 3824 1972 3878 ethnicos
2004 3825 2236 3893 scriptus

670 3907 787 3970 fuit,
816 3908 869 3960 in
896 3924 1067 3979 eoque
1110 3910 1247 3965 libro
1273 3922 1458 3967 contra
1484 3915 1728 3984 gentiles,
1779 3917 1830 3968 in
1855 3930 1982 3985 quo.
2020 3917 2094 3969 uti
2122 3917 2232 3984 jam
2262 3901 2304 3957 (ἶ

669 3998 922 4061 diximus,
968 4002 1034 4053 de
1071 4001 1280 4069 piorum
1333 4002 1611 4058 hominum
1643 4005 1880 4068 miseria,
1913 4021 2234 4074 pravorum-

667 4104 772 4158 que
803 4089 1054 4145 felicitate
1091 4092 1372 4161 agebatur,
1415 4102 1638 4162 optuma
1677 4097 1797 4150 sine
1832 4095 1996 4151 dubio
2026 4097 2092 4151 de
2123 4097 2232 4152 fato

671 4178 883 4232 dicendi
939 4179 1037 4232 fuit
1063 4179 1394 4234 occasio.—-
1447 4180 1628 4246 Quare
1678 4200 1740 4238 ex
1791 4186 2075 4254 utriusque
2104 4186 2227 4241 libri

668 4278 986 4339 argumento
1041 4270 1215 4340 colligi
1270 4287 1379 4326 non
1416 4272 1542 4327 licet
1590 4282 1880 4344 utrumque
1923 4275 2115 4329 librum
2149 4276 2230 4329 in-

670 4367 752 4412 ter
779 4375 837 4413 se
889 4359 1054 4414 fuisse
1101 4361 1415 4427 diversum;
1459 4378 1636 4432 neque
1675 4372 1856 4418 tamen
1898 4365 2230 4422 contrarium

669 4451 794 4505 inde
819 4453 1072 4521 consequi
1117 4452 1366 4508 lubenter
1417 4453 1607 4509 fateor.
1647 4453 1799 4520 Quod
1833 4455 1876 4508 si
1907 4471 2037 4510 vero
2080 4458 2230 4525 quis-

669 4540 812 4610 piam
870 4541 1000 4594 mihi
1028 4542 1265 4611 objiciat,
1313 4541 1575 4596 lsidorum
1611 4544 1746 4597 duos
1776 4545 2020 4599 attulisse
2063 4545 2230 4598 libro-

669 4648 790 4687 rum
837 4633 1038 4697 titulos,
1101 4647 1228 4704 ergo
1281 4647 1505 4688 necesse
1563 4649 1683 4689 esse
1736 4643 1793 4688 ut
1851 4639 1958 4690 duo
2017 4652 2232 4706 quoque

742 4807 1002 4884 _(a)_§nid.
1035 4807 1319 4884 'l_cf6wpo;,
1343 4810 1536 4880 inquit,
1560 4839 1631 4849 —
1649 4813 1938 4876 ἐπιστολὰς
1963 4814 2229 4884 γέγραφε,

671 4879 765 4932 καὶ
801 4878 935 4932 ἄλλα
968 4879 1104 4932 τινὰ.

862 4945 1084 5024 Nicepb.
1107 4951 1256 5024 _Hiat.
1291 4951 1438 5024 _eccl._
1470 4950 1565 5024 lib.
1597 4967 1856 5024 stv._cap.
1887 4953 1992 5024 55;
2022 4955 2128 5005 Καὶ
2161 4955 2223 5024 δὴ

671 5017 839 5093 πολλὰ
867 5019 968 5093 μὲνΔ
991 5019 1138 5093 uberi)
1173 5024 1220 5093 ὲρ
1243 5019 1385 5093 (ad?!)
1410 5020 1671 5090 ὠφελείας
1705 5017 1922 5093 ἁπάσης
1965 5023 2184 5092 ἐμπλεω
2213 5017 2224 5052 ⁵

675 5088 905 5154 μάλιστα
926 5087 981 5138 δὲ
1011 5088 1308 5151 ἐπιστολαί.

743 5158 810 5224 (c)
837 5155 948 5226 l_.ib.
986 5173 1043 5218 ll,
1075 5174 1162 5226 cp.
1200 5158 1317 5211 187.

745 5227 820 5294 (d)
847 5224 964 5296 l_.ib.
997 5241 1057 5286 ιι,
1084 5224 1171 5296 ep.
1204 5229 1327 5281 228.

743 5297 810 5364 (εξ)
839 5294 976 5364 ιλιι».
1007 5313 1088 5360 ιιι,
1119 5294 1205 5364 ep.
1237 5296 1365 5351 255.

743 5363 808 5432 (Γ)
836 5363 1229 5437 llittvrshnsins
1255 5367 1304 5418 in
1332 5367 1475 5421 notis
1500 5368 1567 5422 ad
1597 5385 1684 5437 cp.
1712 5372 1829 5425 157.
1855 5371 1946 5425 lib.
1977 5388 2035 5424 ll.
2067 5372 2227 5427 Liber

672 5444 856 5509 contra
893 5433 1105 5489 Gnecos
1136 5437 1376 5509 fortassis
1407 5438 1550 5492 idem
1580 5433 1685 5498 est.
1724 5439 1918 5509 inquit,
1948 5457 2068 5494 cum
2102 5458 2221 5496 ora-

674 5502 839 5577 tione.
857 5519 1032 5577 quam
1069 5516 1254 5577 contra
1280 5505 1448 5559 fatum
1480 5509 1722 5577 scripsit.

748 5573 819 5650 (9)
856 5573 932 5650 Dn
962 5574 1058 5627 Pin
1244 5576 1533 5650 auct._ecc_l.
1569 5573 1696 5650 me.
1740 5577 1877 5650 Xlll.
1903 5595 1954 5646 p.
1987 5597 2048 5640 ll,
2087 5598 2138 5650 p.
2173 5584 2224 5643 4.

674 5649 785 5694 not.
830 5657 874 5700 c.
906 5643 1020 5696 haec
1043 5645 1230 5698 scribit
1258 5662 1269 5697 :
1298 5645 1333 5697 ll
1363 5644 1468 5698 cite
1491 5648 1537 5698 le
1571 5647 1751 5703 Traitc’
1779 5649 1850 5703 du
1881 5643 2057 5704 destin
2088 5643 2228 5704 dans

674 5708 721 5772 la
748 5709 903 5767 lettrc
923 5713 1045 5778 255,
1067 5714 1138 5769 du
1167 5713 1298 5772 livre
1334 5729 1410 5768 ιιι.
1431 5713 1492 5769 le
1512 5732 1576 5772 ne
1601 5717 1648 5772 le
1672 5720 1810 5774 crois
1847 5735 1942 5788 pas
1976 5719 2226 5776 diderent

2341 2657 2588 2718 utraque,
2643 2661 2705 2700 ea
2761 2645 2968 2698 scilicet
3010 2657 3171 2712 quam
3222 2641 3400 2711 primo
3447 2647 3502 2694 et
3559 2639 3721 2694 tertio
3796 2639 3922 2695 loco

2341 2737 2698 2801 laudavimus,
2741 2733 2988 2803 epistola,
3023 2731 3089 2787 ad
3137 2730 3391 2785 eumdem
3429 2730 3568 2784 datm
3599 2737 3729 2783 sunt
3774 2727 3917 2783 Her-

2340 2830 2570 2891 minum.
2595 2825 2924 2882 contrarium
2965 2821 3297 2877 contendere
3328 2828 3385 2875 et
3423 2819 3654 2890 probare
3689 2833 3921 2875 conare-

2342 2918 2467 2971 tur?
2523 2916 2714 2970 Posset
2761 2913 2906 2969 enim
2958 2927 3066 2986 non
3115 2911 3183 2965 ab
3235 2910 3382 2965 omni
3436 2909 3919 2965 verisimilitudine

2341 3008 2571 3062 alienam
2611 3007 2896 3061 instituere
2945 3002 3410 3057 ratiocinationem
3453 3002 3760 3071 huiusmodi
3795 3019 3807 3055 :
3844 2999 3920 3057 Ut

2332 3096 2468 3154 cum
2536 3113 2602 3152 ex
2638 3097 2726 3151 illa
2774 3096 2900 3150 libri
2945 3094 3165 3149 secundi
3197 3094 3263 3148 ad
3319 3093 3636 3148 llerminum
3685 3091 3918 3163 epistola

2339 3199 2613 3261 appareat.
2650 3187 2913 3242 lsidorum
2949 3185 3207 3240 Hermino
3241 3184 3342 3254 ipsi
3375 3186 3737 3255 quaestionem
3778 3200 3915 3255 pro-

2337 3278 2562 3349 ponenti
2608 3277 2974 3346 respondisse,
3036 3289 3094 3328 se
3147 3275 3214 3328 de
3255 3273 3358 3328 hac
3398 3288 3456 3327 re
3502 3273 3675 3328 fusius
3704 3274 3815 3342 jam
3859 3272 3917 3328 in

2338 3370 2476 3425 libro
2532 3371 2778 3421 adt-erm:
2836 3367 3044 3422 Gnrcos
3101 3366 3296 3435 egisse,
3353 3365 3492 3418 nihil
3548 3363 3914 3419 verosimilius

2339 3460 2427 3525 sit,
2459 3475 2616 3529 quam
2649 3457 2820 3519 illum,
2851 3458 2936 3511 cui
2973 3465 3222 3510 accurata
3253 3456 3568 3525 quaestionis
3597 3455 3915 3524 diiudicatio

2339 3560 2559 3620 accepta
2589 3563 2709 3604 esse
2739 3548 2944 3605 debuit.
2978 3548 3174 3602 blande
3203 3564 3232 3600 a
3263 3547 3514 3601 familiari
3545 3563 3644 3601 suo
3673 3562 3913 3618 rogasse,

2337 3654 2398 3700 ut
2427 3646 2621 3699 librum
2654 3645 2803 3698 illum
2834 3643 3095 3697 mitteret.
3130 3642 3317 3710 Neque
3349 3643 3516 3701 hunc.
3549 3650 3608 3694 ut
3637 3657 3699 3695 ex
3744 3641 3918 3694 altera

2336 3737 2403 3791 ad
2458 3735 2777 3790 Hominum
2834 3734 3059 3803 epistola
3117 3734 3460 3795 videremus,
3522 3748 3714 3801 preces
3769 3733 3918 3787 illius

2337 3828 2672 3897 repudiasse,
2715 3825 2808 3879 sed
2849 3826 3061 3880 misisse
3108 3841 3213 3879 una
3246 3841 3367 3880 cum
3401 3824 3483 3878 liis
3512 3825 3707 3877 litteris
3751 3839 3917 3893 quem

2338 3919 2428 3973 ille
2457 3917 2782 3987 postulasset
2810 3917 3100 3970 librum.—
3128 3915 3258 3981 Quae
3288 3915 3555 3970 sententia
3586 3915 3686 3969 etsi
3738 3915 3919 3984 primo

2340 4007 2555 4075 quidem
2587 4008 2775 4061 obtutu
2805 4006 3085 4075 placuerit,
3130 4013 3310 4059 tamen
3340 4007 3433 4075 qui
3479 4016 3689 4060 attento
3729 4005 3918 4060 animo

2339 4097 2460 4152 libri
2491 4097 2633 4151 tertii
2665 4097 2733 4151 ad
2772 4096 3090 4150 llerminum
3137 4097 3344 4152 litteras
3386 4098 3694 4167 perlegerit.
3731 4097 3778 4152 is
3801 4107 3916 4152 sta-

2337 4189 2433 4261 tim
2490 4188 2714 4256 rejiciet.
2777 4185 2864 4241 Ere
2921 4187 3066 4240 enim
3128 4187 3214 4241 his
3274 4190 3628 4243 continentur
3679 4189 3913 4243 verbis:

2343 4298 2361 4329 ι
2381 4278 2643 4344 Quoniam
2675 4277 2934 4343 scripsisti
2961 4294 3046 4332 mc
3075 4294 3252 4348 nuper
3279 4280 3516 4334 libellum
3535 4282 3602 4335 de
3633 4280 3742 4335 fato
3762 4298 3916 4336 com-

2337 4371 2602 4439 posuisse,
2635 4371 2724 4440 qui
2769 4372 2836 4425 ab
2879 4371 2998 4425 aliis
3043 4371 3250 4442 magnis
3291 4370 3544 4426 laudibus
3597 4373 3662 4427 ad
3714 4374 3914 4428 coelum

2339 4473 2508 4527 usque
2549 4459 2740 4520 elatus.
2788 4460 2856 4512 ab
2894 4459 3012 4512 aliis
3067 4459 3342 4522 omnibus,
3401 4461 3455 4513 in
3513 4463 3714 4530 quibus
3770 4463 3914 4516 idem

2338 4558 2598 4604 tractetur
2624 4560 3018 4621 argumentum,
3039 4552 3446 4620 scriptionibus.
3479 4554 3549 4606 sit
3567 4553 3914 4623 praepositus,

2337 4639 2593 4710 quoniam
2639 4649 2699 4694 ut
2737 4641 2884 4694 hunc
2925 4641 3125 4694 librum
3156 4642 3223 4695 ad
3254 4651 3307 4696 te
3349 4644 3625 4697 mitterem
3656 4653 3913 4712 precatus

2335 4813 2404 4867 du
2439 4814 2616 4868 Trailé
2635 4825 2808 4869 centre
2841 4815 2918 4870 ιω
2937 4813 3136 4870 σεηιίισ
3169 4817 3273 4872 cité
3299 4818 3434 4873 dans
3464 4819 3544 4874 les
3566 4821 3755 4876 lettres
3784 4822 3906 4884 157,

2335 4894 2390 4938 et
2429 4885 2551 4957 228,
2578 4887 2647 4938 (lu
2675 4902 2730 4939 ιι.
2766 4886 2918 4949 livre,
2949 4903 3108 4956 parce
3134 4904 3239 4956 que
3270 4903 3330 4942 re
3354 4889 3484 4957 qu‘il
3518 4907 3586 4946 en
3612 4893 3692 4946 dit
3715 4907 3785 4946 en
3817 4908 3910 4949 ces

2337 4956 2578 5008 endroits
2611 4957 2832 5025 regarde
2855 4958 2901 5010 la
2930 4958 3104 5010 meme
3139 4956 3386 5014 matiére.

2405 5026 2479 5092 (Ir)
2513 5025 2788 5079 Fabricius
2809 5027 2842 5080 1.
2873 5044 2922 5080 c.
2945 5045 2996 5095 p.
3029 5028 3154 5081 ‘256.

2408 5096 2471 5160 (il
2507 5095 2577 5173 ita
2611 5097 2826 5173 videtur
2852 5098 3382 5173 sen_sisse_Dn-pinius
3415 5100 3504 5173 qui
3530 5100 3666 5159 l.c.:
3691 5103 3726 5156 ll
3759 5107 3908 5173 parte

2336 5164 2638 5235 ini-meme,
2675 5167 2867 5235 inquit,
2909 5169 3037 5222 d‘un
3085 5164 3258 5222 Traité
3300 5172 3372 5224 du
3409 5164 3577 5225 destiti
3625 5164 3804 5228 contra
3833 5174 3908 5230 lea

2265 5219 2307 5273 Ῐ)
2337 5232 2532 5287 Centifs
2553 5269 2567 5284 .

2410 5305 2476 5382 (il
2513 5303 2814 5382 Heumann.
2845 5307 3074 5382 Diss._de
3113 5308 3239 5382 Isid.
3261 5309 3387 5382 iPel.
3430 5311 3530 5382 ἐῢ,
3559 5327 3610 5378 p.
3646 5314 3699 5368 9.

2413 5374 2708 5448 (k)rCl‘._|ib.
2735 5394 2803 5448 iv.
2827 5393 2913 5444 cp.
2933 5379 3019 5436 60.
3043 5393 3091 5445 p.
3120 5378 3341 5441 ιιϐνιίι.
3363 5383 3401 5434 Α
3430 5374 3525 5435 itu.
3555 5374 3587 5433 8
3617 5402 3722 5435 :--
3744 5385 3906 5448 Ἴσως

2334 5444 2440 5513 γὰρ
2462 5447 2506 5515 si
2527 5445 2618 5496 καὶ
2639 5446 2694 5494 ἐν
2719 5446 2887 5514 τούτῳ
2914 5444 3383 5515 πλεονεκτοῦντπι,
3406 5455 3461 5502 ἐν
3489 5452 3668 5515 ἄλλοις
3699 5444 3891 5507 πλεονέ

2340 5512 2577 5586 exsatiet,
2637 5515 2728 5586 sint
2759 5512 2875 5568 τινὰ
2904 5518 3153 5586 ἐνόησαν,
3183 5512 3256 5571 ὧν
3276 5512 3436 5582 esse;
3457 5522 3562 5574 οὐδ’
3596 5512 3672 5584 sic
3699 5524 3904 5577 ἔννοιαν

2333 5583 2633 5662 ἀφιξόμῃν.
2683 5583 2933 5662 Ejusdem
2989 5583 3520 5662 in_senten_tiis_suis
3565 5583 3903 5662 exponendis

2335 5653 2904 5776 :n‘qdelsgalmanifcsta
2937 5667 3017 5710 est
3047 5658 3100 5710 in
3132 5675 3218 5728 cp.
3253 5660 3338 5717 85.
3369 5660 3460 5713 lib.
3494 5677 3551 5726 ιι,
3584 5653 3668 5732 ep.
3703 5664 3822 5726 ne,
3850 5674 3907 5718 et

2445 5763 2457 5776 .
2511 5739 2523 5774 ι
2573 5763 2585 5776 .
2631 5739 2679 5776 v.
2715 5755 2783 5767 --

2445 5763 2457 5788 ,
2490 5739 2585 5778 ιιι).
2612 5739 2679 5776 Iv.
2715 5755 2783 5767 --
