4150 6438
733 378 802 443 35
1822 367 2492 436 COMMENTATIONIS
2528 368 2717 428 PARS
2756 365 2834 427 II.
3899 355 3977 422 36

733 492 943 547 editum
974 487 1165 543 lsidori
1198 486 1481 541 Pelusiotz
1511 497 1647 552 Opus
1681 481 1732 535 in
1775 479 2144 548 manuscripto
2167 491 2302 545 quo-
2332 484 2377 537 Α
2407 485 2574 542 ptttra'
2604 474 2944 543 epistolarum
2970 471 3087 524 libri
3107 479 3350 540 quatuor.
3388 468 3616 533 Quorum
3649 479 3749 534 tres
3770 469 3983 537 priores

731 582 856 637 dam
883 590 1095 635 exstare
1129 578 1468 641 testificatur,
1502 575 1581 630 sic
1615 573 1938 642 inscriptum
1971 591 1982 625 :
2029 571 2295 639 Ἰσιδώρου

730 670 824 723 τοῦ
862 668 1237 737 Πηλουσιώτου
1258 670 1555 739 ἐρωτήσεις
1594 664 1687 718 καὶ
1741 664 2078 731 ἀποκρίσεις.
2110 658 2297 713 Conti-

731 768 932 810 nontur
959 766 1140 810 autem
1196 756 1302 809 hoc
1332 756 1517 809 codice
1570 768 1677 806 non
1717 752 1890 805 solum
1944 749 2149 807 Isidori,
2192 746 2296 826 sed

728 846 895 899 etiam
918 844 1316 915 Chrysostomi,
1336 842 1538 904 Basilii,
1561 840 1946 911 Olympiodori,
1967 837 2091 899 Nili,
2113 835 2292 898 Marci,

732 933 945 987 Maximi
986 942 1039 985 et
1070 931 1359 985 Theodosii
1409 930 1742 998 qumstiones
1775 936 1829 980 et
1870 939 2146 993 rcSponsa,
2177 939 2295 991 quae

730 1030 920 1073 auctor
970 1019 1191 1087 collegit
1230 1031 1551 1085 anonymus.
1605 1014 1885 1082 Equidem,
1941 1012 2063 1079 quia
2118 1010 2294 1078 ipsum

728 1107 969 1161 codicem
1000 1104 1314 1172 inspiciendi
1338 1103 1469 1157 mihi
1500 1117 1606 1156 non
1643 1102 1764 1154 data
1787 1100 1885 1153 fuit
1906 1099 2135 1162 occasio,
2162 1114 2295 1153 num

728 1197 782 1250 in
826 1197 917 1250 illo
942 1196 1159 1266 inedita
1212 1196 1455 1264 quaedam
1483 1194 1702 1255 lateant,
1736 1208 1844 1246 non
1895 1192 2068 1244 audeo
2105 1191 2293 1244 decer-

726 1304 855 1343 nere
879 1304 892 1351 ;
919 1288 1011 1341 sed
1036 1302 1225 1357 magna
1258 1286 1389 1339 mihi
1421 1295 1505 1340 est
1529 1286 1767 1355 suspicio
1786 1283 2151 1353 qumstionum
2176 1282 2293 1334 illa-

727 1391 846 1429 rum
879 1383 934 1428 et
981 1389 1387 1443 responsorum,
1425 1389 1544 1441 qua:
1578 1372 1756 1425 omnia
1788 1372 1852 1424 ad
1893 1368 2294 1437 interpretatio-

726 1476 850 1515 nem
887 1460 1169 1514 Librorum
1230 1474 1504 1514 sacrorum
1542 1459 1793 1512 videntur
1830 1456 2120 1526 pertinere,
2179 1455 2293 1508 col-

725 1551 981 1605 lectorem
1033 1548 1522 1619 descripsisse,uti
1567 1562 1633 1600 ex
1686 1544 2072 1614 Chrysostomi,
2110 1542 2291 1596 Basilii

724 1638 1061 1707 aliorumque
1120 1636 1397 1705 operibus,
1452 1633 1525 1686 ita
1576 1640 1631 1685 et
1674 1647 1739 1685 ex
1796 1630 1986 1684 lsidori
2028 1629 2287 1699 epistolis,

724 1740 843 1793 quae
896 1726 995 1793 ipsi
1055 1724 1121 1777 ad
1166 1738 1318 1776 suam
1376 1726 1489 1774 rem
1523 1721 1698 1775 facere
1754 1718 2086 1772 viderentur.
2146 1715 2289 1782 Qua-

2401 582 2517 619 cum
2548 562 2739 615 Latina
2764 563 3191 630 interpretatione
3218 559 3407 613 Jacobi
3432 559 3575 613 Billii
3601 561 3825 629 primum
3848 571 3983 614 ante

2401 672 2565 708 annos
2626 671 2689 707 xx
2758 653 2973 705 Parisiis
3027 653 3277 720 prodiere.
3320 651 3440 704 Jam
3474 668 3590 704 rero
3636 652 3725 703 sub
3766 651 3981 717 prelum

2408 747 2634 798 revocati
2660 760 2755 797 ms.
2791 743 2903 794 cod.
2934 742 3179 795 Βαναγὶεὲ
3209 758 3303 809 ope
3331 740 3569 810 plurimis
3600 742 3654 792 in
3681 740 3805 792 locis
3837 740 3983 791 insi-

2402 840 2570 909 gniter
2610 837 2773 898 aucti,
2815 834 3059 903 suppleti,
3116 833 3331 887 conecti
3374 840 3515 909 sunt.
3558 830 3789 896 Quartus
3833 847 3985 884 nunc

2401 933 2627 997 primum
2656 932 2757 983 erit
2779 946 2935 983 novus
2965 944 3028 981 ex
3064 926 3241 979 eodem
3275 926 3448 978 codice
3478 923 3605 977 Bav.
3638 924 3720 975 cui
3749 921 3981 977 Venetus

2400 1018 2455 1069 in
2481 1018 2778 1071 bibliotheca
2809 1017 2863 1070 8.
2908 1016 3075 1069 Marci
3122 1015 3411 1082 respondet,
3440 1014 3723 1080 descriptus
3745 1020 3792 1065 et
3820 1011 3983 1064 Lati-

2396 1124 2492 1160 nus
2535 1108 2705 1175 factus
2745 1126 2775 1159 α
2823 1108 3072 1160 Conrado
3113 1103 3454 1157 Rittershusio
3506 1100 3598 1156 IC.
3633 1101 3713 1155 Ea:
3762 1101 3977 1169 ofﬁcina

2401 1194 2819 1249 Commcliniuna
2857 1195 3010 1251 1605.

2469 1286 2871 1340 Rittershusius
2906 1296 2959 1339 et
2988 1298 3149 1353 quam
3187 1282 3421 1337 Joannes
3451 1281 3755 1337 Chatardus
3806 1287 3980 1333 nota-

2396 1373 2493 1440 vit,
2521 1385 2576 1428 et
2604 1391 2765 1444 quam
2797 1376 2911 1445 ipse
2940 1390 3003 1427 ex
3034 1374 3222 1427 codice
3250 1389 3348 1427 suo
3369 1371 3709 1440 deprompsit
3738 1370 3981 1436 scriptu-

2395 1482 2467 1521 rae
2522 1467 2890 1521 diversitatem
2934 1467 3219 1535 diligenter
3275 1464 3506 1535 margini
3569 1462 3847 1531 ascripsit;
3894 1459 3977 1513 ita

2393 1556 2613 1626 quidem
2648 1567 2727 1620 ut,
2759 1558 2801 1609 si
2836 1557 2887 1610 in
2913 1558 3095 1611 codice
3128 1554 3384 1609 Bavarico
3405 1554 3673 1608 velunum
3698 1552 3783 1605 vel
3812 1552 3979 1621 plura

2393 1648 2574 1703 addita
2608 1648 2827 1701 fuerunt
2859 1647 3139 1710 vocabula,
3176 1647 3376 1706 locum,
3418 1659 3578 1713 quem
3612 1643 3700 1696 illa
3732 1644 3787 1696 in
3814 1651 3977 1695 textu

2394 1748 2639 1803 tenuere,
2686 1740 2841 1795 stella
2889 1747 3124 1801 notaret,
3174 1751 3442 1805 vocesque
3495 1734 3549 1786 in
3590 1733 3980 1802 manuscripto

723 1814 1173 1885 propter-inedita
1198 1812 1463 1882 quasdam,
1503 1813 1579 1864 uti
1625 1826 1689 1863 ex
1725 1810 1882 1863 titulo
1916 1808 2127 1877 collegit
2160 1808 2286 1887 Ilar-

2395 1832 2498 1884 isto
2528 1831 2758 1885 omissas
2790 1830 2944 1883 uncis
2985 1828 3305 1882 includeret.
3341 1826 3624 1881 Accedunt
3644 1825 3851 1879 indices
3882 1825 3978 1879 lo-

724 1903 867 1957 tltius
901 1904 978 1971 (a)
1014 1903 1070 1955 in
1101 1902 1192 1954 illo
1238 1901 1406 1953 latere
1435 1899 1620 1954 codice
1644 1897 1834 1967 exigua
1866 1905 2095 1971 tantum
2155 1896 2288 1948 mihi

723 2008 847 2047 SDBS
873 2002 976 2047 88L

788 2009 847 2047 es
873 2009 976 2047 est.

755 2009 977 2154 pNeque
1001 2094 1133 2155 puto
1182 2085 1306 2139 novi
1339 2082 1468 2153 quid
1509 2089 1723 2136 exstare
1750 2081 1804 2133 in
1835 2080 1972 2132 libro
2003 2078 2074 2147 (b)
2133 2079 2288 2145 cujus

724 2178 909 2231 titulus
938 2178 1024 2231 hic
1052 2187 1136 2230 est
1162 2194 1172 2227 :
1207 2176 1441 2229 Isidorus
1489 2174 1753 2227 Pelusiota
1787 2174 1849 2224 de
1890 2171 2162 2222 nativitate
2188 2170 2288 2222 Do-

721 2270 873 2327 mini.
906 2268 1087 2324 Defuit
1116 2276 1295 2322 autem
1326 2268 1473 2321 hunc
1505 2266 1745 2322 libellum
1781 2262 2101 2334 inspiciendi
2132 2279 2287 2317 occa-

723 2368 826 2420 sio.
866 2364 991 2421 Haec
1020 2366 1300 2420 hactenus.

1068 2497 1556 2554 EPISTULARUM
1590 2496 1968 2553 EDITIONES.

794 2640 1114 2695 Prodierunt
1138 2638 1356 2693 Parisiis
1385 2651 1529 2689 anno
1562 2636 1715 2699 1585,
1742 2635 1793 2688 in
1825 2635 1953 2689 folio
1979 2652 1992 2687 :
2023 2631 2077 2687 S.
2098 2633 2287 2687 Isidori

726 2733 1002 2786 Pelusiotae
1030 2730 1367 2798 epistolarum
1403 2728 1628 2795 amplius
1663 2726 1803 2780 mille
1852 2729 2192 2779 ducentarum
2219 2726 2285 2778 li-

721 2824 800 2877 bri
828 2834 927 2874 tres
954 2836 1088 2873 nunc
1126 2820 1351 2888 primum
1400 2818 1576 2874 Grarce
1610 2819 1751 2870 editi.
1784 2817 1979 2880 Quibus
2026 2835 2052 2870 e
2086 2819 2287 2886 regione

720 2914 933 2967 accessit
974 2911 1163 2965 Latina
1211 2910 1491 2962 clarissimi
1527 2910 1625 2962 viri
1668 2909 1849 2962 Jacobi
1884 2908 2027 2961 Billii
2051 2909 2282 2973 Prumei,

719 3005 772 3060 8.
807 3002 1070 3058 Michaelis
1098 3004 1150 3053 in
1182 3017 1352 3054 eremo
1378 3001 1641 3069 quondam
1689 3001 2077 3065 ca‘nobiarcha'e,
2122 3002 2286 3053 inter-

720 3098 965 3167 pretatio.

790 3187 929 3244 Huic
975 3187 1200 3243 editioni
1230 3185 1447 3255 praillxa
1494 3194 1576 3240 cst
1599 3184 1821 3241 Joannis
1866 3183 2121 3239 Chatardi
2164 3184 2281 3255 epi-

719 3281 855 3337 stola
900 3280 965 3334 ad
1018 3278 1386 3334 Godofredum
1426 3277 1658 3342 Billium,
1702 3293 1807 3347 qua
1850 3278 2160 3341 edocemur,
2191 3277 2282 3331 Ja-

720 3373 915 3427 cobum
973 3370 1207 3436 Billium,
1262 3370 1405 3425 illius
1456 3368 1714 3435 fratrem,
1788 3370 1978 3446 Isidori
2030 3370 2284 3439 epistolas

724 3463 984 3519 “CCXIII
1030 3464 1243 3519 Grecas
1268 3464 1323 3517 in
1358 3462 1603 3517 Latinam
1632 3463 1869 3533 linguam
1921 3463 2281 3528 transtulisse,

721 3558 897 3627 ipsum
926 3570 1057 3611 vero
1082 3566 1430 3626 praematura,
1466 3570 1573 3624 quo
1600 3556 1781 3611 minus
1807 3556 1947 3609 hanc
1970 3555 2157 3609 ederet
2198 3555 2283 3609 in-

722 3649 1159 3719 terpretationem
1187 3687 1201 3712 ,
1261 3657 1436 3702 morte
1488 3648 1804 3716 impeditum
1851 3662 1989 3702 esse.
2046 3646 2283 3701 Joannes

720 3742 883 3814 igitur
906 3741 1205 3798 Cbatardus
1226 3742 1363 3801 hanc
1391 3742 1627 3811 suscepit
1658 3742 1986 3811 provinciam
2017 3742 2284 3811 simulque

722 3843 781 3890 ut
820 3835 981 3889 etiam
1022 3832 1205 3889 Graece
1229 3832 1335 3887 illa;
1383 3833 1779 3888 excuderentur
1809 3832 2068 3902 epistolae,
2127 3848 2285 3888 cura-

719 3926 817 3981 vit.
876 3924 1168 3996 Scriptura:
1225 3924 1514 3979 diversitas
1580 3925 1805 3995 margini
1861 3925 2113 3978 adnotata
2178 3933 2280 3978 est.

717 4016 1000 4071 Accedunt
1031 4015 1214 4070 Jacobi
1237 4015 1373 4069 Billii
1396 4015 1680 4069 Sacrarum
1702 4014 2136 4069 Observationum
2163 4014 2281 4068 libri

717 4110 848 4166 duo.

787 4205 925 4260 Sunt
985 4213 1165 4258 autem
1212 4189 1283 4257 'S.
1343 4201 1534 4257 lsidori
1594 4201 1877 4257 Pelusiotae
1933 4203 2281 4272 epistolarum

716 4295 950 4364 amplius
986 4294 1133 4349 mille
1181 4292 1542 4349 ducentarum
1576 4292 1705 4346 libri
1736 4302 1845 4347 tres
1884 4293 2085 4348 Jacobo
2128 4294 2281 4349 Billio

718 4382 1013 4452 interprete
1061 4382 1241 4437 recusi
1309 4382 1366 4435 in
1413 4396 1608 4451 magna
1643 4380 1979 4436 Bibliotheca
2009 4380 2121 4435 νγ.
2174 4382 2276 4436 ΡΡ.

716 4475 804 4530 ed.
838 4473 1026 4529 Colon.
1054 4489 1182 4527 ann.
1220 4472 1382 4538 1618,
1417 4481 1455 4526 ι.
1488 4470 1552 4539 γ,
1577 4488 1631 4541 p.
1664 4486 1747 4535 nl,
1776 4488 1831 4542 p.
1855 4472 2114 4527 476-621.

786 4564 981 4619 Tribus
1044 4564 1131 4618 his
1190 4563 1545 4635 epistolarum
1582 4564 1733 4619 libris
1784 4571 2036 4634 quartum
2082 4562 2279 4633 adjecit

715 4655 1142 4721 Rittershusius,
1202 4671 1502 4725 omnesque
1554 4655 1723 4710 edidit
1774 4655 1876 4710 sub
1930 4655 2036 4710 hoc
2081 4654 2273 4732 titulo:

715 4742 774 4803 8.
804 4746 994 4802 Isidori
1041 4744 1321 4801 Pelusiotae
1352 4747 1414 4800 de
1441 4747 1869 4814 interpretatione
1911 4746 2101 4799 divina:
2140 4745 2283 4800 Scri-

782 4899 858 4969 (a)
891 4897 1148 4969 Hardtius
1180 4897 1218 4951 ι.
1256 4912 1305 4952 c.
1338 4896 1554 4969 lsidori,
1581 4895 1774 4969 inquit,
1818 4894 2103 4969 Pelusiotae
2124 4911 2274 4969 quae-

712 4965 917 5023 stiones
942 4968 1129 5021 nullibi
1166 4974 1492 5032 memoratas
1515 4966 1718 5020 inveni.
1736 4965 1997 5029 —Quare
2023 4966 2185 5019 etiam
2218 4966 2273 5018 in

713 5036 893 5091 indice
925 5036 1053 5090 huic
1087 5045 1233 5090 tomo
1262 5036 1472 5104 adjecto
1504 5033 1863 5099 hunchidori
1900 5035 2098 5089 librum
2131 5036 2273 5089 inter

2391 1921 2747 1990 cupietissimi
2810 1922 3021 1989 aliaque
3078 1919 3305 1973 minoris
3361 1917 3641 1971 momenti.
3692 1915 3977 1970 Castorum

2391 2013 2509 2067 haec
2538 2012 2704 2066 editio
2746 2026 2814 2064 ne
2863 2012 3004 2064 linea
3039 2010 3259 2079 quidem
3289 2015 3494 2061 mutata
3525 2020 3670 2060 anno
3698 2015 3975 2074 sequente

2389 2105 2443 2158 in
2476 2105 2663 2158 eadem
2698 2117 2887 2157 recusa
2914 2112 2998 2157 est
3026 2102 3258 2157 ofﬁcina.

2460 2208 2616 2260 Anno
2649 2206 2865 2260 demum
2891 2203 3026 2258 1625
3055 2202 3297 2256 Andreas
3338 2178 3597 2254 Scholtus
3624 2196 3809 2251 [sidori
3842 2194 3976 2265 epi-

2391 2296 2559 2349 stolas
2598 2294 2759 2349 DLIX
2808 2309 2839 2347 e
2894 2294 3082 2348 codice
3116 2291 3377 2345 Vaticano
3432 2288 3603 2342 edidit
3647 2286 3976 2355 Antuerpise

2389 2386 2537 2447 in-8,
2563 2387 2662 2439 sub
2706 2387 2809 2439 hoc
2852 2386 3045 2438 titulo:
3079 2382 3184 2436 Τοῦ
3215 2384 3271 2433 ὲν
3304 2382 3478 2447 ἁγίοις
3518 2380 3728 2445 Πατρὸς
3765 2376 3975 2431 Ἰσιδώ-

2392 2486 2487 2538 ρου
2520 2468 2612 2520 τοῦ
2647 2467 3023 2537 Πη).ουσιώτου
3052 2465 3328 2518 ἐπιστολαὶ
3352 2463 3644 2517 ἀνέκδατοι.
3682 2460 3735 2515 8.
3769 2460 3973 2516 Jsidori

2390 2557 2671 2611 I’elusiota.’
2711 2558 2941 2627 epistolis
2979 2558 3225 2609 hactenus
3266 2554 3476 2607 inedin
3522 2554 3587 2605 de
3636 2553 3759 2605 locis
3795 2568 3975 2606 sacra

2390 2646 2680 2715 Scriptura’
2712 2650 3042 2715 moribusque
3068 2645 3393 2715 formandis;
3416 2659 3479 2696 ex
3512 2643 3763 2695 Vaticana
3786 2644 3971 2710 ponti-

2386 2738 2496 2805 ficis
2530 2738 2829 2791 bibliotheca
2873 2753 3007 2790 nunc
3038 2738 3263 2804 primum
3298 2744 3459 2788 eruta:
3490 2735 3726 2801 notisque
3778 2744 3826 2787 et
3868 2750 3972 2787 ar-

2387 2830 2641 2898 gumentis
2684 2829 2964 2882 illustratus
3010 2830 3073 2881 ab
3138 2828 3351 2880 Andrea
3411 2824 3640 2889 Schotto,
3694 2825 3973 2879 societatis

2386 2918 2507 2972 Jesu
2538 2919 2850 2987 presbytero.

2461 3010 2618 3059 Anno
2659 3016 2921 3074 sequente
2956 3005 3255 3075 publicavit
3292 3005 3433 3059 idem
3477 3004 3724 3061 Latinam
3760 3004 3968 3060 barum

2387 3096 2736 3165 epistolarum
2772 3094 3273 3164 interpretationem
3300 3095 3505 3150 Romae.

2453 3204 2789 3258 Francofurti
2839 3215 3018 3259 autem
3058 3221 3201 3261 anno
3242 3205 3376 3261 i629
3436 3207 3639 3261 eisdem
3672 3221 3736 3260 ea
3783 3205 3966 3261 forma

2383 3307 2588 3345 recns-.9
2634 3302 2779 3356 sunt,
2828 3302 2887 3347 ut
2948 3294 3172 3348 editioni
3233 3294 3682 3348 Rittershusiana:
3736 3292 3963 3347 annecti

2382 3388 2644 3448 possent,
2671 3380 2769 3433 sub
2803 3380 2904 3435 hoc
2938 3382 3089 3436 titulo
3133 3399 3145 3433 :
3188 3380 3245 3435 S.
3290 3382 3481 3436 Isidori
3525 3380 3806 3434 Pelusiota:
3834 3397 3966 3449 pre-

2382 3471 2579 3538 sbyteri
2608 3472 2967 3539 epistolarum,
2992 3490 3106 3542 qua'
3140 3475 3195 3525 in
3217 3473 3365 3527 Billii
3388 3485 3433 3526 et
3480 3473 3811 3527 Rittershusii
3840 3474 3962 3527 edi-

2386 3563 2612 3616 tionibus
2641 3564 3023 3627 desiderantur,
3046 3565 3285 3618 volumen
3307 3566 3557 3635 reliquum
3579 3582 3595 3627 ;
3628 3583 3757 3635 quas
3771 3582 3834 3619 ex
3853 3565 3963 3620 Va-

2385 3655 2561 3706 ticana
2590 3652 2646 3708 8.
2680 3655 2858 3707 Patris
2884 3656 3185 3709 bibliotheca
3227 3674 3392 3725 nuper
3431 3667 3625 3723 erutas,
3661 3674 3798 3711 nunc
3839 3659 3961 3725 pri-

2382 3760 2525 3797 mum
2583 3743 2762 3797 Gra'ce
2791 3755 2838 3798 et
2884 3744 3073 3799 Latine
3113 3747 3399 3814 conjunxit,
3444 3748 3676 3816 notisque
3709 3755 3757 3799 et
3789 3764 3961 3817 argu-

2380 3834 2567 3887 mentis
2608 3834 2889 3889 illnstravit
2938 3835 3003 3889 Β.
3034 3835 3095 3889 Ρ.
3132 3837 3369 3890 Andreas
3395 3836 3654 3901 Schottus,
3691 3837 3959 3891 societatis

2380 3922 2500 3977 Jesu
2530 3924 2811 3989 presbyter.

2453 4025 2559 4081 Sed
2596 4026 2823 4080 Lutetia:
2867 4029 3083 4083 tandem
3122 4032 3438 4101 prodierunt
3477 4034 3716 4103 quinque
3758 4032 3956 4090 lsidori

2383 4115 2732 4183 epistolarum
2758 4117 2878 4171 libri
2901 4134 3044 4181 anno
3066 4120 3219 4185 1658,
3252 4122 3306 4175 in
3338 4123 3486 4189 folio,
3505 4124 3605 4178 sub
3626 4124 3727 4177 hoc
3758 4124 3951 4180 titulo:

2381 4204 2439 4260 S.
2472 4206 2665 4261 Isidori
2696 4207 2975 4289 Pelusiotae
3029 4214 3092 4263 de
3130 4213 3554 4281 interpretatione
3590 4215 3779 4268 divina!
3800 4214 3954 4270 Scri-

2378 4304 2545 4361 ptura:
2576 4295 2693 4348 libri
2721 4298 2981 4366 quinque;
3004 4297 3223 4365 quorum
3255 4310 3357 4356 tres
3389 4304 3585 4369 priores
3609 4320 3672 4357 ea:
3694 4305 3954 4374 interpre-

2384 4386 2581 4438 tatione
2608 4385 2797 4440 Jacobi
2830 4388 2999 4452 Billii,
3027 4400 3244 4458 quartus
3266 4402 3443 4445 autem
3474 4410 3507 4446 a
3538 4391 3785 4463 Cunrado
3827 4393 3952 4448 Rit—

2310 4483 2354 4541 D
2383 4477 2633 4530 tershusio
2665 4475 2776 4541 IC.,
2822 4480 2923 4546 -qui
2968 4488 3013 4532 et
3062 4490 3210 4535 notas
3268 4482 3551 4550 uberiores,
3584 4494 3634 4538 et
3690 4502 3949 4547 summas.

2384 4578 2431 4621 et
2464 4567 2657 4621 indices
2697 4568 2957 4638 prioribus
2990 4570 3133 4625 libris
3159 4572 3388 4641 adjecit:
3419 4583 3469 4628 et
3493 4576 3706 4644 quintus
3742 4580 3811 4633 ab
3832 4574 3949 4630 An-

2385 4659 2509 4713 drea
2542 4657 2768 4724 Schotto,
2810 4678 2945 4715 nunc
2968 4664 3195 4731 primum
3211 4664 3266 4717 in
3296 4662 3473 4719 Gallia
3506 4666 3779 4734 prodeunt.

2457 4746 2517 4800 In
2548 4748 2649 4801 hac
2673 4748 3061 4818 cditione,qu:e
3083 4751 3265 4805 multis
3298 4760 3467 4808 scatet
3492 4753 3767 4808 erroribus
3794 4758 3950 4823 typo-

2383 4895 2588 4952 inedita
2611 4897 2796 4954 refert.

2454 4966 2524 5043 (b)
2570 4968 2774 5043 _P_ro_diit
2811 4969 2895 5043 hic
2930 4971 3067 5043 liber
3121 4970 3394 5043 Haganoaa
3451 4972 3609 5039 1529,
3660 4972 3805 5028 ἰπὶ-4.
3849 4973 3942 5031 Cf.

2379 5038 2538 5090 catal.
2570 5037 2700 5089 bibl.
2734 5037 2900 5092 Andr.
2930 5039 3075 5095 Paw.
3110 5041 3205 5113 (1).

773 5188 843 5249 (1)
865 5186 1021 5257 Liber
1039 5189 1181 5257 cujus
1202 5187 1402 5257 titulum
1429 5186 1715 5257 Niemeyer,
1739 5200 1789 5249 p.
1808 5187 1894 5257 ἕξεί,
1918 5200 1977 5236 ex
2005 5189 2226 5257 catalogo
2246 5188 2456 5257 quodam
2481 5189 2688 5257 exhibet
2710 5205 2721 5237 :
2750 5190 2970 5257 Isidorus
2998 5192 3243 5257 Pelusiota
3273 5197 3334 5257 de
3361 5196 3609 5257 nativitate
3630 5196 3823 5248 Domini
3843 5197 3946 5249 Ha-

710 5247 1026 5326 suae}?
1038 5247 1202 5326 321-53.
1215 5256 1278 5326 εξ
1294 5247 1779 5326 reuerentem.
1801 5247 2085 5326 idemne???
2105 5247 2395 5326 sit-.3909
2436 5250 2632 5326 ρτίξρῖὲε
2667 5252 2978 5326 incutitur:
3010 5258 3068 5326 1:!-
3104 5255 3291 5326 ξείριονί
3320 5256 3548 5322 episcopi.
3589 5247 3945 5326 mammea-

711 5309 1016 5380 t;_tissimi_._de
1037 5309 1280 5380 nativitate
1301 5309 1511 5380 Domini,
1535 5316 1631 5380 etc.
1654 5309 1767 5380 libri
1786 5310 1901 5380 duo.
1926 5309 2335 5380 Haganoted529,
2358 5309 2483 5380 ign-1.
2513 5309 2595 5380 Isti
2620 5319 2783 5380 autem
2806 5314 2936 5380 libri,
2961 5320 3043 5378 qui
3066 5318 3185 5366 mihi
3210 5309 3387 5380 prast'o
3412 5309 3549 5375 sunt;
3576 5309 3830 5370 reveraVS.
3849 5309 3944 5371 lsi-

708 5370 892 5445 ςΙυιὯιι]Δ
909 5370 1244 5445 antigenes!)
1256 5367 1819 5445 auctorem‘yabeprtz‘et
1840 5367 2290 5445 cum'iiiscriptione
2316 5367 2531 5445 i‘pontra
2552 5373 2751 5424 Judwos
2768 5367 3091 5445 reperiuntur
3111 5382 3159 5427 in
3185 5367 3378 5440 o‘ptima
3401 5367 3753 5443 ejusieditione
3773 5367 3940 5445 (quam

709 5429 898 5504 curavit
917 5424 973 5479 F.
999 5424 1229 5504 'Areyalo)
1255 5434 1417 5504 Roma
1437 5431 1554 5504 1791
1575 5424 1803 5504 -μ11803,
1845 5428 1993 5504 ενι,
2017 5445 2063 5491 p.
2099 5424 2137 5500 ρ’
2151 5445 2288 5504 seqq.
2327 5434 2663 5504 Praeterquam
2699 5424 3157 5504 enim'quodilocus
3182 5424 3243 5489 éi
3258 5424 3511 5491 'Siiﬁui‘éi
3533 5424 3940 5504 iobiiiiﬁ‘ﬁ‘rééi

707 5491 823 5564 libri
838 5497 1145 5564 congruunt,
1167 5490 1456 5563 imprudens
1475 5490 1763 5564 autsciolus
1785 5490 1993 5564 catalogi
2017 5490 2241 5564 scriptor}
2258 5490 2971 5564 cum_prioriespistis_duobu_s
3000 5500 3156 5564 libris,
3188 5510 3334 5563 prout
3358 5490 3601 5564 [laganoae
3629 5490 3747 5552 1529
3772 5490 3940 5553 editus

709 5560 804 5622 est,
832 5552 886 5622 in
909 5552 1131 5622 margine
1148 5552 1395 5622 superiori
1420 5552 1710 5622 simpliciter
1750 5552 1980 5601 n0tatur’:
2013 5566 2043 5622 t_
2061 5552 2351 5622 Bilsidorus
2373 5552 2436 5603 de
2474 5557 2730 5622 nativitates
2757 5559 2969 5622 Domini,
2996 5578 3013 5609 ι
3042 5552 3200 5610 facile'
3222 5552 3519 5613 Pelusioth
3541 5565 3605 5612 de
3645 5578 3731 5613 suo
3756 5565 3939 5613 addere

706 5599 883 5673 pota...
906 5599 1945 5687 adnisa-assas-"sisi;gaudes,
1968 5599 2107 5684 ρης...
2132 5599 2199 5685 ..ς
2213 5599 2463 5663 animus.
2476 5599 3012 5677 ;is;;".;;.3arua.'
3024 5599 3131 5673 .2;
3140 5599 3938 5687 “.1;csa;astusasgzzaisas

706 5674 930 5721 occurrit.
961 5674 1136 5723 Eadem
1153 5677 1304 5731 igitur
1324 5676 1472 5723 fuerit
1492 5676 1821 5731 hallucmatto,
1848 5688 1993 5731 quam
2017 5688 2123 5731 ipse
2144 5674 2406 5731 Niemeyer
2428 5677 2525 5726 alio
2546 5680 2597 5726 in
2620 5680 2727 5728 loco
2750 5693 2795 5731 ι).
2826 5635 2915 5731 illi
2934 5684 2995 5731 de
3021 5686 3188 5731 codice
3214 5686 3421 5731 anodam
3443 5688 3773 5731 manuscrinto
3801 5693 3937 5731 recte

705 5674 930 5743 (ξυευτςίι
961 5674 1304 5743 ιὲξάεωέείωτ
1324 5676 1472 5743 fuerit
1492 5674 2123 5743 ttatnanctusnactus
2144 5674 2525 5743 Νίειηθγεηειίο
2546 5674 2727 5728 inloco
2750 5693 2795 5743 ρ-
2826 5683 2844 5729 ί

2934 5684 2995 5731 de
3021 5686 3188 5733 codice
3214 5686 3421 5747 quodam
3443 5688 3773 5747 manuscripto
3801 5684 3937 5737 recte

706 5733 1047 5795 deprehendit.
1069 5760 1127 5773 --
1148 5733 1375 5792 Fessus,
1406 5735 1562 5786 Instit.
1588 5735 1795 5796 Pati-OL,
1821 5736 1848 5783 Ι
1857 5733 1899 5793 ι,
1920 5733 2470 5797 625.‘0£niponte1850.
