4150 6444
135 392 192 452 '37
1244 373 1352 434 ‘DE
1393 367 1739 432 SCRIPTIS
1775 365 2071 427 ISIDORI
2106 362 2368 425 PELUS.
3375 353 3449 417 38

137 501 419 576 graphicis,
453 499 624 553 etiam
658 497 769 551 hoc
801 493 1230 564 vituperandum
1259 498 1363 554 est,
1397 483 1545 558 quod
1568 484 1740 540 stella:
1767 492 1815 546 Α
1842 481 2133 551 Scriptura:
2172 480 2516 550 epistolarum
2573 478 2732 531 editio
2767 477 2941 545 prima
3002 453 3197 530 l’cneta
3249 469 3449 525 Latina

139 591 591 668 quidem,quibus
617 587 1033 644 Rittershusius
1069 586 1123 639 in
1148 583 1409 637 Bavarico
1439 579 1627 636 codice
1651 584 1747 630 aut

145 703 304 743 unum
324 695 422 740 aut
441 684 738 752 complura
767 680 953 735 addita
987 692 1107 734 esse
1139 675 1402 731 vocabula
1440 671 1746 743 significare

144 781 324 842 voluit,
357 779 412 831 in
442 787 661 832 textum
682 782 920 840 receptae
971 779 1132 834 sunt;
1163 783 1342 837 neque
1373 776 1556 819 tamen
1611 762 1747 816 scri-

147 886 311 943 plura:
355 869 657 924 diversitas
700 876 786 919 est
828 863 1085 917 indicata.
1127 860 1232 925 Qui
1283 860 1486 912 factum
1537 866 1642 919 est,
1688 862 1748 907 ut

149 967 334 1018 Petrus
357 962 629 1016 Pessinus
656 960 711 1012 in
760 957 920 1019 libro,
968 955 1036 1009 de
1069 969 1176 1022 quo
1208 967 1308 1005 con
1323 952 1474 1004 tinuo
1496 962 1740 1019 agemus,

152 1057 293 1110 hisce
357 1053 538 1108 stellis
589 1052 815 1103 lacunas
865 1044 1094 1100 indicari
1151 1044 1466 1106 arbitratus,
1512 1039 1748 1110 glossam

151 1164 242 1218 pro
291 1162 419 1201 vera
472 1143 752 1212 scriptura
808 1139 1009 1207 smpius
1049 1135 1321 1189 habuerit.
1366 1131 1543 1185 Simili
1583 1129 1748 1183 modo

154 1238 292 1298 unci,
322 1250 463 1304 quos
485 1241 658 1295 certo,
699 1229 777 1283 uti
813 1236 972 1281 antea
1001 1225 1206 1279 dictum
1240 1233 1343 1286 est,
1375 1220 1604 1275 consilio
1649 1218 1748 1271 ad-

153 1329 324 1381 hibuit
376 1321 804 1384 Rittershusius,
855 1319 909 1372 in
957 1317 1059 1370 hac
1087 1315 1328 1370 editione
1363 1322 1571 1367 temere
1594 1325 1749 1363 rece-

152 1421 222 1488 pti
248 1419 506 1470 videntur
537 1429 680 1468 esse.

215 1510 490 1564 (Ia-terum
539 1520 734 1560 omnes
775 1502 963 1558 Isidori
1011 1500 1258 1571 epistolae
1308 1506 1526 1553 exstant
1558 1495 1751 1550 Latine

153 1613 361 1654 tantum
394 1598 451 1650 in
490 1597 727 1650 maxima
775 1591 1112 1648 Bibliotheca
1145 1589 1260 1646 νγ.
1294 1589 1398 1644 ΡΡ.
1448 1597 1583 1642 tom.
1634 1585 1748 1651 V'll,

151 1710 206 1763 p.
233 1690 491 1745 199-802.

223 1806 330 1861 Sed
370 1807 562 1859 Romae
612 1800 938 1873 prodierunt
971 1813 1116 1852 anno
1145 1794 1284 1849 1670
1311 1791 1619 1847 lsidorianw
1645 1788 1751 1842 coi-

157 1901 401 1964 tuiones,
440 1898 626 1967 quibus
655 1894 713 1949 S.
759 1893 952 1948 Isidori
999 1891 1280 1945 Pelusiota?
1317 1884 1551 1955 epistola:
1575 1897 1750 1936 omnes

156 1994 406 2045 hactenus
463 1989 617 2041 editae
668 2000 784 2037 cum
854 1981 1031 2035 multis
1076 1977 1308 2044 antiquis
1357 1974 1570 2043 optima:
1618 1978 1752 2023 nota:

156 2101 316 2138 manu
345 2081 558 2149 scriptis
585 2076 846 2130 codicibus
885 2078 1285 2143 comparantur,
1313 2075 1359 2119 et
1387 2067 1506 2118 inde
1543 2064 1754 2116 circiter

157 2181 233 2233 bis
260 2176 405 2231 mille
438 2175 566 2228 locis
596 2170 904 2239 supplentur
931 2175 1022 2220 aut
1049 2165 1418 2218 emendantur.
1452 2158 1533 2211 Ea:
1563 2155 1753 2208 biblio-

159 2277 301 2325 theca
343 2267 665 2322 Barberina.
692 2261 915 2316 Curavit
961 2259 1107 2314 enim
1147 2253 1474 2308 Franciscus
1502 2249 1754 2304 cardina-

159 2368 223 2420 lis
252 2363 590 2418 Barberinus
649 2373 745 2428 per
780 2355 985 2420 virum,
1020 2361 1080 2406 ut
1131 2350 1206 2403 ait
1249 2347 1341 2419 qui
1377 2345 1635 2417 praelatus
1674 2351 1757 2396 est

162 2458 353 2513 Petrus
389 2453 673 2510 Pessinus,
713 2446 1040 2502 eruditionis
1065 2441 1303 2502 eximite,
1330 2453 1488 2493 suum
1523 2445 1654 2489 tunc
1679 2433 1758 2487 fa-

163 2551 448 2610 miliarem,
505 2544 599 2597 τὸν
654 2539 965 2611 μακαρίτην
1023 2533 1406 2591 Franseiscum
1457 2527 1756 2582 Areudium

163 2643 408 2698 Graecum
470 2637 785 2693 Calabrum,
831 2641 1018 2701 postea
1074 2626 1388 2695 episcopum
1420 2620 1754 2681 Nuscanutn,

168 2753 284 2791 cura
317 2749 416 2787 sex
443 2727 668 2799 optimis
703 2723 1084 2794 antiquissima
1112 2734 1276 2773 manu
1308 2715 1526 2784 scriptis
1555 2711 1758 2765 codici-

168 2831 282 2887 bus,
314 2824 532 2879 duobus
583 2819 874 2881 Vaticanis,
938 2813 1164 2868 totidem
1213 2805 1605 2870 Altaetnsibus,
1653 2817 1760 2856 uno

167 2920 461 2978 Siortiano,
497 2908 994 2969 sextovBarbet-ino
1031 2903 1395 2960 conferendas
1430 2897 1762 2953 lsidorianas

167 3027 352 3067 omnes
387 3008 668 3079 epistolas,
705 3011 896 3059 exacte
933 2997 1183 3067 ascriptis
1208 3011 1306 3066 per
1336 2992 1612 3063 margines
1643 2988 1762 3042 edi-

173 3102 327 3158 tionis
355 3096 680 3152 Parisiensis
710 3093 874 3149 variis
905 3090 1235 3145 lectionibus
1275 3095 1329 3140 et
1364 3080 1764 3153 supplementis

1851 575 2062 627 auctior
2117 582 2165 625 et
2203 572 2549 625 emcndatior.
2615 569 2713 624 Cui
2765 579 2956 637 praeter
2999 575 3151 620 notas
3213 565 3452 621 Cunradi

1849 664 2183 718 Rittersltusii
2206 673 2253 716 et
2282 663 2502 716 Ander
2520 661 2721 716 Scltotti
2739 660 3075 728 adjiciuntur
3099 668 3146 712 et
3172 669 3306 711 nota:
3330 659 3454 712 alia:

1849 768 1914 804 ea:
1964 751 2278 804 Isidorianis
2302 749 2682 808 Collatiom'bus
2714 748 2862 803 Petri
2913 748 3125 803 Possini
3166 749 3455 818 diligenter

1851 853 2126 910 excerptat.

1925 933 1983 987 In
2029 931 2116 986 bis
2173 931 2367 986 lsidori
2419 932 2777 996 editionibus,
2824 931 3190 987 Parisiensem
3245 931 3370 986 dico
3400 940 3455 984 et

1856 1022 2146 1085 Venetam,
2179 1038 2396 1078 excusa:
2437 1031 2566 1077 sunt
2596 1024 2839 1094 epistolae
2870 1025 2956 1079 his
2986 1025 3135 1079 mille
3165 1032 3219 1079 et
3248 1022 3456 1078 duode-

1846 1113 2244 1168 cim—Liber
2279 1114 2423 1168 enim
2457 1114 2668 1183 primus
2699 1115 3028 1184 quingentas
3069 1115 3315 1169 continet
3351 1112 3454 1184 (a),

1859 1207 2136 1261 secundus
2168 1216 2462 1268 trecentas,
2499 1207 2696 1268 tertius
2725 1208 3157 1277 quadringentos
3187 1216 3242 1261 et
3273 1198 3458 1260 trede-

1855 1299 1982 1359 cim,
2012 1307 2240 1368 quartus
2285 1299 2552 1352 ducentas
2581 1308 2636 1352 et
2667 1299 2911 1381 triginta,
2949 1309 3004 1353 et
3032 1299 3258 1367 quintus
3294 1297 3457 1368 quin-

1848 1396 2047 1457 gentas
2077 1388 2356 1457 sexaginta
2397 1401 2618 1441 novem.
2648 1385 2809 1440 Errat
2840 1388 3004 1458 igitur
3040 1397 3230 1440 auctor
3253 1402 3461 1457 anony-

1857 1495 1981 1532 mus
2009 1478 2258 1538 Historia:
2281 1479 2807 1548 ecclesiasticw,qua3
2858 1479 3059 1549 prodiit
3084 1479 3323 1532 Coloniae
3361 1477 3458 1546 (ὁ),

1857 1571 1948 1639 qui
1971 1571 2161 1625 lsidori
2194 1572 2550 1640 epistolarum
2576 1572 2685 1625 duo
2717 1572 2881 1624 millia
2914 1581 3136 1624 centum
3163 1581 3460 1639 etseptua-

1858 1667 2006 1737 ginta
2053 1682 2249 1720 novem
2300 1681 2532 1719 excusas
2551 1666 2826 1734 opinatur.
2850 1665 3048 1717 Errant
3068 1663 3301 1733 lgnatius
3321 1665 3462 1733 Hya-

1858 1759 2080 1813 cinthus
2125 1760 2192 1813 de
2224 1759 2503 1813 Graveson
2530 1758 2624 1828 (c).
2668 1758 2880 1812 Caveus
2925 1766 2978 1811 et
3011 1757 3312 1816 Fabricius,
3370 1756 3464 1825 qui

1787 1834 1826 1892 Β
1854 1868 2048 1908 omnes
2077 1853 2270 1906 lsitlori
2323 1852 2585 1922 epistolas
2612 1850 2696 1904 bis
2727 1850 2874 1903 mille
2905 1858 2958 1903 et
2989 1849 3253 1903 tredecim
3285 1863 3452 1902 excu-

1859 1960 1945 2000 sas
1980 1960 2109 1999 esse
2157 1944 2518 1999 allirmarunt.
2553 1942 2655 2008 Qui
2689 1944 2885 1996 horum
2917 1943 3159 1996 virorum
3199 1958 3355 1996 error
3397 1958 3466 1996 ex

1854 2055 1924 2094 eo
1955 2038 2341 2108 proculdubio
2376 2041 2539 2090 natus
2588 2045 2693 2100 est,
2729 2035 2872 2104 quod
2909 2034 3172 2089 Scbottus
3218 2035 3466 2104 epistolte

1859 2129 2316 2201 quingentesima:
2353 2128 2707 2198 sexagesima:
2736 2142 2921 2188 nonae,
2954 2142 3076 2196 quae
3117 2127 3238 2181 libri
3287 2127 3466 2196 quinti

1858 2231 2139 2292 postrema
2196 2229 2300 2282 est,
2336 2218 2574 2287 subjecit
2606 2232 2768 2272 unam
2799 2217 2980 2288 quarti
2997 2217 3122 2272 libri
3153 2233 3182 2271 a
3239 2232 3299 2272 se
3347 2217 3466 2274 edi-

1863 2319 1968 2366 tam
2004 2311 2204 2366 emend
2219 2311 2362 2364 atius
2413 2310 2514 2380 (ά).

1937 2426 2044 2482 Sed
2077 2427 2120 2480 si
2151 2441 2216 2482 ex
2252 2427 2334 2480 his
2360 2425 2614 2496 colligere
2645 2424 2814 2481 velles
2836 2440 2939 2480 nos
2969 2425 3054 2480 bis
3084 2425 3229 2480 mille
3258 2435 3315 2480 et
3341 2425 3472 2481 duo-

1864 2520 2042 2574 decim
2094 2519 2285 2573 lsidori
2320 2518 2584 2588 epistolas
2614 2517 2820 2572 habere
2851 2518 3198 2587 superstites,
3249 2534 3371 2588 qua:
3398 2526 3473 2588 ty-

1867 2613 1951 2682 pis
1983 2626 2198 2666 excusa:
2230 2612 2362 2671 sint.
2402 2611 2547 2666 haud
2580 2610 2746 2665 dubie
2768 2613 2823 2664 in
2854 2626 3098 2665 errorem
3134 2611 3467 2667 incurreres.

1864 2703 2132 2758 Prrrclare
2182 2703 2358 2757 enim.
2392 2720 2421 2757 a
2457 2703 2810 2757 Tillemontio
2845 2704 2914 2770 (ε)
2951 2703 3305 2757 observatum
3363 2712 3468 2768 est,

1866 2813 2029 2852 unam
2065 2796 2118 2850 in
2150 2797 2287 2850 duas
2323 2812 2720 2865 nonnunquam
2755 2796 3084 2865 discerptam
3116 2811 3237 2851 esse
3264 2795 3470 2868 episto-

1866 2890 1998 2950 lam,
2025 2890 2175 2944 velut
2204 2889 2327 2943 libri
2362 2907 2416 2944 tv
2447 2905 2534 2958 ep.
2573 2889 2679 2944 206
2701 2897 2755 2943 et
2785 2889 2911 2955 207,
2939 2899 2992 2942 et
3020 2889 3141 2943 libri
3179 2907 3191 2943 t
3242 2908 3329 2960 ep.
3365 2891 3467 2946 271

1867 2992 1922 3036 et
1951 2981 2078 3040 272,
2142 2981 2542 3048 nonnullasque
2573 2979 2657 3034 bis
2692 2995 2814 3033 esse
2842 2980 3067 3049 positas,
3100 2996 3332 3050 quarum
3365 2982 3474 3036 duo

1869 3075 2037 3129 τσετι
2066 3074 2338 3143 exempla.
2367 3072 2437 3127 At
2485 3073 2659 3126 multo
2692 3072 2846 3140 plura
2895 3071 3269 3137 lleumannus,
3315 3073 3475 3144 cujus

173 3211 202 3250 e
229 3193 449 3264 regione
473 3190 740 3259 cujusque
772 3186 861 3240 tali
889 3184 1162 3254 egentium
1195 3195 1299 3249 ope
1343 3179 1607 3232 locorum.
1649 3172 1764 3226 Iloc
1791 3181 1834 3237 ε
1871 3182 1994 3237 qua:
2024 3167 2091 3220 de
2122 3166 2225 3220 hac
2264 3180 2319 3218 re
2352 3163 2462 3234 agit
2513 3173 2698 3217 notam
2733 3163 2839 3217 huc
2872 3165 3234 3218 transcribere
3271 3165 3471 3221 liceat:

173 3282 425 3339 editionis
482 3276 808 3332 Parisiensis
860 3271 1139 3340 exemplar
1199 3267 1427 3324 Carolus
1479 3265 1762 3326 Moronus,

175 3374 466 3446 praefecms
490 3369 837 3423 bibliothecae
859 3363 1192 3427 Barberinte,
1217 3359 1438 3412 tradidit
1460 3357 1617 3409 Petro
1643 3351 1769 3406 Pos-

175 3445 290 3520 sino
324 3481 356 3520 e
385 3462 652 3519 societate
684 3459 838 3522 Jesu,
883 3455 972 3525 qui
1020 3455 1186 3509 hasce
1239 3450 1570 3506 lsidorianas
1603 3445 1769 3499 edidit

173 3557 516 3617 cenationes,
561 3553 643 3607 sic
687 3550 756 3604 ab
796 3565 862 3604 eo
901 3556 1148 3612 vocatas,
1181 3543 1464 3615 quoniam,
1500 3551 1559 3592 nt
1595 3538 1769 3608 ipsius

177 3662 295 3708 utar
328 3650 532 3715 verbis,
566 3649 620 3702 in
650 3647 716 3701 iis
744 3645 855 3705 illa.
902 3644 970 3698 de
1009 3658 1113 3712 qua
1148 3639 1279 3701 dixi,
1317 3634 1638 3690 Parisiensis
1673 3633 1768 3687 lsi-

176 3746 289 3804 dori
331 3743 500 3799 editio
546 3755 670 3795 cum
729 3736 1011 3793 codicibus
1059 3732 1204 3788 haud
1261 3730 1422 3802 paulo
1455 3727 1770 3782 melioribus

178 3837 481 3894 confertur.
523 3852 542 3885 ι
587 3831 805 3893 Studui,
857 3837 919 3882 ut
956 3826 1146 3882 scribit
1185 3823 1296 3888 ille,
1335 3829 1533 3877 cuncta
1569 3819 1648 3874 sic
1673 3835 1769 3872 ex-

177 3931 378 4002 plicare
404 3937 646 3995 utquam
681 3921 936 3976 facillime
967 3918 1146 3987 quivis
1169 3917 1339 3970 lector
1361 3913 1770 3984 comparatione

180 3999 280 4073 inci
305 4015 496 4085 scripti
528 4027 653 4067 cum
680 4010 802 4079 ejus
827 4007 1086 4061 editionis
1113 4003 1366 4073 exemplo
1391 4002 1510 4054 loca
1538 4000 1594 4053 in
1622 3999 1772 4053 edito

179 4106 440 4164 mendosa
472 4103 773 4172 corrigere,
803 4098 993 4154 mutila
1025 4105 1213 4167 posset
1243 4093 1519 4162 supplere.
1551 4091 1630 4144 Ad
1669 4091 1774 4144 hoc

181 4203 466 4273 diligenter
493 4194 753 4252 adnotavi
803 4191 1184 4263 epistolarum,
1209 4185 1531 4256 paginarum
1571 4189 1631 4235 et
1651 4195 1774 4233 ver-

182 4311 361 4355 suum,
391 4292 463 4348 ad
493 4305 640 4360 quos
667 4285 1081 4342 observationes
1120 4280 1204 4335 hae
1234 4277 1535 4347 pertinent,
1578 4288 1774 4327 nume-

183 4404 290 4444 ros.
333 4387 665 4452 Plerumque
693 4377 1134 4435 retuliduntaxat
1157 4369 1288 4440 quid
1310 4366 1512 4422 diversi
1537 4375 1630 4418 aut
1647 4364 1772 4418 novi

183 4487 421 4537 exstaret
443 4474 586 4546 apud
607 4472 860 4534 codices;
886 4477 1279 4532 nonnunquam
1306 4457 1571 4529 judicium
1590 4470 1772 4509 meum

1876 3278 1894 3310 ‹
1936 3257 2215 3318 Scbottus,
2251 3257 2430 3325 inquit
2461 3254 2570 3317 ille,
2601 3255 2832 3324 plurese
2861 3255 3125 3310 Vaticano
3156 3272 3257 3310 suo
3287 3257 3477 3313 codice

1869 3351 2060 3411 edidit,
2088 3349 2340 3419 quoniam
2375 3348 2535 3402 editae
2578 3347 2805 3406 fuerant
2850 3363 2879 3400 a
2939 3347 3093 3401 Billio
3124 3348 3211 3403 vel
3264 3347 3475 3404 Ritter-

1881 3441 2091 3495 shnsio.
2123 3459 2140 3491 ι
2181 3440 2380 3493 Eadem
2413 3439 2561 3493 enim
2608 3448 2692 3494 est
2721 3439 2843 3492 libri
2876 3456 2909 3492 v
2940 3455 3025 3509 ep.
3050 3441 3155 3496 259
3185 3449 3241 3495 et
3268 3441 3390 3496 libri
3423 3459 3476 3497 tv

1871 3549 1958 3601 ep.
2001 3532 2100 3586 117
2121 3550 2135 3597 ;
2155 3531 2346 3586 eadem
2368 3539 2455 3585 est
2482 3530 2605 3585 libri
2634 3548 2668 3582 v
2699 3545 2786 3599 ep.
2816 3529 2877 3584 91
2915 3541 2969 3584 et
2999 3531 3122 3585 libri
3148 3548 3201 3585 tv
3225 3547 3312 3602 ep.
3341 3533 3472 3598 147;

1872 3625 2062 3680 eadem
2095 3634 2180 3678 est
2211 3623 2330 3678 libri
2353 3640 2385 3676 v
2417 3623 2632 3693 ep.158
2663 3630 2716 3676 et
2743 3622 2864 3676 libri
2900 3639 2950 3675 tv
2982 3639 3068 3692 ep.
3105 3623 3246 3689 190;
3282 3625 3476 3682 eadem

1874 3727 1960 3771 est
1985 3716 2108 3770 libri
2139 3733 2171 3770 v
2206 3732 2293 3784 ep.
2338 3716 2407 3770 45
2433 3724 2487 3768 et
2535 3714 2658 3768 libri
2694 3713 2864 3783 ιιικέρ.
2899 3715 3040 3782 199;
3070 3746 3136 3756 -
3167 3718 3361 3772 eadem
3391 3728 3478 3776 est

1873 3809 1995 3864 libri
2023 3826 2055 3862 v
2087 3824 2172 3877 rp.
2211 3807 2309 3862 1⁵59
2337 3815 2390 3860 et
2416 3806 2535 3860 libri
2561 3822 2612 3859 tv
2638 3821 2726 3876 ep.
2764 3806 2904 3868 1‘22;
2939 3809 3137 3863 eadem
3169 3820 3256 3864 est
3287 3811 3408 3865 libri
3443 3827 3477 3866 ν

1871 3915 1961 3970 ep.
2005 3899 2108 3954 187
2166 3909 2220 3952 et
2277 3898 2401 3953 libri
2440 3914 2491 3952 tv
2525 3913 2614 3968 ep.
2650 3899 2787 3962 12ι1ς
2819 3900 3012 3954 eadem
3045 3910 3128 3954 est
3156 3902 3283 3956 libri
3317 3919 3349 3958 v
3384 3919 3472 3973 ep.

1874 3993 1980 4048 521
2010 4001 2064 4048 et
2095 3992 2218 4046 libri
2251 4010 2265 4046 t
2300 4008 2388 4062 ep.
2429 3992 2556 4046 255.
2587 3992 2810 4055 Confer,
2844 3993 2923 4047 sic
2972 3994 3118 4047 enim
3151 3996 3328 4066 pergit
3362 3997 3474 4060 ille.

1857 4083 2037 4138 etiam
2070 4083 2192 4137 libri
2245 4100 2277 4136 v
2308 4098 2393 4151 ep.
2433 4082 2533 4137 116
2567 4098 2692 4136 cum
2749 4083 2872 4138 libri
2910 4100 2945 4137 ll
3001 4100 3089 4154 ep.
3129 4086 3260 4152 169.;
3297 4087 3419 4142 libri
3445 4105 3478 4143 v

1875 4172 2163 4243 epistolam
2221 4172 2291 4225 2-1
2337 4188 2461 4227 cum
2515 4173 2746 4243 epistola
2783 4175 2908 4238 567,
2966 4175 3323 4246 ejusdemque
3353 4178 3478 4234 libri

1874 4264 2163 4334 epistolam
2193 4263 2296 4317 574
2327 4279 2451 4317 cum
2479 4263 2601 4316 libri
2635 4280 2672 4317 tt
2703 4265 2934 4332 epistola
2966 4264 3090 4330 116,
3115 4283 3252 4336 quas
3280 4284 3476 4338 parum

1876 4355 2018 4408 inter
2090 4370 2147 4408 se
2205 4353 2424 4408 dill'erre
2482 4355 2883 4423 deprehendes.
2953 4355 3064 4411 Nec
3115 4375 3246 4413 vero
3303 4359 3479 4416 solum

1875 4447 2066 4518 quinto
2113 4446 2302 4500 insunt
2348 4445 2490 4501 libro
2517 4446 2764 4516 epistolae
2799 4448 2914 4518 jam
2948 4460 3106 4503 antea
3143 4451 3324 4516 editis,
3385 4453 3483 4509 sed

183 4569 520 4642 [met-posui;
561 4580 663 4620 nec
715 4557 1052 4617 dissimulavi
1093 4553 1411 4611 oborientes
1441 4565 1472 4604 e
1503 4547 1776 4603 variarum
1809 4536 2264 4609 D‘superioribus
2299 4553 2517 4606 quoque
2565 4538 2617 4591 in
2652 4538 2803 4592 libris
2851 4540 3130 4604 nonnullae
3161 4543 3243 4598 bis
3292 4544 3483 4615 legun-

186 4639 482 4718 lectlonum
511 4655 729 4712 indiciis
774 4655 843 4709 de
878 4650 1175 4719 archetypa
1209 4643 1477 4712 scriptura
1501 4639 1781 4708 conjectu-

185 4771 311 4818 ras;
361 4766 488 4806 raro
517 4760 699 4802 tamen
747 4745 799 4800 id
848 4743 974 4805 feci,
1033 4746 1326 4795 contentus
1367 4730 1780 4805 κριτικωτέροες

187 4845 335 4914 quasi
365 4839 646 4912 aperuisse
671 4849 925 4905 campum
961 4840 1017 4886 et
1047 4827 1395 4884 occasionem
1431 4822 1643 4878 felicius
1681 4833 1779 4890 pro

189 4936 453 5006 cujusque
482 4931 736 4986 acumine
766 4924 1042 4982 divinandi
1073 4919 1391 4992 prtebuisse.

257 5001 514 5084 llis-vero
559 5017 960 5079 Collationihus
1002 5030 1133 5070 usus
1169 5021 1252 5066 est
1285 5016 1476 5064 auctor
1517 5001 1773 5060 editionis

193 5128 308 5189 qu:
334 5113 536 5185 prodiit
557 5108 803 5165 Venetiis
840 5105 998 5171 1745,
1033 5103 1088 5158 in
1116 5101 1269 5164 folio,
1304 5098 1405 5154 sub
1440 5097 1544 5150 hec
1575 5093 1770 5148 titulo:

197 5186 369 5263 Sancti
415 5201 604 5260 [sideri
665 5197 950 5254 Pelusium
993 5195 1069 5249 de
1109 5189 1543 5260 interpretatione
1587 5186 1777 5240 divina:

270 5407 339 5476 (rt)
371 5404 680 5462 Ceillierins
715 5401 769 5454 in
798 5400 966 5476 Allist.
988 5402 1120 5476 lauet
1143 5410 1318 5476 “sacr.
1374 5400 1419 5444 et
1463 5390 1596 5471 ἐσσι.
1641 5397 1775 5468 tom.

206 5459 472 5543 llilJeap.
506 5478 600 5540 22,
631 5481 739 5543 art.
793 5471 849 5533 2,
895 5465 1106 5543 p.__605,
1143 5465 1355 5543 librum
1393 5462 1629 5543 primum
1661 5459 1782 5543 epi-

207 5496 328 5543 llll,
358 5496 414 5532 (Ὦ
459 5520 472 5531 .
506 5496 600 5540 22,
631 5496 739 5528 an.
795 5496 849 5533 Ζ,
895 5496 947 5540 γ.
984 5496 1106 5527 υυι),
1143 5496 1340 5518 stu-Iun
1395 5496 1629 5530 νιιιιιιιιιι
1661 5496 1748 5526 ιγ.

202 5551 346 5607 stolas
376 5496 507 5604 DRC
560 5542 859 5601 continere
907 5533 1431 5607 allirmatrV'idetur
1462 5541 1642 5607 autem
1694 5529 1782 5596 ille

205 5600 508 5680 usus-fuisse
542 5600 858 5682 exemplari
894 5605 1207 5682 Parisiensi,
1241 5605 1435 5682 inquo
1474 5600 1782 5682 tz'potheta-

197 5671 666 5766 agamnam
705 5671 777 5764 et.
812 5678 1019 5760 incuria
1075 5676 1262 5766 ultima
1304 5673 1469 5741 huius
1501 5671 1626 5724 libri
1667 5671 1784 5738 epi-

191 5750 304 5825 stola
337 5750 442 5824 hri}:
461 5750 722 5818 numero
763 5750 1023 5825 insignita
1064 5754 1222 5825 est.”
1257 5815 1268 5825 '
1348 5813 1376 5825 Π.

773 5809 1034 5875 ιἸοἱὲιοὲνε
1086 5813 1496 5884 erclésiastique.
1545 5809 1783 5882 Cologne

1881 4637 1990 4683 tur.
2029 4628 2231 4683 Eadem
2263 4637 2413 4683 certe
2439 4638 2525 4683 est
2557 4628 2679 4683 libri
2714 4646 2751 4683 ιι
2783 4631 3012 4700 epistola
3041 4635 3062 4685 1
3101 4643 3156 4686 et
3187 4635 3283 4697 '59;
3318 4634 3483 4694 librit

1879 4723 2108 4793 epistola
2133 4723 2203 4778 29
2226 4732 2282 4777 et
2315 4723 2441 4777 libri
2475 4740 2528 4778 tv
2563 4723 2796 4792 epistola
2833 4724 2956 4779 188.
2993 4725 3082 4780 Sic
3114 4727 3278 4780 etiam
3312 4728 3430 4783 libri
3453 4744 3482 4784 ιι

1880 4813 2110 4885 epistola
2135 4816 2239 4870 305
2262 4815 2454 4869 iisdem
2483 4815 2655 4870 ferme
2683 4816 2864 4871 verbis
2893 4821 3151 4885 occurrit,
3179 4830 3234 4874 et
3261 4822 3481 4890 quidem

1881 4907 1937 4960 iu
1964 4907 2100 4962 duas
2120 4907 2318 4969 divisa,
2349 4923 2405 4960 n.
2433 4908 2532 4962 271
2565 4917 2621 4963 et
2643 4908 2752 4962 272
2779 4909 2946 4979 (quod
2975 4911 3087 4979 jam
3119 4928 3148 4965 a
3180 4911 3483 4968 Tillemon-

1882 5000 1958 5055 tio
1992 5001 2345 5055 observatum
2379 4998 2526 5069 fuit).
2563 5000 2770 5055 Eadem
2811 5010 2897 5055 est
2945 5001 3109 5056 etiam
3154 5003 3275 5058 libri
3310 5021 3363 5060 tv
3390 5021 3478 5076 ep.

1887 5091 1991 5148 180
2046 5099 2101 5146 et
2146 5090 2267 5145 libri
2305 5107 2345 5145 tt
2377 5091 2608 5160 epistola
2647 5093 2769 5148 185.
2797 5121 2867 5134 -ο
2912 5092 3009 5148 His
3058 5095 3126 5148 ah
3158 5095 3483 5153 lleumanno

1886 5185 2091 5240 notatis
2137 5184 2550 5239 adnumeranda
2600 5193 2706 5250 est,
2770 5185 2848 5240 uti
2874 5183 2986 5253 jam
3036 5187 3246 5242 viderat
3289 5186 3485 5246 Petrus

1893 5386 2050 5448 1752,
2088 5383 2193 5438 vol.
2232 5382 2292 5447 ιι,
2329 5399 2379 5452 ρ.
2415 5384 2538 5438 467.

1961 5459 2037 5530 (ις)Δ
2062 5456 2228 5524 Hyae.
2260 5456 2313 5508 d.
2348 5453 2509 5509 Grav.
2545 5453 2683 5509 Hist.
2714 5457 2837 5510 eccl.
2875 5473 2992 5509 var.
3027 5456 3148 5510 coll.
3183 5459 3290 5530 dig.
3331 5469 3371 5514 t.
3415 5462 3482 5526 11,

1886 5527 2275 5674 ρ’(Ἇ-Ἐίιιὶςειῐι
2328 5595 2673 5674 ratione__ab
2738 5597 3080 5674 lieumanno‘
3116 5599 3150 5652 1.
3205 5616 3251 5674 (ξ.
3303 5617 3354 5671 p.
3396 5604 3481 5669 12,

1891 5677 2006 5721 not.
2044 5665 2229 5739 121110
2261 5666 2752 5739 error__explicatus
2784 5680 2885 5723 est.
2918 5700 2986 5709 —
3011 5670 3093 5724 Cf.
3135 5687 3167 5739 p
3222 5665 3317 5725 57:
3347 5705 3410 5714 —

1961 5739 2029 5804 (θ)
2065 5733 2557 5815 Τίιιιιηιοιιρκῌξεςί..
2580 5740 2840 5815 e_ccl._vol.
2875 5739 2991 5808 XV,
3025 5759 3077 5812 p.
3115 5733 3238 5810 847,
3279 5753 3391 5798 not.
3426 5739 3480 5801 3.

1890 5806 2047 5862 llnnc
2081 5805 2372 5878 exscripsit
2400 5805 2685 5864 Fabricius
2708 5809 2741 5864 l.
2780 5825 2830 5867 c.
