4150 6466
692 390 761 454 39
1811 365 2485 441 comm‘anoms
2520 377 2715 441 mas
2751 378 2835 441 II.
3868 383 3982 447 eo

692 488 1207 561 Possinus(a),libri
1236 502 1253 544 t
1288 485 1514 558 epistola
1536 488 1729 558 Lque!
1755 486 1894 543 libro
1932 506 1986 544 tv
2015 488 2267 555 recurrit,
2299 497 2345 553 Α
2443 492 2684 549 Primum
2734 502 2916 549 autem
2961 507 3026 548 ex
3053 508 3120 550 eo
3160 494 3302 563 quod
3335 492 3519 550 Isidurt
3546 497 3788 567 epistolas
3828 509 3982 552 mn-

691 587 749 643 in
776 599 883 655 quo
911 581 1088 638 locum
1126 588 1276 634 tenet
1325 576 1448 632 I95.
1480 606 1551 617 —
1595 576 1837 647 Denique
1874 579 2006 633 mihi
2053 580 2271 649 quidem
2373 600 2534 655 gnam
2598 596 2805 655 partem
2853 585 3022 640 forma
3060 596 3249 642 carent
3281 588 3579 657 epistolica,
3614 589 3831 673 collegit
3859 592 3991 659 (ἰ),

694 676 815 731 libri
871 690 901 729 ν
953 671 1179 743 epistola
1230 668 1348 755 iii
1394 676 1557 738 atque
1589 667 1714 724 libri
1773 685 1835 723 ιιι
1888 672 2117 741 epistola
2144 672 2270 736 203.
2375 673 2663 744 plerasque
2704 689 2771 730 ex
2826 673 3059 737 ofﬁcina.
3096 684 3158 731 ut
3201 675 3318 746 ipse
3366 678 3462 743 ait,
3513 670 3785 748 proiectas
3829 694 3993 735 esse

694 766 762 822 de
786 763 982 835 quibus
1010 760 1271 831 deinceps
1302 758 1478 815 fusius
1501 773 1742 832 agemus,
1784 761 1973 817 eadem
2008 764 2119 820 visa
2162 773 2268 818 est.

766 856 955 925 Itaque
984 853 1071 907 his
1099 850 1356 907 omnibus
1402 851 1753 921 computatis,
1784 850 1975 907 Isidori
2028 853 2274 923 epistolae

694 944 841 1000 mille
870 950 1162 1014 nongenta:
1186 938 1480 1010 nonaginta
1511 948 1721 1009 septem
1741 938 1808 994 ad
1832 949 2071 995 nostram
2100 955 2272 1009 usque

695 1041 910 1090 atatem
972 1029 1288 1103 pervenisse
1342 1028 1629 1095 videntur;
1686 1043 1921 1099 cumque
1968 1044 2154 1093 nemo.
2212 1040 2274 1086 ut

696 1126 949 1197 equidem
990 1123 1127 1183 scio,
1160 1107 1259 1175 has
1292 1135 1486 1176 omnes
1512 1121 1580 1176 ab
1613 1119 1819 1177 Isidoro
1846 1121 2076 1192 scriptas
2103 1123 2274 1183 addu-

696 1215 974 1279 bitaverit,
1003 1213 1188 1269 statim
1234 1212 1303 1267 de
1332 1211 1639 1266 codicibus
1661 1210 1715 1265 in
1747 1211 1947 1280 quibus
1978 1211 2143 1283 hujus
2170 1213 2273 1268 viri

2374 762 2669 828 rhetorica,
2701 764 2757 817 in
2782 763 3283 834 discipulorumque
3313 764 3540 835 gratiam
3586 765 3815 823 solerter
3835 765 3991 822 em-

2373 859 2511 909 ctas,
2556 850 2626 904 At
2665 850 2919 920 equidem
2961 866 3154 907 vereor
3179 867 3249 905 ne
3286 852 3535 922 discipuli
3565 854 3790 909 meritas
3838 869 3990 909 non

2374 936 2586 1008 egerint
2640 939 2961 1008 praeceptori
2993 952 3094 993 suo
3128 939 3347 1011 gratias,
3381 939 3473 1006 qui
3529 939 3789 1008 epistolas
3820 940 3992 1011 ipsis

2373 1027 2654 1097 proposuit
2673 1027 2981 1094 imitandus,
3003 1027 3175 1085 {urina
3202 1031 3340 1086 adeo
3364 1031 3643 1102 epistolica
3673 1038 3984 1096 carentes,

2372 1118 2577 1173 omisso
2600 1126 2655 1172 et
2683 1122 2839 1190 χαῖρε
2879 1129 2936 1175 et
2977 1119 3206 1192 ἔρῤωσο.
3238 1120 3392 1188 Quod
3418 1122 3581 1194 igitur
3607 1123 3717 1189 ille,
3746 1124 3824 1178 uti
3854 1138 3987 1179 no—

2374 1211 2509 1264 tavit
2541 1210 2930 1269 Scbrmclthius
2949 1214 3039 1285 (j),
3055 1216 3344 1271 sententias
3365 1231 3478 1271 sua:
3497 1215 3679 1272 favere
3694 1216 3989 1287 opinatus

698 1307 943 1382 epistola:
973 1305 1330 1361 continentur
1358 1318 1481 1372 qua:
1509 1303 1884 1365 innotue’runt,
1914 1304 2115 1358 addere
2141 1319 2273 1374 pos-

696 1408 902 1462 semus,
933 1395 1038 1451 nisi
1068 1393 1440 1455 Heumannus,
1463 1406 1622 1461 quem
1640 1391 2125 1466 Ilambergerus(b)
2182 1409 2271 1451 sco

696 1491 921 1562 quitur,
979 1490 1269 1560 plerasque
1338 1486 1536 1541 Isidori
1613 1487 1827 1544 litteras
1889 1488 2103 1543 tlctitias
2151 1502 2275 1543 esse

701 1589 978 1639 censeret.
1009 1578 1181 1652 Cujus
1227 1582 1503 1637 sententia
1531 1584 1693 1652 paulo
1721 1578 2026 1635 accuratius
2066 1579 2275 1635 exami-

694 1674 872 1730 nanda
901 1679 1006 1727 est.
1788 1746 1789 1749 η

764 1762 1115 1821 Heumannus
1133 1762 1202 1833 (ο)
1223 1763 1512 1833 plerasque
1529 1760 1721 1817 Isidori
1735 1760 2008 1831 epistolas,
2024 1771 2084 1814 ut
2105 1760 2275 1829 ipsitis

694 1864 819 1911 utar
846 1854 1046 1917 verbis,
1110 1850 1332 1908 tictitias
1360 1867 1485 1909 esse
1540 1851 1820 1922 opinatur,
1878 1865 1943 1906 ac
1998 1851 2275 1906 rhetorico
2306 1848 2347 1903 Β

701 1961 854 2001 more
888 1945 1242 2014 compositas,
1279 1959 1389 1998 non
1422 1952 1482 1998 ut
1514 1942 1550 1996 ii
1602 1957 1832 2011 quorum
1884 1942 2099 2012 praeﬁxa
2145 1951 2273 1997 sunt

697 2036 917 2091 nomina
951 2050 1045 2090 eas
1080 2035 1390 2103 acciperent
1446 2035 1820 2104 legerentque,
1852 2035 1949 2089 sed
1980 2042 2040 2088 ut
2091 2035 2272 2105 speci-
2306 2044 2315 2051 ’

696 2129 844 2183 mina
877 2138 1059 2183 essent
1088 2126 1416 2197 eloquentiae
1443 2126 1510 2181 iis
1554 2127 1827 2181 imitandae
1875 2141 2012 2195 quos
2044 2127 2271 2182 haberet

694 2217 935 2273 Isidorus
982 2217 1119 2271 artis
1151 2217 1369 2272 dicendi
1412 2217 1736 2287 discipulos.
1789 2217 2097 2286 Antequam
2140 2232 2270 2272 vero

694 2307 857 2378 huius
885 2309 1168 2363 sententiae
1182 2306 1689 2378 argumentatusius
1704 2308 1948 2377 exponit,
1972 2307 2154 2363 Suidze
2194 2308 2269 2380 (ά)

693 2408 856 2471 atque
886 2400 1151 2470 Ephrasmi
1180 2400 1503 2454 Antiocheni
1529 2398 1599 2470 (e)
1658 2399 1725 2453 de
1753 2398 1962 2454 Isidoro
1991 2399 2149 2454 adert
2179 2401 2272 2469 ju-

696 2489 857 2550 dicia,
907 2504 973 2543 ex
1008 2488 1207 2558 quibus
1264 2488 1409 2543 hunc
1455 2498 1513 2543 et
1544 2489 1822 2544 rhetorem
1852 2497 1907 2544 et
1949 2489 2273 2559 eloquentiae

694 2582 856 2638 laude
886 2580 1156 2651 insignem
1188 2578 1359 2634 fuisse
1392 2590 1639 2650 apparet.
1672 2579 1806 2633 Tum
1836 2594 1902 2634 ex
1945 2581 2077 2651 ipsis
2108 2581 2271 2637 Pelu-

694 2673 849 2731 siotae
883 2672 1141 2742 Epistolis
1190 2671 1338 2726 hunc
1370 2671 1505 2726 artis
1534 2671 1821 2726 rhetoricae
1868 2674 2001 2727 satis
2042 2687 2269 2743 gnarum

692 2765 862 2821 fuisse
890 2765 1144 2829 ostendit,
1173 2762 1369 2833 quippe
1399 2764 1455 2817 in
1490 2763 1712 2832 epistola
1730 2762 1797 2817 ad
1823 2749 2001 2818 Nilum
2046 2767 2110 2835 (fi
2146 2780 2270 2820 ora-

697 2857 860 2912 tionis
909 2857 1134 2910 virtutes
1164 2872 1227 2908 ex
1257 2854 1598 2926 Hermogene
1635 2855 1924 2919 describat,
1957 2855 2014 2910 in
2052 2857 2156 2911 alia
2204 2858 2273 2912 ad

694 2946 982 3020 Ophelium
1037 2946 1446 3019 grammaticum
1485 2947 1559 3017 (g)
1591 2948 1658 3002 de
1703 2940 2037 3002 charactere
2072 2950 2274 3018 episto-

694 3038 800 3095 Iic‘o
844 3039 1093 3102 disserat,
1125 3037 1432 3109 scribatque
1460 3037 1686 3106 Elaphio
1717 3038 2063 3109 epise0po(lt)
2091 3055 2272 3094 aerem

696 3147 937 3189 amorem
981 3130 1331 3198 studiumque
1374 3131 1703 3201 eloquentiae
1760 3132 1849 3186 illo
1891 3149 2009 3188 aavo
2067 3145 2271 3188 morta-

698 3223 831 3279 lium
874 3223 1139 3277 invasisse
1192 3221 1421 3274 animos.
1472 3220 1680 3287 Quibus
1712 3224 2034 3277 testimoniis
2077 3224 2274 3279 addere
2300 3198 2344 3258 θ

700 3316 967 3386 potuisset
997 3315 1116 3369 libri
1147 3313 1320 3384 quinti
1355 3313 1639 3383 epistolam
1669 3313 2099 3370 ducentesimam
2127 3316 2276 3371 deci-

702 3420 844 3459 mam
880 3406 1185 3474 septimam,
1219 3419 1323 3473 qua
1358 3403 1613 3467 Isidorus,
1649 3420 1772 3457 cum
1810 3405 1876 3459 de
1907 3406 2067 3461 variis
2092 3406 2277 3461 rheto-

702 3511 820 3549 rum
857 3496 1142 3565 generibus
1164 3500 1305 3563 agat,
1336 3509 1393 3547 se
1427 3493 1590 3561 hujus
1619 3494 1750 3547 artis
1782 3494 2021 3563 peritum
2054 3511 2174 3550 esse.
2194 3512 2280 3550 sa-

704 3587 773 3642 tis
808 3601 1079 3657 superque
1113 3586 1321 3655 prohat.
1370 3585 1613 3655 Denique
1646 3584 1996 3641 IIeumannus
2034 3589 2278 3644 rhetores

704 3691 812 3730 non
835 3675 1007 3729 solum
1040 3685 1209 3727 artem
1238 3673 1648 3727 scribendarum
1682 3673 2055 3741 epistularum,
2086 3692 2275 3731 verum

702 3767 866 3823 etiam
931 3767 1187 3835 epistolas
1211 3767 1463 3837 ethngere
1490 3767 1711 3836 suisque
1750 3768 2031 3837 discipulis
2058 3770 2277 3823 imitan-

703 3859 895 3913 tandas
913 3858 1170 3912 exhibere
1200 3858 1571 3919 consuevisse.
1596 3857 1843 3927 pluribus
1866 3859 2061 3928 probat
2088 3874 2276 3923 exem-

704 3949 826 4020 plis,
860 3965 980 4019 quae
1015 3958 1261 4017 repetere
1295 3950 1475 4003 tardet.

774 4038 869 4093 His
894 4040 1145 4092 omnibus
1180 4054 1304 4092 vero
1339 4037 1471 4092 nihil
1501 4038 1667 4101 aliud,
1705 4048 1765 4093 ut
1810 4039 2059 4107 equidem
2097 4055 2280 4105 augu-

705 4146 814 4195 ror,
844 4132 1012 4184 voluit
1050 4130 1446 4193 demonstrare,
1485 4131 1590 4185 nisi
1638 4132 1868 4198 potuisse
1898 4131 2157 4185 Isidorum
2183 4147 2279 4200 pro

704 4223 984 4277 rhetorum
1016 4222 1177 4286 illius,
1211 4237 1320 4290 quo
1355 4222 1506 4284 vixit,
1550 4224 1649 4275 aevi
1697 4223 2094 4276 consuetudine
2125 4223 2175 4276 in
2205 4223 2280 4276 di-

706 4311 1037 4380 scipulorum
1084 4325 1241 4364 usum
1271 4310 1394 4364 talia
1423 4310 1583 4364 edere
1613 4312 1929 4378 speeimina.
1966 4314 2042 4364 Ac
2078 4329 2145 4365 ne
2178 4312 2281 4367 hoc

706 4403 923 4473 quidem
950 4401 1277 4455 testimoniis
1311 4400 1416 4454 illis
1462 4402 1592 4455 satis
1624 4401 1908 4469 probatura
1945 4410 2047 4454 est.
2093 4400 2280 4453 Restat

707 4494 874 4557 enim,
912 4501 971 4546 ut
996 4492 1312 4546 ostendatur
1344 4492 1603 4546 lsidorum
1639 4493 1889 4546 habuisse
1919 4492 2050 4545 artis
2073 4493 2275 4545 dicendi

707 4581 1020 4651 discipulos.
1079 4578 1231 4645 Quod
1289 4596 1435 4634 mera
1480 4593 1561 4634 est
1601 4580 1902 4633 Ileuntanni
1940 4580 2274 4649 hypothesis.

709 4673 816 4729 Sed
842 4690 908 4727 ne
934 4675 989 4726 in
1020 4672 1385 4740 suspicionem
1410 4673 1632 4727 nimium
1664 4673 1958 4726 dubitantis
1982 4672 2273 4736 incurram,

706 4764 824 4820 haec.
879 4764 1043 4817 missa
1088 4763 1349 4816 faciamus
1383 4770 1830 4831 transeamusque
1870 4763 1936 4815 ad
1967 4770 2275 4815 accuratam

706 4865 1167 4927 argumentorum,
1211 4870 1332 4924 qua:
1360 4854 1449 4909 ille
1498 4854 1742 4925 protulit,
1787 4853 2180 4924 expositionem
2223 4858 2279 4907 et

706 4946 1166 5017 dijudicationem.

777 5120 853 5189 (α)
900 5119 1045 5175 Poss.
1073 5118 1265 5189 Collat.
1296 5118 1489 5174 Isidor.
1516 5134 1571 5189 p.
1603 5119 1659 5174 9.

779 5180 854 5258 (ὁ)
897 5180 1292 5259 Hatubergei'us
1315 5191 1369 5244 in
1401 5180 1537 5242 libre
1580 5188 1937 5259 luverldssiqe
1973 5187 2270 5242 Nachrich-

712 5269 797 5313 ten
853 5270 971 5329 etes
1016 5258 1153 5311 tum.
1203 5260 1291 5319 ΙΙΙ.
1338 5276 1389 5329 p.
1453 5259 1570 5313 154.
1632 5258 1716 5311 CI.
1773 5260 2214 5329 ejusdulibellus
2261 5279 2272 5312 :

712 5329 885 5383 Kurze
924 5328 1271 5399 Nachrichteu
1304 5326 1402 5383 von
1438 5331 1549 5399 deni
1574 5329 1932 5399 corneltmsten
1958 5326 2279 5399 Schriftstel-

714 5400 824 5453 lem
857 5415 945 5451 var
972 5400 1088 5451 dem
1127 5402 1187 5452 l6
1215 5398 1407 5469 Jahrh.
1439 5415 1493 5469 p.
1528 5398 1650 5454 889.

784 5470 852 5592 (ιφ
888 5469 1077 5548 l-Ieunt.
1114 5469 1149 5521 I.
1175 5485 1222 5523 e.
1256 5467 1356 5538 ἐξ),
1481 5470 1561 5524 15.
1950 5536 1962 5553 ’

780 5544 798 5609 (
841 5539 1083 5603 )Sutdas
1122 5542 1355 5607 appellat
1390 5540 1656 5595 Isrdorum
1706 5536 2139 5607 ὲλλογιμωτατον
2188 5554 2273 5606 φι-

708 5609 931 5679 λόᾳοςόν
967 5626 1022 5661 τε
1047 5609 1155 5679 καὶί
1171 5609 1395 5679 ῥήτορα.

779 5677 851 5803 ἵε)
888 5678 1160 5748 Ephrtemi
1190 5677 1400 5759 _vcrha,
1425 5694 1545 5759 quae
1578 5680 1683 5735 huc
1713 5679 1988 5751 pertinere
2023 5688 2270 5759 possent,

779 5749 854 5803 ,Ia
883 5748 1024 5803 apud
1046 5750 1298 5803 Phottnm
1338 5765 1555 5803 iuvent:
1603 5759 1760 5803 ato-re
1792 5764 1983 5803 manna
2016 5750 2148 5803 mihi
2182 5757 2261 5802 est

706 5748 854 5806 nulla
883 5748 1024 5818 apud
1046 5749 1298 5803 Photinm
1338 5748 1555 5814 iuveni;
1603 5748 1760 5821 atq-ie
1792 5764 1983 5819 magna
2016 5748 2148 5803 mihi
2182 5757 2261 5802 est

2374 1306 2477 1361 est,
2504 1300 2689 1355 obstat
2726 1301 2899 1357 multo
2930 1303 3122 1374 magis,
3162 1312 3324 1373 atque
3364 1306 3697 1361 contrarium
3734 1306 3987 1362 videtur

2374 1388 2626 1459 probare.

2449 1519 2556 1577 Sed
2586 1536 2711 1577 cum
2743 1523 2902 1589 infra,
2934 1526 3026 1580 ubi
3062 1525 3400 1583 Schrceclthii
3423 1528 3493 1583 de
3519 1528 3711 1585 Isidori
3741 1531 3983 1601 episto—

2374 1612 2441 1668 lis
2483 1617 2809 1671 sententiam
2837 1618 3145 1687 explicabo.
3174 1620 3330 1690 plura
3383 1621 3451 1676 de
3475 1621 3577 1676 hac
3626 1636 3685 1677 re
3720 1621 3986 1678 dicenda

2375 1702 2507 1771 sint,
2544 1720 2663 1759 eam
2707 1707 2927 1762 missam
2982 1707 3263 1775 faciamus,
3296 1725 3693 1782 pergamusque
3723 1713 3977 1783 reliqua,

2375 1808 2499 1862 quae
2552 1797 2781 1865 protulit
2843 1796 3199 1856 Heumannus
3256 1812 3570 1873 argumenta
3641 1819 3982 1861 recensere.

2377 1883 2562 1957 Pergit
2608 1896 2792 1943 autem
2843 1890 2929 1945 his
2947 1892 3166 1947 verbis:
3215 1911 3233 1943 ι
3261 1890 3379 1947 Iluc
3433 1894 3613 1950 refero
3661 1895 3983 1951 nonnullas

2378 1978 2620 2048 ejusdem
2669 1980 2832 2050 plane
2874 1983 3180 2054 argumenti
3223 1984 3519 2054 epistolas;
3565 1986 3710 2056 quod
3772 1986 3980 2056 ipsum

2375 2079 2527 2126 certo
2549 2082 2635 2127 est
2661 2072 2883 2138 indicio,
2935 2074 3207 2129 rhetorem
3244 2084 3491 2130 nostrum
3534 2077 3823 2132 ostendere
3860 2092 3986 2133 vo-

2375 2158 2541 2218 luisse
2596 2178 2749 2218 suam
2779 2165 2993 2220 dicendi
3049 2166 3281 2236 copiam.
3322 2164 3498 2235 Hujus
3550 2168 3765 2238 generis
3825 2177 3980 2224 sunt

2376 2249 2500 2307 libri
2544 2255 2722 2325 quarti
2770 2256 2998 2325 epistola
3028 2256 3289 2321 secunda,
3334 2259 3497 2311 tertia
3537 2265 3593 2311 et
3638 2266 3852 2327 quarta,
3900 2257 3974 2313 in

2376 2346 2573 2416 quibus
2594 2346 2811 2416 quidam
2845 2347 3085 2401 Psalterii
3115 2348 3267 2402 locus
3297 2348 3488 2403 eodem
3518 2347 3736 2418 quidem
3768 2348 3974 2417 modo,

2379 2438 2475 2494 sed
2504 2440 2684 2495 verbis
2708 2447 2969 2495 tractatur
2992 2447 3110 2494 arte
3138 2441 3380 2497 variatis.
3412 2460 3434 2495 ι

2448 2573 2537 2639 At,
2574 2573 2675 2629 etsi
2704 2575 2889 2644 negari
2924 2576 3072 2630 nullo
3102 2576 3264 2631 modo
3290 2585 3469 2645 potest
3496 2577 3550 2631 in
3580 2578 3805 2647 epistola
3841 2588 3971 2635 ter-

2378 2663 2451 2718 tia
2491 2674 2547 2718 et
2574 2672 2766 2734 quarta
2808 2665 3051 2721 Psalterii
3096 2666 3323 2733 dictum,
3354 2667 3423 2723 de
3449 2682 3558 2738 quo
3607 2670 3661 2724 in
3712 2672 3972 2729 secunda

2375 2754 2485 2823 jam
2511 2763 2693 2810 actum
2727 2766 2834 2819 est,
2865 2772 3168 2823 recurrere,
3195 2767 3379 2814 tamen
3420 2760 3581 2815 nobis
3609 2762 3770 2830 paqu
3790 2777 3973 2817 accu-

2378 2846 2547 2900 ratius
2602 2846 2655 2899 in
2687 2862 2800 2901 rem
2842 2848 3260 2918 inquirentibus,
3291 2853 3599 2907 verosimile
3639 2853 3815 2909 visum
3844 2862 3968 2913 est.

2379 2936 2643 2992 lsidorum
2698 2938 2795 2993 has
2837 2946 2947 2994 tres
2972 2941 3229 3010 epistolas
3263 2942 3504 3008 Zosimo,
3539 2944 3697 3013 cujus
3747 2959 3970 3001 nomen

2378 3030 2631 3083 omnibus
2658 3030 2935 3099 praefixum
2970 3040 3073 3096 est,
3123 3049 3311 3089 revera
3350 3036 3580 3090 misisse.
3619 3035 3677 3089 In
3724 3037 3969 3105 epistola

2378 3120 2523 3174 enim
2554 3123 2791 3176 secunda
2823 3124 3009 3179 irridet
3038 3124 3275 3180 Isidorus
3300 3126 3496 3181 Zosimi
3529 3128 3834 3193 stultitiam,
3856 3128 3968 3198 qui

2378 3212 2503 3266 vino
2552 3214 2912 3285 omnibusque
2946 3217 3317 3286 voluptatibus
3350 3218 3566 3272 deditus
3601 3219 3813 3289 precari
3850 3234 3967 3276 an-

2376 3304 2533 3360 deat:
2586 3306 2918 3374 Καοήλωσον
2964 3309 3029 3360 ὲκ
3077 3308 3171 3361 τοῦ
3224 3307 3389 3379 φόϐου
3437 3327 3531 3363 σου
3584 3311 3685 3375 τὰς
3743 3314 3967 3383 σάρκας

2379 3411 2500 3463 μου.
2527 3394 2726 3451 Eorum
2759 3398 2927 3460 enim,
2958 3398 3153 3467 inquit,
3177 3398 3291 3452 haec
3309 3408 3393 3454 est
3414 3400 3655 3469 precatio
3678 3401 3769 3469 qui
3788 3410 3962 3455 teter-

2375 3489 2502 3538 nam’
2541 3486 2771 3540 salutem
2834 3486 2958 3541 vitae
3006 3488 3296 3543 luxuriosae
3347 3492 3677 3559 praeierunt;
3734 3502 3788 3546 at
3835 3507 3963 3547 non

2376 3579 2632 3631 convenit
2668 3579 2769 3633 illis
2800 3581 2891 3649 qui
2947 3592 3071 3637 cute
3113 3585 3249 3638 bene
3290 3595 3472 3639 curata
3528 3584 3674 3654 ipsos
3728 3586 3967 3643 vincunt

2375 3668 2625 3723 athletas.
2657 3668 2867 3724 Etenim
2908 3673 3133 3741 perinde
3170 3689 3328 3744 agere
3352 3675 3551 3729 videris
3578 3690 3640 3730 ac
3669 3676 3712 3731 si
3744 3676 3796 3729 in
3838 3691 3967 3731 me-

2376 3759 2606 3813 retriciis
2638 3761 2849 3815 haerens
2874 3764 3211 3833 amplexibus
3242 3766 3514 3833 pudicitiae,
3568 3782 3791 3837 compos
3834 3767 3960 3824 ﬁeri

2377 3860 2550 3919 optes.
2590 3852 2786 3907 Desine
2834 3854 2996 3923 igitur
3045 3859 3211 3910 vitam
3241 3872 3461 3911 suavem
3508 3859 3831 3928 plenamque
3857 3874 3958 3914 vo-

2380 3940 2679 4008 luptatibus
2706 3941 2900 4012 degere
2922 3960 2935 4006 ;
2960 3945 3257 4013 comprime
3299 3947 3653 4016 cupiditatem
3684 3950 3959 4005 inﬁnitam

2378 4040 2433 4085 et
2489 4033 2834 4087 inhonestam
2901 4037 3115 4091 assidue
3144 4040 3491 4102 convivan‘di,
3537 4055 3607 4095 ne
3665 4042 3961 4105 ridiculum

2383 4127 2434 4173 te.
2466 4124 2726 4188 przcheas,
2759 4139 2880 4177 cum
2912 4125 3012 4177 alia
3056 4129 3312 4197 consequi
3352 4140 3527 4199 optes,
3559 4130 3661 4184 alia
3708 4146 3863 4203 agas.
3887 4161 3965 4173 —-

2379 4211 2491 4266 Hoc
2520 4223 2605 4266 est
2639 4214 2824 4282 primae
2854 4217 2919 4271 ad
2956 4218 3499 4289 Zosimum'episwlte
3551 4235 3957 4290 argumentum.

2377 4333 2445 4343 ——
2478 4303 2549 4357 Ex
2599 4306 2767 4360 altera
2798 4322 2927 4360 vero
2955 4319 3182 4378 apparet
3212 4313 3488 4366 hominem
3527 4313 3677 4366 illum
3708 4328 3961 4369 voracem

2380 4396 2730 4463 respondisse
2774 4397 3002 4460 Isidoro,
3052 4409 3107 4452 et
3162 4401 3497 4456 defensionis
3548 4405 3688 4468 loco,
3726 4414 3786 4460 ut
3839 4405 3962 4463 ﬁeri

2382 4487 2539 4545 solet.
2589 4504 2651 4545 ex
2692 4504 2757 4542 eo
2789 4491 3121 4557 quaesivisse,
3154 4509 3441 4561 quamnam
3469 4497 3683 4550 tandem
3724 4499 3965 4566 subjice-

2382 4582 2654 4636 retverbis
2682 4582 2817 4636 illis:
2848 4581 3058 4655 Couﬁge
3087 4586 3272 4638 timore
3301 4596 3389 4640 tuo
3409 4604 3592 4641 carnes
3626 4606 3794 4653 naeus,
3828 4604 3962 4644 sen-

2380 4675 2651 4729 tentiam?
2680 4676 2944 4730 Itescrihit
2968 4678 3114 4731 enim
3148 4677 3385 4733 Isidorus
3409 4698 3422 4733 :
3450 4678 3720 4744 Quoniam
3752 4696 3846 4750 per
3871 4681 3966 4735 Iit-

2380 4773 2523 4820 teras
2550 4782 2613 4819 ex
2646 4782 2731 4821 me
2776 4768 3095 4837 qucesivisti,
3134 4770 3262 4839 quid
3305 4770 3407 4824 sibi
3441 4772 3570 4825 velit
3598 4773 3802 4827 dictum
3830 4772 3963 4828 illud

2382 4853 2697 4918 Psalmistae,
2748 4860 3009 4913 ausculta.
3054 4859 3246 4913 Verbis
3285 4862 3389 4914 illis
3440 4863 3556 4918 haec
3605 4865 3795 4918 subest
3828 4878 3960 4918 sen-

2382 4946 2585 4999 tentia:
2623 4944 2944 5002 Reverentia
2972 4964 3095 5020 erga
3146 4950 3313 5004 Deum
3355 4950 3550 5006 etIiciat
3578 4963 3660 5017 ut,
3687 4954 3960 5025 cupidita-

2376 5121 2611 5199 suspicio
2644 5121 3023 5199 lleum‘annum
3056 5128 3317 5183 memoria
3349 5128 3560 5199 lapsum
3581 5129 3787 5185 dictum
3816 5132 3956 5188 Eva-

2379 5193 2481 5261 grii
2512 5193 2708 5246 atlcrre
2740 5194 2993 5249 voluisse.

2456 5262 2516 5331 (Γ)
2550 5261 2670 5316 Lib.
2706 5279 2771 5328 ν,
2804 5280 2891 5332 ep.
2926 5266 3050 5319 145.

2458 5336 2532 5401 (9)
2568 5332 2684 5385 Lib.
2713 5350 2766 5395 v,
2798 5348 2884 5401 ep.
2920 5336 3041 5389 t55.

2454 5404 2527 5469 (It)
2562 5403 2676 5455 Lib.
2709 5421 2760 5464 v,
2794 5420 2883 5472 ep.
2905 5404 3032 5458 201.

2451 5473 2512 5547 (i)
2550 5472 2861 5547 Heumann.
2894 5475 2940 5547 VI.
2975 5474 3081 5547 c.§
3106 5475 3193 5539 I0,
3231 5493 3287 5547 p.
3326 5478 3409 5533 I6.

2574 5542 3001 5634 Sehﬁt'ﬁe'ckhius.
3031 5542 3086 5599 in
3140 5542 3402 5634 '[dis’toric
3438 5552 3958 5634 λποια.-νοζυιτι-ἰινιε.

2377 5609 2541 5695 XVII,
2575 5628 2629 5682 p.
2666 5614 2795 5693 .525,
2840 5616 3035 5695 paucis
3063 5618 3303 5695 quidem,
3355 5614 3449 5677 sed
3480 5625 3697 5695 egregie
3744 5609 3956 5681 de‘hac

2375 5679 2680 5738 Heumanni
2707 5679 2962 5752 Opinione
2986 5679 3272 5755 judicavit.
