4150 6466
150 372 197 438 ιι
1213 373 1312 434 ΒΕ
1351 371 1696 434 SCRIPTIS
1727 370 2024 433 ISIDORI
2061 368 2326 432 PELUS.
3344 363 3419 428 42

149 485 262 539 tibus
301 481 588 548 restinctis,
643 479 1020 556 imminuatur
1061 482 1311 554 corporis
1367 484 1424 538 in
1451 482 1696 538 animum
1733 499 1771 548 Α
1803 482 1948 537 ham.
1992 481 2081 536 llla
2117 491 2302 535 autem
2344 478 2432 533 his
2466 477 2650 534 verbis
2687 477 3004 533 continetur
3043 493 3057 532 :
3098 477 3163 530 El
3199 475 3295 530 καί
3333 493 3416 530 τι-

149 574 405 643 pcmiciosa
419 575 500 628 vis
515 575 596 644 (ιι)
609 616 622 629 .
652 573 896 648 Cognita
914 577 1077 648 igitur
1099 575 1199 631 hac
1217 576 1505 631 verborum
1536 574 1707 628 inter-

145 666 406 735 pretatione
429 666 622 722 desine
650 678 755 722 aut
802 669 984 725 verbis
1014 668 1118 723 illis
1142 668 1444 724 Psalmistae
1469 666 1571 730 uti,
1589 675 1704 730 aut,

147 758 180 810 si
206 767 330 811 recte
356 758 426 812 uti
452 758 609 824 velis,
637 774 834 815 mores
861 760 1158 816 dissolutos
1197 760 1396 831 abjice,
1425 775 1708 829 novosque

143 857 268 918 capta
288 891 302 912 ,
329 851 628 918 praesertim
657 867 798 907 cum
829 851 1007 907 ventri
1048 868 1158 908 non
1188 861 1283 908 tuo
1319 851 1443 907 cibo
1475 851 1704 914 servias,

143 941 447 996 scrlaliorum
496 944 574 998 sis
625 944 849 998 assecla
910 959 1241 1000 mensarum.
1287 972 1360 985 —
1399 942 1705 1014 Utriusque

144 1032 343 1101 epistola!
377 1045 708 1104 argumento
755 1037 837 1092 sic
875 1037 1148 1108 exposito.
1189 1036 1316 1108 quis
1348 1047 1436 1092 est
1467 1036 1559 1106 qui
1591 1051 1702 1091 non

144 1127 305 1190 videat,
330 1127 605 1182 diversum
649 1143 784 1184 esse
812 1129 1002 1184 Irarum
1033 1129 1340 1184 litterarum
1370 1127 1706 1184 consilium?

142 1217 236 1285 quis
283 1229 360 1271 est
387 1217 475 1287 qui
522 1233 640 1272 non
699 1219 992 1290 intelligat,
1032 1219 1300 1274 Isidorum
1340 1234 1452 1275 non
1507 1218 1701 1274 eodem

141 1309 270 1363 modo
293 1309 574 1379 terhisque
600 1319 730 1365 arte
774 1320 986 1366 tantum
1014 1311 1269 1375 variatis,
1301 1310 1381 1365 uti
1419 1309 1704 1366 contendit

143 1397 471 1460 Heumannus,
494 1400 591 1454 sed
620 1402 799 1456 modo
829 1401 987 1471 plane
1016 1401 1236 1457 diverso
1262 1400 1473 1456 dictum
1497 1416 1530 1456 e
1556 1399 1702 1456 Psal-

141 1491 220 1542 lu's
235 1490 509 1559 repetitum
541 1491 632 1546 his
668 1491 729 1545 in
764 1491 1012 1561 epistolis
1041 1492 1343 1547 tractasse?
1361 1490 1418 1544 In
1443 1490 1531 1545 illa
1554 1491 1700 1546 enim

141 1579 372 1637 Zosimuln
407 1583 710 1638 ridiculum
765 1597 888 1638 esse
916 1583 1178 1648 ostendit,
1217 1581 1273 1636 in
1310 1581 1413 1637 hac
1463 1580 1700 1636 Psalmi-

142 1683 215 1729 ιιι
236 1675 421 1730 dictum
453 1676 882 1747 interpretatur.

194 1763 282 1819 Sed
299 1769 458 1822 etiam
487 1767 558 1823 de
585 1777 793 1838 quarta
817 1767 981 1838 hujus
1009 1767 1133 1824 libri
1169 1770 1398 1841 epistola
1427 1770 1698 1843 agendum

1811 591 1899 638 νες
1929 574 2093 627 δεινοί
2125 575 2233 626 εἱσι
2267 569 2763 643 παραλογιζόμενοι
2799 571 2899 640 μὲν
2941 569 3147 636 λαϐεῖν,
3192 569 3414 631 ἁλόντες

1807 667 1864 719 δὲ
1896 663 2389 738 παρακρούσασθαι
2409 682 2424 694 ο
2478 663 2594 718 ἀλλ’
2624 663 2653 716 ὁ
2701 668 2862 731 σοφὸς
2895 662 3164 729 κρείττων
3209 661 3416 714 τούτων

1807 757 1882 811 ὢν
1915 760 2157 829 φωράσει
2196 756 2296 828 μὲν
2351 755 2450 828 τὴν
2495 756 2733 826 ἀπάτην,
2765 753 3033 822 διελέγξει
3083 753 3143 806 δὲ
3171 752 3270 823 τὴν
3300 753 3415 806 δει-

1807 851 2030 918 νότητα.

1879 939 1935 994 ln
1978 941 2079 995 hac
2109 955 2240 995 vero
2276 939 2345 995 de
2379 939 2569 994 eadem
2610 954 2666 994 re
2705 939 2761 993 in
2801 937 2948 992 hunc
2984 937 3206 993 modum
3242 935 3416 1006 loqui-

1807 1039 1896 1086 tur
1919 1032 2164 1086 Isidorus
2193 1051 2204 1086 :
2239 1032 2302 1084 Ei
2333 1033 2426 1086 καὶ
2455 1031 2560 1084 εἰσί
2589 1047 2735 1094 τινες
2762 1032 2929 1084 δεινοὶ
2963 1031 3060 1100 μὲν
3093 1029 3413 1093 ἀπατῶντες

1805 1123 2016 1185 λαϐεῖν.
2066 1124 2231 1179 δεινοὶ
2264 1124 2320 1178 δὲ
2357 1123 2705 1196 φωραθέντες
2751 1122 3258 1192 παραλογίσασθαι*
3293 1121 3410 1177 ἀλλ’

1804 1218 1833 1270 ὁ
1861 1215 2115 1288 Θεοφιλὴς
2147 1217 2414 1288 κρείττων
2459 1215 2666 1270 τούτων
2697 1215 3036 1285 εὑρίσκεται,
3092 1215 3255 1284 σοφὸς
3310 1214 3411 1284 μὲν

1803 1309 1880 1364 ὢν
1912 1310 2144 1363 συνιδεῖν
2174 1312 2274 1380 τὴν
2308 1310 2549 1380 ἀπάτην,
2590 1307 2900 1380 σοφώτερος
2932 1308 2989 1362 δὲ
3011 1307 3282 1376 διελέγξαι
3310 1307 3412 1378 τὴν

1804 1403 1860 1455 ἐν
1890 1404 2003 1464 τοῖς
2036 1401 2222 1470 λόγοις
2253 1403 2645 1474 κρυπτομέ-νην
2673 1401 2975 1468 δεινότητα.

1871 1492 2044 1548 Nemo
2077 1503 2227 1548 certe
2258 1494 2479 1564 negabit
2511 1493 2729 1564 utrique
2764 1494 3009 1564 epistola:
3039 1493 3286 1548 eamdem
3319 1495 3409 1549 in-

1801 1599 1924 1640 esse
1977 1585 2342 1650 sententiam;
2394 1601 2460 1640 ac
2511 1600 2674 1640 nemo
2725 1585 3037 1640 consentiet
3085 1601 3209 1640 cum
3261 1587 3410 1642 Heu-

1802 1690 2023 1731 manno.
2054 1676 2148 1749 qui
2176 1674 2445 1730 Isidorum
2475 1677 2575 1731 bas
2603 1677 2865 1748 epistolas
2893 1677 3224 1732 scribentem
3252 1694 3409 1735 suam.

1801 1766 2018 1821 dicendi
2063 1767 2278 1836 copiam
2324 1768 2638 1834 ostendere,
2687 1784 2925 1839 eumque
2968 1769 3250 1840 discipulis
3293 1772 3408 1828 suis

141 1865 233 1918 est;
253 1873 361 1926 quae
389 1873 522 1914 sane
566 1875 832 1930 magnam
875 1859 1041 1915 habet
1069 1876 1194 1916 cum
1232 1862 1475 1917 secunda
1501 1861 1696 1917 simili-
1727 1872 1771 1926 Β
1799 1856 2077 1926 exemplar
2109 1872 2418 1928 proponere
2451 1858 2696 1914 voluisse
2733 1860 2996 1914 audacter
3025 1859 3279 1914 aliirmat.
3309 1860 3407 1916 In-

141 1948 362 2003 tudinem.
394 1950 566 2005 Docet
609 1952 770 2006 enim
804 1950 1048 2006 Isidorus
1081 1953 1259 2007 virum
1307 1954 1509 2009 virtute
1548 1968 1694 2025 prte-

141 2039 278 2094 ditum
321 2051 692 2113 ornatumque
745 2043 871 2112 jure
927 2045 1170 2100 divinum
1199 2061 1403 2100 numen
1435 2047 1505 2101 ad
1531 2061 1693 2116 opem

141 2127 374 2187 ferendam
414 2133 720 2201 invocare;
755 2151 881 2191 eum
911 2151 1043 2191 vero
1086 2137 1202 2207 qui,
1242 2138 1443 2192 virtute
1479 2135 1692 2200 relicta,

139 2237 414 2291 supremum
468 2225 743 2281 invocare
799 2227 998 2282 audeat
1048 2243 1274 2292 numen,
1307 2229 1394 2284 his
1439 2230 1694 2304 precibus

140 2314 244 2366 nihil
276 2330 387 2370 esse
428 2317 790 2372 eﬂ’eclnrum.
823 2317 958 2385 Qua:
989 2317 1171 2390 igitur,
1217 2319 1288 2374 ita
1319 2319 1465 2374 enim
1494 2322 1690 2391 pergit,

142 2407 230 2461 hac
257 2417 330 2462 est
357 2410 620 2474 amentia,
640 2411 956 2480 quod,cum
983 2411 1148 2466 vitam
1183 2411 1504 2482 ﬂagitiosam
1531 2413 1694 2484 degas

139 2507 180 2550 et
215 2501 503 2566 scelestam,
555 2503 779 2574 precari
854 2503 1052 2559 audes:
1103 2503 1317 2578 Conﬁge
1361 2507 1554 2561 timore
1604 2517 1693 2561 tuo

140 2605 289 2644 arua
340 2609 501 2647 nicas.
537 2591 680 2659 Qua
727 2595 971 2664 precatio
1022 2605 1074 2650 te
1106 2595 1284 2650 virum
1332 2596 1689 2666 petulantem,

141 2680 454 2746 luxuriosum,
484 2686 712 2740 ebrium
757 2702 866 2741 non
915 2687 1092 2742 solum
1124 2703 1236 2743 non
1294 2688 1472 2754 decet,
1503 2705 1692 2745 verum

141 2769 338 2838 ludibrii,
357 2775 461 2828 imo
477 2777 717 2847 periculi
736 2777 893 2848 plena
905 2787 989 2834 est
1005 2778 1097 2848 (ὁ).
1119 2778 1345 2834 Conaris
1356 2780 1501 2835 enim
1523 2780 1691 2836 Deum

141 2863 285 2930 ipsum
313 2865 512 2922 fallere.
553 2898 629 2910 —
658 2867 749 2924 Uti
793 2868 956 2940 igitur
977 2869 1238 2933 Isidorus,
1272 2870 1360 2924 cui
1400 2869 1540 2925 nihil
1574 2886 1692 2926 ma-

142 2954 204 3024 gis
222 2955 353 3011 cordi
394 2967 511 3013 erat
559 2973 734 3030 quam
767 2959 1020 3014 homines
1039 2959 1350 3030 petulantes
1379 2961 1448 3016 ad
1478 2959 1694 3016 sobrios

144 3061 354 3104 revocare
380 3066 582 3115 mores,
603 3051 848 3107 secunda
876 3052 932 3106 in
957 3052 1183 3121 epistola
1199 3051 1417 3108 Zosimo
1433 3052 1690 3108 ostende-

145 3151 205 3194 nt
219 3156 384 3211 preces
397 3145 518 3214 ejus
536 3160 666 3200 esse
681 3145 939 3200 ridiculas
966 3153 1020 3199 et
1043 3145 1276 3214 ineptas,
1295 3144 1367 3199 ita
1385 3146 1438 3198 in
1463 3145 1692 3215 epistola

1796 1949 1937 2022 signi
1973 1950 2183 2006 scilicet
2215 1959 2334 2006 arte
2373 1951 2430 2006 in
2469 1961 2701 2022 utraque
2737 1952 2969 2022 epistola
3007 1952 3240 2006 variavit
3277 1968 3406 2008 ora-

1796 2040 2002 2094 tionem
2020 2081 2034 2104 ,
2061 2055 2187 2096 cum
2215 2041 2360 2096 viros
2385 2041 2608 2098 fallaces
2634 2042 2691 2097 in
2716 2043 2804 2097 illa
2831 2042 3401 2115 παραλογιζομὲνους,

1795 2131 1850 2186 in
1883 2132 1986 2186 hac
2015 2130 2363 2198 ἀπατῶντας.
2395 2149 2620 2204 eosque,
2651 2149 2886 2206 quorum
2917 2134 3140 2190 fraudes
3171 2139 3404 2194 detectae

1795 2224 1934 2290 sint,
1975 2225 2030 2279 in
2073 2225 2161 2280 illa
2190 2227 2426 2296 appellet
2467 2228 2717 2294 ἁλόντας,
2761 2228 2818 2282 in
2861 2228 2968 2283 hoc
3008 2229 3400 2301 φωραθένταςς

1795 2331 1922 2372 eum
1955 2316 2186 2380 deinde,
2222 2334 2386 2388 quem
2423 2319 2478 2374 in
2513 2320 2603 2374 illa
2637 2319 2802 2389 σοφὸν
2834 2322 3169 2387 nominavit,
3199 2324 3264 2376 in
3300 2322 3403 2378 hac

1794 2418 1851 2462 et
1884 2407 2140 2478 θεοφιλὴν
2166 2419 2224 2465 et
2259 2410 2442 2480 σοφὸν,
2476 2421 2639 2481 atque
2674 2410 2890 2466 illorum
2925 2412 3211 2468 hominum
3249 2413 3402 2469 {rau-

1795 2498 2097 2554 dulentiam
2134 2501 2540 2572 vituperantem
2573 2513 2860 2573 nuncupet
2892 2502 3236 2576 σοφὼτερον;
3273 2521 3401 2562 cum

1795 2589 2037 2660 denique
2067 2591 2122 2645 in
2155 2591 2258 2646 hac
2289 2607 2462 2662 pauca
2495 2591 2721 2648 minoris
2753 2594 3015 2648 momenti
3048 2595 3232 2650 addat.
3264 2595 3402 2662 Quis

1795 2697 1927 2736 vero
1967 2691 2073 2746 est,
2113 2683 2206 2753 qui
2255 2684 2454 2739 talibus
2493 2683 2704 2739 artibus
2747 2699 2900 2739 suam
2942 2686 3141 2754 probet
3180 2686 3398 2744 dicendi

1795 2773 2048 2844 copiam?
2079 2775 2204 2843 quis
2233 2783 2351 2838 est,
2385 2775 2476 2846 qui
2512 2775 2654 2829 hanc
2684 2775 3016 2846 probaturus
3045 2777 3306 2848 incipiat,
3344 2789 3402 2835 ut

1797 2865 2036 2922 Isidorus
2081 2867 2136 2922 in
2181 2876 2412 2938 utraque
2454 2867 2705 2938 epistula,
2744 2884 2870 2924 cum
2915 2870 3182 2938 particula
3227 2873 3402 2943 liypoo

1797 2958 2034 3026 thetica;
2081 2961 2269 3032 jungat
2313 2960 2532 3023 deinde,
2575 2969 2636 3014 ut
2676 2961 2745 3016 ab
2791 2961 3001 3018 Isidoro
3043 2964 3248 3020 factum
3292 2983 3397 3030 εει,

1798 3053 2028 3123 primam
2061 3053 2401 3124 alteramque
2432 3054 2726 3109 verborum
2757 3057 3194 3113 enuntiationem
3227 3062 3400 3130 parti-

1796 3145 1937 3201 culis
1973 3146 2071 3216 μέν
2101 3155 2155 3201 et
2185 3146 2281 3214 se;
2313 3158 2366 3202 et
2399 3158 2618 3219 pergat.
2652 3149 2730 3204 uti
2768 3148 3038 3215 Isidorus,
3070 3168 3196 3206 cum
3228 3155 3399 3223 parti-

146 3244 317 3301 qnarta.
340 3237 492 3306 cujus
514 3250 905 3310 argumentum
938 3237 1097 3292 modo
1116 3237 1490 3307 exposuimus,
1519 3236 1567 3292 ei
1592 3237 1689 3292 de-
1719 3234 1762 3292 C
1795 3237 1915 3292 cula
1943 3236 2112 3291 ἀλλὰἳ
2141 3237 2252 3293 Iloc
2278 3250 2428 3296 certe
2459 3255 2567 3295 non
2597 3239 2837 3295 rhetoris
2862 3249 2967 3307 est,
2985 3243 3089 3311 qui
3116 3242 3401 3315 discipulis

147 3338 406 3384 mnstrare
431 3340 671 3386 conatur
706 3329 1104 3386 invocationem
1124 3330 1178 3384 in
1203 3331 1324 3401 ejus
1349 3344 1444 3385 ore
1466 3329 1688 3400 impiam

151 3430 247 3472 esse
271 3429 319 3474 et
345 3423 733 3491 periculosam.
771 3421 973 3489 Quare,
1017 3423 1118 3477 etsi
1151 3422 1474 3478 Heumanno
1498 3435 1696 3476 conce-

150 3506 343 3565 dendum
388 3524 489 3578 est,
523 3530 782 3586 magnam
841 3515 1180 3570 intercedere
1220 3515 1365 3569 inter
1404 3521 1694 3584 utramque

148 3604 389 3667 epistolam
420 3607 1062 3676 similitudinem,tamen
1089 3609 1377 3677 utriusque
1403 3607 1692 3662 consilium

149 3693 379 3750 diversum
416 3714 540 3753 esse
575 3699 722 3754 inter
756 3715 876 3754 sese
915 3700 1038 3769 jure
1067 3699 1324 3754 contendi
1354 3713 1515 3769 posse
1542 3699 1694 3754 arbi-

149 3793 345 3850 nmur;
379 3787 572 3857 itaque
617 3786 895 3845 Zosimum
928 3789 1028 3843 has
1077 3789 1285 3845 litteras
1313 3803 1500 3842 revera
1534 3802 1694 3843 acce-

147 3874 263 3942 pisse
290 3893 604 3935 censemus.
636 3879 735 3934 Cui
787 3880 1076 3936 sententiaa
1128 3880 1184 3935 id
1230 3895 1450 3950 quoque
1477 3879 1694 3935 videtur

148 3963 311 4032 tuere,
338 3978 476 4040 quod
509 3973 702 4028 multae
727 3972 792 4027 ad
823 3974 1073 4028 eumdem
1107 3972 1256 4028 hunc
1279 3971 1558 4027 Zosimum
1590 3987 1689 4028 ex-

149 4064 263 4112 stant
298 4063 433 4131 apud
485 4063 765 4118 Isidorum
800 4064 1066 4134 epistola,
1098 4079 1166 4118 ex
1197 4064 1399 4134 quibus
1437 4064 1693 4118 omnibus

149 4161 347 4214 aptaret,
387 4170 512 4209 eum
555 4154 719 4209 fuisse
767 4156 925 4210 talem
971 4156 1149 4226 qualis
1176 4165 1231 4210 et
1281 4155 1338 4209 in
1373 4155 1459 4210 his
1489 4154 1694 4210 descri-

151 4235 263 4290 bitur
287 4240 470 4296 litteris
489 4247 588 4311 (c).
627 4244 743 4299 IIuc
769 4244 998 4307 accedit,
1032 4243 1177 4314 quod
1200 4259 1265 4297 ex
1293 4243 1538 4312 ejusdem
1570 4243 1692 4313 epi-

151 4327 255 4381 stula
274 4331 332 4385 ad
358 4335 718 4389 Athanasium
747 4336 1119 4407 presbyterum
1165 4337 1289 4390 data
1317 4336 1392 4408 (d)
1440 4346 1688 4406 apparet.

152 4417 356 4476 ritiosam
386 4425 593 4480 Zosimi
643 4427 807 4481 vitam
853 4428 973 4481 aliis
1024 4443 1243 4498 quoque
1283 4428 1439 4491 viris,
1491 4428 1692 4498 quibus

152 4509 302 4581 reiigio
331 4515 640 4572 Christiana
669 4518 818 4572 cordi
857 4518 977 4579 fuit,
1014 4519 1182 4574 fuisse
1215 4519 1530 4574 offensioni.

204 4601 363 4675 Neque
395 4609 636 4678 reliqua,
670 4625 789 4680 qua:
821 4610 889 4665 ad
920 4610 1244 4666 sententiam
1282 4627 1436 4665 suam
1473 4611 1691 4667 lirman-

151 4691 243 4748 dam
279 4701 445 4755 attulit
493 4701 866 4768 Heumannus,
909 4703 1154 4773 exempla
1200 4704 1332 4758 satis
1372 4711 1498 4774 apta
1539 4715 1688 4760 sunt.

153 4780 323 4842 Etenim
356 4791 520 4856 idem,
550 4794 742 4865 inquit,
776 4796 1032 4866 reperies,
1063 4797 1106 4850 si
1138 4797 1438 4851 contuleris
1466 4798 1520 4852 in
1552 4799 1691 4853 libro

150 4876 305 4942 quinto
338 4885 594 4953 epistolas
627 4885 733 4941 289
771 4898 826 4941 et
862 4887 986 4952 5l9,
1022 4904 1180 4959 quas,
1221 4898 1282 4944 ut
1317 4890 1691 4960 unusquisque

152 4963 201 5019 de
227 4969 312 5027 hac
340 4989 394 5028 re
425 4976 573 5031 facili
601 4993 764 5047 opera
788 4977 1032 5051 judicare
1055 4982 1245 5054 possit,
1275 4981 1492 5038 Graecas
1519 4981 1690 5038 ascri-

209 5108 270 5176 is)
288 5109 455 5170 Verba
481 5113 665 5170 Graeca
691 5126 851 5172 sunt:
885 5116 1063 5187 ῐῐῆξον
1087 5116 1256 5181 αὑτὰς
1289 5117 1388 5187 (sc.
1424 5117 1682 5188 σάρκας),

157 5183 377 5260 supinam
392 5228 406 5247 ,
435 5187 726 5260 ᾲνικήτους
743 5183 975 5260 ,ποίησον
991 5183 1136 5260 ,πρὸς
1154 5183 1368 5258 ἡδονῆνι
1393 5183 1517 5260 dini
1540 5183 1687 5260 ἥλων

157 5248 334 5330 “an;
365 5258 391 5308 ὁ
421 5258 517 5330 ab;
577 5248 839 5330 ᾇιηγνύτω
865 5248 1060 5320 ἀὺτὰξ
1093 5248 1186 5313 ιιναὶ
1241 5248 1540 5330 νεὶιρούτω,
1564 5248 1574 5260 ’
1594 5261 1689 5312 καὶ

159 5319 403 5402 ἀκινήτους
434 5327 530 5379 καὶ
566 5319 960 5400 ἀνένεργήτους
1004 5319 1138 5400 sipo;
1194 5319 1470 5402 ἁμαρτίαν
1509 5319 1689 5402 napa-

160 5395 450 5457 σιευαξὲτω.

211 5462 268 5522 (ὑὶ
306 5461 479 5540 Verba
523 5466 707 5524 Graeca
748 5467 828 5523 sic
874 5484 996 5526 sese
1036 5470 1241 5526 habent
1274 5489 1286 5524 :
1317 5500 1386 5512 —
1414 5471 1488 5526 Οὐ
1528 5471 1688 5540 μόνον

159 5526 366 5612 ξπριπῂς
405 5537 540 5607 αὕτη
581 5542 612 5608 ἡ
647 5539 802 5612 εὐχὴ,
845 5541 983 5612 ἀλλὰ
1015 5544 1106 5594 καὶ
1138 5542 1441 5612 εἰρωνείας,
1487 5526 1686 5612 μαλλον

159 5597 201 5684 ξι
224 5597 447 5684 nivibus
497 5597 670 5684 μξξσῖιή
696 5597 744 5640 ·”
763 5597 932 5680 quod,
963 5612 1062 5684 etsi
1099 5597 1339 5684 δεξιίίιὶνίΔ
1370 5597 1449 5684 illi
1487 5597 1686 5682 'aliquo

163 5674 289 5747 (lotio
317 5674 558 5747 explicari
587 5674 837 5747 possunt,
867 5697 898 5736 e
932 5674 1128 5738 codice
1149 5682 1270 5737 Vat.
1313 5681 1439 5744 650.
1478 5674 1684 5738 adden-

165 5739 261 5836 eum
279 5755 350 5798 est
370 5739 484 5840 sine
509 5739 716 5840 dubio;
746 5739 972 5840 -—-"c"rrnalv
997 5754 1105 5824 γὰρ
1133 5753 1225 5805 τὸν
1251 5739 1536 5840 κάκῄρατον
1561 5754 1685 5807 νοῦν

166 5821 299 5866 ταυτα
335 5822 466 5888 αἰτῇ.
506 5821 539 5874 ἃ
565 5824 744 5873 ποιεῖν
780 5821 841 5876 οὐ
887 5821 1049 5885 Θέλει,
1078 5821 1150 5865 ”-
1180 5824 1273 5875 καὶ
1306 5821 1469 5877 αὑτὸν
1504 5841 1683 5896 παρα-

469 5917 744 5977 Ριῑεοι..
793 5920 912 5980 (in.
967 5899 1299 5979 LXXVIII.

1797 3333 2057 3403 epistolas
2087 3349 2394 3404 praponere
2422 3334 2536 3389 vult
2569 3334 2878 3389 imitandus.
2907 3366 2976 3376 —
3003 3335 3108 3391 Sed
3139 3338 3398 3406 quoniam

1798 3424 1938 3480 infra
1973 3427 2040 3481 ad
2074 3426 2174 3480 has
2207 3426 2339 3480 mihi
2376 3427 2772 3483 recurrendum
2802 3437 2887 3482 est
2920 3429 3213 3499 epistolas,
3251 3448 3402 3488 nunc

1797 3515 1990 3569 missas
2021 3515 2199 3571 facere
2229 3527 2283 3571 et
2312 3518 2380 3572 ad
2415 3518 2696 3582 ultimum,
2726 3519 2870 3588 quo-J
2904 3521 3088 3576 attulit
3118 3519 3401 3578 Heuman-

1796 3622 1922 3670 nus,
1956 3609 2266 3678 exemplum
2301 3610 2533 3664 transire
2563 3609 2742 3665 liceat.

1868 3698 2049 3771 Pergit
2083 3711 2267 3758 autem
2305 3701 2392 3756 his
2426 3702 2606 3758 verbis
2645 3722 2656 3757 :
2699 3722 2717 3754 ι
2758 3701 2915 3759 IIaud
2949 3721 3080 3762 vero
3113 3706 3274 3763 facile
3310 3709 3398 3764 in-

1797 3789 2016 3845 veneris
2046 3791 2333 3860 epistolam
2365 3793 2689 3847 exercitium
2725 3793 2929 3850 scholae
2960 3795 3249 3853 rhetoricae
3279 3814 3399 3853 ma-

1795 3882 1877 3954 gis
1899 3883 2229 3952 sapientem,
2256 3899 2420 3955 quam
2452 3885 2598 3940 illam
2633 3886 2754 3941 libri
2786 3889 3037 3953 secundi,
3066 3904 3190 3960 qua:
3216 3891 3401 3948 locum

1796 3982 1948 4030 tenet
1975 3975 2336 4030 centesimum
2364 3975 2884 4048 quinquagesimum
2913 3977 3158 4034 tertium.
3189 3979 3270 4035 En
3301 3980 3400 4034 ali-

1795 4069 1937 4137 quod
1968 4070 2089 4139 ejus
2119 4070 2396 4139 specimen
2429 4087 2495 4125 ex
2526 4086 2624 4128 ore
2656 4072 2978 4144 interpretis
3011 4091 3023 4128 :
3061 4073 3400 4145 Voswquum

1796 4157 1956 4227 fuerit
1989 4159 2250 4212 rationem
2283 4160 2436 4225 inire,
2470 4177 2574 4230 qua
2607 4163 2745 4216 hanc
2777 4164 3176 4219 insectationem
3213 4165 3398 4226 oblite-

1795 4249 1953 4311 retis;
1985 4250 2330 4304 obtiterabitis
2359 4262 2557 4318 autem,
2581 4255 2626 4307 si
2657 4256 2726 4309 ad
2757 4255 3026 4310 meliorem
3057 4267 3282 4312 mentem
3314 4276 3397 4312 re-

1795 4343 2029 4406 dieritis;
2074 4345 2307 4398 redibitis
2350 4354 2549 4409 autem,
2592 4347 2637 4400 si
2677 4345 2983 4417 Scripturas
3022 4366 3206 4405 sacras
3248 4368 3400 4407 veras

1795 4452 1904 4490 csse
1939 4439 2303 4501 credideritis;
2338 4440 2559 4494 credetis
2595 4450 2795 4503 autem,
2832 4442 2878 4495 si
2912 4443 3240 4496 continenter
3270 4445 3397 4512 ipsis

1792 4530 2085 4597 [‘ruamini;
2123 4529 2374 4598 fruemini
2417 4541 2615 4591 autem.
2655 4534 2700 4586 si
2743 4550 2928 4588 earum
2971 4546 3198 4590 mentem
3239 4538 3397 4591 intel-

1797 4616 2060 4684 lexeritis;
2105 4620 2406 4691 intelligetis
2445 4632 2656 4687 (autem,
2703 4625 2748 4676 si
2792 4627 3065 4679 assiduam
3110 4645 3229 4682 cum
3275 4630 3400 4684 uiris

1795 4709 1974 4763 divina
2015 4713 2275 4779 sapientia
2319 4715 2557 4783 praditis
2600 4718 3025 4771 consuetudinem
3070 4719 3400 4783 habueritis;

1794 4801 2047 4854 [rubebitis
2079 4813 2277 4865 autem,
2316 4805 2361 4858 si
2394 4807 2580 4858 vitium
2623 4807 2900 4878 fugantis;
2949 4811 3160 4880 fugietis
3194 4822 3396 4875 autem,

1793 4891 1838 4942 si
1866 4906 2045 4958 poenas
2070 4894 2170 4962 ipsi
2196 4895 2552 4963 impendentes
2579 4898 2892 4963 timueritis;
2921 4902 3167 4955 timcbitis
3194 4913 3395 4962 autem.

1792 4983 1838 5035 si
1872 4982 2041 5038 Deum
2078 5003 2186 5040 esse
2220 4988 2579 5054 credideritis;
2615 4993 2834 5046 credetis
2869 5002 3071 5057 autem,
3103 4995 3148 5047 si
3185 5012 3211 5048 e
3247 5006 3396 5048 tanta

1797 5120 2093 5194 κρούεσβαι
2122 5122 2266 5174 θέλει
2293 5123 2383 5176 τὸν
2415 5127 2635 5194 κριτήν.

1873 5196 1940 5260 (c)
1998 5192 2328 5271 Moriendum
2363 5192 2578 5251 est—eas
2605 5213 2823 5262 omnes,
2859 5218 2980 5271 quae
3007 5213 3098 5256 aut
3129 5204 3193 5256 ad
3246 5204 3394 5259 Zosi-

1798 5278 1963 5346 mulm,
2000 5274 2093 5346 aut
2113 5265 2177 5317 ad
2208 5264 2484 5346 Zpsimunt
2527 5264 3076 5346 presbyteruiiidatze
3103 5284 3250 5337 sunt,
3277 5277 3398 5346 epi-

1799 5333 2586 5414 stulnseidetltviroscripgis
2611 5333 2835 5414 ess'r:.——
2866 5345 2948 5397 Cf.
2981 5344 3076 5396 lib.
3116 5363 3151 5399 I.
3183 5333 3267 5414 ep.
3306 5333 3394 5406 6|,

1802 5405 1924 5481 res,
1974 5405 2095 5481 ist.
2132 5406 2255 5469 135,
2290 5406 2410 5481 ιιι»,
2456 5405 2898 5481 {34,223,313
2944 5415 3071 5478 δη,
3105 5405 3232 5478 582;
3268 5405 3396 5481 tas,

1797 5472 1939 5551 tes;
1977 5475 2076 5551 uti.
2110 5491 2295 5551 ευρ.
2326 5478 2422 5551 ss,
2460 5472 2896 5551 “(124,155,
2927 5472 3071 5547 :57.'
3097 5472 3231 5550 iss,"
3275 5472 3397 5551 m;

1805 5545 1922 5626 ire,
1957 5547 2602 5626 _2_5_2,_ess._gss;__nb.
2639 5545 2722 5617 ιιι,
2749 5569 2838 5622 ep.
2862 5545 2962 5619 '56,
3007 5545 3094 5618 δι,
3131 5545 3220 5619 97.
3265 5545 3398 5626 273,

1793 5613 2242 5738 293.13.35.36”,
2275 5619 2416 5682 406;
2464 5620 2556 5674 lib.
2611 5637 2682 5688 ιν,
2712 5613 2806 5694 'ep'.
2867 5613 3006 5694 tsi;
3066 5613 3161 5685 lib.
3210 5613 3399 5699 asp:

1833 5728 1846 5738 .
1874 5704 1903 5738 θ
1934 5704 1983 5738 C.

1833 5728 1846 5748 ,
1874 5697 1983 5740 etc.

1866 5758 1942 5828 (rt)
1979 5757 2094 5811 Lib.
2128 5773 2187 5824 ιι,
2221 5774 2308 5830 ep.
2344 5761 2463 5817 162.
