4150 6446
736 381 810 450 43
1839 372 2513 439 COMMENTATIOle
2547 374 2739 438 PARS
2774 376 2857 437 ῙῘ.

3915 368 4012 435 44

736 501 913 569 furare
950 497 1278 551 emerui-itis.
1322 493 1425 550 Sed
1468 495 1595 559 ohe,
1638 496 1715 550 sic
1758 494 1905 550 enim
1950 496 2126 567 pergit
2165 495 2308 549 Ileu-
2336 498 2378 552 Α
2412 502 2499 561 pta
2548 493 2783 563 quippe,
2828 493 2903 549 uti
2954 493 3070 565 ipse
3119 494 3226 558 ait,
3276 496 3345 559 ad
3391 496 3701 553 Grecorum
3749 494 4009 557 liberos.

737 603 988 648 mannus.
1008 588 1121 653 jam
1153 587 1283 641 satis
1314 595 1416 641 est.
1446 587 1512 642 Et
1542 586 1661 657 plus
1686 586 1858 641 altero
1890 595 2042 641 tanto
2071 585 2315 655 sequitur

736 681 1048 752 gradatione
1090 680 1225 750 pari.
1265 678 1420 745 Quis,
1460 694 1664 749 quaeso.
1707 680 1851 735 serio
1893 681 1966 735 ita
2007 681 2206 735 scribat
2246 678 2314 734 ad

736 776 1090 837 quemquam?
1144 791 1161 818 ι
1204 796 1271 808 -—-
1310 767 1526 822 Nostris
1566 769 1905 837 temporibus
1942 778 2090 825 certe
2127 784 2310 836 nemo,

734 860 825 929 qui
849 860 1013 914 salem
1044 860 1221 914 habet.
1245 858 1357 914 Nec
1379 860 1549 930 magis
1575 861 1774 915 nostris
1803 862 2139 931 temporibus
2163 862 2313 931 quis-

734 964 919 1018 quam,
955 950 1042 1003 cui
1077 946 1359 1003 subactum
1393 959 1478 1003 est
1506 950 1791 1020 judicium,
1826 950 2037 1007 Veteris
2069 950 2312 1021 Novique

736 1036 1070 1092 Testamenti
1111 1038 1253 1091 dicta
1294 1038 1373 1093 sic
1412 1038 1878 1108 interpretabitur,
1920 1039 1995 1094 uti
2037 1040 2203 1094 multa
2242 1040 2311 1095 ab

736 1128 939 1184 Isidoro
975 1130 1238 1201 explicata
1279 1139 1425 1186 sunt.
1461 1131 1600 1185 Num
1640 1132 1765 1187 inde
1804 1134 2177 1201 consequitur,
2213 1132 2312 1186 Isi-

735 1221 922 1277 dorum
951 1223 1324 1293 epistolarum,
1349 1224 1545 1292 quibus
1572 1224 1768 1293 ineptae
1794 1233 1889 1278 aut
1916 1225 2154 1279 ridiculae
2178 1240 2310 1279 con-

736 1314 978 1368 tinentur
1018 1316 1402 1384 prophetarum
1446 1315 1527 1370 vel
1568 1316 1937 1384 apo<tolornm
1982 1316 2307 1385 interpreta-

736 1407 931 1470 tiones,
978 1416 1254 1461 auctorem
1304 1422 1410 1467 non
1460 1408 1616 1461 esse?
1658 1406 1787 1473 Qua:
1833 1409 2230 1479 argumentatio
2278 1425 2309 1464 a

734 1499 949 1551 nemine
993 1498 1207 1566 probari
1253 1507 1667 1567 potest;-quam
1713 1500 1758 1553 si
1806 1500 2103 1567 rejicimus,
2148 1501 2309 1555 simul

732 1589 885 1641 callet
912 1587 1215 1641 Heumanni
1242 1589 1605 1643 ratiocinatio.
1631 1588 1901 1645 Caeterum
1930 1592 2062 1645 mihi
2089 1594 2307 1662 quiiem

732 1687 1031 1748 prteceptor
1050 1677 1208 1731 talem
1233 1678 1514 1747 epistolam
1539 1678 1818 1747 discipulis
1846 1680 2157 1735 imitandam
2187 1697 2309 1751 pro-

2414 585 2745 655 cosdemque
2793 602 3011 657 pueros,
3060 588 3150 658 qui
3199 588 3383 659 fugere
3430 589 3586 643 ludos
3629 588 3893 657 jubentur
3936 594 4015 640 et

2415 676 2742 743 spectacula.
2785 678 2919 733 Nam
2962 680 3005 734 si
3052 680 3191 735 hanc
3234 696 3358 734 cum
3404 696 3489 745 ea,
3532 695 3647 751 qua
3692 676 4011 740 antecedit.

2413 767 2639 836 cpistola
2678 770 2994 831 contuleris.
3031 786 3139 841 quo
3178 771 3343 826 modo
3382 770 3624 825 Isidorus
3664 769 3729 825 ad
3774 770 4011 824 adoles—

2412 867 2602 913 centes
2630 858 2873 914 scribere
2901 862 3159 930 potuerit,
3188 862 3685 932 intelliges.Verbis
3712 861 3861 915 enim
3889 860 4008 913 hu-

2406 952 2498 1021 jus
2526 952 2788 1022 epistolze,
2812 968 2933 1022 quae
2954 953 3078 1007 data
3105 962 3187 1008 est
3212 953 3277 1008 ad
3308 952 3638 1021 Harpocram
3666 952 4008 1021 sophistani,

2413 1041 2616 1096 ultimis
2641 1041 2878 1098 Isidorus
2901 1042 3156 1105 declarat,
3184 1058 3242 1098 se
3267 1045 3334 1097 ab
3356 1059 3421 1097 co
3448 1052 3796 1111 provocatum
3822 1041 4010 1095 etiam

2409 1134 2477 1188 ad
2513 1134 2889 1189 adolescentes
2922 1144 3141 1205 propter
3171 1136 3364 1192 malam
3400 1134 3775 1188 educationem
3808 1130 4017 1199 pravis

2409 1225 2657 1281 moribus
2680 1235 2927 1281 assuetos
2951 1227 3235 1296 scripsisse
3265 1227 3355 1297 (ε).
3380 1225 3532 1292 Quod
3559 1225 3604 1278 si
3633 1225 3731 1277 has
3757 1224 3823 1277 ad
3850 1221 4010 1275 llar-

2408 1331 2628 1385 pocram
2666 1316 2871 1372 litteras
2907 1332 3015 1370 non
3051 1316 3267 1371 lictitias
3302 1332 3423 1371 esse
3457 1330 3679 1379 censes,
3716 1326 3893 1381 neque
3931 1308 4014 1364 il-

2409 1408 2536 1473 lam,
2576 1425 2696 1479 qua:
2738 1409 3046 1465 Graecorum
3089 1408 3274 1463 liberis
3316 1409 3516 1477 scripta
3560 1416 3666 1468 est,
3704 1403 4011 1474 epistolam

2410 1498 2681 1553 rhetorico
2709 1504 2861 1553 more
2892 1498 3246 1567 compositam
3278 1511 3399 1551 esse
3428 1496 3599 1549 dices.

2478 1610 2679 1678 Quinto
2711 1612 2830 1666 loco
2866 1610 3027 1665 affert
3058 1609 3413 1665 Ileumannus
3470 1608 3593 1661 libri
3628 1623 3663 1659 ll
3705 1603 4010 1674 epistolam

2412 1700 2512 1755 25I
2534 1744 2547 1766 ,
2583 1701 2737 1755 Petro
2770 1702 3083 1770 inscriptam
3113 1699 3366 1770 apostolo.
3399 1698 3662 1767 lnScripta
3693 1705 3874 1748 autem
3908 1702 4014 1747 est

730 1782 940 1836 Ρθηθηδ
963 1768 1145 1823 deris“
1170 1769 1382 1823 Videt”?
1403 1786 1524 1825 «³³⁵⁸
1548 1769 1780 1842 dignm“
1805 1786 1965 1841 quam
1996 1775 2085 1835 αυί
2116 1775 2305 1844 huius"
2339 1825 2380 1880 Β
2409 1788 2588 1853 Petro,
2626 1791 2690 1845 ad
2729 1805 2889 1860 quem
2930 1768 3046 1843 alite
3085 1768 3300 1859 quoque
3339 1789 3646 1857 complures
3683 1787 3820 1839 data:
3860 1791 4013 1838 sunt

730 1858 937 1913 cemodi
971 1860 1175 1913 litteras
1206 1858 1370 1913 mittit
1400 1859 1581 1915 alicui.

799 1973 1042 2029 Alterum
1091 1990 1215 2030 vero
1265 1991 1675 2046 argumentum,
1724 1992 1833 2047 quo
1880 1978 2093 2034 efficere
2141 1980 2308 2036 voluit

732 2063 1118 2130 Heumannus,
1171 2075 1230 2121 ut
1283 2068 1399 2137 ipse
1452 2066 1528 2121 ait
1583 2069 1720 2139 (α),
1776 2070 2063 2140 plerasque
2116 2071 2304 2126 lsidori

730 2156 985 2225 epistolas
1007 2172 1125 2212 esse
1151 2157 1386 2224 ﬁctilias,
1410 2158 1533 2213 inde
1558 2163 1843 2229 repetitum
1871 2171 1973 2226 est,
1999 2164 2140 2233 quod
2164 2180 2303 2218 non-

727 2249 890 2303 nullae
926 2250 1139 2319 scriptae
1174 2249 1282 2303 sint
1315 2250 1381 2305 ad
1420 2266 1513 2305 eos
1546 2252 1637 2321 qui
1673 2253 1857 2308 vivere
1890 2254 2093 2310 dudum
2129 2256 2305 2311 desie-

731 2349 853 2393 rant
887 2359 897 2393 :
933 2341 1095 2394 veluti
1134 2342 1254 2395 libri
1290 2358 1301 2394 l
1334 2343 1560 2409 epistola
1602 2343 1718 2406 £57,
1750 2344 1817 2399 ad
1848 2343 2177 2411 Oribasium,
2209 2347 2305 2401 Ju-

730 2432 856 2485 liani
894 2434 1235 2501 imperatoris
1270 2437 1569 2502 medicum;
1603 2437 1847 2506 adeoque
1880 2438 2106 2503 dudum,
2142 2449 2201 2493 ut
2232 2441 2307 2493 ait

730 2524 849 2587 ille,
883 2524 1006 2583 illnc
1042 2535 1291 2583 avectum
1326 2527 1468 2581 unde
1498 2542 1659 2581 nemo
1691 2528 1848 2581 redit.
1879 2528 2032 2594 Quod
2063 2540 2306 2585 veterum

730 2617 1054 2683 seriptorutn
1094 2615 1416 2670 testimoniis
1450 2617 1789 2687 probandum
1828 2627 1931 2673 est.
1972 2619 2104 2673 Nam
2140 2620 2306 2674 Julia-

729 2719 832 2758 nus
866 2705 1005 2759 diem
1045 2721 1356 2775 supremum
1397 2708 1531 2762 obiit
1569 2723 1712 2761 anno
1749 2709 1880 2774 361,
1917 2726 2025 2779 quo
2062 2719 2305 2782 tempore

729 2795 1007 2851 Oribasius
1034 2798 1258 2851 forsitan
1288 2798 1505 2868 triginta
1530 2799 1615 2852 vel
1640 2801 1994 2870 quadraginta
2017 2818 2188 2858 annos
2210 2820 2304 2858 na-

732 2896 848 2950 tus,
884 2888 1043 2956 hujus
1072 2888 1252 2941 saeculi
1288 2887 1448 2942 linem
1482 2892 1715 2959 novique
1747 2893 1958 2947 initium
1989 2894 2173 2949 videre
2205 2913 2304 2966 po-

729 2978 851 3037 tuit.
884 2993 1061 3049 neque
1092 2980 1355 3033 lsidorum
1386 2982 1680 3051 quidquam
1711 2983 2060 3053 impediebat,
2091 2988 2304 3056 quomi-

729 3086 831 3125 nus
858 3070 1066 3124 medieo
1098 3070 1171 3124 illi
1206 3072 1559 3127 celeberrimo
1590 3073 1829 3131 mitteret
1858 3078 2161 3145 epistolam.
2197 3078 2301 3133 Sed

2412 1881 2673 1948 epistolae.
2699 1879 2970 1945 Quaeritur
2990 1896 3085 1934 cur
3107 1880 3195 1935 ille
3218 1880 3487 1934 addiderit
3510 1879 3729 1946 apostoli
3764 1890 4008 1930 nomen.

2410 1970 2724 2039 Respondet
2763 1972 2878 2040 ipse
2915 1972 3109 2025 :Ilunc
3130 1971 3453 2043 significare,
3494 1984 3603 2024 nou
3642 1967 4015 2023 alium-illius

2408 2062 2583 2115 aetatis
2598 2060 2839 2125 Petrum,
2864 2062 3058 2131 partim
3088 2078 3149 2115 ex
3179 2062 3505 2115 allocutione
3535 2062 3861 2129 cognoscere
3894 2074 4013 2112 no-

2409 2153 2495 2207 bis
2528 2153 2773 2207 videmur
2810 2151 3068 2221 (Quonam
3113 2162 3161 2206 le
3205 2154 3413 2206 nomine
3452 2152 3739 2221 appellem,
3784 2150 4009 2218 inquit,

2409 2245 2546 2313 quod
2566 2245 2679 2297 tuis
2709 2261 2808 2312 par
2834 2246 2903 2297 sit
2936 2246 3199 2311 meritis).
3232 2246 3425 2313 partim
3457 2260 3522 2297 ex
3552 2242 3793 2311 epistolae
3825 2256 4008 2310 argu—

2410 2345 2612 2389 mento.
2646 2335 2775 2388 Illud
2809 2336 2941 2388 nihil
2973 2345 3055 2388 est
3086 2335 3190 2388 nisi
3225 2335 3417 2389 blanda
3449 2350 3579 2397 vox,
3610 2350 3714 2402 qua
3750 2333 4007 2387 lsiilorus

2410 2429 2571 2481 etiam
2612 2428 2665 2481 in
2706 2428 2823 2480 aliis
2860 2427 3104 2496 epistolis
3142 2428 3207 2481 ad
3250 2428 3383 2480 alios
3419 2426 3558 2479 datis
3594 2439 4003 2491 nonnunquam

2410 2536 2540 2573 usus
2574 2530 2655 2573 est
2690 2520 2796 2587 id);
2831 2520 2934 2572 hoc
2967 2519 3101 2572 adeo
3134 2519 3326 2587 probat
3360 2517 3715 2571 contrarium.
3751 2516 4006 2569 Isidorus

2408 2612 2551 2663 enim
2587 2611 2813 2685 exponit
2845 2611 3008 2664 haece
3041 2612 3092 2663 in
3125 2611 3351 2679 epistola
3385 2625 3575 2663 causas
3606 2625 3702 2663 cur
3733 2608 4006 2662 moutalcs

2406 2701 2604 2757 Christi
2644 2712 2697 2756 ct
2734 2703 3099 2771 apostolorum
3140 2702 3439 2755 doctrinam
3477 2701 3729 2755 lubenter
3765 2715 4006 2770 recepe-

2408 2793 2534 2850 rint.
2563 2794 2860 2862 statuitque
2892 2794 2989 2847 has
3019 2792 3185 2847 fuisse
3212 2794 3303 2845 τὸν
3329 2792 3485 2860 λόγον
3512 2793 3805 2863 ἀξιόχρεων
3836 2793 4000 2854 ὄντα,

2404 2886 2493 2937 τόν
2523 2901 2581 2936 τε
2616 2885 2812 2955 τρόπον
2841 2884 2949 2936 τῶν
2978 2886 3373 2953 κηρυττόντων.
3406 2886 3569 2938 Petro
3603 2884 3843 2953 apostolo
3877 2886 4007 2938 sci-

2408 2977 2533 3031 licet
2565 2977 2680 3030 liec
2714 2976 2895 3029 omnia
2930 2977 3200 3045 explicare
3234 2976 3421 3031 debuit
3450 2978 3622 3046 quinti
3657 2979 3836 3031 saaculi
3873 2994 4005 3033 mo-

2406 3070 2642 3123 nachusl
2681 3068 2854 3133 Quid?
2878 3069 3020 3137 quod
3058 3070 3125 3123 de
3164 3069 3420 3138 apostolis
3460 3080 3713 3137 tauquam
3752 3068 3818 3123 de
3857 3068 4005 3123 viris

730 3158 902 3226 placet
942 3160 1243 3213 concedere
1286 3158 1596 3216 Oribasium
1635 3162 1835 3218 Juliani
1883 3166 2151 3221 medicum
2191 3170 2298 3238 jam

2405 3159 2716 3229 jamdudum
2759 3159 3015 3224 mortuis,
3050 3174 3171 3213 cum
3214 3159 3333 3212 illos
3366 3160 3597 3229 appellat
3632 3159 4000 3231 οὶρλνοποὶλ-

727 3258 1000 3303 mortuum
1048 3250 1233 3305 luisse.
1282 3251 1435 3307 Utile
1484 3255 1698 3308 tandem
1745 3256 2096 3313 Heumannus
2141 3261 2303 3315 habet

727 3351 1063 3408 compertum
1095 3342 1191 3394 has
1215 3340 1405 3395 lsidori
1434 3342 1501 3396 ad
1524 3342 1831 3397 Oribasium
1860 3348 2127 3402 medicum
2155 3348 2301 3403 litte-

729 3443 817 3482 ras
842 3429 991 3483 datas
1014 3444 1133 3483 esse
1156 3431 1221 3485 ad
1245 3430 1551 3485 Oribasium
1571 3431 1771 3486 Iuliani
1797 3435 2086 3488 tiicdicuin.
2112 3437 2303 3491 Nonne

726 3521 862 3574 alius
908 3522 1099 3577 eodem
1150 3522 1369 3575 nomine
1420 3523 1679 3592 praeditus
1729 3524 2010 3581 Pelusiotae
2060 3538 2302 3599 tempore

727 3613 909 3666 vivere
940 3614 1152 3682 potuit?
1182 3613 1335 3677 Quod
1367 3615 1409 3668 si
1441 3616 1749 3680 statuimus,
1783 3617 2083 3672 Heumanui
2116 3621 2301 3675 conci-

725 3707 805 3759 dit
844 3708 1129 3761 sententia.
1170 3702 1319 3761 Licet
1355 3720 1535 3763 autent
1577 3718 1837 3773 statuere,
1878 3727 2000 3766 cum
2045 3713 2144 3782 ipsi
2188 3714 2302 3783 cpi-

725 3796 875 3849 stola;
904 3795 1108 3849 nullum
1141 3796 1271 3850 insit
1298 3797 1616 3869 vestigium,
1647 3814 1677 3852 c
1705 3816 1813 3869 quo
1843 3801 2093 3872 colligere
2126 3805 2301 3871 possi-

725 3903 845 3943 i.ius
877 3889 1018 3942 hanc
1046 3890 1108 3942 ad
1137 3887 1334 3942 Iuliani
1367 3891 1632 3944 medicum
1665 3891 1841 3946 datam
1873 3910 2011 3949 esse.

797 3978 950 4043 Quod
999 3994 1125 4032 vero
1171 3977 1519 4033 Heumannus
1565 3983 1846 4037 contendit
1891 3986 2131 4053 ejusdem
2178 3990 2298 4043 libri

726 4067 1006 4135 epistolam
1034 4066 1155 4131 59l,
1178 4067 1242 4120 ad
1268 4067 1533 4121 medicum
1559 4069 1845 4137 quemdam
1876 4074 2132 4142 scriptam
2157 4092 2297 4139 esse,

726 4157 798 4209 ita
828 4165 887 4209 ut
914 4157 1074 4210 ctiam
1108 4157 1223 4211 hinc
1252 4152 1322 4212 sit
1351 4156 1737 4213 documentum
1769 4161 2083 4217 variatienis
2115 4166 2298 4220 rheto-

725 4250 869 4313 ricze,
902 4264 1052 4302 error
1076 4259 1158 4303 est
1188 4258 1280 4303 aut
1309 4249 1497 4319 ipsius,
1528 4259 1625 4304 aut
1652 4253 1997 4323 exemplaris,
2028 4271 2136 4325 quo
2167 4274 2295 4312 usus

726 4364 827 4393 εει.
864 4340 921 4393 In
961 4355 1081 4395 meo
1116 4342 1263 4395 enim
1301 4341 1416 4396 hac
1453 4342 1679 4410 epistola
1718 4344 1841 4397 data
1879 4354 1962 4399 est
1998 4349 2063 4400 ad
2103 4349 2295 4403 Dome-

2404 3268 2522 3315 τας,
2556 3252 2807 3320 loquatur
2838 3251 3140 3315 Pclusiota;
3173 3251 3316 3320 quod
3345 3260 3493 3305 certe
3522 3266 3631 3305 non
3665 3251 3912 3313 fecisset,
3945 3252 3997 3307 si

2404 3342 2683 3412 discipulis
2712 3342 2961 3413 exemplo
2985 3342 3274 3396 ostendere
3298 3342 3577 3403 voluisset,
3603 3358 3710 3413 quo
3738 3332 3895 3397 modo
3921 3342 4001 3399 ad

2404 3432 2627 3487 Petrum
2652 3435 2958 3503 apostolum
2989 3434 3339 3489 scribendum
3369 3444 3532 3489 esset.
3567 3434 3689 3489 Haec
3718 3435 3830 3505 ipsa
3863 3451 4003 3490 sca-

2407 3525 2547 3580 tiens
2576 3524 2929 3581 Heumannus
2960 3527 3135 3597 pergit
3165 3527 3220 3580 in
3252 3527 3397 3581 hunc
3429 3527 3648 3581 modum
3683 3545 3697 3581 :
3736 3546 3753 3577 ι
3796 3525 3996 3595 Majori

2404 3619 2726 3690 clariorique
2760 3621 2877 3688 iure
2910 3620 3053 3675 inter
3079 3619 3292 3674 lictitias
3323 3620 3582 3689 epistolas
3610 3620 3897 3674 referimus
3929 3620 4003 3673 Ii-

2406 3710 2485 3765 bri
2517 3729 2548 3766 v
2582 3726 2671 3781 ep.
2691 3711 2815 3775 461,
2835 3710 2899 3765 ad
2923 3711 3204 3765 mulierem
3228 3712 3482 3780 scriptam
3506 3712 3726 3764 nomine
3740 3709 3997 3769 Theano.

2404 3802 2508 3857 Usa
2550 3803 2766 3877 quidem
2812 3804 2914 3857 hoc
2958 3804 3177 3857 nomine
3218 3812 3301 3857 est
3340 3803 3445 3857 lilia
3485 3804 3568 3857 vel
3616 3818 3749 3857 uxor
3787 3803 3997 3872 Pytha-

2403 3908 2563 3963 gorei.
2598 3892 2727 3958 Quae
2761 3905 2882 3947 cum
2920 3894 3085 3948 fuisse
3121 3894 3331 3965 legatur
3362 3895 3721 3964 philosophia:
3756 3897 3992 3963 cultrix,

2402 3992 2587 4037 noster
2633 3983 2869 4037 Isidorus
2919 3984 2970 4037 id
3017 3985 3257 4039 nominis
3302 3986 3445 4041 haud
3496 3987 3731 4041 absurde
3778 3988 3995 4045 allinxit

2402 4073 2613 4129 mulieri
2662 4074 2986 4129 Christianae
3032 4076 3290 4145 professa:
3337 4078 3773 4147 philosophiam,
3819 4095 3991 4148 quam

2401 4169 2741 4235 exhortatur,
2775 4176 2834 4223 ut
2867 4183 2980 4221 suae
3012 4167 3370 4237 professionis
3406 4187 3632 4237 memor,
3665 4188 3732 4225 ne
3767 4174 3991 4230 studeat

2399 4262 2613 4331 placere
2647 4261 2798 4315 viris.
2840 4280 2859 4313 ι
2902 4260 2961 4314 1η
3005 4261 3087 4315 liis
3131 4263 3297 4316 multa
3336 4274 3465 4317 sunt
3498 4266 3874 4331 vituperanda.
3912 4298 3989 4309 —

2400 4353 2638 4408 Primum
2674 4355 2818 4408 enim
2858 4354 3051 4422 probet
3089 4352 3440 4409 Heumannus
3473 4372 3696 4410 necesse
3733 4368 3845 4423 est,
3880 4358 3987 4414 Isi-

726 4432 889 4485 stium
907 4430 976 4500 (b)
1011 4412 1299 4496 medicum,
1332 4447 1507 4502 neque
1537 4434 1591 4486 in
1623 4432 1971 4491 Rittershusii
2002 4440 2162 4501 notis,
2195 4456 2297 4495 nec
2331 4482 2373 4536 Β
2402 4445 2593 4500 dorum
2648 4444 2700 4497 id
2751 4445 2984 4497 nominis
3037 4445 3295 4513 afﬁnxisse
3350 4446 3561 4501 mulieri
3612 4447 3983 4505 Christianam

726 4521 777 4573 in
829 4522 969 4575 Petri
1014 4522 1220 4577 Possini
1247 4523 1637 4579 Collationibus
1663 4526 1767 4580 ulla
1816 4537 1999 4583 notata
2036 4542 2139 4596 est,
2178 4548 2296 4601 qua:

724 4610 1025 4666 lleumanni
1055 4615 1377 4669 sententiam
1404 4616 1661 4682 firmaret,
1680 4621 1959 4689 scripturae
1988 4621 2292 4679 diversitas.

795 4703 926 4767 Qua:
969 4720 1094 4757 vero
1137 4706 1204 4759 de
1246 4708 1473 4776 epistola
1515 4711 1580 4764 ad
1620 4710 1923 4766 Oribasium
1967 4715 2126 4781 paulo
2169 4723 2296 4773 ante

724 4795 958 4849 diximus
985 4796 1089 4849 dici
1122 4797 1283 4850 etiam
1318 4809 1542 4865 possunt
1575 4801 1641 4854 de
1670 4802 1897 4871 cpistola
1925 4804 2047 4859 libri
2082 4822 2125 4870 I,
2164 4806 2289 4872 108,

725 4884 791 4938 ad
825 4884 1176 4939 Proseresium
1209 4888 1527 4955 solihistam,
1558 4888 1785 4945 Oribasii
1820 4896 2100 4963 mqualem.

794 4974 973 5043 Neque
1002 4975 1304 5039 manifesto,
1334 4979 1406 5031 nti
1436 4980 1687 5048 Opinatur
1712 4982 2085 5051 Heumannus,
2116 4986 2291 5044 lictio-

723 5078 845 5117 nem
902 5067 1275 5121 scholasticam
1314 5071 1487 5137 prodit
1524 5072 1643 5124 libri
1681 5091 1707 5124 ν
1743 5076 1965 5142 epistola
2006 5077 2123 5143 I86,
2161 5082 2291 5133 scri-

796 5238 868 5311 (q)
901 5237 1253 5311 lleuimannus
1282 5238 1318 5292 l.
1351 5254 1399 5293 c.
1440 5239 1485 5311 ᾗ.
1518 5240 1608 5305 XI,
1644 5259 1695 5311 p.
1741 5244 1824 5307 17,
1861 5246 1945 5299 l8.

794 5309 865 5375 (li)
916 5308 1045 5381 God.
1081 5308 1207 5363 Bav.
1234 5308 1517 5381 Aous-tio);
1542 5308 1685 5381 quod
1710 5324 1936 5370 notante
1964 5316 2123 5372 Petro
2163 5317 2290 5375 Pos-

724 5377 841 5431 ὃὶιιυ
872 5385 925 5430 (δι
958 5378 1007 5430 ill
1037 5381 1134 5433 cod
1186 5379 1289 5433 Ait.
1326 5377 1521 5435 exstat.

800 5452 863 5509 (ε)
897 5447 1099 5520 Grmca,
1140 5464 1273 5520 Aqua:
1314 5451 1420 5503 huc
1466 5461 1713 5520 spectant
1757 5456 1935 5520 verba,
1971 5457 2086 5511 haec
2116 5468 2242 5512 sunt
2276 5478 2287 5511 :

738 5517 950 5599 ςιὶπειβὴ
980 5518 1034 5569 δὲ
1067 5518 1161 5599 xit).
1190 5520 1285 5588 τὴν
1334 5517 1736 5599 ’ὲμῂπίκινῆσαι
1767 5517 2013 5599 Ϊλῶτλεαν
2047 5528 2152 5580 δεῖν

724 5585 841 5664 ςητ,
876 5588 969 5664 fili
989 5588 1197 5664 μεγάλα
1238 5585 1545 5662 τινὶ-(ὅπερ
1598 5585 1696 5645 οὒκ
1742 5585 1918 5663 οἶμαι)
1965 5585 2286 5664 aviaricum},

724 5654 811 5735 lit-7‘
842 5660 915 5735 μὴ
936 5654 1080 5735 digni
1110 5654 1403 5735 os_).u7::iv,
1440 5654 1529 5713 mi
1564 5665 1695 5731 πρδς
1714 5654 1911 5729 αὺὲοὺςέ
1944 5668 2214 5735 γέγραφα.

794 5727 871 5849 (Δί
906 5728 1034 5779 Nolo
1066 5727 1249 5781 laudes
1281 5727 1708 5785 commemorare
1738 5727 2284 5800 qitibusotnatl'sido-

794 5811 821 5849 tl
874 5797 925 5849 ib
978 5812 1033 5849 ll.
1056 5813 1141 5849 en.
1175 5798 1291 5849 151.
1328 5799 1706 5849 Tlmonhilum.
1741 5804 2007 5849 Timnthoi
2042 5809 2261 5849 frmi-nm

724 5810 821 5856 rus
852 5797 925 5851 lib
978 5812 1033 5859 u,
1056 5813 1141 5867 ep.
1175 5798 1291 5863 l5l,
1328 5799 1710 5872 'I‘lieOphilum,
1741 5797 2008 5860 Timothei
2041 5809 2285 5877 fratrem,

2404 4533 2660 4605 professae
2701 4535 3119 4604 philosophiam.
3160 4534 3311 4589 Unde
3346 4538 3489 4591 enim
3528 4539 3687 4595 habet
3725 4555 3983 4610 comper-

2400 4636 2546 4693 tum,
2580 4625 2863 4680 Pelusiotae
2899 4634 3144 4695 tempore
3178 4627 3459 4681 mulierem
3497 4629 3598 4682 hoc
3631 4630 3849 4683 nomine
3883 4647 3981 4687 or-

2398 4729 2585 4774 natam
2615 4733 2721 4771 non
2756 4716 2995 4771 vixisse?
3028 4748 3096 4759 --
3133 4717 3339 4771 Deinde
3376 4718 3449 4771 illi
3491 4719 3979 4778 demonstrandum

2399 4816 2515 4865 erat
2540 4808 2624 4862 bis
2649 4808 2702 4863 in
2730 4808 2925 4862 litteris
2952 4808 3017 4861 de
3045 4808 3269 4863 muliere
3296 4809 3377 4881 agi
3406 4811 3708 4883 pliilosOpIia
3726 4857 3740 4879 ,
3772 4815 3825 4867 in
3852 4818 3981 4884 qni-

2398 4900 2500 4955 bus
2528 4915 2597 4954 ne
2626 4916 2793 4953 unum
2825 4909 2904 4954 est
2934 4900 3096 4968 hujus
3125 4900 3201 4954 rei
3229 4902 3534 4972 vestigium.
3559 4935 3622 4944 -—
3650 4905 3891 4974 Denique
3924 4908 3982 4963 id

2401 4990 2636 5044 nominis
2677 4991 2819 5043 haud
2861 4991 3092 5045 absurde
3129 4994 3343 5047 mulieri
3380 4994 3701 5051 Christiana:
3740 4998 3978 5054 allictnm

2404 5097 2521 5135 esse
2566 5082 2778 5135 ostendi
2819 5092 3048 5151 oportet.
3088 5082 3227 5148 Quid
3267 5086 3452 5140 enim?
3493 5088 3801 5162 Pythagora:
3845 5107 3983 5145 usor

2399 5254 2701 5326 quibusque
2732 5252 2976 5326 fratrem,
3001 5255 3303 5326 quibusque
3330 5258 3695 5317 Theodosium
3728 5266 3973 5323 cumulat

2400 5325 2711 5405 episcopum
2731 5324 2823 5405 lib.
2851 5341 2915 5405 ti,
2937 5324 3027 5394 ep.
3046 5326 3140 5405 ερι
3168 5345 3179 5393 ;
3208 5324 3331 5405 nolo
3356 5345 3542 5405 eortun
3577 5335 3814 5396 nomina,
3836 5354 3977 5405 quos

2399 5390 2612 5448 vocavit
2644 5394 2730 5448 ille
2766 5390 2809 5447 ὦ
2840 5390 3439 5472 φιλοὰοφίᾳςζᾶγαλμα,
3474 5395 3518 5452 ὦ
3542 5390 3972 5472 φρονήσεῴξτέξ

2400 5480 2558 5544 pavo;
2602 5481 2967 5544 enumerare,
3012 5467 3349 5544 satislialieo
3402 5467 3725 5544 Sententiam
3786 5467 3974 5544 paucis

2394 5534 2711 5655 probavisse
2736 5538 3019 5605 exemplis.
3065 5538 3263 5590 Scribit
3305 5550 3485 5594 autem
3517 5534 3975 5602 lsiiloi'ust'ltrillo

2526 5621 2582 5655 ΙΙ.
2626 5620 2713 5655 CD.
2770 5605 2891 5655 1⁵27-
2928 5636 2992 5645 --
3031 5607 3128 5655 τῆς
3163 5609 3260 5655 sic
3294 5610 3469 5655 τοίην)
3515 5614 3661 5655 ἐστὶ]
3759 5607 3881 5655 δι’τῖ
3915 5636 3971 5655 ρο

2418 5604 2486 5675 ὢν.
2518 5621 2582 5675 in.
2626 5620 2713 5672 ep.
2770 5604 2992 5670 1'27,—
3031 5607 3128 5675 τῆς
3163 5609 3260 5675 σῆς
3294 5610 3469 5661 τοίνυν
3515 5614 3681 5675 ἐστὶν,
3759 5607 3882 5669 ὦ’τί
3915 5636 3973 5672 cs

2394 5674 2645 5753 καλέσῃς,
2673 5675 2836 5753 dgito;
2882 5674 3225 5753 προεεέξπιρζ
3280 5680 3656 5747 μεγαλονοίας·
3711 5700 3835 5753 qua}
3893 5676 3973 5739 li)-

2392 5744 2589 5817 quendi
2624 5744 2852 5817 formula
2883 5744 3115 5817 recurrit
3151 5748 3201 5799 in
3252 5744 3479 5817 epistola
3518 5754 3582 5806 ad
3619 5744 3971 5811 iAminonium

2392 5810 2484 5866 lib.
2523 5829 2578 5877 ll,
2618 5829 2707 5885 ep.
2742 5816 2860 5881 I66,
2884 5826 2938 5871 et
2964 5816 3259 5871 Palladium
3288 5810 3377 5873 lib.
3416 5836 3495 5887 Ill,
3529 5838 3614 5883 op.
3649 5824 3734 5881 75.
