4150 6448
115 396 172 463 ιε
1233 402 1331 462 DE
1372 398 1712 461 SCRIPTIS
1752 396 2046 459 ISIDORI
2080 394 2343 457 PELUS.
3353 385 3427 453 48

124 509 198 564 vel
227 507 329 563 lilia
357 508 591 562 Theano
627 507 739 563 fuit
776 509 1140 581 philosopha;
1177 513 1319 581 quod
1355 513 1424 567 de
1459 511 1717 575 muliere,
1751 513 1794 571 Α
1823 508 1989 562 vitam
2031 507 2335 562 concedere
2381 503 2642 575 placeret,
2682 517 2746 556 ex
2792 501 2895 556 hac
2940 518 2996 557 re
3040 501 3275 568 nullum,
3316 518 3426 572 quo

124 602 184 656 de
210 617 317 670 qua
349 601 402 653 in
436 601 526 655 his
561 602 751 672 agitur
784 603 1015 668 litteris,
1051 601 1129 655 uti
1159 603 1270 673 jam
1304 603 1570 667 diximus,
1605 617 1716 657 non

117 703 354 756 constat;
393 694 497 746 luit
539 693 721 764 patris
763 694 1124 764 philosophiae
1167 696 1351 751 dedita
1386 697 1469 751 vel
1507 695 1717 762 mariti;

122 786 306 840 Isidori
344 786 572 841 Theano
607 783 816 841 Christi
855 787 1145 852 doctrinae:
1179 805 1303 870 qua:
1336 790 1402 844 de
1439 791 1558 860 ejus
1591 804 1720 844 sen-

120 881 289 931 tentia
324 879 529 932 nullam
563 887 718 932 certe
758 876 952 935 habuit
986 894 1107 932 cum
1145 878 1466 952 Pythagora:
1507 880 1722 951 placitis

119 971 558 1025 similitudinem.
607 970 790 1035 Quare
841 971 1076 1046 absurde
1125 973 1329 1042 egisset
1381 972 1623 1029 Isidorus
1673 974 1717 1028 si

118 1061 380 1116 Thr-anus
428 1061 653 1114 nomine
697 1072 950 1116 ornasset
998 1062 1282 1116 mulierem
1330 1063 1718 1120 Christianam.

117 1153 307 1224 Neque
342 1155 447 1208 hoc
481 1154 639 1215 fecit,
672 1154 767 1208 sed
799 1155 948 1208 misit
979 1155 1117 1210 hanc
1147 1156 1432 1224 epistolam
1462 1157 1717 1222 Theano,

119 1245 241 1296 viro
272 1246 525 1306 cuidam;
555 1244 702 1313 quod
737 1259 800 1302 ex
836 1245 950 1314 ipsa
989 1246 1378 1316 inscriptione,
1413 1249 1628 1319 Θεανῷ,
1664 1259 1724 1304 ut

118 1337 172 1389 in
226 1337 489 1389 omnibus
539 1336 691 1391 libris
741 1339 1128 1407 manuscriptis
1182 1341 1464 1410 hucusque
1512 1341 1722 1395 collatis

117 1425 533 1496 exstagcolligi
561 1440 720 1495 posse
748 1427 1000 1481 arbitror.
1031 1427 1242 1482 Etenim
1271 1431 1316 1484 si
1343 1431 1409 1484 ad
1438 1431 1720 1486 mulierem

117 1524 248 1575 data
278 1531 450 1584 esset,
481 1523 833 1576 scribendum
865 1521 1057 1577 fuisset
1085 1524 1312 1589 Θεανοῖὶ
1342 1527 1484 1595 quod
1518 1537 1573 1581 et
1606 1528 1723 1598 ipse

121 1613 487 1667 lleumannus
537 1614 820 1678 sentiens,
876 1614 1290 1684 inscriptionem
1346 1617 1720 1689 corrigendum

117 1720 243 1758 esse
272 1712 508 1768 censet,
538 1720 868 1775 causamque
901 1706 1062 1776 hujus
1088 1709 1445 1763 correctionis
1474 1726 1723 1780 qumren-

120 1797 270 1851 tibus
300 1797 615 1860 nobilecs
645 1799 780 1867 ipsa,
814 1797 1106 1867 respondet
1137 1799 1246 1862 ille,
1280 1801 1496 1864 clamat,
1529 1803 1720 1857 mulie-

120 1888 278 1944 brem
311 1899 574 1944 ornatum
615 1899 740 1944 nota
777 1889 916 1944 allici
957 1891 1228 1946 censoria.
1265 1891 1396 1959 Quae
1435 1895 1626 1957 verba,
1663 1898 1717 1948 ni

121 1982 300 2044 fallor,
353 1983 573 2036 initium
626 1983 790 2052 hujus
837 1985 1081 2053 epistola:
1127 1996 1398 2056 spectant,
1443 1990 1586 2059 quod
1637 1991 1719 2046 his

121 2072 308 2126 verbis
342 2072 665 2126 continetur
701 2091 713 2125 :
750 2075 811 2126 Ἡ
852 2075 1174 2143 φιλοκοσμία
1211 2078 1305 2131 καὶ
1344 2081 1375 2149 ἡ
1414 2080 1523 2131 τῶν
1557 2081 1720 2134 λίθων

123 2163 281 2232 ben,
310 2164 408 2217 καὶ
440 2164 537 2216 τοῦ
567 2164 769 2234 χρυσοῦ
798 2169 830 2235 ἡ
865 2167 998 2237 πρὸς
1026 2167 1246 2232 τούτους
1276 2171 1597 2240 ἀνάκρασις,
1626 2174 1720 2225 καὶ

126 2254 399 2325 πλςκαμθὶ
429 2255 654 2315 ἑλικτοὶ,
688 2259 780 2310 καί
805 2258 1095 2329 ὀφθαλμῶν
1118 2263 1457 2331 ὑπογραφαὶ,
1482 2266 1571 2316 καὶ
1592 2265 1720 2316 κάλ-

127 2347 249 2411 ὶους
285 2348 588 2418 οηφισμὸς.
623 2351 716 2403 καὶ
749 2353 805 2404 αἱ
840 2351 966 2420 περὶ
1018 2351 1189 2406 ταῦτα
1233 2355 1608 2425 muco-reptat,
1645 2352 1721 2410 ὦν

129 2453 214 2498 σε.
246 2454 304 2488 κ.
338 2454 389 2490 -:.
423 2437 473 2488 λ.
507 2438 639 2504 Quae
672 2456 797 2494 vero
832 2442 1012 2494 omnia
1045 2458 1201 2512 aeque
1233 2446 1365 2498 viris
1398 2448 1488 2516 qui
1525 2449 1720 2503 mulie-

130 2528 300 2593 ribus,
328 2544 392 2580 ac
427 2529 750 2583 mulieribus
777 2545 896 2598 quae
923 2532 1050 2586 viris
1080 2534 1300 2588 student
1329 2536 1562 2605 placere.
1590 2553 1721 2592 con-

133 2620 376 2672 veniunt.
411 2618 607 2673 Nonne
643 2621 794 2674 multi
828 2623 998 2675 nostri
1034 2624 1132 2678 arvi
1168 2625 1543 2681 adulescentes
1572 2644 1693 2698 gem

133 2711 232 2764 mis
277 2728 404 2766 sese
453 2714 760 2767 exornant?
799 2731 984 2770 nonne
1024 2733 1266 2788 gemmas
1311 2735 1444 2774 auro
1484 2720 1722 2777 inclusas

133 2803 408 2871 gestiunt?
449 2819 632 2859 nonne
676 2806 1044 2862 calamistrum
1091 2810 1381 2874 adhibent,
1428 2813 1720 2883 multisque

136 2896 266 2958 aliis,
294 2912 421 2964 qua:
451 2897 814 2952 instrumenta
843 2898 1066 2954 luxuriae
1093 2909 1240 2965 sunt,
1269 2904 1721 2971 ututttueruare

137 2989 382 3058 equidem
415 3005 525 3043 non
554 2990 712 3045 video
740 3005 838 3045 cur
864 2991 1184 3047 Heumanno
1215 2995 1530 3050 muliebrem
1560 3011 1722 3052 orna-

143 3088 248 3133 tum
273 3089 403 3133 nota
429 3079 567 3136 aliici
591 3082 838 3136 censoria
862 3083 1160 3140 concedere
1183 3085 1498 3140 debeamus.
1521 3119 1588 3128 —
1613 3087 1720 3143 Sed

145 3170 223 3224 his
265 3187 487 3242 quoque
529 3175 805 3230 concessis
844 3181 1028 3230 nostra
1070 3192 1159 3232 res
1201 3178 1346 3232 salva
1387 3179 1520 3242 erit,
1559 3180 1720 3235 dum-

144 3263 299 3316 modo
326 3273 670 3329 statuamus,
718 3266 1002 3321 mulierem
1049 3267 1417 3323 Christianam
1465 3269 1722 3327 Theanus

146 3357 361 3411 nomine
391 3366 643 3412 ornatam
674 3358 862 3414 lsidori
897 3362 1234 3431 temporibus
1259 3363 1478 3419 vixisse.

211 3447 551 3520 Quapropter
578 3466 755 3521 neque
785 3453 955 3507 altero
985 3454 1087 3507 hoc
1116 3465 1460 3526 argumento,
1492 3457 1578 3512 cui
1613 3467 1722 3512 tam

149 3543 368 3596 multum
409 3543 600 3598 tribuit
637 3543 1021 3608 lleumannus,
1058 3548 1190 3602 satis
1227 3549 1464 3603 ﬁrmavit
1497 3559 1723 3605 senten-

150 3634 268 3685 tiam
296 3649 470 3688 suam.
497 3633 706 3700 Quibus
731 3635 993 3707 expositis
1018 3638 1177 3692 nobis
1204 3639 1272 3692 ad
1301 3640 1519 3693 tertium
1538 3681 1552 3704 ,
1578 3642 1721 3709 quod

150 3725 385 3790 protulit.
405 3728 638 3781 transire
657 3728 800 3784 licet.
827 3749 844 3781 ι
867 3727 1289 3794 Conﬁrmamus,
1313 3731 1489 3801 inquit
1513 3731 1601 3787 ille
1621 3732 1720 3804 (a),

151 3816 464 3870 sententiam
497 3826 739 3872 nostram
768 3820 929 3875 tertio
957 3831 1311 3893 argumento,
1344 3825 1487 3895 quod
1520 3841 1723 3898 suppe-

153 3905 314 3957 ditant
361 3907 520 3962 nobis
563 3908 805 3978 epistula:
855 3911 1018 3980 hujus
1060 3913 1244 3983 operis
1289 3918 1719 3974 contumeliose.

152 3994 242 4062 Qui
285 4001 435 4054 enim
487 4001 756 4070 possimus
804 4005 1048 4068 credere,
1098 4007 1349 4070 homines
1400 4011 1538 4074 illos,
1587 4026 1724 4081 quos

155 4099 249 4143 tam
282 4091 413 4154 acri,
446 4093 554 4146 imo
589 4094 852 4163 petulanti
886 4096 1082 4166 saepius
1116 4113 1347 4154 censura
1381 4103 1594 4157 vexavit
1629 4103 1725 4158 lsi-

155 4182 333 4247 dorus,
369 4185 616 4241 omisisse
651 4187 702 4240 id
739 4187 1010 4243 inultum?
1042 4189 1198 4256 Quod
1219 4193 1262 4245 si
1297 4210 1428 4248 vero
1448 4196 1633 4250 multis
1668 4196 1723 4248 in

153 4276 294 4327 malis
323 4291 449 4330 eum
480 4277 796 4344 multarunt,
823 4280 938 4349 qui,
966 4296 1170 4350 quaeso,
1202 4283 1402 4338 factum
1434 4295 1534 4349 est,
1565 4297 1624 4341 ut
1654 4305 1724 4344 ne

156 4363 411 4419 levissima
442 4368 657 4436 quidem
691 4380 942 4424 occurrat
974 4373 1136 4443 hujus
1170 4377 1246 4428 rei
1283 4377 1520 4430 mentio?
1549 4397 1568 4429 ι
1591 4378 1724 4444 Quae.

157 4458 301 4510 turba
331 4459 601 4525 quomodo
632 4457 981 4516 lleumannus
1011 4463 1251 4519 scribere
1281 4467 1538 4535 potuerit,
1568 4469 1724 4538 equi-

154 4550 261 4601 dem
299 4551 595 4620 intelligere
630 4567 854 4622 prorsus
886 4570 995 4608 non
1033 4571 1276 4624 possum.
1307 4557 1516 4612 Etenim
1552 4575 1616 4612 es
1655 4560 1720 4613 il-
1756 4579 1799 4634 ῃ

153 4640 228 4701 I35,
270 4656 401 4710 quas
453 4651 601 4710 parte.
648 4643 821 4711 prima
867 4646 1167 4712 attulimus,
1218 4646 1405 4701 Isidori
1453 4649 1718 4718 epistolis,

156 4733 287 4789 limae
330 4736 399 4787 ab
443 4735 774 4797 hominibus,
814 4736 867 4790 in
908 4753 1138 4806 quorum
1182 4754 1362 4793 mores
1404 4743 1601 4796 acriter
1638 4743 1723 4796 in-

153 4838 328 4879 τρ-ι-ιιιε
362 4837 476 4887 est.
510 4828 839 4893 exagitatum
875 4846 994 4885 esse
1025 4840 1241 4901 peierat
1275 4834 1634 4905 cognoscere,
1674 4837 1718 4893 si

153 4919 396 4970 Lhatardi
435 4918 715 4986 epistolam
747 4920 812 4972 ad
845 4919 1209 4977 Godofredum
1247 4924 1462 4980 Billium
1499 4945 1609 4983 non
1645 4929 1721 4986 le-

154 5021 305 5076 gerat.
349 5009 400 5062 in
449 5026 552 5078 qua
602 5011 689 5063 ille
733 5008 1056 5067 Pelusiotam
1100 5017 1426 5072 acerrimum
1467 5020 1719 5075 vitiorum

153 5101 520 5157 insectatorern
568 5102 619 5155 in
663 5104 955 5158 multorum
998 5105 1296 5164 incurrisse
1334 5110 1540 5175 odium,
1579 5113 1722 5167 mul-

153 5203 326 5262 tasque
381 5195 432 5248 ei
487 5205 722 5252 structas
777 5211 897 5251 esse.
955 5198 1178 5254 insidias
1229 5202 1311 5255 vel
1367 5218 1478 5257 uno
1531 5205 1723 5273 probat

150 5297 287 5337 cum
297 5285 401 5352 plu.

212 5376 312 5431 Sed
341 5378 554 5432 etiamsi
585 5377 911 5434 lleumanno
939 5381 1203 5436 lsidorum
1235 5383 1474 5453 quietam
1508 5386 1718 5456 (legisse

215 5538 282 5609 (ᾳ)
315 5535 620 5609 lleumann.
660 5538 698 5609 l._
730 5554 780 5594 c.
817 5537 860 5609 ς.
893 5537 1009 5598 Xll.
1046 5555 1098 5609 p.
1137 5540 1223 5600 18.
1252 5542 1335 5602 l9,
1361 5542 1454 5596 20.

212 5607 279 5681 (ὁ)
310 5607 617 5681 ξαςὴτωιιὴίἱ
654 5607 798 5681 Hist.
822 5607 963 5661 ἐσσί.
993 5607 1126 5665 tum.
1169 5611 1329 5677 XVII,
1360 5629 1412 5681 p.
1440 5613 1565 5667 5'25.

213 5679 276 5740 (ε)
323 5677 437 5747 Lib.
474 5695 526 5743 v,
565 5694 655 5747 ep.
696 5680 786 5734 5!.

215 5746 375 5822 (allii
411 5751 509 5819 μὲν
545 5746 657 5821 γὰρ
691 5750 1018 5822 παρᾳίνετις
1056 5746 1146 5822 ἦν,
1187 5752 1408 5822 ἔπεμψα
1442 5755 1545 5808 ἄν·
1605 5754 1723 5807 ἐπεὶ

153 5815 197 5871 ει
220 5815 552 5891 θρῆνόςᾞσυ
586 5815 908 5890 μὸνοεξδὴς,
934 5823 1034 5872 οὐκ
1067 5815 1366 5898 ἐῶκίμαόἁ
1389 5825 1634 5895 πέμψαι·
1677 5826 1724 5878 εἰ

1821 599 2148 654 sententiam
2185 609 2340 652 suam
2377 594 2650 659 ﬁrmaret,
2686 600 3069 665 argumentum
3106 603 3294 664 posset
3327 597 3423 647 de-

1819 703 2094 762 promere.
2121 690 2258 745 Nam
2289 704 2414 743 cum
2447 703 2505 742 se
2536 686 2762 742 credere
2790 701 2901 740 non
2936 701 3096 756 posse
3126 685 3292 747 dicat,
3323 685 3423 739 ho—

1819 782 1998 838 mines
2042 782 2182 848 illos,
2229 795 2368 852 quos
2411 790 2521 834 tam
2568 780 2702 843 acri,
2753 779 2864 833 imo
2909 778 3178 848 petulanti
3223 778 3423 847 saepius

1819 889 2051 932 censura
2077 875 2356 930 vexaverit
2378 873 2637 938 Isidorus,
2664 872 2716 927 id
2741 872 2995 926 omisisse
3021 871 3276 935 inultum,
3303 888 3425 925 rur-

1821 981 1915 1021 sus
1949 965 2003 1020 in
2040 979 2282 1020 errorem
2317 963 2528 1018 incidit.
2562 961 2836 1034 Cogitanti
2875 962 3020 1016 enim
3059 960 3189 1014 mihi
3224 961 3292 1014 de
3324 976 3423 1014 au-

1820 1057 2096 1117 ctoritate.
2120 1072 2283 1128 quam
2313 1066 2444 1110 tunc
2468 1055 2734 1125 temporis
2757 1052 3011 1107 monachi
3036 1063 3188 1107 erant
3215 1052 3421 1122 adepti,

1820 1158 1878 1205 et
1910 1151 2176 1204 memoria
2210 1149 2536 1212 seditiones,
2570 1162 2707 1216 quas
2738 1161 2861 1200 cum
2895 1145 3080 1199 multis
3111 1145 3165 1198 in
3199 1146 3425 1215 provinp

1821 1237 1920 1292 ciis
1957 1246 2070 1292 tum
2106 1237 2375 1308 imprimis
2409 1237 2466 1290 in
2492 1236 2729 1307 Egyptu
2764 1235 2980 1288 illorum
3015 1235 3292 1289 exercitus
3328 1250 3424 1289 ex-

1822 1329 2019 1384 citasse
2046 1331 2306 1384 diCUntur
2330 1328 2403 1401 (b)
2435 1328 2728 1399 repetenti,
2758 1328 2809 1380 id
2835 1336 2984 1382 certe.
3012 1327 3126 1382 fieri
3157 1330 3422 1394 potuisse,

1822 1421 2008 1476 videre
2041 1421 2170 1474 mihi
2204 1422 2411 1475 videor.
2443 1420 2560 1475 IIuc
2590 1420 2803 1474 accedit
2832 1420 2974 1489 quod
3008 1419 3270 1483 Isidorus,
3305 1437 3426 1475 mo-

1823 1512 2044 1564 nasterii
2079 1512 2159 1566 sui
2193 1513 2394 1572 abbas.
2425 1512 2508 1564 vir
2537 1510 2703 1566 fuerit
2735 1519 2948 1564 morum
2979 1512 3297 1582 integritate
3327 1513 3427 1571 do-

1825 1605 2127 1674 ttrianue
2163 1605 2320 1674 copia
2361 1604 2626 1676 insignis,
2663 1612 2828 1673 atque
2862 1605 3188 1659 auctoritate
3225 1606 3424 1676 gravis.

1826 1696 2006 1763 Quare
2039 1713 2138 1750 nos
2170 1712 2364 1752 onmes
2398 1712 2493 1752 eas
2528 1697 2808 1767 epistulas,
2842 1713 2964 1765 qum
2998 1697 3066 1751 ab
3104 1697 3426 1752 lleumanno

1831 1800 2115 1859 propterea
2147 1790 2292 1860 quod
2325 1791 2392 1844 ad
2426 1790 2603 1852 viros,
2637 1798 2699 1843 ut
2733 1791 2909 1861 ipsius
2941 1800 3063 1846 utar
3095 1793 3307 1853 verbis,
3342 1793 3427 1847 vel

1760 1868 1795 1918 Β
1827 1881 1968 1935 civili
2000 1882 2083 1934 vel
2109 1882 2477 1937 ecclesiastica
2505 1882 2770 1952 dignitate
2795 1883 3104 1938 eminentes
3128 1886 3268 1938 data:
3295 1885 3425 1948 sint,

1829 1986 1927 2041 pro
1956 1971 2158 2026 ﬁctiliis
2185 1982 2567 2036 numerantur,
2599 1973 2751 2036 viris,
2777 1974 2842 2027 ad
2871 1989 3008 2044 quos
3034 1976 3251 2046 scriptae
3277 1985 3426 2043 sunt,

1831 2080 2018 2118 revera
2052 2064 2247 2118 missas
2277 2079 2398 2120 esse
2429 2065 2742 2120 sxatnimus.

1899 2154 2003 2207 Sed
2049 2154 2386 2208 redeundu’m
2427 2153 2588 2208 nobis
2631 2163 2716 2210 est
2753 2155 2819 2208 ad
2865 2155 3121 2224 epistolas
3161 2172 3297 2224 quas
3340 2157 3428 2214 ille

1829 2241 2120 2308 appeliavit
2153 2241 2471 2305 invectivas,
2503 2257 2748 2311 quasque
2781 2245 3073 2298 exercendi
3105 2247 3225 2317 styli
3256 2249 3426 2318 gratia

1830 2340 2078 2384 exaratas
2112 2331 2283 2386 fuisse
2321 2347 2384 2386 ex
2423 2334 2602 2403 aliqua
2642 2335 2708 2388 ad
2750 2333 3081 2404 Harpocram
3121 2339 3425 2408 sophistam

1829 2423 2059 2491 cpistola
2102 2426 2170 2490 (ε)
2210 2435 2442 2478 conatur
2478 2426 2732 2494 probare.
2775 2445 2793 2476 ι
2841 2426 2976 2482 Iluic
3016 2430 3189 2492 enim,
3226 2432 3425 2501 inquit,

1830 2515 1920 2582 qui
1957 2515 2178 2568 satiram
2214 2515 2314 2585 ipsi
2353 2517 2576 2571 miserat.
2611 2519 2664 2571 in
2700 2518 3106 2582 Martinianum,
3148 2522 3427 2579 Zosimum

1830 2615 1884 2659 et
1915 2607 2288 2669 Eustathium,
2325 2609 2603 2675 rescribit,
2637 2625 2756 2663 eam
2791 2626 2848 2664 se
2878 2611 2944 2667 ad
2979 2612 3099 2666 illos
3131 2614 3426 2672 missurum

1831 2697 1974 2751 haud
2005 2713 2146 2752 esse.
2173 2697 2310 2752 Cum
2342 2699 2488 2753 enim
2521 2700 2774 2755 dicantur
2803 2703 2856 2756 hi
2881 2703 2986 2756 viri
3019 2719 3140 2758 esse
3172 2705 3431 2776 implaca-

1829 2786 1965 2840 biles
1997 2787 2216 2851 bestiae,
2248 2804 2306 2842 se
2337 2805 2448 2844 non
2480 2790 2835 2858 effecturum,
2871 2802 2930 2847 ut
2961 2794 3029 2848 ab
3059 2795 3183 2850 aliis
3218 2797 3429 2869 llarpo-

1829 2893 1950 2934 cras
1982 2880 2136 2949 quasi
2174 2880 2317 2934 bello
2347 2882 2582 2951 quodam
2613 2893 2850 2953 petatur.
2881 2885 3002 2941 Jam
3033 2891 3176 2958 quod
3213 2892 3426 2961 Harpo-

1830 2987 1936 3027 (ξι-ξε
1965 2972 2212 3028 accidere
2243 2973 2420 3028 noluit
2451 2974 2719 3044 Isidorus,
2753 2979 2899 3034 idem
2931 2995 3034 3035 nec
3067 2981 3170 3036 sibi
3204 2985 3429 3042 evenire

1832 3063 2069 3118 voluisse
2099 3068 2409 3123 credendus
2438 3076 2541 3122 est.
2581 3086 2600 3120 ι

1901 3153 2034 3222 Quae
2084 3157 2395 3214 Heumannl
2441 3166 2605 3215 verba
2656 3176 2724 3217 eo
2774 3169 2988 3218 tantum
3042 3166 3274 3222 consilio
3323 3169 3430 3226 huc

1828 3249 2146 3318 transcripsi
2171 3252 2374 3314 omnia,
2401 3259 2461 3306 ut
2480 3254 2730 3324 exemplo
2751 3256 3065 3324 probarem,
3089 3259 3268 3314 virum
3290 3263 3429 3318 alio-

1827 3343 1920 3409 qui
1952 3345 2276 3413 prudentem
2308 3356 2364 3401 et
2394 3347 2615 3401 doctum
2647 3350 3017 3420 prtejudicata,
3050 3369 3213 3423 quam
3245 3359 3431 3414 animo

1826 3438 2100 3506 concepit,
2147 3438 2407 3509 opinione
2455 3440 2509 3494 in
2556 3442 2740 3496 varios
2789 3444 2903 3514 rapi
2955 3461 3116 3515 posse
3161 3463 3426 3518 errores;

1827 3529 1965 3583 adeo
1998 3538 2057 3583 ut
2091 3546 2211 3599 quae
2247 3531 2350 3601 ipsi
2382 3534 2656 3588 contraria
2689 3545 2850 3601 sunt,
2884 3538 2984 3592 sibi
3018 3539 3204 3596 favere
3233 3544 3430 3614 opine-

1827 3629 1934 3676 tur.
1970 3623 2027 3676 id
2073 3623 2397 3680 lleumanno
2435 3627 2525 3680 his
2561 3627 2626 3680 ad
2667 3627 2996 3699 Ilarpocram
3035 3634 3233 3689 litteris
3273 3624 3429 3696 suam

1827 3715 2126 3783 prubaturo
2150 3719 2478 3773 sententiam
2504 3720 2774 3776 accidisse
2794 3723 3049 3781 arbitror.
3078 3725 3151 3782 Ex
3177 3728 3261 3784 his
3283 3734 3430 3789 enim

1826 3819 2048 3881 apparet
2087 3809 2390 3877 lsidorum,
2429 3814 2785 3886 scriptioncm
2826 3820 2929 3874 sibi
2967 3822 3037 3876 ab
3073 3823 3165 3877 illo
3205 3827 3429 3882 missam

1828 3901 2183 3968 Martiniano,
2236 3906 2452 3961 Zosimo
2503 3917 2668 3978 atque
2720 3912 3009 3968 Eustathio
3061 3916 3277 3973 tradere
3327 3936 3432 3976 no-

1826 3995 1993 4051 luisse
2024 4008 2341 4068 propterea,
2375 4002 2634 4069 quoniam
2668 4005 2978 4061 contineret
3007 4019 3265 4079 satyram.
3299 4012 3431 4068 Ete-

1827 4087 1938 4142 nim
1973 4090 2016 4142 si
2053 4100 2133 4155 tu,
2168 4091 2365 4160 inquit,
2395 4093 2541 4147 viros
2575 4095 2693 4149 illos
2725 4098 3037 4166 petulantes
3067 4102 3297 4171 epistola
3329 4108 3431 4161 ad-

1826 4181 2066 4236 hortatus
2097 4201 2262 4249 esses,
2297 4186 2437 4240 hanc
2472 4187 2576 4240 illis
2610 4188 2880 4243 misissem
2915 4193 3027 4262 (d);
3077 4196 3170 4249 sed
3205 4199 3430 4252 satiram

1827 4273 2067 4328 retinere
2107 4275 2332 4344 placuit.
2370 4277 2619 4346 Namque
2657 4279 3002 4349 vituperandi
3040 4285 3262 4354 quidem
3303 4300 3431 4346 sunt

1827 4364 1894 4417 de
1931 4362 2118 4419 lsidori
2157 4371 2430 4422 sententia
2462 4370 2530 4438 (ε)
2563 4370 2653 4438 qui
2686 4372 2833 4427 vitiis
2868 4373 3140 4443 laborant,
3176 4381 3272 4435 sed
3303 4399 3428 4437 ver-

1829 4457 1912 4512 bis
1962 4457 2112 4512 duris
2169 4461 2518 4514 admiscenda
2575 4472 2702 4517 sunt
2753 4464 3108 4524 humanitatis
3160 4472 3320 4541 plena
3375 4485 3432 4531 ct

1829 4554 2282 4609 mansuetudinis.
2308 4554 2515 4620 Quibus
2545 4559 2809 4625 expositis
2839 4576 2950 4615 non
2983 4579 3209 4621 necesse
3240 4578 3342 4632 est,
3373 4582 3432 4626 ut

1831 4644 1898 4697 de
1937 4646 2192 4716 singulis,
2226 4662 2346 4716 quae
2379 4647 2607 4717 protulit
2641 4650 2760 4713 ille,
2792 4656 3060 4724 exemplis
3093 4658 3269 4714 fusius
3303 4678 3432 4716 sen-

1832 4738 2060 4792 tentiam
2093 4739 2358 4792 dicamus.

1901 4829 2172 4886 Caeterum
2206 4832 2444 4897 videant,
2479 4835 2568 4904 qui
2604 4834 2913 4892 Heumanni
2947 4843 3195 4909 partibus
3226 4843 3430 4910 lavent.

1829 4939 1900 4978 ne
1926 4924 2203 4993 improbos
2227 4934 2524 4996 turpesque
2553 4928 2823 4998 imputcnt
2848 4934 3055 4988 Isidoro
3081 4952 3283 4993 mores.
3309 4940 3433 5010 Ipso

1829 5017 1977 5070 enim
2006 5015 2212 5072 Maroni
2247 5019 2316 5088 (ι’)
2348 5021 2560 5086 scribit,
2593 5038 2652 5077 se
2684 5039 2794 5079 non
2825 5027 2967 5081 sicut
2997 5031 3197 5085 multos
3227 5033 3294 5088 de
3327 5035 3428 5089 im-

1827 5111 2124 5178 proborum
2164 5111 2339 5166 salute
2378 5116 2604 5169 omnino
2639 5117 3000 5187 desperantes
3037 5139 3163 5178 eum
3203 5127 3432 5185 irridere

1829 5203 1994 5267 velle,
2039 5205 2165 5268 sed,
2200 5221 2324 5258 cum
2363 5206 2474 5276 jam
2516 5211 2813 5266 multorum
2854 5216 3078 5271 vidisset
3114 5223 3432 5278 conversio-

1829 5310 1975 5358 nem,
2011 5296 2248 5350 ollicium
2289 5313 2448 5353 suum
2490 5301 2742 5357 arbitrari
2783 5308 3117 5374 petulantem
3158 5329 3432 5384 quemque

1826 5388 1894 5442 ad
1931 5388 2144 5444 sobrios
2179 5406 2440 5447 revocare
2472 5410 2672 5451 mores.
2709 5397 2864 5464 Quod
2888 5401 2931 5454 si
2973 5403 3056 5456 vir
3082 5405 3170 5460 ille
3209 5421 3433 5466 sanctus

1825 5543 1869 5597 δ’
1896 5546 2258 5625 abrogatum;
2292 5550 2492 5621 βούλει,
2523 5555 2760 5625 πέμψον.

1899 5617 2238 5710 tet-Alibi..le
2401 5626 2536 5710 139,,
2699 5633 2992 5710 ῖοιγ-αρφῦν
3037 5636 3302 5704 μιγνύναι
3333 5642 3430 5710 τὴν

1827 5689 2142 5784 ῗαρρησίαν
2176 5689 2734 5784 ςτῇιςτὲροσηνξίᾲξβὶαὶ
2767 5689 2844 5772 τῷ
2864 5689 3082 5776 ’ἐλέγχῖρ
3112 5689 3310 5783 ξιιρνᾷν
3333 5689 3430 5784 τήν

1826 5757 2069 5824 ἀγάπην,
2105 5761 2198 5812 καὶ
2219 5757 2368 5814 obvio
2389 5757 2683 5822 νόυοεέὲτν.

1902 5829 1969 5897 (Ῑ)
2007 5827 2126 5883 Lib.
2164 5847 2226 5895 ιε,
2253 5848 2340 5903 ep.
2379 5834 2465 5889 l6.
