4150 6434
783 402 850 464 47

782 533 964 575 rei-era
990 533 1146 572 suum
1175 517 1326 573 duxit
1349 532 1467 572 esse
1492 516 1744 581 oIﬁcium.
1773 518 2148 582 Heumannus,
2171 522 2213 574 si
2245 521 2346 574 sibi

779 619 1024 665 constare
1055 611 1185 670 vnit,
1223 625 1346 664 eum
1385 611 1676 681 hypocritis
1708 613 1943 667 ascribat
1975 628 2196 668 necesse
2233 623 2346 678 est,

779 703 975 775 quippe
1003 704 1093 773 qui
1127 703 1380 772 epistolas
1413 703 1630 772 quidem
1664 705 1986 760 adhortandi
2021 720 2183 760 causa
2217 706 2350 761 scri-

780 795 967 865 pserit,
994 794 1084 848 sed
1117 795 1212 847 bas
1239 810 1347 847 non
1378 795 1583 849 miserit
1608 795 1712 849 illis
1736 811 1967 865 quorum
1998 797 2224 866 praeﬁxit
2251 813 2348 851 no.

782 888 949 948 mina,
989 894 1280 940 contentus
1317 902 1408 941 cas
1441 888 1694 942 recitasse
1731 904 1912 943 coram
1951 889 2249 958 discipulis.
2290 889 2347 944 Si

780 994 906 1032 vero
937 979 1173 1033 Isidorus
1201 979 1328 1032 illud
1359 994 1514 1032 suum
1547 995 1656 1032 non
1686 995 1806 1034 esse
1835 980 2066 1035 ofﬁcium
2098 982 2346 1045 credidit,

781 1072 1005 1127 mendax
1055 1081 1138 1126 est
1186 1071 1328 1124 illam
1381 1070 1449 1125 ad
1502 1069 1773 1126 Maronem
1828 1072 2180 1128 conscribens
2232 1073 2349 1143 epi-

779 1162 992 1216 stolam.

848 1252 954 1308 Nos
985 1269 1055 1308 ne
1088 1253 1350 1308 Isidorum
1385 1269 1484 1324 pro
1511 1253 1819 1309 simulatore
1852 1271 1914 1310 ac
1947 1255 2348 1312 dissimulatore

778 1343 975 1398 habere
1016 1345 1339 1411 debeamus,
1374 1346 1442 1400 ab
1481 1344 1783 1401 Heumanni
1825 1349 2098 1402 sententia
2136 1349 2314 1402 recedi

777 1454 915 1504 mus,
946 1448 1105 1508 atque
1135 1439 1388 1494 lectorem
1420 1455 1687 1510 quemque
1717 1451 1924 1510 septem
1957 1441 2082 1501 illis,
2116 1457 2362 1511 quarum.

776 1532 1110 1586 enumeratio
1141 1533 1404 1601 sequitur,
1438 1532 1679 1601 epistolis
1712 1542 1918 1587 attento
1948 1535 2131 1588 animo
2167 1535 2346 1604 perle-

775 1624 902 1686 ctis,
955 1623 1277 1678 conﬁdimus
1333 1624 1535 1678 nostris
1588 1623 1864 1679 fauturum
1919 1641 2039 1680 esse
2082 1627 2346 1695 partibus.

777 1713 905 1769 Vide
976 1716 1134 1786 igitur
1196 1717 1289 1770 lib.
1355 1716 1398 1769 Il
1449 1731 1538 1786 ep.
1583 1717 1674 1782 21,
1724 1717 2034 1788 Hermogeni
2073 1720 2344 1787 episcopo;

773 1807 864 1861 li-b.
905 1807 970 1861 III
1008 1825 1096 1878 ep.
1135 1809 1222 1872 55,
1267 1808 1478 1862 Hieraci
1520 1810 1848 1878 presbytero;
1887 1810 1979 1863 lib.
2020 1809 2087 1862 IIl
2125 1826 2212 1880 ep.
2255 1813 2340 1876 70,

771 1897 988 1968 Ophelio'
1014 1903 1386 1969 grammatico;
1417 1901 1509 1956 lib.
1543 1901 1608 1955 Ill
1640 1918 1726 1971 ep.
1757 1902 1888 1967 270,
1921 1900 2194 1972 Lampetio
2227 1906 2338 1973 epi-

770 2007 950 2062 scopo;
981 1992 1076 2047 lib.
1108 1992 1174 2047 Ill
1206 2009 1291 2064 ep.
1322 1993 1448 2054 282.
1478 1993 1757 2047 Archontio
1792 2012 1954 2062 remp.
1988 1998 2187 2066 gerenti
2204 2013 2219 2057 :
2253 1997 2344 2051 lib.

773 2082 836 2137 IV
873 2101 958 2155 ep.
1001 2085 1126 2150 205,
1166 2085 1406 2154 Olympio
1444 2086 1759 2155 presbytero,
1796 2086 2135 2154 scholastica;
2177 2087 2268 2142 lib.
2308 2087 2349 2140 ν

769 2190 859 2246 ep.
893 2177 1019 2241 219,
1050 2175 1310 2230 Theodoro
1339 2179 1575 2231 diacono.
2321 2201 2324 2203 ν

838 2270 974 2325 Cum
1005 2272 1090 2325 bis
1137 2271 1333 2324 litteris
1365 2271 1598 2325 conferri
1639 2279 1864 2340 possunt
1888 2270 2005 2324 alia:
2041 2271 2343 2340 permulta),

771 2363 966 2433 quibus
1003 2363 1237 2416 Isidorus
1260 2402 1276 2427 ,
1323 2376 1380 2416 se
1411 2361 1541 2415 viris
1567 2361 1673 2416 illis
1713 2361 2082 2430 petulantibus
2113 2374 2167 2416 et
2197 2363 2349 2416 luxu-

774 2455 932 2509 riosis
979 2454 1232 2523 epistolas
1287 2452 1488 2522 smpius
1543 2452 1754 2506 misisse
1787 2491 1801 2513 ,
1864 2451 2025 2519 plane
2066 2453 2344 2518 declarat;

773 2546 937 2606 velut,
969 2545 1062 2598 lib.
1100 2561 1159 2599 ιιι
1206 2559 1294 2614 ep.
1327 2544 1414 2609 67,
1445 2543 1533 2607 90,
1569 2543 1690 2607 525,
1737 2542 1872 2607 597;
1911 2542 2005 2596 lib.
2043 2560 2104 2609 γ,
2135 2559 2223 2614 ep.
2255 2545 2344 2610 84,

769 2635 895 2700 210,
930 2637 1058 2700 285,
1094 2636 1217 2691 561.

841 2725 976 2779 Cum
1018 2727 1180 2795 igitur
1222 2725 1457 2780 Isidorus
1496 2726 1611 2794 ipse
1659 2725 1840 2779 multis
1870 2725 2000 2781 locis
2031 2724 2345 2779 declarave-

771 2818 870 2881 rit,
917 2833 974 2872 se
1006 2817 1237 2872 Eusebio
1267 2817 1552 2886 episcopo,
1587 2816 1833 2882 Zosimo,
1877 2817 2078 2870 Maroni
2107 2858 2122 2882 ,
2164 2815 2344 2870 Marti-

771 2911 934 2963 niano
968 2918 1022 2963 et
1054 2908 1333 2962 Eustathio
1374 2907 1700 2976 presbyteris
1734 2908 1938 2962 litteras
1979 2909 2189 2962 misisse
2213 2951 2226 2974 ,
2255 2910 2343 2962 vix

772 3001 995 3070 intelligi
1057 3010 1235 3070 potest
1274 2999 1543 3068 quomodo
1571 2998 1922 3053 Heumannus
1957 3015 2146 3053 omnes
2176 3040 2190 3062 ,
2224 3016 2343 3069 quae

769 3091 837 3146 ad
888 3092 1134 3144 homines
1181 3090 1311 3144 istos
1356 3089 1494 3143 datae
1547 3099 1704 3152 sunt,
1753 3090 2007 3158 epistolas
2053 3091 2105 3142 in
2152 3091 2341 3144 umbra

767 3181 1120 3244 scholastica,
1151 3189 1210 3234 ut
1260 3181 1375 3249 ipse
1403 3180 1508 3244 ait,
1541 3182 1865 3245 compositas
1889 3219 1903 3242 ,
1937 3194 2112 3248 neque
2155 3180 2221 3234 ad
2247 3196 2341 3235 eos

769 3289 996 3343 quorum
1028 3272 1242 3342 praeﬁxa
1271 3281 1395 3326 sunt
1417 3272 1632 3325 nomina
1665 3272 1854 3325 missas
1882 3269 2066 3334 fuisse,
2098 3278 2338 3326 statuere

769 3364 1004 3434 potuerit
1028 3380 1042 3427 ;
1076 3361 1508 3432 praesertimeum
1536 3361 1650 3429 ipse
1675 3376 1727 3430 p.
1766 3360 1829 3414 I5
1849 3375 1906 3413 se
1933 3358 2117 3414 Isidori
2148 3361 2340 3430 episto-

770 3456 849 3508 Ias
877 3455 1197 3524 pesiegisse,
1228 3454 1478 3523 justaqne
1521 3451 1760 3505 adhibita
1809 3451 2107 3506 attentione
2156 3452 2337 3520 perlu-

769 3557 968 3601 strasse
997 3545 1359 3600 aliirmaverit.

838 3637 905 3690 At
932 3652 1036 3689 non
1064 3635 1258 3688 sullicit
1277 3635 1507 3688 aliorum
1535 3633 1817 3702 opiniones
1842 3633 2124 3699 refutasse,
2151 3649 2335 3689 verum

769 3744 942 3782 meam
996 3728 1062 3781 de
1126 3727 1312 3780 Isidori
1368 3725 1609 3795 epistolis
1661 3724 1984 3779 sententiam
2035 3726 2332 3794 explicabo,

767 3835 960 3890 quam,
1002 3820 1043 3873 si
1081 3818 1190 3873 ﬁeri
1223 3826 1428 3887 potest,
1464 3827 1702 3871 veterum
1731 3817 2050 3886 scriptorum
2089 3819 2332 3872 testimo-

770 3913 871 3967 niis
908 3911 1214 3980 ﬁrmisque,
1258 3927 1374 3980 qua:
1407 3926 1472 3964 ex
1517 3910 1646 3979 ipsis
1690 3910 1850 3978 hujus
1880 3910 1978 3964 viri
2013 3911 2207 3964 litteris
2237 3913 2334 3966 de-

769 4009 1014 4072 prompta
1050 4010 1205 4063 sunt,
1261 4001 1626 4070 argumentis.
1672 3999 1886 4068 probari
1937 4010 2172 4068 Oportet.
2225 4001 2334 4070 Ego

767 4104 947 4146 autem
989 4106 1174 4144 verum
1234 4091 1464 4143 sensisse
1500 4091 1729 4143 arbitror
1773 4089 2180 4144 Schrtnckhium
2231 4093 2330 4161 (α),

766 4182 854 4250 qui
896 4181 1154 4250 plurimas
1181 4179 1364 4234 Isidori
1404 4180 1658 4249 epistolas
1704 4195 1810 4232 non
1846 4196 1906 4233 ea
1942 4180 2110 4234 forma
2142 4197 2244 4250 qua
2276 4182 2332 4237 in

765 4272 925 4326 editis
945 4286 1152 4325 excusat
1180 4270 1287 4324 sint
1307 4271 1702 4340 exemplaribus
1721 4312 1734 4334 ,
1766 4271 1832 4324 ab
1861 4281 2082 4325 auctore
2105 4274 2332 4342 scriptas

765 4378 920 4426 esse,
960 4362 1053 4416 sed
1099 4378 1127 4414 a
1164 4361 1443 4414 monachis
1481 4372 1757 4429 excerptas
1797 4363 1860 4414 ad
1892 4372 2126 4415 nostram
2163 4379 2329 4431 usque

765 4461 977 4508 tetatem
1010 4453 1318 4522 pervenisse
1341 4494 1354 4515 ,
1387 4459 1543 4505 acute
1582 4452 1829 4519 conjecit.
1879 4451 2014 4506 Cum
2058 4471 2186 4507 vero
2217 4455 2330 4523 ipse

765 4541 1094 4611 argumentis
1128 4541 1266 4593 hanc
1291 4554 1441 4593 suam
1468 4541 1786 4594 sententiam
1821 4541 2046 4609 probare
2075 4541 2144 4595 ab
2171 4543 2327 4596 insti-

768 4633 861 4685 tuti
901 4631 1110 4684 ratione
1141 4630 1372 4682 alienum
1424 4644 1543 4685 esse
1571 4631 1876 4696 censuerit,
1914 4631 2073 4685 nobis
2100 4632 2214 4686 haec
2245 4649 2328 4687 re-

765 4723 884 4774 licta
919 4729 1000 4774 est
1031 4719 1326 4789 provincia.

831 4812 996 4865 Favet
1036 4819 1215 4864 autem
1243 4849 1256 4871 ,
1301 4817 1360 4863 ut
1386 4809 1633 4878 equidem
1681 4809 1938 4873 arbitror,
1989 4806 2325 4864 Schrmckbii

761 4901 1084 4968 conjectum
1129 4897 1256 4952 illud
1301 4898 1485 4952 Irena'i
1535 4897 1735 4951 dictum
1764 4936 1778 4961 ,
1824 4897 1965 4966 quod
1996 4898 2166 4967 prima
2213 4898 2326 4966 jam

761 4992 1036 5046 attulimus
1082 4991 1243 5060 hujus
1292 4989 1759 5044 commentationis
1814 4997 2004 5057 parte,
2065 4989 2328 5058 cujusque

761 5083 922 5137 verba
954 5083 1059 5136 huc
1102 5081 1398 5151 spectantia
1442 5081 1556 5135 haec
1589 5088 1750 5133 sunt:
1799 5078 1935 5134 «llas
1959 5095 2149 5134 omnes
2177 5080 2317 5133 beati

761 5172 948 5226 isidori
983 5172 1274 5240 (epistolas)
1308 5201 1370 5210 ——
1397 5170 1637 5238 excerpsi
1669 5179 1722 5223 et
1751 5170 1998 5224 transtuli
2030 5186 2091 5223 ex
2115 5171 2316 5238 episto-

760 5265 823 5316 lis
867 5265 983 5330 ejus
1023 5263 1234 5316 duobus
1280 5262 1565 5315 millibus.»
1614 5259 1744 5324 Quae
1778 5263 1937 5316 verba
1970 5263 2167 5330 duplici
2197 5262 2318 5331 qui-

757 5358 878 5412 dem
908 5357 1065 5408 modo
1103 5355 1354 5423 explicari
1387 5364 1628 5423 possunt.
1674 5353 2081 5416 Namslrenmus,
2115 5355 2188 5407 uti
2215 5355 2320 5407 Lu-

758 5461 859 5516 pus
894 5445 1143 5512 przrclare
1191 5445 1430 5508 notavit,
1475 5459 1581 5496 non
1626 5458 1814 5496 omnes
1852 5443 2037 5496 Isidori
2068 5445 2319 5512 epistolas

757 5535 811 5587 in
855 5533 1232 5586 vetustissimis
1265 5534 1365 5586 illis
1403 5519 1791 5586 Actenietensis
1826 5535 2136 5586 monasterii
2168 5537 2318 5587 codi-

757 5626 907 5681 cibus
937 5624 1292 5694 perscriptas,
1326 5640 1511 5678 verum
1555 5639 1646 5678 eas
1676 5634 1881 5678 tantum
1913 5641 2031 5692 qua:
2064 5626 2160 5692 ipsi
2197 5627 2316 5679 usui

825 5779 904 5850 (α)
929 5777 1247 5835 Sehraeckh.
1291 5776 1430 5834 Hist.
1466 5778 1587 5831 eccl.
1617 5779 1719 5831 vol.
1754 5776 1905 5833 XVII.
1929 5794 1982 5847 p.
2025 5778 2146 5832 526.

1864 406 2531 468 COMMENTATIONIS
2567 408 2761 468 PARS
2797 407 2882 467 II.

3961 398 4056 460 48

2381 528 2420 582 Α
2451 535 2571 574 esse
2611 528 2895 590 poterant,
2944 517 2997 571 in
3029 529 3186 570 suum
3232 512 3503 568 transtulit
3532 526 3688 582 opus.
3720 510 3850 565 Inde
3877 511 4054 565 facil-

2452 611 2579 664 lime
2600 611 2866 679 quispiam
2894 608 3142 677 colligere
3170 605 3369 675 possit,
3413 603 3670 657 Irenaeum
3718 602 3855 654 nihil
3884 601 4052 654 aliud

2451 700 2631 754 dicere
2659 700 2890 752 voluisse
2915 740 2928 762 ,
2962 697 3066 751 nisi
3099 712 3156 750 se
3198 711 3228 749 e
3267 695 3448 748 multis
3483 693 3762 747 I’clusiotee
3789 692 4052 761 epistolis

2449 793 2707 861 quasdam
2765 806 2876 844 sua:
2942 788 3184 858 opinioni
3253 787 3496 841 faventes
3547 786 3770 854 elegisse
3828 799 4052 851 easque

2452 883 2808 936 transtulisse.
2864 882 3114 934 Attamen
3163 889 3276 932 tum
3328 877 3544 937 verbis.
3601 885 3718 928 tum
3761 875 3836 928 rei
3897 874 4048 927 mihi

2449 975 2664 1044 quidem
2692 975 2906 1028 videtur
2951 987 3068 1026 esse
3116 972 3290 1040 aptior
3323 971 3487 1024 altera
3521 970 3712 1023 borum
3741 969 4048 1021 verborum

2447 1064 2750 1134 explicandi
2786 1064 2942 1117 ratio.
2992 1061 3182 1116 Statuo
3202 1061 3346 1114 enim
3372 1100 3388 1122 ,
3413 1061 3670 1113 Irena'uni
3714 1059 3892 1111 verbis
3925 1057 4050 1109 illis

2449 1155 2589 1209 hanc
2616 1155 2912 1223 subjecisse
2939 1155 3264 1207 sententiam
3291 1169 3304 1204 :
3347 1151 3452 1203 Ilas
3480 1165 3670 1203 omnes
3697 1149 3882 1202 Isidori
3912 1149 4048 1214 epi-

2449 1245 2612 1299 stolas
2644 1259 2752 1297 non
2794 1243 2859 1295 ad
2894 1243 3120 1295 verbum
3149 1241 3448 1308 descripsi,
3483 1241 3576 1292 sed
3605 1238 3847 1306 excerpsi
3869 1275 3884 1300 ,
3930 1253 4040 1290 ex-

2447 1345 2767 1405 cerptasque
2799 1333 2850 1387 in
2884 1349 3061 1386 meum
3092 1333 3338 1386 transtuli
3365 1348 3519 1401 opus.
3545 1360 3611 1371 —
3641 1330 3705 1384 Et
3731 1340 3876 1385 certe
3899 1345 4050 1399 ope-

2450 1443 2560 1480 ram
2589 1425 2946 1496 perdidisset,
2977 1425 3082 1478 nisi
3115 1440 3176 1477 ea
3210 1433 3416 1477 tantum
3449 1421 3636 1476 Isidori
3671 1423 3828 1477 verba
3853 1462 3868 1484 ,
3900 1420 4046 1491 qui-

2447 1517 2548 1570 bus
2577 1517 2900 1571 sententiam
2933 1529 3086 1568 suam
3129 1513 3346 1582 probari
3389 1527 3548 1581 posse
3577 1511 3852 1580 judicabat
3875 1552 3888 1571 .
3931 1525 4046 1564 ve-

2449 1624 2566 1662 rum
2617 1609 2778 1662 etiam
2823 1621 2943 1675 quae
2979 1607 3044 1659 ad
3088 1620 3200 1658 rem
3248 1619 3473 1673 prorsus
3515 1619 3624 1656 non
3657 1602 4040 1671 pertinebant,

2445 1698 2624 1751 omnia
2676 1712 2873 1766 nempe
2916 1712 3037 1764 quae
3085 1694 3313 1748 formam
3365 1703 3612 1763 spectant
3663 1692 4039 1762 epistolicam,

2444 1789 2799 1843 salutationes
2842 1788 3052 1855 aliaque
3101 1785 3396 1854 ejusmodi,
3428 1785 3821 1852 descripsisset.
3865 1782 4040 1848 Quod

2374 1889 2411 1943 Β
2441 1895 2564 1934 cum
2596 1888 2703 1932 tam
2732 1878 2888 1932 facile
2931 1880 2999 1932 sit
3027 1877 3301 1931 intellectu
3329 1916 3344 1940 ,
3388 1891 3498 1930 non
3527 1876 3698 1930 solum
3734 1877 4038 1940 Irenaeum,

2450 1986 2636 2025 verum
2670 1971 2866 2024 multos
2894 1969 3084 2023 harum
3113 1968 3461 2037 epistolarum
3482 1968 3842 2037 descriptorcs
3878 1969 4039 2022 idem

2449 2061 2684 2114 sensisse
2728 2060 2976 2113 arbitror.
3011 2059 3194 2128 Neque
3229 2060 3322 2128 qui
3361 2058 3548 2113 Isidori
3580 2060 3786 2114 litteras
3811 2076 3934 2129 qua:
3973 2061 4039 2113 iu

2447 2150 2608 2204 editis
2635 2149 2854 2204 Patrum
2885 2159 3099 2204 exstant
3123 2150 3329 2203 catenis
3347 2189 3361 2212 ,
3393 2165 3515 2204 cum
3547 2149 3650 2204 illis
3677 2165 3796 2218 quae
3826 2149 3879 2202 in
3901 2151 4038 2204 edi-

2451 2243 2594 2295 tione
2629 2240 2920 2295 Parisiensi
2957 2257 3166 2295 excusa
3200 2250 3361 2305 sunt,
3397 2242 3686 2304 conferet,
3719 2243 3859 2296 hanc
3889 2257 4039 2297 seu-

2448 2330 2669 2382 tentiam
2695 2344 2794 2399 pro
2821 2346 2969 2384 mera
3000 2331 3220 2385 habebit
3254 2331 3563 2401 bypotbesi.
3597 2334 3806 2386 Etenim
3835 2350 3899 2387 ex
3936 2335 4039 2388 in-

2447 2421 2631 2476 stituta
2663 2423 3062 2491 comparatione
3093 2431 3406 2477 catenarum
3445 2433 3697 2478 auctores
3734 2423 4037 2480 Pelusiotae

2445 2517 2700 2584 epistolas
2729 2531 2837 2570 non
2869 2515 3114 2585 religiose
3136 2515 3492 2584 descripsisse
3535 2515 3785 2570 facillime
3815 2517 4037 2570 intelli-

2445 2609 2606 2677 gitur.
2635 2607 2790 2673 Quod
2819 2607 2920 2660 etsi
2949 2606 3211 2675 exemplis
3238 2607 3560 2675 quibusdam
3600 2608 3781 2660 statim
3815 2609 4035 2677 possim

2443 2701 2730 2754 ostendere
2760 2739 2775 2763 ,
2814 2707 2991 2752 tamen
3015 2739 3030 2762 ,
3064 2714 3185 2752 cum
3223 2700 3290 2752 ab
3335 2699 3568 2752 instituti
3601 2700 3770 2753 nostri
3813 2701 4036 2756 ratione

2443 2805 2549 2844 non
2577 2791 2812 2843 alienum
2852 2790 2953 2850 sit,
2985 2791 3166 2843 omnia
3203 2806 3323 2858 quae
3362 2800 3582 2844 catenas
3618 2807 3742 2844 cum
3770 2792 3973 2846 litteris
3999 2812 4035 2846 ε]

2441 2879 2714 2933 Chatardo
2736 2921 2750 2943 ,
2781 2877 3143 2933 Rittershusio
3175 2889 3231 2933 et
3258 2879 3480 2935 Schouo
3515 2882 3675 2935 editis
3703 2897 4039 2951 comparan-

2444 2980 2526 3025 tes
2557 2972 2865 3025 notavimus
2885 3012 2899 3035 ,
2933 2987 3054 3025 cum
3085 2972 3285 3026 lectore
3301 2974 3702 3027 communicare
3733 2974 4030 3039 benevolo,

2442 3073 2497 3114 et
2533 3077 2657 3116 cum
2683 3103 2696 3128 ,
2727 3061 2952 3131 probata
2997 3062 3115 3116 aliis
3137 3078 3351 3132 quoque
3391 3065 3723 3132 argumentis
3749 3065 4047 3119 Schroeck-

2444 3151 2520 3204 hii
2551 3154 2852 3218 sententia,
2885 3153 2951 3207 ad
2996 3153 3134 3207 hanc
3193 3169 3306 3208 rem
3343 3156 3729 3210 recurrendum
3784 3156 3890 3221 sit,
3933 3156 4035 3212 hic

2367 3230 2408 3284 ε
2444 3245 2600 3299 nobis
2634 3246 2814 3299 omnia
2847 3247 2933 3300 illa
2966 3247 3125 3300 liceat
3151 3247 3424 3304 omittere.

2513 3359 2714 3414 Deinde
2743 3370 2922 3414 autem
2953 3376 3017 3414 ex
3043 3377 3108 3414 co
3131 3362 3271 3430 quod
3299 3362 3545 3431 plurima:
3564 3362 3752 3417 Isidori
3776 3363 4031 3434 epistolae

2439 3452 2587 3505 omni
2644 3461 2830 3506 carent
2866 3454 3036 3506 lorma
3082 3454 3394 3522 epistolica,
3437 3469 3528 3508 eas
3563 3470 3666 3507 non
3716 3457 3794 3509 sic
3843 3456 3918 3509 uti
3963 3457 4025 3512 iu

2438 3543 2673 3598 editione
2703 3545 2992 3598 Parisieusi
3023 3553 3258 3611 exstant,
3300 3546 3368 3600 ab
3393 3556 3614 3602 auctore
3643 3550 3869 3616 scriptas
3891 3563 4031 3605 esse.

2434 3636 2557 3703 jure
2586 3635 2874 3705 colligitur.
2917 3636 2999 3690 (3f.
3046 3636 3139 3691 lib.
3175 3654 3208 3700 ι,
3251 3652 3340 3706 ep.
3379 3638 3511 3702 I05,
3542 3641 3634 3692 Ih’I
3660 3680 3674 3703 ,
3707 3640 3846 3705 228,
3883 3641 4024 3710 256,

2436 3726 2542 3782 258
2563 3767 2576 3788 ,
2609 3727 2714 3780 244
2735 3769 2748 3791 ,
2782 3728 2886 3781 279
2910 3769 2922 3791 ,
2954 3727 3058 3781 294
3078 3769 3091 3790 ,
3122 3729 3255 3790 295,
3290 3729 3426 3791 296.
3469 3741 3569 3784 etc.

2508 3839 2748 3894 Tertium
2780 3851 2831 3896 et
2859 3842 3075 3911 quidem
3095 3844 3468 3913 gravissimum
3491 3886 3504 3909 ,
3532 3861 3638 3914 quo
3654 3846 3792 3903 hanc
3821 3848 3887 3902 de
3919 3848 4024 3905 Isi-

2435 3932 2550 3985 dori
2576 3933 2820 4001 epistolis
2852 3936 3172 3988 sententiam
3194 3951 3454 3990 cooamur
3469 3939 3697 4006 probare
3719 3955 4020 4010 argumen-

2437 4029 2548 4074 tum
2567 4022 2634 4075 ab
2647 4023 2888 4091 epistolis
2906 4039 3025 4091 quae
3039 4023 3117 4076 bis
3137 4023 3186 4076 in
3211 4025 3368 4076 editis
3384 4033 3595 4078 exstant
3611 4026 4021 4094 exemplaribus

2435 4115 2661 4183 petitum
2688 4123 2788 4168 est.
2830 4114 2886 4166 In
2931 4115 3014 4168 his
3041 4114 3184 4167 enim
3218 4117 3506 4169 maximam
3545 4127 3748 4185 partem
3781 4118 3845 4169 ad
3885 4134 4016 4172 ver-

2434 4205 2560 4259 bum
2601 4206 2702 4260 sibi
2740 4207 3191 4275 respondentibus
3247 4208 3516 4260 interdum
3565 4208 3649 4271 ﬁt,
3702 4217 3758 4261 ut
3807 4224 3893 4262 res
3956 4211 4014 4265 iu

2431 4298 2598 4351 altera
2630 4299 2814 4352 multis
2845 4300 3022 4352 verbis
3049 4300 3289 4367 exposita
3310 4341 3322 4360 ,
3351 4291 3598 4352 in°altera
3626 4301 3809 4368 paucis
3825 4302 4014 4355 absol-

2432 4402 2621 4454 vatur;
2673 4401 2730 4444 ut
2779 4392 3070 4469 cogitatum
3120 4391 3174 4442 in
3221 4391 3320 4444 hac.
3359 4406 3580 4460 prorsus
3638 4393 3896 4444 omissum
3951 4394 4012 4448 in

2433 4480 2518 4532 illa
2552 4482 2833 4549 adjiciatur
2853 4522 2866 4543 ,
2898 4492 2958 4534 ut
2983 4481 3216 4548 denique
3265 4481 3415 4534 mira!
3446 4482 3785 4548 reperiantur
3811 4492 4014 4537 mutto-

2360 4578 2401 4634 D
2432 4587 2548 4626 rum
2601 4573 2891 4626 verborum
2956 4572 3418 4641 transpositiones.
3481 4571 3611 4636 Quae
3665 4574 3888 4636 omnia.
3949 4587 4014 4632 ut

2430 4661 2679 4728 equidem
2710 4661 2943 4714 arbitror
2967 4703 2980 4724 ,
3017 4672 3129 4715 tum
3160 4661 3376 4714 demum
3416 4670 3558 4715 recte
3607 4663 3874 4731 explicare
3905 4680 4010 4733 po-

2433 4753 2562 4806 teris
2581 4794 2594 4818 ,
2628 4753 2668 4806 si
2689 4754 3038 4826 Schroeckbii
3066 4754 3270 4808 favebis
3293 4756 3590 4808 sententiae.
3624 4754 3727 4810 Sed
3752 4767 3810 4809 ut
3833 4758 4011 4813 lector
4095 4749 4097 4797 ί

2429 4846 2658 4915 quisque
2685 4847 2752 4900 de
2782 4847 2883 4901 hac
2910 4862 2968 4901 re
2990 4847 3234 4916 judicare
3261 4848 3452 4916 possit,
3480 4849 3726 4918 exempla
3757 4851 4006 4919 quaedam

2430 4938 2725 4991 ail‘erantur
2765 4953 2986 4992 necesse
3014 4946 3114 4992 est.
4094 4939 4095 4971 ι

2568 5052 2680 5106 LIB.
2701 5051 2766 5111 Il,
2788 5069 2872 5104 se.
2909 5051 3028 5105 162.
3390 5049 3500 5105 LIB.
3525 5049 3594 5119 ν,
3623 5067 3705 5106 ει).
3735 5053 3856 5109 116.

2507 5167 2723 5235 Ἐπειδὴ
2739 5167 3021 5236 γέγραφας
3048 5164 3176 5216 Οαυ-
3326 5165 3546 5238 Ἐπειδὴ
3563 5170 3843 5241 γέγραφας
3867 5171 4002 5226 θαυ-

2430 5263 2640 5328 μάζειν,
2669 5261 2815 5320 ὅπως
2844 5258 2902 5310 τὸ
2929 5258 3172 5328 ἱερᾶσθαι
3249 5257 3461 5326 μάζειν,
3497 5261 3643 5335 ante;
3671 5263 3732 5313 τὸ
3752 5264 4001 5329 ἱερᾶσθαι
4089 5299 4091 5321 ι

2425 5351 2786 5421 Ζώσιμοντδν
2818 5350 3073 5402 δοκοῦντα
3098 5346 3175 5402 εἴ·
3245 5347 3495 5418 Ζώσιμον
3552 5351 3724 5404 δεινὸν
3789 5355 3866 5416 ὃν,
3935 5359 3998 5410 οὐ

2423 5443 3169 5513 ναιπρεσϐύτερονδεινὸνὸν,
3244 5441 3412 5493 δεινὸν
3452 5440 3587 5496 εἶναι
3625 5445 3768 5498 δοκεῖ
3793 5447 3866 5515 τῷ
3896 5466 4000 5501 πα-
4087 5457 4089 5495 i

2420 5539 2479 5588 οὑ
2523 5538 2690 5589 δεινὸν
2739 5534 2875 5589 εἶναι
2926 5537 3070 5590 δῦκεῖ
3097 5536 3170 5606 τῷ
3248 5539 3494 5608 pavone);
3527 5545 3992 5612 χειροτονήσαντιο

2421 5629 2750 5697 παρανόμως
2778 5630 2938 5681 αὑτὸν
2964 5631 3031 5699 (b)
3061 5647 3172 5700 χεμ
3243 5635 3641 5689 ἁντεπιστὲλλω
3681 5637 3760 5690 ὅτι
3801 5639 3863 5692 σὺ
3894 5639 3994 5709 μὲν
4085 5625 4087 5671 Ῐ

2483 5784 2568 5851 -(1›)
2600 5783 2753 5851 Αὐτῷ
2787 5782 2943 5839 codd.
2970 5782 3090 5839 Vat.
3120 5785 3317 5854 649,et
3350 5788 3454 5842 Alt.
