  <div class='ocr_page' id='page_1' title='image "/cluster/home/n/w/nwhite01/storage/ocr_20150623/78/pst.000005712779/034.png"; bbox 0 0 4150 6456; ppageno 0'>
   <div class='ocr_carea' id='block_1_1' title="bbox 115 344 169 410">
    <p class='ocr_par' dir='ltr' id='par_1_1' title="bbox 115 344 169 410">
     <span class='ocr_line' id='line_1_1' title="bbox 115 344 169 410; baseline 0.019 -1"><span class='ocrx_word' id='word_1_1' title='bbox 115 344 169 410; x_wconf 64' lang='grc' dir='ltr'><strong><em>ει</em></strong></span> 
     </span>
    </p>
   </div>
   <div class='ocr_carea' id='block_1_2' title="bbox 1274 361 3478 432">
    <p class='ocr_par' dir='ltr' id='par_1_2' title="bbox 1274 361 3478 432">
     <span class='ocr_line' id='line_1_2' title="bbox 1274 361 3478 432; baseline -0.001 -3"><span class='ocrx_word' id='word_1_2' title='bbox 1274 369 2092 432; x_wconf 69' lang='lat' dir='ltr'><strong><em>APPENDIX.—CODICES</em></strong></span> <span class='ocrx_word' id='word_1_3' title='bbox 2136 370 2302 431; x_wconf 82' lang='lat' dir='ltr'><strong><em>MSS.</em></strong></span> <span class='ocrx_word' id='word_1_4' title='bbox 3409 361 3478 427; x_wconf 77' lang='grc'><strong>51</strong></span> 
     </span>
    </p>
   </div>
   <div class='ocr_carea' id='block_1_3' title="bbox 138 506 3445 544">
    <p class='ocr_par' dir='ltr' id='par_1_3' title="bbox 138 506 3445 544">
     <span class='ocr_line' id='line_1_3' title="bbox 138 506 3445 544; baseline 0.003 -21"><span class='ocrx_word' id='word_1_5' title='bbox 138 506 3445 544; x_wconf 51' lang='lat' dir='ltr'><strong><em>mw</em></strong></span> 
     </span>
    </p>
   </div>
   <div class='ocr_carea' id='block_1_4' title="bbox 1041 711 2596 832">
    <p class='ocr_par' dir='ltr' id='par_1_4' title="bbox 1041 711 2596 832">
     <span class='ocr_line' id='line_1_4' title="bbox 1041 711 2596 832; baseline 0.001 -8"><span class='ocrx_word' id='word_1_6' title='bbox 1041 711 1644 827; x_wconf 83' lang='lat' dir='ltr'><strong>PARTIS</strong></span> <span class='ocrx_word' id='word_1_7' title='bbox 1769 712 2596 832; x_wconf 75' lang='lat' dir='ltr'><strong><em>SECUND/E</em></strong></span> 
     </span>
    </p>
   </div>
   <div class='ocr_carea' id='block_1_5' title="bbox 1200 952 2429 1062">
    <p class='ocr_par' dir='ltr' id='par_1_5' title="bbox 1200 952 2429 1062">
     <span class='ocr_line' id='line_1_5' title="bbox 1200 952 2429 1062; baseline 0 -22"><span class='ocrx_word' id='word_1_8' title='bbox 1200 952 1816 1062; x_wconf 83' lang='lat' dir='ltr'><strong><em>APPENDIX</em></strong></span> <span class='ocrx_word' id='word_1_9' title='bbox 1899 953 2429 1046; x_wconf 88' lang='lat' dir='ltr'><strong><em>DUPLEX.</em></strong></span> 
     </span>
    </p>
   </div>
   <div class='ocr_carea' id='block_1_6' title="bbox 311 1137 3332 1209">
    <p class='ocr_par' dir='ltr' id='par_1_6' title="bbox 311 1137 3332 1209">
     <span class='ocr_line' id='line_1_6' title="bbox 311 1137 3332 1209; baseline 0.003 -13"><span class='ocrx_word' id='word_1_10' title='bbox 311 1138 652 1198; x_wconf 65' lang='grc' dir='ltr'><strong><em>ϐοιωτιο</em></strong></span> <span class='ocrx_word' id='word_1_11' title='bbox 690 1137 1191 1200; x_wconf 76' lang='lat' dir='ltr'><strong><em>EPISTOLABUM</em></strong></span> <span class='ocrx_word' id='word_1_12' title='bbox 1231 1140 1400 1209; x_wconf 54' lang='lat' dir='ltr'><strong><em>QUI!</em></strong></span> <span class='ocrx_word' id='word_1_13' title='bbox 1441 1141 1508 1196; x_wconf 73' lang='lat' dir='ltr'><strong><em>IN</em></strong></span> <span class='ocrx_word' id='word_1_14' title='bbox 1548 1141 1775 1200; x_wconf 84' lang='lat' dir='ltr'><strong><em>EDlTlS</em></strong></span> <span class='ocrx_word' id='word_1_15' title='bbox 1816 1142 1906 1198; x_wconf 82' lang='grc' dir='ltr'><strong><em>ΕΤ</em></strong></span> <span class='ocrx_word' id='word_1_16' title='bbox 1947 1143 2252 1201; x_wconf 83' lang='lat' dir='ltr'><strong><em>lNEDlTlS</em></strong></span> <span class='ocrx_word' id='word_1_17' title='bbox 2292 1144 2586 1203; x_wconf 79' lang='lat' dir='ltr'><strong><em>PATRUM</em></strong></span> <span class='ocrx_word' id='word_1_18' title='bbox 2627 1145 2932 1206; x_wconf 79' lang='lat' dir='ltr'><strong><em>CATENIS</em></strong></span> <span class='ocrx_word' id='word_1_19' title='bbox 2973 1146 3332 1206; x_wconf 79' lang='lat' dir='ltr'><strong><em>EXSTANT.</em></strong></span> 
     </span>
    </p>
   </div>
   <div class='ocr_carea' id='block_1_7' title="bbox 1173 1320 2476 1395">
    <p class='ocr_par' dir='ltr' id='par_1_7' title="bbox 1173 1320 2476 1395">
     <span class='ocr_line' id='line_1_7' title="bbox 1173 1320 2476 1395; baseline 0.006 -19"><span class='ocrx_word' id='word_1_20' title='bbox 1173 1320 1298 1378; x_wconf 77' lang='lat' dir='ltr'><strong><em>Vide</em></strong></span> <span class='ocrx_word' id='word_1_21' title='bbox 1331 1323 1476 1391; x_wconf 73' lang='lat' dir='ltr'><strong><em>infra</em></strong></span> <span class='ocrx_word' id='word_1_22' title='bbox 1507 1329 1578 1380; x_wconf 83' lang='lat' dir='ltr'><strong><em>ad</em></strong></span> <span class='ocrx_word' id='word_1_23' title='bbox 1606 1325 1806 1381; x_wconf 80' lang='lat' dir='ltr'><strong><em>calcem</em></strong></span> <span class='ocrx_word' id='word_1_24' title='bbox 1845 1323 2211 1395; x_wconf 72' lang='lat' dir='ltr'><strong><em>Epistolarum</em></strong></span> <span class='ocrx_word' id='word_1_25' title='bbox 2247 1326 2476 1385; x_wconf 83' lang='lat' dir='ltr'><strong><em>Isidori.</em></strong></span> 
     </span>
    </p>
   </div>
   <div class='ocr_carea' id='block_1_8' title="bbox 249 1511 3416 1552">
    <p class='ocr_par' dir='ltr' id='par_1_8' title="bbox 249 1511 3416 1552">
     <span class='ocr_line' id='line_1_8' title="bbox 249 1511 3416 1552; baseline 0.003 -24"><span class='ocrx_word' id='word_1_26' title='bbox 249 1511 3416 1552; x_wconf 84' lang='lat'><strong><em>__________._____________________________</em></strong></span> 
     </span>
    </p>
   </div>
   <div class='ocr_carea' id='block_1_9' title="bbox 789 1682 2832 1781">
    <p class='ocr_par' dir='ltr' id='par_1_9' title="bbox 789 1682 2832 1781">
     <span class='ocr_line' id='line_1_9' title="bbox 789 1682 2832 1781; baseline 0.005 -11"><span class='ocrx_word' id='word_1_27' title='bbox 789 1683 1208 1772; x_wconf 79' lang='lat' dir='ltr'><strong><em>PARTIS</em></strong></span> <span class='ocrx_word' id='word_1_28' title='bbox 1277 1682 1858 1773; x_wconf 68' lang='lat' dir='ltr'><strong><em>SECUNDzE</em></strong></span> <span class='ocrx_word' id='word_1_29' title='bbox 1934 1683 2558 1779; x_wconf 83' lang='lat' dir='ltr'><strong><em>APPENDIX</em></strong></span> <span class='ocrx_word' id='word_1_30' title='bbox 2639 1691 2832 1781; x_wconf 84' lang='lat' dir='ltr'><strong><em>lll.</em></strong></span> 
     </span>
    </p>
   </div>
   <div class='ocr_carea' id='block_1_10' title="bbox 1376 1872 2255 1941">
    <p class='ocr_par' dir='ltr' id='par_1_10' title="bbox 1376 1872 2255 1941">
     <span class='ocr_line' id='line_1_10' title="bbox 1376 1872 2255 1941; baseline 0.005 -5"><span class='ocrx_word' id='word_1_31' title='bbox 1376 1873 1703 1938; x_wconf 83' lang='lat' dir='ltr'><strong><em>lSlDORl</em></strong></span> <span class='ocrx_word' id='word_1_32' title='bbox 1764 1872 2255 1941; x_wconf 67' lang='grc' dir='ltr'><strong><em>ρΕιυςιοΤΔῑ</em></strong></span> 
     </span>
    </p>
   </div>
   <div class='ocr_carea' id='block_1_11' title="bbox 1004 1950 2659 2026">
    <p class='ocr_par' dir='ltr' id='par_1_11' title="bbox 1004 1950 2659 2026">
     <span class='ocr_line' id='line_1_11' title="bbox 1004 1950 2659 2026; baseline 0.007 -13"><span class='ocrx_word' id='word_1_33' title='bbox 1004 1950 1611 2017; x_wconf 79' lang='lat' dir='ltr'><strong><em>EPISTOLARUM</em></strong></span> <span class='ocrx_word' id='word_1_34' title='bbox 1649 1952 2011 2019; x_wconf 83' lang='lat' dir='ltr'><strong><em>CODICES</em></strong></span> <span class='ocrx_word' id='word_1_35' title='bbox 2049 1957 2659 2026; x_wconf 84' lang='lat' dir='ltr'><strong><em>MANUSCRIPTI.</em></strong></span> 
     </span>
    </p>
   </div>
   <div class='ocr_carea' id='block_1_12' title="bbox 241 2117 3487 2202">
    <p class='ocr_par' dir='ltr' id='par_1_12' title="bbox 241 2117 3487 2202">
     <span class='ocr_line' id='line_1_12' title="bbox 241 2117 3487 2202; baseline 0.005 -24"><span class='ocrx_word' id='word_1_36' title='bbox 241 2118 458 2178; x_wconf 78' lang='lat' dir='ltr'><strong><em>Codices</em></strong></span> <span class='ocrx_word' id='word_1_37' title='bbox 503 2128 738 2190; x_wconf 78' lang='lat' dir='ltr'><strong><em>quatuor</em></strong></span> <span class='ocrx_word' id='word_1_38' title='bbox 773 2117 1140 2202; x_wconf 74' lang='lat' dir='ltr'><strong><em>Acsemetensis</em></strong></span> <span class='ocrx_word' id='word_1_39' title='bbox 1172 2122 1482 2180; x_wconf 70' lang='lat' dir='ltr'><strong><em>monasterii</em></strong></span> <span class='ocrx_word' id='word_1_40' title='bbox 1521 2120 1766 2177; x_wconf 89' lang='lat' dir='ltr'><strong><em>omnium</em></strong></span> <span class='ocrx_word' id='word_1_41' title='bbox 1799 2127 1841 2185; x_wconf 83' lang='lat' dir='ltr'><strong>A</strong></span> <span class='ocrx_word' id='word_1_42' title='bbox 1871 2139 2104 2195; x_wconf 65' lang='lat' dir='ltr'><strong><em>quaeque</em></strong></span> <span class='ocrx_word' id='word_1_43' title='bbox 2147 2143 2342 2184; x_wconf 88' lang='lat' dir='ltr'><strong><em>omnes</em></strong></span> <span class='ocrx_word' id='word_1_44' title='bbox 2367 2143 2435 2184; x_wconf 76' lang='lat' dir='ltr'><strong><em>ex</em></strong></span> <span class='ocrx_word' id='word_1_45' title='bbox 2480 2131 2584 2186; x_wconf 88' lang='lat' dir='ltr'><strong><em>hoc</em></strong></span> <span class='ocrx_word' id='word_1_46' title='bbox 2624 2131 2813 2188; x_wconf 84' lang='lat' dir='ltr'><strong><em>codice</em></strong></span> <span class='ocrx_word' id='word_1_47' title='bbox 2848 2134 2902 2188; x_wconf 93' lang='lat' dir='ltr'><strong><em>in</em></strong></span> <span class='ocrx_word' id='word_1_48' title='bbox 2937 2132 3153 2191; x_wconf 84' lang='lat' dir='ltr'><strong><em>ollicina</em></strong></span> <span class='ocrx_word' id='word_1_49' title='bbox 3183 2135 3487 2194; x_wconf 80' lang='lat' dir='ltr'><strong><em>Commeli-</em></strong></span> 
     </span>
    </p>
   </div>
   <div class='ocr_carea' id='block_1_13' title="bbox 171 2211 3487 2302">
    <p class='ocr_par' dir='ltr' id='par_1_13' title="bbox 171 2211 3487 2302">
     <span class='ocr_line' id='line_1_13' title="bbox 171 2211 3487 2302; baseline 0.006 -37"><span class='ocrx_word' id='word_1_50' title='bbox 171 2211 536 2266; x_wconf 76' lang='lat' dir='ltr'><strong><em>vetustissimi</em></strong></span> <span class='ocrx_word' id='word_1_51' title='bbox 576 2211 1003 2274; x_wconf 86' lang='lat' dir='ltr'><strong><em>continuerunt.</em></strong></span> <span class='ocrx_word' id='word_1_52' title='bbox 1044 2211 1120 2265; x_wconf 97' lang='lat' dir='ltr'><strong><em>uti</em></strong></span> <span class='ocrx_word' id='word_1_53' title='bbox 1173 2211 1414 2268; x_wconf 68' lang='lat' dir='ltr'><strong><em>Irenaeus</em></strong></span> <span class='ocrx_word' id='word_1_54' title='bbox 1468 2221 1521 2268; x_wconf 89' lang='lat' dir='ltr'><strong><em>et</em></strong></span> <span class='ocrx_word' id='word_1_55' title='bbox 1579 2225 1771 2268; x_wconf 93' lang='lat' dir='ltr'><strong><em>auctor</em></strong></span> <span class='ocrx_word' id='word_1_56' title='bbox 1873 2219 2035 2273; x_wconf 86' lang='lat' dir='ltr'><strong><em>niana</em></strong></span> <span class='ocrx_word' id='word_1_57' title='bbox 2066 2234 2212 2274; x_wconf 90' lang='lat' dir='ltr'><strong><em>anno</em></strong></span> <span class='ocrx_word' id='word_1_58' title='bbox 2255 2216 2414 2285; x_wconf 77' lang='lat' dir='ltr'><strong><em>l605,</em></strong></span> <span class='ocrx_word' id='word_1_59' title='bbox 2461 2238 2636 2293; x_wconf 70' lang='lat' dir='ltr'><strong><em>grzece</em></strong></span> <span class='ocrx_word' id='word_1_60' title='bbox 2679 2233 2736 2279; x_wconf 93' lang='lat' dir='ltr'><strong><em>et</em></strong></span> <span class='ocrx_word' id='word_1_61' title='bbox 2778 2227 2944 2282; x_wconf 87' lang='lat' dir='ltr'><strong><em>latine</em></strong></span> <span class='ocrx_word' id='word_1_62' title='bbox 2989 2228 3151 2282; x_wconf 58' lang='lat' dir='ltr'><strong><em>edite</em></strong></span> <span class='ocrx_word' id='word_1_63' title='bbox 3197 2238 3323 2284; x_wconf 88' lang='lat' dir='ltr'><strong><em>sunt</em></strong></span> <span class='ocrx_word' id='word_1_64' title='bbox 3363 2222 3487 2302; x_wconf 88' lang='lat' dir='ltr'><strong><em>(cu-</em></strong></span> 
     </span>
    </p>
   </div>
   <div class='ocr_carea' id='block_1_14' title="bbox 170 2304 3486 2383">
    <p class='ocr_par' dir='ltr' id='par_1_14' title="bbox 170 2304 3486 2383">
     <span class='ocr_line' id='line_1_14' title="bbox 170 2304 3486 2383; baseline 0.007 -24"><span class='ocrx_word' id='word_1_65' title='bbox 170 2319 502 2376; x_wconf 74' lang='lat' dir='ltr'><strong><em>uooymus,</em></strong></span> <span class='ocrx_word' id='word_1_66' title='bbox 537 2320 776 2376; x_wconf 85' lang='lat' dir='ltr'><strong><em>quorum</em></strong></span> <span class='ocrx_word' id='word_1_67' title='bbox 818 2304 1125 2360; x_wconf 86' lang='lat' dir='ltr'><strong><em>testimonia</em></strong></span> <span class='ocrx_word' id='word_1_68' title='bbox 1167 2320 1200 2375; x_wconf 93' lang='lat' dir='ltr'><strong><em>p</em></strong></span> <span class='ocrx_word' id='word_1_69' title='bbox 1270 2304 1370 2373; x_wconf 78' lang='grc'><strong><em>15,</em></strong></span> <span class='ocrx_word' id='word_1_70' title='bbox 1406 2305 1493 2370; x_wconf 71' lang='grc'><strong>11,</strong></span> <span class='ocrx_word' id='word_1_71' title='bbox 1534 2320 1565 2359; x_wconf 87' lang='lat' dir='ltr'><strong><em>a</em></strong></span> <span class='ocrx_word' id='word_1_72' title='bbox 1612 2306 1772 2360; x_wconf 88' lang='lat' dir='ltr'><strong><em>nobis</em></strong></span> <span class='ocrx_word' id='word_1_73' title='bbox 1874 2315 2030 2363; x_wconf 85' lang='lat' dir='ltr'><strong><em>rante</em></strong></span> <span class='ocrx_word' id='word_1_74' title='bbox 2061 2308 2474 2383; x_wconf 77' lang='lat' dir='ltr'><strong><em>Rittershusio).</em></strong></span> <span class='ocrx_word' id='word_1_75' title='bbox 2551 2313 2613 2368; x_wconf 84' lang='lat' dir='ltr'><strong><em>In</em></strong></span> <span class='ocrx_word' id='word_1_76' title='bbox 2649 2313 2758 2369; x_wconf 82' lang='lat' dir='ltr'><strong><em>line</em></strong></span> <span class='ocrx_word' id='word_1_77' title='bbox 2801 2319 3007 2374; x_wconf 86' lang='lat' dir='ltr'><strong><em>codicis</em></strong></span> <span class='ocrx_word' id='word_1_78' title='bbox 3048 2321 3284 2376; x_wconf 84' lang='lat' dir='ltr'><strong><em>habetur</em></strong></span> <span class='ocrx_word' id='word_1_79' title='bbox 3320 2323 3486 2381; x_wconf 73' lang='lat' dir='ltr'><strong><em>iudex</em></strong></span> 
     </span>
    </p>
   </div>
   <div class='ocr_carea' id='block_1_15' title="bbox 171 2397 1772 2468">
    <p class='ocr_par' dir='ltr' id='par_1_15' title="bbox 171 2397 1772 2468">
     <span class='ocr_line' id='line_1_15' title="bbox 171 2397 1772 2468; baseline 0.001 -17"><span class='ocrx_word' id='word_1_80' title='bbox 171 2397 332 2451; x_wconf 80' lang='lat' dir='ltr'><strong><em>allata</em></strong></span> <span class='ocrx_word' id='word_1_81' title='bbox 377 2409 530 2460; x_wconf 84' lang='lat' dir='ltr'><strong><em>sunt.</em></strong></span> <span class='ocrx_word' id='word_1_82' title='bbox 557 2398 854 2462; x_wconf 85' lang='lat' dir='ltr'><strong><em>tradidere,</em></strong></span> <span class='ocrx_word' id='word_1_83' title='bbox 880 2397 989 2452; x_wconf 89' lang='lat' dir='ltr'><strong><em>duo</em></strong></span> <span class='ocrx_word' id='word_1_84' title='bbox 1038 2397 1202 2451; x_wconf 85' lang='lat' dir='ltr'><strong><em>millia</em></strong></span> <span class='ocrx_word' id='word_1_85' title='bbox 1228 2397 1580 2468; x_wconf 84' lang='lat' dir='ltr'><strong><em>epistolarum</em></strong></span> <span class='ocrx_word' id='word_1_86' title='bbox 1635 2414 1772 2468; x_wconf 72' lang='lat' dir='ltr'><strong><em>atras</em></strong></span> 
     </span>
    </p>
   </div>
   <div class='ocr_carea' id='block_1_16' title="bbox 170 2488 1773 2560">
    <p class='ocr_par' dir='ltr' id='par_1_16' title="bbox 170 2488 1773 2560">
     <span class='ocr_line' id='line_1_16' title="bbox 170 2488 1773 2560; baseline -0.001 -16"><span class='ocrx_word' id='word_1_87' title='bbox 170 2490 394 2545; x_wconf 78' lang='lat' dir='ltr'><strong><em>easdem</em></strong></span> <span class='ocrx_word' id='word_1_88' title='bbox 449 2489 645 2556; x_wconf 79' lang='lat' dir='ltr'><strong><em>fuisse,</em></strong></span> <span class='ocrx_word' id='word_1_89' title='bbox 683 2497 848 2560; x_wconf 86' lang='lat' dir='ltr'><strong><em>atque</em></strong></span> <span class='ocrx_word' id='word_1_90' title='bbox 887 2505 988 2544; x_wconf 87' lang='lat' dir='ltr'><strong><em>nos</em></strong></span> <span class='ocrx_word' id='word_1_91' title='bbox 1033 2488 1298 2546; x_wconf 81' lang='lat' dir='ltr'><strong><em>habemus</em></strong></span> <span class='ocrx_word' id='word_1_92' title='bbox 1339 2505 1590 2545; x_wconf 77' lang='lat' dir='ltr'><strong><em>excusas.</em></strong></span> <span class='ocrx_word' id='word_1_93' title='bbox 1627 2489 1773 2545; x_wconf 87' lang='lat' dir='ltr'><strong><em>arbi-</em></strong></span> 
     </span>
    </p>
   </div>
   <div class='ocr_carea' id='block_1_17' title="bbox 176 2579 1775 2653">
    <p class='ocr_par' dir='ltr' id='par_1_17' title="bbox 176 2579 1775 2653">
     <span class='ocr_line' id='line_1_17' title="bbox 176 2579 1775 2653; baseline 0.002 -18"><span class='ocrx_word' id='word_1_94' title='bbox 176 2589 392 2636; x_wconf 77' lang='lat' dir='ltr'><strong><em>trantur</em></strong></span> <span class='ocrx_word' id='word_1_95' title='bbox 429 2581 816 2638; x_wconf 82' lang='lat' dir='ltr'><strong><em>Tillemontins</em></strong></span> <span class='ocrx_word' id='word_1_96' title='bbox 853 2591 909 2637; x_wconf 91' lang='lat' dir='ltr'><strong><em>et</em></strong></span> <span class='ocrx_word' id='word_1_97' title='bbox 950 2579 1266 2648; x_wconf 84' lang='lat' dir='ltr'><strong><em>Fabricius;</em></strong></span> <span class='ocrx_word' id='word_1_98' title='bbox 1296 2596 1474 2651; x_wconf 87' lang='lat' dir='ltr'><strong><em>neque</em></strong></span> <span class='ocrx_word' id='word_1_99' title='bbox 1515 2597 1634 2653; x_wconf 76' lang='lat' dir='ltr'><strong><em>ego,</em></strong></span> <span class='ocrx_word' id='word_1_100' title='bbox 1666 2598 1775 2652; x_wconf 89' lang='lat' dir='ltr'><strong><em>quo</em></strong></span> 
     </span>
    </p>
   </div>
   <div class='ocr_carea' id='block_1_18' title="bbox 175 2673 1778 2730">
    <p class='ocr_par' dir='ltr' id='par_1_18' title="bbox 175 2673 1778 2730">
     <span class='ocr_line' id='line_1_18' title="bbox 175 2673 1778 2730; baseline 0 -2"><span class='ocrx_word' id='word_1_101' title='bbox 175 2674 625 2729; x_wconf 66' lang='lat' dir='ltr'><strong><em>doctissimorum</em></strong></span> <span class='ocrx_word' id='word_1_102' title='bbox 653 2674 899 2729; x_wconf 76' lang='lat' dir='ltr'><strong><em>virorum</em></strong></span> <span class='ocrx_word' id='word_1_103' title='bbox 927 2674 1194 2730; x_wconf 74' lang='lat' dir='ltr'><strong><em>sententia</em></strong></span> <span class='ocrx_word' id='word_1_104' title='bbox 1224 2681 1320 2728; x_wconf 90' lang='lat' dir='ltr'><strong><em>aut</em></strong></span> <span class='ocrx_word' id='word_1_105' title='bbox 1338 2673 1654 2729; x_wconf 86' lang='lat' dir='ltr'><strong><em>debilitetur</em></strong></span> <span class='ocrx_word' id='word_1_106' title='bbox 1681 2681 1778 2730; x_wconf 90' lang='lat' dir='ltr'><strong><em>aut</em></strong></span> 
     </span>
    </p>
   </div>
   <div class='ocr_carea' id='block_1_19' title="bbox 173 2763 1434 2838">
    <p class='ocr_par' dir='ltr' id='par_1_19' title="bbox 173 2763 1434 2838">
     <span class='ocr_line' id='line_1_19' title="bbox 173 2763 1434 2838; baseline -0.002 -16"><span class='ocrx_word' id='word_1_107' title='bbox 173 2765 558 2831; x_wconf 76' lang='lat' dir='ltr'><strong><em>conﬁrmetur,</em></strong></span> <span class='ocrx_word' id='word_1_108' title='bbox 583 2766 882 2837; x_wconf 83' lang='lat' dir='ltr'><strong><em>quidquam</em></strong></span> <span class='ocrx_word' id='word_1_109' title='bbox 912 2782 1132 2837; x_wconf 89' lang='lat' dir='ltr'><strong><em>possum</em></strong></span> <span class='ocrx_word' id='word_1_110' title='bbox 1167 2763 1434 2838; x_wconf 81' lang='lat' dir='ltr'><strong><em>proferre.</em></strong></span> 
     </span>
    </p>
   </div>
   <div class='ocr_carea' id='block_1_20' title="bbox 599 2873 1446 2932">
    <p class='ocr_par' dir='ltr' id='par_1_20' title="bbox 599 2873 1446 2932">
     <span class='ocr_line' id='line_1_20' title="bbox 599 2873 1446 2932; baseline 0 -3"><span class='ocrx_word' id='word_1_111' title='bbox 599 2873 747 2931; x_wconf 87' lang='lat' dir='ltr'><strong><em>Billii</em></strong></span> <span class='ocrx_word' id='word_1_112' title='bbox 783 2886 832 2930; x_wconf 84' lang='lat' dir='ltr'><strong><em>et</em></strong></span> <span class='ocrx_word' id='word_1_113' title='bbox 860 2874 1120 2932; x_wconf 79' lang='lat' dir='ltr'><strong><em>Citatardi</em></strong></span> <span class='ocrx_word' id='word_1_114' title='bbox 1143 2876 1366 2931; x_wconf 77' lang='lat' dir='ltr'><strong><em>codices.</em></strong></span> <span class='ocrx_word' id='word_1_115' title='bbox 1443 2875 1446 2877; x_wconf 68' lang='grc'><em>’</em></span> 
     </span>
    </p>
   </div>
   <div class='ocr_carea' id='block_1_21' title="bbox 243 2966 1778 3040">
    <p class='ocr_par' dir='ltr' id='par_1_21' title="bbox 243 2966 1778 3040">
     <span class='ocr_line' id='line_1_21' title="bbox 243 2966 1778 3040; baseline -0.001 -17"><span class='ocrx_word' id='word_1_116' title='bbox 243 2967 378 3024; x_wconf 79' lang='lat' dir='ltr'><strong><em>Jure</em></strong></span> <span class='ocrx_word' id='word_1_117' title='bbox 404 2977 594 3022; x_wconf 84' lang='lat' dir='ltr'><strong><em>autem</em></strong></span> <span class='ocrx_word' id='word_1_118' title='bbox 634 2967 852 3023; x_wconf 80' lang='lat' dir='ltr'><strong><em>mireris</em></strong></span> <span class='ocrx_word' id='word_1_119' title='bbox 888 2982 1077 3023; x_wconf 90' lang='lat' dir='ltr'><strong><em>eorum</em></strong></span> <span class='ocrx_word' id='word_1_120' title='bbox 1114 2966 1494 3040; x_wconf 76' lang='lat' dir='ltr'><strong><em>negligentiam</em></strong></span> <span class='ocrx_word' id='word_1_121' title='bbox 1523 2976 1578 3023; x_wconf 92' lang='lat' dir='ltr'><strong><em>et</em></strong></span> <span class='ocrx_word' id='word_1_122' title='bbox 1618 2968 1778 3023; x_wconf 90' lang='lat' dir='ltr'><strong><em>incu-</em></strong></span> 
     </span>
    </p>
   </div>
   <div class='ocr_carea' id='block_1_22' title="bbox 181 3057 1776 3129">
    <p class='ocr_par' dir='ltr' id='par_1_22' title="bbox 181 3057 1776 3129">
     <span class='ocr_line' id='line_1_22' title="bbox 181 3057 1776 3129; baseline 0.001 -16"><span class='ocrx_word' id='word_1_123' title='bbox 181 3059 333 3125; x_wconf 77' lang='lat' dir='ltr'><strong><em>riam.</em></strong></span> <span class='ocrx_word' id='word_1_124' title='bbox 361 3058 456 3128; x_wconf 83' lang='lat' dir='ltr'><strong>qui</strong></span> <span class='ocrx_word' id='word_1_125' title='bbox 492 3057 685 3113; x_wconf 80' lang='lat' dir='ltr'><strong><em>lsidori</em></strong></span> <span class='ocrx_word' id='word_1_126' title='bbox 715 3057 974 3128; x_wconf 80' lang='lat' dir='ltr'><strong><em>epistolas</em></strong></span> <span class='ocrx_word' id='word_1_127' title='bbox 997 3059 1304 3125; x_wconf 87' lang='lat' dir='ltr'><strong><em>ediderunt,</em></strong></span> <span class='ocrx_word' id='word_1_128' title='bbox 1335 3073 1514 3129; x_wconf 87' lang='lat' dir='ltr'><strong><em>neque</em></strong></span> <span class='ocrx_word' id='word_1_129' title='bbox 1540 3059 1776 3127; x_wconf 87' lang='lat' dir='ltr'><strong><em>codices,</em></strong></span> 
     </span>
    </p>
   </div>
   <div class='ocr_carea' id='block_1_23' title="bbox 179 3149 1782 3222">
    <p class='ocr_par' dir='ltr' id='par_1_23' title="bbox 179 3149 1782 3222">
     <span class='ocr_line' id='line_1_23' title="bbox 179 3149 1782 3222; baseline 0 -16"><span class='ocrx_word' id='word_1_130' title='bbox 179 3152 376 3222; x_wconf 78' lang='lat' dir='ltr'><strong><em>quibus</em></strong></span> <span class='ocrx_word' id='word_1_131' title='bbox 408 3151 498 3206; x_wconf 86' lang='lat' dir='ltr'><strong><em>usi</em></strong></span> <span class='ocrx_word' id='word_1_132' title='bbox 527 3159 677 3214; x_wconf 91' lang='lat' dir='ltr'><strong><em>sunt,</em></strong></span> <span class='ocrx_word' id='word_1_133' title='bbox 709 3157 961 3205; x_wconf 79' lang='lat' dir='ltr'><strong><em>accurate</em></strong></span> <span class='ocrx_word' id='word_1_134' title='bbox 992 3149 1349 3221; x_wconf 81' lang='lat' dir='ltr'><strong><em>descripsere.</em></strong></span> <span class='ocrx_word' id='word_1_135' title='bbox 1380 3149 1600 3206; x_wconf 85' lang='lat' dir='ltr'><strong><em>Etenim</em></strong></span> <span class='ocrx_word' id='word_1_136' title='bbox 1638 3151 1782 3207; x_wconf 87' lang='lat' dir='ltr'><strong><em>Cha-</em></strong></span> 
     </span>
    </p>
   </div>
   <div class='ocr_carea' id='block_1_24' title="bbox 184 3240 1781 3313">
    <p class='ocr_par' dir='ltr' id='par_1_24' title="bbox 184 3240 1781 3313">
     <span class='ocr_line' id='line_1_24' title="bbox 184 3240 1781 3313; baseline 0 -14"><span class='ocrx_word' id='word_1_137' title='bbox 184 3245 366 3299; x_wconf 77' lang='lat' dir='ltr'><strong><em>tmlus</em></strong></span> <span class='ocrx_word' id='word_1_138' title='bbox 387 3244 445 3298; x_wconf 89' lang='lat' dir='ltr'><strong><em>in</em></strong></span> <span class='ocrx_word' id='word_1_139' title='bbox 478 3257 577 3297; x_wconf 87' lang='lat' dir='ltr'><strong><em>sua</em></strong></span> <span class='ocrx_word' id='word_1_140' title='bbox 611 3243 678 3296; x_wconf 79' lang='lat' dir='ltr'><strong><em>ad</em></strong></span> <span class='ocrx_word' id='word_1_141' title='bbox 704 3241 1074 3297; x_wconf 76' lang='lat' dir='ltr'><strong><em>Godot’redum</em></strong></span> <span class='ocrx_word' id='word_1_142' title='bbox 1103 3240 1323 3297; x_wconf 86' lang='lat' dir='ltr'><strong><em>Billium</em></strong></span> <span class='ocrx_word' id='word_1_143' title='bbox 1359 3242 1620 3313; x_wconf 81' lang='lat' dir='ltr'><strong><em>Epistula,</em></strong></span> <span class='ocrx_word' id='word_1_144' title='bbox 1660 3259 1781 3313; x_wconf 68' lang='lat' dir='ltr'><strong><em>quae</em></strong></span> 
     </span>
    </p>
   </div>
   <div class='ocr_carea' id='block_1_25' title="bbox 183 3333 1773 3406">
    <p class='ocr_par' dir='ltr' id='par_1_25' title="bbox 183 3333 1773 3406">
     <span class='ocr_line' id='line_1_25' title="bbox 183 3333 1773 3406; baseline -0.001 -14"><span class='ocrx_word' id='word_1_145' title='bbox 183 3338 404 3392; x_wconf 83' lang='lat' dir='ltr'><strong><em>editioni</em></strong></span> <span class='ocrx_word' id='word_1_146' title='bbox 451 3338 577 3406; x_wconf 75' lang='lat' dir='ltr'><strong><em>ejus</em></strong></span> <span class='ocrx_word' id='word_1_147' title='bbox 618 3333 836 3406; x_wconf 64' lang='lat' dir='ltr'><strong><em>pralixa</em></strong></span> <span class='ocrx_word' id='word_1_148' title='bbox 879 3343 984 3400; x_wconf 89' lang='lat' dir='ltr'><strong><em>est,</em></strong></span> <span class='ocrx_word' id='word_1_149' title='bbox 1025 3349 1080 3405; x_wconf 92' lang='lat' dir='ltr'><strong><em>p.</em></strong></span> <span class='ocrx_word' id='word_1_150' title='bbox 1110 3334 1166 3400; x_wconf 76' lang='grc'><strong><em>4,</em></strong></span> <span class='ocrx_word' id='word_1_151' title='bbox 1223 3333 1537 3401; x_wconf 72' lang='lat' dir='ltr'><strong><em>Ludovicus,</em></strong></span> <span class='ocrx_word' id='word_1_152' title='bbox 1568 3335 1773 3405; x_wconf 82' lang='lat' dir='ltr'><strong>inquit,</strong></span> 
     </span>
    </p>
   </div>
   <div class='ocr_carea' id='block_1_26' title="bbox 186 3426 1780 3498">
    <p class='ocr_par' dir='ltr' id='par_1_26' title="bbox 186 3426 1780 3498">
     <span class='ocr_line' id='line_1_26' title="bbox 186 3426 1780 3498; baseline -0.001 -16"><span class='ocrx_word' id='word_1_153' title='bbox 186 3426 352 3482; x_wconf 76' lang='lat' dir='ltr'><strong><em>Barus</em></strong></span> <span class='ocrx_word' id='word_1_154' title='bbox 403 3437 604 3496; x_wconf 71' lang='lat' dir='ltr'><strong><em>preter</em></strong></span> <span class='ocrx_word' id='word_1_155' title='bbox 649 3427 760 3480; x_wconf 87' lang='lat' dir='ltr'><strong><em>alia</em></strong></span> <span class='ocrx_word' id='word_1_156' title='bbox 808 3426 975 3481; x_wconf 85' lang='lat' dir='ltr'><strong><em>multa</em></strong></span> <span class='ocrx_word' id='word_1_157' title='bbox 1021 3426 1344 3496; x_wconf 69' lang='lat' dir='ltr'><strong><em>exemplaria</em></strong></span> <span class='ocrx_word' id='word_1_158' title='bbox 1404 3428 1564 3498; x_wconf 77' lang='lat' dir='ltr'><strong><em>hujus</em></strong></span> <span class='ocrx_word' id='word_1_159' title='bbox 1612 3429 1780 3483; x_wconf 77' lang='lat' dir='ltr'><strong><em>nostri</em></strong></span> 
     </span>
    </p>
   </div>
   <div class='ocr_carea' id='block_1_27' title="bbox 185 3517 1777 3592">
    <p class='ocr_par' dir='ltr' id='par_1_27' title="bbox 185 3517 1777 3592">
     <span class='ocr_line' id='line_1_27' title="bbox 185 3517 1777 3592; baseline -0.001 -17"><span class='ocrx_word' id='word_1_160' title='bbox 185 3519 370 3575; x_wconf 71' lang='lat' dir='ltr'><strong><em>[sideri</em></strong></span> <span class='ocrx_word' id='word_1_161' title='bbox 404 3532 610 3592; x_wconf 67' lang='lat' dir='ltr'><strong><em>graces</em></strong></span> <span class='ocrx_word' id='word_1_162' title='bbox 659 3519 904 3588; x_wconf 85' lang='lat' dir='ltr'><strong><em>epistulas</em></strong></span> <span class='ocrx_word' id='word_1_163' title='bbox 941 3534 1006 3572; x_wconf 72' lang='lat' dir='ltr'><strong><em>ea:</em></strong></span> <span class='ocrx_word' id='word_1_164' title='bbox 1037 3535 1212 3573; x_wconf 89' lang='lat' dir='ltr'><strong><em>museo</em></strong></span> <span class='ocrx_word' id='word_1_165' title='bbox 1252 3517 1557 3575; x_wconf 85' lang='lat' dir='ltr'><strong><em>Cardinalis</em></strong></span> <span class='ocrx_word' id='word_1_166' title='bbox 1591 3521 1777 3576; x_wconf 72' lang='lat' dir='ltr'><strong><em>Sir-leti</em></strong></span> 
     </span>
    </p>
   </div>
   <div class='ocr_carea' id='block_1_28' title="bbox 183 3612 1775 3684">
    <p class='ocr_par' dir='ltr' id='par_1_28' title="bbox 183 3612 1775 3684">
     <span class='ocr_line' id='line_1_28' title="bbox 183 3612 1775 3684; baseline 0.001 -17"><span class='ocrx_word' id='word_1_167' title='bbox 183 3615 446 3684; x_wconf 71' lang='lat' dir='ltr'><strong><em>eleganter</em></strong></span> <span class='ocrx_word' id='word_1_168' title='bbox 476 3613 702 3680; x_wconf 77' lang='lat' dir='ltr'><strong><em>scriptas</em></strong></span> <span class='ocrx_word' id='word_1_169' title='bbox 740 3612 898 3681; x_wconf 74' lang='lat' dir='ltr'><strong><em>fratri</em></strong></span> <span class='ocrx_word' id='word_1_170' title='bbox 937 3621 1047 3676; x_wconf 90' lang='lat' dir='ltr'><strong><em>tuo,</em></strong></span> <span class='ocrx_word' id='word_1_171' title='bbox 1077 3612 1349 3680; x_wconf 82' lang='lat' dir='ltr'><strong><em>interpreti</em></strong></span> <span class='ocrx_word' id='word_1_172' title='bbox 1389 3622 1584 3674; x_wconf 85' lang='lat' dir='ltr'><strong><em>nostra.</em></strong></span> <span class='ocrx_word' id='word_1_173' title='bbox 1615 3614 1775 3669; x_wconf 88' lang='lat' dir='ltr'><strong><em>misit.</em></strong></span> 
     </span>
    </p>
   </div>
   <div class='ocr_carea' id='block_1_29' title="bbox 185 3704 1779 3775">
    <p class='ocr_par' dir='ltr' id='par_1_29' title="bbox 185 3704 1779 3775">
     <span class='ocr_line' id='line_1_29' title="bbox 185 3704 1779 3775; baseline 0.001 -18"><span class='ocrx_word' id='word_1_174' title='bbox 185 3705 310 3770; x_wconf 71' lang='lat' dir='ltr'><strong><em>Qu:</em></strong></span> <span class='ocrx_word' id='word_1_175' title='bbox 343 3705 398 3768; x_wconf 66' lang='lat' dir='ltr'><strong><em>ei</em></strong></span> <span class='ocrx_word' id='word_1_176' title='bbox 437 3713 590 3757; x_wconf 85' lang='lat' dir='ltr'><strong><em>tanta</em></strong></span> <span class='ocrx_word' id='word_1_177' title='bbox 617 3705 821 3774; x_wconf 79' lang='lat' dir='ltr'><strong><em>gratim</em></strong></span> <span class='ocrx_word' id='word_1_178' title='bbox 868 3704 1033 3772; x_wconf 78' lang='lat' dir='ltr'><strong><em>fuere,</em></strong></span> <span class='ocrx_word' id='word_1_179' title='bbox 1064 3715 1261 3774; x_wconf 84' lang='lat' dir='ltr'><strong><em>quanto</em></strong></span> <span class='ocrx_word' id='word_1_180' title='bbox 1292 3706 1462 3775; x_wconf 80' lang='lat' dir='ltr'><strong><em>magis</em></strong></span> <span class='ocrx_word' id='word_1_181' title='bbox 1501 3705 1779 3774; x_wconf 82' lang='lat' dir='ltr'><strong><em>depravati</em></strong></span> 
     </span>
    </p>
   </div>
   <div class='ocr_carea' id='block_1_30' title="bbox 186 3795 1782 3867">
    <p class='ocr_par' dir='ltr' id='par_1_30' title="bbox 186 3795 1782 3867">
     <span class='ocr_line' id='line_1_30' title="bbox 186 3795 1782 3867; baseline -0.001 -15"><span class='ocrx_word' id='word_1_182' title='bbox 186 3808 334 3852; x_wconf 70' lang='lat' dir='ltr'><strong><em>aunt</em></strong></span> <span class='ocrx_word' id='word_1_183' title='bbox 363 3810 413 3853; x_wconf 84' lang='lat' dir='ltr'><strong><em>et</em></strong></span> <span class='ocrx_word' id='word_1_184' title='bbox 444 3797 648 3852; x_wconf 77' lang='lat' dir='ltr'><strong><em>mendis</em></strong></span> <span class='ocrx_word' id='word_1_185' title='bbox 677 3797 946 3851; x_wconf 81' lang='lat' dir='ltr'><strong><em>scatebunt</em></strong></span> <span class='ocrx_word' id='word_1_186' title='bbox 967 3797 1165 3850; x_wconf 86' lang='lat' dir='ltr'><strong><em>codices</em></strong></span> <span class='ocrx_word' id='word_1_187' title='bbox 1191 3795 1290 3857; x_wconf 88' lang='lat' dir='ltr'><strong><em>illi.</em></strong></span> <span class='ocrx_word' id='word_1_188' title='bbox 1314 3797 1500 3867; x_wconf 83' lang='lat' dir='ltr'><strong><em>quibus</em></strong></span> <span class='ocrx_word' id='word_1_189' title='bbox 1531 3804 1643 3850; x_wconf 87' lang='lat' dir='ltr'><strong><em>tum</em></strong></span> <span class='ocrx_word' id='word_1_190' title='bbox 1674 3806 1782 3850; x_wconf 87' lang='lat' dir='ltr'><strong><em>ute-</em></strong></span> 
     </span>
    </p>
   </div>
   <div class='ocr_carea' id='block_1_31' title="bbox 187 3887 1780 3958">
    <p class='ocr_par' dir='ltr' id='par_1_31' title="bbox 187 3887 1780 3958">
     <span class='ocr_line' id='line_1_31' title="bbox 187 3887 1780 3958; baseline 0 -16"><span class='ocrx_word' id='word_1_191' title='bbox 187 3891 360 3942; x_wconf 74' lang='lat' dir='ltr'><strong><em>batur.</em></strong></span> <span class='ocrx_word' id='word_1_192' title='bbox 409 3887 599 3958; x_wconf 75' lang='lat' dir='ltr'><strong><em>Neque</em></strong></span> <span class='ocrx_word' id='word_1_193' title='bbox 657 3887 785 3942; x_wconf 84' lang='lat' dir='ltr'><strong><em>alibi</em></strong></span> <span class='ocrx_word' id='word_1_194' title='bbox 838 3887 1230 3942; x_wconf 83' lang='lat' dir='ltr'><strong><em>accuratiorem</em></strong></span> <span class='ocrx_word' id='word_1_195' title='bbox 1279 3888 1476 3944; x_wconf 85' lang='lat' dir='ltr'><strong><em>horum</em></strong></span> <span class='ocrx_word' id='word_1_196' title='bbox 1529 3889 1780 3944; x_wconf 86' lang='lat' dir='ltr'><strong><em>codicum</em></strong></span> 
     </span>
    </p>
   </div>
   <div class='ocr_carea' id='block_1_32' title="bbox 187 3979 1095 4051">
    <p class='ocr_par' dir='ltr' id='par_1_32' title="bbox 187 3979 1095 4051">
     <span class='ocr_line' id='line_1_32' title="bbox 187 3979 1095 4051; baseline -0.006 -14"><span class='ocrx_word' id='word_1_197' title='bbox 187 3980 614 4051; x_wconf 78' lang='lat' dir='ltr'><strong><em>descriptionem</em></strong></span> <span class='ocrx_word' id='word_1_198' title='bbox 645 3980 893 4034; x_wconf 84' lang='lat' dir='ltr'><strong><em>invenire</em></strong></span> <span class='ocrx_word' id='word_1_199' title='bbox 924 3979 1095 4050; x_wconf 86' lang='lat' dir='ltr'><strong><em>potui.</em></strong></span> 
     </span>
    </p>
   </div>
   <div class='ocr_carea' id='block_1_33' title="bbox 550 4074 1409 4130">
    <p class='ocr_par' dir='ltr' id='par_1_33' title="bbox 550 4074 1409 4130">
     <span class='ocr_line' id='line_1_33' title="bbox 550 4074 1409 4130; baseline -0.001 0"><span class='ocrx_word' id='word_1_200' title='bbox 550 4075 882 4130; x_wconf 80' lang='lat' dir='ltr'><strong><em>Rittersltusii</em></strong></span> <span class='ocrx_word' id='word_1_201' title='bbox 913 4077 1075 4130; x_wconf 70' lang='lat' dir='ltr'><strong><em>codex</em></strong></span> <span class='ocrx_word' id='word_1_202' title='bbox 1099 4074 1409 4129; x_wconf 81' lang='lat' dir='ltr'><strong><em>Bavaricus.</em></strong></span> 
     </span>
    </p>
   </div>
   <div class='ocr_carea' id='block_1_34' title="bbox 263 4165 1782 4237">
    <p class='ocr_par' dir='ltr' id='par_1_34' title="bbox 263 4165 1782 4237">
     <span class='ocr_line' id='line_1_34' title="bbox 263 4165 1782 4237; baseline -0.002 -13"><span class='ocrx_word' id='word_1_203' title='bbox 263 4167 467 4224; x_wconf 79' lang='lat' dir='ltr'><strong><em>Eodem</em></strong></span> <span class='ocrx_word' id='word_1_204' title='bbox 493 4169 617 4236; x_wconf 81' lang='lat' dir='ltr'><strong><em>jure</em></strong></span> <span class='ocrx_word' id='word_1_205' title='bbox 661 4165 1084 4221; x_wconf 76' lang='lat' dir='ltr'><strong><em>Rittershusium</em></strong></span> <span class='ocrx_word' id='word_1_206' title='bbox 1115 4181 1334 4236; x_wconf 79' lang='lat' dir='ltr'><strong><em>quoque</em></strong></span> <span class='ocrx_word' id='word_1_207' title='bbox 1368 4167 1681 4237; x_wconf 79' lang='lat' dir='ltr'><strong><em>vituperare</em></strong></span> <span class='ocrx_word' id='word_1_208' title='bbox 1715 4167 1782 4221; x_wconf 89' lang='lat' dir='ltr'><strong><em>li-</em></strong></span> 
     </span>
    </p>
   </div>
   <div class='ocr_carea' id='block_1_35' title="bbox 193 4257 1777 4330">
    <p class='ocr_par' dir='ltr' id='par_1_35' title="bbox 193 4257 1777 4330">
     <span class='ocr_line' id='line_1_35' title="bbox 193 4257 1777 4330; baseline -0.002 -16"><span class='ocrx_word' id='word_1_209' title='bbox 193 4271 305 4324; x_wconf 81' lang='lat' dir='ltr'><strong><em>cet,</em></strong></span> <span class='ocrx_word' id='word_1_210' title='bbox 346 4260 548 4330; x_wconf 83' lang='lat' dir='ltr'><strong><em>quippe</em></strong></span> <span class='ocrx_word' id='word_1_211' title='bbox 597 4258 691 4328; x_wconf 85' lang='lat' dir='ltr'><strong><em>qui</em></strong></span> <span class='ocrx_word' id='word_1_212' title='bbox 729 4258 786 4312; x_wconf 88' lang='lat' dir='ltr'><strong><em>in</em></strong></span> <span class='ocrx_word' id='word_1_213' title='bbox 827 4258 1055 4328; x_wconf 86' lang='lat' dir='ltr'><strong><em>epistola</em></strong></span> <span class='ocrx_word' id='word_1_214' title='bbox 1102 4258 1168 4311; x_wconf 88' lang='lat' dir='ltr'><strong><em>ad</em></strong></span> <span class='ocrx_word' id='word_1_215' title='bbox 1217 4257 1413 4311; x_wconf 75' lang='lat' dir='ltr'><strong><em>Ianum</em></strong></span> <span class='ocrx_word' id='word_1_216' title='bbox 1461 4258 1777 4321; x_wconf 83' lang='lat' dir='ltr'><strong><em>Gruterum,</em></strong></span> 
     </span>
    </p>
   </div>
   <div class='ocr_carea' id='block_1_36' title="bbox 192 4348 1778 4420">
    <p class='ocr_par' dir='ltr' id='par_1_36' title="bbox 192 4348 1778 4420">
     <span class='ocr_line' id='line_1_36' title="bbox 192 4348 1778 4420; baseline -0.001 -16"><span class='ocrx_word' id='word_1_217' title='bbox 192 4351 416 4406; x_wconf 83' lang='lat' dir='ltr'><strong><em>editioni</em></strong></span> <span class='ocrx_word' id='word_1_218' title='bbox 453 4351 574 4419; x_wconf 78' lang='lat' dir='ltr'><strong><em>ejus</em></strong></span> <span class='ocrx_word' id='word_1_219' title='bbox 611 4349 846 4420; x_wconf 67' lang='lat' dir='ltr'><strong><em>praeﬁxa,</em></strong></span> <span class='ocrx_word' id='word_1_220' title='bbox 875 4349 1010 4402; x_wconf 85' lang='lat' dir='ltr'><strong><em>nihil</em></strong></span> <span class='ocrx_word' id='word_1_221' title='bbox 1041 4348 1107 4403; x_wconf 88' lang='lat' dir='ltr'><strong><em>de</em></strong></span> <span class='ocrx_word' id='word_1_222' title='bbox 1134 4349 1344 4413; x_wconf 84' lang='lat' dir='ltr'><strong><em>codice,</em></strong></span> <span class='ocrx_word' id='word_1_223' title='bbox 1372 4365 1482 4418; x_wconf 89' lang='lat' dir='ltr'><strong><em>quo</em></strong></span> <span class='ocrx_word' id='word_1_224' title='bbox 1516 4365 1647 4403; x_wconf 87' lang='lat' dir='ltr'><strong><em>usus</em></strong></span> <span class='ocrx_word' id='word_1_225' title='bbox 1676 4358 1778 4418; x_wconf 88' lang='lat' dir='ltr'><strong><em>est,</em></strong></span> 
     </span>
    </p>
   </div>
   <div class='ocr_carea' id='block_1_37' title="bbox 191 4441 1783 4513">
    <p class='ocr_par' dir='ltr' id='par_1_37' title="bbox 191 4441 1783 4513">
     <span class='ocr_line' id='line_1_37' title="bbox 191 4441 1783 4513; baseline 0.001 -16"><span class='ocrx_word' id='word_1_226' title='bbox 191 4444 343 4503; x_wconf 82' lang='lat' dir='ltr'><strong><em>dicit.</em></strong></span> <span class='ocrx_word' id='word_1_227' title='bbox 363 4458 526 4513; x_wconf 80' lang='lat' dir='ltr'><strong><em>quam</em></strong></span> <span class='ocrx_word' id='word_1_228' title='bbox 553 4441 654 4496; x_wconf 90' lang='lat' dir='ltr'><strong><em>sibi</em></strong></span> <span class='ocrx_word' id='word_1_229' title='bbox 685 4441 832 4496; x_wconf 93' lang='lat' dir='ltr'><strong><em>illum</em></strong></span> <span class='ocrx_word' id='word_1_230' title='bbox 851 4457 882 4497; x_wconf 87' lang='lat' dir='ltr'><strong><em>e</em></strong></span> <span class='ocrx_word' id='word_1_231' title='bbox 904 4441 1234 4498; x_wconf 83' lang='lat' dir='ltr'><strong><em>bibliotheca</em></strong></span> <span class='ocrx_word' id='word_1_232' title='bbox 1259 4442 1522 4512; x_wconf 85' lang='lat' dir='ltr'><strong><em>principis</em></strong></span> <span class='ocrx_word' id='word_1_233' title='bbox 1545 4442 1783 4499; x_wconf 64' lang='lat' dir='ltr'><strong><em>Bai-aria:</em></strong></span> 
     </span>
    </p>
   </div>
   <div class='ocr_carea' id='block_1_38' title="bbox 191 4535 620 4590">
    <p class='ocr_par' dir='ltr' id='par_1_38' title="bbox 191 4535 620 4590">
     <span class='ocr_line' id='line_1_38' title="bbox 191 4535 620 4590; baseline -0.009 1"><span class='ocrx_word' id='word_1_234' title='bbox 191 4549 314 4590; x_wconf 76' lang='lat' dir='ltr'><strong><em>esse</em></strong></span> <span class='ocrx_word' id='word_1_235' title='bbox 340 4535 620 4589; x_wconf 86' lang='lat' dir='ltr'><strong><em>traditum.</em></strong></span> 
     </span>
    </p>
   </div>
   <div class='ocr_carea' id='block_1_39' title="bbox 266 4623 1782 4698">
    <p class='ocr_par' dir='ltr' id='par_1_39' title="bbox 266 4623 1782 4698">
     <span class='ocr_line' id='line_1_39' title="bbox 266 4623 1782 4698; baseline -0.001 -16"><span class='ocrx_word' id='word_1_236' title='bbox 266 4627 374 4683; x_wconf 85' lang='lat' dir='ltr'><strong><em>Sed</em></strong></span> <span class='ocrx_word' id='word_1_237' title='bbox 420 4627 677 4682; x_wconf 78' lang='lat' dir='ltr'><strong><em>llardtius</em></strong></span> <span class='ocrx_word' id='word_1_238' title='bbox 707 4626 760 4680; x_wconf 88' lang='lat' dir='ltr'><strong><em>in</em></strong></span> <span class='ocrx_word' id='word_1_239' title='bbox 791 4626 1034 4697; x_wconf 78' lang='lat' dir='ltr'><strong><em>catalogo</em></strong></span> <span class='ocrx_word' id='word_1_240' title='bbox 1074 4623 1276 4681; x_wconf 89' lang='lat' dir='ltr'><strong><em>CODD.</em></strong></span> <span class='ocrx_word' id='word_1_241' title='bbox 1311 4625 1443 4680; x_wconf 88' lang='lat' dir='ltr'><strong><em>bibl.</em></strong></span> <span class='ocrx_word' id='word_1_242' title='bbox 1482 4643 1575 4698; x_wconf 86' lang='lat' dir='ltr'><strong><em>reg</em></strong></span> <span class='ocrx_word' id='word_1_243' title='bbox 1629 4628 1782 4693; x_wconf 55' lang='lat' dir='ltr'><strong><em>llam,</em></strong></span> 
     </span>
    </p>
   </div>
   <div class='ocr_carea' id='block_1_40' title="bbox 197 4715 1785 4786">
    <p class='ocr_par' dir='ltr' id='par_1_40' title="bbox 197 4715 1785 4786">
     <span class='ocr_line' id='line_1_40' title="bbox 197 4715 1785 4786; baseline 0.002 -18"><span class='ocrx_word' id='word_1_244' title='bbox 197 4717 301 4770; x_wconf 77' lang='lat' dir='ltr'><strong><em>vol.</em></strong></span> <span class='ocrx_word' id='word_1_245' title='bbox 335 4717 377 4777; x_wconf 86' lang='grc' dir='ltr'><strong><em>ι,</em></strong></span> <span class='ocrx_word' id='word_1_246' title='bbox 417 4733 470 4786; x_wconf 85' lang='lat' dir='ltr'><strong><em>p.</em></strong></span> <span class='ocrx_word' id='word_1_247' title='bbox 499 4716 625 4778; x_wconf 62' lang='lat' dir='ltr'><strong><em>2L7.</em></strong></span> <span class='ocrx_word' id='word_1_248' title='bbox 655 4715 791 4769; x_wconf 71' lang='lat' dir='ltr'><strong><em>2l8:</em></strong></span> <span class='ocrx_word' id='word_1_249' title='bbox 823 4715 952 4770; x_wconf 82' lang='lat' dir='ltr'><strong><em>Cod.</em></strong></span> <span class='ocrx_word' id='word_1_250' title='bbox 982 4715 1172 4778; x_wconf 70' lang='lat' dir='ltr'><strong><em>XLIX.</em></strong></span> <span class='ocrx_word' id='word_1_251' title='bbox 1211 4725 1286 4769; x_wconf 84' lang='lat' dir='ltr'><strong><em>est</em></strong></span> <span class='ocrx_word' id='word_1_252' title='bbox 1326 4716 1657 4779; x_wconf 83' lang='lat' dir='ltr'><strong><em>clmrtaceus.</em></strong></span> <span class='ocrx_word' id='word_1_253' title='bbox 1703 4719 1785 4771; x_wconf 83' lang='lat' dir='ltr'><strong><em>iu-</em></strong></span> 
     </span>
    </p>
   </div>
   <div class='ocr_carea' id='block_1_41' title="bbox 1876 2398 3486 2476">
    <p class='ocr_par' dir='ltr' id='par_1_41' title="bbox 1876 2398 3486 2476">
     <span class='ocr_line' id='line_1_41' title="bbox 1876 2398 3486 2476; baseline 0.014 -26"><span class='ocrx_word' id='word_1_254' title='bbox 1876 2398 2256 2467; x_wconf 85' lang='lat' dir='ltr'><strong><em>alpbabetieus</em></strong></span> <span class='ocrx_word' id='word_1_255' title='bbox 2288 2401 2573 2460; x_wconf 88' lang='lat' dir='ltr'><strong><em>initiorum</em></strong></span> <span class='ocrx_word' id='word_1_256' title='bbox 2613 2406 2971 2476; x_wconf 83' lang='lat' dir='ltr'><strong><em>cpistolarum</em></strong></span> <span class='ocrx_word' id='word_1_257' title='bbox 3003 2428 3032 2466; x_wconf 89' lang='lat' dir='ltr'><strong><em>a</em></strong></span> <span class='ocrx_word' id='word_1_258' title='bbox 3076 2414 3334 2471; x_wconf 75' lang='lat' dir='ltr'><strong><em>Grctsero</em></strong></span> <span class='ocrx_word' id='word_1_259' title='bbox 3364 2416 3486 2472; x_wconf 90' lang='lat' dir='ltr'><strong><em>edi-</em></strong></span> 
     </span>
    </p>
   </div>
   <div class='ocr_carea' id='block_1_42' title="bbox 1879 2500 2038 2546">
    <p class='ocr_par' dir='ltr' id='par_1_42' title="bbox 1879 2500 2038 2546">
     <span class='ocr_line' id='line_1_42' title="bbox 1879 2500 2038 2546; baseline -0.006 -2"><span class='ocrx_word' id='word_1_260' title='bbox 1879 2500 1987 2546; x_wconf 88' lang='lat' dir='ltr'><strong><em>tus.</em></strong></span> <span class='ocrx_word' id='word_1_261' title='bbox 2020 2511 2038 2543; x_wconf 74' lang='grc' dir='ltr'><strong><em>ι</em></strong></span> 
     </span>
    </p>
   </div>
   <div class='ocr_carea' id='block_1_43' title="bbox 2367 2588 2994 2650">
    <p class='ocr_par' dir='ltr' id='par_1_43' title="bbox 2367 2588 2994 2650">
     <span class='ocr_line' id='line_1_43' title="bbox 2367 2588 2994 2650; baseline 0.013 -8"><span class='ocrx_word' id='word_1_262' title='bbox 2367 2588 2459 2645; x_wconf 84' lang='lat' dir='ltr'><strong><em>l‘ol.</em></strong></span> <span class='ocrx_word' id='word_1_263' title='bbox 2493 2590 2615 2646; x_wconf 82' lang='grc'><strong><em>175.</em></strong></span> <span class='ocrx_word' id='word_1_264' title='bbox 2644 2624 2717 2633; x_wconf 88' lang='grc'><strong><em>-</em></strong></span> <span class='ocrx_word' id='word_1_265' title='bbox 2743 2594 2834 2648; x_wconf 82' lang='lat' dir='ltr'><strong><em>fol.</em></strong></span> <span class='ocrx_word' id='word_1_266' title='bbox 2866 2597 2994 2650; x_wconf 57' lang='lat' dir='ltr'><strong><em>esse.</em></strong></span> 
     </span>
    </p>
   </div>
   <div class='ocr_carea' id='block_1_44' title="bbox 1951 2678 3485 2770">
    <p class='ocr_par' dir='ltr' id='par_1_44' title="bbox 1951 2678 3485 2770">
     <span class='ocr_line' id='line_1_44' title="bbox 1951 2678 3485 2770; baseline 0.016 -38"><span class='ocrx_word' id='word_1_267' title='bbox 1951 2678 2180 2733; x_wconf 72' lang='lat' dir='ltr'><strong><em>Exstant</em></strong></span> <span class='ocrx_word' id='word_1_268' title='bbox 2212 2681 2330 2736; x_wconf 77' lang='lat' dir='ltr'><strong><em>aliae</em></strong></span> <span class='ocrx_word' id='word_1_269' title='bbox 2372 2685 2562 2739; x_wconf 85' lang='lat' dir='ltr'><strong><em>lsidori</em></strong></span> <span class='ocrx_word' id='word_1_270' title='bbox 2598 2688 2847 2760; x_wconf 73' lang='lat' dir='ltr'><strong><em>cpistola:</em></strong></span> <span class='ocrx_word' id='word_1_271' title='bbox 2876 2690 3002 2756; x_wconf 72' lang='lat'><strong><em>489,</em></strong></span> <span class='ocrx_word' id='word_1_272' title='bbox 3041 2709 3275 2763; x_wconf 79' lang='lat' dir='ltr'><strong><em>quorum</em></strong></span> <span class='ocrx_word' id='word_1_273' title='bbox 3310 2699 3485 2770; x_wconf 78' lang='lat' dir='ltr'><strong><em>prima</em></strong></span> 
     </span>
    </p>
   </div>
   <div class='ocr_carea' id='block_1_45' title="bbox 1879 2771 3488 2858">
    <p class='ocr_par' dir='ltr' id='par_1_45' title="bbox 1879 2771 3488 2858">
     <span class='ocr_line' id='line_1_45' title="bbox 1879 2771 3488 2858; baseline 0.016 -35"><span class='ocrx_word' id='word_1_274' title='bbox 1879 2771 1947 2824; x_wconf 89' lang='lat' dir='ltr'><strong><em>ad</em></strong></span> <span class='ocrx_word' id='word_1_275' title='bbox 1980 2771 2159 2826; x_wconf 76' lang='lat' dir='ltr'><strong><em>Nilum</em></strong></span> <span class='ocrx_word' id='word_1_276' title='bbox 2187 2775 2304 2842; x_wconf 92' lang='lat' dir='ltr'><strong><em>(lib.</em></strong></span> <span class='ocrx_word' id='word_1_277' title='bbox 2331 2775 2373 2830; x_wconf 86' lang='lat' dir='ltr'><strong><em>l.</em></strong></span> <span class='ocrx_word' id='word_1_278' title='bbox 2409 2793 2498 2847; x_wconf 91' lang='lat' dir='ltr'><strong><em>ep.</em></strong></span> <span class='ocrx_word' id='word_1_279' title='bbox 2538 2778 2601 2850; x_wconf 84' lang='lat' dir='ltr'><strong><em>l),</em></strong></span> <span class='ocrx_word' id='word_1_280' title='bbox 2633 2781 2821 2836; x_wconf 89' lang='lat' dir='ltr'><strong><em>ultima</em></strong></span> <span class='ocrx_word' id='word_1_281' title='bbox 2854 2783 2920 2838; x_wconf 82' lang='lat' dir='ltr'><strong><em>ad</em></strong></span> <span class='ocrx_word' id='word_1_282' title='bbox 2951 2784 3235 2843; x_wconf 89' lang='lat' dir='ltr'><strong><em>Zosimum</em></strong></span> <span class='ocrx_word' id='word_1_283' title='bbox 3270 2791 3386 2858; x_wconf 90' lang='lat' dir='ltr'><strong><em>(lib.</em></strong></span> <span class='ocrx_word' id='word_1_284' title='bbox 3419 2790 3488 2849; x_wconf 85' lang='lat' dir='ltr'><strong><em>ll.</em></strong></span> 
     </span>
    </p>
   </div>
   <div class='ocr_carea' id='block_1_46' title="bbox 1880 2865 3489 2945">
    <p class='ocr_par' dir='ltr' id='par_1_46' title="bbox 1880 2865 3489 2945">
     <span class='ocr_line' id='line_1_46' title="bbox 1880 2865 3489 2945; baseline 0.017 -30"><span class='ocrx_word' id='word_1_285' title='bbox 1880 2879 1968 2932; x_wconf 82' lang='lat' dir='ltr'><strong><em>ep.</em></strong></span> <span class='ocrx_word' id='word_1_286' title='bbox 2000 2865 2149 2934; x_wconf 78' lang='lat'><strong><em>298.)</em></strong></span> <span class='ocrx_word' id='word_1_287' title='bbox 2184 2868 2388 2940; x_wconf 86' lang='lat' dir='ltr'><strong><em>scripta</em></strong></span> <span class='ocrx_word' id='word_1_288' title='bbox 2416 2880 2522 2936; x_wconf 86' lang='lat' dir='ltr'><strong><em>est,</em></strong></span> <span class='ocrx_word' id='word_1_289' title='bbox 2550 2888 2757 2944; x_wconf 88' lang='lat' dir='ltr'><strong><em>easque</em></strong></span> <span class='ocrx_word' id='word_1_290' title='bbox 2796 2876 3058 2935; x_wconf 77' lang='lat' dir='ltr'><strong><em>llardtius</em></strong></span> <span class='ocrx_word' id='word_1_291' title='bbox 3088 2897 3212 2936; x_wconf 90' lang='lat' dir='ltr'><strong><em>cum</em></strong></span> <span class='ocrx_word' id='word_1_292' title='bbox 3244 2884 3489 2945; x_wconf 83' lang='lat' dir='ltr'><strong><em>editione</em></strong></span> 
     </span>
    </p>
   </div>
   <div class='ocr_carea' id='block_1_47' title="bbox 1880 2952 3485 3046">
    <p class='ocr_par' dir='ltr' id='par_1_47' title="bbox 1880 2952 3485 3046">
     <span class='ocr_line' id='line_1_47' title="bbox 1880 2952 3485 3046; baseline 0.016 -40"><span class='ocrx_word' id='word_1_293' title='bbox 1880 2952 2109 3019; x_wconf 83' lang='lat' dir='ltr'><strong><em>Veneta,</em></strong></span> <span class='ocrx_word' id='word_1_294' title='bbox 2145 2972 2268 3027; x_wconf 71' lang='lat' dir='ltr'><strong><em>qtae</em></strong></span> <span class='ocrx_word' id='word_1_295' title='bbox 2307 2959 2509 3029; x_wconf 90' lang='lat' dir='ltr'><strong><em>prodiit</em></strong></span> <span class='ocrx_word' id='word_1_296' title='bbox 2553 2977 2700 3018; x_wconf 91' lang='lat' dir='ltr'><strong><em>anno</em></strong></span> <span class='ocrx_word' id='word_1_297' title='bbox 2732 2965 2890 3030; x_wconf 62' lang='grc'><strong>1715,</strong></span> <span class='ocrx_word' id='word_1_298' title='bbox 2921 2970 3174 3033; x_wconf 88' lang='lat' dir='ltr'><strong><em>contulit.</em></strong></span> <span class='ocrx_word' id='word_1_299' title='bbox 3206 2975 3485 3046; x_wconf 83' lang='lat' dir='ltr'><strong><em>quodque.</em></strong></span> 
     </span>
    </p>
   </div>
   <div class='ocr_carea' id='block_1_48' title="bbox 1884 3047 3488 3126">
    <p class='ocr_par' dir='ltr' id='par_1_48' title="bbox 1884 3047 3488 3126">
     <span class='ocr_line' id='line_1_48' title="bbox 1884 3047 3488 3126; baseline 0.016 -27"><span class='ocrx_word' id='word_1_300' title='bbox 1884 3055 1942 3100; x_wconf 93' lang='lat' dir='ltr'><strong>ut</strong></span> <span class='ocrx_word' id='word_1_301' title='bbox 1989 3047 2105 3116; x_wconf 88' lang='lat' dir='ltr'><strong><em>ipse</em></strong></span> <span class='ocrx_word' id='word_1_302' title='bbox 2139 3049 2292 3115; x_wconf 80' lang='lat' dir='ltr'><strong><em>dicit,</em></strong></span> <span class='ocrx_word' id='word_1_303' title='bbox 2343 3051 2399 3106; x_wconf 92' lang='lat' dir='ltr'><strong><em>in</em></strong></span> <span class='ocrx_word' id='word_1_304' title='bbox 2445 3053 2532 3107; x_wconf 89' lang='lat' dir='ltr'><strong><em>illa</em></strong></span> <span class='ocrx_word' id='word_1_305' title='bbox 2575 3054 2856 3112; x_wconf 88' lang='lat' dir='ltr'><strong><em>diversum</em></strong></span> <span class='ocrx_word' id='word_1_306' title='bbox 2892 3058 3017 3126; x_wconf 82' lang='lat' dir='ltr'><strong><em>fuit,</em></strong></span> <span class='ocrx_word' id='word_1_307' title='bbox 3062 3066 3289 3121; x_wconf 74' lang='lat' dir='ltr'><strong><em>notavit.</em></strong></span> <span class='ocrx_word' id='word_1_308' title='bbox 3344 3067 3488 3124; x_wconf 78' lang='lat' dir='ltr'><strong><em>Fieri</em></strong></span> 
     </span>
    </p>
   </div>
   <div class='ocr_carea' id='block_1_49' title="bbox 1881 3142 3487 3225">
    <p class='ocr_par' dir='ltr' id='par_1_49' title="bbox 1881 3142 3487 3225">
     <span class='ocr_line' id='line_1_49' title="bbox 1881 3142 3487 3225; baseline 0.013 -34"><span class='ocrx_word' id='word_1_309' title='bbox 1881 3147 2065 3192; x_wconf 90' lang='lat' dir='ltr'><strong><em>autem</em></strong></span> <span class='ocrx_word' id='word_1_310' title='bbox 2105 3155 2216 3195; x_wconf 91' lang='lat' dir='ltr'><strong><em>non</em></strong></span> <span class='ocrx_word' id='word_1_311' title='bbox 2248 3142 2426 3211; x_wconf 90' lang='lat' dir='ltr'><strong><em>potuit</em></strong></span> <span class='ocrx_word' id='word_1_312' title='bbox 2456 3145 2590 3214; x_wconf 85' lang='lat' dir='ltr'><strong><em>quin</em></strong></span> <span class='ocrx_word' id='word_1_313' title='bbox 2627 3160 2842 3213; x_wconf 86' lang='lat' dir='ltr'><strong><em>omnes,</em></strong></span> <span class='ocrx_word' id='word_1_314' title='bbox 2877 3165 3014 3220; x_wconf 88' lang='lat' dir='ltr'><strong><em>quas</em></strong></span> <span class='ocrx_word' id='word_1_315' title='bbox 3050 3154 3341 3225; x_wconf 86' lang='lat' dir='ltr'><strong><em>exscripsit</em></strong></span> <span class='ocrx_word' id='word_1_316' title='bbox 3374 3157 3487 3224; x_wconf 86' lang='lat' dir='ltr'><strong><em>ille,</em></strong></span> 
     </span>
    </p>
   </div>
   <div class='ocr_carea' id='block_1_50' title="bbox 1883 3230 3491 3316">
    <p class='ocr_par' dir='ltr' id='par_1_50' title="bbox 1883 3230 3491 3316">
     <span class='ocr_line' id='line_1_50' title="bbox 1883 3230 3491 3316; baseline 0.013 -32"><span class='ocrx_word' id='word_1_317' title='bbox 1883 3230 2170 3300; x_wconf 72' lang='lat' dir='ltr'><strong><em>scripturae</em></strong></span> <span class='ocrx_word' id='word_1_318' title='bbox 2230 3232 2576 3291; x_wconf 85' lang='lat' dir='ltr'><strong><em>diversitates</em></strong></span> <span class='ocrx_word' id='word_1_319' title='bbox 2626 3238 2695 3293; x_wconf 90' lang='lat' dir='ltr'><strong><em>ad</em></strong></span> <span class='ocrx_word' id='word_1_320' title='bbox 2742 3241 3098 3310; x_wconf 80' lang='lat' dir='ltr'><strong><em>epistularum</em></strong></span> <span class='ocrx_word' id='word_1_321' title='bbox 3148 3249 3491 3316; x_wconf 86' lang='lat' dir='ltr'><strong><em>pertinerent</em></strong></span> 
     </span>
    </p>
   </div>
   <div class='ocr_carea' id='block_1_51' title="bbox 1885 3323 3489 3399">
    <p class='ocr_par' dir='ltr' id='par_1_51' title="bbox 1885 3323 3489 3399">
     <span class='ocr_line' id='line_1_51' title="bbox 1885 3323 3489 3399; baseline 0.014 -22"><span class='ocrx_word' id='word_1_322' title='bbox 1885 3323 2302 3396; x_wconf 89' lang='lat' dir='ltr'><strong><em>inscriptiones.</em></strong></span> <span class='ocrx_word' id='word_1_323' title='bbox 2354 3342 2479 3382; x_wconf 88' lang='lat' dir='ltr'><strong><em>cum</em></strong></span> <span class='ocrx_word' id='word_1_324' title='bbox 2528 3329 2695 3385; x_wconf 86' lang='lat' dir='ltr'><strong><em>latine</em></strong></span> <span class='ocrx_word' id='word_1_325' title='bbox 2755 3342 2967 3390; x_wconf 86' lang='lat' dir='ltr'><strong><em>tantum</em></strong></span> <span class='ocrx_word' id='word_1_326' title='bbox 3016 3337 3068 3391; x_wconf 92' lang='lat' dir='ltr'><strong><em>in</em></strong></span> <span class='ocrx_word' id='word_1_327' title='bbox 3110 3339 3198 3395; x_wconf 89' lang='lat' dir='ltr'><strong><em>illa</em></strong></span> <span class='ocrx_word' id='word_1_328' title='bbox 3244 3342 3489 3399; x_wconf 87' lang='lat' dir='ltr'><strong><em>editione</em></strong></span> 
     </span>
    </p>
   </div>
   <div class='ocr_carea' id='block_1_52' title="bbox 1885 3418 3489 3501">
    <p class='ocr_par' dir='ltr' id='par_1_52' title="bbox 1885 3418 3489 3501">
     <span class='ocr_line' id='line_1_52' title="bbox 1885 3418 3489 3501; baseline 0.014 -32"><span class='ocrx_word' id='word_1_329' title='bbox 1885 3423 2104 3471; x_wconf 80' lang='lat' dir='ltr'><strong><em>exstent</em></strong></span> <span class='ocrx_word' id='word_1_330' title='bbox 2153 3418 2347 3486; x_wconf 80' lang='lat' dir='ltr'><strong><em>[sideri</em></strong></span> <span class='ocrx_word' id='word_1_331' title='bbox 2402 3420 2669 3490; x_wconf 61' lang='lat' dir='ltr'><strong><em>epistolae.</em></strong></span> <span class='ocrx_word' id='word_1_332' title='bbox 2729 3423 2912 3491; x_wconf 86' lang='lat' dir='ltr'><strong><em>Quare</em></strong></span> <span class='ocrx_word' id='word_1_333' title='bbox 2973 3443 3197 3501; x_wconf 79' lang='lat' dir='ltr'><strong><em>Operam</em></strong></span> <span class='ocrx_word' id='word_1_334' title='bbox 3259 3436 3489 3492; x_wconf 83' lang='lat' dir='ltr'><strong><em>omnino</em></strong></span> 
     </span>
    </p>
   </div>
   <div class='ocr_carea' id='block_1_53' title="bbox 1885 3509 3489 3584">
    <p class='ocr_par' dir='ltr' id='par_1_53' title="bbox 1885 3509 3489 3584">
     <span class='ocr_line' id='line_1_53' title="bbox 1885 3509 3489 3584; baseline 0.014 -22"><span class='ocrx_word' id='word_1_335' title='bbox 1885 3509 2102 3564; x_wconf 75' lang='lat' dir='ltr'><strong><em>videtur</em></strong></span> <span class='ocrx_word' id='word_1_336' title='bbox 2141 3512 2464 3580; x_wconf 83' lang='lat' dir='ltr'><strong><em>perdidisse,</em></strong></span> <span class='ocrx_word' id='word_1_337' title='bbox 2511 3518 2845 3584; x_wconf 66' lang='lat' dir='ltr'><strong><em>praesertim,</em></strong></span> <span class='ocrx_word' id='word_1_338' title='bbox 2885 3536 3011 3576; x_wconf 92' lang='lat' dir='ltr'><strong><em>cum</em></strong></span> <span class='ocrx_word' id='word_1_339' title='bbox 3067 3525 3251 3579; x_wconf 84' lang='lat' dir='ltr'><strong><em>omnia</em></strong></span> <span class='ocrx_word' id='word_1_340' title='bbox 3299 3525 3415 3582; x_wconf 75' lang='lat' dir='ltr'><strong><em>fere</em></strong></span> <span class='ocrx_word' id='word_1_341' title='bbox 3459 3545 3489 3584; x_wconf 88' lang='lat' dir='ltr'><strong><em>a</em></strong></span> 
     </span>
    </p>
   </div>
   <div class='ocr_carea' id='block_1_54' title="bbox 1884 3600 3492 3676">
    <p class='ocr_par' dir='ltr' id='par_1_54' title="bbox 1884 3600 3492 3676">
     <span class='ocr_line' id='line_1_54' title="bbox 1884 3600 3492 3676; baseline 0.014 -22"><span class='ocrx_word' id='word_1_342' title='bbox 1884 3600 2257 3658; x_wconf 80' lang='lat' dir='ltr'><strong><em>Rittershusio</em></strong></span> <span class='ocrx_word' id='word_1_343' title='bbox 2315 3606 2429 3674; x_wconf 88' lang='lat' dir='ltr'><strong><em>jam</em></strong></span> <span class='ocrx_word' id='word_1_344' title='bbox 2473 3617 2656 3664; x_wconf 81' lang='lat' dir='ltr'><strong><em>notata</em></strong></span> <span class='ocrx_word' id='word_1_345' title='bbox 2698 3623 2904 3676; x_wconf 87' lang='lat' dir='ltr'><strong><em>essent,</em></strong></span> <span class='ocrx_word' id='word_1_346' title='bbox 2951 3614 3036 3670; x_wconf 90' lang='lat' dir='ltr'><strong><em>bis</em></strong></span> <span class='ocrx_word' id='word_1_347' title='bbox 3078 3627 3288 3673; x_wconf 90' lang='lat' dir='ltr'><strong><em>tantum</em></strong></span> <span class='ocrx_word' id='word_1_348' title='bbox 3328 3634 3492 3676; x_wconf 78' lang='lat' dir='ltr'><strong><em>exce-</em></strong></span> 
     </span>
    </p>
   </div>
   <div class='ocr_carea' id='block_1_55' title="bbox 1885 3694 2034 3763">
    <p class='ocr_par' dir='ltr' id='par_1_55' title="bbox 1885 3694 2034 3763">
     <span class='ocr_line' id='line_1_55' title="bbox 1885 3694 2034 3763; baseline 0.034 -18"><span class='ocrx_word' id='word_1_349' title='bbox 1885 3694 1992 3763; x_wconf 87' lang='lat' dir='ltr'><strong><em>ptis</em></strong></span> <span class='ocrx_word' id='word_1_350' title='bbox 2019 3711 2034 3750; x_wconf 87' lang='lat'><strong>:</strong></span> 
     </span>
    </p>
   </div>
   <div class='ocr_carea' id='block_1_56' title="bbox 1961 3787 3488 3871">
    <p class='ocr_par' dir='ltr' id='par_1_56' title="bbox 1961 3787 3488 3871">
     <span class='ocr_line' id='line_1_56' title="bbox 1961 3787 3488 3871; baseline 0.014 -32"><span class='ocrx_word' id='word_1_351' title='bbox 1961 3787 2078 3840; x_wconf 84' lang='lat' dir='ltr'><strong><em>Lib.</em></strong></span> <span class='ocrx_word' id='word_1_352' title='bbox 2126 3788 2166 3844; x_wconf 89' lang='lat' dir='ltr'><strong><em>l.</em></strong></span> <span class='ocrx_word' id='word_1_353' title='bbox 2210 3804 2295 3859; x_wconf 88' lang='lat' dir='ltr'><strong><em>ep.</em></strong></span> <span class='ocrx_word' id='word_1_354' title='bbox 2349 3791 2471 3858; x_wconf 74' lang='grc'><strong><em>594,</em></strong></span> <span class='ocrx_word' id='word_1_355' title='bbox 2513 3795 2634 3848; x_wconf 81' lang='lat' dir='ltr'><strong><em>cod.</em></strong></span> <span class='ocrx_word' id='word_1_356' title='bbox 2683 3793 2812 3851; x_wconf 87' lang='lat' dir='ltr'><strong><em>Bav.</em></strong></span> <span class='ocrx_word' id='word_1_357' title='bbox 2869 3799 3194 3871; x_wconf 69' lang='grc' dir='ltr'><strong><em>Ἐκδίκῳ-</em></strong></span> <span class='ocrx_word' id='word_1_358' title='bbox 3221 3805 3308 3859; x_wconf 82' lang='lat' dir='ltr'><strong><em>ed.</em></strong></span> <span class='ocrx_word' id='word_1_359' title='bbox 3348 3804 3488 3861; x_wconf 82' lang='lat' dir='ltr'><strong><em>Ven.</em></strong></span> 
     </span>
    </p>
   </div>
   <div class='ocr_carea' id='block_1_57' title="bbox 1887 3878 3485 3965">
    <p class='ocr_par' dir='ltr' id='par_1_57' title="bbox 1887 3878 3485 3965">
     <span class='ocr_line' id='line_1_57' title="bbox 1887 3878 3485 3965; baseline 0.013 -33"><span class='ocrx_word' id='word_1_360' title='bbox 1887 3878 2129 3935; x_wconf 88' lang='lat' dir='ltr'><strong><em>Ecdicio.</em></strong></span> <span class='ocrx_word' id='word_1_361' title='bbox 2159 3912 2228 3922; x_wconf 88' lang='lat'>—</span> <span class='ocrx_word' id='word_1_362' title='bbox 2267 3883 2360 3938; x_wconf 87' lang='lat' dir='ltr'><strong><em>lib.</em></strong></span> <span class='ocrx_word' id='word_1_363' title='bbox 2408 3883 2469 3938; x_wconf 90' lang='lat' dir='ltr'><strong><em>ll.</em></strong></span> <span class='ocrx_word' id='word_1_364' title='bbox 2518 3901 2607 3955; x_wconf 88' lang='lat' dir='ltr'><strong><em>ep.</em></strong></span> <span class='ocrx_word' id='word_1_365' title='bbox 2655 3889 2776 3943; x_wconf 87' lang='grc'><strong>109.</strong></span> <span class='ocrx_word' id='word_1_366' title='bbox 2821 3888 2950 3944; x_wconf 82' lang='lat' dir='ltr'><strong><em>Dav.</em></strong></span> <span class='ocrx_word' id='word_1_367' title='bbox 2990 3894 3220 3965; x_wconf 63' lang='grc' dir='ltr'><strong><em>Μαρῶν.</em></strong></span> <span class='ocrx_word' id='word_1_368' title='bbox 3247 3927 3317 3936; x_wconf 86' lang='grc'><strong><em>--</em></strong></span> <span class='ocrx_word' id='word_1_369' title='bbox 3349 3897 3485 3953; x_wconf 75' lang='lat' dir='ltr'><strong><em>Ven.</em></strong></span> 
     </span>
    </p>
   </div>
   <div class='ocr_carea' id='block_1_58' title="bbox 1888 3971 3485 4057">
    <p class='ocr_par' dir='ltr' id='par_1_58' title="bbox 1888 3971 3485 4057">
     <span class='ocr_line' id='line_1_58' title="bbox 1888 3971 3485 4057; baseline 0.014 -33"><span class='ocrx_word' id='word_1_370' title='bbox 1888 3971 2088 4027; x_wconf 80' lang='lat' dir='ltr'><strong><em>Marco.</em></strong></span> <span class='ocrx_word' id='word_1_371' title='bbox 2123 3974 2302 4028; x_wconf 88' lang='lat' dir='ltr'><strong><em>—-lib.</em></strong></span> <span class='ocrx_word' id='word_1_372' title='bbox 2327 3975 2501 4045; x_wconf 81' lang='lat' dir='ltr'><strong><em>ILep.</em></strong></span> <span class='ocrx_word' id='word_1_373' title='bbox 2528 3978 2648 4032; x_wconf 77' lang='grc'><strong>161.</strong></span> <span class='ocrx_word' id='word_1_374' title='bbox 2686 3979 2813 4034; x_wconf 83' lang='lat' dir='ltr'><strong><em>Bav.</em></strong></span> <span class='ocrx_word' id='word_1_375' title='bbox 2860 3981 3208 4057; x_wconf 75' lang='grc' dir='ltr'><strong><em>Ἀφροδισίῳ.</em></strong></span> <span class='ocrx_word' id='word_1_376' title='bbox 3243 4018 3314 4027; x_wconf 91' lang='lat'><strong><em>—-</em></strong></span> <span class='ocrx_word' id='word_1_377' title='bbox 3347 3988 3485 4046; x_wconf 76' lang='lat' dir='ltr'><strong><em>Ven.</em></strong></span> 
     </span>
    </p>
   </div>
   <div class='ocr_carea' id='block_1_59' title="bbox 1886 4059 3485 4150">
    <p class='ocr_par' dir='ltr' id='par_1_59' title="bbox 1886 4059 3485 4150">
     <span class='ocr_line' id='line_1_59' title="bbox 1886 4059 3485 4150; baseline 0.013 -38"><span class='ocrx_word' id='word_1_378' title='bbox 1886 4059 2170 4128; x_wconf 78' lang='lat' dir='ltr'><strong><em>Apbras’lo.</em></strong></span> <span class='ocrx_word' id='word_1_379' title='bbox 2206 4093 2277 4106; x_wconf 86' lang='lat'><strong><em>—-</em></strong></span> <span class='ocrx_word' id='word_1_380' title='bbox 2305 4064 2399 4118; x_wconf 89' lang='lat' dir='ltr'><strong><em>lib.</em></strong></span> <span class='ocrx_word' id='word_1_381' title='bbox 2432 4064 2494 4120; x_wconf 89' lang='lat' dir='ltr'><strong><em>ll.</em></strong></span> <span class='ocrx_word' id='word_1_382' title='bbox 2531 4083 2618 4137; x_wconf 85' lang='lat' dir='ltr'><strong><em>ep.</em></strong></span> <span class='ocrx_word' id='word_1_383' title='bbox 2658 4068 2785 4124; x_wconf 64' lang='lat'><strong><em>“235.</em></strong></span> <span class='ocrx_word' id='word_1_384' title='bbox 2830 4070 2958 4126; x_wconf 79' lang='lat' dir='ltr'><strong><em>Bav.</em></strong></span> <span class='ocrx_word' id='word_1_385' title='bbox 3004 4075 3203 4148; x_wconf 57' lang='lat' dir='ltr'><strong><em>[huius</em></strong></span> <span class='ocrx_word' id='word_1_386' title='bbox 3249 4079 3485 4150; x_wconf 72' lang='grc' dir='ltr'><strong><em>πρεσϐυ·</em></strong></span> 
     </span>
    </p>
   </div>
   <div class='ocr_carea' id='block_1_60' title="bbox 1885 4153 2824 4224">
    <p class='ocr_par' dir='ltr' id='par_1_60' title="bbox 1885 4153 2824 4224">
     <span class='ocr_line' id='line_1_60' title="bbox 1885 4153 2824 4224; baseline 0.012 -19"><span class='ocrx_word' id='word_1_387' title='bbox 1885 4153 2032 4224; x_wconf 80' lang='grc' dir='ltr'>τέρῳ</span> <span class='ocrx_word' id='word_1_388' title='bbox 2080 4186 2126 4195; x_wconf 89' lang='lat'><strong><em>-—</em></strong></span> <span class='ocrx_word' id='word_1_389' title='bbox 2150 4153 2288 4209; x_wconf 85' lang='lat' dir='ltr'><strong><em>Ven.</em></strong></span> <span class='ocrx_word' id='word_1_390' title='bbox 2324 4156 2587 4212; x_wconf 88' lang='lat' dir='ltr'><strong><em>llermino</em></strong></span> <span class='ocrx_word' id='word_1_391' title='bbox 2618 4163 2824 4216; x_wconf 85' lang='lat' dir='ltr'><strong><em>comiti.</em></strong></span> 
     </span>
    </p>
   </div>
   <div class='ocr_carea' id='block_1_61' title="bbox 1957 4242 3616 4330">
    <p class='ocr_par' dir='ltr' id='par_1_61' title="bbox 1957 4242 3616 4330">
     <span class='ocr_line' id='line_1_61' title="bbox 1957 4242 3616 4330; baseline 0.017 -35"><span class='ocrx_word' id='word_1_392' title='bbox 1957 4242 2096 4298; x_wconf 82' lang='lat' dir='ltr'><strong><em>tluic</em></strong></span> <span class='ocrx_word' id='word_1_393' title='bbox 2139 4260 2270 4299; x_wconf 84' lang='lat' dir='ltr'><strong><em>vero</em></strong></span> <span class='ocrx_word' id='word_1_394' title='bbox 2309 4247 2448 4302; x_wconf 91' lang='lat' dir='ltr'><strong><em>libro</em></strong></span> <span class='ocrx_word' id='word_1_395' title='bbox 2481 4255 2856 4323; x_wconf 85' lang='lat' dir='ltr'><strong><em>manuscripto</em></strong></span> <span class='ocrx_word' id='word_1_396' title='bbox 2889 4256 3082 4313; x_wconf 89' lang='lat' dir='ltr'><strong><em>similis</em></strong></span> <span class='ocrx_word' id='word_1_397' title='bbox 3120 4272 3206 4315; x_wconf 84' lang='lat' dir='ltr'><strong><em>est</em></strong></span> <span class='ocrx_word' id='word_1_398' title='bbox 3240 4264 3489 4330; x_wconf 78' lang='lat' dir='ltr'><strong><em>ejusdem</em></strong></span> <span class='ocrx_word' id='word_1_399' title='bbox 3604 4285 3616 4302; x_wconf 80' lang='lat'><strong>&#39;</strong></span> 
     </span>
    </p>
   </div>
   <div class='ocr_carea' id='block_1_62' title="bbox 1886 4333 3488 4413">
    <p class='ocr_par' dir='ltr' id='par_1_62' title="bbox 1886 4333 3488 4413">
     <span class='ocr_line' id='line_1_62' title="bbox 1886 4333 3488 4413; baseline 0.016 -28"><span class='ocrx_word' id='word_1_400' title='bbox 1886 4333 2229 4389; x_wconf 67' lang='lat' dir='ltr'><strong><em>bibliothecae</em></strong></span> <span class='ocrx_word' id='word_1_401' title='bbox 2279 4338 2400 4392; x_wconf 87' lang='lat' dir='ltr'><strong><em>cod.</em></strong></span> <span class='ocrx_word' id='word_1_402' title='bbox 2449 4339 2533 4404; x_wconf 86' lang='lat' dir='ltr'><strong><em>L..</em></strong></span> <span class='ocrx_word' id='word_1_403' title='bbox 2593 4342 2645 4396; x_wconf 90' lang='lat' dir='ltr'><strong><em>in</em></strong></span> <span class='ocrx_word' id='word_1_404' title='bbox 2698 4359 2808 4413; x_wconf 83' lang='lat' dir='ltr'><strong><em>quo</em></strong></span> <span class='ocrx_word' id='word_1_405' title='bbox 2849 4345 2976 4401; x_wconf 86' lang='lat' dir='ltr'><strong><em>inde</em></strong></span> <span class='ocrx_word' id='word_1_406' title='bbox 3021 4366 3048 4401; x_wconf 81' lang='lat' dir='ltr'><strong><em>a</em></strong></span> <span class='ocrx_word' id='word_1_407' title='bbox 3091 4350 3184 4405; x_wconf 81' lang='lat' dir='ltr'><strong><em>fol.</em></strong></span> <span class='ocrx_word' id='word_1_408' title='bbox 3223 4355 3328 4410; x_wconf 66' lang='grc'><strong><em>219</em></strong></span> <span class='ocrx_word' id='word_1_409' title='bbox 3379 4375 3488 4412; x_wconf 70' lang='lat' dir='ltr'><strong><em>ca:-</em></strong></span> 
     </span>
    </p>
   </div>
   <div class='ocr_carea' id='block_1_63' title="bbox 1887 4432 3486 4522">
    <p class='ocr_par' dir='ltr' id='par_1_63' title="bbox 1887 4432 3486 4522">
     <span class='ocr_line' id='line_1_63' title="bbox 1887 4432 3486 4522; baseline 0.014 -36"><span class='ocrx_word' id='word_1_410' title='bbox 1887 4432 2012 4487; x_wconf 85' lang='lat' dir='ltr'><strong><em>dem</em></strong></span> <span class='ocrx_word' id='word_1_411' title='bbox 2039 4443 2255 4489; x_wconf 80' lang='lat' dir='ltr'><strong><em>exstant</em></strong></span> <span class='ocrx_word' id='word_1_412' title='bbox 2284 4436 2475 4492; x_wconf 88' lang='lat' dir='ltr'><strong><em>lsidori</em></strong></span> <span class='ocrx_word' id='word_1_413' title='bbox 2509 4454 2634 4510; x_wconf 88' lang='lat' dir='ltr'><strong><em>epp.</em></strong></span> <span class='ocrx_word' id='word_1_414' title='bbox 2673 4441 2930 4501; x_wconf 90' lang='lat' dir='ltr'><strong><em>llardtius</em></strong></span> <span class='ocrx_word' id='word_1_415' title='bbox 2953 4450 3102 4503; x_wconf 89' lang='lat' dir='ltr'><strong><em>enim</em></strong></span> <span class='ocrx_word' id='word_1_416' title='bbox 3132 4451 3166 4504; x_wconf 91' lang='grc' dir='ltr'><strong><em>Ι.</em></strong></span> <span class='ocrx_word' id='word_1_417' title='bbox 3208 4452 3239 4505; x_wconf 91' lang='lat' dir='ltr'><strong><em>l.</em></strong></span> <span class='ocrx_word' id='word_1_418' title='bbox 3279 4470 3330 4522; x_wconf 93' lang='lat' dir='ltr'><strong><em>p.</em></strong></span> <span class='ocrx_word' id='word_1_419' title='bbox 3358 4455 3486 4516; x_wconf 75' lang='lat'><strong><em>977.</em></strong></span> 
     </span>
    </p>
   </div>
   <div class='ocr_carea' id='block_1_64' title="bbox 1886 4525 3486 4615">
    <p class='ocr_par' dir='ltr' id='par_1_64' title="bbox 1886 4525 3486 4615">
     <span class='ocr_line' id='line_1_64' title="bbox 1886 4525 3486 4615; baseline 0.015 -37"><span class='ocrx_word' id='word_1_420' title='bbox 1886 4525 2065 4592; x_wconf 87' lang='lat' dir='ltr'><strong><em>Quum</em></strong></span> <span class='ocrx_word' id='word_1_421' title='bbox 2120 4530 2189 4583; x_wconf 80' lang='lat' dir='ltr'><strong><em>ab</em></strong></span> <span class='ocrx_word' id='word_1_422' title='bbox 2247 4529 2326 4586; x_wconf 56' lang='lat' dir='ltr'><strong><em>iis.</em></strong></span> <span class='ocrx_word' id='word_1_423' title='bbox 2374 4531 2572 4601; x_wconf 85' lang='lat' dir='ltr'><strong><em>inquit.</em></strong></span> <span class='ocrx_word' id='word_1_424' title='bbox 2615 4553 2737 4605; x_wconf 63' lang='lat' dir='ltr'><strong><em>quas</em></strong></span> <span class='ocrx_word' id='word_1_425' title='bbox 2783 4539 2836 4592; x_wconf 91' lang='lat' dir='ltr'><strong><em>in</em></strong></span> <span class='ocrx_word' id='word_1_426' title='bbox 2878 4543 3000 4598; x_wconf 90' lang='lat' dir='ltr'><strong><em>cod.</em></strong></span> <span class='ocrx_word' id='word_1_427' title='bbox 3053 4544 3139 4598; x_wconf 79' lang='grc'><strong><em>49.</em></strong></span> <span class='ocrx_word' id='word_1_428' title='bbox 3191 4545 3486 4615; x_wconf 77' lang='lat' dir='ltr'><strong><em>habentur,</em></strong></span> 
     </span>
    </p>
   </div>
   <div class='ocr_carea' id='block_1_65' title="bbox 1887 4621 3490 4710">
    <p class='ocr_par' dir='ltr' id='par_1_65' title="bbox 1887 4621 3490 4710">
     <span class='ocr_line' id='line_1_65' title="bbox 1887 4621 3490 4710; baseline 0.014 -37"><span class='ocrx_word' id='word_1_429' title='bbox 1887 4636 1999 4674; x_wconf 92' lang='lat' dir='ltr'><strong><em>non</em></strong></span> <span class='ocrx_word' id='word_1_430' title='bbox 2042 4621 2326 4686; x_wconf 72' lang='lat' dir='ltr'><strong><em>dill‘erant,</em></strong></span> <span class='ocrx_word' id='word_1_431' title='bbox 2380 4625 2637 4682; x_wconf 86' lang='lat' dir='ltr'><strong><em>lectorem</em></strong></span> <span class='ocrx_word' id='word_1_432' title='bbox 2689 4630 2762 4684; x_wconf 88' lang='lat' dir='ltr'><strong><em>ibi</em></strong></span> <span class='ocrx_word' id='word_1_433' title='bbox 2812 4633 3031 4690; x_wconf 90' lang='lat' dir='ltr'><strong><em>remitto</em></strong></span> <span class='ocrx_word' id='word_1_434' title='bbox 3081 4637 3234 4706; x_wconf 89' lang='lat' dir='ltr'><strong><em>plura</em></strong></span> <span class='ocrx_word' id='word_1_435' title='bbox 3287 4643 3490 4710; x_wconf 71' lang='grc' dir='ltr'><strong><em>(ιυωεὶ-</em></strong></span> 
     </span>
    </p>
   </div>
   <div class='ocr_carea' id='block_1_66' title="bbox 1891 4725 2097 4770">
    <p class='ocr_par' dir='ltr' id='par_1_66' title="bbox 1891 4725 2097 4770">
     <span class='ocr_line' id='line_1_66' title="bbox 1891 4725 2097 4770; baseline -0.015 0"><span class='ocrx_word' id='word_1_436' title='bbox 1891 4725 2097 4770; x_wconf 88' lang='lat' dir='ltr'><strong><em>turum.</em></strong></span> 
     </span>
    </p>
   </div>
   <div class='ocr_carea' id='block_1_67' title="bbox 194 4806 3490 4888">
    <p class='ocr_par' dir='ltr' id='par_1_67' title="bbox 194 4806 3490 4888">
     <span class='ocr_line' id='line_1_67' title="bbox 194 4806 3490 4888; baseline 0.005 -26"><span class='ocrx_word' id='word_1_437' title='bbox 194 4811 333 4875; x_wconf 79' lang='lat' dir='ltr'><strong><em>quit.</em></strong></span> <span class='ocrx_word' id='word_1_438' title='bbox 366 4813 549 4861; x_wconf 81' lang='lat' dir='ltr'><strong><em>charta</em></strong></span> <span class='ocrx_word' id='word_1_439' title='bbox 584 4808 751 4861; x_wconf 82' lang='lat' dir='ltr'><strong><em>solida</em></strong></span> <span class='ocrx_word' id='word_1_440' title='bbox 786 4816 834 4860; x_wconf 89' lang='lat' dir='ltr'><strong><em>et</em></strong></span> <span class='ocrx_word' id='word_1_441' title='bbox 857 4806 1000 4871; x_wconf 74' lang='lat' dir='ltr'><strong><em>ltevi,</em></strong></span> <span class='ocrx_word' id='word_1_442' title='bbox 1038 4807 1206 4859; x_wconf 85' lang='lat' dir='ltr'><strong><em>titulis</em></strong></span> <span class='ocrx_word' id='word_1_443' title='bbox 1253 4815 1300 4860; x_wconf 86' lang='lat' dir='ltr'><strong><em>et</em></strong></span> <span class='ocrx_word' id='word_1_444' title='bbox 1340 4807 1632 4862; x_wconf 85' lang='lat' dir='ltr'><strong><em>initialibus</em></strong></span> <span class='ocrx_word' id='word_1_445' title='bbox 1676 4810 1777 4861; x_wconf 60' lang='lat' dir='ltr'><strong><em>mi.</em></strong></span> <span class='ocrx_word' id='word_1_446' title='bbox 1807 4816 1848 4872; x_wconf 72' lang='grc' dir='ltr'>α</span> <span class='ocrx_word' id='word_1_447' title='bbox 1953 4809 2224 4862; x_wconf 73' lang='lat' dir='ltr'><strong><em>Caeterum</em></strong></span> <span class='ocrx_word' id='word_1_448' title='bbox 2261 4824 2290 4861; x_wconf 85' lang='lat' dir='ltr'><strong><em>a</em></strong></span> <span class='ocrx_word' id='word_1_449' title='bbox 2331 4807 2556 4864; x_wconf 83' lang='lat' dir='ltr'><strong><em>llardtio</em></strong></span> <span class='ocrx_word' id='word_1_450' title='bbox 2597 4814 2827 4871; x_wconf 89' lang='lat' dir='ltr'><strong><em>edoctus</em></strong></span> <span class='ocrx_word' id='word_1_451' title='bbox 2865 4835 2988 4888; x_wconf 68' lang='lat' dir='ltr'><strong><em>quae</em></strong></span> <span class='ocrx_word' id='word_1_452' title='bbox 3035 4820 3490 4879; x_wconf 73' lang='lat' dir='ltr'><strong><em>Moritcfalcouius</em></strong></span> 
     </span>
    </p>
   </div>
   <div class='ocr_carea' id='block_1_68' title="bbox 195 4898 1780 4969">
    <p class='ocr_par' dir='ltr' id='par_1_68' title="bbox 195 4898 1780 4969">
     <span class='ocr_line' id='line_1_68' title="bbox 195 4898 1780 4969; baseline -0.001 -15"><span class='ocrx_word' id='word_1_453' title='bbox 195 4902 374 4965; x_wconf 68' lang='lat' dir='ltr'><strong><em>uictis,</em></strong></span> <span class='ocrx_word' id='word_1_454' title='bbox 409 4899 595 4953; x_wconf 78' lang='lat' dir='ltr'><strong><em>litteris</em></strong></span> <span class='ocrx_word' id='word_1_455' title='bbox 626 4899 841 4952; x_wconf 74' lang='lat' dir='ltr'><strong><em>minutis</em></strong></span> <span class='ocrx_word' id='word_1_456' title='bbox 883 4906 931 4951; x_wconf 87' lang='lat' dir='ltr'><strong><em>et</em></strong></span> <span class='ocrx_word' id='word_1_457' title='bbox 975 4898 1320 4969; x_wconf 81' lang='lat' dir='ltr'><strong><em>elegantibus,</em></strong></span> <span class='ocrx_word' id='word_1_458' title='bbox 1344 4915 1460 4951; x_wconf 82' lang='lat' dir='ltr'><strong><em>cum</em></strong></span> <span class='ocrx_word' id='word_1_459' title='bbox 1501 4903 1780 4953; x_wconf 74' lang='lat' dir='ltr'><strong><em>correctio-</em></strong></span> 
     </span>
    </p>
   </div>
   <div class='ocr_carea' id='block_1_69' title="bbox 199 4985 1784 5059">
    <p class='ocr_par' dir='ltr' id='par_1_69' title="bbox 199 4985 1784 5059">
     <span class='ocr_line' id='line_1_69' title="bbox 199 4985 1784 5059; baseline 0 -17"><span class='ocrx_word' id='word_1_460' title='bbox 199 4993 344 5043; x_wconf 73' lang='lat' dir='ltr'><strong><em>uibus</em></strong></span> <span class='ocrx_word' id='word_1_461' title='bbox 377 4989 776 5059; x_wconf 77' lang='lat' dir='ltr'><strong><em>marginalibus,</em></strong></span> <span class='ocrx_word' id='word_1_462' title='bbox 811 4987 1045 5057; x_wconf 74' lang='lat' dir='ltr'><strong><em>iit-folio,</em></strong></span> <span class='ocrx_word' id='word_1_463' title='bbox 1077 5004 1109 5039; x_wconf 90' lang='lat' dir='ltr'><strong><em>a</em></strong></span> <span class='ocrx_word' id='word_1_464' title='bbox 1157 4986 1310 5039; x_wconf 83' lang='lat' dir='ltr'><strong><em>Petro</em></strong></span> <span class='ocrx_word' id='word_1_465' title='bbox 1350 4985 1623 5042; x_wconf 80' lang='lat' dir='ltr'><strong><em>Carneade</em></strong></span> <span class='ocrx_word' id='word_1_466' title='bbox 1661 4990 1784 5058; x_wconf 56' lang='lat' dir='ltr'><strong><em>Epic</em></strong></span> 
     </span>
    </p>
   </div>
   <div class='ocr_carea' id='block_1_70' title="bbox 199 5080 1783 5153">
    <p class='ocr_par' dir='ltr' id='par_1_70' title="bbox 199 5080 1783 5153">
     <span class='ocr_line' id='line_1_70' title="bbox 199 5080 1783 5153; baseline -0.001 -15"><span class='ocrx_word' id='word_1_467' title='bbox 199 5087 386 5138; x_wconf 66' lang='grc' dir='ltr'><strong><em>εἰσιήο</em></strong></span> <span class='ocrx_word' id='word_1_468' title='bbox 441 5083 658 5137; x_wconf 75' lang='lat' dir='ltr'><strong><em>l&#39;enetiis</em></strong></span> <span class='ocrx_word' id='word_1_469' title='bbox 707 5092 990 5141; x_wconf 72' lang='lat' dir='ltr'><strong><em>exoratus.</em></strong></span> <span class='ocrx_word' id='word_1_470' title='bbox 1030 5098 1150 5135; x_wconf 68' lang='grc' dir='ltr'><strong><em>κως.</em></strong></span> <span class='ocrx_word' id='word_1_471' title='bbox 1201 5080 1339 5145; x_wconf 68' lang='grc' dir='ltr'><strong><em>Χνι,</em></strong></span> <span class='ocrx_word' id='word_1_472' title='bbox 1391 5083 1634 5153; x_wconf 79' lang='lat' dir='ltr'><strong><em>[oliorum</em></strong></span> <span class='ocrx_word' id='word_1_473' title='bbox 1686 5102 1783 5136; x_wconf 85' lang='lat' dir='ltr'><strong><em>nu—</em></strong></span> 
     </span>
    </p>
   </div>
   <div class='ocr_carea' id='block_1_71' title="bbox 203 5175 1785 5244">
    <p class='ocr_par' dir='ltr' id='par_1_71' title="bbox 203 5175 1785 5244">
     <span class='ocr_line' id='line_1_71' title="bbox 203 5175 1785 5244; baseline 0.001 -15"><span class='ocrx_word' id='word_1_474' title='bbox 203 5194 340 5230; x_wconf 77' lang='lat' dir='ltr'><strong><em>mero</em></strong></span> <span class='ocrx_word' id='word_1_475' title='bbox 369 5176 490 5239; x_wconf 70' lang='grc'><strong><em>420,</em></strong></span> <span class='ocrx_word' id='word_1_476' title='bbox 520 5177 712 5244; x_wconf 85' lang='lat' dir='ltr'><strong><em>optime</em></strong></span> <span class='ocrx_word' id='word_1_477' title='bbox 751 5184 1088 5228; x_wconf 82' lang='lat' dir='ltr'><strong><em>conservatus</em></strong></span> <span class='ocrx_word' id='word_1_478' title='bbox 1119 5184 1168 5226; x_wconf 88' lang='lat' dir='ltr'><strong><em>et</em></strong></span> <span class='ocrx_word' id='word_1_479' title='bbox 1208 5175 1512 5242; x_wconf 86' lang='lat' dir='ltr'><strong><em>inscriptus.</em></strong></span> <span class='ocrx_word' id='word_1_480' title='bbox 1553 5195 1569 5225; x_wconf 69' lang='grc' dir='ltr'><strong><em>ι</em></strong></span> <span class='ocrx_word' id='word_1_481' title='bbox 1598 5176 1785 5230; x_wconf 78' lang='lat' dir='ltr'><strong><em>Conti-</em></strong></span> 
     </span>
    </p>
   </div>
   <div class='ocr_carea' id='block_1_72' title="bbox 203 5280 728 5325">
    <p class='ocr_par' dir='ltr' id='par_1_72' title="bbox 203 5280 728 5325">
     <span class='ocr_line' id='line_1_72' title="bbox 203 5280 728 5325; baseline -0.002 -3"><span class='ocrx_word' id='word_1_482' title='bbox 203 5283 396 5325; x_wconf 75' lang='lat' dir='ltr'><strong><em>nentur</em></strong></span> <span class='ocrx_word' id='word_1_483' title='bbox 417 5280 596 5324; x_wconf 85' lang='lat' dir='ltr'><strong><em>autem</em></strong></span> <span class='ocrx_word' id='word_1_484' title='bbox 625 5283 694 5324; x_wconf 87' lang='lat' dir='ltr'><strong><em>eo</em></strong></span> <span class='ocrx_word' id='word_1_485' title='bbox 716 5286 728 5320; x_wconf 93' lang='lat'>:</span> 
     </span>
    </p>
   </div>
   <div class='ocr_carea' id='block_1_73' title="bbox 721 5335 1260 5393">
    <p class='ocr_par' dir='ltr' id='par_1_73' title="bbox 721 5335 1260 5393">
     <span class='ocr_line' id='line_1_73' title="bbox 721 5335 1260 5393; baseline 0.002 -1"><span class='ocrx_word' id='word_1_486' title='bbox 721 5337 816 5392; x_wconf 81' lang='lat' dir='ltr'><strong><em>fol.</em></strong></span> <span class='ocrx_word' id='word_1_487' title='bbox 852 5354 888 5391; x_wconf 89' lang='lat' dir='ltr'><strong><em>I.</em></strong></span> <span class='ocrx_word' id='word_1_488' title='bbox 925 5367 991 5379; x_wconf 88' lang='lat'><strong><em>--</em></strong></span> <span class='ocrx_word' id='word_1_489' title='bbox 1015 5335 1106 5391; x_wconf 83' lang='lat' dir='ltr'><strong><em>fol.</em></strong></span> <span class='ocrx_word' id='word_1_490' title='bbox 1139 5335 1260 5393; x_wconf 81' lang='grc'><strong><em>175.</em></strong></span> 
     </span>
    </p>
   </div>
   <div class='ocr_carea' id='block_1_74' title="bbox 273 5429 1783 5500">
    <p class='ocr_par' dir='ltr' id='par_1_74' title="bbox 273 5429 1783 5500">
     <span class='ocr_line' id='line_1_74' title="bbox 273 5429 1783 5500; baseline -0.003 -13"><span class='ocrx_word' id='word_1_491' title='bbox 273 5454 292 5486; x_wconf 73' lang='grc' dir='ltr'>ι</span> <span class='ocrx_word' id='word_1_492' title='bbox 342 5433 650 5487; x_wconf 69' lang='grc' dir='ltr'><strong><em>Ἐπιστολαὶ</em></strong></span> <span class='ocrx_word' id='word_1_493' title='bbox 683 5431 781 5484; x_wconf 74' lang='grc' dir='ltr'><strong><em>τοῦ</em></strong></span> <span class='ocrx_word' id='word_1_494' title='bbox 799 5431 957 5497; x_wconf 80' lang='grc' dir='ltr'>ἁγίου</span> <span class='ocrx_word' id='word_1_495' title='bbox 993 5429 1263 5498; x_wconf 76' lang='grc' dir='ltr'><strong><em>Ἰσιδὼρου</em></strong></span> <span class='ocrx_word' id='word_1_496' title='bbox 1291 5429 1381 5483; x_wconf 77' lang='grc' dir='ltr'><strong><em>τοῦ</em></strong></span> <span class='ocrx_word' id='word_1_497' title='bbox 1406 5431 1783 5500; x_wconf 72' lang='grc' dir='ltr'><strong><em>Πηλουσιὼτου</em></strong></span> 
     </span>
    </p>
   </div>
   <div class='ocr_carea' id='block_1_75' title="bbox 203 5523 1785 5599">
    <p class='ocr_par' dir='ltr' id='par_1_75' title="bbox 203 5523 1785 5599">
     <span class='ocr_line' id='line_1_75' title="bbox 203 5523 1785 5599; baseline 0 -23"><span class='ocrx_word' id='word_1_498' title='bbox 203 5528 276 5590; x_wconf 74' lang='grc' dir='ltr'><strong><em>εἰς</em></strong></span> <span class='ocrx_word' id='word_1_499' title='bbox 321 5525 416 5598; x_wconf 73' lang='grc' dir='ltr'><strong><em>τὴν</em></strong></span> <span class='ocrx_word' id='word_1_500' title='bbox 458 5524 764 5599; x_wconf 74' lang='grc' dir='ltr'><strong><em>ἑρμηνείαν</em></strong></span> <span class='ocrx_word' id='word_1_501' title='bbox 810 5523 910 5591; x_wconf 81' lang='grc' dir='ltr'><strong><em>τῆς</em></strong></span> <span class='ocrx_word' id='word_1_502' title='bbox 949 5523 1099 5587; x_wconf 78' lang='grc' dir='ltr'><strong><em>Θείας</em></strong></span> <span class='ocrx_word' id='word_1_503' title='bbox 1134 5523 1355 5593; x_wconf 74' lang='grc' dir='ltr'><strong><em>Γραφῆς</em></strong></span> <span class='ocrx_word' id='word_1_504' title='bbox 1391 5524 1518 5594; x_wconf 74' lang='grc' dir='ltr'>περὶ</span> <span class='ocrx_word' id='word_1_505' title='bbox 1561 5527 1655 5593; x_wconf 80' lang='grc' dir='ltr'><strong><em>τῆς</em></strong></span> <span class='ocrx_word' id='word_1_506' title='bbox 1692 5525 1785 5578; x_wconf 65' lang='grc' dir='ltr'><strong><em>τοῦ</em></strong></span> 
     </span>
    </p>
   </div>
   <div class='ocr_carea' id='block_1_76' title="bbox 209 5613 1785 5691">
    <p class='ocr_par' dir='ltr' id='par_1_76' title="bbox 209 5613 1785 5691">
     <span class='ocr_line' id='line_1_76' title="bbox 209 5613 1785 5691; baseline 0 -21"><span class='ocrx_word' id='word_1_507' title='bbox 209 5619 389 5683; x_wconf 54' lang='lat' dir='ltr'><strong><em>meo;</em></strong></span> <span class='ocrx_word' id='word_1_508' title='bbox 415 5617 791 5691; x_wconf 73' lang='grc' dir='ltr'><strong><em>δημιουργίας</em></strong></span> <span class='ocrx_word' id='word_1_509' title='bbox 832 5617 913 5676; x_wconf 82' lang='grc' dir='ltr'><strong><em>εἰς</em></strong></span> <span class='ocrx_word' id='word_1_510' title='bbox 957 5613 1046 5666; x_wconf 77' lang='grc' dir='ltr'><strong><em>τὸν</em></strong></span> <span class='ocrx_word' id='word_1_511' title='bbox 1097 5616 1361 5682; x_wconf 77' lang='grc' dir='ltr'><strong><em>στέφανον</em></strong></span> <span class='ocrx_word' id='word_1_512' title='bbox 1395 5617 1648 5669; x_wconf 73' lang='grc' dir='ltr'><strong><em>ἐνιαυτοῦ</em></strong></span> <span class='ocrx_word' id='word_1_513' title='bbox 1695 5620 1785 5670; x_wconf 73' lang='grc' dir='ltr'>καὶ</span> 
     </span>
    </p>
   </div>
   <div class='ocr_carea' id='block_1_77' title="bbox 204 5706 1785 5783">
    <p class='ocr_par' dir='ltr' id='par_1_77' title="bbox 204 5706 1785 5783">
     <span class='ocr_line' id='line_1_77' title="bbox 204 5706 1785 5783; baseline 0.001 -22"><span class='ocrx_word' id='word_1_514' title='bbox 204 5713 372 5783; x_wconf 68' lang='grc' dir='ltr'><strong><em>τροχοῦ</em></strong></span> <span class='ocrx_word' id='word_1_515' title='bbox 400 5715 700 5782; x_wconf 73' lang='grc' dir='ltr'><strong><em>γενέσεως.</em></strong></span> <span class='ocrx_word' id='word_1_516' title='bbox 733 5737 803 5751; x_wconf 89' lang='lat'><strong>--</strong></span> <span class='ocrx_word' id='word_1_517' title='bbox 837 5706 980 5759; x_wconf 82' lang='lat' dir='ltr'><strong><em>Sunt</em></strong></span> <span class='ocrx_word' id='word_1_518' title='bbox 1021 5721 1143 5774; x_wconf 89' lang='lat' dir='ltr'><strong><em>epp.</em></strong></span> <span class='ocrx_word' id='word_1_519' title='bbox 1183 5706 1304 5770; x_wconf 75' lang='lat'><strong><em>659,</em></strong></span> <span class='ocrx_word' id='word_1_520' title='bbox 1339 5723 1568 5776; x_wconf 88' lang='lat' dir='ltr'><strong><em>quarum</em></strong></span> <span class='ocrx_word' id='word_1_521' title='bbox 1615 5709 1785 5777; x_wconf 87' lang='lat' dir='ltr'><strong><em>prima</em></strong></span> 
     </span>
    </p>
   </div>
   <div class='ocr_carea' id='block_1_78' title="bbox 195 5795 1782 5874">
    <p class='ocr_par' dir='ltr' id='par_1_78' title="bbox 195 5795 1782 5874">
     <span class='ocr_line' id='line_1_78' title="bbox 195 5795 1782 5874; baseline -0.008 -11"><span class='ocrx_word' id='word_1_522' title='bbox 195 5805 251 5862; x_wconf 71' lang='lat' dir='ltr'><strong><em>ad</em></strong></span> <span class='ocrx_word' id='word_1_523' title='bbox 275 5805 534 5865; x_wconf 69' lang='lat' dir='ltr'><strong><em>[siderum</em></strong></span> <span class='ocrx_word' id='word_1_524' title='bbox 561 5802 924 5874; x_wconf 78' lang='lat' dir='ltr'><strong><em>episcopum,</em></strong></span> <span class='ocrx_word' id='word_1_525' title='bbox 954 5795 1138 5850; x_wconf 85' lang='lat' dir='ltr'><strong><em>ultima</em></strong></span> <span class='ocrx_word' id='word_1_526' title='bbox 1171 5797 1235 5851; x_wconf 86' lang='lat' dir='ltr'><strong><em>ad</em></strong></span> <span class='ocrx_word' id='word_1_527' title='bbox 1266 5795 1488 5852; x_wconf 80' lang='lat' dir='ltr'><strong><em>Paulum</em></strong></span> <span class='ocrx_word' id='word_1_528' title='bbox 1522 5798 1644 5853; x_wconf 87' lang='lat' dir='ltr'><strong><em>data</em></strong></span> <span class='ocrx_word' id='word_1_529' title='bbox 1670 5808 1782 5864; x_wconf 85' lang='lat' dir='ltr'><strong><em>est;</em></strong></span> 
     </span>
    </p>
   </div>
   <div class='ocr_carea' id='block_1_79' title="bbox 1887 4897 3492 4967">
    <p class='ocr_par' dir='ltr' id='par_1_79' title="bbox 1887 4897 3492 4967">
     <span class='ocr_line' id='line_1_79' title="bbox 1887 4897 3492 4967; baseline 0.007 -10"><span class='ocrx_word' id='word_1_530' title='bbox 1887 4907 1939 4957; x_wconf 88' lang='lat' dir='ltr'><strong><em>in</em></strong></span> <span class='ocrx_word' id='word_1_531' title='bbox 1975 4898 2109 4952; x_wconf 84' lang='lat' dir='ltr'><strong><em>Bibl.</em></strong></span> <span class='ocrx_word' id='word_1_532' title='bbox 2145 4897 2267 4950; x_wconf 86' lang='lat' dir='ltr'><strong><em>bibl.</em></strong></span> <span class='ocrx_word' id='word_1_533' title='bbox 2303 4913 2355 4967; x_wconf 89' lang='lat' dir='ltr'><strong><em>p.</em></strong></span> <span class='ocrx_word' id='word_1_534' title='bbox 2393 4898 2517 4953; x_wconf 85' lang='lat'><strong><em>588.</em></strong></span> <span class='ocrx_word' id='word_1_535' title='bbox 2556 4900 2616 4955; x_wconf 88' lang='grc' dir='ltr'>Ε.</span> <span class='ocrx_word' id='word_1_536' title='bbox 2656 4919 2712 4956; x_wconf 82' lang='grc' dir='ltr'><strong><em>ιι.</em></strong></span> <span class='ocrx_word' id='word_1_537' title='bbox 2751 4921 2869 4959; x_wconf 78' lang='lat' dir='ltr'><strong><em>xcv.</em></strong></span> <span class='ocrx_word' id='word_1_538' title='bbox 2894 4917 2949 4961; x_wconf 93' lang='lat' dir='ltr'><strong><em>et</em></strong></span> <span class='ocrx_word' id='word_1_539' title='bbox 2982 4925 3118 4962; x_wconf 75' lang='lat' dir='ltr'><strong><em>xcvr.</em></strong></span> <span class='ocrx_word' id='word_1_540' title='bbox 3163 4911 3229 4965; x_wconf 90' lang='lat' dir='ltr'><strong><em>de</em></strong></span> <span class='ocrx_word' id='word_1_541' title='bbox 3276 4913 3492 4967; x_wconf 69' lang='lat' dir='ltr'><strong><em>duwlzus</em></strong></span> 
     </span>
    </p>
   </div>
   <div class='ocr_carea' id='block_1_80' title="bbox 1889 4990 3491 5073">
    <p class='ocr_par' dir='ltr' id='par_1_80' title="bbox 1889 4990 3491 5073">
     <span class='ocr_line' id='line_1_80' title="bbox 1889 4990 3491 5073; baseline 0.009 -26"><span class='ocrx_word' id='word_1_542' title='bbox 1889 4994 1973 5048; x_wconf 86' lang='lat' dir='ltr'><strong><em>bis</em></strong></span> <span class='ocrx_word' id='word_1_543' title='bbox 2019 4991 2174 5046; x_wconf 87' lang='lat' dir='ltr'><strong><em>codd.</em></strong></span> <span class='ocrx_word' id='word_1_544' title='bbox 2213 4990 2432 5044; x_wconf 78' lang='lat' dir='ltr'><strong><em>tradidit</em></strong></span> <span class='ocrx_word' id='word_1_545' title='bbox 2479 4993 2617 5047; x_wconf 82' lang='lat' dir='ltr'><strong><em>t&#39;acili</em></strong></span> <span class='ocrx_word' id='word_1_546' title='bbox 2669 5011 2834 5064; x_wconf 84' lang='lat' dir='ltr'><strong><em>opera</em></strong></span> <span class='ocrx_word' id='word_1_547' title='bbox 2884 5008 2941 5054; x_wconf 81' lang='lat' dir='ltr'><strong><em>et</em></strong></span> <span class='ocrx_word' id='word_1_548' title='bbox 2982 5002 3240 5072; x_wconf 86' lang='lat' dir='ltr'><strong><em>supplere</em></strong></span> <span class='ocrx_word' id='word_1_549' title='bbox 3284 5007 3491 5073; x_wconf 80' lang='lat' dir='ltr'><strong><em>poteris</em></strong></span> 
     </span>
    </p>
   </div>
   <div class='ocr_carea' id='block_1_81' title="bbox 1888 5083 3490 5165">
    <p class='ocr_par' dir='ltr' id='par_1_81' title="bbox 1888 5083 3490 5165">
     <span class='ocr_line' id='line_1_81' title="bbox 1888 5083 3490 5165; baseline 0.01 -29"><span class='ocrx_word' id='word_1_550' title='bbox 1888 5096 1942 5139; x_wconf 85' lang='lat' dir='ltr'><strong><em>et</em></strong></span> <span class='ocrx_word' id='word_1_551' title='bbox 1989 5083 2280 5152; x_wconf 68' lang='lat' dir='ltr'><strong><em>corrigere.</em></strong></span> <span class='ocrx_word' id='word_1_552' title='bbox 2323 5114 2390 5123; x_wconf 89' lang='lat'><strong><em>——-</em></strong></span> <span class='ocrx_word' id='word_1_553' title='bbox 2429 5083 2512 5137; x_wconf 81' lang='lat' dir='ltr'><strong><em>Cf.</em></strong></span> <span class='ocrx_word' id='word_1_554' title='bbox 2565 5084 2752 5140; x_wconf 85' lang='lat' dir='ltr'><strong><em>llarles</em></strong></span> <span class='ocrx_word' id='word_1_555' title='bbox 2802 5090 2866 5142; x_wconf 86' lang='lat' dir='ltr'><strong><em>ad</em></strong></span> <span class='ocrx_word' id='word_1_556' title='bbox 2916 5088 3076 5146; x_wconf 85' lang='lat' dir='ltr'><strong><em>Fabr.</em></strong></span> <span class='ocrx_word' id='word_1_557' title='bbox 3131 5093 3268 5147; x_wconf 80' lang='lat' dir='ltr'><strong><em>Bibl.</em></strong></span> <span class='ocrx_word' id='word_1_558' title='bbox 3329 5112 3490 5165; x_wconf 75' lang='lat' dir='ltr'><strong><em>grwc.</em></strong></span> 
     </span>
    </p>
   </div>
   <div class='ocr_carea' id='block_1_82' title="bbox 1890 5173 2911 5242">
    <p class='ocr_par' dir='ltr' id='par_1_82' title="bbox 1890 5173 2911 5242">
     <span class='ocr_line' id='line_1_82' title="bbox 1890 5173 2911 5242; baseline 0.006 -15"><span class='ocrx_word' id='word_1_559' title='bbox 1890 5176 1993 5227; x_wconf 73' lang='lat'><strong><em>\‘0&#39;.</em></strong></span> <span class='ocrx_word' id='word_1_560' title='bbox 2029 5174 2096 5228; x_wconf 72' lang='grc' dir='ltr'><strong><em>Χ.</em></strong></span> <span class='ocrx_word' id='word_1_561' title='bbox 2133 5189 2249 5242; x_wconf 76' lang='lat' dir='ltr'><strong><em>pag.</em></strong></span> <span class='ocrx_word' id='word_1_562' title='bbox 2277 5173 2400 5236; x_wconf 61' lang='lat'><strong><em>489.,</em></strong></span> <span class='ocrx_word' id='word_1_563' title='bbox 2440 5174 2534 5227; x_wconf 87' lang='lat' dir='ltr'><strong><em>lin.</em></strong></span> <span class='ocrx_word' id='word_1_564' title='bbox 2571 5177 2605 5228; x_wconf 73' lang='grc'><strong>2</strong></span> <span class='ocrx_word' id='word_1_565' title='bbox 2632 5207 2700 5215; x_wconf 93' lang='lat'><strong><em>-—-</em></strong></span> <span class='ocrx_word' id='word_1_566' title='bbox 2725 5179 2822 5231; x_wconf 93' lang='lat' dir='ltr'><strong><em>lin.</em></strong></span> <span class='ocrx_word' id='word_1_567' title='bbox 2861 5182 2911 5233; x_wconf 90' lang='lat'><strong><em>7.</em></strong></span> 
     </span>
    </p>
   </div>
   <div class='ocr_carea' id='block_1_83' title="bbox 1965 5263 3490 5328">
    <p class='ocr_par' dir='ltr' id='par_1_83' title="bbox 1965 5263 3490 5328">
     <span class='ocr_line' id='line_1_83' title="bbox 1965 5263 3490 5328; baseline 0.009 -13"><span class='ocrx_word' id='word_1_568' title='bbox 1965 5263 2173 5315; x_wconf 79' lang='lat' dir='ltr'><strong><em>Dicenti</em></strong></span> <span class='ocrx_word' id='word_1_569' title='bbox 2216 5279 2343 5312; x_wconf 67' lang='lat' dir='ltr'><strong><em>vero</em></strong></span> <span class='ocrx_word' id='word_1_570' title='bbox 2385 5264 2514 5315; x_wconf 78' lang='lat' dir='ltr'><strong><em>milii</em></strong></span> <span class='ocrx_word' id='word_1_571' title='bbox 2559 5265 2624 5316; x_wconf 86' lang='lat' dir='ltr'><strong><em>de</em></strong></span> <span class='ocrx_word' id='word_1_572' title='bbox 2684 5263 3038 5323; x_wconf 77' lang='lat' dir='ltr'><strong><em>Rittersliusii</em></strong></span> <span class='ocrx_word' id='word_1_573' title='bbox 3087 5271 3274 5324; x_wconf 86' lang='lat' dir='ltr'><strong><em>codice</em></strong></span> <span class='ocrx_word' id='word_1_574' title='bbox 3320 5272 3490 5328; x_wconf 85' lang='lat' dir='ltr'><strong><em>Bava-</em></strong></span> 
     </span>
    </p>
   </div>
   <div class='ocr_carea' id='block_1_84' title="bbox 1893 5349 3492 5421">
    <p class='ocr_par' dir='ltr' id='par_1_84' title="bbox 1893 5349 3492 5421">
     <span class='ocr_line' id='line_1_84' title="bbox 1893 5349 3492 5421; baseline 0.01 -21"><span class='ocrx_word' id='word_1_575' title='bbox 1893 5351 2004 5404; x_wconf 74' lang='lat' dir='ltr'><strong><em>nico</em></strong></span> <span class='ocrx_word' id='word_1_576' title='bbox 2054 5351 2210 5405; x_wconf 70' lang='lat' dir='ltr'><strong><em>liccat</em></strong></span> <span class='ocrx_word' id='word_1_577' title='bbox 2251 5349 2414 5402; x_wconf 84' lang='lat' dir='ltr'><strong><em>etiam</em></strong></span> <span class='ocrx_word' id='word_1_578' title='bbox 2463 5354 2598 5406; x_wconf 68' lang='lat' dir='ltr'><strong><em>alios</em></strong></span> <span class='ocrx_word' id='word_1_579' title='bbox 2645 5356 2890 5421; x_wconf 75' lang='lat' dir='ltr'><strong><em>ejusdem</em></strong></span> <span class='ocrx_word' id='word_1_580' title='bbox 2942 5359 3287 5415; x_wconf 67' lang='lat' dir='ltr'><strong><em>bibliotheca:</em></strong></span> <span class='ocrx_word' id='word_1_581' title='bbox 3338 5378 3492 5416; x_wconf 79' lang='lat' dir='ltr'><strong><em>emn-</em></strong></span> 
     </span>
    </p>
   </div>
   <div class='ocr_carea' id='block_1_85' title="bbox 1892 5438 3491 5517">
    <p class='ocr_par' dir='ltr' id='par_1_85' title="bbox 1892 5438 3491 5517">
     <span class='ocr_line' id='line_1_85' title="bbox 1892 5438 3491 5517; baseline 0.01 -26"><span class='ocrx_word' id='word_1_582' title='bbox 1892 5454 2191 5492; x_wconf 83' lang='lat' dir='ltr'><strong><em>tm-morare</em></strong></span> <span class='ocrx_word' id='word_1_583' title='bbox 2245 5438 2410 5491; x_wconf 78' lang='lat' dir='ltr'><strong><em>libros</em></strong></span> <span class='ocrx_word' id='word_1_584' title='bbox 2469 5445 2908 5511; x_wconf 76' lang='lat' dir='ltr'><strong><em>manuscriptos,</em></strong></span> <span class='ocrx_word' id='word_1_585' title='bbox 2952 5448 3004 5499; x_wconf 84' lang='lat' dir='ltr'><strong><em>in</em></strong></span> <span class='ocrx_word' id='word_1_586' title='bbox 3054 5450 3252 5517; x_wconf 75' lang='lat' dir='ltr'><strong><em>quibus</em></strong></span> <span class='ocrx_word' id='word_1_587' title='bbox 3299 5450 3491 5507; x_wconf 54' lang='lat' dir='ltr'><strong><em>Isidori</em></strong></span> 
     </span>
    </p>
   </div>
   <div class='ocr_carea' id='block_1_86' title="bbox 1889 5532 2825 5602">
    <p class='ocr_par' dir='ltr' id='par_1_86' title="bbox 1889 5532 2825 5602">
     <span class='ocr_line' id='line_1_86' title="bbox 1889 5532 2825 5602; baseline 0.006 -17"><span class='ocrx_word' id='word_1_588' title='bbox 1889 5532 2241 5599; x_wconf 39' lang='lat' dir='ltr'><strong><em>epistularum</em></strong></span> <span class='ocrx_word' id='word_1_589' title='bbox 2274 5542 2463 5585; x_wconf 63' lang='lat' dir='ltr'><strong><em>extant</em></strong></span> <span class='ocrx_word' id='word_1_590' title='bbox 2507 5536 2825 5602; x_wconf 65' lang='lat' dir='ltr'><strong><em>l&#39;ragmcnla.</em></strong></span> 
     </span>
    </p>
   </div>
   <div class='ocr_carea' id='block_1_87' title="bbox 1961 5621 3493 5699">
    <p class='ocr_par' dir='ltr' id='par_1_87' title="bbox 1961 5621 3493 5699">
     <span class='ocr_line' id='line_1_87' title="bbox 1961 5621 3493 5699; baseline 0.011 -30"><span class='ocrx_word' id='word_1_591' title='bbox 1961 5622 2093 5672; x_wconf 71' lang='lat' dir='ltr'><strong><em>(lod.</em></strong></span> <span class='ocrx_word' id='word_1_592' title='bbox 2124 5637 2389 5674; x_wconf 72' lang='lat' dir='ltr'><strong><em>etzLxxvn.</em></strong></span> <span class='ocrx_word' id='word_1_593' title='bbox 2432 5621 2521 5675; x_wconf 76' lang='lat' dir='ltr'><strong><em>fol.</em></strong></span> <span class='ocrx_word' id='word_1_594' title='bbox 2569 5626 2692 5677; x_wconf 73' lang='lat'><strong><em>53:2.</em></strong></span> <span class='ocrx_word' id='word_1_595' title='bbox 2727 5627 2833 5678; x_wconf 76' lang='grc' dir='ltr'>Ἰὀῦ</span> <span class='ocrx_word' id='word_1_596' title='bbox 2869 5629 3030 5694; x_wconf 70' lang='grc' dir='ltr'>ἁγίου</span> <span class='ocrx_word' id='word_1_597' title='bbox 3080 5629 3351 5699; x_wconf 69' lang='grc' dir='ltr'><strong><em>Ἰσιὶὼρω</em></strong></span> <span class='ocrx_word' id='word_1_598' title='bbox 3397 5630 3493 5686; x_wconf 66' lang='grc' dir='ltr'><strong><em>τοῦ</em></strong></span> 
     </span>
    </p>
   </div>
   <div class='ocr_carea' id='block_1_88' title="bbox 1890 5714 3489 5791">
    <p class='ocr_par' dir='ltr' id='par_1_88' title="bbox 1890 5714 3489 5791">
     <span class='ocr_line' id='line_1_88' title="bbox 1890 5714 3489 5791; baseline 0.008 -26"><span class='ocrx_word' id='word_1_599' title='bbox 1890 5714 2273 5781; x_wconf 43' lang='lat' dir='ltr'><strong><em>“nisus-shy.)</em></strong></span> <span class='ocrx_word' id='word_1_600' title='bbox 2338 5717 2630 5786; x_wconf 67' lang='grc' dir='ltr'><strong><em>ἁπόκρισς</em></strong></span> <span class='ocrx_word' id='word_1_601' title='bbox 2674 5722 2799 5789; x_wconf 78' lang='grc' dir='ltr'>περὶ</span> <span class='ocrx_word' id='word_1_602' title='bbox 2842 5721 2939 5788; x_wconf 77' lang='grc' dir='ltr'><strong><em>τῆς</em></strong></span> <span class='ocrx_word' id='word_1_603' title='bbox 2986 5720 3351 5791; x_wconf 63' lang='grc' dir='ltr'><strong><em>βραχιιῖωγέας</em></strong></span> <span class='ocrx_word' id='word_1_604' title='bbox 3399 5728 3489 5778; x_wconf 71' lang='grc' dir='ltr'><strong><em>τοῦ</em></strong></span> 
     </span>
    </p>
   </div>
   <div class='ocr_carea' id='block_1_89' title="bbox 1897 5803 3377 5874">
    <p class='ocr_par' dir='ltr' id='par_1_89' title="bbox 1897 5803 3377 5874">
     <span class='ocr_line' id='line_1_89' title="bbox 1897 5803 3377 5874; baseline 0.007 -17"><span class='ocrx_word' id='word_1_605' title='bbox 1897 5803 2087 5873; x_wconf 61' lang='grc' dir='ltr'><strong><em>Πάτερ</em></strong></span> <span class='ocrx_word' id='word_1_606' title='bbox 2120 5804 2385 5874; x_wconf 53' lang='grc' dir='ltr'><strong><em>ἠμᾶλπ-</em></strong></span> <span class='ocrx_word' id='word_1_607' title='bbox 2424 5809 2494 5863; x_wconf 75' lang='lat' dir='ltr'><strong><em>t‘l.</em></strong></span> <span class='ocrx_word' id='word_1_608' title='bbox 2526 5808 2713 5865; x_wconf 76' lang='lat' dir='ltr'><strong><em>Ilartlt.</em></strong></span> <span class='ocrx_word' id='word_1_609' title='bbox 2751 5811 2785 5865; x_wconf 92' lang='grc' dir='ltr'><strong>Ι.</strong></span> <span class='ocrx_word' id='word_1_610' title='bbox 2820 5812 2854 5866; x_wconf 90' lang='lat' dir='ltr'><strong><em>l.</em></strong></span> <span class='ocrx_word' id='word_1_611' title='bbox 2893 5811 3006 5867; x_wconf 68' lang='lat' dir='ltr'><strong><em>Vol.</em></strong></span> <span class='ocrx_word' id='word_1_612' title='bbox 3039 5815 3124 5868; x_wconf 86' lang='lat' dir='ltr'><strong><em>lll.</em></strong></span> <span class='ocrx_word' id='word_1_613' title='bbox 3166 5832 3217 5872; x_wconf 71' lang='grc' dir='ltr'><strong><em>ι).</em></strong></span> <span class='ocrx_word' id='word_1_614' title='bbox 3259 5817 3377 5870; x_wconf 59' lang='lat' dir='ltr'><strong><em>HIS.</em></strong></span> 
     </span>
    </p>
   </div>
  </div>
