4150 6432
758 390 831 455 55
1736 381 1837 443 AD
1873 379 2179 441 PARTEM
2215 376 2275 436 ιι
2308 375 2325 435 ί

2424 365 2976 432 [MENTATIONIS
3926 345 4010 408 56

824 499 958 556 Cod.
1003 513 1269 553 cccuxw.
1313 493 1577 566 Ἰσιδὼρου
1619 493 1712 548 τοῦ
1764 491 2139 563 Πηλουσιὼτου
2190 488 2316 559 περὶ

2424 491 2553 560 plut.
2592 487 2678 543 86.
2723 491 2937 538 exstare
2980 477 3226 533 alllrmat.
3264 485 3490 542 quarum
3529 465 3796 536 duplicem
3837 462 4009 566 del-eat

753 593 849 663 τῆς
881 591 973 644 τοῦ
1005 591 1252 658 Σωτῆρος
1284 589 1438 659 ἡμῶν
1469 589 1830 648 ἀναστάσεως.
1864 617 1933 625 —

825 680 944 733 lnit.
970 679 1102 731 Λίαν
1141 678 1405 748 Οαυμάζω
1429 679 1521 731 καὶ
1573 678 1943 745 ὲκπλήττομαι
1972 704 2038 712 ——

824 772 942 824 Fin.
965 803 1031 811 —-
1065 770 1136 840 μὴ
1170 770 1522 840 ἠληθευκέναι
1546 768 2011 839 διισχυριζόμενοι.

759 861 838 918 et.
867 861 1056 914 Hardt.
1080 861 1114 915 l.
1145 861 1180 914 ι.
1215 860 1318 915 vol.
1344 877 1414 922 ιν,
1445 877 1478 930 p
1539 861 1660 913 ISI.

1327 971 1524 1027 Schotti
1552 971 1743 1026 Codex.

825 1087 913 1142 Uti
953 1085 1253 1143 Chatardus
1301 1096 1354 1141 et
1396 1083 1907 1141 Rittershusius,ita
1952 1079 2210 1134 Schottus
2249 1076 2317 1131 de

754 1179 957 1244 codice,
993 1189 1099 1248 quo
1139 1195 1268 1233 usus
1292 1189 1393 1236 est.
1423 1175 1680 1231 Vaticano
1705 1172 1840 1229 nihil
1867 1173 2019 1228 dixit.

1096 1292 1361 1345 Fraucisci
1394 1291 1608 1344 Arcadii
1634 1290 1833 1343 codices
1863 1304 1972 1342 sex.

824 1379 1114 1434 Vaticanus
1146 1381 1270 1435 649.

822 1471 1110 1528 Vaticanus
1137 1469 1258 1524 650.

819 1559 1087 1613 Ᾱῐιωηιείε
1123 1560 1170 1612 l.

819 1649 1094 1704 Altzrmsis
1117 1649 1172 1704 2.

822 1737 1146 1805 Slortiauus,
1180 1739 1270 1809 qui
1305 1737 1448 1795 Idem
1473 1737 1702 1795 forsitan
1732 1748 1815 1794 est
1836 1750 1995 1810 atque
2028 1738 2136 1803 ille,
2158 1752 2317 1806 quem

752 1827 1219 1894 Montelalconius,
1248 1830 1462 1886 codices
1503 1831 1801 1888 Cardinalis
1834 1832 2048 1887 Slortite
2090 1845 2316 1885 enume—

753 1937 897 1985 rans,
928 1952 996 1961 —
1024 1922 1092 1976 cl.
1132 1921 1318 1991 Ejusd.
1344 1921 1480 1976 Bibl.
1526 1922 1647 1976 bibl.
1686 1939 1737 1992 p.
1772 1923 1897 1987 699,
1941 1923 2002 1977 D.
2032 1952 2101 1962 —
2126 1921 2317 1976 Isidori

751 2028 874 2082 epp.
896 2013 982 2068 58.
1007 2014 1283 2068 continere
1309 2014 1543 2068 tradidit.
1567 2013 1830 2070 Caeterum
1866 2017 1917 2069 in
1947 2016 2054 2068 alio
2076 2013 2317 2082 ejusdem

753 2103 1092 2158 bibliothecae
1121 2104 1490 2174 manuscripto
1518 2114 1728 2159 exstant
1751 2105 2034 2160 Pelusiotae
2052 2104 2118 2159 ad
2143 2101 2320 2158 Theo-

752 2203 1003 2264 gnostum
1041 2195 1412 2265 presbyter-um
1460 2196 1527 2249 de
1575 2195 1754 2250 triduo
1793 2194 2222 2255 resurrectionis.
2264 2202 2320 2248 et

752 2286 820 2340 ad
863 2284 1206 2339 Timotheum
1237 2285 1494 2339 lectorem
1525 2286 1592 2340 de
1624 2288 1812 2342 eadem
1841 2301 1900 2341 re
1932 2286 2197 2357 epistola.
2233 2284 2316 2339 Cl.

755 2376 1060 2433 Montefalc.
1092 2378 1130 2432 I.
1157 2379 1196 2431 l.
1230 2394 1283 2447 p.
1313 2377 1438 2441 699,
1472 2376 1532 2431 Β.

823 2467 1150 2524 Barberinus
1178 2469 1231 2522 6.

824 2559 899 2615 De
924 2560 1175 2616 omnibus
1205 2561 1287 2615 his
1316 2575 1415 2615 nos
1447 2576 1662 2629 quoque
1690 2561 1996 2615 accuratius
2024 2575 2182 2632 agere
2209 2574 2319 2617 non

757 2667 1062 2722 possumus,
1090 2653 1214 2720 quia
1247 2651 1438 2706 Petrus
1469 2647 1745 2717 Possinus,
1773 2655 1864 2722 qui
1896 2652 2115 2708 Arcudii
2153 2651 2321 2708 edidit

754 2742 1089 2806 eullationes,
1119 2759 1190 2797 ne
1213 2745 1380 2798 verbo
1409 2743 1627 2812 quidem
1651 2743 1769 2798 illos
1801 2744 2118 2814 descripsit;
2145 2758 2321 2812 neque

755 2835 811 2890 ln
851 2835 969 2889 aliis
1019 2831 1266 2889 codicum
1311 2834 1566 2905 catalogis
1612 2835 1829 2890 eosdem
1873 2843 2323 2890 commemoratos

755 2926 1084 2981 invenimus.

965 3037 1137 3094 Codex
1167 3038 1484 3094 bibliotheca:
1518 3038 1817 3096 Cardinalis
1844 3036 2086 3096 Ottoboru'

757 3155 1000 3248 continet
1039 3152 1226 3207 lsidori
1265 3152 1522 3224 epistotas
1565 3153 1636 3207 Μ.
1659 3183 1726 3193 -
1756 3153 1839 3208 Cl‘.
1886 3151 2073 3208 Montt'.
2121 3153 2157 3206 ι.
2193 3153 2228 3206 1.
2264 3168 2317 3222 ρ.
2347 3190 2392 3248 C

758 3238 862 3294 I85
889 3240 954 3293 Α.

1028 3329 1201 3385 Codex
1230 3331 1530 3384 monasterii
1555 3330 1762 3403 Cryptc
1793 3328 2036 3384 Ferrato:

757 3436 902 3475 anno
937 3421 1041 3475 986
1070 3429 1191 3490 post
1237 3419 1512 3476 Christum
1551 3421 1802 3490 scriptus,
1848 3423 2094 3477 continet
2132 3421 2322 3476 Isidori

758 3527 887 3581 epp.
911 3512 1046 3566 1600
1063 3503 1170 3576 fel.
1196 3511 1383 3567 Montl.
1406 3512 1444 3569 Ι.
1465 3512 1502 3567 l.
1543 3525 1599 3581 p.
1616 3512 1735 3579 l99,
1753 3511 1811 3566 Β.
1828 3543 1895 3553 -
1912 3513 2164 3582 Ejusdem
2187 3513 2321 3568 diar.

760 3603 878 3658 Ital.
913 3619 966 3672 p.
1000 3603 1122 3657 368.
1149 3633 1214 3644 ——
1250 3603 1502 3674 Ejusdem
1533 3605 1924 3676 Palicographia
1955 3620 2124 3674 gra-ca
2147 3619 2200 3674 p.
2233 3604 2324 3665 ιδ.

757 3707 822 3749 ex
849 3691 936 3748 ed.
967 3692 1083 3747 Par.
1121 3693 1275 3748 1708.

1003 3806 1174 3864 Codex
1200 3808 1250 3859 in
1283 3807 1465 3878 aliqua
1492 3806 1795 3869 bibliotheca
1825 3806 2085 3870 Rom-ma,

760 3921 919 3991 cujus
955 3935 1155 3975 nomen
1197 3920 1396 3975 excidit
1440 3919 1855 3974 Montelalconio
1879 3962 1893 3984 ,
1927 3920 2172 3973 continet
2226 3919 2327 3973 Isi-

759 4010 875 4066 dori
899 4050 912 4068 .
960 4007 1170 4080 Syncsii
1207 4017 1262 4063 et
1305 4008 1516 4063 Libanii
1553 4009 1828 4079 epistolas.
1869 4007 1953 4064 Cl.
1982 4007 2170 4063 Menti.
2213 4007 2252 4062 l.
2287 4009 2322 4061 l.

757 4119 812 4176 ρ.
839 4099 1051 4169 201,0.

1247 4188 1458 4247 Codices
1481 4186 1850 4246 Laurentiani.

831 4303 1129 4360 Bandinius
1174 4303 1230 4357 in
1275 4302 1517 4373 catalogo
1556 4303 1715 4358 codd.
1757 4319 1838 4374 gr.
1891 4304 2022 4358 bibl.
2069 4303 2323 4357 Laurent.

759 4397 866 4450 νοΙ.
899 4395 961 4457 tl,
998 4412 1048 4462 ρ.
1081 4394 1205 4457 606,
1246 4409 1304 4448 ιι.
1334 4409 1453 4448 vm.
1485 4394 1672 4448 codice
1698 4410 1816 4459 xw,
1841 4392 2005 4464 plutei
2041 4391 2135 4447 60»
2163 4394 2328 4449 conti-

759 4489 874 4542 neri
907 4486 1066 4540 tradit
1098 4504 1112 4539 :

831 4579 933 4632 Τοῦ
974 4578 1131 4646 ἁγίου
1178 4576 1449 4648 ἰσιδώρου
1484 4578 1576 4631 τοῦ
1624 4577 2004 4646 Πηλουσιώτου
2048 4579 2328 4632 ἐπιστολαὶ

763 4673 857 4722 σὺν
881 4669 1217 4738 τεχνολογίᾳ.
1244 4666 1383 4720 Sunt
1417 4676 1596 4721 autem
1632 4669 1873 4737 epistola:
1901 4670 2088 4723 decem
2119 4687 2137 4721 τ

833 4761 883 4827 1)
925 4759 1219 4829 Ζηνοδότῳ.
1256 4757 1360 4812 inc.
1394 4759 1454 4810 Ei
1485 4759 1577 4811 καὶ
1599 4757 1720 4811 Νῶε
1757 4759 1856 4826 τῆς
1883 4761 2084 4822 οἰκείας
2109 4789 2174 4800 —-

830 4849 884 4920 2)
921 4849 1188 4918 Ζευσίμῳ.
1223 4849 1328 4901 inc.
1372 4847 1571 4911 Ἡδέως
1603 4847 1668 4901 ἂν
1694 4850 1919 4919 ἐροίμην
1957 4867 2012 4902 σε
2044 4881 2113 4889 —

830 4942 883 5011 '5)
924 4940 1036 4993 Οὐκ
1059 4939 1203 4992 ἐστιν
1229 4939 1444 5006 ἀδελφοί
1471 4940 1754 5010 ἀσκήσεως
1795 4942 2126 5013 πληροφορία
2162 4973 2226 4983 -

830 5032 884 5093 4)
937 5031 992 5082 ’0
1022 5029 1115 5082 τοῦ
1149 5028 1283 5081 Θεοῦ
1313 5030 1488 5098 ἱερεὺς
1515 5031 1700 5099 ἐπειδὴ
1736 5033 1940 5099 ἐγγίζει
1964 5062 2031 5071 ~—

832 5122 884 5191 5)
926 5122 1080 5194 Ζύμῃ
1109 5123 1140 5191 ἡ
1173 5121 1417 5189 βασιλεία
1451 5121 1558 5173 τῶν
1597 5123 1839 5192 οὐρανῶν
1875 5125 2229 5193 ἀφωμοίωται
2262 5155 2331 5166 ~—

833 5213 885 5275 6)
922 5213 1042 5282 Χρὴ
1075 5214 1199 5275 τοὺς
1232 5213 1331 5281 τὴν
1361 5212 1704 5283 ἀνθρωπίνην
1730 5216 2003 5279 εὐγένειαν
2030 5246 2099 5256 --

835 5306 888 5370 Ἱ)
929 5304 1134 5371 Ὠσπερ
1163 5305 1212 5355 οί
1251 5304 1495 5356 ναυτικοὶ
1534 5303 1866 5375 βρώματι-

833 5394 887 5463 8)
931 5395 992 5446 "at
1029 5393 1204 5461 λόγοις
1244 5394 1501 5465 ἐτρώθεις
1526 5426 1594 5435 ..-

833 5486 886 5555 9)
932 5489 1130 5557 Ἀρτος
1151 5490 1179 5540 ὁ
1210 5487 1410 5559 Κύριος
1438 5489 1695 5559 κέκληται
1728 5521 1793 5530 -

840 5579 921 5650 10)
957 5579 1200 5650 Εὑσεόίῳ
1242 5580 1544 5648 ὲπισκόπῳ.
1579 5582 1684 5636 inc.
1733 5583 1990 5635 Ἦδύνασο
2020 5586 2328 5652 ἐπικουρεῖν

767 5674 874 5732 τοῖς
929 5670 1175 5740 βοηθείας
1217 5670 1649 5741 προσδεομένοις.
1693 5673 1835 5727 Idem
1881 5673 2174 5728 Bandinius
2221 5675 2252 5728 l.
2293 5677 2324 5726 l.

773 5764 872 5816 wl.
908 5762 990 5815 III.
1031 5778 1083 5831 p.
1118 5761 1239 5826 9.58,
1279 5778 1330 5815 η.
1363 5779 1430 5816 IV.
1464 5763 1652 5818 Isidori
1683 5779 1803 5834 epp.
1839 5767 1935 5819 ill
1968 5767 2020 5820 in
2056 5766 2175 5822 cod.
2209 5783 2325 5820 vm.

2424 579 2816 636 reccnsionem,
2856 575 3075 626 alteram
3115 565 3409 622 secundum
3468 561 3716 614 ordinem
3761 571 3869 624 quo
3911 553 4004 604 lit-

2420 683 2551 726 tera:
2582 671 2633 723 in
2683 669 2922 722 codicem
2966 662 3311 719 exhibentur,
3345 654 3608 725 appositis
3650 648 4006 719 singularum
4083 648 4085 720 ί

2421 763 2606 824 initiis,
2633 762 2852 814 alteram
2890 755 3184 810 secundum
3215 751 3420 803 litteras
3451 742 3743 815 alphabeti.
3775 767 3846 779 ——
3880 736 4006 792 Ne-

2419 856 2531 911 scio
2552 865 2730 913 autem
2760 866 2888 904 num
2916 849 3004 902 hic
3029 845 3197 901 codex
3229 843 3367 895 idem
3399 839 3486 901 sit,
3514 846 3678 905 atque
3698 833 3804 890 ille.
3823 842 4005 899 quem

2421 942 2869 1020 Nontel’alconips
2900 940 2935 992 I.
2970 939 3003 990 I.
3037 954 3090 1006 p.
3129 932 3243 995 I06,
3268 933 3309 985 Α
3339 931 3390 983 in
3424 927 3613 982 eadem
3655 921 4005 978 bibliotheca

2418 1045 2649 1098 exstare,
2677 1044 2732 1087 et
2760 1018 2878 1102 epp.
2917 1028 3020 1084 3I‘2
3047 1025 3328 1080 continere
3361 1018 3600 1076 tradidit.

2630 1128 2842 1183 Codices
2889 1123 3202 1178 bibliotheca
3237 1118 3297 1172 S.
3330 1115 3502 1170 Marti
3535 1107 3775 1167 Venetiis.

2489 1221 2530 1290 I)
2557 1221 2674 1276 Jam
2697 1219 2878 1272 Sixtus
2905 1213 3164 1270 Senensis
3194 1212 3246 1264 in
3280 1217 3474 1278 quarto
3501 1202 3840 1290 bibliotheca:
3860 1212 4008 1290 san-

2418 1283 2525 1369 cta,
2560 1311 2698 1363 libro
2731 1323 2788 1361 se
2821 1306 3086 1366 codicem,
3121 1297 3306 1353 Isidori
3344 1292 3602 1363 epistolas
3638 1288 3772 1342 1148
3809 1283 4008 1339 conti-

2419 1415 2659 1467 nentem,
2706 1402 2776 1456 ibi
2822 1400 3086 1469 reperisse
3141 1393 3380 1453 tradidit,
3427 1387 3808 1451 eumdemque,
3853 1387 4010 1469 teste

2419 1494 2683 1554 Fabricio,
2741 1468 3207 1545 Montel’alconius,
3258 1485 3310 1536 in
3352 1480 3525 1535 diario
3575 1475 3754 1528 Italico
3790 1487 3846 1540 p.
3899 1468 4006 1528 42,

2419 1587 2616 1644 saeculo
2657 1585 2794 1646 XIV,
2843 1590 3120 1637 exaratum
3166 1587 3496 1631 memorans,
3545 1565 3805 1637 epistolas
3851 1559 4006 1613 I200

2420 1679 2701 1731 continere
2751 1681 3010 1733 testatur;
3049 1667 3373 1736 quibuswm
3429 1657 3678 1712 conferas
3725 1653 4004 1705 librorum

2420 1768 2930 1836 tnanuscriptorum,
2976 1775 3111 1831 quos
3148 1754 3430 1810 Bessarion
3475 1748 3802 1802 Venetorum
3846 1742 4007 1795 dono

2351 1868 2390 1922 Β
2418 1861 2569 1915 dedit
2599 1832 2830 1920 senatui,
2877 1853 3200 1921 catalogum,
3241 1858 3403 1915 quem
3452 1841 3593 1894 idem
3633 1832 4004 1889 Montefalco-

2422 1952 2546 2005 nius
2586 1950 2638 2002 in
2681 1948 2815 2001 Bibl.
2856 1945 2977 1998 bibl.
3008 1959 3062 2012 p.
3090 1938 3328 1994 467-477
3352 1932 3594 1989 exhibet.
3639 1926 4007 2012 Commetnof

2421 2052 2569 2095 ratur
2589 2039 2731 2095 enim
2757 2039 2811 2090 in
2835 2037 2938 2090 hoc
2959 2011 3150 2104 ρζιπδ,
3175 2029 3217 2080 Α
3247 2022 3435 2079 lsidori
3465 2016 3815 2090 epistolarum
3857 2011 4009 2064 1148

2419 2132 2586 2186 codex
2611 2130 2952 2182 chartaceus.
2979 2123 3156 2178 Finito
3186 2128 3368 2172 autem
3392 2116 3496 2168 hoc
3523 2110 3764 2178 catalogo
3788 2122 3840 2177 p.
3863 2105 4003 2166 L77,

2421 2223 2497 2277 l’lx
2533 2232 2702 2284 tanta,
2732 2219 2906 2288 inquit
2943 2210 3407 2271 Montefalconius,
3479 2200 3813 2274 supellectile
3851 2199 4009 2288 hanc

2421 2313 2595 2368 solum
2624 2312 2994 2367 brevissimam
3019 2305 3266 2360 codicum
3302 2309 3485 2354 notam
3517 2293 3761 2360 accipere
3789 2286 3949 2359 potui
3990 2304 4002 2338 :

2499 2424 2516 2456 ι
2553 2403 2734 2459 Codex
2781 2400 2961 2455 saeculi
2993 2395 3134 2450 XIV.
3193 2387 3503 2445 Ἐπιστολαὶ
3540 2385 3632 2438 τοῦ
3679 2382 3832 2449 ἁγίου
3868 2379 4010 2430 Ἰσι-

2420 2494 2592 2563 δώρου
2618 2492 2713 2546 τοῦ
2742 2486 3119 2560 Πηλουσιώτου
3149 2485 3227 2544 εἰς
3265 2481 3364 2546 τὴν
3401 2464 3691 2548 ἑρμήνείαν
3718 2471 3813 2538 τῆς
3840 2465 4006 2528 Θείας

2419 2588 2659 2658 Γραφῆςο
2686 2587 2812 2658 περὶ
2839 2587 2938 2655 τῆς
2964 2581 3055 2634 τυῦ
3085 2578 3282 2640 παντδς
3297 2570 3673 2644 δημιουργίας.
3691 2563 4010 2658 -—.lnitium

2420 2652 2660 2742 epistola!
2690 2652 2876 2741 prima!
2895 2652 2978 2724 rest
3007 2666 3192 2733 ἐπειδὴ
3232 2662 3489 2717 κυκλικόν
3534 2661 3648 2710 ἐστι
3682 2653 3775 2708 τοῦ
3797 2652 4008 2722 χρόνου

2419 2764 2480 2816 τὺ
2507 2763 2688 2832 σχῆμα
2719 2792 2784 2800 ——
2815 2762 2940 2829 (hoc
2977 2758 3140 2812 etiam
3175 2755 3241 2808 ab
3283 2753 3436 2805 Sixto
3482 2747 3712 2803 Senensi
3746 2752 4005 2798 notatum

2423 2854 2566 2921 luit.)
2591 2883 2658 2893 —
2688 2851 2940 2921 Epistolas
2969 2849 3149 2919 igitur,
3176 2846 3248 2899 ita
3269 2843 3412 2898 enim
3435 2838 3628 2910 pergit,
3655 2835 3722 2890 ad
3749 2835 4009 2889 diversos

2425 2948 2603 3002 missa:
2628 2960 2856 3000 numero
2896 2941 3026 2996 l9.00
3055 2954 3172 3009 qua:
3205 2937 3269 2990 ad
3304 2930 3802 3002 interpretationem
3825 2939 4009 2979 sacrae

2424 3039 2714 3107 Scriptura-
2740 3034 3046 3095 conferunt,
3064 3027 3361 3084 secundum
3383 3022 3629 3078 ordinem
3656 3018 3920 3072 librorum
3948 3022 4012 3068 et

2430 3145 2677 3185 versuum
2695 3127 2758 3180 V.
2778 3138 2831 3181 et
2849 3125 2915 3179 Ν.
2941 3124 3003 3177 Τ.
3024 3123 3244 3192 digesta
3273 3125 3418 3173 sunt.
3485 3112 3619 3170 Cum
3647 3119 3826 3165 autem
3853 3109 4010 3161 inter

2427 3218 2614 3274 Isidori
2653 3215 2930 3286 epistolas,
2951 3226 3070 3281 qua:
3089 3210 3155 3264 ad
3189 3216 3269 3261 ter
3297 3206 3444 3260 mille
3471 3217 3616 3256 cusas
3643 3214 3791 3257 sunt.
3810 3197 4008 3251 multa:

2425 3309 2478 3362 iu
2501 3305 2851 3377 eaplanandis
2879 3317 3047 3356 sacra:
3079 3298 3372 3367 Scriptura:
3395 3292 3530 3347 locis
3555 3300 3857 3346 versentur.
3884 3302 4006 3340 non

2424 3401 2596 3455 ausim
2633 3398 2813 3452 dicere
2842 3393 3058 3448 easdem
3099 3397 3192 3442 aut
3219 3388 3460 3442 diversas
3491 3398 3613 3436 esse
3644 3380 3711 3434 ab
3749 3379 3835 3440 iis,
3875 3391 4009 3445 quae

2428 3492 2479 3545 in
2517 3491 2619 3544 isto
2665 3487 2853 3541 codice
2896 3489 3232 3551 comparent.
3273 3496 3291 3528 ι
3332 3475 3605 3530 Hactenus
3641 3466 4008 3524 Montclalco-

2426 3584 2568 3637 nius.
2611 3578 2887 3633 Fabricius
2911 3591 3040 3628 vero
3066 3588 3129 3627 ex
3162 3569 3366 3625 codicis
3397 3566 3571 3623 initio.
3597 3562 3782 3630 ἑπειδὴ
3811 3559 4010 3612 κυκλι-

2425 3677 2520 3728 κόν
2549 3673 2662 3724 ἐστι
2690 3699 2758 3710 -
2787 3667 2951 3737 quud,
2980 3665 3055 3717 uti
3078 3665 3185 3730 jam
3217 3676 3245 3714 a
3268 3658 3446 3713 Caveo
3479 3665 3722 3711 notatum
3748 3651 3838 3720 sit,
3864 3647 4007 3702 nulli

2424 3783 2489 3823 ex
2521 3765 2679 3821 editis
2709 3768 2989 3832 congruat,
3026 3757 3207 3826 plures
3248 3755 3302 3808 in
3330 3755 3435 3807 hoc
3468 3749 3653 3805 codice
3687 3747 3858 3800 latere
3896 3741 4008 3795 Isi-

2426 3858 2542 3914 dori
2590 3854 2848 3924 epistolas
2887 3851 3066 3904 adhuc
3105 3847 3338 3902 ineditas
3371 3841 3602 3911 collegit.
3649 3837 3754 3890 Sed
3798 3833 4011 3924 erravit

2428 3951 2510 4005 vir
2535 3922 2733 4014 alioqui
2774 3951 2962 3998 cautus-
2992 3949 3046 3994 ct
3071 3939 3318 4008 diligens.
3356 3933 3567 3987 Etenim
3612 3927 3741 3982 illud
3772 3935 3855 3980 est
3883 3922 4011 4014 ini-

2429 4042 2562 4095 tium
2599 4012 2784 4108 primte
2820 4033 2940 4086 libri
2971 4030 3145 4101 quarti
3183 4027 3462 4098 epistulae;
3497 4021 3640 4092 quod
3665 4019 3776 4087 jam
3817 4031 3846 4069 ι
3879 4012 4010 4108 Ilit-

2431 4106 2702 4184 tershusio
2731 4125 2782 4177 in
2815 4133 2941 4176 nota
2976 4121 3042 4176 ad
3077 4123 3215 4174 hanc
3238 4116 3518 4187 epistolam
3553 4109 3788 4166 secunda
3828 4106 4012 4160 adno-

2429 4227 2599 4274 tatum
2625 4217 2803 4276 video,
2839 4215 2892 4266 in
2927 4229 3030 4282 qua
3064 4212 3174 4274 ille,
3205 4209 3260 4263 Id
3285 4207 3439 4270 mihi,
3464 4204 3660 4273 inquit,
3687 4201 3818 4254 satis
3841 4213 4009 4267 argu-

2429 4308 2596 4362 menti
2625 4316 2709 4360 est
2742 4313 2941 4374 praeter
2981 4303 3106 4366 alia,
3143 4315 3263 4370 qua:
3290 4296 3435 4354 domi
3472 4293 3666 4354 habeo.
3707 4305 3772 4344 ex
3813 4287 4009 4342 codice

2431 4399 2523 4452 illo
2558 4395 2766 4451 Veneto
2791 4393 3128 4455 Bavaricum,
3158 4391 3301 4445 unde
3343 4389 3441 4443 has
3466 4383 3722 4454 epistolas
3745 4381 4010 4450 deprom-

2434 4500 2550 4558 ptas
2583 4487 2784 4557 publici
2815 4485 2952 4553 juris
2999 4482 3154 4553 primi
3201 4481 3446 4538 fecimus.
3489 4474 3821 4544 descriptum
3857 4486 4007 4526 esse.

2432 4581 2607 4647 Quare
2653 4588 2706 4632 et
2756 4579 2808 4630 in
2853 4574 3109 4631 editionis
3155 4589 3265 4628 suae
3314 4571 3468 4626 titulo
3509 4566 3698 4621 excudi
3748 4562 4005 4618 curavit:

2437 4695 2453 4725 ί
2489 4673 2723 4739 Quartus
2758 4672 2892 4725 liber
2922 4684 3065 4723 nunc
3097 4667 3328 4738 primum
3359 4664 3470 4716 exit
3503 4676 3694 4718 novus,
3719 4673 3783 4712 ex
3811 4653 4005 4709 eodem

2431 4767 2551 4819 cod.
2599 4763 2751 4824 Bav.,
2793 4762 2877 4814 cui
2931 4758 3173 4812 Venetus
3209 4757 3261 4808 in
3301 4752 3435 4807 Bibl.
3480 4751 3536 4805 S.
3577 4748 3734 4802 Marci
3774 4759 4009 4814 respon—

2431 4857 2540 4908 det.
2576 4874 2592 4904 ι
2632 4855 2699 4908 Ει
2729 4868 2856 4906 sane
2896 4852 2945 4903 id
2989 4851 3152 4918 hujus
3184 4847 3281 4902 viri
3326 4845 3468 4898 lavet
3511 4840 3815 4901 sententiae,
3858 4847 4008 4905 quod

2433 4943 2684 4997 Ilardtius
2723 4941 2775 4992 in
2815 4941 3054 5008 catalogo
3104 4952 3254 4990 cono.
3289 4933 3432 5008 bibl.
3457 4931 3607 4993 Bav.,
3646 4930 3800 4996 cuius
3841 4925 4008 4979 verba

2433 5049 2592 5103 supra
2645 5050 2672 5086 a
2716 5033 2872 5085 nobis
2919 5032 3074 5083 allata
3112 5035 3257 5086 sunt,
3296 5022 3646 5078 Rittershusii
3691 5018 3931 5073 codicem
3977 5033 4007 5067 a

2435 5125 2590 5178 Petro
2629 5124 2904 5178 Carneade
2951 5119 3234 5190 Epidauriu
3281 5133 3400 5170 saec.
3437 5114 3571 5168 XVI.
3601 5111 3844 5164 Venetiis
3874 5123 4007 5161 exa-

2433 5225 2605 5269 ratum
2629 5229 2745 5268 esse
2785 5213 3017 5265 tradidit.

2506 5305 2609 5359 Sed
2661 5313 2780 5358 utut
2823 5305 2937 5356 hate
2975 5304 3100 5364 sint,
3135 5301 3185 5353 id
3219 5300 3392 5352 habeo
3435 5293 3819 5356 certissimum,
3859 5293 4005 5361 quod

2436 5397 2752 5460 Laurentius
2794 5395 3108 5462 Theupulus
3157 5393 3208 5444 in
3244 5405 3414 5460 graeca
3465 5388 3570 5440 diri
3612 5385 3771 5438 Marri
3810 5384 4004 5438 biblio-

2433 5492 2587 5545 theca
2615 5489 2860 5551 allirmat,
2894 5488 3344 5548 scilicet,exstare
3373 5483 3423 5534 in
3445 5479 3629 5533 codice
3655 5493 3828 5535 eam.
3850 5479 4007 5530 cher-

2433 5593 2603 5644 taceo,
2641 5583 2729 5650 qui
2778 5597 2900 5634 sazc.
2932 5578 3068 5631 XIV.
3107 5586 3383 5630 exaratum
3421 5574 3509 5634 sit,
3537 5571 3594 5623 S.
3629 5569 3814 5622 lsidori
3850 5567 4006 5621 Pelu—

2434 5676 2581 5728 siotge
2609 5673 2861 5742 epistolas
2897 5672 3060 5733 1Η8,
3093 5685 3288 5736 easque
3315 5680 3505 5719 omnes
3535 5664 3585 5716 in
3623 5661 3860 5716 editione
3902 5658 4001 5712 Pa-

2434 5768 2645 5822 risiensi
2692 5767 2800 5833 jam
2844 5780 3067 5819 excusas
3109 5778 3248 5818 esse.
3281 5769 3474 5829 prmter
3513 5771 3670 5810 unam
3713 5752 3876 5807 Paulo
3918 5749 4004 5807 in-
