4150 6452
182 375 232 438 57
1263 372 1669 437 ΑΡΡΕΝΒΙΧ.
1685 380 1783 433 -1

1813 374 2085 437 ODICES
2123 377 2287 438 MSS.
3369 382 3442 442 ba

183 491 407 554 scriptam.
429 488 580 558 cuius
611 489 834 544 initium
864 505 877 542 :
918 488 1038 542 Ὀτι
1061 487 1142 542 δεῖ
1163 487 1442 559 ιπιμόνως
1472 486 1621 559 ἔχειν
1654 488 1720 557 τῇ
1755 498 1783 549 Α

1827 503 1960 542 num
1997 487 2116 559 (lib.
2156 505 2238 554 Ill,
2274 504 2364 559 ep.
2403 486 2557 560 216),
2583 487 2774 543 ultima
2818 496 3004 543 autem
3042 487 3109 544 ad
3149 486 3438 559 Lycmuam

185 584 616 657 using—Priora
636 582 794 650 ‘84.,
811 583 888 639 sic
909 582 1102 637 deinde
1125 581 1317 653 pergit,
1336 581 1622 636 continent
1638 595 1724 634 sa-

1829 581 1945 650 (lib.
1973 598 2010 646 l,
2044 597 2132 652 ep.
2177 583 2324 652 179.)
2371 582 2495 639 data
2540 592 2644 639 est.
2693 581 3008 637 Notandum
3049 591 3314 652 praeterea
3351 589 3438 637 est

182 693 261 733 (re
281 678 551 747 Scriptura:
575 673 1721 748 interpretationes:sequentesl75,circa
1827 673 1972 729 inter
2005 676 2264 746 epistolas
2302 691 2638 739 unamesse,
2677 690 2843 747 quam
2897 675 3044 729 inter
3067 691 3194 745 epp.
3238 691 3269 730 a
3310 673 3433 732 Rit-

182 774 294 826 nria
332 784 636 844 argumenta
686 780 980 828 versantur
1011 789 1025 825 :
1068 783 1359 840 postremae
1408 769 1516 825 489
1553 769 1724 823 titulis
1828 769 2102 824 tershusio
2129 780 2184 824 et
2212 770 2442 825 Schotto
2470 771 2646 824 editus
2681 785 2792 823 nou
2820 771 3020 840 reperi,
3056 783 3257 840 nempe
3290 769 3435 834 duo-

178 875 345 929 carent,
382 877 433 920 et
476 865 590 921 fere
643 881 842 922 omnes
885 864 941 919 in
987 861 1162 935 primo
1200 873 1257 918 et
1303 863 1549 918 secundo
1584 863 1723 918 libro
1825 861 2093 916 decimam
2140 863 2207 918 ad
2252 863 2587 919 Tlialelaenm
2630 863 2984 928 monachum,
3032 862 3192 931 cujus
3242 863 3436 918 titulus

181 959 401 1026 praedicta
450 959 713 1015 editionis
757 958 1136 1029 reperiuntur;
1173 957 1446 1027 pleraeque
1489 955 1723 1012 diversis

1825 963 1881 1009 et
1903 956 2228 1027 principium
2255 977 2267 1011 :
2300 956 2586 1028 Θαλελαξῳ
2612 955 2850 1027 μοναχῴ.
2879 956 2979 1008 Ἂν
3014 957 3084 1027 τῇ
3115 958 3290 1028 σκηνῇ
3326 955 3437 1010 τῶν

179 1067 223 1105 π
251 1052 294 1104 in
323 1052 472 1106 editis
496 1053 822 1107 nominibus
849 1052 1128 1123 inscriptze
1156 1057 1305 1105 sunt.

1828 1047 2072 1118 οιάτρων
2108 1049 2387 1121 ἁρμόδιον,
2440 1049 2530 1112 τίς
2575 1066 2633 1102 σε
2669 1049 2728 1103 οὐ
2766 1049 3097 1122 κωμῳδήσει
3134 1067 3190 1104 κ.
3227 1067 3280 1105 τ.
3319 1049 3370 1105 λ.
3410 1066 3431 1102 a

229 1143 280 1197 ll.
313 1146 494 1201 Eodem
535 1146 841 1204 Laurentio
885 1147 1173 1218 Theupulo
1217 1155 1358 1203 teste
1391 1179 1453 1191 —
1483 1146 1558 1203 cf.
1605 1147 1644 1202 ι.
1681 1147 1718 1213 ι,
1825 1140 1908 1196 Cf.
1941 1141 2249 1199 Montefalc.
2281 1142 2420 1198 Bibl.
2452 1143 2577 1198 bibl.
2617 1160 2670 1214 p.
2707 1141 2832 1198 550.
2867 1144 2925 1197 Β.

177 1253 216 1307 p.
248 1238 356 1294 285.
380 1239 598 1295 —Cod.
648 1256 796 1296 nxxv
825 1241 1069 1296 continet
1108 1241 1302 1296 lsidori
1337 1241 1599 1312 epistolas
1634 1239 1718 1296 15.
1897 1235 1982 1290 Ill.
2019 1236 2203 1292 Codex
2263 1253 2455 1292 ccxm.
2499 1236 2789 1292 duodecim
2821 1236 3069 1292 continet
3114 1237 3242 1292 lsid.
3281 1252 3434 1308 epp.,

229 1331 272 1402 l)
299 1331 518 1386 Zosimo.
549 1333 662 1388 inc.
699 1335 824 1389 τῶν
857 1334 1214 1405 ἀνθρωπξνων
1244 1335 1530 1406 ἁμαρτιῶν
1554 1365 1628 1401 -τ
1664 1333 1718 1403 2)

1824 1344 2054 1398 quarum
2091 1331 2265 1401 prima
2297 1331 2364 1385 ad
2394 1328 2768 1386 Theodosium
2797 1330 3186 1386 scholasticmo
3228 1331 3307 1386 sic
3347 1331 3435 1384 in-

178 1422 238 1477 .ld
269 1434 457 1480 aseetas
501 1426 846 1495 jejunantes.
894 1429 1001 1484 inc.
1033 1428 1264 1493 εὗθύνας
1308 1429 1526 1497 ὑφέξων
1563 1459 1629 1470 -—
1663 1428 1718 1500 3)

1825 1422 1998 1491 cipit:
2029 1423 2102 1476 Τὸ
2154 1423 2417 1491 περισσὸν
2454 1424 2488 1494 ἢ
2531 1422 2839 1495 ἀλλότριον.
2890 1454 2961 1466 --
2993 1422 3076 1479 Cf.
3121 1423 3432 1480 .‘dontelalc.

180 1515 348 1572 llieraci
372 1518 691 1575 clarissimo.
721 1521 834 1576 inc.
872 1521 984 1592 βίος
1021 1522 1149 1576 ἄνευ
1189 1522 1350 1591 λόγου
1375 1553 1441 1562 -
1467 1521 1523 1590 ι)
1553 1520 1720 1578 Ente-

1824 1514 1961 1571 Bibl.
1988 1519 2112 1574 bibl.
2150 1535 2204 1590 p.
2236 1517 2359 1602 558.
2388 1517 2448 1574 Β.

176 1610 244 1664 nio
259 1611 600 1669 diacono......
626 1614 812 1668 πάντα
833 1615 1129 1670 ποιούντων
1149 1617 1182 1687 ἡ
1191 1615 1322 1687 μῶν.
1342 1615 1482 1686 —-5)
1509 1615 1718 1672 Eidem.

1899 1610 1986 1665 IV.
2015 1612 2194 1667 Codex
2223 1628 2332 1668 CIV.
2356 1622 2442 1667 est
2463 1609 2705 1667 Kollario
2737 1623 2879 1668 teste
2905 1613 3250 1676 chartacens,
3278 1612 3436 1668 foliu-

175 1705 257 1758 inc.
284 1705 384 1768 τοῖς
409 1706 603 1771 δεινοῖς
641 1707 878 1780 ἀνδράσι
907 1739 979 1750 --
1001 1708 1056 1778 6)
1091 1709 1392 1764 Archontio
1426 1711 1718 1766 monacho.

1825 1717 1944 1758 rum
1975 1713 2348 1761 trecentorum
2399 1713 2455 1761 et
2486 1706 2750 1772 sedecim,
2784 1721 2915 1764 saec.
2943 1703 3060 1761 XV.
3092 1706 3253 1762 initio
3294 1706 3434 1762 scri-

175 1797 256 1850 iac.
273 1800 331 1869 τῇ
361 1797 531 1854 λασῐδι
564 1800 919 1872 laudm—'7)
954 1801 1198 1857 Ermino.
1231 1801 1343 1857 inc.
1389 1802 1592 1868 omet;
1620 1804 1720 1874 τὴν
1755 1867 1788 1874 _
1825 1804 1970 1865 plus.
2007 1798 2376 1855 Continentur
2407 1808 2612 1864 autem.
2649 1809 2711 1855 ut
2744 1801 2890 1856 idem
2931 1799 2986 1854 in
3016 1799 3435 1870 supplemento-

173 1891 296 1959 χιῖρά
321 1867 411 1945 sou
440 1923 511 1933 —
537 1894 592 1963 8)
623 1867 912 1967 Epagatho
940 1895 1275 1967 presbytero.
1295 1895 1406 1952 inc.
1426 1867 1719 1971 ἓπεγράςέη
1754 1867 1783 1920 Ε

1826 1906 1945 1945 rum
1970 1892 2038 1948 ad
2073 1892 2351 1949 Lambeeii
2382 1893 2813 1950 commentarios
2841 1894 2983 1950 libro
3011 1867 3190 1965 primo
3214 1910 3269 1966 p.
3305 1894 3434 1962 611,

170 1984 191 2032 6
221 1983 392 2054 Κύριος
417 1986 472 2038 ιν
502 1989 570 2058 τῇ
627 1989 818 2060 μήτρᾳ
848 2019 918 2029 -
939 1987 993 2058 9)
1025 1988 1192 2043 Paulo
1233 1989 1716 2048 Archimandritaa.

1824 1982 1930 2040 615
1960 1986 2142 2052 tradit,
2174 1986 2228 2042 in
2259 2002 2326 2042 eo
2360 1986 2486 2043 inde
2515 2003 2546 2042 a
2587 1988 2717 2043 folio
2765 1988 2862 2044 281
2901 1988 3093 2044 lsidori
3141 1986 3435 2044 Pelusiotae

172 2076 252 2130 inc.
277 2079 461 2151 πολλὴν
484 2079 562 2145 ὡς
599 2081 780 2150 ἔγνων
813 2112 882 2123 -—
907 2081 994 2151 l0)
1034 2081 1325 2154 Strategio.
1370 2083 1480 2138 inc.
1523 2084 1719 2156 ῥάϐδον

1822 2092 1950 2149 epp.
1985 2079 2109 2135 114.
2131 2111 2202 2120 —
2227 2100 2246 2134 ι
2280 2081 2537 2138 Auctoris
2567 2081 2812 2152 quidem,
2853 2081 2929 2136 ita
2968 2083 3148 2155 pergit
3176 2081 3288 2145 ille,
3335 2098 3436 2137 no-

169 2171 408 2243 καρυῖνην.
435 2203 507 2213 -
538 2175 625 2243 ιι)
674 2173 1072 2246 Theopempto.
1109 2175 1216 2232 inc.
1265 2177 1368 2247 τὴν
1409 2180 1584 2250 συκῆν
1619 2179 1719 2252 οὐχ

1821 2187 1948 2227 men
1976 2172 2031 2227 in
2056 2175 2290 2246 exempli
2315 2173 2495 2235 fronte
2519 2191 2631 2230 non
2661 2183 2964 2246 comparet,
2991 2175 3086 2231 sed
3121 2192 3246 2232 cum
3273 2176 3430 2242 illud,

170 2263 317 2329 ἁπλῶς
344 2294 410 2306 -
433 2265 522 2336 12)
551 2267 850 2338 Lampecio
879 2268 1166 2324 monacho.
1195 2268 1306 2324 inc.
1347 2269 1545 2324 πολλαὶ
1575 2289 1717 2344 προ-

1823 2274 1936 2320 tum
1960 2267 2124 2322 etiam
2147 2268 2503 2339 epistolarum
2529 2284 2823 2324 numerum
2848 2269 3188 2325 indicaverat
3216 2270 3298 2325 Cl.
3327 2269 3436 2325 Te-

169 2355 324 2422 ςάσεις
363 2360 464 2414 εισι
487 2389 560 2401 -
587 2361 680 2432 13)
712 2360 1108 2417 Theodulo.....
1153 2361 1488 2438 σκανδαλίζῃ
1522 2364 1620 2420 ἰπὶ
1648 2369 1714 2438 τῇ

1821 2359 2121 2430 gnagelius,
2152 2362 2471 2432 praascripto
2502 2377 2604 2417 suo
2635 2377 2804 2416 manu
2838 2362 2946 2418 hoc
2985 2363 3144 2418 titulo
3181 2382 3194 2418 :
3228 2363 3288 2418 S.
3322 2363 3434 2419 lsi-

169 2448 283 2508 κάνιι
307 2483 366 2494 -
391 2454 472 2523 15)
511 2452 814 2526 Gorgonio.
844 2453 954 2510 inc.
989 2454 1366 2528 πολυδύναμον
1402 2460 1500 2512 καὶ
1550 2459 1714 2512 πολυ-

1818 2452 1938 2507 dori
1981 2453 2272 2511 Pelusiotze
2292 2470 2418 2526 epp.
2454 2455 2874 2527 quattuordecim
2904 2465 2961 2511 et
2989 2456 3428 2529 quadringenta.

168 2540 418 2615 θρῦλλητον
445 2575 513 2587 -

1819 2545 1944 2601 114.
1973 2545 2102 2603 llazc
2130 2547 2237 2603 ille.
2267 2548 2450 2604 Prima
2482 2550 2605 2606 sine
2631 2550 2933 2621 epigraphe
2965 2549 3160 2621 incipit
3186 2569 3199 2604 :
3232 2551 3295 2605 Οἱ
3329 2551 3432 2622 μιν

563 2663 788 2722 cadica
819 2665 1250 2722 γίηάοδοηεηκι
1819 2637 1964 2707 ἅγιοι
1997 2640 2097 2712 τῆς
2132 2643 2436 2716 μοναχικῆς
2475 2642 2796 2714 φιλοσοφίας
2818 2646 3122 2715 ’κορυφαῖοι
3158 2645 3256 2698 καὶ
3297 2646 3431 2717 ἡγε-

1820 2728 1982 2797 μὸνες
2011 2761 2080 2770 -
2111 2729 2246 2784 Data
2302 2729 2410 2785 fuit
2451 2731 2519 2786 ad
2555 2729 2738 2786 Nilum
2786 2732 3154 2799 monachum,
3199 2748 3324 2804 quae
3369 2733 3428 2790 in

1817 2821 2102 2893 impressis
2135 2824 2303 2880 etiam
2347 2827 2616 2896 exemplis
2656 2827 2900 2896 primum
2947 2827 3128 2882 locum
3169 2837 3428 2900 occupat.

465 2913 943 2993 εςλξξνξςζξέ
973 2913 1120 2993 :j‘:
1159 2913 1712 2993 :°"__'_'."_'_‘:"’A‘::":_’
1815 2913 2087 2971 Craterum
2128 2916 2198 2973 de
2242 2918 2348 2974 hoc
2397 2918 2587 2976 codice
2631 2918 2895 2977 Forlosize
2935 2921 3111 2975 nostri
3157 2921 3428 2993 judicium

165 2969 1223 3087 m;zﬂti1‘fisnff.:Eanfﬁtfji
1247 2969 1710 3087 ξξξῖιῗξηξῗίξ-Ϋὶ
1815 3018 1934 3064 erat
1965 3010 2068 3064 hoc
2093 3029 2105 3063 :
2139 3009 2528 3081 Epistolarum,
2563 3013 2762 3084 inquit,
2793 3014 2929 3070 ordo
2960 3015 3104 3071 idem
3141 2969 3301 3087 plane
3321 3026 3428 3086 est,

169 3059 389 3125 principio
416 3069 471 3112 et
499 3059 610 3114 line
635 3060 884 3129 mutilus,
903 3071 1225 3133 constatque
1247 3078 1399 3119 nunc
1423 3062 1570 3119 foliis
1598 3073 1711 3120 tre-
1814 3059 2115 3174 ’ἑὼ

169 3151 300 3177 ..ι-ιι-
334 3154 576 3177 --1-Α2...
648 3173 662 3177 -
713 3153 1076 3177 β--.ιζ..-..ι....
1103 3169 1161 3177 ,Α
1190 3155 1305 3177 ι.--
1337 3173 1349 3177 -

168 3151 302 3207 natis
334 3154 601 3210 undecim.
648 3173 668 3205 ι
713 3153 1076 3209 Continentur
1097 3169 1167 3210 eo
1190 3155 1308 3212 haec
1336 3173 1351 3210 :

477 3197 1066 3267 :'_'"'_:”:"_'_"'_'":j"'_'
1099 3197 1165 3267 ζ*
1187 3197 1452 3267 ξ’ωζζ-’ωῌ
1505 3263 1523 3267 Α
1545 3249 1568 3267 ³
1611 3247 1682 3267 ,__
1739 3233 1781 3267 μ
1818 3197 2019 3254 multas
2047 3198 2326 3256 variantes
2359 3199 2429 3256 ab
2473 3199 2566 3257 illa
2607 3201 2876 3256 lectiones
2908 3201 3093 3258 obiter
3129 3204 3430 3265 observan

223 3260 240 3293 ι
269 3241 450 3308 Primo,
477 3255 541 3301 ‘et
587 3245 812 3316 quidem
842 3261 873 3300 a
911 3244 1002 3300 fol.
1036 3263 1076 3312 ι,
1108 3262 1239 3319 p.t,
1282 3263 1459 3319 usque
1500 3249 1568 3304 ad
1610 3247 1707 3305 fol.
1739 3235 1782 3290 (ἶ

223 3333 247 3371 η
280 3350 311 3371 n
362 3337 379 3371 Ι
435 3336 474 3371 ς
525 3337 721 3371 Ιρῖληιῖ
765 3337 1056 3371 bal-anitum
1098 3355 1203 3371 ann
1256 3340 1394 3371 IMR
1422 3341 1704 3371 ᾹΛ-ἶηοΑο,

1818 3235 2019 3254 ...........
2054 3235 2326 3256 ...........
2359 3235 2429 3256 ..υ
2473 3235 2566 3257 υ..
2608 3235 2876 3256 ...μυ-..ο
2908 3235 3083 3258 ...ωσι
3129 3235 3323 3259 υνυς..
3369 3235 3387 3263 .

1817 3293 1977 3349 nobis
2005 3293 2254 3366 contigit.
2286 3313 2304 3347 ι
2339 3325 2408 3338 -
2434 3296 2519 3352 cr.
2540 3295 2767 3354 unum.
2792 3295 2933 3353 Bibl.
2959 3298 3088 3354 bibl.
3117 3316 3174 3371 p.
3206 3235 3425 3369 562,“;

1885 3383 2042 3453 Quod
2094 3403 2226 3444 vero
2270 3392 2555 3446 contendit
2599 3390 2888 3449 Fabricius
2934 3393 3069 3448 bibL
3105 3411 3187 3468 gr.
3226 3395 3325 3451 lib.
3373 3413 3428 3453 ν.

219 2775 252 2833 ι.
281 2775 584 2838 Lambecius
623 2783 682 2836 in
717 2782 1125 2841 commentariis
1147 2782 1216 2840 de
1250 2783 1384 2838 bibl.
1414 2781 1554 2840 Caes.
1573 2781 1713 2838 Vin-

163 2869 262 2924 dub.
290 2870 377 2926 lib.
401 2889 451 2937 ν,
482 2889 538 2944 p.
570 2875 705 2931 245.
747 2895 767 2928 ι
807 2875 943 2932 Cod.
973 2891 1121 2933 ccxcr
1164 2890 1268 2943 est,
1309 2876 1512 2949 inquit,
1546 2877 1713 2932 char-

167 3331 331 3406 300.p.
362 3337 408 3402 l,
435 3336 492 3392 S.
525 3337 723 3394 lsidori
765 3337 1056 3395 Pelusiota
1097 3355 1226 3411 epp.
1256 3340 1394 3397 l000
1421 3341 1514 3397 de'
1533 3341 1706 3396 inter-

170 3430 422 3494 putatione
447 3447 620 3489 sacra
647 3430 959 3503 Scriptum,
977 3449 1210 3504 quarum
1232 3435 1476 3506 quinque
1499 3436 1712 3507 priores

167 3521 348 3578 mnino
373 3524 589 3589 desunt,
622 3536 772 3580 sexta
803 3535 987 3582 autem
1016 3527 1082 3582 ad
1103 3527 1518 3598 Arsenuphium
1547 3528 1710 3584 dimi-

166 3611 236 3666 dia
262 3625 398 3684 parte
433 3619 600 3688 priori
643 3629 728 3674 est
771 3620 979 3682 mutila.
1027 3630 1192 3691 atque
1232 3621 1428 3692 incipit
1463 3623 1580 3677 inec
1626 3621 1712 3677 bis

167 3707 307 3762 verbis
335 3728 347 3762 :
374 3711 483 3764 ἀλλ’
510 3712 604 3766 ἵνα
637 3711 711 3784 μὴ
743 3713 1021 3777 παντελῶς
1040 3714 1440 3785 φαντασθῶμεν
1466 3745 1536 3756 --
1567 3715 1710 3770 Ulli-

168 3813 230 3853 ιω
256 3801 452 3859 demum
473 3805 592 3861 sive
617 3806 901 3860 millesima
923 3809 988 3864 ad
1016 3806 1364 3880 Lampecium
1389 3809 1709 3879 episcopum

168 3891 448 3962 inscribitur,
469 3909 638 3970 atque
669 3897 859 3969 incipit
887 3900 991 3954 hoc
1018 3899 1219 3956 modo:
1252 3901 1556 3974 Λαμπετιῳ
1590 3905 1712 3956 ἐπι-

168 3986 334 4060 σκόπει).
383 3991 480 4046 Διὰ
521 3993 595 4047 τὰ
634 3995 765 4065 περὶ
817 3989 1087 4064 Ζὼσιξιον.
1117 4025 1189 4035 -
1228 3995 1409 4064 Ἀλγῶ
1457 3997 1561 4067 μὲν
1613 3999 1712 4052 καὶ

166 4079 292 4144 οὗτος
329 4085 518 4156 κομιδῆ
543 4116 619 4127 -
646 4084 838 4155 Operae
876 4087 1114 4157 pretium
1168 4101 1362 4145 autem
1401 4090 1571 4147 fuerit
1609 4093 1710 4149 has

168 4170 314 4229 la'dori
341 4193 457 4248 epp.
490 4188 746 4236 accurate
777 4180 1028 4237 conferre
1063 4197 1186 4238 cum
1227 4184 1570 4240 editionibus
1601 4185 1708 4240 im-

169 4267 344 4324 Pressis.
372 4270 574 4338 Forsan
606 4271 750 4326 enim
774 4271 829 4326 in
858 4272 962 4329 hoc
989 4274 1180 4329 codice
1207 4276 1457 4346 quaedam
1487 4287 1710 4333 exstant

168 4362 358 4419 nondum
382 4367 546 4422 edita.
584 4385 603 4417 ι
629 4397 698 4408 -
719 4366 892 4434 Quam
927 4384 1057 4424 vero
1087 4368 1357 4426 Lambecii
1388 4371 1706 4440 opinionem

167 4452 316 4510 hlsam
340 4474 454 4514 esse
477 4460 766 4516 contendit
788 4460 1059 4523 Kollarius
1088 4463 1142 4517 in
1176 4463 1308 4517 edit.
1344 4463 1478 4518 bibl.
1515 4463 1704 4520 Lamb.

167 4554 266 4600 tum.
308 4550 367 4614 ν,
398 4568 449 4622 p.
479 4553 606 4616 509,
643 4553 731 4608 ubi
786 4553 903 4609 haec
938 4565 1152 4610 exstant
1189 4555 1438 4626 ejusdem
1483 4558 1650 4612 verba
1688 4577 1700 4613 :
1741 4580 1783 4634 ι)

170 4655 182 4684 σ
216 4639 450 4699 (Ia-terum
484 4647 774 4716 diligenter
804 4647 998 4702 collato
1028 4649 1197 4704 hocce
1224 4650 1415 4705 codice
1445 4667 1571 4707 cum
1603 4652 1706 4707 lsi-

165 4730 252 4784 «lori
269 4736 493 4803 epistolis
516 4736 740 4792 Parisiis
765 4754 909 4794 anno
937 4739 1094 4806 1658,
1117 4756 1146 4794 a
1177 4739 1422 4796 llorellio
1449 4744 1702 4813 vulgatis.

166 4837 216 4877 ne
239 4842 378 4882 unam
399 4831 619 4900 quidem
653 4831 932 4898 ineditam,
965 4833 1074 4889 imo
1099 4843 1208 4889 tres
1237 4835 1414 4890 editas
1438 4836 1494 4890 in
1514 4838 1703 4892 codice

1815 3496 1936 3552 cap.
1965 3483 2056 3548 37,
2081 3481 2132 3555 5.
2168 3485 2223 3548 5,
2262 3500 2315 3555 p.
2357 3485 2486 3551 255,
2517 3486 2590 3544 cf.
2638 3488 2727 3543 ed.
2777 3488 2927 3544 Harl.
2967 3491 3069 3544 vol.
3109 3508 3165 3556 ι,
3197 3508 3252 3563 p.
3284 3491 3430 3560 180,

1815 3572 2327 3633 Lambeciumlibro
2350 3595 2385 3645 ι,
2415 3595 2468 3650 ρ.
2494 3581 2596 3636 119
2639 3583 2830 3637 testari
2849 3584 3098 3640 codicem
3125 3602 3252 3656 epp.
3285 3586 3430 3642 2000

1812 3684 2048 3739 graecum
2082 3669 2137 3725 in
2161 3671 2292 3726 bibl.
2321 3671 2559 3729 Vindob.
2587 3683 2827 3740 exstare,
2862 3677 2995 3731 mihi
3023 3678 3243 3748 quidem
3271 3696 3430 3752 egre-

1813 3761 1885 3832 gii
1912 3762 2074 3833 hujus
2100 3765 2198 3820 viri
2231 3781 2385 3820 error
2415 3766 2636 3822 videtur
2673 3783 2817 3824 esse.
2855 3769 3069 3842 Nempe
3101 3771 3429 3831 Lambecius

1814 3856 1941 3912 inde
1988 3875 2018 3912 a
2057 3876 2111 3930 p.
2177 3860 2276 3916 H7
2317 3861 2712 3919 bibliothecam
2753 3863 3427 3938 Constantinopolitanam

1812 3952 1882 4008 ab
1909 3955 2155 4011 Antonio
2187 3955 2457 4014 Vcrderio
2490 3959 2664 4016 etiam
2694 3960 2949 4032 pluribus
2967 3973 3184 4019 scatere
3211 3966 3428 4022 mendis

1812 4056 2045 4103 conatur
2079 4051 2331 4121 probare.
2371 4050 2545 4120 Quem
2588 4055 2657 4110 ad
2697 4054 2861 4112 finem
2910 4057 3216 4130 catalogum
3253 4058 3427 4115 libro-

1811 4153 1934 4194 rum
1968 4141 2088 4207 m,
2118 4159 2150 4199 a
2187 4143 2548 4215 grammatico
2578 4149 2817 4218 quodam
2851 4150 3182 4214 exbibitum.
3205 4151 3426 4220 eodem,

1811 4247 1921 4302 quo
1970 4234 2122 4290 illum
2169 4239 2366 4294 excudi
2413 4241 2625 4296 curavit
2666 4242 2986 4308 Verderius,
3027 4245 3192 4299 modo
3233 4245 3424 4313 refert,

1811 4324 2082 4396 simulque
2116 4346 2147 4385 a
2177 4331 2427 4388 Caesareo
2459 4333 2630 4404 hujus
2652 4336 2882 4408 catalogi
2917 4337 3108 4394 codice
3138 4339 3426 4396 meliorem

1810 4418 1998 4488 adjicit
2035 4424 2388 4493 scripturam.
2415 4425 2604 4497 Itaque
2651 4429 2835 4484 allatis
2866 4431 3266 4501 compluribus,
3293 4435 3426 4504 qui-

1812 4511 1915 4568 bus
1935 4517 2264 4571 sententiam
2288 4518 2357 4572 de
2379 4516 2626 4574 Verderii
2661 4522 2995 4579 bibliotheca
3025 4541 3180 4579 suam
3206 4527 3424 4596 probet,

1813 4609 2078 4677 exemplis
2109 4626 2162 4679 p.
2190 4611 2310 4675 H9,
2340 4611 2394 4665 in
2419 4611 2567 4668 hunc
2596 4614 2777 4686 pergit
2799 4617 3022 4672 modum
3049 4636 3062 4672 :
3099 4638 3116 4669 ι
3143 4617 3424 4690 Ερίειοιω,

1813 4699 2010 4754 lsidori
2041 4702 2150 4756 Pcl.
2186 4719 2418 4758 numero
2452 4706 2597 4760 mille
2630 4717 2684 4762 et
2715 4709 2843 4763 duo.
2872 4710 2928 4763 In
2958 4711 3150 4766 codice
3173 4710 3425 4771 Cazsareo

1813 4793 2068 4848 scribitur
2097 4796 2335 4866 χιλιάδες
2383 4795 2478 4850 δύο
2514 4800 2597 4854 bis
2640 4803 2822 4867 mille,
2863 4804 2982 4858 sive
3025 4805 3146 4866 duo,
3173 4806 3361 4864 millia.
3399 4826 3418 4860 ι

168 4930 311 4975 nostro
363 4923 679 4987 desiderari.
722 4927 999 4994 comperi;
1048 4929 1258 4984 scilicet
1307 4944 1400 4984 eas
1471 4945 1594 4998 quae
1651 4931 1703 4984 in

2134 4910 2348 4967 Codices
2393 4915 2715 4971 bibliotheca-
2754 4919 2830 4973 Pa
2842 4922 3092 4976 risiensis.

165 5009 289 5065 ditis
313 5015 402 5070 lib.
441 5035 500 5083 ιι,
535 5033 594 5071 n.
625 5017 741 5080 128,
769 5017 876 5071 277
906 5028 959 5074 et
993 5019 1120 5085 297,
1159 5021 1435 5088 leguntur.
1473 5021 1703 5086 Deinde,
1881 5025 2016 5080 Cod.
2053 5043 2373 5084 uncccxxxn
2409 5033 2655 5088 continet
2691 5050 2820 5106 epp.
2861 5037 3022 5102 1215,
3058 5039 3213 5108 isque
3250 5042 3370 5095 codt

167 5105 224 5156 'ic
250 5108 375 5161 enim
403 5112 594 5179 pergit,
629 5111 681 5164 in
713 5111 884 5167 libros
916 5112 1269 5182 partitionem
1304 5115 1477 5169 codex
1517 5127 1707 5171 noster
1812 5120 2010 5174 saeculo
2069 5121 2187 5176 λιιι
2220 5133 2476 5180 exaratos
2502 5125 2719 5182 dicitur.
2743 5105 2812 5169 ἑ
2839 5127 2922 5184 Cf.
2952 5105 3417 5190 Monte-fachibt.

167 5209 246 5286 non
273 5204 518 5270 agnoscit,
557 5221 733 5274 neque
769 5205 905 5260 ultra
939 5221 1078 5270 eam,
1113 5223 1235 5277 quae
1267 5207 1320 5262 in
1359 5210 1592 5282 vulgatis
1623 5223 1706 5265 est
1810 5212 1932 5267 bibl.
1972 5231 2022 5284 p.
2055 5215 2178 5275 752.
2211 5215 2274 5282 Α,
2304 5233 2358 5286 p.
2395 5219 2517 5283 775,
2553 5217 2614 5272 D.

167 5284 271 5384 libro
290 5308 358 5352 ιιι,
387 5313 468 5365 rp.
511 5296 633 5359 9.00,
669 5299 1028 5368 progreditur.
1076 5319 1093 5350 ι
1879 5305 2014 5362 Cod.
2035 5284 2375 5375 DCCCCCXLlX,
2403 5328 2527 5383 epp.
2548 5315 2961 5384 aliquot.—Cf.
2987 5319 3296 5378 Montefalc.
3318 5323 3355 5378 l.
3384 5340 3419 5379 ι.

216 5380 264 5434 ΙΙ-
286 5385 450 5444 Codex
479 5407 668 5457 ccxcn,
698 5392 941 5461 ejusdem
967 5393 1308 5450 biblimbecze
1343 5407 1443 5458 est,
1474 5397 1704 5454 Lambe—
1811 5417 1863 5471 p.
1897 5403 2019 5468 75!,
2053 5409 2116 5456 A.

166 5471 228 5573 ι·ἱο
251 5476 279 5530 l.
307 5479 339 5532 l.
369 5499 416 5550 p.
456 5483 590 5550 9J0;
623 5495 677 5540 et
711 5484 949 5541 Kollario
993 5487 1027 5540 ι.
1071 5487 1104 5542 l.
1141 5505 1193 5558 p.
1252 5489 1376 5555 520,
1401 5491 1523 5556 521,
1551 5495 1703 5546 testi-
1879 5493 1992 5550 Cod
2041 5513 2371 5560 nccccuvn.
2405 5515 2460 5556 n.
2496 5518 2567 5556 Ix.
2596 5519 2721 5573 epp.
2757 5505 2806 5557 7.

168 5563 260 5666 [ους.
293 5573 626 5638 chartaceus.
678 5579 958 5649 antiquus,
1007 5581 1336 5651 in-quarto,
1381 5595 1706 5656 constatque
1880 5589 2015 5643 Cod.
2048 5606 2258 5655 uccux,
2291 5591 2478 5648 lsidori
2513 5595 2879 5666 fragmentum
2924 5602 2991 5656 de
3038 5601 3195 5657 libris
3244 5618 3391 5660 cano

168 5655 275 5766 {filiis
303 5672 542 5725 lft'CenliS
568 5673 914 5727 sedecim.—
936 5672 1301 5730 Coutmentur
1330 5693 1396 5731 eo
1431 5697 1442 5730 :
1487 5700 1504 5730 ι
1532 5680 1589 5732 S.
1618 5655 1707 5736 lsi-
1809 5683 1965 5740 nicis.
2027 5683 2095 5739 cf.
2138 5685 2421 5756 Appendix
2453 5688 2523 5744 ad
2558 5655 2730 5745 αξιοι.
2756 5707 2909 5746 conn.
2968 5695 3140 5752 Paris.
3196 5697 3306 5752 vol.
3354 5710 3418 5766 tl,

281 5757 538 5821 PCllisiOL’E
576 5783 701 5837 epp.
731 5767 802 5823 93
839 5769 905 5823 de
939 5769 1386 5840 interpretatione
1425 5789 1702 5829 sacrarum
1811 5794 1864 5848 p.
1899 5779 2024 5833 lil9.

170 5842 537 5926 Scripturarum,
572 5877 806 5932 quorum
849 5878 1022 5932 prima
1063 5865 1130 5919 ad
1172 5863 1472 5923 Palladium
1517 5869 1702 5925 diacn-
1811 5842 1824 5848 ’
1880 5871 2014 5929 Cod.
2052 5888 2355 5944 ucccuxu,
2390 5891 2443 5932 η.
2479 5875 2571 5944 28,
2601 5892 2689 5950 cp.
2727 5879 2778 5945 ὅ,
2810 5896 2865 5934 n.
2912 5881 3000 5950 35,
3031 5901 3118 5955 cp.
3157 5886 3205 5940 l.
