4150 6474
653 409 724 471 ιιτ
1742 407 2412 470 COMMENTATIONIS
2449 408 2638 468 PARS
2674 409 2762 467 IlI
2773 455 2784 467 .

3824 408 3901 469 88

717 526 918 580 Contra
947 540 1041 582 eos
1070 541 1216 590 vero,
1247 527 1339 598 qui
1372 527 1606 583 animam
1628 531 1910 585 mortalem
1933 544 2054 585 esse
2083 543 2215 582 con-
2249 537 2288 591 Α
2318 533 2596 594 expertem
2645 538 2950 594 corpusque
3013 520 3352 586 intercedat,
3410 521 3900 585 communionem;

650 617 960 682 tenderunt,
988 615 1296 672 Graecorum
1328 618 1700 688 philosophos,
1731 620 1896 675 veluti
1927 618 2210 681 Calenum,

647 704 888 777 disputat
921 707 977 761 in
1017 709 1243 778 epistola
1297 710 1363 765 ad
1409 710 1758 766 Proeschium
1810 711 1886 783 (α)
1942 710 2212 766 medicum

647 797 803 860 data;
844 798 900 852 in
945 813 1051 868 qua
1088 809 1367 870 postquam
1404 797 1721 871 Pythagora:
1747 841 1760 865 ,
1807 799 2044 856 Platonis
2081 798 2213 852 alio—

648 904 876 959 rumque
899 889 967 944 de
999 890 1103 945 hoc
1142 890 1390 960 dogmate
1420 891 1747 946 sententiam
1791 892 1890 961 ipsi
1932 891 2212 961 probatam

644 980 844 1046 attulit,
880 981 1029 1034 illum
1053 981 1390 1046 dehortatur,
1415 998 1485 1037 ne
1509 998 1632 1036 cum
1659 982 2076 1052 sapientissimis
2099 997 2215 1036 cer-

647 1080 826 1124 tamen
869 1071 1010 1125 ineat
1062 1071 1417 1141 philosophis.
1469 1072 1622 1138 Quod
1668 1073 1712 1127 si
1752 1073 2047 1142 suscipiat,
2090 1088 2214 1127 eum

643 1175 767 1214 cum
794 1161 1029 1228 athleta,
1075 1161 1166 1232 qui
1209 1164 1342 1217 artis
1386 1163 1602 1216 musice
1633 1163 1914 1232 imperitus
1950 1164 2215 1233 judicium

643 1250 712 1305 de
741 1265 805 1306 ea
830 1251 929 1306 sibi
961 1261 1174 1323 arroget
1194 1294 1207 1317 ,
1239 1253 1662 1322 comparandum
1690 1268 1810 1308 esse
1838 1262 2044 1309 censet.
2077 1255 2212 1308 Nam

646 1338 737 1394 ille
763 1339 996 1394 animam
1027 1341 1206 1405 variae,
1245 1357 1274 1394 e
1303 1357 1408 1411 qua
1453 1341 1750 1396 humanum
1783 1357 1980 1412 corpus
2010 1343 2212 1397 conﬂa-

647 1439 762 1485 tum
792 1432 893 1494 sit,
918 1431 1156 1486 materne
1191 1433 1532 1487 harmoniam
1554 1448 1676 1488 esse
1696 1475 1709 1498 ,
1737 1444 1794 1490 et
1823 1435 1898 1488 ιιιί
1931 1435 2056 1504 lyrae
2087 1436 2216 1489 har-

647 1522 828 1575 monia
859 1521 1028 1576 fracto
1050 1523 1409 1579 instrumento
1424 1535 1679 1590 cessaret,
1708 1527 1786 1581 sic
1811 1541 1929 1580 eam
1959 1544 2063 1582 una
2091 1543 2215 1582 cum

646 1609 739 1664 illo
770 1609 1113 1667 interituram
1137 1615 1359 1679 docens,
1384 1615 1512 1680 sibi,
1543 1625 1601 1670 ut
1627 1614 1864 1671 Isidorus
1897 1617 2212 1684 arbitratur,

650 1701 767 1772 ipse
797 1713 1081 1775 repugnat.
1105 1705 1241 1777 Lyra
1270 1707 1415 1761 enim
1438 1747 1452 1768 ,
1482 1707 1656 1778 inquit
1677 1708 1968 1775 Pelusiota,
2001 1719 2054 1764 et
2084 1709 2217 1765 ﬁdes

652 1793 990 1849 concinnatae
1019 1805 1074 1850 et
1111 1805 1302 1865 aptata:
1344 1805 1667 1853 concentum
1709 1799 1924 1866 quidem
1960 1801 2214 1869 pariunt;

2317 633 2494 687 neque
2519 627 2762 672 mutuam
2800 613 3119 671 immortalis
3172 613 3366 667 anima
3395 621 3450 667 et
3478 612 3722 682 corporis
3753 609 3892 665 απο-

2318 708 2558 762 ctionem
2607 707 2863 778 explicari
2911 719 3092 775 posse,
3122 703 3397 773 sapienter
3446 703 3662 767 docuit;
3712 703 3904 770 itaque

2315 799 2470 856 Jesus
2498 798 2748 852 Christus
2777 798 2847 867 (ε)
2877 815 2890 850 z
2924 794 3002 850 Ne
3032 794 3236 857 timete,
3269 793 3462 862 inquit,
3498 792 3637 856 illos,
3657 790 3746 860 qui
3767 806 3903 845 cor-

2319 905 2419 958 pus
2443 888 2660 958 quidem
2687 887 2980 949 occidunt,
3015 885 3110 940 sed
3147 885 3383 939 animam
3421 883 3803 954 corrumpendi
3838 891 3907 937 et

2319 979 2577 1049 perdendi
2601 995 2711 1032 non
2745 977 2946 1032 habent
2977 984 3322 1045 potestatem.

2387 1067 2596 1133 Quibus
2643 1067 2902 1138 expositis
2936 1073 3104 1120 restat
3136 1073 3365 1129 tantum,
3395 1073 3454 1117 nt
3479 1105 3492 1127 ,
3525 1063 3655 1132 quid
3683 1063 3897 1119 Graecis

2319 1159 2528 1230 singula
2558 1158 2989 1214 Christianorum
3037 1155 3287 1226 dogmata
3333 1153 3774 1224 oppugnantibus
3812 1165 3912 1205 re-

2318 1250 2617 1322 sponderit,
2648 1257 2967 1319 exponatur.

2387 1342 2523 1395 Cum
2552 1341 2636 1396 bis
2662 1349 2864 1405 autem,
2894 1339 3096 1408 quippe
3123 1338 3214 1408 qui
3243 1352 3453 1392 sacram
3482 1335 3734 1405 rejiciant
3757 1332 3914 1386 Scri-

2319 1442 2553 1502 pturam,
2575 1442 2668 1487 aut
2690 1432 3019 1503 argumentis
3043 1428 3434 1501 philosophicis
3455 1427 3771 1482 certandum
3798 1425 3908 1488 (d),

2317 1533 2432 1588 aut,
2465 1525 2508 1578 si
2546 1524 2667 1594 quis
2698 1539 2794 1592 pro
2826 1539 2923 1578 sua
2951 1522 3218 1577 sententia
3245 1520 3415 1576 Cruci
3450 1518 3732 1587 cujusdam
3759 1515 3912 1570 scri-

2317 1616 2488 1686 ptoris
2509 1615 2750 1668 attulerit
2779 1615 3168 1676 testimonium,
3192 1613 3320 1667 huic
3347 1611 3486 1665 alius
3514 1610 3684 1665 Crccci
3713 1617 3918 1661 aucto—

2321 1707 2397 1760 ris
2441 1705 2818 1761 auctoritatem
2870 1705 3251 1776 Opponendam
3302 1719 3424 1780 esse
3476 1702 3547 1773 (e)
3603 1701 3912 1755 existimat.

2319 1795 2505 1866 Neque
2562 1797 2678 1868 ipse
2733 1799 2885 1863 haec,
2946 1813 3066 1867 quae
3136 1797 3420 1867 proposuit
3473 1801 3741 1865 praecepta
3800 1805 3918 1845 ne-

653 1882 745 1936 sed
774 1883 842 1937 ad
870 1890 1084 1954 tempus
1113 1887 1331 1956 aliquod
1360 1888 1634 1943 dissolutae
1660 1889 2082 1945 instrumentum
2103 1890 2223 1959 qui-
2252 1889 2292 1944 Β
2321 1886 2503 1956 glexit.

653 1971 772 2027 dem
806 1987 914 2027 non
953 1973 1181 2030 fractum
1204 2018 1218 2040 ,
1254 1978 1522 2032 exstincta
1552 1993 1682 2034 vero
1710 1988 1793 2032 est
1825 1980 2126 2034 harmonia.
2154 2009 2224 2019 ~-

651 2059 791 2127 Quid
831 2072 1044 2130 autem,
1075 2067 1154 2122 sic
1184 2069 1328 2122 enim
1362 2070 1572 2140 pergit,
1600 2072 1839 2139 Optimus
1870 2071 1960 2124 ille
1986 2070 2224 2128 Galenus

653 2150 898 2208 dicturus
944 2163 1026 2208 est
1065 2155 1130 2210 de
1168 2157 1375 2226 judicio
1419 2158 1636 2212 futuro?
1681 2159 1807 2229 quid
1857 2161 1923 2215 de
1954 2162 2220 2231 praemiis,

652 2259 772 2314 quae
815 2245 1062 2302 homines
1100 2248 1171 2317 pii
1199 2249 1441 2319 iustique
1487 2251 1540 2306 in
1574 2252 1674 2306 hac
1706 2262 1848 2306 terra
1878 2269 2224 2325 summOpcre

652 2337 829 2391 vexati
874 2347 1097 2409 optumo
1143 2339 1265 2410 jure
1310 2345 1667 2413 exspectant?
1709 2345 1838 2414 quid
1896 2347 2110 2401 tandem
2157 2348 2225 2404 de

652 2428 944 2498 impiorum
971 2432 1434 2503 scelestorumque
1469 2437 1680 2504 pinnis?
1717 2465 1783 2475 —
1820 2437 2025 2494 Deinde
2051 2440 2229 2496 allatis

654 2519 875 2575 llomeri
901 2530 956 2576 et
985 2519 1260 2594 Euripidis
1291 2535 1479 2580 contra
1510 2525 1698 2581 Caleni
1739 2529 2062 2583 sententiam
2089 2529 2226 2584 effa-

654 2613 726 2665 tis
745 2652 759 2677 ,
794 2626 919 2666 eum
942 2629 1124 2678 omne,
1152 2615 1295 2682 quod
1327 2615 1468 2669 inter
1488 2615 1676 2670 vitium
1699 2625 1756 2669 et
1781 2617 2032 2671 virtutem
2065 2619 2228 2672 inter-

652 2701 842 2767 cedat,
889 2703 1178 2758 discrimen
1229 2705 1417 2760 tollere
1461 2707 1736 2775 declarat;
1783 2725 1906 2764 cum
1953 2723 2078 2763 eum
2125 2725 2224 2764 nc-

653 2805 806 2847 cesse
834 2793 907 2847 sit
941 2792 1124 2848 omnia
1161 2794 1442 2850 hominum
1472 2796 1617 2852 dicta
1641 2797 1890 2868 factaque
1917 2815 2025 2853 non
2054 2800 2189 2869 ipsis
2211 2841 2225 2866 ,

655 2879 752 2936 sed
781 2879 931 2935 vario
956 2881 1194 2936 materia:
1212 2924 1226 2946 ,
1264 2898 1369 2953 qua
1395 2886 1627 2954 quisque
1654 2886 1919 2941 conﬂatus
1945 2889 2014 2941 sit
2037 2930 2050 2953 ,
2089 2898 2229 2942 tem-

656 2979 976 3041 peramento
1002 2972 1292 3028 ascribere.
1331 3003 1396 3013 —
1439 2973 1682 3044 Denique
1709 2975 1895 3030 Caleni
1942 2979 2230 3033 sententia:

656 3071 979 3134 repugnant,
1018 3077 1138 3133 qua:
1167 3064 1407 3132 quotidie
1439 3065 1577 3118 tlunt
1621 3080 1832 3119 morum
1867 3068 2226 3123 mutationes.

657 3154 809 3209 Multi
845 3167 1040 3226 nempe
1087 3155 1459 3211 adolescentes
1493 3157 1770 3212 libidinosi
1799 3157 1850 3211 in
1899 3159 2020 3228 ipso
2053 3157 2230 3213 aetatis

659 3245 841 3318 vigore
887 3246 953 3302 ad
1007 3247 1394 3302 continentiam
1445 3247 1756 3314 redierunt;
1818 3265 1997 3318 neque
2049 3257 2227 3305 tamen

659 3339 886 3393 materia
907 3379 922 3402 ,
957 3354 1113 3408 equa
1147 3353 1346 3409 corpus
1373 3339 1586 3394 illorum
1617 3348 1931 3394 concretum
1963 3339 2085 3406 fuit,
2129 3341 2233 3394 im—

659 3435 865 3482 mutata
912 3438 1029 3494 est;
1072 3428 1334 3498 multique
1382 3429 1636 3484 virtutem
1685 3430 2089 3500 relinquentes,
2123 3447 2234 3486 non

663 3527 978 3587 propterea,
1013 3517 1139 3587 quia
1184 3533 1372 3573 eorum
1405 3534 1603 3588 corpus
1639 3522 1968 3575 mutationes
2013 3537 2237 3590 perpes-

666 3625 786 3663 sum
817 3617 919 3673 est,
952 3610 1097 3664 vitiis
1129 3625 1249 3665 sese
1281 3602 1741 3666 contaminarunt.
1785 3642 1856 3653 —
1888 3612 2020 3678 Quae
2057 3614 2238 3667 omnia

667 3699 858 3755 videns
885 3701 1038 3756 Plato
1068 3702 1140 3770 (ὁ)
1159 3741 1173 3766 ,
1206 3717 1447 3756 summus
1479 3701 1789 3771 Graecorum
1836 3704 2192 3774 philosophus
2217 3747 2231 3770 ,

667 3791 988 3849 ineffabilem
1022 3808 1142 3848 esse
1161 3833 1175 3858 ,
1203 3809 1326 3866 qua:
1349 3797 1492 3853 inter
1524 3799 1759 3853 animam
1789 3800 1970 3854 omnis
1998 3800 2237 3855 materia

667 3997 769 4065 τὴν
788 3996 1009 4070 ὀἰκείαν
1040 3995 1343 4070 ἀσθένειαν,
1372 3997 1511 4070 diu
1535 3999 1687 4070 παρὰ
1713 4000 1772 4053 τὺ
1809 4001 1934 4070 τοὺς
1963 4000 2235 4068 ἀκροατὰς

667 4062 892 4142 auspice;
920 4062 1058 4142 εζναι
1072 4065 1166 4117 τοῦ
1187 4067 1393 4142 celsus,
1413 4067 1501 4120 διὰ
1519 4062 1732 4142 τδνίτῆς
1761 4062 2236 4142 curabunt-6mm;

669 4136 816 4207 ὅρον,
838 4165 909 4175 -—
933 4136 1026 4190 lib.
1059 4151 1238 4207 v._ep.
1270 4136 1419 4207 με,
1446 4149 1568 4206 quae
1593 4136 1716 4192 data
1746 4140 1916 4194 estad
1947 4136 2240 4194 Macarium

670 4205 982 4293 episcopum
1032 4215 1094 4293 et
1126 4205 1211 4261 his
1246 4205 1439 4293 verbis
1466 4205 1787 4293 coruinftu‘r
1815 4210 1940 4293 ευξἸί
1983 4209 2244 4293 τοιούεοις

673 4275 1014 4345 χρησάμενος
1039 4275 1214 4342 λόγοις
1238 4277 1267 4327 ὁ
1294 4277 1486 4351 Λόγος,
1511 4277 1560 4329 οἳ
1594 4278 1689 4330 καὶ
1717 4278 1815 4348 τὴν
1843 4279 2046 4347 ἄψυχον
2080 4279 2241 4346 φύσιν

675 4345 898 4424 sinere);
920 4344 984 4424 ᾂν
1013 4343 1412 4424 ἔκαμψανιορκ
1432 4341 1614 4424 ἔπεισε
1639 4346 1700 4398 τὸ
1727 4348 2036 4424 ὰμίεὶὶιικςιον
2071 4353 2245 4424 ἐκεῖνο

675 4413 863 4498 ρηριον
897 4413 956 4466 τὸ
990 4416 1114 4498 ,κατ’
1143 4413 1306 4496 αὺτρῦ
1331 4414 1720 4498 ἔπιλιδττςὴσανς
1755 4413 1918 4498 ἔδειξε
1941 4418 2208 4498 λαιιπρῶς
2227 4458 2242 4482 ,

2393 1977 2528 2031 Nam
2578 1978 2928 2048 Evangelium
2976 1984 3260 2046 propterea
3307 1974 3718 2044 rejicientibus,
3763 1987 3921 2041 quo-

2323 2070 2467 2122 niam
2501 2085 2638 2124 nova
2685 2078 2739 2124 et
2771 2069 2988 2131 vivendi
3018 2078 3073 2121 et
3110 2067 3380 2137 cogitandi
3427 2066 3567 2118 ratio
3610 2081 3638 2116 a
3683 2063 3922 2117 Christo

2325 2161 2596 2231 [imposita
2627 2161 2732 2223 sit,
2761 2161 3034 2214 neminem
3056 2199 3069 2221 ,
3102 2158 3204 2211 nisi
3239 2172 3379 2210 nova
3419 2157 3674 2217 doceret,
3711 2153 3918 2206 malam

2325 2261 2379 2304 et
2447 2251 2801 2304 inveteratam
2876 2249 3166 2301 immutare
3225 2260 3388 2315 posse
3449 2241 3920 2297 consuetudinem

2326 2342 2597 2406 ostendit;
2645 2341 2914 2410 simulque
2954 2339 3084 2400 boc,
3112 2336 3409 2392 dummodo
3443 2335 3646 2387 utilitas
3677 2330 3922 2386 novitati

2327 2432 2581 2501 adjuncta
2620 2431 2709 2492 sit,
2737 2445 2841 2482 uon
2872 2425 3382 2498 reprehendendum
3413 2438 3533 2478 esse
3559 2422 3786 2475 atlirmat
3815 2421 3918 2490 (Γ).

2327 2555 2397 2566 -
2433 2525 2636 2579 Deinde
2677 2524 2768 2578 ubi
2821 2537 2934 2576 rem
2984 2521 3149 2575 habet
3199 2535 3323 2573 cum
3365 2517 3567 2573 Graecis
3603 2517 3923 2569 doctrinam

2328 2616 2395 2671 de
2429 2631 2716 2684 corporum
2740 2613 3138 2668 resurrectione
3170 2610 3543 2671 irridentibus,
3569 2609 3708 2661 hanc
3733 2621 3928 2660 exem-

2329 2707 2467 2776 plis,
2507 2721 2628 2775 qua:
2660 2721 2726 2759 ex
2774 2703 3166 2775 philosophicis
3193 2717 3384 2756 eorum
3429 2700 3651 2769 scriptis
3679 2696 3927 2766 repetita

2329 2809 2482 2861 sunt,
2517 2799 2788 2852 illustrare
2837 2806 2893 2851 et
2940 2796 3172 2866 probare
3213 2802 3442 2848 conatur
3477 2793 3574 2862 (g).
3609 2791 3819 2844 Etenim
3851 2797 3929 2843 ut

2332 2886 2670 2950 Graecorum,
2701 2886 2894 2956 inquit,
2930 2884 3239 2955 philosophi
3269 2899 3334 2938 ex
3369 2882 3482 2953 igni
3510 2896 3657 2941 aera,
3685 2895 3748 2933 ex
3785 2893 3926 2933 aere

2332 2995 2550 3050 aquam,
2577 2993 2641 3032 ex
2673 2994 2810 3047 aqua
2851 2978 3072 3042 terram,
3105 2991 3168 3030 ac
3200 2990 3416 3029 rursum
3448 2989 3478 3027 e
3509 2981 3650 3026 terra
3677 2984 3872 3040 aquam
3902 3009 3923 3034 ,

2333 3088 2400 3128 ex
2428 3087 2563 3140 aqua
2602 3085 2725 3124 aera
2747 3112 2760 3134 ,
2805 3084 2869 3122 ex
2904 3082 3029 3122 aere
3058 3067 3236 3136 ignem
3285 3065 3399 3119 ﬁeri
3429 3061 3771 3118 contendunt
3791 3099 3806 3120 ,
3839 3060 3927 3114 ita

2333 3177 2433 3216 nos
2461 3175 2681 3231 corpus,
2719 3159 2865 3228 quod
2901 3173 3048 3212 nunc
3078 3157 3368 3211 maximam
3397 3162 3608 3224 partem
3634 3159 3926 3206 terrenum

2334 3262 2446 3315 est,
2478 3259 2602 3321 post
2631 3257 2864 3304 mortem
2894 3248 3180 3303 mtherium
3209 3246 3324 3301 ﬁeri
3352 3245 3605 3300 dicimus.

2402 3343 2538 3400 Cum
2570 3357 2701 3397 vero
2721 3341 3027 3411 Harpocras
3054 3338 3412 3394 scholasticus
3436 3337 3508 3408 (Ιι)
3538 3333 3756 3390 Homeri
3783 3348 3928 3388 con-

2336 3445 2417 3490 tra
2444 3451 2568 3489 eum
2598 3433 2889 3504 protulerit
2917 3431 3305 3493 testimonium,
3336 3429 3588 3484 rescribit
3620 3448 3633 3482 :
3663 3456 3733 3468 -——
3762 3425 3926 3492 Quo-

2335 3527 2484 3581 niam
2536 3535 2592 3579 tu
2629 3525 2923 3580 Homerum
2973 3532 3031 3578 ut
3075 3522 3538 3594 sapientissimum
3575 3519 3629 3572 in
3679 3517 3932 3574 medium

2341 3617 2595 3688 producis
2630 3625 2825 3672 testem
2847 3657 2861 3680 ,
2903 3631 3002 3688 ego
3035 3616 3287 3670 eumdem
3329 3615 3592 3668 adversus
3622 3619 3676 3665 te
3715 3609 3932 3680 produ-

2344 3723 2496 3773 cam;
2523 3738 2593 3747 —
2621 3717 2676 3761 et
2705 3707 2865 3761 Casio
2889 3707 3212 3762 scholastica
3237 3705 3297 3774 (ἔ)
3331 3703 3714 3758 Demosthenis
3751 3699 3931 3765 dicto,

2347 3806 2407 3852 ut
2427 3798 2711 3854 Pelusiotae
2740 3798 3067 3854 sententiam
3091 3797 3362 3853 refelleret
3381 3835 3396 3862 ,
3426 3794 3620 3861 utcnti,
3651 3790 3933 3857 Isocratis,

2345 4002 2698 4073 γελισάμενος
2732 4001 2824 4056 διὰ
2852 4000 2946 4073 τοῦ
2986 4002 3158 4073 εἰπεῖν
3183 4013 3196 4027 ⁸
3235 4018 3253 4051 ι
3274 4000 3364 4073 ’_E__v
3390 3999 3457 4068 τῇ
3493 3994 3785 4073 ἀναστᾴσει
3814 3995 3937 4050 τῶν

2343 4067 2552 4142 νεκρῶν
2583 4071 2704 4125 οὕτε
2725 4071 2994 4140 γαμοῦσιν
3014 4069 3138 4142 cii-rs
3165 4067 3488 4142 γαμίζονται
3513 4110 3537 4142 ,_
3565 4067 3933 4142 ἀλλ’-ἐμσοντςιι

2344 4142 2420 4204 ὠς
2444 4136 2664 4210 ἄγγελοι
2687 4159 2700 4171 ο
2723 4136 2748 4190 ι’
2780 4136 2876 4210 τήν
2905 4158 2962 4194 τε
2993 4138 3172 4210 κρίσιν
3199 4136 3440 4210 μὴνύᾼσας
3465 4137 3552 4190 διὰ
3581 4136 3939 4210 σεολὶιῶνμὲν

2343 4206 2642 4265 ἄλλωνκαὶ
2673 4211 2730 4264 ὲν
2761 4206 2842 4280 τῷ
2869 4206 3072 4281 epam
3094 4206 3542 4281 δέοι-ΦοϐήθητεΔ
3572 4206 3663 4259 τὸν
3691 4207 3938 4281 δυνάμιες

2343 4299 2431 4334 νον
2455 4282 2548 4335 καὶ
2562 4281 2746 4350 ψυχὴν
2767 4275 2862 4333 καὶ
2880 4275 3054 4350 ’σῶμα
3080 4278 3339 4350 ἀπολέσαι
3371 4275 3429 4330 ἒν
3451 4277 3665 4350 γεέννῃ.
3694 4295 3713 4330 ι
3739 4305 3810 4316 —
3838 4275 3933 4331 Cf.

2347 4353 2440 4405 lib.
2469 4368 2532 4414 ιι,
2568 4348 2830 4419 epeos;
2865 4351 2959 4404 lib.
2982 4348 3074 4411 ‘tv,
3104 4365 3189 4419 ep.
3230 4348 3362 4401 125.

2422 4421 2496 4496 (μ)
2515 4417 2631 4474 Lib.
2658 4435 2833 4496 u,_ep.
2865 4420 2964 4496 οδε
2989 4447 3058 4496 ς-
3077 4417 3218 4496 )ςρὴ,
3245 4417 3430 4496 ἐπειδὴ
3451 4417 3722 4496 τᾲς-ἱερας
3745 4432 3935 4496 παρα-

674 4483 759 4560 ὃῖι
777 4483 1146 4560 ἐδ-πεισθῆναι
1168 4485 1261 4538 καὶ
1286 4484 1359 4560 pi}
1380 4525 1394 4549 ,
1419 4485 1526 4560 τῶν
1547 4483 1852 4560 ᾁκουόνεων
1877 4483 2124 4560 ἐστὶ,’διᾷ
2151 4489 2241 4540 τὸν
2279 4555 2310 4560 Δ
2350 4483 2650 4560 γρᾶᾠονται
2677 4528 2691 4552 ,
2721 4483 2942 4557 Γραφὰς
2984 4489 3052 4560 ἐκ
3097 4483 3381 4560 λογισμῶνΔ
3408 4483 3503 4539 καὶ
3539 4483 3942 4560 ’ἀποδεικτικῆς

709 4553 1297 4628 ᾖςηαὺτεξουσιότῃτοξ
1321 4553 1466 4625 δ’ρον,
1487 4556 1563 4628 §t’
1592 4556 1651 4608 ὃν
1700 4558 1792 4609 καὶ
1825 4558 1980 4628 ῥτῆς
2002 4553 2244 4628 κρίσεως
2279 4555 2322 4610 D
2350 4553 2588 4624 ἑᾶξέως,
2639 4553 3039 4626 ἀναήκαστικὺν
3079 4553 3483 4611 καιὲασκευάσαι
3539 4556 3694 4624 λόγον
3747 4553 3936 4625 παροι-

676 4623 951 4697 ῥςρλογός
987 4626 1129 4697 ἐστι-
1149 4623 1428 4697 1610;17:-
1474 4623 1742 4697 Caeterum
1784 4625 1854 4680 cf.
1902 4623 1996 4681 lib.
2048 4623 2104 4691 ν,
2151 4643 2238 4697 ep.

679 4693 816 4767 ᾕξᾙ
849 4721 921 4734 -
949 4694 1173 4767 ep._42;
1201 4709 1286 4767 ep.
1312 4693 1448 4760 219;
1486 4711 1572 4766 ep.
1603 4695 1739 4762 250;
1767 4712 1852 4766 ep.
1893 4697 1988 4752 4M
2016 4714 2030 4763 ;
2063 4729 2130 4738 —
2157 4693 2241 4767 ep.

680 4709 778 4816 ἓὲἰ
791 4735 816 4829 ς’
949 4709 1181 4828 iiii:
1201 4709 1281 4841 il;

752 4835 830 4888 (al
911 4836 984 4888 ih.
1014 4847 1086 4888 ιν.
1121 4850 1207 4888 en.
1238 4834 1281 4887 ιτ

752 4835 830 4909 (α)
865 4832 984 4889 Lib.
1014 4847 1207 4909 i_v,_ep.
1238 4833 1359 4909 ηδ.
1396 4832 1451 4888 In
1471 4835 1608 4909 _cod.
1642 4835 1760 4891 Vat.
1793 4836 1917 4904 650,
1945 4853 2054 4891 non
2090 4838 2250 4909 Προε-

681 4905 821 4985 σχξιρ
845 4936 920 4985 τι
951 4905 1044 4985 sed
1062 4905 1356 4985 .Hpocexitp
1380 4905 1640 4985 scriptum
1669 4916 1766 4985 est.

753 4959 828 5044 εὖ)
865 4959 1505 5038 Ριειῑοιιίε’ῑιεειῗιῐίοιιὶω⁸
1541 4959 1607 5030 ad
1633 4959 1839 5031 anima:
1870 4977 2251 5032 immortalita-

683 5054 789 5098 tem
817 5045 1151 5115 probandam
1175 5045 1337 5099 etiam
1366 5045 1491 5099 alibi
1523 5047 1692 5099 utitur
1718 5046 2009 5101 Pelusiola.

755 5117 822 5185 (ε)
867 5115 1017 5168 Hauc
1054 5116 1119 5169 de
1152 5116 1346 5170 anima:
1382 5117 1785 5172 immortalitate
1809 5118 2112 5172 doctrinam
2144 5126 2252 5171 tam

686 5201 902 5251 gravem
936 5201 1055 5239 esse
1084 5194 1268 5240 censet
1308 5185 1544 5239 Isidorus
1570 5227 1582 5246 ,
1616 5196 1676 5239 ut
1704 5189 1755 5240 in
1795 5187 2024 5256 epistola
2060 5189 2124 5242 ad
2159 5188 2254 5241 lsi-

686 5257 876 5327 «lorum
918 5257 1232 5327 episcopum
1280 5257 1401 5327 data
1426 5286 1492 5295 —
1533 5256 1626 5308 lib.
1666 5273 1737 5318 iv,
1767 5273 1850 5325 cp.
1888 5259 2254 5327 MG—plaue

689 5325 918 5387 doceat,
962 5325 1141 5379 Iesum
1192 5326 1468 5380 Christum
1515 5327 1674 5380 etiam
1709 5336 1987 5395 propterea
2031 5343 2060 5380 a
2100 5325 2256 5382 caelis

689 5396 1080 5466 descendisse,
1109 5406 1168 5449 ut
1207 5397 1309 5450 hoc
1352 5397 1544 5466 dogma
1593 5398 1647 5449 in
1696 5398 2004 5450 mortalium
2046 5401 2256 5452 animos

692 5464 1209 5547 revocaret.-_Yerba
1237 5464 1464 5547 .Graeca;
1515 5483 1635 5547 q_u:e
1686 5467 1789 5547 huc
1832 5476 2096 5547 spectant,
2145 5469 2258 5547 lizgc

694 5546 822 5607 sunt
850 5556 861 5589 :
890 5569 959 5579 -ο
992 5534 1133 5588 Ἦκε
1168 5538 1344 5607 τοίνυν
1372 5540 1399 5590 ὁ
1427 5533 1636 5607 Eon—inp,
1662 5537 1798 5601 μετὰ
1825 5533 1930 5589 τῶν
1961 5538 2154 5597 ἄλλων,
2184 5533 2258 5591 ὧν

694 5606 1046 5679 κατώρθωσε,
1085 5607 1191 5679 xui
1211 5606 1409 5677 ταύτης
1435 5606 1750 5679 ἀπαλλάξων
1782 5608 1904 5679 τοὺς
1944 5607 2260 5679 ἀνθρώπους

696 5678 794 5744 τῆς
833 5678 1100 5739 ὑπονοίας.
1133 5677 1242 5743 Τὴν
1281 5679 1387 5746 γὰρ
1417 5678 1513 5748 τῆς
1541 5678 1715 5747 ψυχῆς
1745 5677 2258 5748 ἀθανασίανόρισα-

701 5763 879 5832 μενος,
903 5750 964 5832 ἓν
997 5748 1073 5817 τῷ
1108 5748 1270 5832 φαναι
1294 5766 1304 5778 ·
1343 5767 1358 5795 ι
1532 5748 1586 5800 δὲ
1611 5749 1806 5832 ,ψυχὴν
1851 5750 1922 5832 μὴ
1949 5747 2260 5832 δυναμένων

696 5820 1029 5872 ἀποκτεῖναν
1055 5837 1071 5868 ›
1103 5819 1191 5871 καὶ
1215 5820 1310 5889 τὴν
1334 5818 1435 5875 τῶν
1473 5818 1735 5888 σωμάτιον
1767 5818 2059 5872 ἀνάστασιν
2089 5821 2254 5888 εὐαγ-

2362 4628 2693 4694 σκευὰζοντα
2725 4629 2870 4698 ἡμᾶς
2907 4629 2968 4681 τὸ
2994 4629 3160 4697 σαφὲς
3186 4628 3435 4681 συνιδεῖν.

2419 4699 2486 4769 (ε)
2518 4699 2635 4753 Lib.
2669 4695 2857 4818 tunc?
2886 4699 3006 4764 146,
3041 4695 3092 4766 p.
3126 4699 3261 4762 191,
3293 4699 3368 4751 lit.
3405 4698 3444 4750 Ι)
3471 4697 3579 4750 .lin.
3623 4695 3644 4749 1
3687 4715 3700 4751 :
3729 4725 3795 4736 -—
3829 4696 3942 4747 0'3-

2420 4769 2480 4818 ῡν
2514 4769 2698 4818 ἐπειδὴ
2733 4769 2800 4818 ’Έ
2833 4768 2970 4818 λτινά.
2996 4785 3054 4818 τε
3082 4768 3230 4818 ὄντα.
3266 4769 3358 4818 καὶ
3387 4767 3455 4818 τὰ
3497 4766 3767 4818 Ἑλλήνων
3799 4781 3942 4818 ποε-

2351 4766 2480 4839 κοῦν
2514 4769 2700 4839 ἐπειδὴ
2733 4766 2970 4839 Ἕλληνα
2996 4785 3054 4821 τε
3082 4768 3230 4839 ὄντα,
3266 4769 3358 4820 καὶ
3387 4767 3455 4839 τᾲ
3497 4766 3767 4839 Ἑλλήνων
3799 4781 3942 4834 πρε-

2353 4838 2633 4904 σϐεύοντα,
2796 4839 2859 4891 ὲκ
2889 4835 3006 4891 ’τῶν
3044 4838 3152 4896 σῶν
3194 4855 3252 4891 σε
3292 4835 3678 4908 χειρώσασθαι,
3715 4838 3941 4889 ἀντιτα-

2353 4909 2530 4970 κτέον,
2573 4926 2626 4962 κ.
2657 4926 2706 4961 τ.
2743 4909 2790 4961 λ.

2429 4978 2494 5049 (f)
2530 4977 2653 5049 Lib.
2698 4993 2759 5042 II,
2789 4993 2875 5047 ep.
2911 4977 2979 5032 46
3019 4998 3030 5032 :
3064 4972 3199 5031 Εἷπε
3237 4977 3314 5048 τῷ
3351 4975 3678 5049 διενεχθέντι
3706 5004 3774 5014 --
3808 4975 3936 5030 cod.

2355 5047 2484 5103 Bav.
2521 5048 2850 5118 διαλεχθέντι
2873 5079 2942 5088 —-—
2968 5049 3103 5118 πρὸς
3137 5049 3232 5111 σὲ,
3277 5047 3368 5101 καὶ
3393 5048 3461 5099 τὰ
3502 5047 3766 5112 Ἑλλήνων
3797 5061 3942 5118 πρε-

2359 5119 2624 5206 σϐεύοντι,
2659 5115 2728 5159 4-i-
2760 5120 2879 5172 cod.
2911 5115 3024 5206 {\lt,
3050 5119 3465 5206 πρεσβεήσαντί,
3496 5147 3565 5158 -
3593 5115 3937 5206 cpi-partu,

2356 5190 2437 5260 ᾇτι
2462 5190 2813 5260 καινήνγτινα
2846 5191 2938 5240 καὶ
2967 5183 3116 5260 παρᾶ
3143 5191 3242 5258 τὴν
3271 5189 3500 5258 ἀρχαίαν
3538 5217 3608 5226 ——
3644 5188 3778 5260 cod.‘
3813 5183 3936 5260 Vat.

2358 5258 2479 5314 649.
2511 5256 2754 5328 ἀρχαίων
2795 5287 2854 5298 —~
2881 5256 3538 5328 συνήθειαν,εἰσήγήσατο
3572 5256 3941 5328 πολιτείανςὸ

2359 5327 2707 5396 Εὑαγγέλιον,
2753 5331 2863 5390 ὅτι,
2896 5329 2940 5381 ὧ
2990 5327 3288 5398 σοφώτατε,
3331 5329 3656 5390 κινδυνεύεις
3696 5327 3936 5398 ἀγνοεῖν,

2359 5401 2439 5453 ὃτι
2479 5401 2578 5468 τὴν
2628 5399 2869 5469 πονηρὰν
2911 5397 3194 5469 συνήθειαν
3242 5399 3496 5467 καινότης
3548 5399 3681 5468 μόνη
3737 5397 3940 5449 παύειν

2363 5470 2600 5537 πέφυκε.
2628 5469 2738 5532 Διὸ,
2767 5486 2820 5525 κ,
2855 5486 2904 5522 τ.
2933 5470 2982 5522 λ.

2436 5539 2991 5615 (ρμὲβοιινεβυέξι
3159 5611 3195 5615 _
3308 5609 3413 5615 ._
3558 5609 3625 5615 ._
3778 5602 3895 5615 .-

2437 5605 2510 5680 (h)
2545 5610 2660 5664 Lib.
2694 5623 2750 5672 ιι,
2892 5611 2998 5665 228
3031 5627 3041 5662 :
3074 5641 3137 5651 —
3158 5609 3337 5681 Σεμνὴ
3358 5610 3464 5679 γὰρ
3487 5609 3578 5661 καὶ
3605 5605 3802 5681 ἧπαρ-ὰ
3827 5605 3940 5658 τῶν

2365 5677 2575 5750 ἐχθρῶν
2613 5677 2907 5748 μαρτυρία.
2947 5711 3011 5720 —-
3046 5697 3166 5749 qua:
3198 5677 3375 5734 verba
3410 5677 3693 5736 recurrunt
3722 5677 3814 5731 lib.
3850 5690 3936 5742 ιιι,

2366 5767 2453 5820 ep.
2488 5750 2622 5814 355;
2654 5750 2745 5804 lib.
2778 5767 2847 5814 ιν,
2874 5767 2958 5820 ep.
2981 5751 3108 5814 295,
3141 5762 3194 5808 et
3225 5751 3372 5806 alibi.

2442 5824 2501 5890 (ι)
2545 5821 2658 5875 Lib.
2694 5837 2748 5887 ιι,
2785 5837 2868 5888 ευρ.
2908 5821 3024 5877 ue.
