  <div class='ocr_page' id='page_1' title='image "/cluster/home/n/w/nwhite01/storage/ocr_20150623/78/pst.000005712779/052.png"; bbox 0 0 4150 6450; ppageno 0'>
   <div class='ocr_carea' id='block_1_1' title="bbox 118 381 3397 450">
    <p class='ocr_par' dir='ltr' id='par_1_1' title="bbox 118 381 3397 450">
     <span class='ocr_line' id='line_1_1' title="bbox 118 381 3397 450; baseline 0.002 -7"><span class='ocrx_word' id='word_1_1' title='bbox 118 383 170 443; x_wconf 65' lang='grc'><strong>80</strong></span> <span class='ocrx_word' id='word_1_2' title='bbox 1379 381 1672 447; x_wconf 81' lang='lat' dir='ltr'><strong>ISIDORI</strong></span> <span class='ocrx_word' id='word_1_3' title='bbox 1714 386 2120 450; x_wconf 80' lang='lat' dir='ltr'><strong>DOCTRINA.</strong></span> <span class='ocrx_word' id='word_1_4' title='bbox 3325 385 3397 448; x_wconf 78' lang='lat'><strong>90</strong></span> 
     </span>
    </p>
   </div>
   <div class='ocr_carea' id='block_1_2' title="bbox 117 490 3396 568">
    <p class='ocr_par' dir='ltr' id='par_1_2' title="bbox 117 490 3396 568">
     <span class='ocr_line' id='line_1_2' title="bbox 117 490 3396 568; baseline 0.003 -24"><span class='ocrx_word' id='word_1_5' title='bbox 117 492 358 556; x_wconf 73' lang='lat' dir='ltr'><strong>Aristidis,</strong></span> <span class='ocrx_word' id='word_1_6' title='bbox 386 490 784 563; x_wconf 65' lang='lat' dir='ltr'><strong>Epaminonda</strong></span> <span class='ocrx_word' id='word_1_7' title='bbox 807 532 824 558; x_wconf 94' lang='lat'><strong>,</strong></span> <span class='ocrx_word' id='word_1_8' title='bbox 855 491 1060 559; x_wconf 87' lang='lat' dir='ltr'><strong>Cratis,</strong></span> <span class='ocrx_word' id='word_1_9' title='bbox 1099 491 1409 560; x_wconf 85' lang='lat' dir='ltr'><strong>Pbocionis,</strong></span> <span class='ocrx_word' id='word_1_10' title='bbox 1439 495 1683 552; x_wconf 76' lang='lat' dir='ltr'><strong>Platonis</strong></span> <span class='ocrx_word' id='word_1_11' title='bbox 1712 500 1758 557; x_wconf 87' lang='grc' dir='ltr'><strong>Α</strong></span> <span class='ocrx_word' id='word_1_12' title='bbox 1783 498 2030 554; x_wconf 84' lang='lat' dir='ltr'><strong>minibus</strong></span> <span class='ocrx_word' id='word_1_13' title='bbox 2077 496 2466 553; x_wconf 77' lang='lat' dir='ltr'><strong>demandatum</strong></span> <span class='ocrx_word' id='word_1_14' title='bbox 2489 537 2504 563; x_wconf 94' lang='lat'><strong>,</strong></span> <span class='ocrx_word' id='word_1_15' title='bbox 2561 495 2716 552; x_wconf 89' lang='lat' dir='ltr'><strong>brevi</strong></span> <span class='ocrx_word' id='word_1_16' title='bbox 2766 494 3032 568; x_wconf 89' lang='lat' dir='ltr'><strong>temporis</strong></span> <span class='ocrx_word' id='word_1_17' title='bbox 3063 495 3243 567; x_wconf 89' lang='lat' dir='ltr'><strong>spatio</strong></span> <span class='ocrx_word' id='word_1_18' title='bbox 3288 495 3396 553; x_wconf 88' lang='lat' dir='ltr'><strong>late</strong></span> 
     </span>
    </p>
   </div>
   <div class='ocr_carea' id='block_1_3' title="bbox 103 585 1116 657">
    <p class='ocr_par' dir='ltr' id='par_1_3' title="bbox 103 585 1116 657">
     <span class='ocr_line' id='line_1_3' title="bbox 103 585 1116 657; baseline -0.001 -16"><span class='ocrx_word' id='word_1_19' title='bbox 103 591 420 657; x_wconf 75' lang='lat' dir='ltr'><strong>aliorumque</strong></span> <span class='ocrx_word' id='word_1_20' title='bbox 443 587 839 642; x_wconf 67' lang='lat' dir='ltr'><strong>auctoritatem</strong></span> <span class='ocrx_word' id='word_1_21' title='bbox 871 585 1116 657; x_wconf 89' lang='lat' dir='ltr'><strong>opponit.</strong></span> 
     </span>
    </p>
   </div>
   <div class='ocr_carea' id='block_1_4' title="bbox 167 677 1682 749">
    <p class='ocr_par' dir='ltr' id='par_1_4' title="bbox 167 677 1682 749">
     <span class='ocr_line' id='line_1_4' title="bbox 167 677 1682 749; baseline 0 -15"><span class='ocrx_word' id='word_1_22' title='bbox 167 679 331 734; x_wconf 85' lang='lat' dir='ltr'><strong>Simili</strong></span> <span class='ocrx_word' id='word_1_23' title='bbox 377 678 542 732; x_wconf 91' lang='lat' dir='ltr'><strong>modo</strong></span> <span class='ocrx_word' id='word_1_24' title='bbox 593 687 790 733; x_wconf 90' lang='lat' dir='ltr'><strong>contra</strong></span> <span class='ocrx_word' id='word_1_25' title='bbox 839 693 938 734; x_wconf 89' lang='lat' dir='ltr'><strong>eos</strong></span> <span class='ocrx_word' id='word_1_26' title='bbox 981 677 1121 749; x_wconf 92' lang='lat' dir='ltr'><strong>agit,</strong></span> <span class='ocrx_word' id='word_1_27' title='bbox 1170 679 1262 749; x_wconf 88' lang='lat' dir='ltr'><strong>qui</strong></span> <span class='ocrx_word' id='word_1_28' title='bbox 1308 678 1682 749; x_wconf 81' lang='lat' dir='ltr'><strong>apostolorum</strong></span> 
     </span>
    </p>
   </div>
   <div class='ocr_carea' id='block_1_5' title="bbox 99 771 1687 844">
    <p class='ocr_par' dir='ltr' id='par_1_5' title="bbox 99 771 1687 844">
     <span class='ocr_line' id='line_1_5' title="bbox 99 771 1687 844; baseline 0.002 -19"><span class='ocrx_word' id='word_1_29' title='bbox 99 772 392 826; x_wconf 83' lang='lat' dir='ltr'><strong>doctrinam</strong></span> <span class='ocrx_word' id='word_1_30' title='bbox 437 786 551 825; x_wconf 90' lang='lat' dir='ltr'><strong>nou</strong></span> <span class='ocrx_word' id='word_1_31' title='bbox 595 771 841 826; x_wconf 72' lang='lat' dir='ltr'><strong>divinam</strong></span> <span class='ocrx_word' id='word_1_32' title='bbox 882 785 1004 826; x_wconf 86' lang='lat' dir='ltr'><strong>esse</strong></span> <span class='ocrx_word' id='word_1_33' title='bbox 1050 785 1115 826; x_wconf 81' lang='lat' dir='ltr'><strong>ex</strong></span> <span class='ocrx_word' id='word_1_34' title='bbox 1148 772 1297 827; x_wconf 92' lang='lat' dir='ltr'><strong>tenui</strong></span> <span class='ocrx_word' id='word_1_35' title='bbox 1351 772 1565 828; x_wconf 90' lang='lat' dir='ltr'><strong>illorum</strong></span> <span class='ocrx_word' id='word_1_36' title='bbox 1597 789 1687 844; x_wconf 89' lang='lat' dir='ltr'><strong>ge-</strong></span> 
     </span>
    </p>
   </div>
   <div class='ocr_carea' id='block_1_6' title="bbox 98 859 1686 934">
    <p class='ocr_par' dir='ltr' id='par_1_6' title="bbox 98 859 1686 934">
     <span class='ocr_line' id='line_1_6' title="bbox 98 859 1686 934; baseline 0.001 -18"><span class='ocrx_word' id='word_1_37' title='bbox 98 879 218 918; x_wconf 77' lang='lat' dir='ltr'><strong>uere</strong></span> <span class='ocrx_word' id='word_1_38' title='bbox 241 861 522 918; x_wconf 71' lang='lat' dir='ltr'><strong>Scribendi</strong></span> <span class='ocrx_word' id='word_1_39' title='bbox 549 861 909 934; x_wconf 84' lang='lat' dir='ltr'><strong>collegerunt.</strong></span> <span class='ocrx_word' id='word_1_40' title='bbox 952 859 1016 915; x_wconf 76' lang='lat' dir='ltr'><strong>lli</strong></span> <span class='ocrx_word' id='word_1_41' title='bbox 1044 862 1212 928; x_wconf 90' lang='lat' dir='ltr'><strong>enim,</strong></span> <span class='ocrx_word' id='word_1_42' title='bbox 1235 863 1305 918; x_wconf 93' lang='lat' dir='ltr'><strong>de</strong></span> <span class='ocrx_word' id='word_1_43' title='bbox 1339 862 1531 919; x_wconf 87' lang='lat' dir='ltr'><strong>lsidori</strong></span> <span class='ocrx_word' id='word_1_44' title='bbox 1558 880 1686 919; x_wconf 89' lang='lat' dir='ltr'><strong>seu-</strong></span> 
     </span>
    </p>
   </div>
   <div class='ocr_carea' id='block_1_7' title="bbox 97 953 1686 1024">
    <p class='ocr_par' dir='ltr' id='par_1_7' title="bbox 97 953 1686 1024">
     <span class='ocr_line' id='line_1_7' title="bbox 97 953 1686 1024; baseline 0.002 -17"><span class='ocrx_word' id='word_1_45' title='bbox 97 957 277 1018; x_wconf 83' lang='lat' dir='ltr'><strong>tentia,</strong></span> <span class='ocrx_word' id='word_1_46' title='bbox 303 969 431 1008; x_wconf 86' lang='lat' dir='ltr'><strong>eum</strong></span> <span class='ocrx_word' id='word_1_47' title='bbox 481 953 827 1024; x_wconf 82' lang='lat' dir='ltr'><strong>philosophis</strong></span> <span class='ocrx_word' id='word_1_48' title='bbox 855 959 912 1007; x_wconf 89' lang='lat' dir='ltr'><strong>et</strong></span> <span class='ocrx_word' id='word_1_49' title='bbox 957 953 1164 1023; x_wconf 89' lang='lat' dir='ltr'><strong>poetis.</strong></span> <span class='ocrx_word' id='word_1_50' title='bbox 1207 953 1406 1024; x_wconf 85' lang='lat' dir='ltr'><strong>quibus</strong></span> <span class='ocrx_word' id='word_1_51' title='bbox 1451 955 1686 1010; x_wconf 80' lang='lat' dir='ltr'><strong>maxima</strong></span> 
     </span>
    </p>
   </div>
   <div class='ocr_carea' id='block_1_8' title="bbox 95 1038 1680 1110">
    <p class='ocr_par' dir='ltr' id='par_1_8' title="bbox 95 1038 1680 1110">
     <span class='ocr_line' id='line_1_8' title="bbox 95 1038 1680 1110; baseline 0.001 -17"><span class='ocrx_word' id='word_1_52' title='bbox 95 1040 228 1110; x_wconf 85' lang='lat' dir='ltr'><strong>apud</strong></span> <span class='ocrx_word' id='word_1_53' title='bbox 275 1038 504 1094; x_wconf 66' lang='lat' dir='ltr'><strong>Graecos</strong></span> <span class='ocrx_word' id='word_1_54' title='bbox 531 1038 702 1109; x_wconf 88' lang='lat' dir='ltr'><strong>gloria</strong></span> <span class='ocrx_word' id='word_1_55' title='bbox 735 1045 820 1092; x_wconf 91' lang='lat' dir='ltr'><strong>est</strong></span> <span class='ocrx_word' id='word_1_56' title='bbox 847 1045 902 1092; x_wconf 92' lang='lat' dir='ltr'><strong>et</strong></span> <span class='ocrx_word' id='word_1_57' title='bbox 931 1038 1246 1102; x_wconf 80' lang='lat' dir='ltr'><strong>auctoritas,</strong></span> <span class='ocrx_word' id='word_1_58' title='bbox 1285 1039 1512 1096; x_wconf 91' lang='lat' dir='ltr'><strong>minime</strong></span> <span class='ocrx_word' id='word_1_59' title='bbox 1537 1054 1680 1094; x_wconf 92' lang='lat' dir='ltr'><strong>con-</strong></span> 
     </span>
    </p>
   </div>
   <div class='ocr_carea' id='block_1_9' title="bbox 97 1125 1681 1201">
    <p class='ocr_par' dir='ltr' id='par_1_9' title="bbox 97 1125 1681 1201">
     <span class='ocr_line' id='line_1_9' title="bbox 97 1125 1681 1201; baseline 0.001 -16"><span class='ocrx_word' id='word_1_60' title='bbox 97 1131 375 1196; x_wconf 82' lang='lat' dir='ltr'><strong>sentiunt;</strong></span> <span class='ocrx_word' id='word_1_61' title='bbox 420 1144 549 1184; x_wconf 88' lang='lat' dir='ltr'><strong>cum</strong></span> <span class='ocrx_word' id='word_1_62' title='bbox 598 1127 852 1183; x_wconf 81' lang='lat' dir='ltr'><strong>Socrates</strong></span> <span class='ocrx_word' id='word_1_63' title='bbox 888 1129 1034 1199; x_wconf 89' lang='lat' dir='ltr'><strong>apud</strong></span> <span class='ocrx_word' id='word_1_64' title='bbox 1081 1125 1362 1185; x_wconf 79' lang='lat' dir='ltr'><strong>Platonem</strong></span> <span class='ocrx_word' id='word_1_65' title='bbox 1404 1141 1681 1201; x_wconf 85' lang='lat' dir='ltr'><strong>comptam</strong></span> 
     </span>
    </p>
   </div>
   <div class='ocr_carea' id='block_1_10' title="bbox 94 1218 1689 1292">
    <p class='ocr_par' dir='ltr' id='par_1_10' title="bbox 94 1218 1689 1292">
     <span class='ocr_line' id='line_1_10' title="bbox 94 1218 1689 1292; baseline 0.003 -17"><span class='ocrx_word' id='word_1_66' title='bbox 94 1225 393 1276; x_wconf 77' lang='lat' dir='ltr'><strong>orationem</strong></span> <span class='ocrx_word' id='word_1_67' title='bbox 446 1218 778 1290; x_wconf 87' lang='lat' dir='ltr'><strong>philosopho</strong></span> <span class='ocrx_word' id='word_1_68' title='bbox 822 1219 1098 1292; x_wconf 75' lang='lat' dir='ltr'><strong>indignam</strong></span> <span class='ocrx_word' id='word_1_69' title='bbox 1147 1235 1270 1277; x_wconf 90' lang='lat' dir='ltr'><strong>esse</strong></span> <span class='ocrx_word' id='word_1_70' title='bbox 1325 1232 1588 1289; x_wconf 84' lang='lat' dir='ltr'><strong>censeat,</strong></span> <span class='ocrx_word' id='word_1_71' title='bbox 1631 1234 1689 1279; x_wconf 91' lang='lat' dir='ltr'><strong>et</strong></span> 
     </span>
    </p>
   </div>
   <div class='ocr_carea' id='block_1_11' title="bbox 103 1312 1689 1382">
    <p class='ocr_par' dir='ltr' id='par_1_11' title="bbox 103 1312 1689 1382">
     <span class='ocr_line' id='line_1_11' title="bbox 103 1312 1689 1382; baseline 0.003 -15"><span class='ocrx_word' id='word_1_72' title='bbox 103 1314 362 1369; x_wconf 82' lang='lat' dir='ltr'><strong>llomerus</strong></span> <span class='ocrx_word' id='word_1_73' title='bbox 388 1322 554 1374; x_wconf 79' lang='lat' dir='ltr'><strong>poeta</strong></span> <span class='ocrx_word' id='word_1_74' title='bbox 577 1312 797 1368; x_wconf 89' lang='lat' dir='ltr'><strong>divinus</strong></span> <span class='ocrx_word' id='word_1_75' title='bbox 818 1329 924 1368; x_wconf 91' lang='lat' dir='ltr'><strong>non</strong></span> <span class='ocrx_word' id='word_1_76' title='bbox 944 1327 1066 1368; x_wconf 87' lang='lat' dir='ltr'><strong>esse</strong></span> <span class='ocrx_word' id='word_1_77' title='bbox 1086 1328 1315 1370; x_wconf 85' lang='lat' dir='ltr'><strong>necesse</strong></span> <span class='ocrx_word' id='word_1_78' title='bbox 1341 1313 1602 1382; x_wconf 81' lang='lat' dir='ltr'><strong>declaret,</strong></span> <span class='ocrx_word' id='word_1_79' title='bbox 1627 1326 1689 1372; x_wconf 90' lang='lat' dir='ltr'><strong>ut</strong></span> 
     </span>
    </p>
   </div>
   <div class='ocr_carea' id='block_1_12' title="bbox 101 1403 1688 1478">
    <p class='ocr_par' dir='ltr' id='par_1_12' title="bbox 101 1403 1688 1478">
     <span class='ocr_line' id='line_1_12' title="bbox 101 1403 1688 1478; baseline 0.002 -19"><span class='ocrx_word' id='word_1_80' title='bbox 101 1423 270 1461; x_wconf 87' lang='lat' dir='ltr'><strong>rerum</strong></span> <span class='ocrx_word' id='word_1_81' title='bbox 303 1407 621 1461; x_wconf 86' lang='lat' dir='ltr'><strong>divinarum</strong></span> <span class='ocrx_word' id='word_1_82' title='bbox 649 1405 902 1460; x_wconf 89' lang='lat' dir='ltr'><strong>doctores</strong></span> <span class='ocrx_word' id='word_1_83' title='bbox 929 1403 1014 1459; x_wconf 87' lang='lat' dir='ltr'><strong>vel</strong></span> <span class='ocrx_word' id='word_1_84' title='bbox 1046 1403 1146 1459; x_wconf 83' lang='lat' dir='ltr'><strong>viri</strong></span> <span class='ocrx_word' id='word_1_85' title='bbox 1169 1403 1401 1475; x_wconf 84' lang='lat' dir='ltr'><strong>alicujus</strong></span> <span class='ocrx_word' id='word_1_86' title='bbox 1430 1406 1688 1478; x_wconf 83' lang='lat' dir='ltr'><strong>discipuli</strong></span> 
     </span>
    </p>
   </div>
   <div class='ocr_carea' id='block_1_13' title="bbox 97 1495 1686 1570">
    <p class='ocr_par' dir='ltr' id='par_1_13' title="bbox 97 1495 1686 1570">
     <span class='ocr_line' id='line_1_13' title="bbox 97 1495 1686 1570; baseline 0 -16"><span class='ocrx_word' id='word_1_87' title='bbox 97 1499 214 1564; x_wconf 78' lang='lat' dir='ltr'><strong>sint,</strong></span> <span class='ocrx_word' id='word_1_88' title='bbox 237 1499 323 1553; x_wconf 70' lang='lat' dir='ltr'><strong>vel</strong></span> <span class='ocrx_word' id='word_1_89' title='bbox 360 1498 665 1553; x_wconf 82' lang='lat' dir='ltr'><strong>humanam</strong></span> <span class='ocrx_word' id='word_1_90' title='bbox 690 1496 960 1570; x_wconf 86' lang='lat' dir='ltr'><strong>cognitam</strong></span> <span class='ocrx_word' id='word_1_91' title='bbox 989 1495 1226 1552; x_wconf 86' lang='lat' dir='ltr'><strong>habeant</strong></span> <span class='ocrx_word' id='word_1_92' title='bbox 1244 1497 1567 1568; x_wconf 84' lang='lat' dir='ltr'><strong>sapientiam</strong></span> <span class='ocrx_word' id='word_1_93' title='bbox 1585 1500 1686 1570; x_wconf 83' lang='grc' dir='ltr'><strong>(α).</strong></span> 
     </span>
    </p>
   </div>
   <div class='ocr_carea' id='block_1_14' title="bbox 158 1607 1693 1691">
    <p class='ocr_par' dir='ltr' id='par_1_14' title="bbox 158 1607 1693 1691">
     <span class='ocr_line' id='line_1_14' title="bbox 158 1607 1693 1691; baseline 0.002 -28"><span class='ocrx_word' id='word_1_94' title='bbox 158 1609 263 1664; x_wconf 87' lang='lat' dir='ltr'><strong>Sed</strong></span> <span class='ocrx_word' id='word_1_95' title='bbox 293 1610 388 1678; x_wconf 89' lang='lat' dir='ltr'><strong>qui</strong></span> <span class='ocrx_word' id='word_1_96' title='bbox 417 1624 535 1663; x_wconf 88' lang='lat' dir='ltr'><strong>non</strong></span> <span class='ocrx_word' id='word_1_97' title='bbox 569 1617 679 1663; x_wconf 88' lang='lat' dir='ltr'><strong>tam</strong></span> <span class='ocrx_word' id='word_1_98' title='bbox 714 1615 902 1663; x_wconf 87' lang='lat' dir='ltr'><strong>contra</strong></span> <span class='ocrx_word' id='word_1_99' title='bbox 931 1607 1322 1664; x_wconf 88' lang='lat' dir='ltr'><strong>celeberrimos</strong></span> <span class='ocrx_word' id='word_1_100' title='bbox 1359 1620 1532 1679; x_wconf 87' lang='lat' dir='ltr'><strong>agunt</strong></span> <span class='ocrx_word' id='word_1_101' title='bbox 1560 1626 1693 1691; x_wconf 84' lang='lat' dir='ltr'><strong>poe-</strong></span> 
     </span>
    </p>
   </div>
   <div class='ocr_carea' id='block_1_15' title="bbox 99 1701 1694 1774">
    <p class='ocr_par' dir='ltr' id='par_1_15' title="bbox 99 1701 1694 1774">
     <span class='ocr_line' id='line_1_15' title="bbox 99 1701 1694 1774; baseline 0 -16"><span class='ocrx_word' id='word_1_102' title='bbox 99 1713 170 1758; x_wconf 75' lang='lat' dir='ltr'><strong>tas</strong></span> <span class='ocrx_word' id='word_1_103' title='bbox 215 1714 272 1758; x_wconf 82' lang='lat' dir='ltr'><strong>et</strong></span> <span class='ocrx_word' id='word_1_104' title='bbox 314 1701 723 1774; x_wconf 87' lang='lat' dir='ltr'><strong>philosophos,</strong></span> <span class='ocrx_word' id='word_1_105' title='bbox 769 1715 931 1770; x_wconf 89' lang='lat' dir='ltr'><strong>quam</strong></span> <span class='ocrx_word' id='word_1_106' title='bbox 984 1711 1173 1756; x_wconf 85' lang='lat' dir='ltr'><strong>contra</strong></span> <span class='ocrx_word' id='word_1_107' title='bbox 1217 1716 1340 1758; x_wconf 86' lang='lat' dir='ltr'><strong>sese</strong></span> <span class='ocrx_word' id='word_1_108' title='bbox 1393 1703 1694 1773; x_wconf 89' lang='lat' dir='ltr'><strong>loquuntur</strong></span> 
     </span>
    </p>
   </div>
   <div class='ocr_carea' id='block_1_16' title="bbox 99 1797 1687 1872">
    <p class='ocr_par' dir='ltr' id='par_1_16' title="bbox 99 1797 1687 1872">
     <span class='ocr_line' id='line_1_16' title="bbox 99 1797 1687 1872; baseline 0.001 -19"><span class='ocrx_word' id='word_1_109' title='bbox 99 1800 220 1869; x_wconf 84' lang='lat' dir='ltr'><strong>ipsi,</strong></span> <span class='ocrx_word' id='word_1_110' title='bbox 267 1799 396 1872; x_wconf 88' lang='lat' dir='ltr'><strong>jure</strong></span> <span class='ocrx_word' id='word_1_111' title='bbox 436 1797 761 1854; x_wconf 87' lang='lat' dir='ltr'><strong>deridentur</strong></span> <span class='ocrx_word' id='word_1_112' title='bbox 801 1797 872 1852; x_wconf 90' lang='lat' dir='ltr'><strong>ab</strong></span> <span class='ocrx_word' id='word_1_113' title='bbox 899 1798 1176 1853; x_wconf 81' lang='lat' dir='ltr'><strong>omnibus.</strong></span> <span class='ocrx_word' id='word_1_114' title='bbox 1221 1797 1301 1853; x_wconf 89' lang='lat' dir='ltr'><strong>Ita</strong></span> <span class='ocrx_word' id='word_1_115' title='bbox 1353 1797 1409 1853; x_wconf 90' lang='lat' dir='ltr'><strong>in</strong></span> <span class='ocrx_word' id='word_1_116' title='bbox 1455 1799 1687 1870; x_wconf 91' lang='lat' dir='ltr'><strong>epistola</strong></span> 
     </span>
    </p>
   </div>
   <div class='ocr_carea' id='block_1_17' title="bbox 98 1889 1688 1962">
    <p class='ocr_par' dir='ltr' id='par_1_17' title="bbox 98 1889 1688 1962">
     <span class='ocr_line' id='line_1_17' title="bbox 98 1889 1688 1962; baseline 0.001 -16"><span class='ocrx_word' id='word_1_117' title='bbox 98 1893 154 1946; x_wconf 85' lang='lat' dir='ltr'><strong>ad</strong></span> <span class='ocrx_word' id='word_1_118' title='bbox 205 1891 592 1962; x_wconf 62' lang='lat' dir='ltr'><strong>hculapium</strong></span> <span class='ocrx_word' id='word_1_119' title='bbox 639 1889 937 1960; x_wconf 83' lang='lat' dir='ltr'><strong>sophistam</strong></span> <span class='ocrx_word' id='word_1_120' title='bbox 970 1890 1043 1962; x_wconf 72' lang='grc' dir='ltr'><strong>(ὁ)</strong></span> <span class='ocrx_word' id='word_1_121' title='bbox 1088 1898 1280 1946; x_wconf 88' lang='lat' dir='ltr'><strong>narrat</strong></span> <span class='ocrx_word' id='word_1_122' title='bbox 1323 1889 1596 1957; x_wconf 90' lang='lat' dir='ltr'><strong>Isidorus,</strong></span> <span class='ocrx_word' id='word_1_123' title='bbox 1629 1907 1688 1947; x_wconf 91' lang='lat' dir='ltr'><strong>se</strong></span> 
     </span>
    </p>
   </div>
   <div class='ocr_carea' id='block_1_18' title="bbox 98 1980 1688 2055">
    <p class='ocr_par' dir='ltr' id='par_1_18' title="bbox 98 1980 1688 2055">
     <span class='ocr_line' id='line_1_18' title="bbox 98 1980 1688 2055; baseline 0.002 -19"><span class='ocrx_word' id='word_1_124' title='bbox 98 1983 381 2052; x_wconf 76' lang='lat' dir='ltr'><strong>aliquando</strong></span> <span class='ocrx_word' id='word_1_125' title='bbox 431 1997 561 2037; x_wconf 88' lang='lat' dir='ltr'><strong>cum</strong></span> <span class='ocrx_word' id='word_1_126' title='bbox 613 1980 944 2052; x_wconf 90' lang='lat' dir='ltr'><strong>philosopho</strong></span> <span class='ocrx_word' id='word_1_127' title='bbox 993 1980 1215 2050; x_wconf 65' lang='lat' dir='ltr'><strong>Graeco,</strong></span> <span class='ocrx_word' id='word_1_128' title='bbox 1270 1999 1523 2055; x_wconf 87' lang='lat' dir='ltr'><strong>magnam</strong></span> <span class='ocrx_word' id='word_1_129' title='bbox 1571 1986 1688 2040; x_wconf 89' lang='lat' dir='ltr'><strong>elo-</strong></span> 
     </span>
    </p>
   </div>
   <div class='ocr_carea' id='block_1_19' title="bbox 97 2069 1687 2144">
    <p class='ocr_par' dir='ltr' id='par_1_19' title="bbox 97 2069 1687 2144">
     <span class='ocr_line' id='line_1_19' title="bbox 97 2069 1687 2144; baseline 0.004 -21"><span class='ocrx_word' id='word_1_130' title='bbox 97 2071 322 2139; x_wconf 69' lang='lat' dir='ltr'><strong>quentia:</strong></span> <span class='ocrx_word' id='word_1_131' title='bbox 369 2070 608 2142; x_wconf 77' lang='lat' dir='ltr'><strong>gloriam</strong></span> <span class='ocrx_word' id='word_1_132' title='bbox 643 2069 872 2141; x_wconf 89' lang='lat' dir='ltr'><strong>adepto,</strong></span> <span class='ocrx_word' id='word_1_133' title='bbox 910 2071 1100 2127; x_wconf 87' lang='lat' dir='ltr'><strong>iniisse</strong></span> <span class='ocrx_word' id='word_1_134' title='bbox 1131 2081 1449 2139; x_wconf 82' lang='lat' dir='ltr'><strong>certamen;</strong></span> <span class='ocrx_word' id='word_1_135' title='bbox 1485 2089 1687 2144; x_wconf 88' lang='lat' dir='ltr'><strong>seque,</strong></span> 
     </span>
    </p>
   </div>
   <div class='ocr_carea' id='block_1_20' title="bbox 102 2160 1690 2232">
    <p class='ocr_par' dir='ltr' id='par_1_20' title="bbox 102 2160 1690 2232">
     <span class='ocr_line' id='line_1_20' title="bbox 102 2160 1690 2232; baseline 0.001 -14"><span class='ocrx_word' id='word_1_136' title='bbox 102 2179 210 2218; x_wconf 76' lang='lat' dir='ltr'><strong>tum</strong></span> <span class='ocrx_word' id='word_1_137' title='bbox 240 2164 330 2218; x_wconf 88' lang='lat' dir='ltr'><strong>ille</strong></span> <span class='ocrx_word' id='word_1_138' title='bbox 361 2163 527 2232; x_wconf 89' lang='lat' dir='ltr'><strong>plura</strong></span> <span class='ocrx_word' id='word_1_139' title='bbox 555 2161 626 2216; x_wconf 87' lang='lat' dir='ltr'><strong>de</strong></span> <span class='ocrx_word' id='word_1_140' title='bbox 650 2160 778 2216; x_wconf 90' lang='lat' dir='ltr'><strong>Iesu</strong></span> <span class='ocrx_word' id='word_1_141' title='bbox 807 2161 1014 2218; x_wconf 85' lang='lat' dir='ltr'><strong>Christi</strong></span> <span class='ocrx_word' id='word_1_142' title='bbox 1059 2165 1393 2224; x_wconf 85' lang='lat' dir='ltr'><strong>cruciatibus</strong></span> <span class='ocrx_word' id='word_1_143' title='bbox 1421 2175 1480 2221; x_wconf 89' lang='lat' dir='ltr'><strong>et</strong></span> <span class='ocrx_word' id='word_1_144' title='bbox 1511 2176 1690 2221; x_wconf 88' lang='lat' dir='ltr'><strong>morte</strong></span> 
     </span>
    </p>
   </div>
   <div class='ocr_carea' id='block_1_21' title="bbox 103 2252 1688 2327">
    <p class='ocr_par' dir='ltr' id='par_1_21' title="bbox 103 2252 1688 2327">
     <span class='ocr_line' id='line_1_21' title="bbox 103 2252 1688 2327; baseline 0.002 -20"><span class='ocrx_word' id='word_1_145' title='bbox 103 2256 260 2324; x_wconf 78' lang='lat' dir='ltr'><strong>palam</strong></span> <span class='ocrx_word' id='word_1_146' title='bbox 280 2255 544 2317; x_wconf 65' lang='lat' dir='ltr'><strong>dixisset,</strong></span> <span class='ocrx_word' id='word_1_147' title='bbox 573 2252 988 2323; x_wconf 86' lang='lat' dir='ltr'><strong>orationemque</strong></span> <span class='ocrx_word' id='word_1_148' title='bbox 1016 2253 1162 2310; x_wconf 90' lang='lat' dir='ltr'><strong>illius</strong></span> <span class='ocrx_word' id='word_1_149' title='bbox 1191 2271 1422 2327; x_wconf 88' lang='lat' dir='ltr'><strong>magnus</strong></span> <span class='ocrx_word' id='word_1_150' title='bbox 1443 2256 1688 2310; x_wconf 91' lang='lat' dir='ltr'><strong>omnium</strong></span> 
     </span>
    </p>
   </div>
   <div class='ocr_carea' id='block_1_22' title="bbox 103 2345 1692 2418">
    <p class='ocr_par' dir='ltr' id='par_1_22' title="bbox 103 2345 1692 2418">
     <span class='ocr_line' id='line_1_22' title="bbox 103 2345 1692 2418; baseline 0.001 -17"><span class='ocrx_word' id='word_1_151' title='bbox 103 2355 423 2402; x_wconf 82' lang='lat' dir='ltr'><strong>consecutus</strong></span> <span class='ocrx_word' id='word_1_152' title='bbox 453 2355 606 2401; x_wconf 47' lang='lat' dir='ltr'><strong>esset</strong></span> <span class='ocrx_word' id='word_1_153' title='bbox 647 2345 808 2410; x_wconf 83' lang='lat' dir='ltr'><strong>risus,</strong></span> <span class='ocrx_word' id='word_1_154' title='bbox 843 2345 1087 2401; x_wconf 88' lang='lat' dir='ltr'><strong>modeste</strong></span> <span class='ocrx_word' id='word_1_155' title='bbox 1119 2357 1175 2402; x_wconf 89' lang='lat' dir='ltr'><strong>et</strong></span> <span class='ocrx_word' id='word_1_156' title='bbox 1217 2348 1508 2418; x_wconf 88' lang='lat' dir='ltr'><strong>tranquille</strong></span> <span class='ocrx_word' id='word_1_157' title='bbox 1539 2363 1692 2418; x_wconf 71' lang='lat' dir='ltr'><strong>quae-</strong></span> 
     </span>
    </p>
   </div>
   <div class='ocr_carea' id='block_1_23' title="bbox 103 2437 1690 2505">
    <p class='ocr_par' dir='ltr' id='par_1_23' title="bbox 103 2437 1690 2505">
     <span class='ocr_line' id='line_1_23' title="bbox 103 2437 1690 2505; baseline 0.002 -13"><span class='ocrx_word' id='word_1_158' title='bbox 103 2440 280 2494; x_wconf 66' lang='lat' dir='ltr'><strong>sivisse</strong></span> <span class='ocrx_word' id='word_1_159' title='bbox 326 2454 398 2494; x_wconf 77' lang='lat' dir='ltr'><strong>ex</strong></span> <span class='ocrx_word' id='word_1_160' title='bbox 432 2453 542 2502; x_wconf 90' lang='lat' dir='ltr'><strong>eo,</strong></span> <span class='ocrx_word' id='word_1_161' title='bbox 590 2452 699 2505; x_wconf 82' lang='lat' dir='ltr'><strong>quo</strong></span> <span class='ocrx_word' id='word_1_162' title='bbox 745 2438 909 2493; x_wconf 92' lang='lat' dir='ltr'><strong>modo</strong></span> <span class='ocrx_word' id='word_1_163' title='bbox 939 2437 1126 2493; x_wconf 87' lang='lat' dir='ltr'><strong>Iesum</strong></span> <span class='ocrx_word' id='word_1_164' title='bbox 1172 2453 1366 2495; x_wconf 82' lang='lat' dir='ltr'><strong>revera</strong></span> <span class='ocrx_word' id='word_1_165' title='bbox 1413 2450 1690 2495; x_wconf 91' lang='lat' dir='ltr'><strong>mortuum</strong></span> 
     </span>
    </p>
   </div>
   <div class='ocr_carea' id='block_1_24' title="bbox 102 2527 1690 2600">
    <p class='ocr_par' dir='ltr' id='par_1_24' title="bbox 102 2527 1690 2600">
     <span class='ocr_line' id='line_1_24' title="bbox 102 2527 1690 2600; baseline 0.003 -17"><span class='ocrx_word' id='word_1_166' title='bbox 102 2530 349 2599; x_wconf 75' lang='lat' dir='ltr'><strong>trucique</strong></span> <span class='ocrx_word' id='word_1_167' title='bbox 381 2542 512 2583; x_wconf 88' lang='lat' dir='ltr'><strong>esse</strong></span> <span class='ocrx_word' id='word_1_168' title='bbox 555 2527 775 2582; x_wconf 73' lang='lat' dir='ltr'><strong>aﬂlxum</strong></span> <span class='ocrx_word' id='word_1_169' title='bbox 817 2537 1004 2599; x_wconf 82' lang='lat' dir='ltr'><strong>posset</strong></span> <span class='ocrx_word' id='word_1_170' title='bbox 1031 2531 1288 2600; x_wconf 85' lang='lat' dir='ltr'><strong>probare.</strong></span> <span class='ocrx_word' id='word_1_171' title='bbox 1329 2530 1471 2586; x_wconf 83' lang='lat' dir='ltr'><strong>Tum</strong></span> <span class='ocrx_word' id='word_1_172' title='bbox 1501 2531 1594 2587; x_wconf 91' lang='lat' dir='ltr'><strong>ille</strong></span> <span class='ocrx_word' id='word_1_173' title='bbox 1634 2533 1690 2587; x_wconf 92' lang='lat' dir='ltr'><strong>in</strong></span> 
     </span>
    </p>
   </div>
   <div class='ocr_carea' id='block_1_25' title="bbox 104 2619 1691 2694">
    <p class='ocr_par' dir='ltr' id='par_1_25' title="bbox 104 2619 1691 2694">
     <span class='ocr_line' id='line_1_25' title="bbox 104 2619 1691 2694; baseline 0.003 -19"><span class='ocrx_word' id='word_1_174' title='bbox 104 2619 406 2692; x_wconf 78' lang='lat' dir='ltr'><strong>Evangeliis</strong></span> <span class='ocrx_word' id='word_1_175' title='bbox 448 2621 720 2690; x_wconf 83' lang='lat' dir='ltr'><strong>scriptum</strong></span> <span class='ocrx_word' id='word_1_176' title='bbox 750 2635 873 2677; x_wconf 88' lang='lat' dir='ltr'><strong>esse</strong></span> <span class='ocrx_word' id='word_1_177' title='bbox 902 2623 1220 2693; x_wconf 76' lang='lat' dir='ltr'><strong>respondit,</strong></span> <span class='ocrx_word' id='word_1_178' title='bbox 1253 2624 1439 2694; x_wconf 91' lang='lat' dir='ltr'><strong>itaque</strong></span> <span class='ocrx_word' id='word_1_179' title='bbox 1475 2625 1691 2680; x_wconf 90' lang='lat' dir='ltr'><strong>illorum</strong></span> 
     </span>
    </p>
   </div>
   <div class='ocr_carea' id='block_1_26' title="bbox 103 2713 1693 2788">
    <p class='ocr_par' dir='ltr' id='par_1_26' title="bbox 103 2713 1693 2788">
     <span class='ocr_line' id='line_1_26' title="bbox 103 2713 1693 2788; baseline 0.002 -19"><span class='ocrx_word' id='word_1_180' title='bbox 103 2719 304 2785; x_wconf 68' lang='lat' dir='ltr'><strong>agnovit</strong></span> <span class='ocrx_word' id='word_1_181' title='bbox 348 2714 763 2769; x_wconf 86' lang='lat' dir='ltr'><strong>auctoritatem.</strong></span> <span class='ocrx_word' id='word_1_182' title='bbox 792 2713 862 2769; x_wconf 81' lang='lat' dir='ltr'><strong>At</strong></span> <span class='ocrx_word' id='word_1_183' title='bbox 890 2715 995 2770; x_wconf 92' lang='lat' dir='ltr'><strong>hoc</strong></span> <span class='ocrx_word' id='word_1_184' title='bbox 1037 2730 1139 2787; x_wconf 86' lang='lat' dir='ltr'><strong>ego</strong></span> <span class='ocrx_word' id='word_1_185' title='bbox 1172 2715 1252 2771; x_wconf 93' lang='lat' dir='ltr'><strong>illi</strong></span> <span class='ocrx_word' id='word_1_186' title='bbox 1283 2716 1468 2772; x_wconf 85' lang='lat' dir='ltr'><strong>statim</strong></span> <span class='ocrx_word' id='word_1_187' title='bbox 1518 2733 1693 2788; x_wconf 85' lang='lat' dir='ltr'><strong>oppo-</strong></span> 
     </span>
    </p>
   </div>
   <div class='ocr_carea' id='block_1_27' title="bbox 105 2809 1691 2882">
    <p class='ocr_par' dir='ltr' id='par_1_27' title="bbox 105 2809 1691 2882">
     <span class='ocr_line' id='line_1_27' title="bbox 105 2809 1691 2882; baseline 0.001 -17"><span class='ocrx_word' id='word_1_188' title='bbox 105 2814 284 2866; x_wconf 76' lang='lat' dir='ltr'><strong>nebam</strong></span> <span class='ocrx_word' id='word_1_189' title='bbox 314 2853 329 2874; x_wconf 90' lang='lat'><strong>,</strong></span> <span class='ocrx_word' id='word_1_190' title='bbox 377 2812 434 2864; x_wconf 93' lang='lat' dir='ltr'><strong>in</strong></span> <span class='ocrx_word' id='word_1_191' title='bbox 473 2810 668 2865; x_wconf 89' lang='lat' dir='ltr'><strong>iisdem</strong></span> <span class='ocrx_word' id='word_1_192' title='bbox 716 2809 1178 2866; x_wconf 86' lang='lat' dir='ltr'><strong>resurrectionem</strong></span> <span class='ocrx_word' id='word_1_193' title='bbox 1211 2827 1430 2882; x_wconf 90' lang='lat' dir='ltr'><strong>quoque</strong></span> <span class='ocrx_word' id='word_1_194' title='bbox 1477 2812 1691 2866; x_wconf 88' lang='lat' dir='ltr'><strong>Domini</strong></span> 
     </span>
    </p>
   </div>
   <div class='ocr_carea' id='block_1_28' title="bbox 104 2901 1698 2975">
    <p class='ocr_par' dir='ltr' id='par_1_28' title="bbox 104 2901 1698 2975">
     <span class='ocr_line' id='line_1_28' title="bbox 104 2901 1698 2975; baseline -0.001 -15"><span class='ocrx_word' id='word_1_195' title='bbox 104 2906 262 2960; x_wconf 75' lang='lat' dir='ltr'><strong>nostri</strong></span> <span class='ocrx_word' id='word_1_196' title='bbox 309 2904 444 2958; x_wconf 86' lang='lat' dir='ltr'><strong>Iesu</strong></span> <span class='ocrx_word' id='word_1_197' title='bbox 476 2902 679 2957; x_wconf 79' lang='lat' dir='ltr'><strong>Christi</strong></span> <span class='ocrx_word' id='word_1_198' title='bbox 725 2901 981 2957; x_wconf 86' lang='lat' dir='ltr'><strong>traditam</strong></span> <span class='ocrx_word' id='word_1_199' title='bbox 1025 2917 1167 2967; x_wconf 87' lang='lat' dir='ltr'><strong>esse.</strong></span> <span class='ocrx_word' id='word_1_200' title='bbox 1207 2903 1436 2975; x_wconf 85' lang='lat' dir='ltr'><strong>ejusque</strong></span> <span class='ocrx_word' id='word_1_201' title='bbox 1477 2904 1547 2959; x_wconf 84' lang='lat' dir='ltr'><strong>ad</strong></span> <span class='ocrx_word' id='word_1_202' title='bbox 1595 2902 1698 2959; x_wconf 87' lang='lat' dir='ltr'><strong>Pa-</strong></span> 
     </span>
    </p>
   </div>
   <div class='ocr_carea' id='block_1_29' title="bbox 107 2992 1696 3064">
    <p class='ocr_par' dir='ltr' id='par_1_29' title="bbox 107 2992 1696 3064">
     <span class='ocr_line' id='line_1_29' title="bbox 107 2992 1696 3064; baseline -0.001 -12"><span class='ocrx_word' id='word_1_203' title='bbox 107 3007 231 3052; x_wconf 75' lang='lat' dir='ltr'><strong>tren</strong></span> <span class='ocrx_word' id='word_1_204' title='bbox 260 2996 531 3051; x_wconf 86' lang='lat' dir='ltr'><strong>reditum.</strong></span> <span class='ocrx_word' id='word_1_205' title='bbox 558 2992 715 3060; x_wconf 86' lang='lat' dir='ltr'><strong>Quod</strong></span> <span class='ocrx_word' id='word_1_206' title='bbox 747 2993 792 3049; x_wconf 89' lang='lat' dir='ltr'><strong>sl</strong></span> <span class='ocrx_word' id='word_1_207' title='bbox 820 2993 1170 3064; x_wconf 86' lang='lat' dir='ltr'><strong>evangelistis</strong></span> <span class='ocrx_word' id='word_1_208' title='bbox 1193 2993 1355 3051; x_wconf 81' lang='lat' dir='ltr'><strong>fidem</strong></span> <span class='ocrx_word' id='word_1_209' title='bbox 1387 2995 1696 3051; x_wconf 82' lang='lat' dir='ltr'><strong>habendam</strong></span> 
     </span>
    </p>
   </div>
   <div class='ocr_carea' id='block_1_30' title="bbox 103 3085 1699 3168">
    <p class='ocr_par' dir='ltr' id='par_1_30' title="bbox 103 3085 1699 3168">
     <span class='ocr_line' id='line_1_30' title="bbox 103 3085 1699 3168; baseline -0.001 -26"><span class='ocrx_word' id='word_1_210' title='bbox 103 3102 216 3168; x_wconf 70' lang='lat' dir='ltr'><strong>esse</strong></span> <span class='ocrx_word' id='word_1_211' title='bbox 253 3101 482 3152; x_wconf 81' lang='lat' dir='ltr'><strong>censes,</strong></span> <span class='ocrx_word' id='word_1_212' title='bbox 513 3095 573 3140; x_wconf 88' lang='lat' dir='ltr'><strong>ut</strong></span> <span class='ocrx_word' id='word_1_213' title='bbox 616 3094 775 3140; x_wconf 86' lang='lat' dir='ltr'><strong>antea</strong></span> <span class='ocrx_word' id='word_1_214' title='bbox 807 3086 1070 3142; x_wconf 87' lang='lat' dir='ltr'><strong>censuisti</strong></span> <span class='ocrx_word' id='word_1_215' title='bbox 1095 3125 1111 3150; x_wconf 94' lang='lat'><strong>,</strong></span> <span class='ocrx_word' id='word_1_216' title='bbox 1143 3086 1189 3141; x_wconf 91' lang='lat' dir='ltr'><strong>si</strong></span> <span class='ocrx_word' id='word_1_217' title='bbox 1217 3085 1498 3142; x_wconf 88' lang='lat' dir='ltr'><strong>Christum</strong></span> <span class='ocrx_word' id='word_1_218' title='bbox 1552 3103 1699 3141; x_wconf 83' lang='lat' dir='ltr'><strong>mor-</strong></span> 
     </span>
    </p>
   </div>
   <div class='ocr_carea' id='block_1_31' title="bbox 1787 587 3398 662">
    <p class='ocr_par' dir='ltr' id='par_1_31' title="bbox 1787 587 3398 662">
     <span class='ocr_line' id='line_1_31' title="bbox 1787 587 3398 662; baseline 0 -18"><span class='ocrx_word' id='word_1_219' title='bbox 1787 599 2163 662; x_wconf 88' lang='lat' dir='ltr'><strong>propagatam,</strong></span> <span class='ocrx_word' id='word_1_220' title='bbox 2190 588 2485 659; x_wconf 89' lang='lat' dir='ltr'><strong>multisque</strong></span> <span class='ocrx_word' id='word_1_221' title='bbox 2515 598 2678 644; x_wconf 84' lang='lat' dir='ltr'><strong>antea</strong></span> <span class='ocrx_word' id='word_1_222' title='bbox 2707 589 3058 644; x_wconf 86' lang='lat' dir='ltr'><strong>ethnicorum</strong></span> <span class='ocrx_word' id='word_1_223' title='bbox 3085 588 3192 644; x_wconf 77' lang='lat' dir='ltr'><strong>ﬁde</strong></span> <span class='ocrx_word' id='word_1_224' title='bbox 3215 587 3398 645; x_wconf 84' lang='lat' dir='ltr'><strong>imbu-</strong></span> 
     </span>
    </p>
   </div>
   <div class='ocr_carea' id='block_1_32' title="bbox 1790 678 3396 752">
    <p class='ocr_par' dir='ltr' id='par_1_32' title="bbox 1790 678 3396 752">
     <span class='ocr_line' id='line_1_32' title="bbox 1790 678 3396 752; baseline -0.002 -16"><span class='ocrx_word' id='word_1_225' title='bbox 1790 681 1859 736; x_wconf 86' lang='lat' dir='ltr'><strong>tis</strong></span> <span class='ocrx_word' id='word_1_226' title='bbox 1880 680 1961 752; x_wconf 83' lang='lat' dir='ltr'><strong>(d)</strong></span> <span class='ocrx_word' id='word_1_227' title='bbox 2002 695 2124 736; x_wconf 85' lang='lat' dir='ltr'><strong>esse</strong></span> <span class='ocrx_word' id='word_1_228' title='bbox 2151 689 2455 750; x_wconf 83' lang='lat' dir='ltr'><strong>acceptam.</strong></span> <span class='ocrx_word' id='word_1_229' title='bbox 2495 679 2634 735; x_wconf 81' lang='lat' dir='ltr'><strong>Hine</strong></span> <span class='ocrx_word' id='word_1_230' title='bbox 2663 678 2795 735; x_wconf 90' lang='lat' dir='ltr'><strong>solis</strong></span> <span class='ocrx_word' id='word_1_231' title='bbox 2823 678 2944 733; x_wconf 91' lang='lat' dir='ltr'><strong>luce</strong></span> <span class='ocrx_word' id='word_1_232' title='bbox 2992 678 3193 735; x_wconf 88' lang='lat' dir='ltr'><strong>clarius</strong></span> <span class='ocrx_word' id='word_1_233' title='bbox 3224 692 3396 749; x_wconf 84' lang='lat' dir='ltr'><strong>appa-</strong></span> 
     </span>
    </p>
   </div>
   <div class='ocr_carea' id='block_1_33' title="bbox 1788 767 3396 840">
    <p class='ocr_par' dir='ltr' id='par_1_33' title="bbox 1788 767 3396 840">
     <span class='ocr_line' id='line_1_33' title="bbox 1788 767 3396 840; baseline -0.001 -15"><span class='ocrx_word' id='word_1_234' title='bbox 1788 785 1912 826; x_wconf 90' lang='lat' dir='ltr'><strong>rere</strong></span> <span class='ocrx_word' id='word_1_235' title='bbox 1932 770 2179 827; x_wconf 71' lang='lat' dir='ltr'><strong>cmlestia</strong></span> <span class='ocrx_word' id='word_1_236' title='bbox 2204 769 2576 840; x_wconf 86' lang='lat' dir='ltr'><strong>apostolorum</strong></span> <span class='ocrx_word' id='word_1_237' title='bbox 2599 769 2874 839; x_wconf 77' lang='lat' dir='ltr'><strong>dogmata,</strong></span> <span class='ocrx_word' id='word_1_238' title='bbox 2900 767 3164 838; x_wconf 87' lang='lat' dir='ltr'><strong>majorem</strong></span> <span class='ocrx_word' id='word_1_239' title='bbox 3190 767 3396 823; x_wconf 87' lang='lat' dir='ltr'><strong>habere</strong></span> 
     </span>
    </p>
   </div>
   <div class='ocr_carea' id='block_1_34' title="bbox 1789 857 3392 928">
    <p class='ocr_par' dir='ltr' id='par_1_34' title="bbox 1789 857 3392 928">
     <span class='ocr_line' id='line_1_34' title="bbox 1789 857 3392 928; baseline -0.002 -12"><span class='ocrx_word' id='word_1_240' title='bbox 1789 861 1845 916; x_wconf 92' lang='lat' dir='ltr'><strong>in</strong></span> <span class='ocrx_word' id='word_1_241' title='bbox 1880 862 2194 918; x_wconf 89' lang='lat' dir='ltr'><strong>mortalium</strong></span> <span class='ocrx_word' id='word_1_242' title='bbox 2225 861 2439 916; x_wconf 89' lang='lat' dir='ltr'><strong>animos</strong></span> <span class='ocrx_word' id='word_1_243' title='bbox 2466 861 2574 915; x_wconf 91' lang='lat' dir='ltr'><strong>vim</strong></span> <span class='ocrx_word' id='word_1_244' title='bbox 2606 869 2661 915; x_wconf 84' lang='lat' dir='ltr'><strong>et</strong></span> <span class='ocrx_word' id='word_1_245' title='bbox 2685 858 3014 924; x_wconf 85' lang='lat' dir='ltr'><strong>ellicaciam,</strong></span> <span class='ocrx_word' id='word_1_246' title='bbox 3046 874 3210 928; x_wconf 90' lang='lat' dir='ltr'><strong>quam</strong></span> <span class='ocrx_word' id='word_1_247' title='bbox 3239 857 3392 914; x_wconf 67' lang='lat' dir='ltr'><strong>Grae-</strong></span> 
     </span>
    </p>
   </div>
   <div class='ocr_carea' id='block_1_35' title="bbox 1789 942 3397 1018">
    <p class='ocr_par' dir='ltr' id='par_1_35' title="bbox 1789 942 3397 1018">
     <span class='ocr_line' id='line_1_35' title="bbox 1789 942 3397 1018; baseline -0.002 -8"><span class='ocrx_word' id='word_1_248' title='bbox 1789 969 1980 1010; x_wconf 89' lang='lat' dir='ltr'><strong>corum</strong></span> <span class='ocrx_word' id='word_1_249' title='bbox 2031 955 2100 1009; x_wconf 89' lang='lat' dir='ltr'><strong>de</strong></span> <span class='ocrx_word' id='word_1_250' title='bbox 2141 955 2248 1009; x_wconf 84' lang='lat' dir='ltr'><strong>diis</strong></span> <span class='ocrx_word' id='word_1_251' title='bbox 2273 953 2505 1008; x_wconf 86' lang='lat' dir='ltr'><strong>fabulas.</strong></span> <span class='ocrx_word' id='word_1_252' title='bbox 2558 942 2691 1018; x_wconf 65' lang='lat' dir='ltr'><strong>Quae</strong></span> <span class='ocrx_word' id='word_1_253' title='bbox 2717 968 2843 1007; x_wconf 91' lang='lat' dir='ltr'><strong>cum</strong></span> <span class='ocrx_word' id='word_1_254' title='bbox 2885 952 2958 1006; x_wconf 88' lang='lat' dir='ltr'><strong>ita</strong></span> <span class='ocrx_word' id='word_1_255' title='bbox 2998 951 3128 1011; x_wconf 81' lang='lat' dir='ltr'><strong>sint,</strong></span> <span class='ocrx_word' id='word_1_256' title='bbox 3161 952 3397 1006; x_wconf 85' lang='lat' dir='ltr'><strong>miratur</strong></span> 
     </span>
    </p>
   </div>
   <div class='ocr_carea' id='block_1_36' title="bbox 1789 1044 3396 1118">
    <p class='ocr_par' dir='ltr' id='par_1_36' title="bbox 1789 1044 3396 1118">
     <span class='ocr_line' id='line_1_36' title="bbox 1789 1044 3396 1118; baseline 0 -17"><span class='ocrx_word' id='word_1_257' title='bbox 1789 1045 2033 1103; x_wconf 82' lang='lat' dir='ltr'><strong>Isidorus</strong></span> <span class='ocrx_word' id='word_1_258' title='bbox 2059 1045 2154 1118; x_wconf 84' lang='lat' dir='ltr'><strong>(e),</strong></span> <span class='ocrx_word' id='word_1_259' title='bbox 2191 1046 2284 1116; x_wconf 86' lang='lat' dir='ltr'><strong>qui</strong></span> <span class='ocrx_word' id='word_1_260' title='bbox 2321 1045 2431 1110; x_wconf 84' lang='lat' dir='ltr'><strong>flat,</strong></span> <span class='ocrx_word' id='word_1_261' title='bbox 2471 1044 2618 1114; x_wconf 87' lang='lat' dir='ltr'><strong>quod</strong></span> <span class='ocrx_word' id='word_1_262' title='bbox 2659 1059 2768 1098; x_wconf 89' lang='lat' dir='ltr'><strong>non</strong></span> <span class='ocrx_word' id='word_1_263' title='bbox 2800 1046 2977 1100; x_wconf 89' lang='lat' dir='ltr'><strong>solum</strong></span> <span class='ocrx_word' id='word_1_264' title='bbox 3006 1047 3192 1109; x_wconf 82' lang='lat' dir='ltr'><strong>rudes,</strong></span> <span class='ocrx_word' id='word_1_265' title='bbox 3223 1046 3396 1117; x_wconf 87' lang='lat' dir='ltr'><strong>ignari</strong></span> 
     </span>
    </p>
   </div>
   <div class='ocr_carea' id='block_1_37' title="bbox 1791 1137 3398 1213">
    <p class='ocr_par' dir='ltr' id='par_1_37' title="bbox 1791 1137 3398 1213">
     <span class='ocr_line' id='line_1_37' title="bbox 1791 1137 3398 1213; baseline 0 -17"><span class='ocrx_word' id='word_1_266' title='bbox 1791 1149 1848 1196; x_wconf 89' lang='lat' dir='ltr'><strong>et</strong></span> <span class='ocrx_word' id='word_1_267' title='bbox 1901 1140 2133 1210; x_wconf 90' lang='lat' dir='ltr'><strong>impoliti</strong></span> <span class='ocrx_word' id='word_1_268' title='bbox 2195 1139 2544 1213; x_wconf 86' lang='lat' dir='ltr'><strong>polytbeismi</strong></span> <span class='ocrx_word' id='word_1_269' title='bbox 2588 1137 2942 1204; x_wconf 82' lang='lat' dir='ltr'><strong>defensores,</strong></span> <span class='ocrx_word' id='word_1_270' title='bbox 2987 1155 3180 1195; x_wconf 87' lang='lat' dir='ltr'><strong>verum</strong></span> <span class='ocrx_word' id='word_1_271' title='bbox 3227 1141 3398 1196; x_wconf 89' lang='lat' dir='ltr'><strong>etiam</strong></span> 
     </span>
    </p>
   </div>
   <div class='ocr_carea' id='block_1_38' title="bbox 1791 1230 3398 1302">
    <p class='ocr_par' dir='ltr' id='par_1_38' title="bbox 1791 1230 3398 1302">
     <span class='ocr_line' id='line_1_38' title="bbox 1791 1230 3398 1302; baseline -0.002 -15"><span class='ocrx_word' id='word_1_272' title='bbox 1791 1231 2105 1302; x_wconf 85' lang='lat' dir='ltr'><strong>philosophi</strong></span> <span class='ocrx_word' id='word_1_273' title='bbox 2138 1230 2341 1302; x_wconf 89' lang='lat' dir='ltr'><strong>alioqui</strong></span> <span class='ocrx_word' id='word_1_274' title='bbox 2390 1231 2692 1302; x_wconf 82' lang='lat' dir='ltr'><strong>prudentes</strong></span> <span class='ocrx_word' id='word_1_275' title='bbox 2730 1238 2787 1284; x_wconf 90' lang='lat' dir='ltr'><strong>et</strong></span> <span class='ocrx_word' id='word_1_276' title='bbox 2836 1245 3064 1300; x_wconf 82' lang='lat' dir='ltr'><strong>sagaces</strong></span> <span class='ocrx_word' id='word_1_277' title='bbox 3099 1245 3209 1284; x_wconf 92' lang='lat' dir='ltr'><strong>non</strong></span> <span class='ocrx_word' id='word_1_278' title='bbox 3265 1245 3398 1286; x_wconf 86' lang='lat' dir='ltr'><strong>seu-</strong></span> 
     </span>
    </p>
   </div>
   <div class='ocr_carea' id='block_1_39' title="bbox 1793 1321 3399 1394">
    <p class='ocr_par' dir='ltr' id='par_1_39' title="bbox 1793 1321 3399 1394">
     <span class='ocr_line' id='line_1_39' title="bbox 1793 1321 3399 1394; baseline -0.002 -13"><span class='ocrx_word' id='word_1_279' title='bbox 1793 1325 1933 1381; x_wconf 88' lang='lat' dir='ltr'><strong>tiant</strong></span> <span class='ocrx_word' id='word_1_280' title='bbox 1965 1340 2026 1379; x_wconf 88' lang='lat' dir='ltr'><strong>se</strong></span> <span class='ocrx_word' id='word_1_281' title='bbox 2057 1324 2245 1381; x_wconf 84' lang='lat' dir='ltr'><strong>Iesum</strong></span> <span class='ocrx_word' id='word_1_282' title='bbox 2295 1321 2605 1389; x_wconf 90' lang='lat' dir='ltr'><strong>Christum,</strong></span> <span class='ocrx_word' id='word_1_283' title='bbox 2635 1323 2935 1394; x_wconf 86' lang='lat' dir='ltr'><strong>apostolos,</strong></span> <span class='ocrx_word' id='word_1_284' title='bbox 2971 1338 3275 1393; x_wconf 91' lang='lat' dir='ltr'><strong>eorumque</strong></span> <span class='ocrx_word' id='word_1_285' title='bbox 3301 1323 3399 1378; x_wconf 82' lang='lat' dir='ltr'><strong>do-</strong></span> 
     </span>
    </p>
   </div>
   <div class='ocr_carea' id='block_1_40' title="bbox 1792 1410 3398 1482">
    <p class='ocr_par' dir='ltr' id='par_1_40' title="bbox 1792 1410 3398 1482">
     <span class='ocr_line' id='line_1_40' title="bbox 1792 1410 3398 1482; baseline 0 -14"><span class='ocrx_word' id='word_1_286' title='bbox 1792 1414 2022 1470; x_wconf 89' lang='lat' dir='ltr'><strong>ctrinam</strong></span> <span class='ocrx_word' id='word_1_287' title='bbox 2054 1413 2348 1468; x_wconf 85' lang='lat' dir='ltr'><strong>irridentes</strong></span> <span class='ocrx_word' id='word_1_288' title='bbox 2368 1413 2698 1482; x_wconf 90' lang='lat' dir='ltr'><strong>semetipsos</strong></span> <span class='ocrx_word' id='word_1_289' title='bbox 2725 1413 2930 1468; x_wconf 86' lang='lat' dir='ltr'><strong>habere</strong></span> <span class='ocrx_word' id='word_1_290' title='bbox 2958 1412 3218 1468; x_wconf 92' lang='lat' dir='ltr'><strong>ludibrio.</strong></span> <span class='ocrx_word' id='word_1_291' title='bbox 3260 1410 3398 1468; x_wconf 86' lang='lat' dir='ltr'><strong>Nam</strong></span> 
     </span>
    </p>
   </div>
   <div class='ocr_carea' id='block_1_41' title="bbox 1794 1504 3397 1574">
    <p class='ocr_par' dir='ltr' id='par_1_41' title="bbox 1794 1504 3397 1574">
     <span class='ocr_line' id='line_1_41' title="bbox 1794 1504 3397 1574; baseline -0.001 -12"><span class='ocrx_word' id='word_1_292' title='bbox 1794 1505 2142 1563; x_wconf 89' lang='lat' dir='ltr'><strong>Servatorem</strong></span> <span class='ocrx_word' id='word_1_293' title='bbox 2181 1515 2430 1562; x_wconf 88' lang='lat' dir='ltr'><strong>nostrum</strong></span> <span class='ocrx_word' id='word_1_294' title='bbox 2475 1505 2624 1561; x_wconf 90' lang='lat' dir='ltr'><strong>cruci</strong></span> <span class='ocrx_word' id='word_1_295' title='bbox 2668 1504 2891 1560; x_wconf 77' lang='lat' dir='ltr'><strong>afﬂxum</strong></span> <span class='ocrx_word' id='word_1_296' title='bbox 2931 1515 3356 1562; x_wconf 91' lang='lat' dir='ltr'><strong>contemnentes</strong></span> <span class='ocrx_word' id='word_1_297' title='bbox 3379 1547 3397 1574; x_wconf 93' lang='lat'><strong>,</strong></span> 
     </span>
    </p>
   </div>
   <div class='ocr_carea' id='block_1_42' title="bbox 1795 1599 3401 1671">
    <p class='ocr_par' dir='ltr' id='par_1_42' title="bbox 1795 1599 3401 1671">
     <span class='ocr_line' id='line_1_42' title="bbox 1795 1599 3401 1671; baseline -0.002 -15"><span class='ocrx_word' id='word_1_298' title='bbox 1795 1599 2056 1664; x_wconf 79' lang='lat' dir='ltr'><strong>fatentur,</strong></span> <span class='ocrx_word' id='word_1_299' title='bbox 2092 1615 2151 1656; x_wconf 90' lang='lat' dir='ltr'><strong>se</strong></span> <span class='ocrx_word' id='word_1_300' title='bbox 2174 1599 2242 1654; x_wconf 89' lang='lat' dir='ltr'><strong>ab</strong></span> <span class='ocrx_word' id='word_1_301' title='bbox 2273 1599 2499 1655; x_wconf 90' lang='lat' dir='ltr'><strong>homine</strong></span> <span class='ocrx_word' id='word_1_302' title='bbox 2530 1607 2852 1668; x_wconf 88' lang='lat' dir='ltr'><strong>contemptu</strong></span> <span class='ocrx_word' id='word_1_303' title='bbox 2894 1599 3062 1671; x_wconf 85' lang='lat' dir='ltr'><strong>digno</strong></span> <span class='ocrx_word' id='word_1_304' title='bbox 3091 1599 3267 1654; x_wconf 89' lang='lat' dir='ltr'><strong>victos</strong></span> <span class='ocrx_word' id='word_1_305' title='bbox 3287 1638 3301 1663; x_wconf 90' lang='lat'><strong>,</strong></span> <span class='ocrx_word' id='word_1_306' title='bbox 3342 1606 3401 1652; x_wconf 91' lang='lat' dir='ltr'><strong>et</strong></span> 
     </span>
    </p>
   </div>
   <div class='ocr_carea' id='block_1_43' title="bbox 1795 1691 3399 1762">
    <p class='ocr_par' dir='ltr' id='par_1_43' title="bbox 1795 1691 3399 1762">
     <span class='ocr_line' id='line_1_43' title="bbox 1795 1691 3399 1762; baseline -0.003 -14"><span class='ocrx_word' id='word_1_307' title='bbox 1795 1693 1934 1748; x_wconf 85' lang='lat' dir='ltr'><strong>adeo</strong></span> <span class='ocrx_word' id='word_1_308' title='bbox 1969 1701 2290 1762; x_wconf 90' lang='lat' dir='ltr'><strong>contemptu</strong></span> <span class='ocrx_word' id='word_1_309' title='bbox 2338 1706 2462 1747; x_wconf 88' lang='lat' dir='ltr'><strong>esse</strong></span> <span class='ocrx_word' id='word_1_310' title='bbox 2494 1691 2778 1762; x_wconf 86' lang='lat' dir='ltr'><strong>digniores</strong></span> <span class='ocrx_word' id='word_1_311' title='bbox 2800 1731 2814 1754; x_wconf 94' lang='lat'><strong>,</strong></span> <span class='ocrx_word' id='word_1_312' title='bbox 2860 1691 3232 1759; x_wconf 88' lang='lat' dir='ltr'><strong>apostolorum</strong></span> <span class='ocrx_word' id='word_1_313' title='bbox 3266 1703 3399 1744; x_wconf 92' lang='lat' dir='ltr'><strong>vero</strong></span> 
     </span>
    </p>
   </div>
   <div class='ocr_carea' id='block_1_44' title="bbox 1797 1778 3398 1850">
    <p class='ocr_par' dir='ltr' id='par_1_44' title="bbox 1797 1778 3398 1850">
     <span class='ocr_line' id='line_1_44' title="bbox 1797 1778 3398 1850; baseline 0 -17"><span class='ocrx_word' id='word_1_314' title='bbox 1797 1778 2070 1834; x_wconf 87' lang='lat' dir='ltr'><strong>inscitiam</strong></span> <span class='ocrx_word' id='word_1_315' title='bbox 2135 1778 2478 1849; x_wconf 86' lang='lat' dir='ltr'><strong>gravissimis</strong></span> <span class='ocrx_word' id='word_1_316' title='bbox 2526 1779 2712 1834; x_wconf 89' lang='lat' dir='ltr'><strong>verbis</strong></span> <span class='ocrx_word' id='word_1_317' title='bbox 2763 1780 3236 1850; x_wconf 88' lang='lat' dir='ltr'><strong>reprehendentes</strong></span> <span class='ocrx_word' id='word_1_318' title='bbox 3293 1778 3398 1835; x_wconf 87' lang='lat' dir='ltr'><strong>sibi</strong></span> 
     </span>
    </p>
   </div>
   <div class='ocr_carea' id='block_1_45' title="bbox 1791 1864 3400 1936">
    <p class='ocr_par' dir='ltr' id='par_1_45' title="bbox 1791 1864 3400 1936">
     <span class='ocr_line' id='line_1_45' title="bbox 1791 1864 3400 1936; baseline 0.002 -17"><span class='ocrx_word' id='word_1_319' title='bbox 1791 1864 2126 1936; x_wconf 81' lang='lat' dir='ltr'><strong>exprobrant</strong></span> <span class='ocrx_word' id='word_1_320' title='bbox 2168 1866 2480 1921; x_wconf 90' lang='lat' dir='ltr'><strong>vecordiam</strong></span> <span class='ocrx_word' id='word_1_321' title='bbox 2506 1905 2522 1930; x_wconf 94' lang='lat'><strong>,</strong></span> <span class='ocrx_word' id='word_1_322' title='bbox 2549 1882 2676 1922; x_wconf 91' lang='lat' dir='ltr'><strong>cum</strong></span> <span class='ocrx_word' id='word_1_323' title='bbox 2717 1883 2748 1922; x_wconf 91' lang='lat' dir='ltr'><strong>a</strong></span> <span class='ocrx_word' id='word_1_324' title='bbox 2781 1868 3010 1924; x_wconf 90' lang='lat' dir='ltr'><strong>rudibus</strong></span> <span class='ocrx_word' id='word_1_325' title='bbox 3037 1868 3169 1922; x_wconf 90' lang='lat' dir='ltr'><strong>viris</strong></span> <span class='ocrx_word' id='word_1_326' title='bbox 3214 1882 3274 1923; x_wconf 88' lang='lat' dir='ltr'><strong>se</strong></span> <span class='ocrx_word' id='word_1_327' title='bbox 3305 1883 3400 1923; x_wconf 82' lang='lat' dir='ltr'><strong>su-</strong></span> 
     </span>
    </p>
   </div>
   <div class='ocr_carea' id='block_1_46' title="bbox 1793 1959 3400 2029">
    <p class='ocr_par' dir='ltr' id='par_1_46' title="bbox 1793 1959 3400 2029">
     <span class='ocr_line' id='line_1_46' title="bbox 1793 1959 3400 2029; baseline 0.003 -18"><span class='ocrx_word' id='word_1_328' title='bbox 1793 1969 2016 2029; x_wconf 89' lang='lat' dir='ltr'><strong>peratos</strong></span> <span class='ocrx_word' id='word_1_329' title='bbox 2040 1973 2162 2013; x_wconf 88' lang='lat' dir='ltr'><strong>esse</strong></span> <span class='ocrx_word' id='word_1_330' title='bbox 2193 1959 2504 2014; x_wconf 89' lang='lat' dir='ltr'><strong>concedant</strong></span> <span class='ocrx_word' id='word_1_331' title='bbox 2541 1974 2770 2016; x_wconf 88' lang='lat' dir='ltr'><strong>necesse</strong></span> <span class='ocrx_word' id='word_1_332' title='bbox 2807 1960 2897 2016; x_wconf 88' lang='lat' dir='ltr'><strong>sit.</strong></span> <span class='ocrx_word' id='word_1_333' title='bbox 2931 1989 3000 2000; x_wconf 93' lang='lat'><strong>——</strong></span> <span class='ocrx_word' id='word_1_334' title='bbox 3043 1959 3100 2016; x_wconf 92' lang='lat' dir='ltr'><strong>Si</strong></span> <span class='ocrx_word' id='word_1_335' title='bbox 3143 1975 3304 2026; x_wconf 92' lang='lat' dir='ltr'><strong>vero,</strong></span> <span class='ocrx_word' id='word_1_336' title='bbox 3338 1966 3400 2016; x_wconf 90' lang='lat' dir='ltr'><strong>ut</strong></span> 
     </span>
    </p>
   </div>
   <div class='ocr_carea' id='block_1_47' title="bbox 1791 2047 3400 2120">
    <p class='ocr_par' dir='ltr' id='par_1_47' title="bbox 1791 2047 3400 2120">
     <span class='ocr_line' id='line_1_47' title="bbox 1791 2047 3400 2120; baseline 0.001 -17"><span class='ocrx_word' id='word_1_337' title='bbox 1791 2048 1990 2120; x_wconf 86' lang='lat' dir='ltr'><strong>pergit,</strong></span> <span class='ocrx_word' id='word_1_338' title='bbox 2015 2048 2391 2119; x_wconf 88' lang='lat' dir='ltr'><strong>petulantibus</strong></span> <span class='ocrx_word' id='word_1_339' title='bbox 2415 2047 2546 2104; x_wconf 85' lang='lat' dir='ltr'><strong>Iesu</strong></span> <span class='ocrx_word' id='word_1_340' title='bbox 2571 2048 2779 2106; x_wconf 86' lang='lat' dir='ltr'><strong>Christi</strong></span> <span class='ocrx_word' id='word_1_341' title='bbox 2803 2050 3089 2104; x_wconf 88' lang='lat' dir='ltr'><strong>cachinnis</strong></span> <span class='ocrx_word' id='word_1_342' title='bbox 3114 2049 3400 2120; x_wconf 79' lang='lat' dir='ltr'><strong>excipiunt</strong></span> 
     </span>
    </p>
   </div>
   <div class='ocr_carea' id='block_1_48' title="bbox 1794 2140 3399 2212">
    <p class='ocr_par' dir='ltr' id='par_1_48' title="bbox 1794 2140 3399 2212">
     <span class='ocr_line' id='line_1_48' title="bbox 1794 2140 3399 2212; baseline 0 -16"><span class='ocrx_word' id='word_1_343' title='bbox 1794 2141 2140 2211; x_wconf 83' lang='lat' dir='ltr'><strong>sepulcrum,</strong></span> <span class='ocrx_word' id='word_1_344' title='bbox 2178 2140 2411 2196; x_wconf 89' lang='lat' dir='ltr'><strong>illustria</strong></span> <span class='ocrx_word' id='word_1_345' title='bbox 2455 2142 2702 2212; x_wconf 86' lang='lat' dir='ltr'><strong>ipsorum</strong></span> <span class='ocrx_word' id='word_1_346' title='bbox 2739 2143 2937 2211; x_wconf 87' lang='lat' dir='ltr'><strong>templa</strong></span> <span class='ocrx_word' id='word_1_347' title='bbox 2980 2143 3219 2197; x_wconf 90' lang='lat' dir='ltr'><strong>reddunt</strong></span> <span class='ocrx_word' id='word_1_348' title='bbox 3263 2141 3399 2197; x_wconf 90' lang='lat' dir='ltr'><strong>ridi-</strong></span> 
     </span>
    </p>
   </div>
   <div class='ocr_carea' id='block_1_49' title="bbox 1793 2234 3397 2307">
    <p class='ocr_par' dir='ltr' id='par_1_49' title="bbox 1793 2234 3397 2307">
     <span class='ocr_line' id='line_1_49' title="bbox 1793 2234 3397 2307; baseline 0.002 -19"><span class='ocrx_word' id='word_1_349' title='bbox 1793 2234 1938 2300; x_wconf 89' lang='lat' dir='ltr'><strong>cula,</strong></span> <span class='ocrx_word' id='word_1_350' title='bbox 1962 2234 2164 2305; x_wconf 89' lang='lat' dir='ltr'><strong>quippe</strong></span> <span class='ocrx_word' id='word_1_351' title='bbox 2191 2251 2312 2305; x_wconf 74' lang='lat' dir='ltr'><strong>quae</strong></span> <span class='ocrx_word' id='word_1_352' title='bbox 2337 2235 2522 2291; x_wconf 88' lang='lat' dir='ltr'><strong>deriso</strong></span> <span class='ocrx_word' id='word_1_353' title='bbox 2550 2236 2621 2291; x_wconf 89' lang='lat' dir='ltr'><strong>ab</strong></span> <span class='ocrx_word' id='word_1_354' title='bbox 2659 2236 2792 2307; x_wconf 88' lang='lat' dir='ltr'><strong>ipsis</strong></span> <span class='ocrx_word' id='word_1_355' title='bbox 2817 2236 3088 2291; x_wconf 84' lang='lat' dir='ltr'><strong>cesserint</strong></span> <span class='ocrx_word' id='word_1_356' title='bbox 3117 2236 3397 2306; x_wconf 84' lang='lat' dir='ltr'><strong>sepulcro.</strong></span> 
     </span>
    </p>
   </div>
   <div class='ocr_carea' id='block_1_50' title="bbox 1798 2324 3404 2399">
    <p class='ocr_par' dir='ltr' id='par_1_50' title="bbox 1798 2324 3404 2399">
     <span class='ocr_line' id='line_1_50' title="bbox 1798 2324 3404 2399; baseline 0.001 -18"><span class='ocrx_word' id='word_1_357' title='bbox 1798 2324 1855 2381; x_wconf 91' lang='lat' dir='ltr'><strong>Si</strong></span> <span class='ocrx_word' id='word_1_358' title='bbox 1878 2327 2115 2396; x_wconf 90' lang='lat' dir='ltr'><strong>denique</strong></span> <span class='ocrx_word' id='word_1_359' title='bbox 2144 2325 2495 2398; x_wconf 82' lang='lat' dir='ltr'><strong>Evangelium</strong></span> <span class='ocrx_word' id='word_1_360' title='bbox 2525 2337 2585 2383; x_wconf 92' lang='lat' dir='ltr'><strong>ut</strong></span> <span class='ocrx_word' id='word_1_361' title='bbox 2611 2343 2726 2382; x_wconf 91' lang='lat' dir='ltr'><strong>rem</strong></span> <span class='ocrx_word' id='word_1_362' title='bbox 2757 2327 2914 2382; x_wconf 89' lang='lat' dir='ltr'><strong>vilem</strong></span> <span class='ocrx_word' id='word_1_363' title='bbox 2945 2327 3220 2399; x_wconf 87' lang='lat' dir='ltr'><strong>rejiciuut.</strong></span> <span class='ocrx_word' id='word_1_364' title='bbox 3245 2326 3404 2397; x_wconf 74' lang='lat' dir='ltr'><strong>quiil-</strong></span> 
     </span>
    </p>
   </div>
   <div class='ocr_carea' id='block_1_51' title="bbox 1793 2419 3402 2490">
    <p class='ocr_par' dir='ltr' id='par_1_51' title="bbox 1793 2419 3402 2490">
     <span class='ocr_line' id='line_1_51' title="bbox 1793 2419 3402 2490; baseline 0.002 -19"><span class='ocrx_word' id='word_1_365' title='bbox 1793 2419 1925 2489; x_wconf 88' lang='lat' dir='ltr'><strong>quid</strong></span> <span class='ocrx_word' id='word_1_366' title='bbox 1971 2419 2117 2489; x_wconf 91' lang='lat' dir='ltr'><strong>apud</strong></span> <span class='ocrx_word' id='word_1_367' title='bbox 2159 2434 2255 2474; x_wconf 91' lang='lat' dir='ltr'><strong>eos</strong></span> <span class='ocrx_word' id='word_1_368' title='bbox 2298 2420 2510 2476; x_wconf 87' lang='lat' dir='ltr'><strong>illustre</strong></span> <span class='ocrx_word' id='word_1_369' title='bbox 2553 2429 2636 2476; x_wconf 88' lang='lat' dir='ltr'><strong>est</strong></span> <span class='ocrx_word' id='word_1_370' title='bbox 2675 2429 2733 2475; x_wconf 91' lang='lat' dir='ltr'><strong>et</strong></span> <span class='ocrx_word' id='word_1_371' title='bbox 2778 2420 3102 2490; x_wconf 61' lang='lat' dir='ltr'><strong>praeclarum</strong></span> <span class='ocrx_word' id='word_1_372' title='bbox 3146 2420 3402 2474; x_wconf 83' lang='lat' dir='ltr'><strong>derident</strong></span> 
     </span>
    </p>
   </div>
   <div class='ocr_carea' id='block_1_52' title="bbox 1795 2509 3404 2581">
    <p class='ocr_par' dir='ltr' id='par_1_52' title="bbox 1795 2509 3404 2581">
     <span class='ocr_line' id='line_1_52' title="bbox 1795 2509 3404 2581; baseline 0.002 -17"><span class='ocrx_word' id='word_1_373' title='bbox 1795 2509 1937 2580; x_wconf 86' lang='lat' dir='ltr'><strong>ipsi,</strong></span> <span class='ocrx_word' id='word_1_374' title='bbox 1969 2509 2230 2581; x_wconf 81' lang='lat' dir='ltr'><strong>quoniam</strong></span> <span class='ocrx_word' id='word_1_375' title='bbox 2256 2527 2438 2566; x_wconf 90' lang='lat' dir='ltr'><strong>rerum</strong></span> <span class='ocrx_word' id='word_1_376' title='bbox 2471 2512 2660 2569; x_wconf 91' lang='lat' dir='ltr'><strong>vilium</strong></span> <span class='ocrx_word' id='word_1_377' title='bbox 2688 2523 2901 2568; x_wconf 66' lang='lat' dir='ltr'><strong>natura:</strong></span> <span class='ocrx_word' id='word_1_378' title='bbox 2923 2512 3301 2568; x_wconf 83' lang='lat' dir='ltr'><strong>succubuerit.</strong></span> <span class='ocrx_word' id='word_1_379' title='bbox 3327 2537 3404 2555; x_wconf 74' lang='lat'><strong>~-</strong></span> 
     </span>
    </p>
   </div>
   <div class='ocr_carea' id='block_1_53' title="bbox 1796 2601 2242 2658">
    <p class='ocr_par' dir='ltr' id='par_1_53' title="bbox 1796 2601 2242 2658">
     <span class='ocr_line' id='line_1_53' title="bbox 1796 2601 2242 2658; baseline 0.004 -2"><span class='ocrx_word' id='word_1_380' title='bbox 1796 2601 1924 2658; x_wconf 76' lang='lat' dir='ltr'><strong>Haec</strong></span> <span class='ocrx_word' id='word_1_381' title='bbox 1954 2602 2242 2658; x_wconf 85' lang='lat' dir='ltr'><strong>hactenus.</strong></span> 
     </span>
    </p>
   </div>
   <div class='ocr_carea' id='block_1_54' title="bbox 1871 2757 3316 2830">
    <p class='ocr_par' dir='ltr' id='par_1_54' title="bbox 1871 2757 3316 2830">
     <span class='ocr_line' id='line_1_54' title="bbox 1871 2757 3316 2830; baseline 0.002 -18"><span class='ocrx_word' id='word_1_382' title='bbox 1871 2757 1899 2830; x_wconf 71' lang='lat'><strong>5</strong></span> <span class='ocrx_word' id='word_1_383' title='bbox 1960 2757 2014 2812; x_wconf 71' lang='lat'><strong>2.</strong></span> <span class='ocrx_word' id='word_1_384' title='bbox 2056 2757 2133 2813; x_wconf 86' lang='lat' dir='ltr'><strong>De</strong></span> <span class='ocrx_word' id='word_1_385' title='bbox 2168 2758 2362 2814; x_wconf 75' lang='lat' dir='ltr'><strong>Isidort&#39;</strong></span> <span class='ocrx_word' id='word_1_386' title='bbox 2391 2775 2510 2813; x_wconf 84' lang='lat' dir='ltr'><strong>cum</strong></span> <span class='ocrx_word' id='word_1_387' title='bbox 2531 2760 2732 2815; x_wconf 66' lang='lat' dir='ltr'><strong>luditis</strong></span> <span class='ocrx_word' id='word_1_388' title='bbox 2761 2759 3061 2815; x_wconf 79' lang='lat' dir='ltr'><strong>altercandi</strong></span> <span class='ocrx_word' id='word_1_389' title='bbox 3087 2768 3316 2815; x_wconf 77' lang='lat' dir='ltr'><strong>ratione:</strong></span> 
     </span>
    </p>
   </div>
   <div class='ocr_carea' id='block_1_55' title="bbox 1869 2911 3408 2988">
    <p class='ocr_par' dir='ltr' id='par_1_55' title="bbox 1869 2911 3408 2988">
     <span class='ocr_line' id='line_1_55' title="bbox 1869 2911 3408 2988; baseline 0.005 -22"><span class='ocrx_word' id='word_1_390' title='bbox 1869 2911 2344 2980; x_wconf 87' lang='lat' dir='ltr'><strong>Quemadmodum</strong></span> <span class='ocrx_word' id='word_1_391' title='bbox 2375 2914 2622 2972; x_wconf 82' lang='lat' dir='ltr'><strong>Isidorus</strong></span> <span class='ocrx_word' id='word_1_392' title='bbox 2672 2915 2911 2973; x_wconf 88' lang='lat' dir='ltr'><strong>ethnicis</strong></span> <span class='ocrx_word' id='word_1_393' title='bbox 2957 2916 3274 2988; x_wconf 86' lang='lat' dir='ltr'><strong>philosOphi</strong></span> <span class='ocrx_word' id='word_1_394' title='bbox 3319 2915 3408 2974; x_wconf 85' lang='lat' dir='ltr'><strong>vel</strong></span> 
     </span>
    </p>
   </div>
   <div class='ocr_carea' id='block_1_56' title="bbox 1798 3007 3408 3079">
    <p class='ocr_par' dir='ltr' id='par_1_56' title="bbox 1798 3007 3408 3079">
     <span class='ocr_line' id='line_1_56' title="bbox 1798 3007 3408 3079; baseline 0.001 -17"><span class='ocrx_word' id='word_1_395' title='bbox 1798 3015 1976 3078; x_wconf 64' lang='lat' dir='ltr'><strong>poetae</strong></span> <span class='ocrx_word' id='word_1_396' title='bbox 2005 3007 2290 3077; x_wconf 88' lang='lat' dir='ltr'><strong>cujusdam</strong></span> <span class='ocrx_word' id='word_1_397' title='bbox 2332 3009 2716 3068; x_wconf 83' lang='lat' dir='ltr'><strong>auctoritatem</strong></span> <span class='ocrx_word' id='word_1_398' title='bbox 2750 3008 3162 3079; x_wconf 88' lang='lat' dir='ltr'><strong>proferentibus</strong></span> <span class='ocrx_word' id='word_1_399' title='bbox 3187 3007 3408 3078; x_wconf 85' lang='lat' dir='ltr'><strong>aliquod</strong></span> 
     </span>
    </p>
   </div>
   <div class='ocr_carea' id='block_1_57' title="bbox 1799 3097 3407 3170">
    <p class='ocr_par' dir='ltr' id='par_1_57' title="bbox 1799 3097 3407 3170">
     <span class='ocr_line' id='line_1_57' title="bbox 1799 3097 3407 3170; baseline 0.002 -19"><span class='ocrx_word' id='word_1_400' title='bbox 1799 3107 1896 3151; x_wconf 86' lang='lat' dir='ltr'><strong>aut</strong></span> <span class='ocrx_word' id='word_1_401' title='bbox 1917 3097 2164 3166; x_wconf 83' lang='lat' dir='ltr'><strong>ejusdem</strong></span> <span class='ocrx_word' id='word_1_402' title='bbox 2198 3107 2293 3152; x_wconf 89' lang='lat' dir='ltr'><strong>aut</strong></span> <span class='ocrx_word' id='word_1_403' title='bbox 2322 3098 2464 3155; x_wconf 89' lang='lat' dir='ltr'><strong>alius</strong></span> <span class='ocrx_word' id='word_1_404' title='bbox 2488 3100 2773 3170; x_wconf 85' lang='lat' dir='ltr'><strong>scriptoris</strong></span> <span class='ocrx_word' id='word_1_405' title='bbox 2794 3101 3029 3170; x_wconf 89' lang='lat' dir='ltr'><strong>opponit</strong></span> <span class='ocrx_word' id='word_1_406' title='bbox 3055 3098 3407 3164; x_wconf 61' lang='lat' dir='ltr'><strong>ell&#39;atum,.ita</strong></span> 
     </span>
    </p>
   </div>
   <div class='ocr_carea' id='block_1_58' title="bbox 107 3175 1695 3264">
    <p class='ocr_par' dir='ltr' id='par_1_58' title="bbox 107 3175 1695 3245">
     <span class='ocr_line' id='line_1_58' title="bbox 107 3175 1695 3245; baseline 0.001 -13"><span class='ocrx_word' id='word_1_407' title='bbox 107 3191 251 3232; x_wconf 82' lang='lat' dir='ltr'><strong>tuum</strong></span> <span class='ocrx_word' id='word_1_408' title='bbox 277 3193 405 3233; x_wconf 83' lang='lat' dir='ltr'><strong>esse</strong></span> <span class='ocrx_word' id='word_1_409' title='bbox 433 3177 617 3232; x_wconf 89' lang='lat' dir='ltr'><strong>credis</strong></span> <span class='ocrx_word' id='word_1_410' title='bbox 637 3217 652 3242; x_wconf 88' lang='lat'><strong>,</strong></span> <span class='ocrx_word' id='word_1_411' title='bbox 687 3185 742 3232; x_wconf 90' lang='lat' dir='ltr'><strong>te</strong></span> <span class='ocrx_word' id='word_1_412' title='bbox 780 3175 1027 3245; x_wconf 87' lang='lat' dir='ltr'><strong>ejusdem</strong></span> <span class='ocrx_word' id='word_1_413' title='bbox 1065 3184 1121 3232; x_wconf 92' lang='lat' dir='ltr'><strong>et</strong></span> <span class='ocrx_word' id='word_1_414' title='bbox 1150 3178 1611 3234; x_wconf 85' lang='lat' dir='ltr'><strong>resurrectionem</strong></span> <span class='ocrx_word' id='word_1_415' title='bbox 1643 3187 1695 3234; x_wconf 91' lang='lat' dir='ltr'><strong>et</strong></span> 
     </span>
    </p>
   </div>
   <div class='ocr_carea' id='block_1_59' title="bbox 1801 3175 3408 3264">
    <p class='ocr_par' dir='ltr' id='par_1_59' title="bbox 1803 3190 3408 3264">
     <span class='ocr_line' id='line_1_59' title="bbox 1803 3190 3408 3264; baseline 0 -18"><span class='ocrx_word' id='word_1_416' title='bbox 1803 3197 1993 3246; x_wconf 88' lang='lat' dir='ltr'><strong>contra</strong></span> <span class='ocrx_word' id='word_1_417' title='bbox 2023 3190 2244 3248; x_wconf 66' lang='lat' dir='ltr'><strong>Iudaeos</strong></span> <span class='ocrx_word' id='word_1_418' title='bbox 2286 3193 2672 3264; x_wconf 82' lang='lat' dir='ltr'><strong>disputaturos</strong></span> <span class='ocrx_word' id='word_1_419' title='bbox 2710 3208 2823 3247; x_wconf 91' lang='lat' dir='ltr'><strong>non</strong></span> <span class='ocrx_word' id='word_1_420' title='bbox 2859 3192 3037 3248; x_wconf 91' lang='lat' dir='ltr'><strong>solum</strong></span> <span class='ocrx_word' id='word_1_421' title='bbox 3071 3190 3270 3248; x_wconf 85' lang='lat' dir='ltr'><strong>Vetere</strong></span> <span class='ocrx_word' id='word_1_422' title='bbox 3297 3191 3339 3246; x_wconf 82' lang='grc' dir='ltr'><strong>Τ</strong></span> <span class='ocrx_word' id='word_1_423' title='bbox 3379 3220 3408 3234; x_wconf 79' lang='grc' dir='ltr'><strong>ο</strong></span> 
     </span>
    </p>
   </div>
   <div class='ocr_carea' id='block_1_60' title="bbox 104 3269 1200 3339">
    <p class='ocr_par' dir='ltr' id='par_1_60' title="bbox 104 3269 1200 3339">
     <span class='ocr_line' id='line_1_60' title="bbox 104 3269 1200 3339; baseline -0.002 -13"><span class='ocrx_word' id='word_1_424' title='bbox 104 3274 170 3327; x_wconf 81' lang='lat' dir='ltr'><strong>ad</strong></span> <span class='ocrx_word' id='word_1_425' title='bbox 201 3270 419 3326; x_wconf 85' lang='lat' dir='ltr'><strong>Patrem</strong></span> <span class='ocrx_word' id='word_1_426' title='bbox 451 3269 687 3324; x_wconf 85' lang='lat' dir='ltr'><strong>reditum</strong></span> <span class='ocrx_word' id='word_1_427' title='bbox 713 3269 939 3324; x_wconf 88' lang='lat' dir='ltr'><strong>credere</strong></span> <span class='ocrx_word' id='word_1_428' title='bbox 967 3279 1200 3339; x_wconf 88' lang='lat' dir='ltr'><strong>oportet.</strong></span> 
     </span>
    </p>
   </div>
   <div class='ocr_carea' id='block_1_61' title="bbox 181 3381 1700 3455">
    <p class='ocr_par' dir='ltr' id='par_1_61' title="bbox 181 3381 1700 3455">
     <span class='ocr_line' id='line_1_61' title="bbox 181 3381 1700 3455; baseline -0.002 -14"><span class='ocrx_word' id='word_1_429' title='bbox 181 3385 429 3454; x_wconf 85' lang='lat' dir='ltr'><strong>Denique</strong></span> <span class='ocrx_word' id='word_1_430' title='bbox 464 3382 699 3438; x_wconf 84' lang='lat' dir='ltr'><strong>ethnicis</strong></span> <span class='ocrx_word' id='word_1_431' title='bbox 747 3382 1026 3455; x_wconf 90' lang='lat' dir='ltr'><strong>religionis</strong></span> <span class='ocrx_word' id='word_1_432' title='bbox 1071 3381 1397 3438; x_wconf 69' lang='lat' dir='ltr'><strong>Christianae</strong></span> <span class='ocrx_word' id='word_1_433' title='bbox 1429 3393 1700 3454; x_wconf 72' lang='lat' dir='ltr'><strong>pnestan-</strong></span> 
     </span>
    </p>
   </div>
   <div class='ocr_carea' id='block_1_62' title="bbox 108 3475 1698 3547">
    <p class='ocr_par' dir='ltr' id='par_1_62' title="bbox 108 3475 1698 3547">
     <span class='ocr_line' id='line_1_62' title="bbox 108 3475 1698 3547; baseline 0.001 -18"><span class='ocrx_word' id='word_1_434' title='bbox 108 3477 234 3532; x_wconf 78' lang='lat' dir='ltr'><strong>tiam</strong></span> <span class='ocrx_word' id='word_1_435' title='bbox 261 3477 598 3547; x_wconf 86' lang='lat' dir='ltr'><strong>probaturus</strong></span> <span class='ocrx_word' id='word_1_436' title='bbox 625 3483 948 3546; x_wconf 74' lang='lat' dir='ltr'><strong>argumento</strong></span> <span class='ocrx_word' id='word_1_437' title='bbox 969 3475 1144 3530; x_wconf 90' lang='lat' dir='ltr'><strong>utitur</strong></span> <span class='ocrx_word' id='word_1_438' title='bbox 1168 3475 1450 3530; x_wconf 89' lang='lat' dir='ltr'><strong>historico.</strong></span> <span class='ocrx_word' id='word_1_439' title='bbox 1482 3475 1698 3531; x_wconf 83' lang='lat' dir='ltr'><strong>Etenim</strong></span> 
     </span>
    </p>
   </div>
   <div class='ocr_carea' id='block_1_63' title="bbox 109 3564 1700 3639">
    <p class='ocr_par' dir='ltr' id='par_1_63' title="bbox 109 3564 1700 3639">
     <span class='ocr_line' id='line_1_63' title="bbox 109 3564 1700 3639; baseline -0.002 -13"><span class='ocrx_word' id='word_1_440' title='bbox 109 3585 176 3626; x_wconf 76' lang='lat' dir='ltr'><strong>ex</strong></span> <span class='ocrx_word' id='word_1_441' title='bbox 228 3571 299 3625; x_wconf 86' lang='lat' dir='ltr'><strong>iis</strong></span> <span class='ocrx_word' id='word_1_442' title='bbox 346 3585 471 3639; x_wconf 65' lang='lat' dir='ltr'><strong>qua</strong></span> <span class='ocrx_word' id='word_1_443' title='bbox 495 3569 606 3636; x_wconf 83' lang='lat' dir='ltr'><strong>jam</strong></span> <span class='ocrx_word' id='word_1_444' title='bbox 653 3566 956 3632; x_wconf 89' lang='lat' dir='ltr'><strong>evenerint,</strong></span> <span class='ocrx_word' id='word_1_445' title='bbox 1003 3568 1208 3638; x_wconf 84' lang='lat' dir='ltr'><strong>majora</strong></span> <span class='ocrx_word' id='word_1_446' title='bbox 1253 3564 1495 3637; x_wconf 89' lang='lat' dir='ltr'><strong>perspici</strong></span> <span class='ocrx_word' id='word_1_447' title='bbox 1534 3569 1700 3624; x_wconf 90' lang='lat' dir='ltr'><strong>licere</strong></span> 
     </span>
    </p>
   </div>
   <div class='ocr_carea' id='block_1_64' title="bbox 109 3658 1698 3730">
    <p class='ocr_par' dir='ltr' id='par_1_64' title="bbox 109 3658 1698 3730">
     <span class='ocr_line' id='line_1_64' title="bbox 109 3658 1698 3730; baseline -0.004 -11"><span class='ocrx_word' id='word_1_448' title='bbox 109 3661 393 3720; x_wconf 79' lang='lat' dir='ltr'><strong>contendit</strong></span> <span class='ocrx_word' id='word_1_449' title='bbox 421 3659 520 3730; x_wconf 79' lang='grc' dir='ltr'><strong>(ι),</strong></span> <span class='ocrx_word' id='word_1_450' title='bbox 567 3660 906 3729; x_wconf 76' lang='lat' dir='ltr'><strong>aﬂlrmatque</strong></span> <span class='ocrx_word' id='word_1_451' title='bbox 949 3658 1262 3714; x_wconf 67' lang='lat' dir='ltr'><strong>Graecorum</strong></span> <span class='ocrx_word' id='word_1_452' title='bbox 1292 3659 1698 3730; x_wconf 88' lang='lat' dir='ltr'><strong>philosophiam</strong></span> 
     </span>
    </p>
   </div>
   <div class='ocr_carea' id='block_1_65' title="bbox 111 3749 1699 3820">
    <p class='ocr_par' dir='ltr' id='par_1_65' title="bbox 111 3749 1699 3820">
     <span class='ocr_line' id='line_1_65' title="bbox 111 3749 1699 3820; baseline -0.001 -16"><span class='ocrx_word' id='word_1_453' title='bbox 111 3751 450 3820; x_wconf 77' lang='lat' dir='ltr'><strong>deorumque</strong></span> <span class='ocrx_word' id='word_1_454' title='bbox 493 3749 698 3805; x_wconf 91' lang='lat' dir='ltr'><strong>cultum</strong></span> <span class='ocrx_word' id='word_1_455' title='bbox 741 3764 772 3804; x_wconf 86' lang='lat' dir='ltr'><strong>a</strong></span> <span class='ocrx_word' id='word_1_456' title='bbox 823 3749 1182 3818; x_wconf 81' lang='lat' dir='ltr'><strong>prudentibus</strong></span> <span class='ocrx_word' id='word_1_457' title='bbox 1231 3749 1514 3819; x_wconf 86' lang='lat' dir='ltr'><strong>doctisque</strong></span> <span class='ocrx_word' id='word_1_458' title='bbox 1567 3749 1699 3803; x_wconf 89' lang='lat' dir='ltr'><strong>viris</strong></span> 
     </span>
    </p>
   </div>
   <div class='ocr_carea' id='block_1_66' title="bbox 115 3840 1697 3910">
    <p class='ocr_par' dir='ltr' id='par_1_66' title="bbox 115 3840 1697 3910">
     <span class='ocr_line' id='line_1_66' title="bbox 115 3840 1697 3910; baseline -0.002 -12"><span class='ocrx_word' id='word_1_459' title='bbox 115 3843 398 3898; x_wconf 79' lang='lat' dir='ltr'><strong>defensum</strong></span> <span class='ocrx_word' id='word_1_460' title='bbox 443 3852 498 3898; x_wconf 92' lang='lat' dir='ltr'><strong>et</strong></span> <span class='ocrx_word' id='word_1_461' title='bbox 543 3841 1014 3905; x_wconf 88' lang='lat' dir='ltr'><strong>commendatum,</strong></span> <span class='ocrx_word' id='word_1_462' title='bbox 1050 3841 1174 3896; x_wconf 90' lang='lat' dir='ltr'><strong>inde</strong></span> <span class='ocrx_word' id='word_1_463' title='bbox 1203 3841 1271 3894; x_wconf 89' lang='lat' dir='ltr'><strong>ab</strong></span> <span class='ocrx_word' id='word_1_464' title='bbox 1301 3840 1697 3910; x_wconf 85' lang='lat' dir='ltr'><strong>antiquissimis</strong></span> 
     </span>
    </p>
   </div>
   <div class='ocr_carea' id='block_1_67' title="bbox 115 3933 1699 4006">
    <p class='ocr_par' dir='ltr' id='par_1_67' title="bbox 115 3933 1699 4006">
     <span class='ocr_line' id='line_1_67' title="bbox 115 3933 1699 4006; baseline -0.001 -16"><span class='ocrx_word' id='word_1_465' title='bbox 115 3937 454 4006; x_wconf 83' lang='lat' dir='ltr'><strong>temporibus</strong></span> <span class='ocrx_word' id='word_1_466' title='bbox 481 3934 735 3989; x_wconf 90' lang='lat' dir='ltr'><strong>traditum</strong></span> <span class='ocrx_word' id='word_1_467' title='bbox 765 3933 1108 3996; x_wconf 90' lang='lat' dir='ltr'><strong>hominibus,</strong></span> <span class='ocrx_word' id='word_1_468' title='bbox 1139 3943 1306 4004; x_wconf 87' lang='lat' dir='ltr'><strong>atque</strong></span> <span class='ocrx_word' id='word_1_469' title='bbox 1334 3933 1699 3990; x_wconf 89' lang='lat' dir='ltr'><strong>inveteratum</strong></span> 
     </span>
    </p>
   </div>
   <div class='ocr_carea' id='block_1_68' title="bbox 117 4025 1706 4098">
    <p class='ocr_par' dir='ltr' id='par_1_68' title="bbox 117 4025 1706 4098">
     <span class='ocr_line' id='line_1_68' title="bbox 117 4025 1706 4098; baseline -0.003 -16"><span class='ocrx_word' id='word_1_470' title='bbox 117 4028 310 4098; x_wconf 81' lang='lat' dir='ltr'><strong>opibus</strong></span> <span class='ocrx_word' id='word_1_471' title='bbox 339 4025 614 4095; x_wconf 86' lang='lat' dir='ltr'><strong>armisque</strong></span> <span class='ocrx_word' id='word_1_472' title='bbox 645 4032 920 4096; x_wconf 88' lang='lat' dir='ltr'><strong>potentem</strong></span> <span class='ocrx_word' id='word_1_473' title='bbox 947 4068 961 4090; x_wconf 93' lang='lat'><strong>,</strong></span> <span class='ocrx_word' id='word_1_474' title='bbox 990 4025 1161 4094; x_wconf 86' lang='lat' dir='ltr'><strong>magis</strong></span> <span class='ocrx_word' id='word_1_475' title='bbox 1185 4025 1467 4096; x_wconf 87' lang='lat' dir='ltr'><strong>magisque</strong></span> <span class='ocrx_word' id='word_1_476' title='bbox 1497 4040 1562 4080; x_wconf 78' lang='lat' dir='ltr'><strong>ex</strong></span> <span class='ocrx_word' id='word_1_477' title='bbox 1587 4026 1706 4080; x_wconf 82' lang='lat' dir='ltr'><strong>atti-</strong></span> 
     </span>
    </p>
   </div>
   <div class='ocr_carea' id='block_1_69' title="bbox 119 4117 1701 4184">
    <p class='ocr_par' dir='ltr' id='par_1_69' title="bbox 119 4117 1701 4184">
     <span class='ocr_line' id='line_1_69' title="bbox 119 4117 1701 4184; baseline -0.001 -10"><span class='ocrx_word' id='word_1_478' title='bbox 119 4122 216 4175; x_wconf 78' lang='lat' dir='ltr'><strong>atis</strong></span> <span class='ocrx_word' id='word_1_479' title='bbox 261 4120 576 4175; x_wconf 88' lang='lat' dir='ltr'><strong>mortalium</strong></span> <span class='ocrx_word' id='word_1_480' title='bbox 619 4118 886 4174; x_wconf 90' lang='lat' dir='ltr'><strong>removeri</strong></span> <span class='ocrx_word' id='word_1_481' title='bbox 927 4127 980 4174; x_wconf 90' lang='lat' dir='ltr'><strong>et</strong></span> <span class='ocrx_word' id='word_1_482' title='bbox 1022 4118 1227 4184; x_wconf 88' lang='lat' dir='ltr'><strong>deleri,</strong></span> <span class='ocrx_word' id='word_1_483' title='bbox 1262 4117 1701 4174; x_wconf 86' lang='lat' dir='ltr'><strong>Christianorum</strong></span> 
     </span>
    </p>
   </div>
   <div class='ocr_carea' id='block_1_70' title="bbox 119 4210 1703 4282">
    <p class='ocr_par' dir='ltr' id='par_1_70' title="bbox 119 4210 1703 4282">
     <span class='ocr_line' id='line_1_70' title="bbox 119 4210 1703 4282; baseline 0.001 -17"><span class='ocrx_word' id='word_1_484' title='bbox 119 4227 244 4268; x_wconf 74' lang='lat' dir='ltr'><strong>vero</strong></span> <span class='ocrx_word' id='word_1_485' title='bbox 269 4212 578 4268; x_wconf 88' lang='lat' dir='ltr'><strong>doctrinam</strong></span> <span class='ocrx_word' id='word_1_486' title='bbox 604 4210 847 4282; x_wconf 85' lang='lat' dir='ltr'><strong>plebeiis,</strong></span> <span class='ocrx_word' id='word_1_487' title='bbox 880 4211 1213 4281; x_wconf 89' lang='lat' dir='ltr'><strong>pauperibus</strong></span> <span class='ocrx_word' id='word_1_488' title='bbox 1239 4218 1296 4266; x_wconf 88' lang='lat' dir='ltr'><strong>et</strong></span> <span class='ocrx_word' id='word_1_489' title='bbox 1334 4211 1566 4282; x_wconf 85' lang='lat' dir='ltr'><strong>abjectis</strong></span> <span class='ocrx_word' id='word_1_490' title='bbox 1601 4213 1703 4267; x_wconf 88' lang='lat' dir='ltr'><strong>ho-</strong></span> 
     </span>
    </p>
   </div>
   <div class='ocr_carea' id='block_1_71' title="bbox 184 4430 762 4501">
    <p class='ocr_par' dir='ltr' id='par_1_71' title="bbox 184 4430 762 4501">
     <span class='ocr_line' id='line_1_71' title="bbox 184 4430 762 4501; baseline -0.009 -10"><span class='ocrx_word' id='word_1_491' title='bbox 184 4432 261 4500; x_wconf 73' lang='grc' dir='ltr'><strong>ιο)</strong></span> <span class='ocrx_word' id='word_1_492' title='bbox 291 4432 412 4486; x_wconf 90' lang='lat' dir='ltr'><strong>Lib.</strong></span> <span class='ocrx_word' id='word_1_493' title='bbox 449 4447 522 4496; x_wconf 81' lang='lat' dir='ltr'><strong>tv,</strong></span> <span class='ocrx_word' id='word_1_494' title='bbox 551 4446 637 4501; x_wconf 90' lang='lat' dir='ltr'><strong>ep.</strong></span> <span class='ocrx_word' id='word_1_495' title='bbox 674 4430 762 4486; x_wconf 76' lang='lat'><strong>50.</strong></span> 
     </span>
    </p>
   </div>
   <div class='ocr_carea' id='block_1_72' title="bbox 205 4502 744 4571">
    <p class='ocr_par' dir='ltr' id='par_1_72' title="bbox 205 4502 744 4571">
     <span class='ocr_line' id='line_1_72' title="bbox 205 4502 744 4571; baseline 0.004 -16"><span class='ocrx_word' id='word_1_496' title='bbox 205 4504 259 4557; x_wconf 76' lang='lat' dir='ltr'><strong>bi</strong></span> <span class='ocrx_word' id='word_1_497' title='bbox 292 4502 409 4555; x_wconf 88' lang='lat' dir='ltr'><strong>Lib.</strong></span> <span class='ocrx_word' id='word_1_498' title='bbox 442 4518 514 4561; x_wconf 85' lang='lat' dir='ltr'><strong>Iv,</strong></span> <span class='ocrx_word' id='word_1_499' title='bbox 542 4516 626 4571; x_wconf 81' lang='lat' dir='ltr'><strong>ep.</strong></span> <span class='ocrx_word' id='word_1_500' title='bbox 655 4503 744 4557; x_wconf 77' lang='lat'><strong>3|.</strong></span> 
     </span>
    </p>
   </div>
   <div class='ocr_carea' id='block_1_73' title="bbox 209 4572 757 4641">
    <p class='ocr_par' dir='ltr' id='par_1_73' title="bbox 209 4572 757 4641">
     <span class='ocr_line' id='line_1_73' title="bbox 209 4572 757 4641; baseline 0 -15"><span class='ocrx_word' id='word_1_501' title='bbox 209 4576 256 4636; x_wconf 75' lang='grc' dir='ltr'><strong>ε’)</strong></span> <span class='ocrx_word' id='word_1_502' title='bbox 296 4572 413 4627; x_wconf 88' lang='lat' dir='ltr'><strong>Lib.</strong></span> <span class='ocrx_word' id='word_1_503' title='bbox 442 4589 480 4635; x_wconf 85' lang='grc' dir='ltr'><strong>ι,</strong></span> <span class='ocrx_word' id='word_1_504' title='bbox 510 4587 597 4641; x_wconf 89' lang='lat' dir='ltr'><strong>ep.</strong></span> <span class='ocrx_word' id='word_1_505' title='bbox 631 4573 757 4626; x_wconf 66' lang='lat'><strong>370.</strong></span> 
     </span>
    </p>
   </div>
   <div class='ocr_carea' id='block_1_74' title="bbox 185 4642 1700 4716">
    <p class='ocr_par' dir='ltr' id='par_1_74' title="bbox 185 4642 1700 4716">
     <span class='ocr_line' id='line_1_74' title="bbox 185 4642 1700 4716; baseline -0.001 -19"><span class='ocrx_word' id='word_1_506' title='bbox 185 4645 263 4712; x_wconf 75' lang='grc' dir='ltr'><strong>(ι)</strong></span> <span class='ocrx_word' id='word_1_507' title='bbox 301 4643 421 4716; x_wconf 80' lang='lat' dir='ltr'><strong>Lib.</strong></span> <span class='ocrx_word' id='word_1_508' title='bbox 453 4658 525 4706; x_wconf 82' lang='lat' dir='ltr'><strong>tv,</strong></span> <span class='ocrx_word' id='word_1_509' title='bbox 553 4657 638 4716; x_wconf 80' lang='lat' dir='ltr'><strong>ep.</strong></span> <span class='ocrx_word' id='word_1_510' title='bbox 668 4643 734 4697; x_wconf 85' lang='lat'><strong>76</strong></span> <span class='ocrx_word' id='word_1_511' title='bbox 763 4660 778 4695; x_wconf 91' lang='lat'><strong>:</strong></span> <span class='ocrx_word' id='word_1_512' title='bbox 804 4671 865 4683; x_wconf 89' lang='lat'><strong>-</strong></span> <span class='ocrx_word' id='word_1_513' title='bbox 903 4643 1066 4716; x_wconf 76' lang='grc' dir='ltr'>Πόσοι</span> <span class='ocrx_word' id='word_1_514' title='bbox 1087 4643 1197 4716; x_wconf 71' lang='grc' dir='ltr'>γὰρ</span> <span class='ocrx_word' id='word_1_515' title='bbox 1219 4642 1586 4716; x_wconf 63' lang='grc' dir='ltr'><strong>Ποθαγόρειοι</strong></span> <span class='ocrx_word' id='word_1_516' title='bbox 1612 4646 1700 4716; x_wconf 66' lang='lat' dir='ltr'><strong>eti-</strong></span> 
     </span>
    </p>
   </div>
   <div class='ocr_carea' id='block_1_75' title="bbox 119 4712 1698 4784">
    <p class='ocr_par' dir='ltr' id='par_1_75' title="bbox 119 4712 1698 4784">
     <span class='ocr_line' id='line_1_75' title="bbox 119 4712 1698 4784; baseline 0.001 -18"><span class='ocrx_word' id='word_1_517' title='bbox 119 4729 219 4780; x_wconf 65' lang='grc' dir='ltr'><strong>νου</strong></span> <span class='ocrx_word' id='word_1_518' title='bbox 249 4717 345 4766; x_wconf 73' lang='lat' dir='ltr'><strong>ui.</strong></span> <span class='ocrx_word' id='word_1_519' title='bbox 371 4712 672 4784; x_wconf 72' lang='grc' dir='ltr'><strong>ὑπεροψίας</strong></span> <span class='ocrx_word' id='word_1_520' title='bbox 715 4714 1017 4783; x_wconf 60' lang='grc' dir='ltr'><strong>πεφηνότος</strong></span> <span class='ocrx_word' id='word_1_521' title='bbox 1059 4712 1370 4770; x_wconf 73' lang='grc' dir='ltr'><strong>διδάσκαλοι</strong></span> <span class='ocrx_word' id='word_1_522' title='bbox 1390 4757 1406 4780; x_wconf 86' lang='grc'><em>,</em></span> <span class='ocrx_word' id='word_1_523' title='bbox 1443 4712 1698 4784; x_wconf 68' lang='grc' dir='ltr'><strong>φοιτηταὶ</strong></span> 
     </span>
    </p>
   </div>
   <div class='ocr_carea' id='block_1_76' title="bbox 119 4781 1700 4857">
    <p class='ocr_par' dir='ltr' id='par_1_76' title="bbox 119 4781 1700 4857">
     <span class='ocr_line' id='line_1_76' title="bbox 119 4781 1700 4857; baseline 0.003 -24"><span class='ocrx_word' id='word_1_524' title='bbox 119 4786 379 4857; x_wconf 44' lang='lat' dir='ltr'><strong>refrenat</strong></span> <span class='ocrx_word' id='word_1_525' title='bbox 408 4783 502 4857; x_wconf 68' lang='grc' dir='ltr'><strong>τοῦ</strong></span> <span class='ocrx_word' id='word_1_526' title='bbox 533 4781 690 4857; x_wconf 60' lang='grc' dir='ltr'>λόγον</span> <span class='ocrx_word' id='word_1_527' title='bbox 715 4801 728 4848; x_wconf 88' lang='lat'><strong>;</strong></span> <span class='ocrx_word' id='word_1_528' title='bbox 759 4781 916 4857; x_wconf 62' lang='grc' dir='ltr'>πᾷάοι</span> <span class='ocrx_word' id='word_1_529' title='bbox 935 4784 990 4838; x_wconf 76' lang='grc' dir='ltr'><strong>δὲ</strong></span> <span class='ocrx_word' id='word_1_530' title='bbox 1012 4785 1370 4857; x_wconf 70' lang='grc' dir='ltr'><strong>Πλατωνικοὶ,</strong></span> <span class='ocrx_word' id='word_1_531' title='bbox 1402 4781 1500 4857; x_wconf 73' lang='grc' dir='ltr'>τῆν</span> <span class='ocrx_word' id='word_1_532' title='bbox 1527 4781 1700 4856; x_wconf 55' lang='lat' dir='ltr'><strong>dppr</strong></span> 
     </span>
    </p>
   </div>
   <div class='ocr_carea' id='block_1_77' title="bbox 119 4853 1701 4934">
    <p class='ocr_par' dir='ltr' id='par_1_77' title="bbox 119 4853 1701 4934">
     <span class='ocr_line' id='line_1_77' title="bbox 119 4853 1701 4934; baseline 0.003 -29"><span class='ocrx_word' id='word_1_533' title='bbox 119 4857 232 4934; x_wconf 38' lang='grc' dir='ltr'><strong>τὴν.</strong></span> <span class='ocrx_word' id='word_1_534' title='bbox 271 4855 387 4934; x_wconf 46' lang='lat' dir='ltr'><strong>duo</strong></span> <span class='ocrx_word' id='word_1_535' title='bbox 421 4854 520 4934; x_wconf 68' lang='grc' dir='ltr'><strong>τῆς</strong></span> <span class='ocrx_word' id='word_1_536' title='bbox 543 4853 898 4934; x_wconf 41' lang='lat' dir='ltr'><strong>trahite-uela;</strong></span> <span class='ocrx_word' id='word_1_537' title='bbox 931 4855 1382 4934; x_wconf 49' lang='lat' dir='ltr'><strong>iterandam“;</strong></span> <span class='ocrx_word' id='word_1_538' title='bbox 1402 4853 1571 4934; x_wconf 59' lang='lat' dir='ltr'><strong>._&#39;sne_z</strong></span> <span class='ocrx_word' id='word_1_539' title='bbox 1600 4853 1701 4934; x_wconf 58' lang='grc' dir='ltr'><strong>ὲὴγ</strong></span> 
     </span>
    </p>
   </div>
   <div class='ocr_carea' id='block_1_78' title="bbox 125 4923 1702 4996">
    <p class='ocr_par' dir='ltr' id='par_1_78' title="bbox 125 4923 1702 4996">
     <span class='ocr_line' id='line_1_78' title="bbox 125 4923 1702 4996; baseline 0.002 -20"><span class='ocrx_word' id='word_1_540' title='bbox 125 4925 282 4996; x_wconf 58' lang='grc' dir='ltr'><strong>ζωὰν</strong></span> <span class='ocrx_word' id='word_1_541' title='bbox 325 4923 494 4996; x_wconf 71' lang='grc' dir='ltr'>αὑτοῦ</span> <span class='ocrx_word' id='word_1_542' title='bbox 543 4923 898 4996; x_wconf 52' lang='lat' dir='ltr'><strong>“pavonem;</strong></span> <span class='ocrx_word' id='word_1_543' title='bbox 945 4927 1106 4996; x_wconf 67' lang='grc' dir='ltr'>πότοι</span> <span class='ocrx_word' id='word_1_544' title='bbox 1153 4925 1574 4996; x_wconf 77' lang='grc' dir='ltr'><strong>’Δριστοτελικοὶ</strong></span> <span class='ocrx_word' id='word_1_545' title='bbox 1607 4923 1702 4981; x_wconf 79' lang='grc' dir='ltr'><strong>καὶ</strong></span> 
     </span>
    </p>
   </div>
   <div class='ocr_carea' id='block_1_79' title="bbox 125 4991 1702 5068">
    <p class='ocr_par' dir='ltr' id='par_1_79' title="bbox 125 4991 1702 5068">
     <span class='ocr_line' id='line_1_79' title="bbox 125 4991 1702 5068; baseline 0.004 -24"><span class='ocrx_word' id='word_1_546' title='bbox 125 4994 372 5068; x_wconf 59' lang='grc' dir='ltr'><strong>Στωῐξιοὶ,</strong></span> <span class='ocrx_word' id='word_1_547' title='bbox 406 4995 524 5065; x_wconf 77' lang='grc' dir='ltr'><strong>τὴν,</strong></span> <span class='ocrx_word' id='word_1_548' title='bbox 547 4991 630 5062; x_wconf 62' lang='grc' dir='ltr'><strong>ἐφ’</strong></span> <span class='ocrx_word' id='word_1_549' title='bbox 663 4991 730 5066; x_wconf 81' lang='grc' dir='ltr'><strong>ἧς</strong></span> <span class='ocrx_word' id='word_1_550' title='bbox 750 4991 1131 5068; x_wconf 34' lang='grc' dir='ltr'><strong>-ὲσςμνὺγοντο,</strong></span> <span class='ocrx_word' id='word_1_551' title='bbox 1167 4991 1357 5068; x_wconf 63' lang='lat' dir='ltr'><strong>coeptam</strong></span> <span class='ocrx_word' id='word_1_552' title='bbox 1392 4998 1702 5068; x_wconf 75' lang='grc' dir='ltr'><strong>ἀτιμάσαν-</strong></span> 
     </span>
    </p>
   </div>
   <div class='ocr_carea' id='block_1_80' title="bbox 122 5065 1393 5137">
    <p class='ocr_par' dir='ltr' id='par_1_80' title="bbox 122 5065 1393 5137">
     <span class='ocr_line' id='line_1_80' title="bbox 122 5065 1393 5137; baseline 0.003 -22"><span class='ocrx_word' id='word_1_553' title='bbox 122 5079 230 5125; x_wconf 65' lang='grc' dir='ltr'><strong>τες.</strong></span> <span class='ocrx_word' id='word_1_554' title='bbox 264 5065 559 5137; x_wconf 48' lang='lat' dir='ltr'><strong>hyeme”</strong></span> <span class='ocrx_word' id='word_1_555' title='bbox 587 5067 644 5118; x_wconf 74' lang='grc' dir='ltr'><strong>ἐν</strong></span> <span class='ocrx_word' id='word_1_556' title='bbox 674 5070 786 5137; x_wconf 53' lang='lat' dir='ltr'><strong>tot;</strong></span> <span class='ocrx_word' id='word_1_557' title='bbox 815 5066 1075 5135; x_wconf 82' lang='grc' dir='ltr'><strong>ὑπηκόοις</strong></span> <span class='ocrx_word' id='word_1_558' title='bbox 1103 5066 1393 5137; x_wconf 72' lang='grc' dir='ltr'><strong>τιτάχθιις</strong></span> 
     </span>
    </p>
   </div>
   <div class='ocr_carea' id='block_1_81' title="bbox 191 5133 776 5205">
    <p class='ocr_par' dir='ltr' id='par_1_81' title="bbox 191 5133 776 5205">
     <span class='ocr_line' id='line_1_81' title="bbox 191 5133 776 5205; baseline 0.002 -19"><span class='ocrx_word' id='word_1_559' title='bbox 191 5143 262 5195; x_wconf 74' lang='grc' dir='ltr'><strong>ιτ)</strong></span> <span class='ocrx_word' id='word_1_560' title='bbox 301 5133 422 5205; x_wconf 84' lang='lat' dir='ltr'><strong>Lib.</strong></span> <span class='ocrx_word' id='word_1_561' title='bbox 444 5133 527 5193; x_wconf 74' lang='lat' dir='ltr'><strong>tv.</strong></span> <span class='ocrx_word' id='word_1_562' title='bbox 566 5151 652 5205; x_wconf 89' lang='lat' dir='ltr'><strong>ep.</strong></span> <span class='ocrx_word' id='word_1_563' title='bbox 686 5135 776 5189; x_wconf 74' lang='grc'><strong>27.</strong></span> 
     </span>
    </p>
   </div>
   <div class='ocr_carea' id='block_1_82' title="bbox 195 5204 1704 5277">
    <p class='ocr_par' dir='ltr' id='par_1_82' title="bbox 195 5204 1704 5277">
     <span class='ocr_line' id='line_1_82' title="bbox 195 5204 1704 5277; baseline 0.004 -19"><span class='ocrx_word' id='word_1_564' title='bbox 195 5207 256 5274; x_wconf 71' lang='grc' dir='ltr'><strong>(ρ</strong></span> <span class='ocrx_word' id='word_1_565' title='bbox 296 5204 418 5259; x_wconf 87' lang='lat' dir='ltr'><strong>Lib.</strong></span> <span class='ocrx_word' id='word_1_566' title='bbox 456 5223 529 5269; x_wconf 85' lang='lat' dir='ltr'><strong>tv,</strong></span> <span class='ocrx_word' id='word_1_567' title='bbox 561 5204 646 5275; x_wconf 85' lang='lat' dir='ltr'><strong>ep.</strong></span> <span class='ocrx_word' id='word_1_568' title='bbox 679 5207 833 5270; x_wconf 73' lang='lat'><strong>225.,</strong></span> <span class='ocrx_word' id='word_1_569' title='bbox 869 5205 923 5260; x_wconf 93' lang='lat' dir='ltr'><strong>in</strong></span> <span class='ocrx_word' id='word_1_570' title='bbox 963 5223 1070 5277; x_wconf 88' lang='lat' dir='ltr'><strong>qua</strong></span> <span class='ocrx_word' id='word_1_571' title='bbox 1116 5204 1339 5277; x_wconf 91' lang='lat' dir='ltr'><strong>Iosephi</strong></span> <span class='ocrx_word' id='word_1_572' title='bbox 1375 5207 1442 5262; x_wconf 83' lang='lat' dir='ltr'><strong>de</strong></span> <span class='ocrx_word' id='word_1_573' title='bbox 1483 5207 1704 5264; x_wconf 86' lang='lat' dir='ltr'><strong>Christo</strong></span> 
     </span>
    </p>
   </div>
   <div class='ocr_carea' id='block_1_83' title="bbox 125 5277 1704 5348">
    <p class='ocr_par' dir='ltr' id='par_1_83' title="bbox 125 5277 1704 5348">
     <span class='ocr_line' id='line_1_83' title="bbox 125 5277 1704 5348; baseline 0.006 -22"><span class='ocrx_word' id='word_1_574' title='bbox 125 5286 200 5348; x_wconf 28' lang='lat' dir='ltr'><strong>tis</strong></span> <span class='ocrx_word' id='word_1_575' title='bbox 232 5277 498 5330; x_wconf 82' lang='lat' dir='ltr'><strong>imouium</strong></span> <span class='ocrx_word' id='word_1_576' title='bbox 536 5307 601 5317; x_wconf 90' lang='lat'><em>—</em></span> <span class='ocrx_word' id='word_1_577' title='bbox 640 5277 908 5331; x_wconf 69' lang='lat' dir='ltr'><strong>Arcltzeol.</strong></span> <span class='ocrx_word' id='word_1_578' title='bbox 942 5277 1036 5333; x_wconf 87' lang='lat' dir='ltr'><strong>lib.</strong></span> <span class='ocrx_word' id='word_1_579' title='bbox 1072 5294 1236 5340; x_wconf 75' lang='lat' dir='ltr'><strong>xvm,</strong></span> <span class='ocrx_word' id='word_1_580' title='bbox 1269 5293 1389 5347; x_wconf 88' lang='lat' dir='ltr'><strong>cap.</strong></span> <span class='ocrx_word' id='word_1_581' title='bbox 1421 5279 1474 5333; x_wconf 76' lang='lat'><strong>3.</strong></span> <span class='ocrx_word' id='word_1_582' title='bbox 1508 5281 1607 5348; x_wconf 74' lang='grc'><strong>(4.)</strong></span> <span class='ocrx_word' id='word_1_583' title='bbox 1635 5309 1704 5319; x_wconf 93' lang='grc'><strong><em>-</em></strong></span> 
     </span>
    </p>
   </div>
   <div class='ocr_carea' id='block_1_84' title="bbox 125 5346 1704 5419">
    <p class='ocr_par' dir='ltr' id='par_1_84' title="bbox 125 5346 1704 5419">
     <span class='ocr_line' id='line_1_84' title="bbox 125 5346 1704 5419; baseline 0.009 -26"><span class='ocrx_word' id='word_1_584' title='bbox 125 5346 208 5398; x_wconf 61' lang='lat' dir='ltr'><strong>liis</strong></span> <span class='ocrx_word' id='word_1_585' title='bbox 241 5349 420 5400; x_wconf 72' lang='lat' dir='ltr'><strong>verbis</strong></span> <span class='ocrx_word' id='word_1_586' title='bbox 444 5349 924 5419; x_wconf 58' lang='lat' dir='ltr'><strong>comprehenditur</strong></span> <span class='ocrx_word' id='word_1_587' title='bbox 965 5366 978 5400; x_wconf 85' lang='lat'><strong>:</strong></span> <span class='ocrx_word' id='word_1_588' title='bbox 1011 5350 1221 5417; x_wconf 72' lang='grc' dir='ltr'><strong>γίνεται</strong></span> <span class='ocrx_word' id='word_1_589' title='bbox 1249 5349 1307 5402; x_wconf 76' lang='grc' dir='ltr'><strong>δὲ</strong></span> <span class='ocrx_word' id='word_1_590' title='bbox 1337 5346 1406 5389; x_wconf 58' lang='lat' dir='ltr'><strong>L—</strong></span> <span class='ocrx_word' id='word_1_591' title='bbox 1439 5346 1605 5419; x_wconf 63' lang='grc' dir='ltr'><strong>ν.’δὴ</strong></span> <span class='ocrx_word' id='word_1_592' title='bbox 1636 5379 1704 5388; x_wconf 93' lang='grc'><strong><em>-</em></strong></span> 
     </span>
    </p>
   </div>
   <div class='ocr_carea' id='block_1_85' title="bbox 128 5417 1707 5488">
    <p class='ocr_par' dir='ltr' id='par_1_85' title="bbox 128 5417 1707 5488">
     <span class='ocr_line' id='line_1_85' title="bbox 128 5417 1707 5488; baseline 0.004 -24"><span class='ocrx_word' id='word_1_593' title='bbox 128 5419 242 5467; x_wconf 64' lang='grc' dir='ltr'><strong>κατ’</strong></span> <span class='ocrx_word' id='word_1_594' title='bbox 277 5419 488 5488; x_wconf 63' lang='lat' dir='ltr'><strong>:exsivov</strong></span> <span class='ocrx_word' id='word_1_595' title='bbox 516 5447 589 5488; x_wconf 13' lang='lat'><strong>7—-</strong></span> <span class='ocrx_word' id='word_1_596' title='bbox 625 5417 682 5470; x_wconf 84' lang='lat' dir='ltr'><strong>V.</strong></span> <span class='ocrx_word' id='word_1_597' title='bbox 715 5419 780 5470; x_wconf 82' lang='lat' dir='ltr'><strong>H.</strong></span> <span class='ocrx_word' id='word_1_598' title='bbox 819 5420 959 5471; x_wconf 75' lang='grc' dir='ltr'><strong>κατὰ</strong></span> <span class='ocrx_word' id='word_1_599' title='bbox 983 5419 1170 5472; x_wconf 69' lang='grc' dir='ltr'>τοῦτον</span> <span class='ocrx_word' id='word_1_600' title='bbox 1193 5449 1264 5459; x_wconf 88' lang='grc'><strong><em>--</em></strong></span> <span class='ocrx_word' id='word_1_601' title='bbox 1293 5419 1384 5472; x_wconf 83' lang='grc' dir='ltr'><strong>τὸν</strong></span> <span class='ocrx_word' id='word_1_602' title='bbox 1415 5417 1605 5488; x_wconf 61' lang='grc' dir='ltr'><strong>χρόνοεῶ</strong></span> <span class='ocrx_word' id='word_1_603' title='bbox 1638 5449 1707 5461; x_wconf 91' lang='grc'><strong><em>-</em></strong></span> 
     </span>
    </p>
   </div>
   <div class='ocr_carea' id='block_1_86' title="bbox 126 5486 1706 5558">
    <p class='ocr_par' dir='ltr' id='par_1_86' title="bbox 126 5486 1706 5558">
     <span class='ocr_line' id='line_1_86' title="bbox 126 5486 1706 5558; baseline 0.003 -22"><span class='ocrx_word' id='word_1_604' title='bbox 126 5488 241 5558; x_wconf 66' lang='lat' dir='ltr'><strong>tot.</strong></span> <span class='ocrx_word' id='word_1_605' title='bbox 278 5486 556 5558; x_wconf 50' lang='grc' dir='ltr'><strong>γεμθῖνο.</strong></span> <span class='ocrx_word' id='word_1_606' title='bbox 603 5489 884 5558; x_wconf 14' lang='grc' dir='ltr'><strong>καιρὸνί-</strong></span> <span class='ocrx_word' id='word_1_607' title='bbox 931 5489 1155 5558; x_wconf 78' lang='grc' dir='ltr'><strong>Ἰησοῦς,</strong></span> <span class='ocrx_word' id='word_1_608' title='bbox 1187 5489 1350 5557; x_wconf 75' lang='grc' dir='ltr'>σοφὸς</span> <span class='ocrx_word' id='word_1_609' title='bbox 1380 5486 1540 5558; x_wconf 59' lang='grc' dir='ltr'><strong>ἀλλὴρ,</strong></span> <span class='ocrx_word' id='word_1_610' title='bbox 1589 5490 1706 5558; x_wconf 66' lang='grc' dir='ltr'>ςῐγε</span> 
     </span>
    </p>
   </div>
   <div class='ocr_carea' id='block_1_87' title="bbox 129 5556 1706 5631">
    <p class='ocr_par' dir='ltr' id='par_1_87' title="bbox 129 5556 1706 5631">
     <span class='ocr_line' id='line_1_87' title="bbox 129 5556 1706 5631; baseline 0.004 -25"><span class='ocrx_word' id='word_1_611' title='bbox 129 5557 283 5631; x_wconf 42' lang='lat' dir='ltr'><strong>asto-4</strong></span> <span class='ocrx_word' id='word_1_612' title='bbox 315 5557 575 5631; x_wconf 40' lang='grc' dir='ltr'><strong>ἄνδρε-</strong></span> <span class='ocrx_word' id='word_1_613' title='bbox 617 5556 887 5631; x_wconf 43' lang='lat' dir='ltr'><strong>gravat);</strong></span> <span class='ocrx_word' id='word_1_614' title='bbox 932 5556 1092 5631; x_wconf 54' lang='lat' dir='ltr'><strong>etiam</strong></span> <span class='ocrx_word' id='word_1_615' title='bbox 1122 5591 1195 5622; x_wconf 83' lang='grc'><strong>,-</strong></span> <span class='ocrx_word' id='word_1_616' title='bbox 1212 5556 1394 5631; x_wconf 69' lang='grc' dir='ltr'>λέγειν</span> <span class='ocrx_word' id='word_1_617' title='bbox 1427 5556 1558 5631; x_wconf 70' lang='grc' dir='ltr'><strong>χρή.</strong></span> <span class='ocrx_word' id='word_1_618' title='bbox 1597 5556 1706 5613; x_wconf 87' lang='grc' dir='ltr'><strong>Ἦν</strong></span> 
     </span>
    </p>
   </div>
   <div class='ocr_carea' id='block_1_88' title="bbox 129 5617 1706 5701">
    <p class='ocr_par' dir='ltr' id='par_1_88' title="bbox 129 5617 1706 5701">
     <span class='ocr_line' id='line_1_88' title="bbox 129 5617 1706 5701; baseline 0.004 -25"><span class='ocrx_word' id='word_1_619' title='bbox 129 5628 229 5694; x_wconf 64' lang='grc' dir='ltr'><strong>γὰρ</strong></span> <span class='ocrx_word' id='word_1_620' title='bbox 262 5617 581 5701; x_wconf 53' lang='grc' dir='ltr'><strong>πᾳραδὸξων</strong></span> <span class='ocrx_word' id='word_1_621' title='bbox 615 5629 802 5701; x_wconf 63' lang='grc' dir='ltr'><strong>εργιςυςιΔ</strong></span> <span class='ocrx_word' id='word_1_622' title='bbox 820 5617 1053 5701; x_wconf 60' lang='grc' dir='ltr'><strong>’ποιητὴς</strong></span> <span class='ocrx_word' id='word_1_623' title='bbox 1078 5673 1092 5696; x_wconf 91' lang='grc'><em>,</em></span> <span class='ocrx_word' id='word_1_624' title='bbox 1122 5617 1477 5692; x_wconf 50' lang='lat' dir='ltr'><strong>stamina?</strong></span> <span class='ocrx_word' id='word_1_625' title='bbox 1495 5617 1706 5701; x_wconf 69' lang='grc' dir='ltr'><strong>ἅνθρώ.</strong></span> 
     </span>
    </p>
   </div>
   <div class='ocr_carea' id='block_1_89' title="bbox 129 5699 1706 5772">
    <p class='ocr_par' dir='ltr' id='par_1_89' title="bbox 129 5699 1706 5772">
     <span class='ocr_line' id='line_1_89' title="bbox 129 5699 1706 5772; baseline 0.006 -26"><span class='ocrx_word' id='word_1_626' title='bbox 129 5700 377 5772; x_wconf 38' lang='grc' dir='ltr'><strong>τίων-τῷν</strong></span> <span class='ocrx_word' id='word_1_627' title='bbox 418 5701 577 5772; x_wconf 72' lang='grc' dir='ltr'><strong>ἡδονῇ</strong></span> <span class='ocrx_word' id='word_1_628' title='bbox 609 5699 818 5772; x_wconf 67' lang='grc' dir='ltr'><strong>τὰλῃβῆ</strong></span> <span class='ocrx_word' id='word_1_629' title='bbox 849 5699 1170 5772; x_wconf 60' lang='grc' dir='ltr'><strong>δεχομένων.</strong></span> <span class='ocrx_word' id='word_1_630' title='bbox 1211 5701 1335 5772; x_wconf 25' lang='grc' dir='ltr'><strong>Καὶᾼ</strong></span> <span class='ocrx_word' id='word_1_631' title='bbox 1352 5701 1579 5766; x_wconf 75' lang='grc' dir='ltr'>πολλοὺς</span> <span class='ocrx_word' id='word_1_632' title='bbox 1604 5699 1706 5772; x_wconf 66' lang='grc' dir='ltr'><strong>μὲν</strong></span> 
     </span>
    </p>
   </div>
   <div class='ocr_carea' id='block_1_90' title="bbox 141 5767 1700 5842">
    <p class='ocr_par' dir='ltr' id='par_1_90' title="bbox 141 5767 1700 5842">
     <span class='ocr_line' id='line_1_90' title="bbox 141 5767 1700 5842; baseline 0.006 -23"><span class='ocrx_word' id='word_1_633' title='bbox 141 5767 449 5842; x_wconf 56' lang='grc' dir='ltr'><strong>ξιοαξιίουςζ</strong></span> <span class='ocrx_word' id='word_1_634' title='bbox 465 5767 691 5842; x_wconf 60' lang='grc' dir='ltr'>πολλοὺς</span> <span class='ocrx_word' id='word_1_635' title='bbox 717 5767 787 5842; x_wconf 15' lang='grc' dir='ltr'><strong>δὲί</strong></span> <span class='ocrx_word' id='word_1_636' title='bbox 913 5767 1003 5842; x_wconf 60' lang='lat' dir='ltr'><strong>tot?</strong></span> <span class='ocrx_word' id='word_1_637' title='bbox 1018 5770 1350 5842; x_wconf 66' lang='lat' dir='ltr'><strong>_&#39;Eit).rjvtxo~3</strong></span> <span class='ocrx_word' id='word_1_638' title='bbox 1369 5767 1700 5842; x_wconf 69' lang='grc' dir='ltr'><strong>ἑπηγάγέτο.</strong></span> 
     </span>
    </p>
   </div>
   <div class='ocr_carea' id='block_1_91' title="bbox 142 5834 1703 5915">
    <p class='ocr_par' dir='ltr' id='par_1_91' title="bbox 142 5834 1703 5915">
     <span class='ocr_line' id='line_1_91' title="bbox 142 5834 1703 5915; baseline 0.003 -25"><span class='ocrx_word' id='word_1_639' title='bbox 142 5834 196 5890; x_wconf 83' lang='grc' dir='ltr'>ὐ</span> <span class='ocrx_word' id='word_1_640' title='bbox 222 5839 460 5912; x_wconf 68' lang='grc' dir='ltr'><strong>Χριστὸς</strong></span> <span class='ocrx_word' id='word_1_641' title='bbox 484 5836 638 5906; x_wconf 73' lang='grc' dir='ltr'>οὗτος</span> <span class='ocrx_word' id='word_1_642' title='bbox 659 5837 749 5914; x_wconf 80' lang='grc' dir='ltr'><strong>ἦν.</strong></span> <span class='ocrx_word' id='word_1_643' title='bbox 773 5838 890 5895; x_wconf 73' lang='grc' dir='ltr'><strong>Καὶ</strong></span> <span class='ocrx_word' id='word_1_644' title='bbox 917 5840 1071 5894; x_wconf 76' lang='grc' dir='ltr'><strong>αὐτὸν</strong></span> <span class='ocrx_word' id='word_1_645' title='bbox 1099 5834 1314 5907; x_wconf 43' lang='lat' dir='ltr'><strong>tvo-sliat</strong></span> <span class='ocrx_word' id='word_1_646' title='bbox 1338 5842 1445 5896; x_wconf 81' lang='grc' dir='ltr'><strong>τῶν</strong></span> <span class='ocrx_word' id='word_1_647' title='bbox 1464 5834 1703 5915; x_wconf 36' lang='lat' dir='ltr'><strong>utfit-iitum</strong></span> 
     </span>
    </p>
   </div>
   <div class='ocr_carea' id='block_1_92' title="bbox 1738 4503 2647 4574">
    <p class='ocr_par' dir='ltr' id='par_1_92' title="bbox 1738 4503 2647 4574">
     <span class='ocr_line' id='line_1_92' title="bbox 1738 4503 2647 4574; baseline -0.002 -17"><span class='ocrx_word' id='word_1_648' title='bbox 1738 4517 1781 4572; x_wconf 77' lang='grc' dir='ltr'><strong>ι)</strong></span> <span class='ocrx_word' id='word_1_649' title='bbox 1810 4503 1924 4557; x_wconf 73' lang='grc' dir='ltr'><strong>οὐχ’</strong></span> <span class='ocrx_word' id='word_1_650' title='bbox 1958 4503 2273 4560; x_wconf 53' lang='lat' dir='ltr'><strong>tuscum</strong></span> <span class='ocrx_word' id='word_1_651' title='bbox 2315 4508 2364 4558; x_wconf 70' lang='grc' dir='ltr'>οἱ</span> <span class='ocrx_word' id='word_1_652' title='bbox 2409 4503 2470 4556; x_wconf 85' lang='grc' dir='ltr'><strong>τὸ</strong></span> <span class='ocrx_word' id='word_1_653' title='bbox 2523 4503 2647 4574; x_wconf 69' lang='grc' dir='ltr'><strong>πρῶ</strong></span> 
     </span>
    </p>
   </div>
   <div class='ocr_carea' id='block_1_93' title="bbox 1806 3280 3413 3354">
    <p class='ocr_par' dir='ltr' id='par_1_93' title="bbox 1806 3280 3413 3354">
     <span class='ocr_line' id='line_1_93' title="bbox 1806 3280 3413 3354; baseline 0.001 -17"><span class='ocrx_word' id='word_1_654' title='bbox 1806 3289 2103 3348; x_wconf 88' lang='lat' dir='ltr'><strong>stamento,</strong></span> <span class='ocrx_word' id='word_1_655' title='bbox 2141 3299 2330 3338; x_wconf 86' lang='lat' dir='ltr'><strong>verum</strong></span> <span class='ocrx_word' id='word_1_656' title='bbox 2358 3292 2415 3338; x_wconf 90' lang='lat' dir='ltr'><strong>et</strong></span> <span class='ocrx_word' id='word_1_657' title='bbox 2453 3283 2701 3338; x_wconf 88' lang='lat' dir='ltr'><strong>Philonis</strong></span> <span class='ocrx_word' id='word_1_658' title='bbox 2740 3295 2798 3339; x_wconf 90' lang='lat' dir='ltr'><strong>et</strong></span> <span class='ocrx_word' id='word_1_659' title='bbox 2835 3281 3064 3354; x_wconf 89' lang='lat' dir='ltr'><strong>Iosephi</strong></span> <span class='ocrx_word' id='word_1_660' title='bbox 3116 3280 3302 3347; x_wconf 84' lang='lat' dir='ltr'><strong>dictis,</strong></span> <span class='ocrx_word' id='word_1_661' title='bbox 3352 3289 3413 3338; x_wconf 86' lang='lat' dir='ltr'><strong>ut</strong></span> 
     </span>
    </p>
   </div>
   <div class='ocr_carea' id='block_1_94' title="bbox 1806 3375 3446 3454">
    <p class='ocr_par' dir='ltr' id='par_1_94' title="bbox 1806 3375 3446 3454">
     <span class='ocr_line' id='line_1_94' title="bbox 1806 3375 3446 3454; baseline 0.001 -24"><span class='ocrx_word' id='word_1_662' title='bbox 1806 3376 2023 3431; x_wconf 92' lang='lat' dir='ltr'><strong>illorum</strong></span> <span class='ocrx_word' id='word_1_663' title='bbox 2050 3376 2392 3446; x_wconf 89' lang='lat' dir='ltr'><strong>objectiones</strong></span> <span class='ocrx_word' id='word_1_664' title='bbox 2415 3375 2637 3440; x_wconf 81' lang='lat' dir='ltr'><strong>refutet,</strong></span> <span class='ocrx_word' id='word_1_665' title='bbox 2667 3377 2839 3430; x_wconf 85' lang='lat' dir='ltr'><strong>utitur</strong></span> <span class='ocrx_word' id='word_1_666' title='bbox 2864 3391 3267 3446; x_wconf 69' lang='lat' dir='ltr'><strong>saepenumero.</strong></span> <span class='ocrx_word' id='word_1_667' title='bbox 3299 3376 3412 3431; x_wconf 87' lang='lat' dir='ltr'><strong>lta-</strong></span> <span class='ocrx_word' id='word_1_668' title='bbox 3434 3445 3446 3454; x_wconf 33' lang='lat'><em>.</em></span> 
     </span>
    </p>
   </div>
   <div class='ocr_carea' id='block_1_95' title="bbox 1806 3467 3416 3540">
    <p class='ocr_par' dir='ltr' id='par_1_95' title="bbox 1806 3467 3416 3540">
     <span class='ocr_line' id='line_1_95' title="bbox 1806 3467 3416 3540; baseline 0.001 -17"><span class='ocrx_word' id='word_1_669' title='bbox 1806 3483 1913 3540; x_wconf 89' lang='lat' dir='ltr'><strong>que</strong></span> <span class='ocrx_word' id='word_1_670' title='bbox 1935 3467 2158 3524; x_wconf 62' lang='lat' dir='ltr'><strong>Iudaeos</strong></span> <span class='ocrx_word' id='word_1_671' title='bbox 2186 3467 2317 3524; x_wconf 87' lang='lat' dir='ltr'><strong>Iesu</strong></span> <span class='ocrx_word' id='word_1_672' title='bbox 2342 3467 2548 3523; x_wconf 88' lang='lat' dir='ltr'><strong>Christi</strong></span> <span class='ocrx_word' id='word_1_673' title='bbox 2581 3468 2929 3524; x_wconf 85' lang='lat' dir='ltr'><strong>divinitatem</strong></span> <span class='ocrx_word' id='word_1_674' title='bbox 2955 3479 3226 3540; x_wconf 89' lang='lat' dir='ltr'><strong>negantes</strong></span> <span class='ocrx_word' id='word_1_675' title='bbox 3255 3469 3416 3525; x_wconf 81' lang='lat' dir='ltr'><strong>refel-</strong></span> 
     </span>
    </p>
   </div>
   <div class='ocr_carea' id='block_1_96' title="bbox 1806 3540 3412 3633">
    <p class='ocr_par' dir='ltr' id='par_1_96' title="bbox 1806 3540 3412 3633">
     <span class='ocr_line' id='line_1_96' title="bbox 1806 3540 3412 3633; baseline 0.002 -19"><span class='ocrx_word' id='word_1_676' title='bbox 1806 3560 1870 3616; x_wconf 90' lang='lat' dir='ltr'><strong>lit</strong></span> <span class='ocrx_word' id='word_1_677' title='bbox 1893 3563 2221 3615; x_wconf 82' lang='lat' dir='ltr'><strong>auctoritate</strong></span> <span class='ocrx_word' id='word_1_678' title='bbox 2249 3540 2474 3631; x_wconf 54' lang='lat' dir='ltr'><strong>Iose&#39;phi</strong></span> <span class='ocrx_word' id='word_1_679' title='bbox 2499 3561 2587 3633; x_wconf 82' lang='lat' dir='ltr'><strong>(f),</strong></span> <span class='ocrx_word' id='word_1_680' title='bbox 2614 3563 2706 3632; x_wconf 92' lang='lat' dir='ltr'><strong>qui</strong></span> <span class='ocrx_word' id='word_1_681' title='bbox 2733 3561 2836 3616; x_wconf 90' lang='lat' dir='ltr'><strong>etsi</strong></span> <span class='ocrx_word' id='word_1_682' title='bbox 2870 3561 3175 3617; x_wconf 87' lang='lat' dir='ltr'><strong>acerrimus</strong></span> <span class='ocrx_word' id='word_1_683' title='bbox 3192 3561 3412 3632; x_wconf 82' lang='lat' dir='ltr'><strong>religio-</strong></span> 
     </span>
    </p>
   </div>
   <div class='ocr_carea' id='block_1_97' title="bbox 1811 3652 3413 3725">
    <p class='ocr_par' dir='ltr' id='par_1_97' title="bbox 1811 3652 3413 3725">
     <span class='ocr_line' id='line_1_97' title="bbox 1811 3652 3413 3725; baseline 0.001 -17"><span class='ocrx_word' id='word_1_684' title='bbox 1811 3653 1896 3708; x_wconf 87' lang='lat' dir='ltr'><strong>nis</strong></span> <span class='ocrx_word' id='word_1_685' title='bbox 1939 3652 2188 3709; x_wconf 71' lang='lat' dir='ltr'><strong>Mosaica:</strong></span> <span class='ocrx_word' id='word_1_686' title='bbox 2225 3664 2626 3725; x_wconf 85' lang='lat' dir='ltr'><strong>propugnator,</strong></span> <span class='ocrx_word' id='word_1_687' title='bbox 2675 3663 2731 3708; x_wconf 90' lang='lat' dir='ltr'><strong>et</strong></span> <span class='ocrx_word' id='word_1_688' title='bbox 2762 3663 3023 3710; x_wconf 86' lang='lat' dir='ltr'><strong>strenuus</strong></span> <span class='ocrx_word' id='word_1_689' title='bbox 3061 3655 3413 3724; x_wconf 87' lang='lat' dir='ltr'><strong>populariunt</strong></span> 
     </span>
    </p>
   </div>
   <div class='ocr_carea' id='block_1_98' title="bbox 1809 3745 3415 3810">
    <p class='ocr_par' dir='ltr' id='par_1_98' title="bbox 1809 3745 3415 3810">
     <span class='ocr_line' id='line_1_98' title="bbox 1809 3745 3415 3810; baseline -0.001 -10"><span class='ocrx_word' id='word_1_690' title='bbox 1809 3745 1972 3800; x_wconf 83' lang='lat' dir='ltr'><strong>fuerit</strong></span> <span class='ocrx_word' id='word_1_691' title='bbox 1999 3745 2278 3810; x_wconf 83' lang='lat' dir='ltr'><strong>defensor,</strong></span> <span class='ocrx_word' id='word_1_692' title='bbox 2309 3754 2490 3800; x_wconf 90' lang='lat' dir='ltr'><strong>tamen</strong></span> <span class='ocrx_word' id='word_1_693' title='bbox 2520 3746 2767 3802; x_wconf 87' lang='lat' dir='ltr'><strong>veritatis</strong></span> <span class='ocrx_word' id='word_1_694' title='bbox 2790 3761 2977 3800; x_wconf 83' lang='lat' dir='ltr'><strong>amore</strong></span> <span class='ocrx_word' id='word_1_695' title='bbox 3008 3746 3210 3800; x_wconf 90' lang='lat' dir='ltr'><strong>ductus</strong></span> <span class='ocrx_word' id='word_1_696' title='bbox 3248 3746 3415 3800; x_wconf 81' lang='lat' dir='ltr'><strong>Chri-</strong></span> 
     </span>
    </p>
   </div>
   <div class='ocr_carea' id='block_1_99' title="bbox 1804 3839 3415 3910">
    <p class='ocr_par' dir='ltr' id='par_1_99' title="bbox 1804 3839 3415 3910">
     <span class='ocr_line' id='line_1_99' title="bbox 1804 3839 3415 3910; baseline -0.001 -15"><span class='ocrx_word' id='word_1_697' title='bbox 1804 3850 1952 3896; x_wconf 87' lang='lat' dir='ltr'><strong>stum</strong></span> <span class='ocrx_word' id='word_1_698' title='bbox 1999 3839 2261 3894; x_wconf 89' lang='lat' dir='ltr'><strong>miracula</strong></span> <span class='ocrx_word' id='word_1_699' title='bbox 2315 3839 2592 3904; x_wconf 87' lang='lat' dir='ltr'><strong>edidisse,</strong></span> <span class='ocrx_word' id='word_1_700' title='bbox 2638 3855 2874 3910; x_wconf 90' lang='lat' dir='ltr'><strong>eumque</strong></span> <span class='ocrx_word' id='word_1_701' title='bbox 2918 3839 3148 3893; x_wconf 89' lang='lat' dir='ltr'><strong>humani</strong></span> <span class='ocrx_word' id='word_1_702' title='bbox 3195 3839 3415 3909; x_wconf 89' lang='lat' dir='ltr'><strong>generis</strong></span> 
     </span>
    </p>
   </div>
   <div class='ocr_carea' id='block_1_100' title="bbox 1804 3930 3410 4003">
    <p class='ocr_par' dir='ltr' id='par_1_100' title="bbox 1804 3930 3410 4003">
     <span class='ocr_line' id='line_1_100' title="bbox 1804 3930 3410 4003; baseline 0 -17"><span class='ocrx_word' id='word_1_703' title='bbox 1804 3941 2200 4003; x_wconf 71' lang='lat' dir='ltr'><strong>praeceptorem</strong></span> <span class='ocrx_word' id='word_1_704' title='bbox 2247 3931 2512 3988; x_wconf 85' lang='lat' dir='ltr'><strong>divinitus</strong></span> <span class='ocrx_word' id='word_1_705' title='bbox 2548 3932 2779 3987; x_wconf 90' lang='lat' dir='ltr'><strong>missum</strong></span> <span class='ocrx_word' id='word_1_706' title='bbox 2815 3930 2988 3986; x_wconf 89' lang='lat' dir='ltr'><strong>fuisse</strong></span> <span class='ocrx_word' id='word_1_707' title='bbox 3038 3930 3410 3986; x_wconf 84' lang='lat' dir='ltr'><strong>allirmaverit.</strong></span> 
     </span>
    </p>
   </div>
   <div class='ocr_carea' id='block_1_101' title="bbox 1804 4024 3412 4096">
    <p class='ocr_par' dir='ltr' id='par_1_101' title="bbox 1804 4024 3412 4096">
     <span class='ocr_line' id='line_1_101' title="bbox 1804 4024 3412 4096; baseline 0.001 -18"><span class='ocrx_word' id='word_1_708' title='bbox 1804 4055 1876 4067; x_wconf 74' lang='grc' dir='ltr'>-ο</span> <span class='ocrx_word' id='word_1_709' title='bbox 1919 4024 2233 4096; x_wconf 85' lang='lat' dir='ltr'><strong>Eademque</strong></span> <span class='ocrx_word' id='word_1_710' title='bbox 2264 4025 2477 4080; x_wconf 83' lang='lat' dir='ltr'><strong>ratione</strong></span> <span class='ocrx_word' id='word_1_711' title='bbox 2520 4026 2624 4080; x_wconf 91' lang='lat' dir='ltr'><strong>alia</strong></span> <span class='ocrx_word' id='word_1_712' title='bbox 2657 4027 2712 4080; x_wconf 88' lang='lat' dir='ltr'><strong>in</strong></span> <span class='ocrx_word' id='word_1_713' title='bbox 2745 4026 2980 4096; x_wconf 90' lang='lat' dir='ltr'><strong>epistola</strong></span> <span class='ocrx_word' id='word_1_714' title='bbox 3021 4025 3096 4095; x_wconf 83' lang='lat' dir='ltr'><strong>(g)</strong></span> <span class='ocrx_word' id='word_1_715' title='bbox 3127 4024 3412 4079; x_wconf 88' lang='lat' dir='ltr'><strong>Philonem</strong></span> 
     </span>
    </p>
   </div>
   <div class='ocr_carea' id='block_1_102' title="bbox 1807 4116 3410 4190">
    <p class='ocr_par' dir='ltr' id='par_1_102' title="bbox 1807 4116 3410 4190">
     <span class='ocr_line' id='line_1_102' title="bbox 1807 4116 3410 4190; baseline -0.001 -18"><span class='ocrx_word' id='word_1_716' title='bbox 1807 4117 1884 4189; x_wconf 82' lang='grc' dir='ltr'><strong>τῷ</strong></span> <span class='ocrx_word' id='word_1_717' title='bbox 1910 4117 2072 4190; x_wconf 84' lang='grc' dir='ltr'><strong>Λόγῳ</strong></span> <span class='ocrx_word' id='word_1_718' title='bbox 2100 4117 2341 4172; x_wconf 90' lang='lat' dir='ltr'><strong>divinam</strong></span> <span class='ocrx_word' id='word_1_719' title='bbox 2384 4118 2649 4175; x_wconf 83' lang='lat' dir='ltr'><strong>tribuisse</strong></span> <span class='ocrx_word' id='word_1_720' title='bbox 2693 4128 2945 4172; x_wconf 89' lang='lat' dir='ltr'><strong>naturam</strong></span> <span class='ocrx_word' id='word_1_721' title='bbox 2993 4116 3410 4187; x_wconf 82' lang='lat' dir='ltr'><strong>compluribus,</strong></span> 
     </span>
    </p>
   </div>
   <div class='ocr_carea' id='block_1_103' title="bbox 1806 4211 3412 4284">
    <p class='ocr_par' dir='ltr' id='par_1_103' title="bbox 1806 4211 3412 4284">
     <span class='ocr_line' id='line_1_103' title="bbox 1806 4211 3412 4284; baseline -0.001 -15"><span class='ocrx_word' id='word_1_722' title='bbox 1806 4229 1930 4283; x_wconf 70' lang='lat' dir='ltr'><strong>quae</strong></span> <span class='ocrx_word' id='word_1_723' title='bbox 1960 4229 2025 4267; x_wconf 81' lang='lat' dir='ltr'><strong>ex</strong></span> <span class='ocrx_word' id='word_1_724' title='bbox 2059 4213 2208 4269; x_wconf 93' lang='lat' dir='ltr'><strong>illius</strong></span> <span class='ocrx_word' id='word_1_725' title='bbox 2231 4213 2449 4284; x_wconf 89' lang='lat' dir='ltr'><strong>scriptis</strong></span> <span class='ocrx_word' id='word_1_726' title='bbox 2482 4213 2718 4284; x_wconf 90' lang='lat' dir='ltr'><strong>repetita</strong></span> <span class='ocrx_word' id='word_1_727' title='bbox 2748 4221 2912 4278; x_wconf 88' lang='lat' dir='ltr'><strong>sunt,</strong></span> <span class='ocrx_word' id='word_1_728' title='bbox 2945 4211 3278 4268; x_wconf 89' lang='lat' dir='ltr'><strong>testimoniis</strong></span> <span class='ocrx_word' id='word_1_729' title='bbox 3315 4225 3412 4268; x_wconf 85' lang='lat' dir='ltr'><strong>co-</strong></span> 
     </span>
    </p>
   </div>
   <div class='ocr_carea' id='block_1_104' title="bbox 1810 4431 3408 4507">
    <p class='ocr_par' dir='ltr' id='par_1_104' title="bbox 1810 4431 3408 4507">
     <span class='ocr_line' id='line_1_104' title="bbox 1810 4431 3408 4507; baseline -0.001 -20"><span class='ocrx_word' id='word_1_730' title='bbox 1810 4433 2023 4507; x_wconf 81' lang='grc' dir='ltr'><strong>ἀνόρῶν</strong></span> <span class='ocrx_word' id='word_1_731' title='bbox 2054 4453 2168 4507; x_wconf 77' lang='grc' dir='ltr'><strong>παρ</strong></span> <span class='ocrx_word' id='word_1_732' title='bbox 2221 4436 2354 4506; x_wconf 69' lang='grc' dir='ltr'><strong>ἡμῖν</strong></span> <span class='ocrx_word' id='word_1_733' title='bbox 2383 4431 3094 4507; x_wconf 38' lang='grc' dir='ltr'><strong>στᾳυρῷᾼὲπιτετιμῃξιότος</strong></span> <span class='ocrx_word' id='word_1_734' title='bbox 3133 4431 3368 4507; x_wconf 60' lang='grc' dir='ltr'>Πιλάῖου</span> <span class='ocrx_word' id='word_1_735' title='bbox 3392 4473 3408 4500; x_wconf 84' lang='grc'><em>,</em></span> 
     </span>
    </p>
   </div>
   <div class='ocr_carea' id='block_1_105' title="bbox 2613 4503 3416 4573">
    <p class='ocr_par' dir='ltr' id='par_1_105' title="bbox 2613 4503 3416 4573">
     <span class='ocr_line' id='line_1_105' title="bbox 2613 4503 3416 4573; baseline 0.004 -18"><span class='ocrx_word' id='word_1_736' title='bbox 2613 4503 2743 4556; x_wconf 69' lang='grc' dir='ltr'>ἔνεον</span> <span class='ocrx_word' id='word_1_737' title='bbox 2785 4535 2854 4545; x_wconf 90' lang='grc'><strong>-</strong></span> <span class='ocrx_word' id='word_1_738' title='bbox 2904 4505 2975 4558; x_wconf 79' lang='grc' dir='ltr'><strong>Η.</strong></span> <span class='ocrx_word' id='word_1_739' title='bbox 3029 4504 3145 4569; x_wconf 75' lang='grc' dir='ltr'>οἵγε</span> <span class='ocrx_word' id='word_1_740' title='bbox 3191 4503 3416 4573; x_wconf 73' lang='grc' dir='ltr'><strong>πρῶτον</strong></span> 
     </span>
    </p>
   </div>
   <div class='ocr_carea' id='block_1_106' title="bbox 1810 4573 3416 4646">
    <p class='ocr_par' dir='ltr' id='par_1_106' title="bbox 1810 4573 3416 4646">
     <span class='ocr_line' id='line_1_106' title="bbox 1810 4573 3416 4646; baseline -0.001 -17"><span class='ocrx_word' id='word_1_741' title='bbox 1810 4576 1974 4629; x_wconf 81' lang='grc' dir='ltr'>αὐτὸν</span> <span class='ocrx_word' id='word_1_742' title='bbox 2007 4606 2081 4618; x_wconf 88' lang='lat'><strong>--</strong></span> <span class='ocrx_word' id='word_1_743' title='bbox 2112 4578 2516 4646; x_wconf 69' lang='grc' dir='ltr'><strong>ἀγαπήσαντες.</strong></span> <span class='ocrx_word' id='word_1_744' title='bbox 2574 4573 2795 4646; x_wconf 17' lang='grc' dir='ltr'><strong>Ἒςςράγην</strong></span> <span class='ocrx_word' id='word_1_745' title='bbox 2830 4573 2940 4643; x_wconf 82' lang='grc' dir='ltr'><strong>γὰρ</strong></span> <span class='ocrx_word' id='word_1_746' title='bbox 2985 4575 3171 4646; x_wconf 62' lang='grc' dir='ltr'><strong>αὐτοῖς</strong></span> <span class='ocrx_word' id='word_1_747' title='bbox 3223 4574 3416 4646; x_wconf 62' lang='grc' dir='ltr'><strong>τρίζεην</strong></span> 
     </span>
    </p>
   </div>
   <div class='ocr_carea' id='block_1_107' title="bbox 1807 4642 3414 4717">
    <p class='ocr_par' dir='ltr' id='par_1_107' title="bbox 1807 4642 3414 4717">
     <span class='ocr_line' id='line_1_107' title="bbox 1807 4642 3414 4717; baseline 0.001 -19"><span class='ocrx_word' id='word_1_748' title='bbox 1807 4646 1946 4716; x_wconf 72' lang='grc' dir='ltr'>ἔχων</span> <span class='ocrx_word' id='word_1_749' title='bbox 1975 4642 2191 4717; x_wconf 49' lang='grc' dir='ltr'><strong>ήμέραέι</strong></span> <span class='ocrx_word' id='word_1_750' title='bbox 2227 4642 2392 4702; x_wconf 70' lang='grc' dir='ltr'>πάλιν</span> <span class='ocrx_word' id='word_1_751' title='bbox 2416 4645 2549 4710; x_wconf 77' lang='grc' dir='ltr'><strong>ζῶν,</strong></span> <span class='ocrx_word' id='word_1_752' title='bbox 2579 4645 2690 4717; x_wconf 79' lang='grc' dir='ltr'><strong>τῷν</strong></span> <span class='ocrx_word' id='word_1_753' title='bbox 2714 4642 3203 4717; x_wconf 32' lang='grc' dir='ltr'><strong>Θεζωγ-προφητῶν</strong></span> <span class='ocrx_word' id='word_1_754' title='bbox 3238 4642 3414 4700; x_wconf 50' lang='lat' dir='ltr'><strong>taste</strong></span> 
     </span>
    </p>
   </div>
   <div class='ocr_carea' id='block_1_108' title="bbox 1806 4715 3414 4788">
    <p class='ocr_par' dir='ltr' id='par_1_108' title="bbox 1806 4715 3414 4788">
     <span class='ocr_line' id='line_1_108' title="bbox 1806 4715 3414 4788; baseline 0.001 -18"><span class='ocrx_word' id='word_1_755' title='bbox 1806 4715 1866 4770; x_wconf 73' lang='grc' dir='ltr'><strong>τέ</strong></span> <span class='ocrx_word' id='word_1_756' title='bbox 1895 4715 2028 4788; x_wconf 57' lang='lat' dir='ltr'><strong>nep!</strong></span> <span class='ocrx_word' id='word_1_757' title='bbox 2071 4715 2236 4770; x_wconf 69' lang='grc' dir='ltr'><strong>ἀὺτοῦ</strong></span> <span class='ocrx_word' id='word_1_758' title='bbox 2265 4746 2335 4758; x_wconf 76' lang='grc' dir='ltr'><strong>σ-</strong></span> <span class='ocrx_word' id='word_1_759' title='bbox 2364 4732 2487 4788; x_wconf 73' lang='lat' dir='ltr'><strong>quae</strong></span> <span class='ocrx_word' id='word_1_760' title='bbox 2530 4716 2696 4770; x_wconf 84' lang='lat' dir='ltr'><strong>verba</strong></span> <span class='ocrx_word' id='word_1_761' title='bbox 2746 4716 2815 4788; x_wconf 80' lang='lat' dir='ltr'><strong>ab</strong></span> <span class='ocrx_word' id='word_1_762' title='bbox 2862 4715 3414 4788; x_wconf 12' lang='lat' dir='ltr'><strong>H.7pouunturaute</strong></span> 
     </span>
    </p>
   </div>
   <div class='ocr_carea' id='block_1_109' title="bbox 1807 4785 3407 4910">
    <p class='ocr_par' dir='ltr' id='par_1_109' title="bbox 1807 4785 3407 4910">
     <span class='ocr_line' id='line_1_109' title="bbox 1807 4785 3407 4868; baseline 0.001 -29"><span class='ocrx_word' id='word_1_763' title='bbox 1807 4785 2113 4856; x_wconf 70' lang='grc' dir='ltr'><strong>εἰρηκότων</strong></span> <span class='ocrx_word' id='word_1_764' title='bbox 2141 4817 2203 4827; x_wconf 92' lang='grc'><strong><em>-</em></strong></span> <span class='ocrx_word' id='word_1_765' title='bbox 2240 4789 2336 4840; x_wconf 75' lang='grc' dir='ltr'><strong>καὶ</strong></span> <span class='ocrx_word' id='word_1_766' title='bbox 2372 4785 2509 4840; x_wconf 76' lang='grc' dir='ltr'>ἄλλα.</span> <span class='ocrx_word' id='word_1_767' title='bbox 2561 4788 2713 4866; x_wconf 37' lang='grc' dir='ltr'>,υρία</span> <span class='ocrx_word' id='word_1_768' title='bbox 2759 4785 3040 4868; x_wconf 57' lang='grc' dir='ltr'><strong>Θαυμάάιςι</strong></span> <span class='ocrx_word' id='word_1_769' title='bbox 3080 4787 3166 4856; x_wconf 78' lang='lat' dir='ltr'><strong>sip</strong></span> <span class='ocrx_word' id='word_1_770' title='bbox 3209 4785 3407 4841; x_wconf 86' lang='grc' dir='ltr'><strong>κὸτων.</strong></span> 
     </span>
     <span class='ocr_line' id='line_1_110' title="bbox 1812 4804 3407 4910; baseline 0 0"><span class='ocrx_word' id='word_1_771' title='bbox 1812 4857 1920 4910; x_wconf 84' lang='grc' dir='ltr'><strong>Ἴδε</strong></span> <span class='ocrx_word' id='word_1_772' title='bbox 1940 4858 2338 4910; x_wconf 70' lang='grc' dir='ltr'><strong>τοίνυν-θοὰ.</strong></span> <span class='ocrx_word' id='word_1_773' title='bbox 2356 4858 2478 4910; x_wconf 86' lang='lat' dir='ltr'><strong>Vat.</strong></span> <span class='ocrx_word' id='word_1_774' title='bbox 2505 4805 2630 4910; x_wconf 54' lang='grc' dir='ltr'><strong>εἷς).</strong></span> <span class='ocrx_word' id='word_1_775' title='bbox 2651 4852 2730 4910; x_wconf 77' lang='grc' dir='ltr'><strong>εἷς</strong></span> <span class='ocrx_word' id='word_1_776' title='bbox 2756 4858 2809 4909; x_wconf 75' lang='grc' dir='ltr'><strong>δὲ</strong></span> <span class='ocrx_word' id='word_1_777' title='bbox 2827 4875 2936 4910; x_wconf 87' lang='grc' dir='ltr'><strong>των</strong></span> <span class='ocrx_word' id='word_1_778' title='bbox 2963 4877 3125 4910; x_wconf 86' lang='grc' dir='ltr'><strong>νυν...</strong></span> <span class='ocrx_word' id='word_1_779' title='bbox 3236 4857 3314 4910; x_wconf 74' lang='grc' dir='ltr'><strong>εἰς</strong></span> <span class='ocrx_word' id='word_1_780' title='bbox 3333 4855 3407 4910; x_wconf 76' lang='grc' dir='ltr'><strong>ἔτι</strong></span> 
     </span>
    </p>
   </div>
   <div class='ocr_carea' id='block_1_110' title="bbox 1812 4852 3413 4920">
    <p class='ocr_par' dir='ltr' id='par_1_110' title="bbox 1812 4852 3413 4920">
     <span class='ocr_line' id='line_1_111' title="bbox 1812 4852 3413 4920; baseline -0.001 -9"><span class='ocrx_word' id='word_1_781' title='bbox 1812 4852 2122 4911; x_wconf 71' lang='grc' dir='ltr'><strong>Ἴδέτοῐνυν</strong></span> <span class='ocrx_word' id='word_1_782' title='bbox 2137 4889 2203 4897; x_wconf 88' lang='grc'><strong>-</strong></span> <span class='ocrx_word' id='word_1_783' title='bbox 2219 4858 2338 4912; x_wconf 89' lang='lat' dir='ltr'><strong>cod.</strong></span> <span class='ocrx_word' id='word_1_784' title='bbox 2356 4858 2478 4913; x_wconf 85' lang='lat' dir='ltr'><strong>Vat.</strong></span> <span class='ocrx_word' id='word_1_785' title='bbox 2505 4852 2631 4913; x_wconf 75' lang='grc' dir='ltr'><strong>65οξ</strong></span> <span class='ocrx_word' id='word_1_786' title='bbox 2651 4852 2730 4920; x_wconf 77' lang='grc' dir='ltr'><strong>εἷς</strong></span> <span class='ocrx_word' id='word_1_787' title='bbox 2756 4858 2809 4909; x_wconf 75' lang='grc' dir='ltr'><strong>δὲ</strong></span> <span class='ocrx_word' id='word_1_788' title='bbox 2827 4852 2936 4910; x_wconf 81' lang='grc' dir='ltr'><strong>τῶν</strong></span> <span class='ocrx_word' id='word_1_789' title='bbox 2963 4852 3214 4910; x_wconf 74' lang='grc' dir='ltr'><strong>νῦν...Ἠ.</strong></span> <span class='ocrx_word' id='word_1_790' title='bbox 3236 4857 3314 4918; x_wconf 73' lang='grc' dir='ltr'><strong>εἰς</strong></span> <span class='ocrx_word' id='word_1_791' title='bbox 3333 4855 3413 4910; x_wconf 76' lang='grc' dir='ltr'><strong>ἔτι</strong></span> 
     </span>
    </p>
   </div>
   <div class='ocr_carea' id='block_1_111' title="bbox 1808 4927 3416 5000">
    <p class='ocr_par' dir='ltr' id='par_1_111' title="bbox 1808 4927 3416 5000">
     <span class='ocr_line' id='line_1_112' title="bbox 1808 4927 3416 5000; baseline 0 -19"><span class='ocrx_word' id='word_1_792' title='bbox 1808 4927 1903 5000; x_wconf 76' lang='grc' dir='ltr'><strong>νῦν</strong></span> <span class='ocrx_word' id='word_1_793' title='bbox 1923 4960 1991 4972; x_wconf 92' lang='grc'><strong><em>-</em></strong></span> <span class='ocrx_word' id='word_1_794' title='bbox 2011 4928 2121 4983; x_wconf 83' lang='grc' dir='ltr'><strong>τῶν</strong></span> <span class='ocrx_word' id='word_1_795' title='bbox 2151 4928 2516 5000; x_wconf 58' lang='grc' dir='ltr'><strong>Χρισειανῷγ,</strong></span> <span class='ocrx_word' id='word_1_796' title='bbox 2541 4927 2650 5000; x_wconf 61' lang='grc' dir='ltr'><strong>ἀτεξ)</strong></span> <span class='ocrx_word' id='word_1_797' title='bbox 2675 4927 2829 5000; x_wconf 63' lang='grc' dir='ltr'><strong>ῖοῦδε</strong></span> <span class='ocrx_word' id='word_1_798' title='bbox 2854 4927 3416 5000; x_wconf 33' lang='grc' dir='ltr'><strong>ᾠνομασμέγωνὶ-οὑκ</strong></span> 
     </span>
    </p>
   </div>
   <div class='ocr_carea' id='block_1_112' title="bbox 1809 4996 3412 5066">
    <p class='ocr_par' dir='ltr' id='par_1_112' title="bbox 1809 4996 3412 5066">
     <span class='ocr_line' id='line_1_113' title="bbox 1809 4996 3412 5066; baseline 0.001 -15"><span class='ocrx_word' id='word_1_799' title='bbox 1809 4999 2025 5066; x_wconf 73' lang='grc' dir='ltr'><strong>ἐξέλιπε</strong></span> <span class='ocrx_word' id='word_1_800' title='bbox 2051 5030 2115 5039; x_wconf 90' lang='lat'><strong>-—</strong></span> <span class='ocrx_word' id='word_1_801' title='bbox 2138 4996 2260 5056; x_wconf 65' lang='lat' dir='ltr'><strong>coll.</strong></span> <span class='ocrx_word' id='word_1_802' title='bbox 2289 4997 2411 5053; x_wconf 86' lang='lat' dir='ltr'><strong>Vat.</strong></span> <span class='ocrx_word' id='word_1_803' title='bbox 2445 4998 2567 5052; x_wconf 79' lang='lat'><strong>650.</strong></span> <span class='ocrx_word' id='word_1_804' title='bbox 2596 4996 2659 5052; x_wconf 92' lang='lat' dir='ltr'><strong>V.</strong></span> <span class='ocrx_word' id='word_1_805' title='bbox 2688 4998 2753 5052; x_wconf 79' lang='grc'><strong>11.</strong></span> <span class='ocrx_word' id='word_1_806' title='bbox 2779 4996 3008 5051; x_wconf 66' lang='grc' dir='ltr'><strong>ἐπέλιπε</strong></span> <span class='ocrx_word' id='word_1_807' title='bbox 3036 5027 3104 5038; x_wconf 90' lang='grc'><strong><em>--</em></strong></span> <span class='ocrx_word' id='word_1_808' title='bbox 3138 4996 3199 5050; x_wconf 76' lang='grc' dir='ltr'><strong>τὸ</strong></span> <span class='ocrx_word' id='word_1_809' title='bbox 3219 4996 3412 5064; x_wconf 77' lang='grc' dir='ltr'>φῦλον.</span> 
     </span>
    </p>
   </div>
   <div class='ocr_carea' id='block_1_113' title="bbox 1809 5067 3416 5138">
    <p class='ocr_par' dir='ltr' id='par_1_113' title="bbox 1809 5067 3416 5138">
     <span class='ocr_line' id='line_1_114' title="bbox 1809 5067 3416 5138; baseline -0.001 -18"><span class='ocrx_word' id='word_1_810' title='bbox 1809 5069 1984 5136; x_wconf 82' lang='lat' dir='ltr'><strong>Quam</strong></span> <span class='ocrx_word' id='word_1_811' title='bbox 2017 5071 2326 5126; x_wconf 81' lang='lat' dir='ltr'><strong>notavimus</strong></span> <span class='ocrx_word' id='word_1_812' title='bbox 2353 5070 2532 5122; x_wconf 85' lang='lat' dir='ltr'><strong>littera</strong></span> <span class='ocrx_word' id='word_1_813' title='bbox 2577 5067 2622 5121; x_wconf 67' lang='lat' dir='ltr'><strong>li</strong></span> <span class='ocrx_word' id='word_1_814' title='bbox 2666 5070 2992 5138; x_wconf 84' lang='lat' dir='ltr'><strong>scripturam</strong></span> <span class='ocrx_word' id='word_1_815' title='bbox 3015 5109 3030 5132; x_wconf 96' lang='lat'><strong>,</strong></span> <span class='ocrx_word' id='word_1_816' title='bbox 3057 5083 3178 5122; x_wconf 88' lang='lat' dir='ltr'><strong>eam</strong></span> <span class='ocrx_word' id='word_1_817' title='bbox 3207 5067 3416 5120; x_wconf 83' lang='lat' dir='ltr'><strong>Haver-</strong></span> 
     </span>
    </p>
   </div>
   <div class='ocr_carea' id='block_1_114' title="bbox 1810 5139 3414 5210">
    <p class='ocr_par' dir='ltr' id='par_1_114' title="bbox 1810 5139 3414 5210">
     <span class='ocr_line' id='line_1_115' title="bbox 1810 5139 3414 5210; baseline -0.001 -16"><span class='ocrx_word' id='word_1_818' title='bbox 1810 5143 2059 5210; x_wconf 85' lang='lat' dir='ltr'><strong>campius</strong></span> <span class='ocrx_word' id='word_1_819' title='bbox 2109 5142 2161 5194; x_wconf 89' lang='lat' dir='ltr'><strong>in</strong></span> <span class='ocrx_word' id='word_1_820' title='bbox 2214 5157 2314 5196; x_wconf 86' lang='lat' dir='ltr'><strong>sua</strong></span> <span class='ocrx_word' id='word_1_821' title='bbox 2357 5140 2584 5209; x_wconf 88' lang='lat' dir='ltr'><strong>Iosephi</strong></span> <span class='ocrx_word' id='word_1_822' title='bbox 2633 5139 3022 5208; x_wconf 87' lang='lat' dir='ltr'><strong>antiquitatum</strong></span> <span class='ocrx_word' id='word_1_823' title='bbox 3069 5139 3310 5193; x_wconf 86' lang='lat' dir='ltr'><strong>editione</strong></span> <span class='ocrx_word' id='word_1_824' title='bbox 3359 5139 3414 5192; x_wconf 92' lang='lat' dir='ltr'><strong>in</strong></span> 
     </span>
    </p>
   </div>
   <div class='ocr_carea' id='block_1_115' title="bbox 1811 5210 3412 5281">
    <p class='ocr_par' dir='ltr' id='par_1_115' title="bbox 1811 5210 3412 5281">
     <span class='ocr_line' id='line_1_116' title="bbox 1811 5210 3412 5281; baseline 0 -18"><span class='ocrx_word' id='word_1_825' title='bbox 1811 5219 2020 5265; x_wconf 77' lang='lat' dir='ltr'><strong>textum</strong></span> <span class='ocrx_word' id='word_1_826' title='bbox 2068 5215 2310 5280; x_wconf 70' lang='lat' dir='ltr'><strong>recepit;</strong></span> <span class='ocrx_word' id='word_1_827' title='bbox 2348 5228 2468 5281; x_wconf 69' lang='lat' dir='ltr'><strong>qttze</strong></span> <span class='ocrx_word' id='word_1_828' title='bbox 2519 5227 2650 5264; x_wconf 86' lang='lat' dir='ltr'><strong>vero</strong></span> <span class='ocrx_word' id='word_1_829' title='bbox 2680 5211 2860 5281; x_wconf 82' lang='lat' dir='ltr'><strong>littera</strong></span> <span class='ocrx_word' id='word_1_830' title='bbox 2909 5210 2972 5265; x_wconf 90' lang='lat' dir='ltr'><strong>V.</strong></span> <span class='ocrx_word' id='word_1_831' title='bbox 3022 5210 3279 5278; x_wconf 75' lang='lat' dir='ltr'><strong>insignita</strong></span> <span class='ocrx_word' id='word_1_832' title='bbox 3327 5220 3412 5281; x_wconf 84' lang='lat' dir='ltr'><strong>est</strong></span> 
     </span>
    </p>
   </div>
   <div class='ocr_carea' id='block_1_116' title="bbox 1811 5280 3413 5346">
    <p class='ocr_par' dir='ltr' id='par_1_116' title="bbox 1811 5280 3413 5346">
     <span class='ocr_line' id='line_1_117' title="bbox 1811 5280 3413 5346; baseline -0.002 -12"><span class='ocrx_word' id='word_1_833' title='bbox 1811 5295 1931 5334; x_wconf 88' lang='lat' dir='ltr'><strong>eam</strong></span> <span class='ocrx_word' id='word_1_834' title='bbox 1974 5297 2038 5334; x_wconf 80' lang='lat' dir='ltr'><strong>ex</strong></span> <span class='ocrx_word' id='word_1_835' title='bbox 2089 5280 2378 5336; x_wconf 82' lang='lat' dir='ltr'><strong>collatione</strong></span> <span class='ocrx_word' id='word_1_836' title='bbox 2426 5281 2633 5336; x_wconf 80' lang='lat' dir='ltr'><strong>codicis</strong></span> <span class='ocrx_word' id='word_1_837' title='bbox 2680 5280 3125 5334; x_wconf 86' lang='lat' dir='ltr'><strong>Vindobouensis</strong></span> <span class='ocrx_word' id='word_1_838' title='bbox 3160 5280 3413 5346; x_wconf 62' lang='lat' dir='ltr'><strong>repetivi-</strong></span> 
     </span>
    </p>
   </div>
   <div class='ocr_carea' id='block_1_117' title="bbox 1813 5349 3412 5421">
    <p class='ocr_par' dir='ltr' id='par_1_117' title="bbox 1813 5349 3412 5421">
     <span class='ocr_line' id='line_1_118' title="bbox 1813 5349 3412 5421; baseline -0.001 -17"><span class='ocrx_word' id='word_1_839' title='bbox 1813 5367 1933 5405; x_wconf 88' lang='lat' dir='ltr'><strong>mus</strong></span> <span class='ocrx_word' id='word_1_840' title='bbox 1963 5369 2123 5421; x_wconf 85' lang='lat' dir='ltr'><strong>quam</strong></span> <span class='ocrx_word' id='word_1_841' title='bbox 2160 5354 2393 5407; x_wconf 85' lang='lat' dir='ltr'><strong>instituit</strong></span> <span class='ocrx_word' id='word_1_842' title='bbox 2425 5352 2694 5406; x_wconf 74' lang='lat' dir='ltr'><strong>Kollarius</strong></span> <span class='ocrx_word' id='word_1_843' title='bbox 2741 5353 2793 5405; x_wconf 92' lang='lat' dir='ltr'><strong>in</strong></span> <span class='ocrx_word' id='word_1_844' title='bbox 2823 5368 2918 5405; x_wconf 65' lang='grc' dir='ltr'><strong>δυο</strong></span> <span class='ocrx_word' id='word_1_845' title='bbox 2948 5349 3226 5421; x_wconf 71' lang='lat' dir='ltr'><strong>Lambecii</strong></span> <span class='ocrx_word' id='word_1_846' title='bbox 3259 5364 3412 5402; x_wconf 88' lang='lat' dir='ltr'><strong>com-</strong></span> 
     </span>
    </p>
   </div>
   <div class='ocr_carea' id='block_1_118' title="bbox 1811 5419 3410 5481">
    <p class='ocr_par' dir='ltr' id='par_1_118' title="bbox 1811 5419 3410 5481">
     <span class='ocr_line' id='line_1_119' title="bbox 1811 5419 3410 5481; baseline -0.001 -7"><span class='ocrx_word' id='word_1_847' title='bbox 1811 5419 2203 5476; x_wconf 80' lang='lat' dir='ltr'><strong>mentariorum</strong></span> <span class='ocrx_word' id='word_1_848' title='bbox 2236 5425 2303 5479; x_wconf 89' lang='lat' dir='ltr'><strong>de</strong></span> <span class='ocrx_word' id='word_1_849' title='bbox 2348 5423 2482 5478; x_wconf 90' lang='lat' dir='ltr'><strong>bibl.</strong></span> <span class='ocrx_word' id='word_1_850' title='bbox 2528 5423 2689 5478; x_wconf 85' lang='lat' dir='ltr'><strong>Vind.</strong></span> <span class='ocrx_word' id='word_1_851' title='bbox 2723 5423 2982 5478; x_wconf 83' lang='lat' dir='ltr'><strong>editione.</strong></span> <span class='ocrx_word' id='word_1_852' title='bbox 3007 5421 3092 5475; x_wconf 82' lang='lat' dir='ltr'><strong>Cl‘.</strong></span> <span class='ocrx_word' id='word_1_853' title='bbox 3136 5419 3254 5473; x_wconf 85' lang='lat' dir='ltr'><strong>Lib.</strong></span> <span class='ocrx_word' id='word_1_854' title='bbox 3290 5434 3410 5481; x_wconf 83' lang='lat' dir='ltr'><strong>vin,</strong></span> 
     </span>
    </p>
   </div>
   <div class='ocr_carea' id='block_1_119' title="bbox 1885 5558 3414 5634">
    <p class='ocr_par' dir='ltr' id='par_1_119' title="bbox 1885 5558 3414 5634">
     <span class='ocr_line' id='line_1_120' title="bbox 1885 5558 3414 5634; baseline -0.007 -15"><span class='ocrx_word' id='word_1_855' title='bbox 1885 5565 1957 5634; x_wconf 80' lang='lat' dir='ltr'><strong>(g)</strong></span> <span class='ocrx_word' id='word_1_856' title='bbox 1994 5564 2112 5618; x_wconf 89' lang='lat' dir='ltr'><strong>Lib.</strong></span> <span class='ocrx_word' id='word_1_857' title='bbox 2169 5579 2229 5626; x_wconf 94' lang='lat' dir='ltr'><strong>II,</strong></span> <span class='ocrx_word' id='word_1_858' title='bbox 2273 5580 2360 5634; x_wconf 88' lang='lat' dir='ltr'><strong>ep.</strong></span> <span class='ocrx_word' id='word_1_859' title='bbox 2405 5567 2507 5622; x_wconf 71' lang='lat' dir='ltr'><strong>M3</strong></span> <span class='ocrx_word' id='word_1_860' title='bbox 2532 5583 2546 5620; x_wconf 90' lang='lat'><strong>:</strong></span> <span class='ocrx_word' id='word_1_861' title='bbox 2574 5597 2645 5607; x_wconf 97' lang='lat'><strong><em>—</em></strong></span> <span class='ocrx_word' id='word_1_862' title='bbox 2683 5565 2757 5626; x_wconf 84' lang='grc' dir='ltr'><strong>ὡς</strong></span> <span class='ocrx_word' id='word_1_863' title='bbox 2803 5564 2899 5634; x_wconf 60' lang='grc' dir='ltr'><strong>θεαὶ</strong></span> <span class='ocrx_word' id='word_1_864' title='bbox 2938 5563 3183 5634; x_wconf 78' lang='grc' dir='ltr'><strong>Φίλωνα,</strong></span> <span class='ocrx_word' id='word_1_865' title='bbox 3234 5558 3414 5613; x_wconf 80' lang='grc' dir='ltr'>καίτοι</span> 
     </span>
    </p>
   </div>
   <div class='ocr_carea' id='block_1_120' title="bbox 1825 5629 3407 5708">
    <p class='ocr_par' dir='ltr' id='par_1_120' title="bbox 1825 5629 3407 5708">
     <span class='ocr_line' id='line_1_121' title="bbox 1825 5629 3407 5708; baseline -0.003 -20"><span class='ocrx_word' id='word_1_866' title='bbox 1825 5629 2075 5708; x_wconf 68' lang='grc' dir='ltr'>Ἰοῦδαίον</span> <span class='ocrx_word' id='word_1_867' title='bbox 2114 5634 2241 5687; x_wconf 73' lang='grc' dir='ltr'><strong>ὅντα</strong></span> <span class='ocrx_word' id='word_1_868' title='bbox 2277 5629 2367 5689; x_wconf 75' lang='grc' dir='ltr'>κάὶ</span> <span class='ocrx_word' id='word_1_869' title='bbox 2405 5637 2674 5708; x_wconf 76' lang='grc' dir='ltr'><strong>ζηλωτὴν,</strong></span> <span class='ocrx_word' id='word_1_870' title='bbox 2709 5637 2775 5688; x_wconf 72' lang='grc' dir='ltr'><strong>δι’</strong></span> <span class='ocrx_word' id='word_1_871' title='bbox 2810 5629 2884 5688; x_wconf 80' lang='grc' dir='ltr'><strong>ὧν</strong></span> <span class='ocrx_word' id='word_1_872' title='bbox 2914 5633 3240 5708; x_wconf 53' lang='grc' dir='ltr'>ἀπολέλοιπε</span> <span class='ocrx_word' id='word_1_873' title='bbox 3276 5645 3407 5708; x_wconf 50' lang='lat' dir='ltr'><strong>agy-</strong></span> 
     </span>
    </p>
   </div>
   <div class='ocr_carea' id='block_1_121' title="bbox 1811 5698 3416 5831">
    <p class='ocr_par' dir='ltr' id='par_1_121' title="bbox 1811 5698 3416 5831">
     <span class='ocr_line' id='line_1_122' title="bbox 1811 5698 3416 5831; baseline -0.003 -72"><span class='ocrx_word' id='word_1_874' title='bbox 1811 5706 2156 5804; x_wconf 48' lang='lat' dir='ltr'><strong>Ypagpdtwv</strong></span> <span class='ocrx_word' id='word_1_875' title='bbox 2185 5698 2652 5831; x_wconf 38' lang='grc' dir='ltr'><strong>ᾲπομαχῖἀασθάι</strong></span> <span class='ocrx_word' id='word_1_876' title='bbox 2680 5711 2745 5779; x_wconf 75' lang='grc' dir='ltr'><strong>τῇ</strong></span> <span class='ocrx_word' id='word_1_877' title='bbox 2773 5709 2952 5779; x_wconf 73' lang='grc' dir='ltr'>οἰκείᾳ</span> <span class='ocrx_word' id='word_1_878' title='bbox 2987 5703 3275 5776; x_wconf 74' lang='grc' dir='ltr'><strong>Θρησκείᾳ.</strong></span> <span class='ocrx_word' id='word_1_879' title='bbox 3311 5698 3416 5754; x_wconf 80' lang='lat' dir='ltr'><strong>Bat-</strong></span> 
     </span>
     <span class='ocr_line' id='line_1_123' title="bbox 1816 5793 2483 5831; baseline 0 0"><span class='ocrx_word' id='word_1_880' title='bbox 1816 5793 2048 5831; x_wconf 55' lang='grc' dir='ltr'><strong>σανιιων</strong></span> <span class='ocrx_word' id='word_1_881' title='bbox 2077 5795 2184 5831; x_wconf 81' lang='grc' dir='ltr'>γαο</span> <span class='ocrx_word' id='word_1_882' title='bbox 2209 5819 2222 5831; x_wconf 90' lang='grc'>.</span> <span class='ocrx_word' id='word_1_883' title='bbox 2254 5795 2307 5831; x_wconf 83' lang='grc' dir='ltr'><strong>κ.</strong></span> <span class='ocrx_word' id='word_1_884' title='bbox 2345 5796 2396 5831; x_wconf 83' lang='grc' dir='ltr'><strong>τ.</strong></span> <span class='ocrx_word' id='word_1_885' title='bbox 2471 5820 2483 5831; x_wconf 94' lang='grc'><em>.</em></span> 
     </span>
    </p>
   </div>
   <div class='ocr_carea' id='block_1_122' title="bbox 1816 5777 2483 5848">
    <p class='ocr_par' dir='ltr' id='par_1_122' title="bbox 1816 5777 2483 5848">
     <span class='ocr_line' id='line_1_124' title="bbox 1816 5777 2483 5848; baseline 0.004 -17"><span class='ocrx_word' id='word_1_886' title='bbox 1816 5777 2048 5842; x_wconf 77' lang='grc' dir='ltr'><strong>σανίζων</strong></span> <span class='ocrx_word' id='word_1_887' title='bbox 2077 5779 2222 5848; x_wconf 77' lang='grc' dir='ltr'><strong>γὰρ’,</strong></span> <span class='ocrx_word' id='word_1_888' title='bbox 2254 5795 2307 5832; x_wconf 81' lang='grc' dir='ltr'><strong>κ.</strong></span> <span class='ocrx_word' id='word_1_889' title='bbox 2345 5777 2407 5833; x_wconf 59' lang='grc' dir='ltr'><strong>τζ</strong></span> <span class='ocrx_word' id='word_1_890' title='bbox 2435 5777 2483 5834; x_wconf 89' lang='grc' dir='ltr'>λ.</span> 
     </span>
    </p>
   </div>
  </div>
