4150 6462
655 412 726 475 87
1744 410 2413 473 COMMENTATIONIS
2450 411 2640 471 PARS
2675 412 2763 470 Ill
2773 458 2786 470 .
3824 410 3896 472 83

720 530 920 584 Contra
949 543 1043 585 eos
1073 544 1218 594 vero,
1249 530 1341 601 qui
1374 531 1608 586 animam
1629 534 1912 588 mortalem
1934 547 2056 588 esse
2084 545 2217 586 con-
2249 540 2288 594 Α
2320 536 2597 597 expertem
2646 541 2952 597 corpusque
3013 523 3353 588 intercedat,
3411 523 3895 588 communionem;

653 620 962 686 tenderent,
990 618 1298 675 Grecorum
1329 620 1702 691 philosophos,
1732 623 1897 678 veluti
1928 621 2211 684 Galenum,

650 707 891 780 disputat
923 711 979 764 in
1019 711 1245 781 epistola
1298 713 1365 768 ad
1411 713 1759 770 Proeschium
1812 713 1887 786 (a)
1944 713 2213 769 medicum

649 800 805 863 data;
846 801 902 854 in
947 817 1053 872 qua
1089 811 1369 872 postquam
1406 800 1723 874 Pythagora:
1749 845 1762 869 ,
1809 803 2046 859 Platonis
2083 801 2215 855 alio-

651 907 878 963 rumque
902 892 969 948 de
1001 893 1106 948 hoc
1144 893 1392 963 dogmate
1422 895 1749 949 sententiam
1792 895 1892 964 ipsi
1933 893 2213 964 probatam

647 982 846 1050 attulit,
882 984 1031 1038 illum
1055 984 1392 1049 dehortatur,
1417 1001 1486 1040 ne
1511 1001 1634 1039 cum
1661 985 2077 1054 sapientissimis
2101 1000 2217 1039 cer—

649 1082 830 1127 tamen
871 1074 1013 1128 ineat
1064 1075 1419 1144 philosophis.
1470 1075 1624 1142 Quod
1669 1077 1714 1130 si
1754 1075 2048 1145 suscipiat,
2091 1091 2215 1129 eum

646 1177 769 1218 cum
796 1164 1031 1231 athleta,
1076 1164 1168 1235 qui
1211 1167 1344 1220 artis
1388 1166 1604 1219 musicae
1634 1165 1916 1235 imperitus
1951 1166 2216 1236 judicium

647 1253 715 1308 de
743 1268 807 1308 ea
832 1254 931 1309 sibi
963 1264 1176 1326 arroget
1195 1297 1209 1320 ,
1240 1256 1664 1325 comparandum
1692 1270 1812 1310 esse
1840 1265 2046 1312 censet.
2078 1258 2214 1311 Nam

649 1340 739 1397 ille
765 1343 999 1398 animam
1029 1344 1208 1409 variae,
1247 1358 1276 1398 e
1305 1360 1410 1414 qua
1454 1344 1751 1398 humanum
1785 1353 1982 1414 corpus
2012 1345 2214 1400 conﬂa-

650 1441 765 1488 tum
795 1435 896 1497 sit,
920 1435 1158 1489 materia:
1193 1436 1533 1490 harmoniam
1555 1451 1678 1490 esse
1697 1477 1711 1500 ,
1740 1446 1796 1492 et
1824 1437 1901 1491 uti
1933 1437 2058 1508 lyrte
2088 1439 2218 1492 har-

650 1524 831 1578 monia
862 1524 1030 1580 fracto
1052 1526 1410 1582 instrumento
1426 1537 1681 1593 cessaret,
1710 1529 1789 1584 sic
1813 1544 1931 1584 eam
1961 1546 2065 1584 una
2092 1545 2216 1584 cum

649 1612 742 1667 illo
773 1612 1115 1670 interituram
1139 1617 1360 1682 docens,
1385 1617 1514 1682 sibi,
1545 1627 1603 1673 ut
1629 1616 1866 1673 Isidorus
1899 1620 2213 1686 arbitratur,

653 1704 770 1775 ipse
801 1716 1084 1778 repugnat.
1108 1708 1243 1779 Lyra
1272 1710 1417 1764 enim
1439 1750 1453 1772 ,
1484 1710 1658 1780 inquit
1679 1711 1970 1778 Pelusiota,
2003 1722 2056 1767 et
2085 1713 2219 1767 ﬁdes

655 1795 993 1851 concinnata:
1022 1807 1076 1852 et
1113 1809 1305 1868 aptatae
1347 1808 1670 1856 concentum
1711 1802 1926 1869 quidem
1962 1803 2216 1872 pariunt;

2318 636 2495 690 neque
2521 629 2764 675 mutuam
2801 616 3120 674 immortalis
3172 616 3366 670 anima
3396 623 3451 670 et
3479 614 3723 684 corporis
3755 611 3888 668 οσο-

2319 711 2559 765 ctionem
2608 709 2864 780 explicari
2911 723 3092 778 posse,
3123 706 3398 776 sapienter
3447 705 3662 769 docuit;
3712 705 3898 772 itaque

2317 802 2472 858 Jesus
2499 801 2750 855 Christus
2778 801 2848 870 (c)
2878 818 2891 853 :
2925 797 3004 852 Ne
3033 796 3236 860 timete,
3271 795 3463 865 inquit,
3499 795 3636 859 illos,
3657 792 3748 863 qui
3768 808 3897 847 cor-

2321 907 2420 961 pus
2445 891 2661 960 quidem
2689 890 2982 953 occidunt,
3016 888 3111 943 sed
3148 887 3384 942 animam
3422 885 3803 956 corrumpendi
3839 892 3900 939 et

2321 981 2579 1052 perdendi
2602 997 2712 1036 non
2746 980 2948 1035 habent
2978 987 3323 1048 potestatem.

2389 1069 2598 1136 Quibus
2644 1070 2904 1141 expositis
2937 1075 3105 1123 restat
3137 1075 3366 1131 tantum,
3395 1075 3455 1119 ut
3480 1107 3492 1129 ,
3525 1065 3655 1134 quid
3683 1064 3889 1120 Gmcis

2320 1161 2529 1232 singula
2559 1161 2990 1217 Christianorum
3038 1158 3288 1228 dogmata
3333 1155 3775 1226 oppugnantibus
3812 1167 3903 1206 rc-

2319 1253 2618 1324 sponderit,
2650 1259 2968 1321 exponetur.

2389 1343 2525 1397 Cum
2553 1344 2638 1398 his
2664 1351 2866 1408 autem,
2895 1341 3097 1411 quippe
3124 1341 3215 1411 qui
3244 1354 3454 1395 sacram
3483 1337 3735 1407 rejiciant
3758 1333 3906 1388 Scri-

2320 1444 2555 1505 pturam,
2576 1444 2670 1490 aut
2691 1434 3020 1505 argumentis
3044 1432 3434 1503 philosophicis
3455 1429 3772 1484 certandum
3798 1426 3901 1489 (ά),

2319 1535 2432 1591 aut,
2467 1527 2510 1580 si
2547 1527 2668 1596 quis
2700 1541 2795 1594 pro
2827 1541 2924 1580 sua
2951 1524 3220 1579 sententia
3245 1522 3416 1578 Graeci
3450 1520 3732 1589 cujusdam
3761 1517 3905 1572 scri-

2318 1619 2490 1688 ptoris
2511 1617 2751 1671 attulerit
2781 1616 3169 1679 testimonium,
3193 1615 3321 1669 huic
3349 1614 3486 1667 alius
3515 1611 3685 1667 Graeci
3714 1619 3910 1663 aucto—

2323 1711 2398 1763 ris
2442 1709 2820 1764 auctoritatem
2871 1708 3252 1778 Opponendam
3303 1721 3424 1781 esse
3477 1704 3547 1774 (ρ)
3604 1702 3906 1758 existimat.

2321 1798 2507 1869 Neque
2564 1799 2679 1870 ipse
2735 1801 2886 1866 haec,
2947 1815 3067 1869 quae
3136 1799 3421 1869 proposuit
3472 1804 3742 1867 praecepta
3801 1807 3911 1847 ne-

657 1885 748 1940 sed
777 1886 846 1940 ad
873 1893 1087 1957 tempus
1115 1889 1333 1958 aliquod
1362 1891 1636 1946 dissolutae
1662 1892 2084 1948 instrumentum
2105 1893 2224 1962 qui-
2255 1892 2294 1946 Β
2323 1889 2505 1959 glexit.

655 1975 775 2030 dem
808 1990 917 2030 non
955 1977 1183 2033 fractum
1207 2021 1221 2042 ,
1256 1981 1524 2035 exstincta
1554 1996 1685 2036 vero
1712 1991 1796 2035 est
1827 1983 2127 2036 harmonia.
2156 2011 2225 2022 --

654 2062 794 2130 Quid
834 2074 1046 2133 autem,
1077 2069 1156 2124 sic
1186 2072 1331 2124 enim
1363 2073 1575 2143 pergit,
1603 2074 1841 2141 Optimus
1872 2073 1962 2126 ille
1988 2072 2226 2130 Galenus

656 2153 901 2210 dicturus
947 2166 1029 2212 est
1067 2158 1132 2212 de
1170 2159 1377 2229 judicio
1420 2160 1639 2214 futuro?
1683 2162 1810 2231 quid
1859 2163 1926 2217 de
1957 2164 2222 2234 praemiis,

655 2262 774 2316 qua:
817 2248 1065 2304 homines
1102 2251 1173 2320 pii
1200 2251 1444 2321 justique
1490 2253 1543 2308 in
1577 2254 1677 2308 hac
1708 2264 1850 2309 terra
1881 2271 2226 2328 summopere

655 2339 832 2393 vexati
877 2349 1100 2411 optumo
1145 2343 1267 2413 jure
1312 2346 1670 2416 exspectant?
1712 2347 1840 2417 quid
1898 2350 2113 2404 tandem
2158 2350 2227 2406 de

655 2431 947 2500 impiorum
975 2435 1437 2506 scelestorumque
1471 2439 1683 2507 poenis?
1719 2469 1786 2478 —
1823 2439 2028 2497 Deinde
2054 2442 2231 2498 allatis

657 2520 878 2577 llomeri
905 2533 959 2578 et
988 2523 1263 2596 Euripidis
1294 2537 1482 2582 contra
1513 2527 1701 2583 Galeni
1742 2531 2064 2585 sententiam
2091 2532 2228 2586 effa-

656 2614 762 2680 tis,
797 2629 922 2668 eum
945 2631 1126 2680 omne,
1155 2617 1297 2685 quod
1329 2617 1470 2671 inter
1491 2618 1679 2674 vitium
1702 2627 1758 2672 et
1784 2619 2034 2673 virtutem
2067 2621 2230 2675 inter-

655 2703 844 2770 cedat,
891 2705 1181 2760 discrimen
1232 2706 1420 2762 tollere
1464 2709 1739 2777 declarat;
1786 2727 1909 2766 cum
1955 2725 2080 2765 eum
2126 2727 2226 2766 ne-

657 2807 809 2849 cesse
837 2794 909 2849 sit
944 2794 1126 2850 omnia
1163 2796 1445 2852 hominum
1475 2798 1620 2854 dicta
1643 2799 1894 2870 factaque
1919 2816 2027 2855 non
2057 2802 2192 2871 ipsis
2213 2844 2227 2868 ,

658 2881 755 2938 sed
784 2881 934 2938 vario
959 2883 1197 2939 materiae
1216 2927 1228 2949 ,
1267 2900 1372 2955 qua
1398 2888 1630 2957 quisque
1657 2888 1922 2943 conﬂatus
1948 2890 2053 2955 sit,
2091 2899 2232 2944 tem-

659 2981 979 3043 peramento
1005 2975 1295 3030 ascribere.
1333 3005 1400 3015 —
1441 2975 1685 3046 Denique
1711 2977 1898 3033 Galeni
1945 2981 2232 3035 sententia:

660 3073 982 3137 repugnant,
1022 3079 1141 3135 quae
1169 3066 1410 3135 quotidie
1442 3067 1580 3121 liunt
1625 3082 1835 3121 morum
1871 3070 2228 3125 mutationes.

661 3156 812 3212 Multi
847 3169 1042 3228 nempe
1089 3158 1462 3213 adolescentes
1495 3158 1773 3214 libidinosi
1801 3159 1853 3213 in
1903 3160 2023 3230 ipso
2056 3159 2232 3215 aetatis

662 3247 844 3320 vigore
890 3249 957 3304 ad
1010 3249 1397 3304 continentiam
1448 3249 1759 3317 redierunt;
1820 3266 1999 3320 neque
2052 3259 2230 3309 tamen

662 3341 888 3395 materia
911 3382 925 3404 ,
960 3357 991 3396 e
1010 3356 1116 3410 qua
1149 3356 1350 3411 corpus
1376 3341 1590 3395 illorum
1619 3349 1934 3396 concretum
1965 3341 2088 3407 fuit,
2131 3342 2236 3395 im-

663 3437 869 3484 mutata
915 3439 1032 3496 est;
1075 3431 1337 3499 multique
1385 3431 1639 3485 virtutem
1687 3432 2092 3501 relinquentes,
2127 3448 2238 3488 non

667 3528 982 3590 propterea,
1015 3519 1142 3590 quia
1186 3534 1375 3574 eorum
1407 3536 1606 3590 corpus
1641 3524 1972 3577 mutationes
2017 3538 2240 3593 perpes-

669 3627 789 3666 sum
820 3620 922 3676 est,
955 3612 1100 3667 vitiis
1131 3626 1252 3667 sese
1284 3603 1745 3668 co'ntaminarunt.
1788 3644 1859 3654 —
1891 3614 2023 3680 Quae.
2060 3615 2240 3669 omnia

671 3701 861 3758 videns
889 3702 1040 3758 Plato
1071 3703 1176 3772 (ὁ),
1209 3718 1450 3758 summus
1481 3703 1793 3773 Graecorum
1839 3706 2195 3777 philosophus
2221 3749 2234 3772 ,

671 3793 990 3851 ineffabilem
1025 3810 1145 3851 esse
1164 3835 1178 3860 ,
1207 3811 1329 3867 quae
1352 3798 1494 3855 inter
1527 3800 1762 3855 animam
1792 3801 1973 3856 omnis
2001 3802 2240 3857 materiae

670 3998 772 4068 τὴν
790 3998 1012 4073 Δοἰκείαν
1043 3996 1346 4073 ἀσθένειαν,
1374 3999 1514 4073 ἀλλᾲ
1538 4001 1696 4073 παρα
1716 4002 1776 4055 τὸ
1812 4003 1938 4073 τοὺς
1965 4001 2238 4070 ἀκροατὰς

671 4064 895 4152 ξυρίους
923 4064 1060 4152 εζναι
1075 4066 1169 4119 τοῦ
1190 4068 1396 4152 rapui,
1416 4069 1504 4152 δια
1522 4064 1736 4152 τδνξτῆς
1764 4064 2239 4152 αύτεξουσιοτητοξ

672 4139 819 4209 ὅρον,
841 4167 911 4177 -
936 4138 1029 4192 lib.
1061 4152 1241 4209 v._ep.
1273 4138 1422 4209 442..
1449 4151 1572 4208 quae
1596 4138 1720 4194 data
1749 4149 1831 4196 est
1853 4142 1920 4195 ad
1950 4138 2243 4196 Macarium

674 4207 986 4294 episcopum
1035 4218 1097 4294 et
1129 4207 1214 4263 his
1249 4207 1443 4294 .ver'bis
1469 4207 1790 4294 ’coptinftu‘r
1818 4212 1943 4294 λιιι
1986 4211 2246 4294 concuret;

677 4277 1018 4399 xpnadpevo;
1042 4277 1217 4344 λόγοις
1241 4279 1270 4329 ὁ
1297 4278 1490 4353 Λόγος,
1515 4279 1563 4331 οἳ
1597 4280 1692 4332 καί
1720 4279 1818 4350 τὴν
1847 4281 2049 4349 ἄψυχον
2084 4281 2245 4348 φύσιν

678 4365 702 4400 a
732 4347 900 4409 κότως
923 4346 987 4400 ἂν
1016 4345 1298 4415 ἔκαμψαν,
1315 4347 1415 4399 οὐκ
1436 4343 1617 4401 ιπεισε
1642 4348 1703 4400 τὸ
1730 4349 2040 4415 ἀμείλικτον
2074 4354 2248 4403 ἐκεῖνο

678 4415 866 4502 θηρίον
900 4415 959 4469 τὸ
992 4413 1310 4502 ἱστίαι)ῳῦ
1335 4416 1724 4502 ¹ὲπιλυττςῆσανς
1759 4413 1922 4502 ἔδειξε
1945 4419 2245 4502 λαμ-πρῶς,

677 4485 763 4562 εει
779 4485 1149 4562 τδᾳπεισθῆναι
1172 4487 1264 4540 καὶ
1289 4487 1362 4562 μῂ
1383 4526 1397 4550 ,
1422 4486 1530 4562 τῶν
1551 4485 1856 4562 ᾄξεουόνιων
1881 4485 2126 4562 egenas
2155 4489 2244 4542 τὸν
2283 4557 2314 4562 Α
2353 4485 2694 4562 γράφονται,
2724 4485 2944 4558 Γραφάς
2985 4491 3014 4562 ᾖ

1919 4559 1944 4571 η

2395 1980 2530 2034 Nam
2579 1980 2930 2050 Evangelium
2977 1987 3262 2049 propterea
3309 1976 3719 2046 rejicientibus,
3765 1988 3914 2042 quo-

2324 2073 2469 2126 niam
2503 2088 2639 2127 nova
2686 2081 2741 2126 ct
2772 2070 2989 2135 vivendi
3019 2080 3073 2123 et
3111 2069 3382 2139 cogitandi
3429 2068 3568 2120 ratio
3611 2082 3640 2119 a
3684 2065 3915 2119 Christo

2325 2164 2597 2234 preposita
2627 2163 2734 2226 sit,
2762 2163 3035 2216 neminem
3057 2203 3070 2223 ,
3103 2159 3206 2214 nisi
3241 2174 3380 2212 nova
3420 2158 3674 2219 doceret,
3712 2155 3911 2207 malam

2327 2263 2380 2307 et
2448 2253 2802 2307 inveteratam
2877 2251 3167 2304 immutare
3225 2261 3390 2317 posse
3451 2243 3914 2298 consuetudinem

2328 2345 2599 2408 ostendit;
2647 2343 2914 2412 simulque
2955 2341 3085 2403 hoc,
3113 2338 3410 2393 dummodo
3444 2336 3648 2390 utilitas
3677 2331 3916 2387 novitati

2329 2435 2582 2503 adjuncta
2621 2433 2710 2495 sit,
2739 2447 2842 2485 non
2873 2427 3384 2499 reprehendendum
3415 2439 3534 2479 esse
3560 2423 3787 2477 allirmat
3817 2421 3914 2492 (f).

2329 2557 2399 2569 ——
2435 2527 2637 2581 Deinde
2678 2526 2770 2579 ubi
2821 2539 2935 2578 rem
2985 2523 3150 2576 habet
3200 2537 3325 2575 cum
3367 2519 3568 2575 Graecis
3605 2517 3918 2571 doctrinam

2329 2619 2397 2673 de
2431 2633 2718 2686 corporum
2741 2615 3140 2669 resurrectione
3171 2611 3544 2672 irridentibus,
3571 2611 3709 2662 hanc
3733 2622 3924 2661 exem-

2331 2709 2469 2778 plis,
2509 2723 2629 2777 quae
2661 2723 2728 2761 ex
2775 2704 3168 2776 philosopliicis
3195 2718 3386 2758 eorum
3430 2701 3652 2770 scriptis
3680 2698 3922 2767 repetita

2331 2810 2484 2863 sunt,
2518 2800 2790 2854 illustrare
2839 2807 2895 2852 et
2942 2797 3173 2868 probare
3215 2803 3443 2850 conatur
3479 2794 3576 2864 (g).
3611 2792 3821 2846 Etenim
3853 2797 3925 2844 ut

2333 2888 2671 2952 Graecorum,
2702 2887 2895 2957 inquit,
2931 2885 3240 2957 philosophi
3271 2901 3335 2939 ex
3371 2883 3483 2955 igni
3512 2898 3659 2942 aera,
3687 2896 3750 2934 ex
3787 2894 3922 2934 aere

2334 2997 2551 3052 aquam,
2578 2995 2643 3035 ex
2674 2995 2812 3049 aqua
2852 2979 3073 3044 terram,
3106 2992 3170 3032 ac
3201 2991 3417 3030 rursum
3449 2991 3480 3029 e
3510 2983 3651 3027 terra
3679 2986 3872 3041 aquam
3899 3010 3921 3036 ,

2335 3090 2401 3130 ex
2429 3088 2564 3142 aqua
2603 3087 2726 3126 aera
2748 3113 2762 3136 ,
2806 3086 2870 3124 ex
2906 3083 3030 3124 aere
3059 3069 3237 3138 ignem
3286 3066 3401 3120 ﬁeri
3430 3063 3808 3123 contendunt,
3841 3061 3925 3115 ita

2335 3179 2435 3218 nos
2464 3177 2682 3233 corpus,
2720 3161 2866 3230 quod
2903 3175 3050 3214 nunc
3079 3159 3369 3213 maximam
3399 3164 3610 3226 partem
3635 3161 3924 3208 terrenum

2336 3263 2448 3317 est,
2479 3261 2603 3322 post
2632 3258 2865 3306 mortem
2896 3249 3181 3305 aetherium
3210 3248 3326 3303 ﬁeri
3354 3246 3607 3302 dicimus.

2404 3346 2540 3401 Cum
2573 3359 2702 3399 vero
2721 3343 3028 3413 Harpocras
3055 3339 3414 3396 scholasticus
3438 3339 3510 3410 (Ιι)
3540 3334 3758 3392 Homeri
3785 3350 3925 3390 con-

2338 3447 2419 3492 tra
2446 3452 2570 3491 eum
2599 3435 2892 3506 protulerit
2919 3432 3307 3495 testimonium,
3338 3430 3590 3486 rescribit
3621 3450 3634 3484 :
3664 3457 3736 3469 --
3764 3426 3924 3493 Quo-

2337 3528 2486 3582 niam
2537 3536 2594 3581 tu
2629 3527 2925 3581 Homerum
2975 3534 3033 3580 ut
3077 3523 3540 3595 sapientissimum
3577 3521 3631 3574 in
3680 3519 3931 3575 medium

2343 3619 2597 3690 producis
2631 3627 2827 3674 testem
2849 3658 2864 3683 ,
2905 3633 3004 3689 ego
3037 3618 3289 3672 eumdem
3331 3616 3594 3670 adversus
3624 3620 3677 3666 te
3716 3610 3932 3681 produ-

2346 3725 2498 3775 cam;
2524 3740 2594 3749 —
2624 3718 2678 3764 et
2707 3709 2868 3763 Casio
2891 3708 3214 3763 scholastico
3239 3706 3298 3776 (ἱ)
3332 3704 3716 3760 Demosthenis
3754 3701 3930 3767 dicto,

2349 3807 2409 3854 ut
2428 3800 2713 3856 Pelusiotm
2742 3799 3069 3855 sententiam
3093 3799 3364 3854 refelleret
3383 3836 3398 3864 ,
3428 3795 3622 3862 utcnti,
3653 3791 3933 3858 lsocratis,

2347 4004 2700 4075 γελισάμενος
2734 4002 2826 4056 διὰ
2854 4001 2948 4075 τοῦ
2988 4003 3160 4075 εἰπεῖν
3185 4015 3199 4028 ⁸
3237 4020 3256 4052 ι
3276 4001 3366 4075 ’ἓν
3391 4000 3459 4069 τῇ
3494 3996 3787 4075 ἀνασςιᾴσει
3816 3997 3937 4050 τῶν

2347 4068 2554 4143 νεκρῶν
2585 4073 2706 4127 οὕτε
2727 4072 2996 4142 γαμοῦσιν
3017 4069 3140 4143 οὒς-ιε
3167 4068 3490 4143 γαμίζονται
3515 4112 3539 4143 ,_
3567 4068 3933 4143 ἀλλ’-ἔσονται

2347 4144 2423 4206 ὡς
2446 4137 2665 4212 ἄγγελοι
2690 4161 2702 4172 ·
2725 4137 2751 4192 ι’
2782 4137 2878 4211 τ’ήν
2907 4160 2964 4195 τε
2995 4137 3443 4212 κρίσινμήνύσας
3467 4139 3553 4192 διὰ
3582 4137 3939 4212 Διιιολλιίὒνμὲν

2346 4208 2644 4292 ἄλλωνξκιαὶ
2674 4213 2732 4292 εν
2870 4208 3075 4292 φρβσαι
3093 4208 3544 4292 ῥέοι⁷ιΙΦο6ήθητε,
3574 4208 3664 4261 τὸν
3693 4208 3939 4292 δυνάιέςεμο

2346 4300 2434 4336 νον
2457 4283 2551 4337 καὶ
2565 4282 2750 4352 ψυχὴνᾷ
2769 4276 2864 4334 καὶ
2882 4276 3056 4350 ’σῶμα
3082 4280 3342 4352 ἀπολέσαι
3374 4276 3431 4331 ἑν
3454 4278 3667 4351 γεέννῃ.
3696 4296 3715 4331 ι
3741 4305 3812 4317 —-
3840 4276 3934 4332 Cf.

2349 4355 2443 4406 lib.
2472 4370 2534 4416 ιι,
2571 4349 2832 4420 ρρῖῖοὖς
2866 4349 3076 4412 Ιίὺξιν,
3106 4366 3192 4420 ep.
3232 4349 3364 4402 125.

2425 4423 2499 4491 (ά)
2518 4417 2633 4475 Lib.
2660 4437 2720 4484 ιι,
2749 4436 2835 4491 ep.
2867 4421 2966 4474 ὁδε
2990 4449 3060 4458 ——
3080 4419 3220 4491 Χρὴ,
3248 4419 3432 4491 ἐπειδὴ
3453 4417 3724 4491 τᾲς-ἱερᾲς
3746 4432 3936 4491 παρα-

3023 4507 3054 4542 κ
3098 4489 3376 4558 λογισμῶν
3410 4489 3505 4540 καὶ
3544 4488 3942 4558 ἀποδεικτικῆς

676 4556 776 4690 τῖς
806 4555 1300 4626 αὑτεξουέιιότητοξ
1325 4555 1470 4625 ὅρον,
1499 4558 1566 4610 δι’
1595 4557 1655 4634 ὃν
1703 4559 1796 4611 καὶ
1832 4560 1859 4611 ὁ
1884 4559 1984 4683 τῆς
2006 4555 2247 4629 κρίσεως
2283 4557 2325 4611 D
2352 4555 2590 4626 ἐᾶξέως,
2641 4555 3041 4627 ἀναγκαστικὸν
3080 4555 3484 4612 κατασᾷιευάσαι
3540 4557 3696 4625 λόγον
3750 4573 3938 4626 παρα-

679 4643 715 4678 α
752 4626 955 4690 ιόλογός
991 4628 1107 4680 ἐστι
1152 4625 1327 4690 λόγος.
1363 4655 1432 4665 -
1477 4625 1746 4682 Caeterum
1788 4627 1857 4682 cf.
1905 4630 1937 4681 li
1987 4669 2000 4681 .
2051 4647 2107 4690 v,
2154 4645 2242 4690 ep.
2366 4630 2696 4690 σκευάζοντα
2727 4630 2873 4690 ἡμᾶς
2909 4631 2970 4682 τὸ
2996 4630 3162 4690 σαφὲς
3189 4629 3438 4682 συνιδεῖν.

679 4643 955 4681 αςιοΑογος
991 4643 1107 4680 εστι
1154 4643 1327 4681 Αογος.
1363 4655 1432 4665 -
1477 4643 1746 4681 ueterum
1788 4643 1857 4681 Cl.
1906 4643 2000 4681 ΙΙΙ).

752 4626 955 4698 φλογός
991 4625 1432 4698 ἐστιλλόγοςετ
1477 4625 1746 4698 Caeterum
1788 4627 1857 4682 cf.
1905 4625 2000 4683 lib.
2051 4625 2107 4692 ν,
2154 4645 2242 4698 ep.

681 4695 820 4769 §§7;
851 4722 925 4736 —
952 4695 1177 4769 ep._t2;
1204 4711 1288 4769 ep.
1315 4694 1452 4762 219;
1489 4712 1576 4768 ep.
1607 4696 1743 4764 250;
1770 4713 1856 4768 ep.
1897 4699 1991 4753 441
2019 4715 2033 4764 ;
2066 4730 2133 4740 --
2160 4694 2244 4769 ep.

683 4711 820 4761 nat;
851 4711 1039 4763 —ep.
1072 4711 1285 4760 οπο.

683 4762 808 4830 521;
843 4781 928 4830 ep.
963 4766 1065 4820 5H
1090 4782 1105 4830 ;
1134 4776 1184 4820 et
1213 4711 1285 4818 οἳ.

755 4836 834 4910 (α)
868 4833 988 4890 Lib.
1018 4848 1210 4910 |_v,_ep.
1242 4835 1362 4910 125.
1399 4833 1611 4910 ln_cod.
1645 4836 1764 4893 Vat.
1797 4837 1921 4905 650,
1949 4854 2057 4893 non
2094 4839 2254 4910 Προε-

685 4906 820 4977 σχίῳ
849 4938 914 4977 -_-
955 4907 1048 4960 sed
1069 4907 1359 4977 Προσεχίῳ
1383 4906 1644 4976 scriptum
1672 4918 1770 4963 est.

757 4960 831 5045 ‘6)
869 4975 1111 5030 Platonis
1132 4960 1510 5039 testimonio:
1539 4960 1843 5032 adﬁan'ima:
1873 4978 2255 5033 immortalita-

686 5055 792 5100 tem
821 5046 1155 5116 probandam
1179 5047 1341 5100 etiam
1369 5047 1495 5101 alibi
1527 5049 1696 5101 utitur
1722 5047 2013 5103 Pelusiota.

759 5118 826 5186 (c)
870 5116 1021 5170 Hauc
1057 5116 1123 5170 de
1155 5117 1350 5171 anima:
1386 5117 1789 5173 immortalitate
1813 5119 2115 5173 doctrinam
2147 5127 2255 5172 tam

689 5202 906 5254 gravem
939 5202 1059 5258 esse
1088 5196 1272 5242 censet
1311 5186 1547 5241 Isidorus
1573 5228 1586 5248 ,
1620 5197 1680 5241 ut
1708 5189 1759 5241 in
1799 5189 2028 5258 epistula
2063 5191 2126 5243 ad
2163 5189 2257 5242 lsi-

690 5258 881 5328 dorum
922 5257 1236 5328 episcopum
1284 5258 1406 5310 data
1429 5287 1498 5296 -
1536 5258 1631 5310 lib.
1669 5274 1741 5320 ιν,
1771 5257 1854 5327 cp.
1891 5260 2258 5328 MG~plane

693 5327 921 5389 doceat,
965 5327 1145 5381 lesum
1196 5328 1472 5381 Christum
1519 5328 1679 5381 etiam
1711 5337 1992 5397 propterea
2035 5344 2063 5381 a
2103 5327 2259 5384 ccelis

693 5398 1082 5467 descendisse,
1113 5407 1171 5451 ut
1211 5399 1313 5451 hoc
1355 5398 1548 5467 dogma
1596 5399 1651 5450 in
1699 5399 2006 5452 mortalium
2050 5403 2259 5453 animos

696 5465 1214 5538 revocaretrﬂ’crba
1253 5465 1468 5530 Graeca]
1519 5477 1639 5537 qua:
1689 5469 1792 5522 huc
1836 5479 2099 5538 spectant,
2148 5470 2262 5538 haec

698 5548 827 5608 sunt
855 5557 866 5591 :
894 5571 962 5580 —-
997 5535 1137 5589 Ἧκε
1171 5539 1347 5590 τοίνυν
1376 5542 1402 5591 ὁ
1431 5535 1640 5608 Σωεὲὴρ,
1666 5538 1802 5602 μετὰ
1828 5535 1934 5590 τῶν
1965 5539 2157 5599 ἄλλων,
2187 5535 2261 5592 ὧν

699 5607 1050 5680 κατώρθωσε,
1089 5608 1195 5680 κα]
1215 5608 1412 5679 ταύτης
1439 5607 1754 5680 ἀπαλλάξων
1787 5609 1908 5680 τοὺς
1948 5609 2264 5680 ἀνθρώπους

701 5679 799 5746 τῆς
837 5679 1105 5750 ὑπονοίας.
1137 5679 1246 5744 Τὴν
1285 5678 1391 5746 γὰρ
1421 5680 1518 5750 σῆς
1544 5679 1718 5750 ψυχῆς
1748 5678 2262 5750 ἀθανασίανὸρισὲι-

705 5765 883 5834 ξιενος,
907 5751 968 5834 ἐν
1001 5748 1078 5818 τῷ
1112 5749 1274 5834 (pou/1:.
1298 5767 1308 5779 ·
1347 5768 1362 5797 ι
1536 5749 1590 5801 δὲ
1615 5749 1809 5834 ’ψυχὴν
1954 5748 2263 5834 δυναμένων

700 5820 1033 5872 ἀποκτεῖναι⁹
1059 5838 1075 5870 ›
1107 5820 1195 5872 καὶ
1220 5820 1314 5889 τὴν
1337 5818 1439 5876 τῶν
1477 5818 1740 5890 σωμάτων
1770 5818 2063 5874 ἀνάστασιν
2091 5818 2258 5890 εὐαγ-

2366 4630 2696 4695 σκευὰζοντα
2727 4630 2873 4700 ἡμᾶς
2909 4631 2970 4700 τγὸ
2996 4630 3162 4698 σαφὲς
3189 4629 3438 4700 συνιδεῖν.

2422 4700 2489 4771 (ε)
2520 4701 2638 4754 Lib.
2671 4695 2860 4820 ufep.
2888 4699 3008 4765 us,
3042 4695 3094 4767 p.
3127 4700 3264 4763 191,
3294 4699 3370 4753 lit.
3407 4699 3446 4751 Ι)
3474 4699 3581 4751 .lin.
3625 4696 3646 4750 1
3689 4716 3797 4751 :—
3831 4695 3944 4748 Οὑ-

2423 4771 2482 4820 ὗν
2516 4771 2701 4820 ἐπειδὴ
2735 4770 2802 4820 ’Ἐ
2836 4769 2972 4820 ληνά
2998 4787 3056 4820 τε
3083 4769 3232 4820 ὄντα.
3267 4771 3360 4820 καὶ
3390 4767 3456 4820 τὰ
3499 4767 3768 4820 Ἑλλήνων
3801 4782 3944 4820 ποε-

2355 4767 2482 4841 κοῦν
2516 4771 2702 4841 ἐπειδὴ
2735 4767 2972 4841 Ἕλληνα
2998 4787 3056 4822 τε
3083 4769 3232 4841 οντα,
3267 4771 3360 4821 καὶ
3390 4767 3456 4841 τᾲ
3499 4767 3768 4841 Ἑλλήνιον
3801 4782 3944 4834 πρε-

2356 4840 2635 4960 σὸἓύοντα,
2800 4840 2861 4892 ἐκ
2892 4837 3009 4892 ίτῶν
3046 4839 3153 4897 σῶν
3195 4856 3255 4891 σε
3293 4837 3680 4908 χειρώσασθαι,
3716 4838 3944 4890 ἀντιτα-

2357 4927 2421 4960 κτ
2455 4927 2533 4960 ον.
2575 4926 2628 4960 κ.
2659 4927 2708 4960 τ.
2780 4949 2793 4960 .

2357 4910 2533 4971 κτέον,
2575 4926 2628 4964 κ.
2659 4927 2708 4962 τ.
2745 4910 2793 4962 λ.

2433 4979 2497 5050 (f)
2532 4978 2655 5050 Lib.
2701 4995 2762 5050 ll,
2792 4994 2878 5048 ep.
2914 4979 2982 5033 46
3021 4999 3033 5033 :
3065 4972 3202 5032 Εἷπε
3239 4978 3316 5048 τῷ
3351 4976 3680 5050 διενεχθέντι
3709 5005 3776 5014 --
3810 4975 3938 5030 cod.

2358 5047 2487 5104 Bav.
2523 5047 2852 5119 ozakxﬂévtt
2876 5079 2944 5089 —
2971 5050 3105 5118 πρὸς
3139 5050 3198 5101 σὲ
3220 5088 3234 5111 ,
3279 5047 3370 5101 irai
3396 5048 3463 5100 τὰ
3504 5047 3769 5119 Ἐλλήνων
3800 5061 3945 5119 πρε-

2362 5120 2626 5183 σϐεύοντι,
2661 5116 2730 5160 ἕ-
2762 5120 2881 5173 cod.
2913 5116 3468 5184 Alt.1rpeoﬁstioavrt,
3497 5147 3567 5158 -
3595 5116 3941 5184 φήσαντίίτε,

2359 5191 2440 5260 ὅτι
2465 5191 2658 5259 καινήν
2696 5207 2815 5241 τινα
2848 5192 2940 5242 καὶ
2969 5183 3118 5260 παρὰ
3145 5191 3244 5259 τὴν
3273 5189 3502 5258 ἀρχαίαν
3541 5183 3615 5226 --⁷
3647 5188 3780 5260 _cnd._
3815 5183 3939 5260 Vat.

2361 5259 2482 5316 649.
2514 5256 2757 5329 ἀρχαίων
2797 5289 2857 5298 -
2884 5256 3541 5329 συνήθειαν,ἐίσήγήσατο
3574 5256 3945 5329 πολιτείανᾏτὸ

2363 5327 2709 5397 Εὐαγγέλιον.
2755 5332 2866 5392 ὃτι,
2898 5329 2943 5382 ὦ
2993 5327 3290 5398 σοφώτατε,
3323 5327 3660 5390 κινδυνεύεις
3698 5327 3940 5398 ἀγνοεῖν,

2362 5403 2442 5454 ὅτι
2482 5402 2580 5469 τὴν
2629 5400 2871 5470 πονηρὰν
2913 5397 3196 5470 συνήθειαν
3244 5399 3498 5469 καινότης
3550 5399 3683 5469 μόνη
3739 5397 3944 5449 παύειν

2366 5472 2602 5538 πέφυκε.
2630 5469 2822 5534 Διὸίκ,
2857 5487 2906 5523 τ.
2935 5470 2984 5524 λ.

2439 5540 2993 5616 (ςμὶΡ-ιινεροέξδι
3161 5612 3197 5616 _
3311 5610 3416 5616 _.
3559 5609 3627 5616 .-
3780 5602 3898 5616 .-

2440 5606 2513 5680 (Ϊι)
2548 5611 2663 5664 Lib.
2695 5625 2752 5674 ιι,
2781 5606 2865 5679 ep.
2893 5612 3000 5666 2'28
3032 5627 3043 5663 :
3077 5641 3139 5652 —
3160 5610 3339 5681 Σεμνὴ
3360 5610 3467 5680 γὰρ
3490 5609 3580 5662 καὶ
3607 5606 3804 5681 ἡπα-ρρι
3829 5606 3944 5659 τῶν

2367 5677 2577 5751 ὲχθρὦ
2615 5677 2910 5750 μαρτυρία.
2949 5712 3014 5721 -
3048 5697 3168 5750 quze
3200 5677 3380 5734 verba
3413 5677 3695 5736 recurrunt
3725 5677 3817 5732 lib.
3852 5690 3941 5743 III,

2369 5769 2456 5821 cp.
2491 5751 2624 5815 355;
2656 5751 2747 5805 lib.
2781 5769 2850 5816 ιν,
2877 5769 2960 5822 ep.
2983 5751 3110 5816 2‘25,
3143 5763 3196 5809 et
3227 5751 3374 5807 alibi.

2445 5825 2504 5891 (ἑ)
2547 5822 2661 5877 Lib.
2696 5838 2751 5890 ιι,
2788 5838 2871 5890 Cp.
2910 5822 3026 5878 116.
