4150 6458
747 377 852 449 ιω
1826 370 2386 434 PROLEGOMENA

2351 371 2388 432 Δ
2428 367 2608 432 snrr
2668 365 2910 427 PAnls.
3899 358 3990 425 ιοι

789 508 3982 546 "MM

1788 681 2964 818 PROLEGOMENA

1302 951 1681 1016 PREFIXA
1737 947 2104 1015 EDITIONI
2161 944 2558 1013 PARISINE
2613 945 2808 1009 ΔΝΜ
2840 945 2941 1006 -11

1811 947 2104 1015 υιτωιη
2161 944 2558 1013 PARISINE
2613 945 2808 1009 ΔΝΜ
2840 943 3366 1007 -ιωοχχχνιιι
3403 952 3450 1008 ⁸.

1583 1283 2160 1382 EPISTOLA
2235 1279 3178 1374 NUNCUPATORIA

2082 1493 2468 1542 Ακιιιριδειιιο
2510 1484 2661 1536 vnto

1377 1663 1626 1710 »ωηιιο
1669 1661 1734 1707 ι).
1775 1658 1980 1703 PBTBO
2029 1656 2297 1702 IEGUIEB
2341 1653 2562 1698 κιαιιο
2603 1653 2899 1698 ἘΒΔΝΟΙΕ
2935 1653 3013 1697 CA

1775 1658 1980 1703 PBTBO
2029 1656 2297 1702 IEGUIEB
2341 1653 2562 1698 κιαιιο
2603 1653 2899 1698 ΒΒΔΝΟΙΒ
2935 1653 3385 1697 οΑιιοειιηιο.

823 1855 898 1910 Ea
930 1865 1150 1922 semper
1170 1850 1420 1911 virorum
1443 1848 1644 1904 animis
1660 1846 1878 1920 egregia
1904 1845 2086 1901 indole
2118 1842 2473 1916 praedizorum
2506 1840 2704 1896 insedit
2727 1840 2912 1911 opinio
2931 1881 2946 1907 ,
2975 1841 3056 1894 vir
3080 1840 3424 1909 amplissime,
3465 1850 3523 1896 ut
3551 1841 3688 1897 nihil
3711 1843 4012 1914 pulchrius,

755 1973 933 2029 neque
954 1957 1020 2012 ad
1045 1955 1270 2027 gloriam
1301 1952 1567 2008 illustrius
1589 1966 1714 2006 esse
1741 1950 2157 2013 existimarent,
2192 1963 2352 2018 quam
2388 1947 2431 2001 si
2458 1946 2724 2016 majorum
2769 1961 2993 2001 suorum
3025 1945 3272 2010 virtutes,
3309 1961 3610 2017 eorumque
3639 1951 3907 2019 praeclara
3935 1951 4013 2006 ia-

753 2063 943 2118 cinora
976 2059 1090 2114 suis
1114 2058 1478 2112 imitarentur.
1504 2054 1562 2109 in
1599 2068 1705 2124 qua
1730 2053 1948 2123 quidem
1979 2052 2246 2106 sententia
2270 2067 2394 2105 cum
2425 2067 2526 2122 ego
2547 2051 2659 2120 jaut
2689 2052 2816 2106 inde
2839 2052 2908 2106 ab
2931 2051 3157 2106 ineunte
3181 2059 3340 2110 aetate
3367 2051 3584 2119 fuerim,
3623 2070 3862 2124 cumque
3903 2072 4014 2112 ma-

754 2166 929 2222 ximos
964 2163 1206 2234 parentis
1235 2162 1342 2216 mei
1385 2161 1604 2215 labores
1644 2170 1811 2230 atque
1835 2157 2090 2214 eximiam
2123 2157 2362 2211 melioris
2391 2168 2532 2212 notae
2574 2159 2890 2213 auctoribus
2916 2157 3142 2213 edendis
3185 2168 3438 2212 navatam
3469 2175 3714 2230 operam,
3742 2177 4017 2235 quamque

757 2269 885 2326 inde
914 2267 1152 2322 nominis
1180 2262 1377 2319 famam
1404 2273 1459 2317 et
1491 2263 1703 2318 laudem
1735 2258 1849 2334 ipse
1882 2271 1966 2317 est
1995 2269 2340 2326 consecutus,
2370 2263 2551 2318 animo
2583 2263 3000 2335 perpenderem,
3025 2274 3176 2319 tanto
3205 2264 3408 2332 studio,
3438 2273 3697 2338 tantaque
3719 2270 4020 2340 cupiditate

759 2375 825 2433 ad
861 2375 1093 2430 similem
1123 2374 1380 2428 virtutem
1422 2372 1762 2441 similemque
1805 2371 2027 2443 gloriam
2059 2384 2177 2424 sum
2211 2369 2502 2436 incitatus,
2535 2377 2594 2424 ιιι
2619 2385 2727 2442 quo
2763 2370 2875 2440 jam
2917 2370 3128 2440 pridem
3159 2369 3227 2425 de
3270 2371 3548 2441 republica
3573 2373 3839 2430 litteraria
3883 2377 4019 2432 bene

757 2479 1001 2537 merendi
1032 2479 1302 2534 desiderio
1329 2471 1632 2549 ﬂagrarem,
1669 2475 1799 2532 illud
1839 2475 2042 2530 diutius
2064 2475 2117 2529 in
2149 2481 2368 2546 pectore
2407 2492 2529 2534 meo
2569 2477 2838 2536 inclusum
2882 2477 3164 2536 continere
3190 2493 3299 2534 non
3330 2479 3621 2548 potuerim,
3649 2482 3746 2536 sed
3777 2484 3910 2539 totis
3939 2485 4019 2542 vi-

756 2585 909 2640 ribus
963 2582 1020 2636 in
1073 2582 1124 2637 id
1180 2583 1313 2640 mihi
1372 2581 1798 2644 incumbentium
1832 2590 2079 2650 putarem
2105 2619 2120 2646 ,
2161 2588 2222 2634 ut
2264 2595 2588 2651 quacunque
2613 2581 2826 2641 ratione
2853 2595 3094 2652 possem,
3133 2581 3375 2638 animum
3406 2599 3589 2641 meum
3628 2587 4017 2656 patefacerent.

755 2696 891 2753 Cum
923 2703 1107 2750 autem
1139 2691 1196 2744 in
1222 2704 1285 2746 ea
1317 2685 1642 2757 cogitatione
1669 2693 1820 2742 totus
1847 2699 2110 2751 versarer,
2144 2694 2306 2748 atque
2335 2685 2391 2739 in
2445 2688 2628 2757 aliquo
2681 2687 2967 2758 deligendo
2991 2703 3156 2758 opere
3181 2689 3522 2758 potissimum
3571 2691 3784 2748 deﬁxus
3812 2709 4018 2761 essem,

754 2803 894 2861 nihil
925 2799 1154 2856 eruditis
1186 2797 1317 2851 viris
1340 2795 1549 2866 gratius
1579 2801 1742 2862 atque
1768 2793 2047 2863 acceptius
2073 2792 2189 2848 fore
2211 2792 2444 2863 judicavi
2468 2835 2482 2859 ,
2515 2801 2678 2863 quam
2707 2790 2753 2848 si
2783 2796 3035 2864 Magnam
3071 2792 3296 2848 Patrum
3339 2804 3387 2848 et
3415 2796 3732 2865 scriptorum
3773 2799 4024 2854 ecctesia-

757 2910 1006 2966 uicorum
1040 2903 1415 2958 Bibliothecam
1451 2899 1591 2970 typis
1617 2898 1948 2953 mandarem.
1978 2899 2140 2969 Atqui
2170 2914 2236 2953 eo
2257 2897 2521 2954 libentius
2552 2909 2714 2968 atque
2741 2897 2974 2952 alacrius
3007 2897 3074 2953 ad
3122 2897 3255 2953 illud
3311 2913 3450 2968 opus
3505 2900 3750 2955 animum
3802 2903 3984 2974 adjeci
4006 2949 4020 2972 ,

757 3013 900 3084 quod
939 3011 1181 3066 futurum
1207 3021 1483 3079 sperarem
1515 3007 1575 3059 ut
1601 3003 1781 3074 ipsum
1806 3019 1996 3058 omnes
2025 3013 2292 3074 quotquot
2321 3012 2449 3058 sunt
2475 3004 2530 3058 in
2558 3012 2672 3059 toto
2697 3003 2832 3060 orbe
2869 2995 3184 3060 Christiano
3220 3004 3478 3061 Ecclesia:
3515 3007 3738 3063 Patrum
3766 3008 4024 3066 lectionis

753 3129 1001 3178 amantes
1052 3127 1397 3185 summopere
1444 3118 1954 3182 complecterentur,
1991 3123 2114 3166 cum
2146 3110 2452 3180 praesertim
2483 3125 2546 3164 ea
2574 3125 2735 3181 quam
2768 3109 3075 3173 meditabar
3110 3111 3279 3168 editio
3303 3111 3586 3176 omnium,
3615 3123 3887 3185 quotquot
3915 3133 4025 3172 un—

754 3241 917 3297 quam
953 3224 1008 3278 in
1035 3223 1212 3293 lucem
1240 3220 1589 3290 prodierunt.
1618 3216 1932 3276 amussim:
1962 3225 2128 3287 atque
2159 3213 2560 3272 absolutissima
2591 3214 2772 3273 futura
2815 3224 2979 3271 esset.
3007 3213 3289 3285 Siquidem
3318 3215 3661 3274 Coloniensis
3689 3219 3881 3285 editio,
3915 3237 4024 3292 qua

754 3345 854 3403 pro
883 3326 1177 3397 exemplari
1211 3325 1290 3382 uti
1342 3323 1576 3388 decrevi,
1611 3323 1739 3377 licet
1767 3321 1882 3392 ipsa
1911 3321 2095 3392 plures
2123 3331 2372 3378 anetores
2401 3335 2561 3391 quam
2612 3331 2825 3376 cetera)
2875 3320 3176 3382 contineat.
3206 3331 3393 3376 nostra
3430 3333 3614 3378 tamen
3638 3325 3743 3379 erit
3767 3324 4021 3392 inferior,

755 3435 898 3507 quod
928 3435 978 3487 in
1009 3448 1071 3486 ea
1105 3431 1417 3486 Graecorum
1447 3437 1729 3484 auctorum
1761 3443 1871 3482 non
1899 3427 2082 3482 nativa
2112 3437 2168 3482 et
2189 3442 2440 3499 germana
2472 3427 2672 3498 lingua,
2703 3429 2802 3482 sed
2832 3426 3023 3481 Latina
3048 3427 3311 3482 duntaxat
3340 3429 3880 3500 versio‘reperiatur.
3909 3434 4025 3506 Ego

755 3555 886 3596 vero
911 3545 1114 3593 textum
1145 3535 1391 3592 Graecum
1423 3534 1477 3588 in
1505 3533 1646 3588 dicta
1674 3533 1987 3588 Coloniensi
2015 3534 2256 3588 editione
2287 3534 2654 3589 desideratum
2687 3549 2793 3588 una
2830 3549 2954 3588 cum
2990 3534 3442 3604 interpretatione
3463 3536 3655 3592 Latina
3683 3540 4025 3612 conjungere

755 3645 810 3700 in
843 3645 1021 3698 animo
1053 3643 1246 3708 habeo,
1285 3650 1342 3695 ut
1368 3640 1460 3711 qui
1495 3641 1722 3711 hujusce
1755 3640 1999 3698 omnium
2027 3639 2444 3711 elegantissima:
2478 3637 2673 3707 linguae
2725 3637 2945 3700 Graeca,
2999 3638 3239 3707 inquam,
3277 3640 3460 3695 studio
3517 3651 3791 3708 tenentur,
3830 3645 3939 3700 sibi
3993 3662 4026 3702 a

756 3747 916 3802 nobis
939 3749 1038 3802 hac
1063 3747 1113 3800 in
1145 3755 1294 3816 parte
1322 3759 1647 3816 magnopere
1676 3745 1982 3806 consultum
2015 3758 2136 3800 esse
2163 3743 2484 3813 intelligant.
2516 3743 2784 3799 Praeterea
2816 3744 3016 3799 multos
3047 3753 3298 3800 auctores
3320 3745 3538 3803 Graecos
3571 3765 3850 3821 nunquam
3887 3752 4025 3810 hac-

760 3863 921 3909 tenus
964 3869 1060 3908 sua
1107 3853 1285 3925 lingua
1317 3851 1372 3906 in
1402 3853 1578 3908 lucem
1612 3852 1789 3907 editos
1815 3867 1881 3906 ex
1908 3851 2094 3906 multis
2127 3848 2468 3905 bibliothecis
2497 3849 2733 3904 maximo
2764 3849 2948 3904 labore
2997 3849 3354 3922 maximisque
3386 3852 3649 3924 impensis
3680 3858 4027 3926 conquisitos

755 3966 919 4029 atque
940 3959 1195 4014 collectos
1225 3959 1280 4013 in
1307 3958 1503 4013 dictam
1532 3950 1750 4012 Patrum
1777 3953 2168 4019 Bibliothecam
2199 3956 2470 4026 congessi,
2506 3971 2615 4026 quo
2647 3955 2739 4011 ﬁet
2771 3971 2831 4011 ιιι
2856 3956 3042 4028 viginti
3083 3959 3324 4029 quinque
3355 3959 3631 4015 volumina
3661 3960 3726 4031 (si
3751 3961 3899 4019 Deus
3919 3980 4026 4021 no-

756 4064 884 4120 stris
909 4063 1195 4118 conatibus
1235 4062 1447 4130 taverit)
1483 4064 1600 4132 ipsa
1638 4063 1710 4116 sit
1738 4063 2107 4130 complexura.
2144 4061 2373 4128 Quantae
2412 4068 2595 4113 autem
2643 4059 2802 4115 molis
2827 4075 2890 4116 ac
2914 4059 3246 4116 dimcultatis
3281 4080 3370 4116 res
3399 4064 3486 4117 illa
3509 4064 3693 4120 futura
3725 4067 3814 4132 sit,
3842 4084 4026 4138 quan-

759 4179 984 4237 tumque
1012 4171 1214 4224 laboris
1239 4177 1402 4237 atque
1432 4169 1619 4229 oneris
1648 4167 1702 4222 in
1732 4167 1838 4224 hoc
1867 4181 2034 4236 opere
2066 4165 2398 4224 elaborando
2427 4175 2481 4219 et
2517 4165 2583 4220 ad
2624 4164 2787 4220 finem
2832 4182 3002 4236 usque
3032 4167 3382 4238 perducendo
3410 4169 3689 4224 subiturus
3718 4172 3840 4236 sim,
3871 4176 4028 4244 quis-

755 4279 883 4343 quis
909 4287 1091 4326 rerum
1119 4287 1219 4327 usu
1249 4280 1410 4340 atque
1435 4271 1875 4340 experientia-vei
1899 4271 2251 4326 mediocriter
2272 4271 2532 4343 przeditus
2561 4282 2662 4336 est,
2696 4272 2949 4329 facillime
2975 4274 3221 4345 judicare
3252 4285 3447 4344 potest.
3488 4278 3639 4344 Quod
3670 4296 3795 4332 cum
3822 4281 3897 4335 ita
3927 4283 4022 4349 sit,

758 4393 827 4431 ne
858 4390 1010 4431 ‘czrm
1041 4375 1273 4446 quodam
1305 4391 1369 4429 ac
1410 4375 1700 4430 temerario
1731 4375 1898 4428 animi
1927 4368 2137 4442 impetu
2179 4391 2292 4430 rem
2325 4379 2460 4432 tanti
2491 4378 2751 4433 momenti
2803 4380 3018 4450 aggredi
3054 4381 3258 4447 videar,
3299 4382 3763 4453 sapientissimum
3791 4402 3855 4440 ac
3886 4404 4027 4458 pru-

759 4483 1141 4538 dentissimum
1161 4483 1396 4552 aliquem
1431 4482 1623 4537 ducem
1660 4481 1790 4534 mihi
1817 4480 2166 4550 deligendum
2205 4495 2327 4535 esse
2363 4483 2580 4551 putavi,
2615 4483 2770 4553 cujus
2811 4486 3070 4554 auspiciis
3098 4486 3164 4540 ad
3187 4485 3425 4543 faustum
3458 4489 3784 4566 felicemque
3809 4496 4025 4550 exitum

760 4595 1003 4641 nostrum
1057 4602 1196 4656 opus
1240 4586 1522 4658 pervenire
1572 4589 1759 4656 possit.
1795 4584 1932 4638 Nam
1979 4584 2022 4639 si
2075 4585 2149 4638 illi
2200 4586 2290 4656 qui
2329 4586 2674 4658 longinquam
2708 4589 3109 4660 navigationem
3146 4593 3438 4657 adornant,
3472 4611 3582 4650 non
3614 4598 3766 4668 prius
3801 4613 3860 4653 se
3883 4604 4026 4657 mari

757 4693 1123 4757 committunt,
1156 4709 1316 4761 quam
1344 4693 1727 4762 peritissimum
1766 4693 2000 4762 aliquem
2050 4695 2467 4764 gubernatorem
2504 4696 2813 4758 habuerint,
2845 4697 3002 4766 cujus
3029 4698 3315 4767 prudentia
3347 4702 3480 4756 salvi
3515 4712 3677 4772 atque
3708 4705 4028 4763 incolumes

758 4800 940 4856 omnia
973 4799 1138 4853 maris
1167 4799 1402 4867 pericula
1435 4799 1639 4853 evitare
1677 4799 1888 4867 possint
1924 4818 1935 4852 :
1967 4800 2136 4852 multo
2164 4800 2331 4869 magis
2359 4800 2412 4854 id
2444 4799 2574 4852 mihi
2612 4799 2918 4853 faciendum
2949 4810 3049 4864 est,
3076 4802 3166 4870 qui
3193 4818 3302 4856 non
3333 4805 3468 4858 viles
3500 4807 3712 4876 aliquas
3751 4825 3814 4863 ac
3847 4819 4030 4866 terre.

758 4921 858 4960 nas
883 4920 1112 4970 merces,
1145 4904 1234 4958 sed
1267 4905 1682 4974 pretiosissimas
1712 4905 1949 4959 celestis
1981 4905 2246 4960 doctrinae
2274 4906 2556 4959 thesauros
2587 4903 2652 4956 ad
2695 4913 2908 4971 portum
2941 4906 3141 4960 vehere
3171 4907 3462 4962 contendo.
3499 4908 3803 4975 Quemnam
3836 4925 4028 4971 autem

759 5009 1188 5080 praestantiorem
1224 5017 1329 5061 tam
1374 5008 1688 5076 periculosa
1726 5012 2083 5079 navigationis
2111 5009 2511 5063 moderatorem
2563 5026 2724 5078 quam
2778 5018 2829 5063 te
2855 5049 2871 5074 ,
2901 5011 2991 5080 qui
3027 5012 3327 5068 litterarum
3358 5015 3529 5072 decus
3554 5033 3613 5072 es
3641 5027 3697 5073 et
3725 5035 4028 5077 ornamen—

761 5128 897 5184 tum,
927 5117 1056 5172 mihi
1088 5119 1287 5189 eligere
1321 5120 1719 5173 conveniebat?
1767 5121 2025 5190 Equidem
2060 5137 2384 5193 quocunque
2410 5120 2596 5174 oculos
2630 5130 2909 5180 converto.
2939 5139 3100 5192 quem
3148 5134 3327 5179 tecum
3375 5128 3625 5182 conferre
3658 5132 3884 5200 possim,
3919 5149 4029 5190 ne-

762 5223 961 5275 minem
1016 5223 1194 5277 video.
1226 5221 1357 5275 Nam
1415 5238 1536 5277 cum
1587 5239 1776 5277 omnes
1823 5227 2051 5280 virtutes
2101 5227 2156 5280 in
2188 5239 2239 5281 te
2272 5243 2426 5281 suam
2457 5227 2641 5280 sedem
2675 5227 3012 5295 collocarint,
3042 5238 3154 5284 tum
3189 5247 3320 5286 vero
3350 5234 3623 5303 praecipue
3649 5237 3882 5305 justitia,
3933 5242 4027 5295 cui

761 5327 1197 5382 administrandae
1234 5328 1522 5397 prmiectus
1545 5344 1623 5392 es,
1655 5345 1867 5384 necnon
1899 5339 1954 5384 et
1987 5332 2179 5401 pietas,
2216 5349 2376 5402 quam
2411 5348 2438 5387 e
2463 5343 2774 5392 sanctorum
2808 5333 3024 5388 Patrum
3057 5337 3273 5391 assidua
3309 5337 3545 5394 lectione
3577 5342 3828 5407 hausisti,
3862 5345 3933 5398 ita
3971 5347 4028 5402 in

762 5439 815 5487 te
841 5431 1076 5492 elucent.
1106 5442 1163 5486 ut
1186 5433 1366 5486 nullus
1397 5434 1450 5486 in
1486 5441 1598 5487 toto
1627 5431 1923 5489 Christiani
1954 5438 2188 5492 nominis
2212 5440 2342 5494 orbe
2374 5442 2526 5496 locus
2557 5443 2646 5506 sit,
2671 5458 2779 5511 quo
2803 5459 2910 5496 non
2944 5444 3157 5498 illarum
3190 5445 3448 5515 splendor
3468 5451 3788 5517 pervaserit.
3814 5451 4027 5516 Quam-

789 5629 2125 5713 L‘__S.'_I_55I1'9__r.f:‘_1’gl‘tf§i()_l‘gv{efﬂerpretationedivinat
2153 5637 2438 5713 geriplura;
2476 5640 2804 5713 Epistolarum
2832 5642 2944 5695 libri
2973 5647 3034 5713 V_,
3059 5660 3265 5713 quorum
3299 5653 3396 5698 tres
3419 5650 3612 5711 priores
3634 5649 4033 5713 _ex_interprela-

761 5692 1011 5775 genestae.
1029 5692 1822 5775 iiii-{iiPrunaiiﬂuartus:aufem
1842 5700 2124 5775 ancunrado
2151 5692 2463 5775 iiit_le_i:shu_sio
2503 5692 2595 5753 .76.
2644 5705 2724 5775 qui
2749 5714 2793 5756 et
2817 5692 2952 5761 notas
2975 5692 3609 5775 uicinas}:‘siinihdé'éi
3627 5692 3820 5763 alia};

762 5753 1238 5837 egessisse
1251 5753 1598 5837 eisesse
1614 5762 1828 5837 sane
1855 5762 2064 5837 δείεοαρε
2089 5759 2325 5837 mices
2368 5768 2499 5837 ita".
2512 5753 3220 5837 ,ρῑᾳὲειιςὶὸέίνέἆῖιέὴὲὶὲνῖὲιῖᾖ
3243 5753 3294 5821 ia
3315 5753 4028 5837 animatas:iussas;

762 5816 1024 5879 sumptibus
1052 5816 1238 5884 Egidii
1265 5816 1473 5882 Morelli,
1498 5819 1577 5870 via
1598 5821 1826 5874 Jacobwa
1848 5823 1912 5873 ad
1935 5816 2122 5889 insigne
2153 5825 2316 5878 Fontis
2363 5816 2634 5878 HDCXXX
2646 5816 2800 5881 Vill:
2818 5816 3228 5898 'ciii‘bl’iviiiﬁib
3246 5816 3402 5900 'i-‘eg'iil
