4150 6472
124 412 218 484 ΠΒ
1227 411 1796 482 PROLEGOMENA
1831 409 2037 474 EDlT.
2077 410 2327 472 PARIS.
3328 404 3432 473 106

119 531 298 586 obl-en
327 526 377 584 si
409 534 466 583 te
491 525 660 598 huius
688 524 876 598 operis
899 524 1094 583 ducem
1123 534 1286 598 atque
1313 526 1595 598 auspicem
1621 523 1870 596 praebere
1901 521 2164 588 volueris,
2224 535 2335 577 non
2374 519 2604 578 dubium
2646 528 2733 577 est
2767 518 2900 593 quin
2948 534 3076 578 eum
3105 534 3270 592 quem
3299 531 3434 595 opto

120 643 430 687 necessum
463 637 870 688 consecuturus
895 630 1020 686 sim.
1047 627 1166 697 Quo
1195 639 1379 686 autem
1409 638 1561 686 tuam
1597 623 1736 685 mihi
1768 626 2214 684 benevolentiam
2245 626 2420 698 magis
2447 625 2758 690 demerear,
2790 626 3027 697 hujusce
3064 625 3272 682 laboris
3315 627 3434 698 pri-

116 736 291 792 mitias
317 736 420 792 tibi
467 734 670 792 dedico
707 745 875 808 atque
916 735 1112 802 offero,
1160 722 1450 800 Isidorum,
1493 735 1742 806 inquam,
1777 731 2132 797 Pelusiotam,
2175 745 2341 802 quem
2366 730 2574 788 idcirco
2605 729 2844 803 primum
2879 730 3128 787 omnium
3159 733 3217 788 in
3251 732 3433 790 lucem

117 840 326 912 prodire
358 839 534 907 volui,
562 839 712 912 quod
735 854 862 896 eum
898 848 1180 896 auctorem
1209 855 1324 913 prae
1348 839 1566 896 caeteris
1599 836 1842 895 maxime
1883 838 1954 896 ab
1986 838 2250 895 omnibus
2273 838 2459 910 expeti
2489 839 2870 912 cognoverim.
2903 837 3064 906 Quod
3097 841 3146 896 si
3176 840 3283 898 hoc
3309 857 3436 912 mu-

116 959 213 1004 nus
241 962 273 1002 a
305 955 360 1002 te
389 944 636 1019 benigne
661 953 959 1016 exceptum
985 944 1452 1010 animadvertere,
1483 942 1807 1001 alacriorem
1836 959 1926 1000 me
1948 945 2020 1002 ad
2047 944 2322 1017 reliquum
2345 960 2488 1018 opus
2532 945 2977 1017 persequendum
2999 946 3329 1004 reddideris.
3357 947 3440 1004 'l'e

118 1051 364 1110 autemid
382 1067 514 1110 esse
538 1051 836 1119 facturum,
866 1064 932 1107 ea
959 1064 1083 1123 qua
1102 1049 1159 1107 in
1190 1058 1247 1107 te
1275 1061 1364 1107 est
1393 1049 1734 1118 humanitas,
1759 1058 1821 1106 ut
1844 1048 2138 1115 conﬁdam,
2169 1047 2354 1105 etiicit.
2383 1047 2534 1105 Vale.

584 1185 709 1238 Tua
740 1181 1122 1251 Amplitudim'a

2508 1309 2846 1366 humillimus
2878 1328 3079 1375 servus,

2647 1415 2905 1474 Eubius
2941 1416 3204 1474 MOREL.

163 1636 3436 1664 -—__—_———————_—___.___________________________________

196 1806 298 1878 Cl.
353 1807 505 1873 viro
563 1808 726 1870 Juno
779 1806 1093 1870 Gaurano
1147 1807 1254 1871 JC.
1316 1814 1378 1870 et
1438 1807 1772 1887 philologo
1838 1807 2375 1887 prmstantissimo
2431 1807 2663 1873 histor.
2721 1809 3080 1889 professori
3143 1808 3374 1886 elect.,

1263 1911 1604 1976 Cunradus
1660 1914 2200 1990 Rnrnnsaustus,
2251 1917 2316 1980 S.

213 2104 500 2178 Olympius
523 2103 750 2176 quidem
788 2103 880 2161 ille
910 2101 1125 2170 doctor,
1153 2116 1320 2174 quem
1351 2110 1480 2170 tute,
1510 2101 1608 2158 Vir
1635 2100 1730 2167 cl.,
1759 2098 1958 2158 littera
1981 2101 2142 2158 nobis
2163 2104 2656 2172 commendabant,
2688 2106 2760 2163 ad
2788 2123 2892 2164 nos
2919 2108 3105 2170 nullus
3134 2111 3308 2170 venit.
3337 2106 3450 2167 Sed

124 2198 447 2257 fasciculum
481 2208 665 2254 tamen
691 2206 843 2256 recte
866 2197 1086 2255 curavit
1104 2194 1465 2267 Norimberga
1491 2210 1590 2266 per
1613 2203 1732 2265 opt.
1765 2201 1824 2251 et
1838 2193 2300 2252 omciosissimum
2329 2207 2582 2255 nostrum
2613 2200 2777 2256 Bern.
2796 2204 3118 2273 praetorium
3149 2223 3166 2261 :
3188 2219 3300 2277 quo
3320 2203 3451 2260 resi'

121 2301 286 2364 gnato
337 2300 396 2348 et
441 2307 696 2354 excusso.
729 2294 967 2348 libenter
1010 2290 1126 2347 vidi
1175 2289 1457 2362 specimen
1509 2288 1964 2361 typographicum
2015 2290 2214 2348 lsidori
2243 2291 2539 2351 Pelusiotae
2571 2295 2702 2362 mei,
2737 2298 2886 2368 quod
2917 2299 3142 2363 misisti,
3172 2316 3287 2356 non
3329 2298 3452 2356 sine

124 2385 438 2441 ostensione
469 2385 610 2457 spei,
642 2385 781 2450 fore,
817 2400 879 2440 ut
908 2385 1056 2456 quod
1083 2385 1320 2456 proximi
1349 2383 1583 2456 catalogi
1612 2383 1990 2452 minabantur,
2033 2384 2141 2442 hoc
2183 2385 2409 2443 demum
2463 2390 2769 2444 autumnali
2799 2400 3045 2446 mercatu
3087 2392 3329 2464 scriptor
3357 2392 3452 2447 ille.

131 2479 696 2537 Commelinianorum
725 2481 985 2538 comitate
1013 2481 1070 2536 in
1097 2481 1276 2543 lucem
1305 2480 1721 2552 reproducatur.
1753 2482 1972 2539 Bonum
2023 2482 2252 2550 factum,
2283 2493 2340 2540 et
2371 2482 2628 2552 feliciter,
2658 2501 2690 2540 a
2713 2487 2903 2544 multis
2937 2489 3099 2544 bonis
3129 2489 3450 2560 superdicc-

148 2580 257 2639 tar,
291 2575 405 2630 imo
430 2575 542 2644 jam
577 2589 725 2630 nunc
748 2573 1116 2645 superdicitur
1142 2574 1273 2630 huic
1301 2573 1556 2630 editioni.
1587 2573 1672 2630 Mc
1699 2575 1924 2647 quidem
1955 2576 2102 2632 bona
2142 2591 2272 2647 spes
2298 2576 2486 2644 habet,
2521 2593 2644 2633 eam
2675 2593 2788 2634 non
2842 2579 2962 2637 fore
2996 2580 3176 2636 fraudi
3235 2581 3322 2636 bis
3354 2582 3453 2652 qui

142 2666 196 2724 in
231 2668 381 2723 illam
408 2676 667 2738 sumptus
707 2665 982 2724 fecerunt.
1016 2664 1132 2722 Etsi
1176 2665 1325 2722 enim
1365 2680 1477 2720 non
1503 2674 1590 2722 est
1621 2665 1857 2736 amplius
1911 2666 1968 2721 in
2007 2667 2197 2722 multis
2224 2675 2412 2723 tantus
2437 2668 2748 2725 animorum
2779 2670 2947 2726 ardor
2970 2671 3039 2726 ad
3068 2671 3456 2742 cognoscenda

127 2763 605 2834 curnparaadaque
627 2762 916 2820 vetustatis
943 2762 1176 2819 erudita
1206 2759 1587 2829 monumenta,
1623 2759 1816 2819 Grzeca
1846 2763 2160 2834 praesertim
2201 2763 2348 2836 (sine
2392 2765 2597 2836 quibus
2628 2773 2815 2823 tamen
2845 2767 3022 2824 solide
3048 2769 3249 2826 doctus
3283 2784 3452 2825 nemo

130 2855 282 2914 facile
337 2873 586 2930 unquam
621 2859 875 2930 exstitit),
931 2865 1172 2930 quantus
1232 2857 1290 2912 in
1345 2857 1556 2913 nostris
1615 2858 1939 2914 hominibus
1978 2858 2084 2915 fuit
2136 2875 2367 2916 avorum
2411 2871 2508 2916 aut
2548 2876 2884 2931 proavorum
2932 2874 3263 2920 nostrorum
3312 2873 3454 2927 aevo;

130 2966 248 3010 ann
281 2955 599 3011 litterarum
650 2965 706 3011 et
749 2955 1060 3027 linguarum
1087 2953 1269 3011 studia
1297 2953 1540 3025 primum
1581 2953 1636 3008 in
1665 2952 1964 3010 Germania
2003 2954 2379 3012 excitarentur
2426 2967 2485 3013 et
2534 2957 2798 3013 illustrari
2855 2958 3170 3030 inciperent
3223 2975 3459 3032 magno-

132 3065 242 3104 rum
280 3059 450 3119 atque
476 3047 861 3105 excellentium
888 3048 1132 3103 virorum
1160 3062 1268 3118 qua
1291 3061 1449 3112 voce,
1486 3061 1593 3118 qua
1619 3047 1842 3118 scriptis
1877 3066 1890 3102 :
1925 3057 2108 3104 tamen
2137 3064 2210 3105 ne
2247 3049 2354 3106 hoc
2393 3048 2616 3121 quidem
2643 3049 2909 3106 saeuium
2945 3051 3318 3126 (ὶπευφημετν
3346 3057 3458 3129 γὰρ

134 3146 231 3217 χρὴ
267 3145 496 3214 μᾶλλον)
531 3159 702 3214 usque
727 3143 865 3199 adeo
893 3149 977 3198 est
1007 3141 1198 3198 infelix
1237 3151 1334 3198 aut
1373 3141 1625 3210 effetum,
1690 3142 1827 3214 quin
1861 3144 2028 3198 etiam
2059 3159 2209 3200 nunc
2236 3145 2437 3201 habeat
2466 3143 2792 3201 Graecorum
2821 3145 3159 3220 scriptorum
3183 3162 3464 3203 amatores

135 3240 414 3300 maximos;
482 3235 745 3308 quidquid
775 3235 936 3308 vulgo
957 3235 1025 3291 de
1046 3235 1134 3290 his
1165 3235 1434 3300 videatur,
1465 3235 1561 3306 qui
1591 3235 1680 3291 vel
1711 3235 1781 3291 ad
1821 3235 2058 3302 lucrum,
2092 3237 2179 3292 vel
2209 3236 2278 3293 ad
2299 3237 2653 3293 ambitiosam
2685 3239 3122 3296 ostentationem
3157 3255 3257 3296 sua
3289 3240 3464 3298 refert

135 3332 334 3396 olnnia,
364 3345 599 3401 quaeque
621 3329 688 3384 ad
724 3331 918 3386 horum
940 3329 1264 3384 alterutrum
1290 3328 1614 3385 conducunt
1636 3345 1854 3400 parum,
1880 3329 1936 3384 in
1967 3330 2074 3386 illis
2105 3330 2272 3387 studii
2303 3330 2462 3402 ponit
2493 3331 2656 3386 nihil.
2689 3329 3188 3388 Verumenimvero
3209 3333 3346 3389 tales
3367 3349 3464 3408 qui

135 3441 275 3495 sunt,
292 3429 520 3500 quando
550 3429 626 3483 illi
647 3443 747 3483 nos
762 3444 886 3483 cum
912 3427 1112 3482 talibus
1133 3426 1329 3482 studiis
1350 3442 1542 3496 parum
1562 3435 1757 3482 curant
1775 3435 2192 3491 autmorantur,
2212 3443 2313 3483 nos
2328 3442 2549 3498 quoque
2573 3427 2725 3498 ipsos
2746 3444 2944 3500 parum
2967 3428 3330 3493 morabimur.
3348 3430 3465 3485 £0.73

135 3527 288 3598 ἡμεῖς
313 3528 507 3590 αὐτοῖς
550 3526 611 3578 οὐ
660 3523 1067 3597 διαμειψόμεθα
1117 3523 1212 3592 τῆς
1265 3523 1471 3594 ἀρετῆς
1518 3521 1613 3576 τὸν
1653 3523 1774 3578 πλοῖ

1824 3541 1910 3587 ιον,
1968 3532 2031 3577 ut
2062 3521 2230 3578 Solon
2261 3523 2504 3578 cecinit:
2530 3538 2600 3580 ac
2631 3525 2817 3595 potius
2848 3535 2966 3581 tum
3001 3525 3070 3580 ad
3115 3527 3463 3582 honestatem

137 3621 570 3692 dignitatemque
606 3619 834 3673 istarum
858 3617 1187 3676 litterarum,
1221 3625 1337 3671 tum
1366 3616 1434 3672 ad
1468 3616 1742 3686 majorum
1783 3615 2034 3687 exempla
2061 3658 2076 3680 ,
2106 3625 2164 3671 et
2196 3615 2441 3686 priscum
2476 3615 2651 3680 illum,
2685 3632 2852 3687 quem
2883 3617 3019 3684 dixi,
3051 3618 3302 3674 ardorem
3338 3611 3467 3673 ani-

137 3732 370 3780 morum,
401 3730 516 3787 quo
555 3714 658 3784 ipsi
689 3729 816 3785 erga
857 3727 955 3769 eas
990 3713 1306 3783 flagrarunt,
1336 3721 1570 3781 utroque
1598 3712 1760 3768 oculo
1796 3711 2179 3782 respiciemus.
2215 3709 2432 3766 Recens
2461 3709 2574 3776 jam
2615 3726 2738 3766 sum
2773 3727 2804 3766 a
2834 3711 3073 3767 lectione
3107 3712 3464 3782 epistularum

139 3813 362 3870 Joannis
387 3807 709 3874 Renchlini,
739 3821 877 3878 quas
905 3807 961 3860 in
987 3804 1323 3860 bibliotheca
1353 3803 1607 3860 Bilibaldi
1646 3804 2013 3876 Pirckeymeri
2057 3819 2152 3875 per
2185 3802 2352 3858 hasce
2381 3801 2549 3858 ferias
2579 3801 2956 3874 Norimbergtc
2983 3804 3128 3874 apud
3170 3805 3464 3874 patricium

139 3907 310 3962 virum
342 3901 615 3958 Joannem
665 3897 768 3953 Im.
802 3894 1044 3958 Bonum,
1079 3895 1223 3950 illius
1258 3905 1647 3966 pronepotem,
1691 3895 1878 3951 inveni
1923 3895 2260 3967 complures.
2293 3895 2541 3951 Narrabo
2587 3896 2704 3960 tibi,
2740 3896 2810 3950 mi
2849 3894 3086 3952 Grutere
3109 3939 3123 3961 ,
3157 3899 3245 3951 vel
3281 3901 3465 3968 potius

140 3989 600 4055 adulescentibus.
627 3991 672 4045 si
706 3988 796 4058 qui
829 3988 946 4043 haec
977 3997 1073 4042 tuo
1102 3987 1375 4043 beneficio
1406 3998 1673 4058 praeterea
1714 3987 1858 4043 forte
1891 3987 2089 4043 lecturi
2119 3998 2285 4053 sunt,
2327 3997 2388 4044 ut
2416 3989 2730 4060 exemplum
2769 3989 2898 4043 inde
2931 3989 3193 4059 capiant,
3224 3991 3355 4061 quid
3407 3992 3462 4047 in

141 4111 322 4153 earnm
361 4107 472 4147 una
506 4099 670 4159 atque
698 4087 871 4142 altera
903 4095 1185 4158 repertum
1236 4085 1310 4140 sit
1361 4085 1518 4140 mihi.
1555 4084 1763 4141 Scribit
1807 4085 2154 4142 Reuchlinus
2211 4086 2498 4158 Anglopoli
2558 4087 2661 4157 (sic
2692 4094 2851 4141 vocat
2909 4085 3321 4158 lngolstadium,
3355 4104 3466 4158 quo

145 4186 452 4259 Stntgardia
487 4183 558 4236 ob
590 4190 770 4236 motus
803 4178 1070 4234 Suevicos
1097 4193 1127 4232 a
1165 4178 1400 4232 summis
1448 4178 1758 4234 honoribus
1787 4178 1979 4234 aulicis
2025 4188 2224 4250 sponte
2255 4179 2567 4234 exsulatum
2613 4179 2855 4249 juverat)
2883 4194 3030 4233 anno
3061 4195 3203 4234 loxx
3233 4181 3303 4234 ad
3336 4180 3467 4234 Bili-

143 4280 357 4336 baldum
395 4279 551 4333 illum
571 4317 587 4338 ,
617 4290 779 4345 quem
806 4274 917 4327 dixi
943 4315 956 4334 ,
983 4272 1289 4342 principem
1321 4271 1500 4325 virum
1532 4280 1588 4326 et
1615 4271 1668 4324 in
1696 4270 2009 4327 litterarum
2038 4273 2450 4328 reconditarum
2481 4273 2714 4327 scientia
2737 4314 2751 4337 ,
2784 4271 3126 4342 omninoque
3153 4272 3462 4328 multorum

145 4377 394 4448 opinione
421 4374 689 4444 majorem
709 4413 725 4436 ,
754 4370 823 4425 de
851 4386 950 4426 sua
974 4370 1285 4440 linguarum
1321 4367 1702 4438 professione,
1737 4383 1901 4439 quam
1939 4369 1993 4422 in
2039 4369 2128 4424 illa
2158 4370 2518 4425 celeberrima
2554 4369 2708 4423 acad.
2735 4369 2894 4424 ducis
2925 4368 3170 4426 Bavarite
3209 4353 3466 4426 Gulielmi

147 4469 398 4540 auspiciis
439 4479 495 4520 et
526 4467 760 4520 honesto
794 4462 1074 4533 stipendio
1106 4463 1331 4533 publico
1361 4462 1680 4518 instituerat
1707 4462 2007 4535 geminam.
2040 4479 2205 4534 quam
2240 4462 2501 4534 frequens
2535 4463 2736 4518 habeat
2773 4463 3128 4519 auditorium.
3175 4463 3282 4520 Sed
3307 4465 3467 4535 juvat

149 4563 244 4618 hoc
273 4563 567 4630 ipsiusmet
598 4558 777 4614 verbis
809 4573 1164 4630 cognoscere,
1202 4572 1326 4628 quae
1357 4557 1590 4628 proinde
1627 4572 1692 4612 ex
1724 4557 2069 4628 autographo
2101 4557 2227 4612 fidei
2269 4573 2436 4613 causa
2482 4556 2771 4627 subjiciam
2799 4597 2812 4618 ,
2849 4566 3124 4626 quatenus
3152 4558 3261 4613 huc
3290 4559 3465 4628 perti-

151 4667 291 4709 nent.
333 4653 592 4722 Quando,
622 4653 821 4720 inquit,
849 4667 937 4706 me
963 4667 1113 4706 nunc
1151 4652 1257 4708 isto
1291 4667 1440 4707 anno
1481 4651 1904 4706 elementarium
1942 4651 2130 4706 effecit
2165 4651 2430 4705 δέσποινα
2461 4650 2598 4721 τύχη
2622 4692 2634 4711 ,
2668 4651 2917 4720 quotidie
2945 4651 3012 4706 de
3043 4653 3243 4706 throno
3271 4652 3468 4706 docto-

152 4764 280 4808 rum.
319 4745 597 4817 frequenti
621 4745 920 4803 auditorio.
959 4744 1176 4814 publice
1209 4743 1594 4814 prmlegendus
1617 4751 1701 4798 est
1737 4758 1766 4797 a
1795 4758 1882 4797 me
1906 4744 1959 4798 in
1989 4743 2171 4815 lingua
2202 4741 2467 4797 llebraica
2498 4759 2661 4798 mane
2692 4742 2830 4798 Rabi
2867 4742 3016 4798 Mose
3052 4744 3256 4802 liimhi.
3289 4754 3345 4798 ct
3370 4760 3468 4798 ve-

151 4845 284 4914 speri
316 4843 372 4895 in
401 4840 591 4908 lingua
619 4837 804 4893 Graeca
832 4835 1024 4891 Plutus
1049 4835 1438 4906 AristOphanis
1464 4833 1754 4904 discipulis
1786 4834 2051 4889 trecentis
2079 4843 2135 4889 et
2158 4833 2354 4898 multo,
2396 4834 2645 4904 inquam,
2681 4833 2825 4903 plus.
2860 4832 3015 4900 Quod
3043 4833 3192 4899 felix,
3226 4833 3467 4890 faustum

153 4938 601 5003 fortunatumque
652 4932 790 4986 fuat.
817 4930 898 4985 'l'u
921 4974 935 4996 ,
973 4931 1094 4985 vale
1142 4931 1398 4995 feliciter,
1426 4939 1484 4985 ct
1527 4945 1616 4985 me
1670 4930 1979 4999 principem
2024 4929 2232 4985 Siciliae
2269 4930 2592 5001 Dionysium
2625 4929 2876 4985 Corinthi
2909 4931 3141 5000 puerilia
3175 4931 3466 4986 docentem

155 5042 413 5101 spectato.
444 5029 574 5084 “me
599 5029 707 5091 illc,
737 5027 960 5081 biennio
988 5038 1115 5081 ante
1151 5028 1372 5082 beatum
1407 5025 1532 5081 vitre
1580 5043 1909 5082 mrumnosae
1968 5027 2130 5081 simul
2195 5036 2251 5081 et
2305 5026 2555 5098 gloriosae
2591 5027 2820 5088 exitum,
2857 5035 3017 5080 aelate
3051 5025 3136 5079 vir
3163 5027 3366 5096 gravis,
3415 5026 3468 5079 in

153 5129 311 5183 rebus
351 5125 539 5180 arduis
576 5133 833 5192 speclatze
870 5122 992 5178 fidei
1022 5165 1036 5187 ,
1073 5125 1513 5194 auctoritateque
1556 5135 1827 5194 praestans
1850 5168 1862 5187 ,
1896 5126 1959 5178 ad
1993 5125 2234 5179 amicum
2261 5165 2276 5190 ,
2321 5139 2430 5196 quo
2461 5126 2727 5194 majorem
2766 5132 2898 5177 tunc
2931 5123 3309 5194 Norimhcrgm
3359 5139 3472 5176 non

156 5226 405 5284 habebat,
435 5222 523 5275 cui
550 5221 732 5276 omnia
763 5236 861 5275 sua
887 5221 1115 5275 minima
1142 5221 1374 5275 maxima
1407 5221 1799 5286 concredehat,
1821 5237 2040 5291 quoque
2062 5221 2359 5291 plurimum
2387 5221 2664 5284 utebatur,
2695 5219 2764 5274 de
2800 5219 3076 5273 auditorio
3104 5235 3224 5283 suo,
3261 5228 3311 5272 et
3350 5220 3474 5289 qui‘

155 5325 267 5376 dem
298 5320 514 5375 calamo
547 5317 792 5380 minime,
828 5317 971 5372 sicut
999 5317 1298 5381 credimus,
1336 5333 1477 5372 vano
1505 5327 1560 5372 et
1591 5318 1848 5389 glorioso.
1885 5319 2244 5391 praedicabat.
2273 5316 2408 5384 Quis
2437 5333 2570 5373 vero
2610 5318 2712 5372 hac
2758 5325 3110 5388 tempestate,
3148 5333 3254 5370 non
3293 5318 3472 5370 dicam

158 5431 203 5467 ειι
246 5414 356 5467 ulla
411 5411 720 5466 Germaniae
771 5410 927 5465 acad.
964 5410 1056 5465 sed
1094 5411 1263 5465 totius
1294 5410 1528 5481 Europae
1559 5413 1644 5468 vel
1672 5413 2036 5468 celeberrimo
2081 5410 2379 5482 Gymnasio
2402 5451 2417 5474 ,
2446 5411 2562 5482 ipse
2609 5411 2736 5466 licet
2774 5411 3104 5472 Reuchlino,
3137 5411 3225 5464 cui
3260 5426 3473 5463 summa

158 5510 336 5563 omnia
361 5506 683 5567 tribuimus,
713 5514 773 5559 ut
800 5505 1015 5575 parenti
1043 5514 1156 5576 opt.
1183 5506 1490 5561 studiorum
1520 5549 1532 5565 .
1559 5507 1812 5561 doctrina
1854 5507 2028 5560 nihilo
2061 5506 2308 5572 inferior,
2341 5515 2495 5560 tanto
2539 5504 2854 5560 auditorum
2895 5513 3064 5567 cmtu,
3104 5504 3216 5558 imo
3245 5502 3328 5557 vel
3375 5502 3474 5556 de-

161 5608 293 5659 cima
330 5607 450 5672 eius
478 5612 632 5673 parte
663 5601 1022 5664 circumfluit.
1053 5603 1288 5657 maxime
1316 5603 1407 5673 qui
1445 5605 1514 5658 sit
1549 5603 1602 5657 in
1643 5604 1832 5658 talium
1865 5603 2236 5674 explicatione
2282 5612 2572 5658 auctorum
2606 5612 2661 5655 et
2694 5599 2900 5656 Graeca:
2940 5601 3266 5654 litteratum
3303 5597 3477 5652 tradi-

163 5703 304 5755 tione
334 5697 676 5769 occupatus?
713 5696 757 5753 Ο
791 5697 1114 5763 mirandam,
1147 5713 1214 5752 ne
1251 5698 1426 5752 dicam
1471 5699 1864 5764 miserandam,
1907 5709 2244 5769 temporum,
2277 5697 2589 5752 animorum
2644 5707 2698 5751 et
2728 5696 3041 5750 studiorum
3086 5690 3478 5748 commutatio-

165 5798 316 5850 nem!
347 5795 515 5864 Cujus
540 5809 733 5849 causas
762 5793 890 5847 alibi
929 5793 1255 5863 investigare
1287 5794 1472 5848 licebit
1496 5796 1865 5866 opportunius
1894 5811 1957 5849 ac
1978 5791 2402 5849 liberius.Nunc
2428 5800 2612 5847 autem
2638 5790 2931 5862 segnitiem
2963 5797 3128 5858 atque
3164 5783 3475 5841 socordiam

169 5898 396 5944 nostram
427 5897 638 5941 tantum
674 5886 961 5956 deplorare
994 5886 1171 5950 IECcat,
1208 5889 1250 5941 si
1287 5887 1369 5941 vel
1418 5889 1520 5942 hac
1564 5891 1775 5943 ratione
1814 5890 1868 5942 in
1901 5889 2196 5958 juventute
2221 5896 2432 5950 nostra,
2491 5897 2606 5953 qum
2635 5885 2687 5939 in
2717 5883 2916 5938 litteris
2945 5882 3010 5938 ad
3049 5896 3201 5950 spent
3237 5877 3474 5950 aliqum

401 5985 676 6044 ΡΑτιιοι..
719 5981 840 6040 Gn.
893 5979 1218 6040 LXXl'lll.

3061 5977 3092 6035 ἢ
