4150 6438
741 406 845 471 ῙΟῚ
940 459 945 465 .
1193 423 1198 425 ’
1826 380 2385 455 PROLEGOMENA
2424 389 2624 451 EDIT.
2655 388 2897 449 PARIS.
3889 379 3993 446 108

739 518 950 589 rcipuh.
982 526 1036 572 et
1073 514 1322 571 Ecclesia:
1366 512 1649 574 educatur,
1675 510 1883 579 aliquos
1924 504 2137 577 pristini
2158 508 2161 511 ‘
2184 502 2394 559 ardoris
2426 501 2694 574 igniculos
2729 500 3075 564 resuscitare,
3107 499 3221 555 sive
3256 508 3314 554 ut
3347 499 3660 556 Graecorum
3688 500 3992 571 elegantis.

741 614 880 670 Simo
914 624 1034 667 utar
1060 612 1247 675 verbo,
1280 605 1946 678 ἀναζωπυρεῖνροεείωῑιε.
1977 599 2050 655 De
2099 614 2221 654 meo
2262 614 2380 670 erga

2352 615 2388 665 ,a
2431 598 2561 653 istas
2587 598 2818 661 litteras,
2849 596 3047 665 quibus
3076 593 3387 650 humanitas
3425 596 3606 650 omnis
3653 604 3991 655 continetur,

736 716 925 760 amore
967 712 1232 776 perpetuo
1279 702 1455 757 dicam
1504 700 1739 769 parcius.
1784 694 2011 750 Initum
2045 691 2220 757 volui;
2274 706 2463 776 parum
2498 688 2648 760 potui
2676 688 2742 742 ad
2770 688 2981 755 illarum
3016 686 3457 758 propagationcm
3487 686 3758 741 conferre.
3789 685 3995 739 l‘artim

749 800 894 855 enim
926 774 1128 872 ingenii
1162 808 1217 854 et
1242 795 1565 852 valetudinis
1589 790 1957 856 mediocritas,
1993 789 2077 844 vel
2112 788 2293 858 potius
2324 774 2605 855 utriusque
2637 785 2892 848 tenuitas,
2920 784 3207 838 conatibus
3245 783 3489 837 honestis
3533 783 3765 845 obstitit,
3797 782 3997 850 partim

751 884 1067 948 cccasiOnes
1091 888 1401 950 defuerunt,
1430 884 1627 956 partim
1662 879 1893 952 denique
1912 880 2016 935 alia
2048 878 2249 943 studia,
2283 879 2351 934 ab
2396 878 2500 933 illis
2528 892 2639 931 non
2665 891 2855 947 parum
2881 883 3089 929 remota
3117 884 3280 945 atque
3323 889 3513 928 aversa
3561 888 3650 928 me
3684 872 3829 927 velut
3868 873 4001 937 abs-

743 990 1044 1041 traxerunt.
1066 980 1136 1036 Et
1158 979 1235 1034 vel
1264 978 1345 1033 sic
1372 987 1552 1032 tamen
1571 989 1679 1029 non
1698 974 1928 1045 poenitet
1952 980 2471 1043 prorsus,quantum
2504 970 2594 1026 hic
2622 984 2804 1039 operte
2831 968 3014 1038 posui,
3036 967 3208 1023 sinon
3240 976 3293 1022 et
3314 983 3494 1037 operae
3510 968 3745 1036 pretium
3778 968 4001 1038 aliquod

742 1076 863 1132 l‘eci.
883 1074 1124 1130 Isidorus
1153 1070 1451 1125 Pelusiotae
1485 1067 1702 1139 quidem
1731 1065 1861 1136 quid
1883 1073 2217 1135 quantumve
2246 1065 2415 1119 nobis
2438 1063 2651 1126 debeat,
2676 1060 2791 1130 ipse
2826 1061 3009 1133 potius
3038 1062 3312 1131 loquatur.
3342 1061 3407 1115 Et
3435 1060 3689 1130 loquetur
3718 1077 3853 1117 sane
3895 1062 4003 1115 hoc

741 1166 916 1235 ipsum
965 1162 1189 1225 diserte,
1220 1162 1262 1216 si
1296 1160 1411 1214 haec
1436 1168 1622 1212 nostra
1652 1155 1821 1211 editio
1851 1171 1975 1210 cum
2011 1154 2253 1210 Parisina
2284 1154 2571 1212 clarissimi
2596 1153 2734 1207 Billii
2764 1152 3094 1208 conferatur.
3128 1153 3283 1209 Dicet
3316 1153 3484 1217 enim,
3518 1168 3577 1207 se
3603 1170 3719 1207 mea
3753 1152 4002 1222 primum

740 1255 1074 1327 benignitate
1101 1254 1223 1324 plus
1247 1267 1409 1323 quam
1436 1249 1691 1307 ducentis
1718 1248 1907 1319 viginti
1936 1248 2180 1318 epistolis
2206 1250 2421 1317 prodire
2448 1247 2774 1311 auctiorem;
2802 1246 2972 1320 dicet,
3000 1246 3248 1315 plurimis
3273 1245 3515 1315 priorum
3538 1244 3699 1308 etiam
3731 1244 4004 1297 librorum

737 1346 872 1401 locis
908 1347 1107 1402 factum
1139 1342 1564 1400 emendatiorem
1612 1350 1772 1411 atque
1802 1340 2181 1409 integr-iorem;
2212 1339 2373 1404 dicet,
2403 1340 2853 1410 interpretatione
2888 1338 3080 1394 Latina
3115 1347 3169 1393 et
3215 1338 3362 1393 notis
3394 1352 3611 1408 quoque
3653 1351 3717 1391 ac
3743 1334 4006 1406 perochis
4104 1368 4113 1373 ~

737 1443 1009 1498 redditum
1033 1441 1334 1513 planiorem
1367 1439 1430 1493 ad
1452 1435 1891 1507 intelligendum;
1920 1434 2083 1497 dicet,
2113 1434 2385 1489 indicibus
2414 1435 2618 1491 nostris
2649 1435 2769 1489 usui
2800 1428 3000 1489 factum
3041 1434 3306 1505 aptiorem
3340 1440 3397 1487 et
3434 1431 3776 1486 habiliorem.
3808 1430 3891 1481 Ac
3931 1441 4006 1482 ne

728 1535 859 1603 quis
894 1550 991 1604 per
1014 1548 1116 1588 nos
1141 1549 1236 1588 sua
1258 1532 1417 1587 laude
1452 1540 1508 1585 et
1535 1528 1701 1600 gloria
1735 1527 2105 1590 defraudetur,
2144 1541 2245 1580 nec
2274 1526 2346 1580 illi
2390 1528 2476 1581 hic
2518 1529 2777 1583 reticendi
2821 1539 2971 1592 sunt,
3022 1544 3253 1599 quorum
3292 1525 3559 1581 beneﬁcio
3594 1521 4008 1589 manuscriptus

730 1626 828 1684 ille
877 1627 1048 1681 codex
1093 1622 1436 1679 bibliothecae
1467 1618 1697 1691 princip.
1735 1617 1927 1673 Bavar.
1976 1618 2177 1671 nostris
2206 1616 2395 1671 usibus
2442 1617 2763 1686 impelratus
2809 1629 2910 1674 est.
2943 1620 2993 1674 Id
3037 1632 3093 1673 tu
3128 1620 3366 1689 quidem,
3396 1618 3626 1673 Grutere
3674 1613 4004 1670 clarissime.

734 1718 847 1786 jam
874 1715 1035 1779 nosti,
1085 1721 1289 1770 norunt
1322 1712 1485 1767 etiam
1515 1711 1821 1781 complures
1850 1709 2008 1763 amici
2047 1707 2157 1761 alii.
2186 1707 2290 1763 Sed
2333 1710 2551 1777 quando
2594 1709 2707 1765 hac
2735 1711 2983 1781 epistola,
3016 1726 3138 1781 quae
3162 1719 3218 1765 et
3262 1708 3514 1764 amicitiae
3546 1716 3745 1761 nostra:
3776 1713 3830 1759 et
3862 1704 4008 1775 grati

742 1823 866 1878 erga
898 1790 1182 1876 εὐεργέται
1220 1803 1388 1858 animi
1421 1802 1527 1857 mei
1563 1800 1714 1856 testis
1739 1815 1859 1855 esse
1881 1799 2063 1861 debet.
2102 1814 2131 1853 a
2164 1799 2431 1869 pluribus,
2464 1801 2921 1869 quemadmodum
2974 1818 3153 1873 spero,
3186 1803 3393 1873 legetur
3437 1816 3544 1855 una
3576 1815 3698 1856 cum
3732 1798 3855 1869 ipso
3902 1798 4008 1853 lsi—

737 1898 901 1963 doro;
931 1896 1107 1951 sciant
1142 1896 1216 1949 illi
1250 1909 1484 1965 quoque,
1514 1892 1605 1962 qui
1630 1901 1790 1947 antea
1831 1892 2169 1958 nesciebant,
2205 1892 2349 1963 quod
2376 1908 2471 1948 eos
2501 1894 2642 1949 scire
2677 1896 2903 1951 interest
2939 1912 3071 1951 meas
3100 1897 3219 1950 ﬁdei
3246 1904 3300 1951 et
3324 1893 3770 1964 εὐγνωμοσύνης,
3809 1888 4009 1946 deberi

736 1991 895 2046 istius
928 1989 1177 2059 beneﬁcii
1202 1990 1430 2061 gratiam
1461 1988 1593 2044 viris
1624 1984 1926 2059 magniﬁcis
1953 1996 2112 2056 atque
2140 1989 2517 2058 amplissimis,
2549 1989 2729 2046 Marco
2765 1992 3004 2057 Velscro,
3035 1993 3171 2063 reip.
3197 1993 3427 2063 August.
3458 1990 3524 2055 ll,
3558 1990 3696 2052 viro,
3725 1986 4007 2042 ctJoanni

737 2081 967 2153 Georgio
994 2081 1301 2135 Hervuarto
1332 2080 1400 2136 ab
1430 2079 1788 2152 llohenburg,
1821 2081 2145 2135 cancellario
2169 2080 2444 2149 Bavarico,
2482 2085 2574 2153 qui
2605 2094 2661 2140 et
2689 2100 2787 2155 per
2827 2085 3036 2140 litteras
3064 2094 3120 2140 et
3153 2100 3250 2154 per
3280 2084 3637 2153 interpretem
3686 2097 3750 2136 ac
3798 2093 4011 2149 prose-

734 2183 919 2229 netam
948 2183 1061 2242 opt.
1092 2188 1156 2228 ac
1185 2172 1487 2243 gratiosiss.
1516 2173 1771 2227 Davidem
1826 2172 2197 2228 Hoeschelium
2255 2185 2502 2229 nostrum
2556 2181 2604 2231 a’
2644 2192 2730 2232 me
2781 2176 2948 2247 rogati
2995 2192 3151 2231 usum
3202 2174 3555 2247 pulcherrimi
3588 2172 3733 2227 illius
3766 2171 4007 2229 codicis.

703 2268 896 2337 'q:.e.m
932 2265 1139 2321 Monaci
1194 2272 1407 2320 exstare
1465 2264 1859 2329 inaudiveram,
1910 2280 2016 2319 non
2046 2264 2292 2320 difﬁciles
2317 2280 2436 2319 sese
2468 2266 2599 2320 mihi
2635 2267 3005 2336 praebuerunt,
3045 2265 3177 2335 quin
3218 2264 3509 2327 eum,mihi
3541 2264 3610 2317 ab
3640 2263 3907 2318 sereniss.
3953 2270 4012 2317 ct

729 2357 945 2413 celsiss.
977 2356 1167 2411 Bavar.
1206 2355 1441 2425 princip.
1473 2354 1851 2423 impetrarent,
1899 2354 2108 2425 μεγάλη
2155 2356 2313 2425 χάρις
2360 2374 2368 2407 ε

2366 2358 2565 2420 αὐτοῖς,
2594 2356 2655 2410 ut
2682 2356 2961 2412 Theocriti
2995 2358 3157 2413 verba
3197 2358 3289 2412 hic
3320 2356 3514 2412 faciam
3551 2370 3690 2410 mea.
3729 2353 3880 2408 Idem
3913 2352 4005 2407 di-

730 2459 885 2505 ctum
910 2448 1030 2502 volo
1054 2457 1109 2503 et
1144 2446 1467 2517 prothymia:
1500 2445 1707 2501 clariss.
1744 2455 1799 2500 et
1823 2447 2067 2502 nobiliss.
2101 2448 2205 2503 viri
2235 2446 2405 2518 Marq.
2441 2448 2663 2504 Freheri
2695 2468 2708 2504 :
2742 2450 2834 2520 qui
2864 2465 2986 2507 cum
3016 2450 3387 2514 intellexisset,
3418 2464 3448 2503 a
3476 2463 3565 2503 me
3580 2448 3812 2502 alterum
3836 2446 4011 2500 etiam

727 2542 1031 2598 desiderari
1062 2540 1339 2611 exemplar
1370 2540 1626 2595 editionis
1644 2537 1927 2606 Parisinm,
1955 2542 2466 2611 quodwariantibus
2512 2543 2838 2599 lectionibus
2866 2561 2897 2599 a
2937 2560 3025 2600 me
3076 2545 3535 2600 conscribillatum
3577 2559 3732 2598 novte
3767 2542 4012 2612 impres-

733 2634 871 2697 sieni
907 2632 1217 2689 subservire
1253 2632 1502 2701 iuberem
1522 2670 1538 2695 ,
1574 2630 1716 2693 ultro
1750 2630 1825 2694 id,
1856 2644 1961 2701 qua
1997 2641 2081 2687 est
2105 2633 2190 2687 vir
2214 2633 2409 2687 eximia
2441 2634 2801 2705 benignitate,
2832 2635 3148 2705 prolixeque
3179 2635 3312 2691 mihi
3344 2637 3544 2691 obtulit
3580 2620 3743 2705 atque
3772 2650 4013 2689 conces-

730 2727 803 2780 sit
837 2726 1025 2795 usibus
1054 2724 1210 2778 meis.
1240 2723 1377 2777 Sunt
1406 2723 1569 2777 etiam
1605 2722 1696 2792 qui
1732 2721 1945 2794 signum
1990 2723 2152 2778 nobis
2182 2732 2367 2793 postea
2396 2725 2743 2779 subtulerunt
2776 2726 2843 2780 ad
2875 2727 3015 2781 bene
3041 2728 3371 2795 sperandum
3399 2728 3467 2782 de
3500 2726 3657 2782 novis
3688 2726 3910 2782 auxiliis
3940 2743 4014 2781 ex

722 2790 991 2890 Vaticana
1022 2814 1350 2882 bibliotheca
1383 2790 1883 2870 subministrandis.
1916 2811 1992 2869 lbi
2019 2814 2163 2869 enim
2187 2790 2454 2883 plurimas
2496 2817 2659 2870 etiam
2702 2818 3028 2882 ἀνεκδότους
3060 2790 3232 2874 nostri
3264 2820 3504 2875 auctoris
3532 2821 3792 2890 epistolas
3832 2822 4017 2879 latere

724 2888 1027 2981 perhibent
1051 2909 1340 2975 αὐτόπται,
1364 2922 1467 2963 nec
1495 2923 1689 2965 vanam
1722 2908 1928 2965 faciunt
1955 2909 2138 2965 ﬁdem.
2169 2907 2287 2964 Jam
2310 2911 2456 2966 enim
2490 2912 2844 2980 quarumdam
2867 2913 3099 2967 vidimus
3125 2914 3301 2977 initia,
3331 2930 3453 2984 qua:
3478 2888 3606 2969 inde
3626 2916 3768 2969 And.
3800 2915 4014 2971 Schot-

726 3011 843 3063 tus,
878 3000 961 3054 vir
988 3000 1237 3064 doctiss.,
1270 2999 1340 3054 de
1361 2991 1870 3070 antiquitate'omni
1905 3011 1962 3057 et
1994 3002 2063 3057 de
2092 3003 2257 3059 rectis
2286 3003 2481 3059 studiis
2515 3014 2628 3074 opt.
2661 3020 2798 3060 mer.
2859 3006 3165 3077 (notissima
3203 3008 3299 3062 tibi
3330 3008 3585 3079 pmdico)
3618 3009 4015 3078 exscripserat.

732 3091 815 3145 illi
843 3107 1078 3161 quoque,
1112 3091 1203 3145 ubi
1241 3090 1505 3160 promissa
1536 3091 1910 3162 impleverint,
1947 3094 2025 3148 uti
2058 3109 2341 3164 speramus
2366 3096 2682 3164 propediem
2717 3096 2977 3160 facturos,
3009 3107 3064 3153 et
3100 3114 3231 3153 vero
3262 3114 3385 3155 cum
3418 3100 3542 3155 ﬁdei
3572 3116 3685 3156 sua:
3710 3108 3822 3154 tum
3872 3100 4015 3156 boni

732 3186 933 3256 publici
966 3202 1127 3241 causa
1161 3186 1340 3240 facere
1375 3185 1599 3249 debent,
1633 3186 1815 3246 debita
1858 3187 2015 3243 laude
2044 3189 2336 3259 gratiaque
2360 3189 2587 3245 minime
2613 3189 3030 3248 fraudabuntur.
3064 3193 3251 3264 Neque
3298 3195 3444 3265 ipsos
3475 3197 3591 3251 hiec
3614 3195 3803 3259 editio,
3834 3212 4016 3266 quam

728 3276 1143 3333 Commeliniaui
1174 3278 1291 3333 sine
1320 3292 1515 3349 magno
1538 3293 1639 3333 suo
1668 3278 2033 3347 incommodo,
2066 3290 2127 3337 ut
2164 3284 2289 3345 scis,
2323 3284 2532 3339 diutius
2576 3284 2800 3341 differre
2847 3303 2955 3341 non
3000 3296 3316 3357 potuerunt,
3346 3290 3641 3354 retardare,
3678 3290 3772 3344 sed
3817 3292 4017 3359 potius

735 3374 963 3429 invitare
992 3374 1173 3435 debet.
1205 3383 1263 3427 ut
1294 3388 1414 3443 quae
1443 3372 1585 3429 ultro
1615 3375 1947 3455 perbenigpe
1983 3386 2114 3433 sunt
2156 3379 2405 3447 polliciti,
2431 3396 2541 3434 non
2574 3390 2681 3434 tam
2719 3381 2884 3435 nobis
2913 3398 3075 3451 quam
3110 3383 3318 3453 reipub.
3347 3385 3671 3439 Christianae
3698 3398 4019 3453 repraesen—

728 3475 872 3521 tcnt.
899 3465 1147 3535 Accipies
1179 3481 1303 3521 cum
1340 3466 1425 3521 his
1446 3465 1643 3521 litteris
1662 3474 1718 3522 et
1741 3469 1920 3536 operis
1951 3470 2192 3524 universi
2238 3470 2450 3527 titulum
2475 3512 2488 3531 ,
2524 3482 2579 3526 et
2608 3472 2814 3543 aliquot
2849 3474 3235 3529 encomiastica
3272 3479 3466 3544 partim
3494 3476 3732 3531 carmina
3759 3517 3773 3540 ,
3804 3477 4017 3546 partim

729 3546 983 3625 epistolia
1016 3556 1283 3609 clarorum
1315 3556 1577 3623 virorum,
1608 3571 1730 3627 qtae
1756 3573 1914 3613 suum
1948 3559 2001 3611 in
2030 3559 2208 3614 locum
2244 3562 2312 3615 ab
2335 3563 2516 3631 operis
2540 3565 2940 3635 typographicis
2969 3566 3159 3621 referri
3183 3568 3426 3637 jubehis.

803 3645 1011 3701 Caetera
1040 3662 1161 3717 quae
1188 3649 1255 3703 ad
1286 3648 1552 3705 lsidorum
1585 3650 1783 3706 idoneo
1812 3652 2281 3710 cohonestandum
2316 3658 2580 3726 prooemio
2608 3660 2916 3728 pertinent,
2942 3662 3096 3716 vobis
3124 3678 3269 3717 curae
3299 3673 3480 3719 erunt.
3516 3666 3808 3722 Meministi
3839 3685 4018 3725 nam-

736 3758 843 3814 que
879 3758 1043 3798 omne
1098 3736 1438 3814 pontiﬁcium
1468 3747 1909 3817 προσφωνήσεως
1943 3746 2392 3806 Com'melinianis
2431 3768 2460 3805 a
2492 3768 2580 3807 me
2612 3756 3005 3824 transcriptum
3042 3771 3183 3811 esse.
3214 3756 3401 3812 Errata
3437 3760 3691 3831 colligere
3729 3771 3784 3817 et
3827 3765 4019 3819 corri-

733 3854 862 3911 gere
892 3840 943 3892 in
968 3840 1112 3893 foliis
1145 3841 1499 3907 transmissis,
1530 3857 1841 3913 quanquam
1878 3844 2061 3899 statim
2093 3844 2271 3915 aliqua
2300 3847 2515 3915 agnovi,
2556 3862 2664 3901 non
2691 3849 2925 3915 libebat,
2956 3866 3080 3905 cum
3105 3853 3402 3921 praesertim
3436 3870 3543 3909 non
3579 3859 3760 3911 omnia
3791 3861 3856 3913 ad
3882 3876 4017 3917 ma-

732 3947 867 3987 num
911 3932 1191 3986 haberem.
1229 3932 1415 4002 itaque
1461 3933 1817 4006 ἀναγνώστης
1848 3946 1903 3991 et
1930 3936 2371 4007 ὲπανορθωτὴςίε

2376 3946 2438 3993 ita
2470 3941 2707 3995 viderint
2734 3957 2843 4012 quo
2876 3953 3034 4013 pacto
3063 3950 3466 4013 emendentur,
3500 3960 3555 4005 et
3586 3967 3738 4008 more
3770 3956 4015 4015 solemni

728 4022 804 4077 ad
834 4022 1037 4077 calcem
1070 4024 1250 4092 operis
1278 4024 1611 4093 rejiciantur.
1634 4025 1747 4083 Nec
1764 4025 1939 4097 plura,
1976 4042 2125 4082 nunc
2149 4029 2369 4098 quidem
2393 4071 2407 4093 ,
2437 4031 2505 4086 de
2531 4031 2735 4089 Isidoro
2762 4042 2973 4090 nostro.
3005 4036 3241 4091 Tantum
3271 4039 3431 4094 bonis
3452 4042 3645 4096 avibus
3672 4044 3914 4111 prodeat,
3951 4062 4018 4106 et

724 4113 881 4170 bono
913 4115 1131 4185 publico
1160 4116 1365 4185 pariter
1392 4131 1457 4171 ac
1501 4117 1745 4175 Bonutiis
1773 4119 2027 4190 privatim
2062 4123 2247 4191 prosit
2273 4123 2586 4192 plurimum.
2617 4126 2914 4196 Exspectas
2941 4129 3128 4197 procul
3156 4130 3321 4197 dubio
3352 4132 3480 4186 dum
3512 4135 3745 4189 scribam
3780 4140 4013 4196 tandem

743 4204 900 4259 etiam
925 4206 993 4260 de
1023 4198 1309 4276 suppetiis,
1343 4222 1481 4277 quas
1509 4209 1579 4264 ad
1608 4219 1794 4265 vetera
1821 4212 2150 4268 numismaia
2185 4225 2386 4277 vestra,
2412 4218 2609 4286 quibus
2633 4218 2825 4289 ingens
2850 4220 2980 4276 illud
3010 4230 3065 4276 et
3112 4223 3417 4289 immortale
3468 4242 3607 4296 opus
3643 4230 4012 4298 Antiquarum

738 4298 1135 4366 inscriptionum
1173 4300 1506 4371 locupletare
1555 4304 1797 4373 cogitas,
1828 4304 2119 4375 aliquando
2159 4325 2249 4365 me
2286 4311 2384 4365 tibi
2427 4310 2798 4383 Norimberga:
2836 4325 3255 4383 procuraturum
3282 4321 3527 4387 promisi.
3567 4320 3683 4388 Qua
3729 4324 3797 4379 de
3826 4340 3886 4379 re
3918 4330 4011 4384 sic

740 4388 940 4444 habeto
966 4390 1126 4455 serio,
1160 4401 1373 4447 exstare
1413 4393 1518 4448 sibi
1552 4392 1693 4463 apud
1728 4392 1878 4448 illum
1909 4412 2073 4465 quem
2107 4412 2271 4467 supra
2308 4400 2522 4455 laudavi
2568 4402 2854 4470 patricium
2895 4406 3071 4457 virum
3107 4406 3425 4461 thesaurum
3457 4410 3683 4466 minimc
3716 4414 4007 4485 vulgarém

735 4481 1131 4538 numismatu‘m
1184 4493 1432 4539 veterum
1485 4485 1666 4541 omnis
1720 4488 1937 4557 generis
1990 4488 2365 4569 Hebraeorum,
2404 4491 2737 4558 Graecorum,
2765 4493 3101 4563 Latinorum,
3127 4498 3435 4566 consulum,
3462 4516 3772 4570 censorum,
3806 4481 4010 4563 trium-

734 4572 999 4641 virorum,
1033 4576 1446 4646 imperatorum,
1478 4578 1789 4646 Caesarum;
1820 4580 2057 4651 denique
2091 4597 2377 4639 aureorum
2399 4626 2413 4648 ,
2441 4581 2818 4657 argenteorum
2840 4628 2855 4650 ,
2887 4603 3181 4645 amcorum.
3214 4590 3461 4661 Cumque
3501 4596 3878 4665 superioribus
3914 4601 4009 4657 l'e-

736 4664 835 4718 riis
862 4665 1068 4720 nostris
1098 4666 1167 4721 ad
1193 4666 1359 4721 ﬁnem
1387 4669 1741 4741 vergentibus
1771 4672 2180 4747 Norimbergam
2213 4690 2299 4730 me
2335 4678 2687 4733 contulissem
2712 4720 2726 4741 ,
2768 4689 2824 4735 et
2855 4682 2999 4736 ultro
3027 4684 3233 4754 aliquot
3261 4686 3453 4740 diebus
3480 4664 3711 4757 (decem,
3742 4690 3848 4745 nisi
3886 4691 4003 4747 i‘al-

739 4754 842 4829 lor)
872 4770 961 4810 me
984 4756 1136 4826 quasi
1179 4758 1452 4827 captivum
1485 4761 1538 4812 in
1566 4760 1708 4814 illam
1744 4761 2222 4820 instructissimam
2278 4766 2664 4831 bibliothecam
2696 4772 2990 4867 benigniss.
3016 4775 3131 4829 heri
3164 4776 3283 4846 ejus
3310 4754 3583 4847 permissu
3627 4782 4005 4851 inclusissem,

737 4855 864 4918 post
898 4846 1040 4902 hanc
1074 4848 1482 4918 perlustratam,
1512 4851 1600 4906 illa
1630 4852 1791 4907 etiam
1823 4854 2080 4926 pleraque
2109 4858 2290 4914 omnia
2321 4860 2377 4913 in
2403 4874 2599 4915 manus
2622 4846 2912 4930 sumpsi‘et
2935 4865 3176 4935 inspexi;
3224 4867 3525 4937 periculum
3560 4888 3775 4943 quoque
3803 4874 3906 4931 feci
3941 4846 4006 4935 in

734 4938 1109 4996 describendis
1154 4946 1542 4997 numismatnm
1595 4945 1931 5023 singulorum
1968 4948 2303 5020 epigraphis,
2334 4952 2401 5005 ad
2431 4968 2555 5006 eum
2582 4953 2695 5009 fere
2721 4954 2961 5019 modum,
2990 4972 3152 5027 quem
3181 4959 3251 5015 cl.
3279 4960 3343 5015 V.
3375 4938 3656 5034 Adolphus
3680 4938 3826 5023 bcco
3852 4967 4003 5026 Med.

743 5032 878 5103 Aug.
910 5034 1117 5087 amicus
1146 5042 1334 5088 noster
1376 5035 1433 5089 in
1471 5052 1569 5091 suo
1601 5036 1691 5092 illo
1730 5038 2064 5095 celebratiss.
2096 5056 2263 5111 opere
2309 5044 2563 5098 servavit.
2590 5046 2932 5116 Deprehendi
2974 5054 3155 5105 autem
3192 5051 3431 5109 laborem
3471 5032 3636 5121 hunc,
3684 5059 3727 5113 si
3749 5060 3873 5129 quis
3908 5070 4003 5117 to-

738 5133 875 5189 tum,
904 5133 963 5178 ut
986 5139 1084 5194 par
1108 5131 1210 5188 est,
1250 5125 1535 5181 absolvere
1570 5128 1716 5195 velit,
1745 5144 1856 5184 non
1887 5144 2182 5199 paucorum
2214 5132 2447 5199 dierum,
2485 5134 2579 5189 sed
2606 5136 2811 5207 aliquot
2838 5140 3107 5197 mensium
3136 5141 3272 5198 fore.
3301 5142 3413 5199 Nec
3438 5144 3629 5202 inutile
3656 5125 3839 5217 fuerit,
3866 5167 4002 5210 meo

740 5216 965 5291 judicio,
996 5218 1229 5287 aliquem
1262 5218 1518 5289 pingendi
1554 5222 1813 5277 artiﬁcem
1840 5224 2120 5291 adhibere,
2142 5227 2234 5296 qui
2266 5229 2591 5285 nomismata
2616 5232 2823 5303 singula
2859 5233 2998 5303 (quae
3030 5234 3250 5305 quidem
3293 5239 3541 5301 nondum,
3556 5242 3624 5295 ab
3644 5243 3771 5302 aliis.
3794 5216 4001 5305 eseusa

743 5309 891 5377 sunt)
925 5310 990 5363 ad
1022 5310 1225 5374 vivum,
1263 5320 1668 5381 quantaquanta
1700 5325 1846 5379 sunt,
1878 5317 2177 5373 delinearet
2200 5329 2364 5389 atque
2407 5324 2754 5393 exprimeret.
2794 5324 2964 5391 Quam
2999 5327 3315 5397 quidem‘ad
3356 5346 3473 5385 rem
3501 5341 3557 5387 et
3591 5346 3842 5405 sumptus
3882 5354 4003 5395 non

756 5416 975 5473 parvus,
1002 5410 1058 5455 et
1089 5412 1301 5473 tempus
1330 5412 1439 5456 non
1469 5404 1743 5476 exiguum.
1774 5416 1829 5461 et
1861 5419 2024 5473 totus,
2050 5419 2111 5465 ut
2142 5412 2221 5467 sic
2260 5413 2433 5470 dicam
2460 5456 2473 5479 ,
2500 5417 2661 5471 homo
2688 5419 3074 5485 requireretur.
3109 5419 3236 5474 Mihi
3276 5419 3406 5476 vero
3434 5438 3537 5479 nec
3578 5404 3884 5482 consultum
3912 5430 4004 5485 vi-

762 5494 990 5549 debatur
1013 5536 1028 5560 ,
1067 5494 1186 5549 sine
1209 5496 1463 5551 mandato
1487 5508 1669 5552 vestro
1697 5499 1750 5553 in
1789 5501 1842 5557 id
1873 5514 2149 5575 sumptum
2175 5505 2373 5577 facere,
2409 5520 2463 5565 et
2489 5512 2553 5567 ad
2575 5511 2828 5566 familiam
2849 5521 3012 5583 atque
3036 5530 3231 5585 operas
3251 5517 3587 5574 academicas
3612 5508 4003 5581 revertendum

744 5594 882 5640 erat.
912 5583 969 5639 Si
994 5586 1120 5653 quid
1150 5594 1327 5640 tamen
1359 5587 1414 5640 in
1442 5598 1720 5658 posterum
1755 5592 1838 5647 vel
1867 5595 2009 5664 apud
2043 5596 2195 5651 illum
2229 5599 2497 5671 hospitem
2528 5619 2708 5657 meum
2754 5583 3177 5668 lmholiumavel
3208 5609 3350 5677 apud
3373 5609 3575 5665 Bened.
3603 5611 4000 5684 Ammanuum,

746 5679 948 5735 aliosve
976 5680 1122 5753 (sunt
1150 5681 1293 5736 enim
1331 5683 1514 5752 plures
1547 5684 1601 5738 in
1641 5685 2063 5757 locupletissima
2095 5693 2315 5750 civitate
2346 5696 2532 5751 talium
2564 5697 2865 5769 κειμηλίων
2891 5714 3253 5770 possessores,
3288 5706 3540 5773 quamvis
3569 5707 3711 5764 alius
3740 5708 3845 5763 alio
3897 5679 3997 5780 pc;

746 5773 1061 5846 cuniosior),
1090 5785 1180 5830 tuo
1202 5776 1449 5832 instituto
1472 5778 1780 5837 subservire
1812 5791 2003 5853 potero
2031 5787 2193 5844 etiam
2223 5789 2441 5858 absens,
2470 5807 2578 5848 non
2604 5807 2825 5865 parcam
2854 5808 3035 5866 opem
3066 5810 3228 5861 meae;
3256 5811 3358 5852 nec
3380 5811 3553 5868 suam,
3584 5800 3802 5872 opinor,
3827 5773 4007 5856 deuc-
