4150 6474
177 438 275 505 109
1296 401 1875 498 PROLEGOMEM
1905 433 2108 494 EDIT.
2150 431 2401 493 PARIS.
3239 447 3244 450 -
3388 425 3492 492 tto

172 551 315 620 gsbit
364 550 661 620 prauorius
714 557 926 612 noster,
972 564 1135 619 quem
1173 548 1348 603 virum
1394 559 1449 602 et
1500 547 1578 601 tui
1617 560 1743 601 cum
1788 543 1985 614 primis
2019 542 2329 598 studiosum
2369 547 2534 610 atque
2582 545 2882 602 amantem,
2918 546 2974 593 et
3018 537 3261 610 alioquin
3305 538 3490 594 omnis

173 643 328 699 cilicii
373 643 612 714 ﬁdeique
647 644 870 716 plenum
892 642 1142 715 cognovi.
1179 642 1312 697 Vale
1334 683 1347 706 ,
1378 649 1434 695 et
1464 641 1638 696 saluta
1669 639 1852 695 verbis
1900 637 2040 693 meis
2081 636 2378 692 Bonutium
2412 643 2468 691 et
2493 632 2993 698 Commelinianos,
3023 631 3343 702 amicosque
3381 645 3488 686 ete-

175 747 336 790 [στος.

243 827 450 882 Altortli
478 827 533 880 in
550 827 705 882 acad.
734 819 1205 896 Norimbergensi,
1237 840 1430 881 mense
1447 827 1694 898 Augusto
1726 825 1856 881 anni
1880 839 2040 880 uncv.

191 1017 3406 1041 —-———————————————-—_—-—-——

172 1171 620 1244 Illustrissimo,
680 1167 1305 1246 clementissimoque
1362 1163 1510 1227 duci
1557 1181 1630 1227 ac
1702 1164 1992 1239 domino,
2045 1166 2393 1226 anemco
2442 1164 2716 1240 Iuniori,
2775 1165 2998 1228 comiti
3049 1166 3339 1232 Palatino
3403 1143 3487 1232 ad

853 1265 1174 1341 Rhenum,
1201 1265 1376 1328 bono
1404 1262 1684 1344 reipubl.
1717 1269 1890 1335 nato,
1915 1262 2270 1344 juventutis
2298 1262 2576 1344 principi
2597 1262 2815 1328 unico.

237 1437 546 1505 Opportune
584 1433 787 1488 Isidoro
831 1432 1077 1486 ultimam
1133 1431 1411 1500 imponunt
1443 1445 1664 1483 manum
1694 1428 2030 1500 tupograplti,
2066 1443 2170 1498 quo
2215 1435 2330 1493 post
2370 1419 2570 1482 biennii
2605 1444 2884 1494 secessum,
2915 1445 2944 1484 e
2966 1428 3160 1499 ﬁnibus
3189 1429 3383 1486 Gallice
3413 1433 3484 1486 ad

167 1541 282 1584 tuos
328 1532 490 1592 redis,
539 1527 986 1583 desideratissime
1033 1523 1354 1595 principum.
1407 1519 1614 1592 Nempe
1660 1538 1781 1575 cum
1817 1521 1988 1575 omnis
2017 1531 2171 1586 tetas,
2195 1520 2368 1576 omnis
2395 1521 2525 1575 ordo
2555 1523 2612 1576 in
2660 1523 2928 1592 publicum
2956 1525 3168 1594 effusus,
3199 1525 3486 1582 adventum

168 1634 330 1684 tuttur.
365 1634 625 1693 tanquam
657 1621 789 1675 clari
823 1637 886 1674 ac
924 1618 1183 1673 salutaris
1202 1617 1410 1681 sideris,
1443 1616 1569 1670 bene
1600 1615 1853 1669 ominatis
1875 1610 2328 1684 gratulationibus
2361 1625 2522 1687 atque
2546 1615 3026 1673 declamationibus
3062 1619 3327 1689 excipiat,
3355 1621 3487 1691 jure

164 1726 209 1768 et
239 1731 328 1767 nos
349 1731 556 1785 quoque
578 1715 934 1768 submittimus
965 1712 1134 1765 animi
1154 1711 1322 1764 nostri
1350 1710 1653 1780 laetitiaque
1688 1711 1938 1777 indicem,
1971 1709 2297 1765 Pelusiotam
2330 1712 2469 1766 hunc
2500 1714 2838 1783 episcopum;
2881 1716 2972 1786 qui
3010 1715 3132 1785 jam
3181 1731 3322 1769 nunc
3367 1715 3486 1787 pri-

165 1826 302 1863 mum
341 1819 498 1876 parte
542 1810 625 1863 sui
669 1818 862 1878 quarta
895 1807 1170 1878 integrior,
1198 1813 1410 1859 tantum
1440 1820 1544 1857 non
1571 1803 1846 1866 vocaliter.
1885 1814 1932 1859 et
1965 1805 2407 1874 florentissimum
2431 1805 2730 1876 juventutis
2757 1808 3050 1878 principem
3079 1810 3273 1880 faustis
3299 1826 3484 1878 prosc-

164 1916 355 1973 7uatur
384 1886 670 1970 ominibus,
711 1916 760 1958 et
790 1904 972 1961 Graeca
1027 1910 1286 1972 prieterea
1317 1900 1638 1964 vernilitate,
1674 1900 1900 1970 desuper
1927 1900 1986 1952 in
2033 1899 2266 1968 lepidum
2320 1911 2482 1972 caput
2527 1901 2643 1971 ejus
2674 1919 2740 1956 ac
2779 1904 2958 1958 sinum
2984 1905 3228 1976 invergat
3269 1905 3487 1961 uberem

161 2010 650 2054 coronaumitorum
685 1997 914 2066 copiam.
946 1995 1217 2049 Nimirum
1248 1993 1358 2046 viso
1391 2000 1609 2046 cceteros
1640 1991 1936 2061 (occasione
1962 1995 2111 2047 verni
2140 1994 2391 2066 auspicii)
2427 1996 2568 2052 inter
2607 1997 2722 2052 alia
2763 2005 2965 2055 devotae
2993 2000 3187 2054 mentis
3233 2016 3483 2067 munera,

161 2111 404 2165 oggerere
432 2095 598 2148 etiam
629 2093 932 2161 ephemeras
958 2093 1150 2160 florum
1178 2089 1421 2152 delicias,
1485 2087 1672 2141 merito
1704 2087 2004 2142 arbitratur
2034 2100 2215 2160 gratos
2252 2091 2347 2145 tibi
2387 2091 2510 2147 item
2540 2103 2885 2165 acceptosque
2904 2094 3018 2165 fore
3050 2094 3248 2148 colores
3268 2094 3485 2148 odores-

161 2204 254 2255 que
299 2190 640 2254 depromptos
685 2202 710 2238 e
735 2201 903 2238 sacrae
939 2183 1217 2252 sapientia:
1247 2182 1413 2236 hortis
1438 2223 1452 2248 ,
1487 2183 1784 2250 praesertim
1820 2199 1940 2236 cum
1975 2185 2090 2253 ejus
2116 2186 2221 2239 sint
2250 2187 2414 2257 genii,
2447 2197 2503 2241 ut
2546 2204 2650 2242 non
2678 2187 2836 2242 modo
2869 2204 2975 2242 non
3004 2188 3337 2259 obsoleﬁant,
3378 2205 3485 2243 non

161 2287 506 2338 marcescant,
542 2288 636 2329 aut
667 2294 762 2330 usu
794 2285 888 2329 aut
913 2287 1165 2346 tempore,
1197 2275 1293 2330 sed
1319 2275 1441 2329 inde
1467 2275 1804 2344 potissimum
1850 2286 2066 2331 sumant
2118 2278 2310 2334 coloris
2360 2281 2642 2352 odorisque
2682 2284 3066 2354 fragrantioris
3096 2294 3482 2356 augmentum;

159 2371 364 2440 ejusque
403 2381 662 2440 pra'terea
706 2371 923 2440 ingenii,
973 2379 1027 2423 ut
1077 2386 1179 2423 non
1231 2369 1545 2438 simpliciter
1576 2379 1789 2425 tantum
1820 2370 2173 2426 blandiantur
2202 2375 2390 2440 oculis,
2425 2376 2791 2433 lcnocinentur
2819 2379 3061 2445 naribus,
3087 2395 3267 2434 verum
3291 2387 3340 2434 et
3380 2375 3484 2450 ipsi

158 2467 331 2515 animo
364 2473 412 2516 et
445 2464 548 2530 ipsi
575 2465 770 2530 pectori
797 2463 1094 2517 salutarem
1125 2464 1230 2516 vim
1266 2464 1654 2521 communicent
1681 2504 1695 2528 ,
1721 2480 1829 2533 quo
1859 2458 2159 2536 citius<quis
2196 2484 2259 2520 ac
2301 2469 2468 2522 tutius
2501 2479 2793 2540 grassetur,
2825 2488 2919 2540 per
2947 2472 3162 2527 virtutis
3193 2482 3355 2544 atque
3382 2474 3482 2527 ho-

158 2560 289 2613 noris
315 2561 536 2626 templa,
559 2566 629 2613 ad
653 2554 1004 2613 (eternitatem
1035 2575 1053 2612 :
1085 2576 1202 2629 qua:
1225 2559 1364 2628 ipsa,
1391 2559 1645 2628 quoniam
1671 2557 1806 2612 nulli
1829 2576 1931 2613 non
1947 2562 2095 2614 (Βιαῑὶ
2111 2571 2364 2630 perpetuo
2385 2580 2496 2618 esse
2524 2563 2671 2618 debet
2694 2573 2819 2618 ante
2841 2566 3048 2632 oculos;
3077 2569 3278 2639 fecerit,
3304 2585 3478 2638 spero,

156 2670 301 2706 senes:
324 2655 421 2706 iste
451 2663 630 2705 noster
660 2651 891 2721 pretium
910 2665 1019 2702 sure
1047 2666 1219 2717 opera:
1251 2665 1269 2703 :
1303 2657 1451 2702 tanto
1486 2649 1697 2718 quidem
1727 2649 1919 2720 magis,
1956 2651 2098 2719 quod
2120 2659 2169 2702 et
2209 2651 2254 2704 is
2282 2652 2499 2720 insuper
2531 2669 2586 2705 se
2610 2662 2778 2706 totum
2810 2655 2904 2706 tibi
2937 2665 3119 2709 voveat
3146 2656 3478 2728 dedicetque.

159 2750 301 2802 unius
335 2751 413 2802 tui
442 2746 785 2802 contubernio
834 2746 1189 2800 adha’rescere
1233 2745 1477 2815 deinceps
1518 2745 1912 2815 cupidissimus.
1948 2745 2116 2816 quue
2171 2764 2229 2799 eo
2277 2748 2406 2817 facit
2439 2750 2806 2819 conﬁdentius,
2845 2752 2986 2821 quod
3024 2740 3324 2808 meminerit
3357 2765 3482 2809 ante

158 2863 346 2912 paucas
376 2861 642 2897 annorum
669 2842 1045 2902 hebdomadas,
1073 2841 1220 2897 haud
1241 2841 1441 2912 frustra
1475 2842 1902 2894 commendatum
1927 2842 2091 2912 fuisse
2125 2844 2426 2910 patrocinio
2452 2846 2635 2916 magni
2671 2846 2819 2901 illius
2854 2851 3140 2918 propatrui
3198 2853 3277 2905 tui
3316 2852 3481 2907 Joan-

159 2945 230 2993 nis
257 2939 530 2999 Casimiri,
563 2937 816 3006 principis
849 2936 1115 2988 memoria;
1140 2951 1414 3004 nunquam
1450 2935 1752 2989 interitura:
1775 2975 1787 2998 ,
1820 2946 2201 3002 prteceptorem
2243 2953 2402 2990 suum
2442 2938 2508 2992 ι).
2545 2941 2995 3010 Chrysostomum.
3028 2942 3254 3012 Quippe,
3287 2948 3333 3000 si
3374 2962 3480 3001 non

159 3032 444 3083 indecenter
474 3039 682 3098 patrem
726 3028 973 3096 sequitur
1011 3041 1107 3079 sua
1148 3026 1349 3095 proles,
1384 3026 1568 3079 decore
1602 3025 1765 3079 etiam
1809 3027 2085 3082 allubescit
2135 3029 2358 3099 familia:
2407 3032 2454 3083 ei
2489 3032 2801 3102 discipulus.
2835 3035 2889 3086 in
2921 3052 3026 3105 qua
3059 3046 3106 3089 et
3140 3037 3478 3105 splendorem

156 3122 336 3175 inuenit
367 3131 417 3174 et
447 3120 669 3173 tutelam
707 3117 958 3189 magister
983 3133 1129 3170 suus.
1155 3114 1321 3180 Quem
1357 3125 1411 3167 ut
1444 3125 1490 3169 et
1524 3116 1634 3186 ipse
1685 3116 1918 3185 alicujus
1964 3118 2163 3172 habeas
2187 3121 2459 3183 momenti,
2488 3122 2730 3190 princeps
2763 3124 3146 3193 illustrissime,
3178 3129 3317 3183 scias
3347 3145 3476 3199 pro-

155 3214 230 3266 cal
252 3215 427 3267 abesse
448 3228 481 3263 α
517 3221 736 3280 contage
767 3217 815 3262 et
853 3209 934 3262 sui
963 3206 1090 3259 olim
1121 3205 1322 3268 sceculi,
1353 3215 1402 3258 et
1432 3205 1584 3258 istius
1615 3206 1811 3266 nostri;
1853 3205 2016 3259 talem
2067 3207 2269 3262 scilicet
2307 3210 2397 3279 qui
2445 3213 2585 3263 dicta
2616 3229 2714 3265 sua
2747 3216 2927 3268 omnia
2958 3217 3115 3285 factis
3148 3219 3473 3299 cohonestet,

155 3324 307 3377 neque
339 3307 504 3358 aliter
525 3305 664 3357 vivat
695 3319 856 3369 quam
883 3302 1161 3373 loquatur;
1194 3300 1284 3371 qui
1319 3311 1592 3353 aversatus
1624 3299 1838 3353 inutiles
1869 3317 2048 3355 omnes
2082 3318 2242 3372 super
2263 3304 2517 3376 religione
2539 3309 2977 3375 quiestiunculas,
3008 3315 3080 3366 ad
3123 3313 3295 3368 solam
3322 3319 3475 3372 auri-

153 3417 292 3475 σείων
317 3406 573 3473 pietatem
594 3418 656 3453 ac
678 3401 953 3462 virtutem;
986 3399 1077 3470 qui
1107 3414 1386 3451 sacrarum
1424 3396 1752 3450 Litterarum
1804 3397 1918 3451 loca
1952 3398 2258 3453 obscuriora
2293 3401 2529 3470 inﬁnita,
2562 3403 2739 3457 sobria
2772 3405 2922 3459 boum
2953 3411 3142 3464 mentis
3173 3423 3221 3465 et
3246 3415 3473 3469 rationis

152 3499 257 3553 luce
284 3499 546 3553 uberrime
574 3496 891 3566 perfundat;
920 3495 1114 3565 quique
1147 3495 1264 3571 ideo
1297 3493 1600 3564 longissime
1629 3494 1885 3549 dissideat
1923 3495 1989 3548 ab
2017 3497 2115 3562 eis,
2149 3497 2239 3562 qui
2274 3498 2447 3551 nescio
2478 3499 2666 3569 quibus
2690 3505 3086 3558 contentionum
3114 3511 3345 3577 strophis
3375 3513 3470 3566 de-

151 3593 261 3656 diti,
285 3608 450 3660 neque
483 3589 713 3644 contenti
745 3588 922 3641 ludere
951 3588 1014 3640 de
1043 3603 1136 3640 suo
1164 3587 1325 3650 corio,
1367 3586 1443 3639 ita
1480 3602 1626 3658 reges
1652 3599 1696 3641 et
1720 3587 1987 3657 principes
2009 3589 2149 3641 inter
2165 3604 2219 3641 se
2253 3590 2609 3656 committunt,
2645 3594 2887 3648 nationes
2923 3606 2972 3648 et
3005 3598 3325 3665 respublicas
3346 3619 3470 3672 per-

149 3697 366 3747 :ertunt,
394 3697 452 3738 ut
485 3685 549 3737 de
575 3700 678 3736 uno
713 3681 905 3751 populo
941 3697 1060 3733 mox
1093 3681 1196 3734 duo
1231 3689 1326 3734 aut
1357 3681 1491 3734 adeo
1519 3680 1678 3750 plura
1699 3681 1831 3751 [iant
1849 3698 2094 3751 corpora,
2128 3690 2178 3735 et
2209 3681 2275 3735 ab
2311 3684 2541 3738 externis
2586 3685 2643 3738 in
2671 3695 2930 3742 ceternum
2962 3688 3257 3745 Christiani
3290 3697 3467 3750 nomi-

149 3783 222 3835 nis
263 3782 466 3834 hostem
518 3778 687 3837 bellis.
721 3777 777 3828 in
828 3792 924 3829 sua
959 3776 1156 3829 viscera
1189 3785 1487 3840 armentur,
1519 3775 1913 3846 furentiumque
1957 3776 2197 3846 exemplo
2240 3793 2431 3830 manus
2481 3787 2532 3831 et
2588 3781 2825 3835 membra
2856 3799 2955 3836 sua
2998 3784 3101 3852 ipsi
3130 3787 3380 3842 credant:
3409 3792 3466 3844 in

148 3892 368 3932 summa.
411 3874 505 3942 qui
529 3871 660 3924 nihil
682 3887 957 3924 commune
996 3885 1150 3940 geras
1184 3885 1302 3922 cum
1333 3869 1468 3934 istis,
1503 3871 1593 3939 qui
1622 3871 1698 3923 sic
1731 3885 1764 3922 a
1793 3885 1851 3922 se
1880 3880 2214 3940 segregatum
2239 3870 2432 3924 habent
2470 3875 2777 3940 candorem,
2808 3876 2989 3945 fidem.
3029 3883 3365 3950 modestiam,
3405 3896 3463 3940 ut

148 3974 186 4027 si
222 3990 248 4026 e
303 3981 412 4024 toto
456 3967 578 4021 orbe
621 3967 887 4036 diligenda
925 3967 1160 4019 venirent
1191 3973 1426 4018 monstra
1456 3965 1730 4018 hominum
1772 3965 2006 4033 conflata
2051 3981 2077 4019 e
2113 3967 2462 4034 contentione,
2506 3970 2826 4037 pervicacia,
2864 3971 3261 4039 maledicentia,
3287 3983 3465 4048 suspi-

147 4070 304 4130 cione,
338 4064 592 4128 avaritia,
618 4064 798 4122 livore.
828 4062 1094 4130 superbia,
1129 4061 1371 4126 lascivia,
1418 4078 1482 4116 ea:
1517 4061 1707 4116 horum
1758 4064 2092 4132 potissimum
2117 4066 2302 4120 ordine
2351 4075 2520 4121 essent
2563 4071 2857 4137 promenda
2895 4087 2959 4125 ac
3004 4074 3367 4142 producenda.
3415 4078 3460 4134 (l

149 4163 340 4215 trram!
368 4159 414 4214 0
439 4159 643 4211 mores!
669 4155 727 4210 Si
760 4157 898 4209 enim
929 4155 1051 4209 huic
1087 4166 1263 4209 nostro
1291 4155 1421 4224 ﬁdes
1446 4195 1458 4216 .
1494 4164 1706 4210 tantum
1739 4157 1882 4212 inter
1913 4159 2254 4215 sacerdotem
2291 4170 2345 4216 et
2374 4163 2676 4231 quemlibet
2703 4165 2938 4235 probum
2970 4169 3152 4224 virum
3184 4170 3458 4228 interesse

145 4259 319 4320 debet,
343 4264 609 4326 quantum
640 4253 783 4306 inter
819 4253 1016 4308 cmlum
1045 4262 1100 4307 et
1134 4261 1334 4307 terram
1367 4253 1703 4310 discriminis
1746 4263 1850 4318 est.
1892 4257 2049 4326 plura
2082 4275 2351 4326 possemus
2386 4274 2482 4326 pro
2532 4259 2672 4325 isto;
2711 4262 2803 4314 sed
2847 4279 2912 4316 ea:
2951 4281 3302 4334 supervacuo,
3327 4267 3458 4322 mu-

143 4356 386 4408 strissirne
411 4351 672 4420 princeps,
708 4347 841 4400 adeo
887 4347 1072 4400 statim
1097 4349 1355 4416 optimum
1384 4365 1558 4403 senem
1589 4359 1816 4418 utraque
1863 4350 2108 4404 invasisti
2135 4367 2321 4416 manu,
2355 4367 2420 4404 ac
2458 4352 2595 4406 serio
2628 4353 2914 4422 polliceris,
2943 4357 3032 4410 ubi
3081 4370 3243 4414 celate
3289 4363 3457 4432 fueris

144 4453 384 4512 adultior,
421 4447 726 4500 habiturum
756 4445 807 4496 in
833 4444 1127 4497 amicorum
1151 4445 1358 4498 cohorte
1385 4446 1559 4514 prima
1585 4446 1838 4514 primum,
1871 4447 2106 4518 nihilque
2140 4464 2245 4502 non
2274 4446 2340 4501 de
2370 4447 2486 4518 ejus
2513 4451 2776 4504 sententia
2805 4452 3077 4519 facturum
3103 4458 3311 4528 publice
3339 4463 3455 4530 pri-

142 4548 420 4612 ratimquc.
460 4539 635 4594 Macte
661 4541 758 4592 hac
785 4537 977 4603 indole,
1013 4541 1109 4591 hoc
1137 4551 1424 4608 proposito.
1459 4541 1709 4594 maxima:
1737 4541 2146 4609 exspectationis
2179 4543 2452 4611 princeps,
2483 4552 2655 4597 certus
2700 4544 2756 4598 id
2784 4545 2958 4615 ipsum
2984 4564 3321 4605 accessurum
3349 4571 3455 4608 non

143 4641 298 4692 solum
331 4636 628 4692 incredibili
658 4635 879 4706 familiae
903 4633 1174 4689 Palatina:
1204 4637 1548 4702 incremento,
1573 4649 1621 4692 et
1652 4654 1860 4691 summo
1892 4636 2015 4706 Opt.
2057 4641 2209 4694 Mam.
2255 4650 2542 4709 parentum
2571 4641 2768 4711 gaudio
2788 4682 2802 4706 ,
2834 4645 2928 4696 sed
2953 4653 3002 4698 et
3041 4646 3454 4718 incomparabili

141 4733 434 4816 reipublicae
460 4731 779 4786 Christianae
802 4731 954 4796 bono,
997 4739 1190 4800 tuoque
1219 4731 1405 4784 honori
1446 4750 1510 4785 ac
1540 4732 1724 4805 glorice
1763 4735 2121 4802 sempiternce.
2153 4732 2282 4799 Quce
2319 4742 2376 4788 ut
2424 4735 2564 4789 brevi
2599 4738 2959 4808 consequaris,
2990 4755 3300 4810 supremum
3330 4742 3448 4796 Nu-

141 4848 246 4883 men
272 4829 535 4897 supplices
563 4843 895 4894 veneramur,
926 4827 1218 4882 clementia:
1247 4845 1357 4882 sua:
1387 4828 1489 4882 alis
1520 4839 1567 4883 te
1596 4841 1868 4900 verpetuo,
1899 4847 1990 4884 ceu
2027 4831 2328 4886 Germanice
2368 4832 2530 4886 totius
2551 4832 2802 4886 delicium
2835 4842 2882 4887 et
2903 4851 3110 4889 amores
3166 4853 3324 4904 porro
3354 4838 3448 4890 ob-

141 4925 375 4976 umbrare
405 4923 667 4993 dignetur.

343 5016 620 5072 Neostadii
651 5030 765 5070 χχιι
800 5014 1096 5079 Februarii,
1123 5019 1259 5073 veris
1284 5019 1449 5090 ipsius
1481 5021 1565 5075 die
1591 5021 1874 5090 auspicali.

2055 5117 2334 5172 Illustriss.
2365 5118 2559 5174 Vestra:
2583 5121 2890 5176 Clementiw
2916 5126 3190 5179 addictiss.

2235 5209 2618 5269 COMMELINIANI
2651 5225 2706 5271 et
2731 5208 3046 5271 Bosurtml'.

144 5413 3428 5442 ___._________________________________—

143 5544 694 5606 lli-.rcrendissimis
732 5541 1019 5603 Patribus
1067 5543 1139 5604 P.
1182 5539 1446 5601 Andreae
1500 5541 1823 5611 Scno'rro,
1884 5547 1946 5603 et
2005 5542 2073 5602 P.
2126 5541 2466 5606 Ileriberto
2502 5547 2868 5623 Roswemo,
2914 5549 3233 5613 societatis
3286 5554 3437 5613 Jcsu

965 5643 1351 5724 presbyteris
1385 5643 1450 5703 in
1486 5641 1758 5722 collegio
1793 5645 2265 5724 Antwcrpiano,
2295 5648 2356 5707 S.
2405 5649 2472 5707 P.
2508 5649 2578 5708 D.

201 5810 351 5867 Redit
383 5814 447 5867 ad
478 5825 548 5876 te,
578 5813 739 5868 Pater
763 5811 1013 5877 Scholte,
1038 5811 1282 5866 Isidorus
1319 5821 1443 5865 tuus
1475 5820 1599 5881 post
1643 5811 1784 5865 bene
1830 5811 2047 5882 longam
2093 5812 2499 5882 captivitatem,
2536 5815 2589 5868 in
2622 5830 2729 5886 qua
2760 5832 2886 5873 eum
2918 5833 3104 5873 carcer
3141 5818 3263 5874 Jani
3298 5821 3436 5876 Gru-

139 5911 433 5974 teri,reluti
465 5909 808 5982 umncipium
843 5908 1136 5978 quoddam,
1171 5926 1294 5965 cum
1332 5910 1451 5963 aliis
1482 5909 1534 5962 id
1567 5925 1740 5978 genus
1771 5909 2013 5964 liberalis
2060 5916 2204 5964 110ῑὶῐῖ
2231 5912 2626 5980 monumentis,
2663 5922 2861 5982 praeter
2900 5923 3082 5970 votum
3119 5926 3270 5973 tuum
3303 5916 3434 5971 liac-
