4150 6448
756 399 852 465 tit
1863 396 2420 459 PROLEGOMEN’A
2458 396 2654 456 EDlT.
2698 397 2940 456 PARIS.
3894 395 3982 456 ne

754 523 912 570 tenus
947 515 1267 570 detinuerat.
1315 515 1509 570 Verum
1540 503 1807 570 Sum-idus
1836 514 2078 569 Sixtinus
2109 512 2707 576 Ambstclrodamensis,
2742 515 2831 583 qui
2869 513 3126 582 optimam
3161 513 3475 568 Cruterana:
3509 506 3850 563 bibliotheca:
3873 518 3983 570 par-

749 615 860 662 tem
898 609 952 662 in
990 623 1144 664 usum
1176 623 1239 662 ac
1266 609 1663 684 possessionem
1687 622 1839 661 suam
1874 607 2097 676 redegit,
2127 621 2235 658 non
2271 614 2352 658 est
2385 621 2578 674 passus
2605 616 2710 659 tam
2748 615 3014 667 sanctum,
3047 615 3152 659 tam
3182 606 3351 673 pium,
3392 615 3496 658 tam
3525 601 3846 668 sapientem,
3884 604 3982 648 tam

747 702 1009 760 disertum
1037 685 1359 772 scriptorem
1388 703 1591 762 diutius
1624 702 1676 755 in
1709 703 1880 756 istlioc
1910 702 2197 756 tenebroso
2227 714 2440 755 carcere
2469 702 2815 759 delitcs:-cre;
2867 702 2962 755 sed
2991 702 3115 755 inde
3145 710 3443 755 extractum
3477 695 3682 752 liberali
3719 707 3880 746 manu
3908 704 3983 744 as-

748 790 939 856 seruit,
961 790 1213 860 baudque
1246 778 1501 861 gravatim
1529 789 1834 852 consensit,
1881 799 1939 843 ut
1973 789 2026 844 in
2062 789 2177 843 dias
2222 788 2444 844 luminis
2485 805 2627 853 oras,
2661 800 2752 844 tuo
2790 791 3018 845 vestitus
3067 807 3130 846 ac
3159 791 3451 861 splendens
3479 795 3696 850 ornatu,
3731 799 3759 837 a
3787 780 3985 835 Fitzeto

748 893 938 940 nostro
965 886 1373 955 produceretur,
1403 893 1458 938 et
1482 885 1585 941 hoc
1615 895 1770 956 pacto
1793 884 1845 937 in
1879 883 2179 938 libertatem
2209 899 2360 937 suam
2393 885 2699 939 restitutum
2731 887 2807 939 ire
2833 887 3052 956 jnberct
3081 902 3189 956 quo
3211 886 3400 941 vellet.
3433 883 3548 950 Qua
3581 884 3634 936 in
3686 895 3744 935 re
3797 887 3853 932 et
3897 875 3981 929 tibi

749 986 810 1030 ut
833 975 1223 1047 gratiﬁcaretur
1245 975 1461 1046 sategit,
1489 984 1547 1030 et
1568 973 1745 1038 simul,
1778 989 1846 1029 ne
1878 983 1983 1028 tam
2023 974 2276 1044 przeclara
2305 989 2464 1044 opera
2494 977 2699 1030 auctori
2734 993 2832 1032 suo
2875 979 3168 1048 deperiret,
3196 991 3500 1047 prmeavere
3526 974 3712 1028 voluit.
3747 971 3890 1025 Sane
3933 975 3985 1019 ut

746 1069 892 1123 bono
918 1068 1237 1123 Christiana
1267 1067 1592 1138 reipublicae,
1637 1068 1726 1123 eui
1774 1067 2014 1138 juvando
2062 1067 2553 1138 promovendoque,
2602 1070 2652 1123 in
2709 1071 3032 1127 exulceratis
3068 1070 3350 1125 hominum
3384 1066 3742 1137 quorumdam
3774 1058 3985 1132 judieiis

745 1163 1104 1230 persanandis
1145 1171 1203 1218 et
1235 1162 1364 1217 feris
1398 1161 1640 1217 moribus
1689 1161 2015 1232 mitigandis,
2049 1162 2206 1216 unice
2251 1162 2427 1216 facere
2485 1163 2572 1217 hic
2626 1164 2858 1234 scriptor
2885 1176 2941 1220 et
2984 1173 3163 1236 potest
3195 1171 3249 1216 et
3287 1161 3470 1225 debet,
3503 1157 3586 1211 vel
3621 1158 3719 1210 hac
3752 1156 3806 1208 in
3835 1158 3985 1220 Ρεπίθ

745 1254 1055 1307 consultum
1082 1253 1197 1308 ivit.
1227 1253 1412 1323 Neque
1447 1267 1548 1324 ego
1597 1253 1815 1308 interim
1845 1251 2020 1307 officio
2067 1266 2192 1306 meo
2226 1251 2391 1315 defui,
2427 1253 2630 1307 veritus
2658 1269 2724 1308 ne
2759 1265 2852 1310 aut
2884 1239 3317 1324 manuscriptuin
3349 1252 3401 1304 in
3443 1249 3759 1304 aemulorum
3796 1255 3987 1298 manus

746 1346 959 1401 invidas
984 1345 1280 1411 devcniret,
1310 1351 1403 1400 aut
1431 1361 1518 1401 res
1549 1361 1760 1400 rursum
1790 1343 2182 1415 procrastinata
2229 1359 2427 1398 novum
2461 1344 2512 1398 in
2561 1345 2860 1414 periculum
2912 1362 2976 1401 ex
3036 1355 3342 1400 transverso
3388 1341 3673 1396 incideret.
3702 1336 3816 1390 Non
3868 1347 3985 1386 sum

746 1445 983 1509 ignarus,
1025 1437 1118 1492 sed
1160 1437 1307 1492 domi
1338 1437 1531 1492 doctus
1571 1444 1786 1506 meopte
1819 1435 2065 1504 exemplo
2097 1435 2282 1502 didici,
2325 1445 2540 1506 quanta:
2568 1436 2722 1490 molis
2769 1438 2838 1492 sit
2887 1439 3046 1491 talem
3081 1446 3294 1508 partum
3327 1433 3666 1504 progignere,
3718 1434 3985 1497 quantave

745 1529 944 1584 dividia
975 1537 1211 1582 mentem
1239 1533 1449 1597 premat
1478 1535 1532 1580 et
1568 1524 1819 1580 conficiat
1844 1524 1914 1578 ob
1947 1523 2256 1592 deperditas
2299 1524 2436 1579 forte
2473 1533 2565 1578 aut
2608 1524 2988 1580 manticulatas
3028 1525 3332 1597 vigiliarum
3384 1531 3694 1575 nostrarum
3729 1514 3983 1570 lncubra»

748 1620 943 1672 tiones.
973 1615 1081 1671 Nec
1107 1616 1296 1671 dubito
1346 1615 1474 1689 quin
1529 1614 1684 1684 plura
1730 1613 1781 1667 id
1831 1627 2000 1684 genus
2050 1621 2399 1667 monumenta
2429 1627 2596 1682 penes
2627 1622 2679 1667 te
2704 1621 2940 1681 exstent,
2973 1614 3058 1668 vel
3100 1615 3196 1669 abs
3242 1624 3294 1669 te
3330 1613 3448 1683 ipso
3488 1611 3682 1665 aﬂecta
3725 1619 3780 1662 et
3807 1605 3986 1676 profe-

749 1719 832 1764 cta
857 1751 874 1774 ,
907 1709 990 1764 vel
1022 1709 1090 1763 ab
1119 1708 1306 1762 amicis
1348 1717 1450 1762 tua:
1476 1706 1598 1760 fidei
1648 1705 2022 1760 commendata
2049 1745 2064 1768 ,
2099 1720 2217 1774 qua:
2249 1706 2435 1774 cupias
2471 1720 2593 1758 eum
2634 1704 2917 1759 industriis
2955 1715 3006 1761 et
3052 1706 3285 1761 assiduis
3329 1703 3636 1773 bibliopolis
3682 1697 3988 1755 communi«

747 1816 892 1856 care.
922 1801 997 1856 Ad
1042 1815 1162 1855 eam
1199 1815 1310 1854 rem
1355 1798 1398 1853 si
1449 1799 1542 1853 tibi
1589 1812 1750 1866 opera
1778 1812 1894 1853 mea
1937 1797 2086 1851 utilis
2111 1807 2165 1851 et
2205 1797 2443 1867 proficua
2477 1812 2597 1852 esse
2626 1798 2842 1868 poterit,
2881 1798 3179 1864 mandabis,
3209 1798 3337 1868 quid
3365 1797 3481 1853 fieri
3512 1797 3664 1860 velis,
3697 1806 3750 1850 et
3783 1794 3985 1849 factum

751 1902 959 1964 putato.

815 1987 897 2043 Ad
933 1997 985 2042 te
1013 2001 1247 2056 quoque,
1278 1985 1436 2041 Pater
1466 1984 1782 2056 Rosweydc,
1810 2001 1916 2039 non
1950 2000 2128 2039 minus
2164 1985 2370 2039 curatio
2412 1986 2575 2056 hujus
2600 1986 2929 2041 sanctissimi
2979 1985 3155 2040 Patris
3192 1986 3379 2042 Isidori
3410 1995 3657 2055 spectare
3691 1985 3850 2040 debet
3881 2026 3894 2044 ,
3930 1994 3987 2035 ut

747 2098 907 2150 quem
937 2081 1096 2137 Pater
1125 2079 1384 2136 Schottus
1417 2081 1648 2152 eleganti
1679 2079 1975 2150 festivoquc
2016 2081 2290 2134 schemate
2318 2088 2427 2134 tam
2469 2079 2761 2135 liberaliter
2787 2080 3091 2136 honestavit
3113 2123 3126 2146 ,
3161 2081 3209 2136 ei
3240 2089 3296 2135 tu
3327 2081 3486 2135 vitam
3521 2079 3690 2148 ipsam
3721 2078 3986 2132 rcdonare

731 2192 854 2230 non
887 2177 1229 2247 neglecturus
1257 2176 1332 2229 sis
1363 2175 1417 2228 in
1445 2175 1548 2228 illis
1573 2175 1640 2228 de
1681 2174 1994 2229 Sanctorum
2038 2175 2270 2228 historiis
2316 2176 2830 2230 commentariorum
2865 2176 3038 2230 libris.
3068 2176 3142 2230 lta
3168 2191 3294 2245 spes
3326 2191 3425 2230 nos
3447 2175 3587 2229 bona
3623 2175 3787 2235 fovet,
3817 2189 3982 2242 quam

735 2272 815 2327 de
846 2282 897 2327 te
919 2285 1108 2326 omnes
1129 2271 1327 2326 eruditi
1352 2278 1406 2324 et
1437 2272 1696 2325 bonarum
1722 2270 2022 2325 litterarum
2063 2271 2288 2326 studiosi
2331 2280 2714 2341 conceperunt.
2753 2269 2942 2340 Neque
2976 2286 3075 2325 nos
3105 2270 3222 2330 falli
3244 2281 3337 2324 aut
3365 2286 3458 2340 spe
3486 2279 3672 2324 nostra
3701 2269 3810 2336 jam
3833 2267 3988 2322 diur—

743 2373 908 2420 nante
936 2363 1182 2419 frustrari
1211 2362 1453 2433 patieris,
1482 2363 1524 2418 si
1573 2363 1872 2433 ingenuum
1892 2362 2167 2438 ingenium
2202 2372 2350 2416 tuum
2387 2371 2530 2417 recte
2560 2365 2829 2426 novimus,
2866 2370 2922 2417 et
2949 2371 3393 2433 perseverantem
3425 2362 3589 2415 animi
3628 2361 3988 2420 voluntatem,

745 2471 907 2528 quam
940 2454 1216 2525 sapientes
1235 2455 1599 2509 constantiam
1631 2453 1685 2506 in
1710 2453 1989 2522 promissis
2018 2454 2318 2524 appellant,
2353 2453 2453 2508 rite
2480 2454 2873 2524 perspeximus.

816 2550 950 2604 Cum
977 2565 1106 2619 ergo
1135 2556 1424 2616 utrumque
1447 2555 1690 2602 vestrum
1726 2546 1990 2602 Pelusiota
2028 2558 2225 2611 vester,
2273 2548 2382 2602 imo
2412 2565 2473 2602 ex
2508 2559 2661 2618 parte
2685 2557 2740 2602 et
2769 2557 2973 2612 noster,
3007 2555 3187 2619 tangat
3213 2589 3226 2610 ,
3258 2555 3403 2602 recte
3441 2556 3603 2616 atque
3633 2546 3820 2600 ordine
3853 2547 3988 2599 mihi

743 2640 990 2696 facturus
1013 2639 1258 2701 videbar,
1287 2638 1333 2693 si
1369 2653 1494 2693 eum
1524 2638 1592 2693 ad
1621 2646 1915 2707 utrumque
1945 2639 2146 2708 pariter
2173 2639 2524 2702 destinarem,
2555 2640 2647 2708 qui
2677 2655 2862 2693 aurem
2893 2639 3048 2693 vobis
3085 2639 3326 2702 velleret,
3365 2649 3420 2693 ut
3454 2639 3762 2708 conjunctis
3792 2639 3991 2706 opibus

744 2745 910 2807 atque
949 2735 1232 2790 industriis
1271 2734 1535 2804 integram
1565 2733 1852 2802 aliquando
1875 2742 1929 2787 et
1957 2733 2210 2788 omnibus
2237 2734 2480 2788 numeris
2512 2734 2812 2788 absolutam
2847 2733 3036 2788 lsidori
3069 2748 3294 2802 operum
3321 2733 3616 2787 editionem
3648 2733 3995 2786 adornaretis

745 2841 803 2887 et
831 2829 1210 2902 procuraretis.
1242 2827 1599 2900 Dignissimus
1625 2842 1754 2883 sane
1785 2829 2034 2897 scriptor,
2069 2829 2124 2881 in
2154 2843 2261 2896 quo
2294 2843 2514 2897 Operam
2571 2829 2711 2882 hanc
2761 2836 3013 2882 cunctam
3044 2828 3403 2890 collocarctis,
3436 2827 3519 2881 vel
3553 2827 3769 2897 egregio
3805 2825 3992 2894 τοῖν-ν·-

734 2920 922 2986 blicae,
953 2922 1013 2975 in
1042 2935 1147 2990 qua
1177 2927 1232 2974 et
1263 2919 1364 2973 sub
1413 2933 1518 2988 qua
1557 2919 1726 2975 vitam
1771 2932 2112 2972 communem
2154 2916 2358 2987 degunt
2384 2917 2622 2989 religiosi
2661 2931 2784 2972 eum
2815 2917 3080 2986 profanis,
3131 2918 3385 2972 catholici
3435 2932 3558 2971 cum
3592 2917 3989 2972 scliismaticis.

743 3010 872 3066 boni
904 3016 1026 3064 eum
1052 3007 1234 3062 malis.
1268 3006 1453 3075 Neque
1472 3007 1618 3060 enim
1652 3006 1995 3061 sanctissimo
2016 3006 2145 3061 huic
2175 3004 2318 3060 Patri
2358 3007 2581 3071 Isidoro,
2620 3007 2705 3060 vel
2727 3007 2985 3078 magistro
3019 3009 3136 3077 ejus
3178 3007 3238 3061 B.
3269 3010 3672 3079 tibrysostomo,
3706 3015 3793 3059 aut
3825 3016 3991 3059 crete-

743 3103 820 3158 ris
844 3102 963 3171 ejus
981 3101 1078 3155 aevi
1100 3099 1301 3155 sanctis
1327 3107 1380 3153 et
1398 3098 1679 3154 catholicis
1706 3098 1974 3164 Patribus,
2011 3097 2203 3154 Basilio
2228 3099 2438 3170 Magno,
2459 3099 2718 3168 Gregorio
2752 3098 3117 3165 Nazianzeno,
3152 3098 3409 3161 Ctesario,
3446 3109 3576 3160 ete.,
3615 3114 3732 3152 mos
3768 3097 3854 3150 ille
3881 3112 3996 3166 quo

752 3208 901 3248 nunc
917 3193 1078 3264 vulgo
1101 3194 1300 3248 vivitur
1322 3194 1568 3265 cognitus
1587 3200 1722 3256 erat,
1755 3199 1810 3246 at
1831 3191 2080 3246 homines
2114 3206 2286 3261 aeque,
2317 3206 2380 3245 ac
2404 3191 2519 3260 ipsa
2550 3190 2702 3254 vitia,
2730 3191 3034 3246 odissemus
3063 3199 3116 3247 et
3150 3192 3467 3245 vitaremus.
3493 3191 3694 3245 Contra
3729 3205 3788 3244 ea
3812 3189 3992 3244 sancti

746 3284 822 3339 illi
856 3281 1185 3340 Patres’vitia
1208 3285 1490 3340 hominum
1513 3283 1697 3356 fugere
1732 3298 1796 3338 ac
1823 3283 2079 3338 detestari
2105 3298 2207 3337 nos
2233 3283 2515 3353 jubebant.
2541 3295 2653 3335 non
2682 3282 3096 3352 hominesipsos
3117 3284 3210 3338 Dei
3246 3284 3532 3353 imaginem
3561 3293 3828 3352 gerentes,
3849 3296 3995 3349 quos

745 3376 1008 3431 Dominus
1031 3385 1218 3433 noster
1245 3378 1403 3434 Jesus
1424 3377 1675 3433 Christus
1707 3377 1983 3447 proximos
2013 3386 2228 3433 nostros
2253 3393 2372 3434 esse
2404 3379 2607 3440 docuit,
2641 3386 2695 3432 et
2721 3378 2943 3448 diligere
2975 3380 3250 3448 pramepit.
3280 3380 3384 3432 Sed
3417 3379 3531 3432 haec
3563 3387 3643 3432 est
3668 3377 3849 3431 saeculi
3891 3393 3996 3428 nn-

746 3466 843 3521 stri
873 3467 1013 3521 haud
1056 3469 1170 3522 scio
1198 3468 1502 3533 infelicitas,
1538 3468 1733 3531 dicam,
1767 3482 1834 3522 an
1861 3467 2112 3532 fatalitas,
2144 3483 2211 3522 an
2240 3470 2419 3537 potius
2451 3469 2781 3533 immanitas,
2816 3485 2976 3537 quam
3010 3478 3289 3538 tantopere
3329 3469 3601 3538 quondam
3636 3467 3995 3522 illustrissimi

739 3557 1046 3614 cardinales
1064 3559 1375 3614 Bembus-et
1397 3559 1681 3614 Sadoletus
1709 3557 2078 3627 deplorabant.
2116 3557 2286 3612 Dicite
2315 3559 2480 3622 mihi,
2504 3559 2597 3612 sed
2623 3569 2800 3613 vestra
2834 3559 2970 3621 title,
3010 3559 3050 3613 si
3095 3558 3250 3612 istam
3301 3573 3512 3611 morum
3562 3559 3889 3626 rigiditatem
3937 3559 3993 3609 in

744 3647 1115 3714 expungendis
1144 3647 1577 3701 dissentientium
1625 3645 1936 3699 nominibus
1982 3661 2092 3700 non
2134 3648 2293 3702 modo
2323 3663 2387 3701 ex
2419 3647 2689 3717 diptychis
2731 3645 3003 3713 Ecclesiae,
3037 3663 3226 3702 verum
3260 3663 3325 3702 ex
3374 3650 3493 3716 ipso
3532 3650 3695 3702 etiam
3737 3647 3862 3701 albo
3890 3653 3998 3719 τῆς

747 3733 854 3800 ιεω
885 3737 1062 3805 φιλίας
1085 3740 1181 3793 καὶ
1202 3739 1418 3810 ὁμιλίας
1447 3737 1824 3793 indifferenter
1857 3738 2206 3793 admittemus
2226 3778 2240 3802 ,
2267 3756 2386 3794 nun

2359 3755 2548 3810 aquam
2575 3739 2661 3794 vel
2707 3739 3168 3794 sanctissiinorum
3219 3739 3438 3794 Patrum
3474 3749 3744 3794 exsortem
3773 3739 3842 3793 ab
3891 3740 3998 3794 hac

746 3826 949 3883 invidia
980 3830 1395 3899 prastabimus?
1443 3830 1559 3885 Non
1592 3839 1738 3886 certe
1768 3845 1862 3886 vos
1897 3830 2061 3884 istum
2098 3831 2272 3900 ipsum
2328 3832 2590 3886 lsidorum
2619 3841 2861 3887 vestrum
2883 3874 2897 3898 ,
2930 3847 3039 3886 non
3096 3835 3214 3902 ejus
3265 3832 3576 3900 magistrum
3626 3831 3683 3885 Β.
3721 3831 3998 3887 Joannem

743 3920 1193 3992 Cbrysostomum
1215 3962 1230 3986 ,
1262 3939 1371 3979 non
1401 3924 1656 3993 Magnum
1697 3921 1950 3977 Basilium
1975 3963 1989 3986 ,
2014 3937 2126 3976 non
2153 3923 2615 3994 Thaumaturgum
2674 3925 3095 3988 Nazianzenum,
3133 3940 3241 3977 non
3274 3923 3605 3995 Tlieologum
3661 3925 3998 3994 Nyssenum,

757 4031 867 4070 non
903 4013 1150 4084 Ephraem
1177 4014 1627 4078 Theodidactum,
1649 4028 1759 4068 non
1792 4013 2094 4084 Synesium,
2120 4029 2230 4068 non
2273 4014 2655 4086 Epiphanium,
2681 4016 3105 4082 Theodoretum,
3153 4033 3260 4071 non
3297 4018 3463 4070 ullum
3520 4018 3638 4086 ejus
3667 4017 3844 4072 astatis
3878 4031 3997 4072 tra-

745 4115 1014 4162 etatorem
1063 4117 1312 4162 sanctum
1355 4108 1424 4161 ab
1473 4105 1688 4177 injuria;
1734 4105 1899 4175 hujus
1938 4121 2079 4161 nexu
2124 4106 2416 4163 defendere
2445 4110 2576 4163 mihi
2609 4125 2848 4178 unquam
2881 4110 3153 4179 poteritis,
3186 4120 3280 4162 aut
3311 4110 3366 4161 in
3403 4120 3516 4162 ttth
3547 4110 3834 4165 collocare.
3877 4109 3996 4166 Viri

748 4200 957 4256 cordati
1000 4201 1188 4255 beatos
1231 4216 1328 4256 vos
1369 4215 1489 4255 esse
1529 4201 1846 4270 praedicant,
1894 4200 2091 4269 quibus
2137 4201 2319 4255 datum
2355 4212 2517 4271 atque
2560 4207 2880 4257 concessum
2913 4203 3045 4256 site
3080 4213 3185 4254 tam
3218 4202 3387 4272 rigido
3424 4217 3633 4267 eorum,
3675 4218 3812 4271 quos
3851 4203 3995 4265 dixi,

749 4288 1003 4345 instituto
1045 4289 1276 4343 seorsim
1313 4289 1537 4343 sentire.
1587 4286 1676 4343 Sic
1719 4289 1863 4342 enim
1908 4289 2138 4342 alienam
2180 4290 2514 4361 religionem,
2547 4299 2601 4344 et
2627 4292 2896 4344 humanos
2930 4291 3240 4346 mortalium
3286 4293 3446 4345 laesus
3497 4293 3620 4346 odio
3664 4294 3901 4355 habetis,
3939 4307 4006 4348 ut

752 4387 936 4434 tamen
967 4380 1123 4435 dotes
1151 4380 1490 4449 ingeniorum
1523 4380 1915 4443 humanorum,
1937 4395 2136 4449 easque
2167 4392 2329 4448 artes,
2366 4399 2498 4452 quas
2521 4385 2600 4438 eis
2619 4384 2852 4453 praebuit
2881 4383 3119 4438 Phcebus
3145 4386 3356 4454 Apollo,
3391 4395 3448 4438 ut
3478 4385 3776 4439 llomericis
3807 4389 4007 4442 verbis

749 4472 1067 4540 exprimam,
1101 4455 1363 4525 a-stimare
1390 4483 1440 4523 et
1469 4471 1722 4525 admirari
1755 4470 2072 4524 didiceritis.
2105 4469 2274 4526 Macte
2305 4473 2405 4526 hac
2439 4474 2641 4528 virtute
2662 4514 2674 4533 ,
2717 4490 2751 4527 ο
2787 4475 3084 4529 venerandi
3125 4476 3369 4528 seniores
3393 4514 3406 4535 ,
3436 4492 3540 4544 qua
3577 4475 3630 4528 in
3665 4476 3795 4529 orbe
3825 4479 4003 4533 Chri-

750 4560 928 4615 stiano
977 4557 1196 4612 nomina
1227 4566 1408 4613 vestra
1457 4558 1776 4628 prieclivent
1807 4571 1871 4611 ac
1917 4558 2283 4614 celebrantur.
2323 4559 2488 4616 Vobis
2515 4565 2613 4633 ipsi
2645 4565 2808 4618 etiam
2857 4565 3152 4619 adversarii
3201 4566 3722 4633 hancjustissimam
3773 4568 4006 4625 laudem

750 4652 894 4706 veris
923 4650 1143 4704 calculis
1181 4648 1475 4718 assignant,
1503 4647 1647 4716 quod
1693 4647 1814 4717 plus
1856 4648 2228 4704 moderatione
2261 4661 2436 4706 vestra
2476 4655 2618 4722 apud
2650 4655 3038 4709 dissentientes
3066 4654 3375 4724 proficiatis,
3410 4673 3570 4725 quam
3600 4657 3693 4721 illi,
3723 4674 3859 4727 quos
3894 4666 4006 4717 mi-

752 4753 858 4793 nus
881 4739 1080 4792 dudum
1115 4737 1428 4800 memoravi,
1469 4753 1590 4791 cum
1618 4737 1871 4792 omnibus
1919 4740 2031 4793 suis
2066 4742 2289 4795 armatis
2322 4743 2492 4812 copiis
2523 4745 2586 4798 ad
2637 4746 2828 4816 rigoris
2857 4755 3036 4800 cotem
3067 4748 3352 4810 sanciatis,
3383 4748 3579 4815 quibus
3617 4751 3880 4819 sarpefieri
3917 4759 4007 4812 af-

752 4830 987 4891 firmant,
1014 4839 1072 4883 ut
1109 4828 1280 4895 magis
1305 4829 1619 4893 destruant,
1651 4845 1811 4900 quam
1841 4830 2127 4896 aedificent,
2155 4835 2353 4888 cadant
2377 4875 2389 4891 .
2415 4852 2576 4903 quam
2605 4838 2849 4891 vincant.
2878 4837 3064 4892 Valete
3087 4879 3100 4903 ,
3133 4848 3188 4893 et
3220 4839 3530 4893 comitatem
3566 4857 3772 4906 meam,
3823 4862 4007 4913 quam

753 4919 957 4974 Isidoro
976 4929 1154 4974 vestro
1187 4919 1471 4982 servando,
1498 4929 1553 4973 et
1579 4920 1731 4974 vobis
1757 4923 1810 4974 in
1843 4921 1946 4976 hoc
1971 4923 2243 4978 schemate
2276 4927 2716 4993 repiresentando
2747 4927 2979 4983 libenter
3009 4930 3267 4998 impendi,
3303 4931 3428 4986 boni
3460 4933 3756 5001 consulite;
3785 4941 4006 5006 majora

751 5029 782 5066 a
811 5028 895 5066 me
927 5012 1303 5081 prmstolaturi,
1335 5013 1378 5066 si
1400 5013 1550 5066 vobis
1577 5014 1816 5068 studium
1864 5024 2024 5082 atque
2069 5017 2301 5070 oflicimn
2338 5034 2518 5073 meum
2569 5020 2620 5072 in
2649 5020 2810 5075 rebus
2842 5022 3040 5076 vestris
3067 5023 3342 5078 litterariis
3369 5026 3639 5094 juvandis,
3675 5039 3728 5084 et
3766 5046 3865 5098 pro
3905 5050 4005 5101 ea,

751 5121 855 5175 qua
879 5106 1056 5159 valere
1089 5115 1246 5173 atque
1275 5119 1429 5174 posse
1459 5106 1757 5173 existimor,
1791 5109 2114 5163 auctoritate
2144 5111 2545 5177 promovendis.
2579 5113 2793 5180 placere
2826 5113 3160 5170 intellexero.

828 5199 1141 5253 Scribebam
1179 5198 1573 5255 Francofordiaa
1606 5216 1635 5253 a
1665 5201 1718 5254 d.
1748 5217 1832 5255 xv:
1862 5200 1978 5254 Kal.
2024 5201 2256 5255 Martiar.
2293 5204 2354 5255 Α.
2386 5203 2450 5259 C.
2483 5205 2542 5256 N.
2582 5225 2642 5257 oo
2681 5223 2908 5261 ιπιιιι.

777 5373 1212 5388 ~—.—..___.._._-__

2227 5390 2584 5400 Ἠ

2585 5396 2868 5403 ._____—._~_.
2887 5397 2938 5402 __
2955 5397 3246 5403 __.___._.

1552 5499 2053 5558 TYPOGRAPIIUS
2103 5505 2437 5570 ,ιΝτιρῑῑίΕ
2489 5509 2852 5568 EDITIONIS
2906 5515 3098 5570 LIBRI
3129 5519 3165 5571 ν

2163 5598 2457 5657 LECTORI
2503 5602 2558 5657 S.

825 5747 965 5805 Duos
992 5750 1192 5821 quidem
1223 5749 1445 5806 Isidoros
1479 5753 1602 5808 (om
1635 5757 2046 5826 temporibusque
2079 5759 2307 5828 dissitas,
2351 5768 2524 5831 patria
2554 5783 2753 5839 quoque
2790 5773 3032 5838 diversos,
3066 5776 3152 5827 sed
3179 5778 3525 5832 sanctimonia
3563 5780 3726 5836 socios
3757 5781 3996 5852 jam-lim
