4150 6436
798 409 898 473 155

856 519 921 573 19
951 513 1128 583 Turpe
1178 524 1392 567 manere
1443 508 1532 564 diu
1580 520 1805 577 peregre
1851 514 1955 567 est,
2004 516 2339 645 νιπςιιιιιῗηυθ

2053 588 2264 626 reveri.

2053 588 2264 626 reverti.

855 697 1022 747 Amici
1046 696 1213 760 patria
1250 695 1429 757 procul
1460 674 1565 746 rem
1593 687 1845 761 protelare
1892 688 2113 758 gerentis
2146 684 2343 736 deside-

780 770 912 818 rium
937 778 1078 817 tanto
1106 766 1316 832 facilius
1346 764 1534 832 fertur.

850 876 919 929 9.0
956 876 1217 931 Doctrina:
1248 876 1449 929 veritati
1484 873 1817 942 adjungenda
1850 880 1925 924 est
1954 868 2189 938 probitas
2218 868 2341 921 vitae

779 965 838 998 tu:
866 963 1089 1008 merum,
1121 951 1230 998 sine
1262 963 1361 1009 qtta
1392 945 1625 1012 illiaﬁdes
1656 944 1955 1012 derogatur.

847 1016 906 1067 ‘21
949 1015 1194 1088 Orationi
1216 1007 1317 1067 vita
1339 1007 1615 1088 de_bet'e_sse
1635 1028 1748 1088 par.
1778 1007 1925 1088 Nihil
1947 1007 2158 1088 facilius
2184 1023 2339 1088 quam

779 1086 877 1135 sibi
916 1087 1011 1138 iusi
1052 1088 1331 1151 imponere.
1380 1084 1445 1137 Se
1468 1086 1598 1136 scire
1643 1080 1866 1149 opinari,
1902 1080 2118 1145 impedit
2170 1080 2339 1140 scien-

779 1165 924 1206 tiam.
2082 1216 2107 1217 κν
2162 1204 2180 1217 ,

850 1222 916 1292 ξεν]
966 1221 1232 1292 Exemplo-
1257 1222 1475 1283 Christi,
1514 1220 1603 1288 qui
1637 1219 1789 1292 _ultro_
1829 1234 1882 1292 se
1926 1214 2219 1270 humiliatiit
2268 1231 2332 1267 ac

777 1290 1010 1343 submisit
1049 1288 1215 1355 Patri,
1238 1292 1497 1344 modestia
1525 1290 1730 1343 studere
1756 1288 2013 1340 debemus.

846 1357 916 1412 95
961 1358 1127 1410 Multa
1166 1354 1306 1414 noris
1347 1371 1564 1426 oportet,
1606 1367 1662 1411 ut
1688 1354 2255 1426 fallasrprocidentiam
2284 1361 2334 1403 et

778 1428 1276 1481 animadversionem
1328 1423 1584 1484 diuinam.
1632 1423 1793 1482 ιιύιιί
1836 1425 2082 1493 fugiendo
2138 1423 2330 1491 fatum,

780 1498 1037 1558 iu’ipsnm
1061 1499 1318 1552 incidunt.

846 1564 914 1617 2st
969 1563 1291 1619 Precationis
1338 1567 1625 1620 Dominicte
1665 1560 2329 1634 sapientissime__brevitas

776 1634 1067 1699 explicatur
1104 1647 1150 1687 et
1188 1639 1501 1689 ostenditur.
1538 1631 1808 1701 Quomodo
1840 1644 1886 1686 et
1922 1649 1954 1684 a
1981 1631 2165 1700 quibus
2198 1638 2332 1682 recte

778 1703 1047 1774 reticetur,
1087 1723 1118 1773 q
1152 1707 1337 1767 quibus
1360 1721 1646 1774 perperam.

848 1771 918 1825 25
958 1771 1246 1827 Precautes
1293 1771 1426 1829 alios
1452 1771 1642 1828 taxare
1676 1781 1731 1827 et
1763 1785 1984 1839 carpere
2027 1775 2327 1837 promptus.

1038 1842 1091 1896 In
1130 1844 1300 1909 culpis
1326 1846 1537 1897 veniam
1578 1843 1669 1896 dal
1712 1841 1811 1897 sibi
1847 1842 2071 1909 quisque
2099 1839 2227 1909 suis.

843 1909 912 1964 26
951 1910 1095 1964 Esau
1144 1906 1347 1967 inutilis
1393 1913 1690 1980 paenitentia
1733 1922 1843 1979 post
1867 1906 2095 1980 uenditor
2128 1906 2326 1960 Jacobo

776 1979 1400 2047 fratriprimogeniturte
1430 1984 1581 2050 jura,
1616 1998 1732 2050 qua:
1774 1980 1952 2032 virtuti
1990 1979 2159 2050 potius
2205 1984 2324 2027 tan-

777 2064 930 2120 quam
968 2053 1178 2120 prtemia
1208 2048 1473 2111 debentur.
1504 2048 1660 2120 quam
1688 2055 1817 2102 sorti
1846 2048 2109 2100 nascendi.

847 2118 913 2170 27
963 2118 1169 2173 Ethnici
1212 2122 1465 2187 sapientes
1512 2118 1637 2172 dum
1680 2124 1959 2171 extenuant
1998 2125 2045 2167 et
2088 2118 2325 2171 derident

773 2184 1128 2250 Christianam
1174 2184 1469 2256 religionem
1518 2203 1627 2256 pra.-
1671 2204 1791 2249 sua,
1847 2202 1947 2237 non
1991 2188 2323 2239 animadver-

771 2265 886 2307 tunt
928 2258 1064 2323 quod
1116 2261 1412 2324 semetipsos
1456 2257 1695 2327 refetlant
1747 2272 1808 2309 ac
1854 2256 2160 2327 deridendos
2202 2256 2325 2327 aliis

770 2330 1061 2393 propinent,
1088 2342 1235 2377 suam
1265 2324 1561 2396 religionem
1595 2335 1899 2389 evertentes,
1931 2335 1976 2378 et
2009 2324 2327 2379 Christiani-

768 2410 936 2447 smum
962 2396 1275 2448 extollentes.

840 2464 909 2517 28
951 2464 1198 2530 Ejusdem
1242 2480 1356 2519 cum
1403 2464 1668 2531 superiore
1700 2466 2009 2530 argumenti.
2038 2464 2325 2531 Scriptura:

840 2481 909 2517 zu
951 2481 1198 2530 ejusdem
1242 2481 1356 2519 cum
1403 2481 1463 2517 su
1501 2481 1668 2518 errore
1700 2481 2009 2530 argumenti.
2038 2481 2322 2531 acripturte

772 2549 938 2585 σαι-τω
969 2532 1187 2597 simplex
1214 2544 1258 2586 et
1284 2535 1429 2587 rudis
1455 2481 1530 2603 (iu
1554 2534 1869 2598 sapientibus
1892 2536 2070 2603 mundi
2100 2534 2322 2601 videtur)

771 2604 961 2654 raritas
999 2603 1252 2671 patentior
1282 2602 1480 2658 exsistit
1514 2604 1693 2671 quavis
1728 2603 1982 2669 sapientia
2012 2602 2242 2655 humana
2272 2610 2324 2655 et

768 2673 941 2722 Attica
971 2670 1278 2737 eloquentia.

837 2738 906 2792 29
954 2737 1149 2792 Christi
1191 2742 1400 2806 passio,
1452 2755 1584 2793 crux
1627 2748 1675 2793 et
1726 2755 1867 2794 mors
1915 2753 1977 2791 ac
2028 2740 2320 2809 sepulcrum

769 2819 1012 2876 quantam
1044 2811 1141 2859 vim
1168 2809 1427 2863 habuerit.

817 2877 907 2931 '30
943 2876 1202 2947 Dedivina
1221 2881 1264 2931 vi
1278 2890 1323 2931 et
1338 2879 1560 2947 efﬁcacia
1578 2878 1827 2947 praeconii
1840 2875 2126 2943 Evangelii,
2145 2893 2324 2945 quam-

769 2946 840 3016 ris
868 2946 1183 2999 calamistris
1205 2946 1423 3013 compta:
1441 2956 1489 3000 et
1519 2948 1766 3016 elegantis
1792 2948 2040 3016 orationis
2066 2948 2319 3001 destituti.

772 3015 1145 3068 Testimonium
1178 3015 1427 3069 laudatur
1460 3014 1700 3069 Platonis
1731 3027 1776 3069 et
1811 3014 2048 3066 Homeri.

838 3085 899 3137 5|
946 3083 1210 3155 Refutatio
1231 3087 1421 3138 ethnici
1447 3087 1669 3138 hominis
1692 3100 1894 3138 crucem
1917 3082 2112 3137 Christi
2136 3085 2315 3155 exagi-

794 3156 929 3205 antis
975 3154 1165 3206 omissa
1216 3169 1278 3205 ac
1325 3165 1496 3222 spreta
1528 3157 1786 3208 mentione
1826 3154 2313 3207 resurrectionis'et

768 3225 1081 3275 ascensionis
1126 3222 1380 3292 ejusdem,
1418 3242 1533 3293 qua:
1564 3238 1732 3278 tamen
1759 3224 1940 3275 iisdem
1972 3225 2313 3277 monumentis

767 3293 1075 3358 euangelicis
1123 3294 1433 3347 continetur.
1488 3293 1590 3357 Qui
1632 3294 1868 3361 producit
1918 3294 2319 3345 instrumentunt

768 3376 860 3425 μό
894 3377 947 3413 se
976 3364 1027 3413 in
1062 3377 1163 3412 uno
1191 3364 1375 3429 capite,
1408 3366 1550 3417 debet
1580 3366 1714 3417 idem
1743 3363 1900 3414 etiam
1933 3362 1985 3415 in
2015 3362 2136 3415 aliis
2171 3364 2316 3429 capi-

768 3429 905 3500 tibus
940 3444 1206 3500 contraAse
1235 3437 1507 3487 admittere
1537 3441 1584 3485 et
1617 3447 1913 3500 agnoscere.

942 3498 1087 3571 Crux
1111 3496 1302 3571 Christi
1328 3503 1550 3567 fulcrum
1575 3514 1619 3556 et
1646 3496 1818 3571 fulgor
1841 3511 1912 3553 est
1938 3498 2051 3552 caeli
2073 3511 2120 3553 et
2143 3511 2317 3554 terrtv.

836 3570 903 3620 55
942 3568 1115 3621 δαί-ηε
1161 3566 1446 3635 Scriptura:
1504 3566 1953 3624 lectioni'deditus
1996 3573 2149 3622 etiam
2195 3572 2318 3625 cmlo

766 3639 975 3702 dignam
1009 3640 1161 3689 visam
1200 3655 1350 3705 agere
1382 3642 1550 3692 debet.

768 3726 775 3755 >
836 3708 904 3758 55
948 3706 1019 3758 De
1053 3709 1223 3774 pravis
1256 3710 1515 3761 sodalitiis
1543 3707 1783 3769 vitandis,
1823 3718 1877 3761 ut
1916 3722 2031 3776 qua:
2062 3707 2319 3775 pernicio-

755 3778 981 3850 sissima
1009 3780 1130 3828 sint.
1163 3776 1239 3828 De
1266 3779 1540 3850 interdicto
1576 3794 1689 3831 cum
1724 3779 1889 3830 brutis
1919 3780 2081 3850 coitu.

836 3846 902 3897 56
939 3844 1059 3898 Pas:
1103 3862 1203 3898 non
1234 3847 1398 3900 ubivis
1438 3864 1527 3900 nec
1569 3863 1660 3915 per
1691 3850 1864 3898 omnia
1909 3844 2167 3899 est'bona.
2212 3845 2315 3898 Pro

766 3918 975 3967 ueritate
1035 3930 1207 3983 pugna
1262 3932 1417 3985 quam
1468 3918 1583 3985 quis
1631 3919 1867 3983 suscipit,
1919 3918 2033 3983 paci
2088 3915 2317 3969 scelesta:

767 3985 939 4034 multis
974 3985 1182 4036 antistat
1219 3988 1402 4037 modis.

836 4053 900 4104 57
946 4051 1060 4104 Pax
1089 4063 1161 4105 est
1192 4053 1429 4116 colenda,
1459 4054 1581 4106 dum
1620 4054 1801 4116 pietati
1832 4054 1974 4106 haud
2000 4054 2171 4122 officit.

836 4124 903 4174 38
945 4122 1231 4183 Iracundia
1261 4123 1543 4175 cohibenda
1582 4123 1729 4191 freno
1769 4125 1987 4176 rationis
2024 4135 2069 4176 et
2099 4125 2319 4191 pruden-

766 4194 851 4243 tite
878 4207 894 4243 :
924 4194 1194 4259 omniaque
1222 4208 1337 4243 cum
1369 4194 1583 4247 consilio
1609 4194 1809 4260 agenda
1842 4203 1978 4247 sunt.

836 4262 905 4314 59
947 4261 1082 4323 Quia
1112 4262 1251 4332 dicta
1281 4263 1517 4329 factaque
1541 4263 1735 4313 indicta
1763 4262 2054 4331 infectaque
2080 4263 2197 4332 fieri
2227 4278 2307 4316 ne-

767 4341 992 4397 queunt,
1033 4331 1159 4380 nihil
1205 4334 1313 4381 sine
1348 4332 1539 4397 prwoia
1584 4333 1975 4394 deliberatione,
2025 4331 2099 4385 vel
2140 4335 2316 4386 dicen-

767 4402 908 4453 tium.
948 4398 1024 4451 vel
1050 4400 1305 4466 agendum
1342 4413 1435 4463 est,
1472 4416 1533 4451 ne
1566 4401 1759 4467 alioqui
1786 4403 2081 4466 paenitentia
2111 4403 2316 4467 impru-

766 4468 955 4521 dentia:
984 4479 1029 4520 et
1064 4470 1455 4533 pracipitantia:
1486 4470 1550 4521 sit
1585 4472 1879 4535 pedisequa.

836 4537 905 4589 40
946 4537 1241 4606 Salomonis
1286 4540 1403 4589 libri
1448 4542 1540 4606 hoc
1588 4539 1771 4590 ordine
1818 4540 2018 4606 legendi
2051 4549 2205 4603 sunt,
2259 4550 2311 4591 ut

768 4608 973 4659 initium
1003 4609 1095 4671 fiat
1123 4624 1153 4657 a
1189 4604 1502 4670 Proverbiis',
1538 4610 1654 4659 inde
1678 4609 1745 4657 ad
1777 4604 2144 4669 Ecclesiasten,
2178 4620 2223 4661 et
2252 4610 2314 4661 ab

770 4678 863 4726 hoc
898 4677 962 4725 ad
1011 4673 1291 4745 Canticum
1319 4678 1638 4728 canticorum
1676 4679 2003 4741 pro-cedatur.
2057 4674 2132 4729 ιη’
2160 4680 2317 4745 adyta

768 4754 1034 4811 penetrare
1074 4760 1174 4794 non
1210 4743 1375 4803 debet,
1412 4746 1496 4811 qui
1530 4746 1919 4796 nondum'alrii
1954 4762 2042 4797 seu
2078 4743 2315 4799 vestibuli

769 4827 1001 4879 ingressu
1024 4815 1208 4879 dignus
1227 4823 1321 4865 est.
1351 4812 1621 4865 Theoriam
1649 4815 1821 4881 praxis
1839 4819 2124 4880 praxcedere
2149 4816 2314 4869 debet.

840 4882 897 4933 41
957 4881 1117 4933 Varia
1144 4883 1408 4935 hominum
1444 4899 1633 4950 genera
1663 4886 2031 4950 eleentosynas,
2075 4901 2317 4939 exercen-

771 4953 897 5023 tium
926 4952 1123 5005 diverso
1147 4953 1266 5017 fine.
1295 4954 1513 5004 l’l'tL’SJJl
1536 4954 1719 5005 bonum
1749 4953 1939 5019 facere,
1966 4955 2201 5023 quamvis
2227 4971 2319 5023 per

771 5022 1120 5083 ambitionem,
1155 5036 1309 5088 quam
1342 5023 1394 5072 id
1423 5024 1576 5087 plane
1610 5022 2015 5087 piartermittere.

840 5090 908 5140 42
950 5089 1155 5141 Ebriosi
1181 5106 1321 5157 teque
1353 5107 1414 5150 ac
1450 5094 1685 5142 maledici
1716 5105 1757 5143 et
1792 5093 2016 5145 adulteri
2049 5104 2095 5147 et
2120 5104 2319 5147 scorta-

774 5168 905 5233 tores
935 5159 1276 5233 excludentur
1311 5177 1339 5210 a
1370 5175 1523 5233 regno
1550 5160 1813 5220 caelorum,
1847 5171 1971 5233 teste
2006 5165 2168 5217 Paulo
2196 5181 2321 5233 apo-

774 5229 926 5299 stolo,
952 5230 1179 5299 quamvis
1194 5230 1423 5299 diversis
1456 5230 1659 5281 interim
1690 5234 1848 5294 paenis
1876 5232 2151 5299 aﬁiciendi.

839 5245 926 5287 no,
951 5245 1179 5349 Zuamm
1206 5245 1423 5281 diversis
1456 5245 1659 5281 interim
1690 5247 1848 5294 pactus
1876 5245 2151 5299 amciendt.

839 5296 921 5370 43A
980 5300 1145 5349 ‘orvus
1174 5297 1453 5370 ἄστοργος,
1492 5299 1606 5350 licet
1640 5303 1766 5363 avis,
1803 5302 1971 5353 lilium
2004 5320 2217 5370 pascens
2244 5314 2322 5357 ta-

774 5367 871 5420 cite
906 5367 1071 5435 ipsum
1102 5370 1162 5419 de
1189 5369 1477 5435 mitiganda
1513 5370 1592 5421 ira
1622 5372 1913 5422 admonuit.

842 5436 912 5510 Η
953 5434 1179 5510 Quisque
1200 5452 1293 5510 sua
1308 5434 1491 5510 ponus
1520 5440 1701 5510 merito
1730 5457 1881 5507 quam
1910 5442 2165 5510 majorum
2192 5445 2322 5497 deli-

777 5517 856 5575 cta
880 5506 1165 5558 immeritus
1192 5505 1284 5556 luit
1304 5524 1320 5567 ;
1338 5506 1605 5575 ἅναπκευὴ
1638 5505 1821 5561 veteris
1848 5505 2061 5563 diverbii
2088 5513 2323 5568 Judaici.

779 5574 961 5647 Patres
988 5578 1320 5627 comederunt
1351 5594 1499 5629 uvam
1529 5574 1784 5642 acerbam,
1810 5592 1855 5631 et
1886 5582 2117 5647 filiorum
2149 5585 2324 5637 dentes

775 5646 1163 5713 obstupuerunt.

845 5714 912 5766 45
951 5714 1025 5767 De
1067 5712 1326 5766 Susanna:
1370 5714 1660 5767 innocentia
1704 5733 1733 5767 a
1768 5720 2011 5773 senilibus
2051 5723 2326 5782 calumniis

777 5784 1055 5852 vindicata,
1093 5794 1137 5837 et
1170 5798 1315 5853 pwna
1350 5785 1547 5844 iustiss.
1585 5788 1789 5839 senibus
1825 5791 2068 5858 irrogata.

1915 394 2473 456 PROLEGOMENA
2520 392 2720 452 EDlT.
2760 388 3000 449 PARIS.

3922 372 4031 442 156

2516 500 2592 553 ιθ
2763 496 2982 550 Christo
3008 492 3337 561 prOpinquos
3362 487 3523 544 eﬂicit

2764 567 2879 621 Non
2913 562 3188 633 sanguinis
3216 561 3489 633 cognatio,

2769 636 2871 689 Sed
2914 631 3147 701 Spiritus
3179 631 3431 701 imitatio,

2762 706 2827 758 Et
2856 700 2965 757 vita
2994 703 3244 755 virtutem
3277 700 3481 753 colens.

2513 824 2579 875 4⁵1
2622 821 2787 875 Deum
2824 819 2973 885 cujus
3017 816 3270 869 vindicem
3312 812 3524 865 oculum
3574 809 3707 885 nihil
3748 809 3877 885 latet
3927 818 4023 885 aut

2443 894 2624 959 effugit
2672 880 3193 959 animadversionem,
3237 893 3285 959 et
3319 893 3372 934 ut
3410 897 3643 959 seuerum
3668 881 3903 959 judicent
3953 880 4023 929 ti-

2441 951 2597 1026 ﬁeri,
2630 972 2677 1014 et
2716 970 2770 1010 ut
2800 958 3174 1023 benefactorein
3209 952 3669 1006 clementissimum
3715 966 3778 1004 ac
3812 951 4017 1003 libera-

2442 1031 2698 1085 lissimum
2728 1043 2906 1080 amare
2930 1026 3195 1081 debemus.

2509 1101 2576 1155 43
2615 1099 2852 1150 Christus
2897 1114 2930 1146 α
2976 1094 3193 1147 terrenis
3240 1092 3309 1145 ad
3359 1092 3589 1147 ctelestia
3635 1107 3730 1145 nos
3780 1104 4013 1151 vocans,

2439 1171 2537 1222 tim
2572 1170 2801 1222 divinam
2839 1166 2946 1219 suis
2976 1165 3143 1218 verbis
3172 1163 3436 1232 adjungit.

2505 1269 2574 1323 49
2614 1267 2841 1323 Gustum
2869 1281 2965 1321 nec
2996 1268 3161 1320 ullum
3192 1266 3355 1320 verba
3390 1265 3588 1320 habent
3620 1266 3805 1319 inania

2607 1336 2843 1406 Quisque
2868 1350 3012 1406 ergo,
3031 1351 3210 1389 sermo
3235 1336 3577 1389 condiendus
3604 1344 3687 1389 est
3716 1334 3854 1399 sale,

2617 1405 2783 1472 Quem
2818 1405 3161 1474 suppeditant
3188 1406 3368 1458 divina
3404 1405 3732 1469 testimonia,

2614 1478 2679 1531 Et
2703 1477 2978 1546 pratmium
3015 1474 3253 1539 eceieste,
3288 1484 3341 1529 et
3372 1474 3562 1543 judicii
3597 1484 3792 1529 metus.

2501 1576 2572 1630 50
2614 1576 2845 1629 Herodes
2900 1586 3013 1642 post
3071 1576 3219 1627 illam
3276 1576 3458 1643 pepuli
3520 1574 4015 1627 acclamationem:

2433 1663 2455 1698 ι
2496 1645 2605 1700 Vox
2631 1647 2722 1699 Dei
2751 1658 2796 1697 et
2824 1662 2923 1697 non
2955 1646 3198 1709 hominis,
3232 1663 3251 1696 ι
3283 1646 3533 1696 divinitus
3559 1644 3793 1711 punitus,
3828 1657 4015 1695 exem-

2427 1716 2513 1786 plo
2542 1732 2635 1768 suo
2667 1716 2836 1778 docet,
2878 1716 3227 1786 pmttas_dare
3264 1731 3370 1774 eos,
3405 1715 3500 1786 qui
3530 1714 3863 1786 adulationes
3908 1713 4017 1764 im-

2429 1782 2544 1854 pias
2578 1786 2801 1854 aliorum
2834 1783 3164 1854 admiserint,
3209 1799 3298 1854 nec
3334 1782 3781 1854 reprehenderint.

2504 1854 2567 1907 51
2616 1852 2839 1913 Paulus,
2874 1869 2992 1904 cuin
3020 1853 3095 1903 ait
3126 1866 3143 1902 :
3180 1869 3197 1899 ι
3234 1851 3561 1917 Cooperatur
3601 1852 3666 1903 iis
3705 1852 3795 1912 qui
3822 1869 4015 1906 secun-

2431 1924 2554 1975 dum
2590 1923 2908 1991 propositum
2950 1923 3117 1972 vocati
3152 1932 3361 1991 sunt,,s_
3386 1921 3667 1989 signiﬁcat,
3706 1936 3805 1972 non
3854 1923 4011 1987 sufﬁ-

2428 2007 2541 2045 cere
2586 1989 2653 2044 ad
2687 1989 2945 2051 salutem,
2992 2000 3047 2042 ut
3097 1991 3209 2057 quis
3254 2007 3284 2040 α
3338 1989 3439 2041 Deo
3486 2001 3693 2043 vocatus
3736 1991 3839 2052 sit,
3898 1993 4013 2041 nisi

2427 2062 2580 2113 etiam
2625 2060 2839 2113 accedat
2888 2075 2953 2112 ex
2994 2068 3145 2126 parte
3194 2059 3359 2112 vocati
3395 2060 3629 2111 studium
3674 2060 4004 2124 obsequendi

2427 2131 2681 2183 occationi
2715 2129 2927 2181 divinat.

2498 2200 2566 2251 52
2616 2199 2895 2252 Peccatum
2940 2208 3104 2250 morte
3148 2198 3355 2266 grauius
3398 2206 3496 2249 est.
3560 2193 3787 2248 Prcestat
3835 2198 4011 2265 igitur

2425 2271 2557 2321 mori
2597 2270 2850 2335 integrum
2872 2276 2918 2319 et
2952 2268 3417 2319 incontaminatum
3446 2276 3864 2335 peccato,_quam
3900 2273 4010 2319 atl-

2423 2338 2625 2389 rnittere
2652 2333 2939 2402 peccatum,
2990 2346 3042 2387 ut
3077 2337 3553 2397 immortalitatem,
3585 2334 3631 2386 si
3661 2333 3778 2400 ﬁeri
3806 2340 4009 2402 possit,

2424 2410 2739 2475 assequaris.

2497 2472 2568 2529 53
2610 2474 2925 2543 Evangelica
2977 2484 3234 2543 praecepta
3276 2472 3591 2543 perfectione
3634 2489 3732 2526 sua
3778 2475 4006 2527 cincunt

2423 2553 2471 2596 et
2501 2545 2596 2612 jus
2638 2541 2863 2609 naturte,
2905 2541 3159 2613 et'legern
3211 2541 3475 2608 scriptam,
3527 2552 3573 2595 et
3617 2544 4005 2611 prophetarum

2423 2615 2663 2667 oracula.
3304 2648 3309 2653 .

2491 2682 2559 2734 54
2612 2680 2816 2735 Nerma
2856 2698 2917 2735 ac
2959 2681 3197 2749 deﬁnitio
3238 2680 3574 2733 exactissima
3616 2682 3821 2734 virtutis
3873 2680 3997 2736 hwc

2419 2758 2517 2816 est,
2543 2766 2697 2820 quam
2722 2754 2934 2819 quisque
2968 2752 3023 2804 in
3050 2752 3236 2820 seipso
3275 2752 3520 2817 possidet.
3552 2769 3569 2800 ι
3602 2750 3813 2813 Omnia,
3847 2767 4003 2818 qucu-

2425 2819 2626 2885 cunq’ue
2665 2821 2950 2884 volueritis,
2992 2831 3047 2871 ut
3093 2819 3291 2885 faciant
3344 2821 3482 2872 vobis
3526 2820 3782 2884 homines,
3812 2829 3859 2872 et
3906 2837 4004 2875 vos

2421 2888 2579 2956 facite
2612 2889 2754 2951 ipsis.
2795 2908 2813 2941 ι

2492 2958 2559 3012 55
2600 2956 2775 3011 Causa
2803 2958 3035 3011 omnium
3076 2957 3334 3011 malorum
3367 2958 3837 3027 dissidentiumquc
3868 2962 3999 3025 api-

2424 3028 2636 3080 nionum
2684 3039 2755 3078 est
2816 3030 3049 3091 ambitio,
3105 3044 3207 3079 non
3257 3027 3427 3079 solum
3485 3027 3539 3079 in
3590 3025 3848 3089 Ecclesia,
3900 3033 4001 3081 sed

2421 3098 2578 3149 etiam
2610 3100 2661 3148 in
2700 3097 3028 3162 philosophia
3068 3096 3333 3149 steculari.
3374 3095 3519 3149 Tolle
3549 3096 3715 3165 igitur
3744 3097 3999 3150 ambitio-

2420 3179 2557 3228 nem,
2594 3177 2637 3216 et
2665 3166 2916 3217 hteresum
2950 3165 3143 3233 fontem
3174 3170 3523 3218 obstruxeris.

2492 3234 2561 3288 56
2600 3236 2823 3287 Ambitio
2871 3244 2921 3287 et
2973 3236 3262 3301 anticipata
3304 3236 3479 3303 opinio
3516 3234 3737 3287 licereses
3784 3250 4005 3303 pepere-

2421 3313 2563 3357 runt.

2490 3370 2555 3426 57
2597 3371 2727 3424 Cum
2769 3376 2927 3427 etiam
2958 3381 3078 3426 ante
3113 3368 3289 3425 natum
3335 3371 3603 3425 Christum
3640 3373 3775 3425 inter
3818 3374 4005 3426 horni-

2423 3458 2508 3495 nes
2540 3444 2775 3496 omnibus
2811 3444 3018 3496 sarculis
3055 3442 3403 3495 contentiones
3432 3443 3747 3504 exstiterint,
3781 3458 3880 3495 non
3914 3454 4000 3497 est

2424 3515 2614 3563 mirum
2670 3514 2805 3578 quod
2849 3513 3089 3565 diabolus
3124 3516 3279 3564 etiam
3327 3522 3439 3580 post
3488 3510 3751 3565 Christum
3802 3523 3999 3566 natum

2421 3583 2595 3632 varias
2626 3582 2861 3631 excitarit
2900 3586 3141 3633 haereses.

2491 3649 2557 3701 58
2614 3649 2744 3712 Qurc
2781 3651 2886 3702 sint
2947 3652 3084 3715 apud
3135 3648 3424 3717 apostolum
3466 3647 3665 3700 ludam
3708 3648 3874 3702 stella?
3916 3667 4000 3703 er-

2421 3728 2616 3781 rantes,
2647 3720 2831 3786 qnibus
2862 3721 3029 3788 caligo
3054 3722 3381 3771 tenebrarum
3409 3729 3615 3770 servata
3647 3728 3719 3771 est
3746 3721 3799 3769 in
3835 3729 4000 3772 tuter-

2420 3802 2563 3839 num.

2490 3855 2558 3909 59
2602 3856 2739 3919 Quid
2770 3858 2835 3910 sit
2869 3857 3005 3926 apud
3034 3855 3280 3919 Paulum,
3306 3854 3504 3926 Ront_._l
3532 3872 3543 3907 :
3580 3873 3597 3906 ι
3636 3854 3875 3909 Tradidit
3902 3873 4001 3913 eos

2421 3924 2559 3976 Deus
2588 3928 2639 3976 in
2671 3924 2937 3993 reprobum
2973 3943 3201 3988 sensum,
3236 3945 3252 3975 ι
3293 3936 3397 3977 etc.
3438 3924 3665 3978 Tradere
3693 3934 3767 3977 est
3814 3928 3999 3979 nuda-

2421 4000 2529 4044 tum
2571 3996 2771 4046 auxilio
2812 3999 2983 4048 divino
3014 3998 3295 4056 dimittere,
3326 4002 3373 4045 et
3418 3994 3710 4060 relinquere
3753 4009 3995 4051 ruentem

2419 4066 2629 4129 proprio
2659 4068 2868 4130 impetu,
2901 4080 2998 4116 non
3037 4075 3209 4115 autem
3243 4062 3499 4128 intpellere
3526 4066 3579 4115 in
3610 4064 3838 4128 facinus.

2491 4132 2557 4183 60
2598 4133 2710 4193 Quo
2742 4151 2891 4186 sensu
2915 4134 3101 4185 dixerit
3146 4131 3367 4194 Paulus,
3396 4130 3548 4183 Rom.
3580 4148 3593 4185 l
3625 4148 3637 4183 :
3670 4150 3687 4181 t
3724 4130 3844 4185 Non
3888 4151 3989 4189 so-

2420 4200 2524 4251 lum
2558 4216 2643 4268 qui
2672 4218 2735 4253 ea
2763 4203 2984 4269 faciunt,
3016 4207 3103 4254 sed
3135 4204 3287 4251 etiam
3309 4201 3396 4268 qui
3424 4204 3752 4253 consentiunt
3783 4202 3999 4269 facien-

2421 4270 2579 4321 tibus.
2608 4290 2623 4319 υ
2656 4270 2872 4323 Grauius
2899 4284 2967 4323 est
2988 4283 3280 4338 peccantem
3301 4271 3537 4331 laudare,
3566 4280 3613 4321 et
3637 4273 3851 4339 alterius
3880 4276 3990 4326 im-

2418 4342 2632 4407 probum
2690 4340 2884 4407 factum
2916 4341 3265 4403 comprobare,
3322 4354 3479 4405 quant
3529 4340 3697 4406 ipsum
3743 4357 3986 4406 peccare.

2420 4405 2614 4473 Confer
2672 4405 2751 4473 ep.
2782 4409 2847 4460 84
2874 4410 3039 4474 infra.

2490 4475 2550 4527 61
2606 4476 2679 4528 De
2722 4478 2862 4529 dicto
2913 4473 3093 4537 Pauli,
3142 4473 3289 4527 Rom.
3336 4491 3371 4529 ιι
3406 4497 3415 4530 :
3456 4495 3472 4526 ι
3505 4477 3686 4532 Gloria
3720 4491 3765 4533 et
3821 4480 3998 4535 honor

2422 4553 2601 4663 talpam
2650 4549 2785 4598 omni
2836 4547 3071 4615 aperanti
3116 4545 3303 4597 bonum
3331 4582 3345 4607 ,
3396 4544 3587 4599 ludam
3633 4552 3894 4614 primunt,
3939 4564 3996 4605 et

2472 4629 2621 4663 rtt'co.
2656 4634 2673 4663 ι
3042 4634 3047 4635 ⁷

2472 4629 2621 4664 ru'co.
2656 4634 2673 4665 ι
3042 4634 3047 4635 ⁷

2490 4681 2556 4733 62
2606 4682 2881 4737 Peccatum
2930 4686 3039 4738 sine
3089 4684 3197 4750 lege
3248 4692 3508 4735 mortuum
3566 4693 3660 4737 est.
3718 4686 3821 4750 Qui
3866 4690 3987 4744 siuc

2418 4750 2782 4825 legeipeccant,
2816 4756 2990 4825 mitius
3017 4755 3322 4825 puniuntur,
3346 4756 3620 4825 quam__qui
3647 4757 3740 4808 sub
3772 4758 3901 4825 lege.

2492 4822 2559 4873 65
2601 4822 2671 4875 De
2697 4826 2831 4875 dicto
2870 4823 3043 4885 Pauli,
3081 4821 3232 4873 Rom.
3259 4836 3349 4872 rm
3382 4840 3394 4873 :
3430 4839 3449 4871 ι
3488 4821 3609 4874 Non
3642 4836 3763 4877 sunt
3804 4821 3998 4880 condi-

2422 4906 2535 4963 gna:
2578 4894 2841 4955 passiones
2892 4893 3046 4958 hujus
3092 4890 3337 4957 temporis
3382 4889 3449 4941 ad
3487 4893 3724 4959 futuram
3760 4896 3991 4963 gloriam

2421 4962 2475 5011 in
2504 4962 2648 5011 nobis
2691 4963 3039 5015 revelandam.
3078 4979 3096 5011 ι

2493 5030 2561 5081 64
2602 5030 2796 5083 Christi
2834 5035 2887 5083 in
2928 5047 3133 5083 carnem
3168 5032 3418 5085 adventus
3463 5042 3713 5097 quantum
3751 5034 3869 5087 boni
3904 5046 3995 5088 ct-

2424 5099 2598 5171 tulerit
2648 5102 2794 5153 rebus
2844 5102 3103 5171 humanis.
3152 5100 3251 5165 Qui
3294 5104 3446 5171 perit,
3496 5118 3591 5152 sua
3637 5102 3792 5171 culpa
3830 5106 3991 5171 perit,

2423 5170 2560 5235 quod
2594 5172 2859 5221 victoriam
2885 5169 3063 5223 labore
3091 5186 3277 5235 parare
3312 5170 3615 5238 neglexerit.

2600 5239 2783 5291 Gratia
2816 5240 2907 5291 Dei
2937 5256 3028 5307 per
3060 5240 3215 5306 ﬁdem
3250 5237 3531 5307 justi/icati
3564 5242 3709 5293 bonis
3748 5241 3995 5309 operibus

2426 5308 2654 5371 studere,
2684 5321 2727 5360 et
2765 5309 2919 5375 fidem
2950 5311 3145 5376 alioqui
3180 5321 3436 5361 mortuam
3468 5311 3726 5376 animare,
3762 5308 3811 5363 et
3838 5314 3991 5364 salu-

2426 5386 2523 5427 tent
2560 5394 2707 5429 suam
2741 5379 2944 5445 operari
2977 5379 3179 5430 debent.

2608 5447 2805 5499 Divina:
2834 5464 2912 5499 res
2939 5462 3111 5500 omnes
3139 5449 3273 5517 ignis
3309 5449 3515 5501 nomine
3547 5450 3597 5499 in
3635 5452 3798 5501 sacris
3831 5447 3995 5504 Litte-

2427 5520 2498 5568 ris
2528 5520 2899 5582 insigniuntur.

2500 5585 2563 5637 67
2614 5585 2953 5639 Eti‘micorum
2982 5588 3175 5655 scripta
3203 5604 3316 5639 cum
3344 5588 3509 5639 sacris
3534 5585 3751 5640 Litteris
3780 5604 3994 5655 compa-

2430 5670 2633 5708 rantur.
2668 5656 2771 5709 Illa
2800 5674 2899 5709 non
2923 5660 2989 5709 ad
3027 5658 3257 5709 omnium
3285 5660 3535 5709 lectorum
3566 5656 3866 5721 utilitatem,
3900 5664 3993 5713 sul

2431 5726 2495 5776 ad
2547 5734 2818 5777 auctorum
2867 5728 3083 5793 gloriam
3134 5729 3462 5795 diriguntur;
3519 5737 3565 5780 et
3621 5744 3865 5794 pompose
3907 5731 3991 5779 di-

2433 5797 2784 5865 ccutligencrc
2827 5808 3058 5848 utuntur.
3100 5797 3193 5850 lla:
3236 5797 3301 5848 ad
3340 5798 3588 5859 omnium,
3645 5798 3801 5849 etiam
3852 5799 3993 5851 idio-
