4150 6458
180 437 267 505 m
1316 425 1885 488 PROLEGOMENA
1925 428 2127 488 EDIT.
2171 428 2418 488 PARIS.

174 566 357 615 tarum,
386 549 682 605 utilitatem
729 562 792 599 ac
826 542 1048 615 salutem
1077 539 1407 608 referuntur,
1441 548 1488 592 et
1521 539 1753 607 simplici

172 614 399 677 aratione
435 638 515 675 res
542 620 758 673 divinas
790 625 838 669 et
876 614 1121 668 sublimes
1150 619 1441 677 exponunt.

237 691 304 747 68
344 691 489 746 lnter
529 689 674 759 jnssi
702 703 833 741 nem
878 696 924 738 et
953 679 1351 754 permissionem
1414 681 1638 733 multum
1683 680 1761 735 its~

172 774 339 817 "7!".

237 832 308 887 69
344 832 421 887 De
449 830 796 894 inscriptione
840 823 1028 876 Attica:
1082 837 1193 875 ara:
1217 836 1241 875 :
1270 839 1288 871 t
1328 819 1518 891 Ignoto
1562 819 1688 874 Deo.
1732 838 1754 871 s

176 902 309 972 Ejus
336 904 472 955 ratio
502 916 566 953 τε
595 896 830 972 historiis
866 894 1099 972 repetita.

243 972 312 1027 70
349 971 644 1026 Consilium
681 962 1088 1021 saluberrimum
1118 963 1181 1016 de
1208 961 1353 1016 bellis
1381 971 1429 1017 et
1467 961 1758 1015 contentio-

170 1043 320 1095 nibus
367 1044 504 1094 inter
539 1039 777 1092 homines
828 1033 1089 1100 sopiendit
1117 1048 1135 1086 :
1165 1048 1345 1099 nempe
1388 1048 1450 1085 ne
1498 1032 1631 1084 tanti
1675 1046 1757 1084 res

170 1120 414 1166 externas
445 1110 733 1181 faciamus,
772 1106 860 1158 sed
894 1104 1005 1157 suis
1042 1104 1221 1173 potius
1264 1102 1588 1172 ponderibus
1623 1116 1755 1156 exa-

170 1197 449 1236 ιιιιηεκηη.

244 1251 303 1305 71
353 1250 569 1304 Formte
595 1246 1042 1315 pulchritudinem
1067 1241 1199 1295 nihil
1229 1242 1442 1315 obstare
1465 1240 1753 1315 quominus

203 1323 283 1374 ttis
332 1310 628 1375 castitatem
677 1317 815 1369 colat
865 1314 1158 1372 illibatam,
1203 1310 1755 1382 probatur’exemplis

203 1338 283 1374 uss
332 1338 628 1375 (uilitatem
677 1338 815 1369 catus
865 1338 1158 1372 ultumum,
1203 1338 1459 1382 ρῐυυαιιιῐ
1502 1338 1754 1376 ειεηιμιω

167 1338 387 1456 3083p,"
431 1401 483 1443 et
530 1386 813 1443 Susannae.
864 1385 1170 1439 Notandum
1212 1395 1395 1437 contra
1440 1382 1754 1437 sententiam

174 1459 420 1515 Oridiani
466 1473 645 1513 rersus
683 1474 704 1511 :

276 1529 368 1585 Lis
393 1538 477 1583 est
501 1542 628 1583 cum
661 1526 832 1581 forma
864 1538 1056 1593 magna
1082 1522 1378 1592 pudicitia.
1414 1550 1421 1556 ι

236 1599 308 1653 72
350 1598 475 1653 Non
507 1613 628 1663 apes
651 1606 697 1650 et
725 1591 1026 1663 patentia'et
1056 1591 1280 1660 felicitas
1306 1591 1633 1657 accusanda,
1662 1591 1757 1645 sed

169 1670 380 1722 animus
414 1669 533 1739 ejus
568 1667 659 1738 qui
690 1666 772 1720 his
807 1680 909 1719 non
940 1673 1075 1718 recte
1114 1664 1308 1726 utitur,
1344 1664 1396 1716 in
1427 1664 1627 1716 crimen
1664 1677 1756 1715 vo-

170 1740 392 1791 candus.

238 1808 308 1862 73
349 1808 527 1877 Typus
569 1822 708 1860 arcte
738 1806 978 1877 (aderis,
1020 1812 1067 1877 et
1112 1802 1496 1877 propitiatur-ii,
1545 1812 1592 1855 et
1636 1801 1757 1877 che-

172 1879 363 1943 rubim,
395 1873 449 1930 'et
479 1894 709 1938 manum,
738 1873 801 1929 ‘et
842 1875 989 1943 virga
1020 1873 1268 1935 Aaronis,
1301 1873 1426 1941 quid
1462 1873 1751 1943 denotarit.

239 1948 306 2001 ’11
350 1941 881 2015 ‘Judtei,pastquam
924 1941 1193 2015 Christum
1240 1947 1406 1997 tantis
1466 1941 1754 2015 affecerant

171 2017 526 2075 contumeliis.
561 2014 712 2083 finali
735 2011 807 2069 'et
848 2029 1114 2083 nunquam
1153 2013 1512 2066 instauranda
1545 2011 1753 2065 excidio

172 2104 203 2138 ο
232 2086 341 2139 Deo
362 2087 537 2150 puniti
569 2095 710 2139 sunt.

242 2156 309 2209 75
344 2155 663 2220 Judaoruot
704 2154 996 2219 captivitas,
1045 2166 1201 2220 quant
1260 2169 1289 2206 tt
1345 2150 1599 2204 Romanis
1640 2166 1759 2213 per-

178 2228 307 2289 pessi
339 2236 487 2286 sunt,
519 2218 637 2275 ideo
692 2241 725 2275 a
770 2218 971 2276 nemine
1005 2218 1110 2275 alia
1147 2233 1495 2291 prteterqnam
1524 2219 1758 2288 Josepho

172 2293 359 2349 Iuda-0
386 2293 619 2349 describi
652 2294 855 2358 debuit,
909 2292 960 2346 ui
996 2293 1102 2361 [ide
1122 2293 1334 2362 dignior
1369 2300 1501 2346 esset
1534 2291 1760 2345 historia

173 2366 404 2432 exemplo
428 2363 727 2417 carentium
758 2378 1141 2416 wrumnarum.

244 2429 325 2488 76⁷
362 2433 601 2503 Regnum
653 2434 903 2485 calorum
955 2434 1061 2503 sive
1111 2432 1430 2503 prteconiunt
1483 2429 1759 2502 Evangelii

173 2520 332 2571 quare
357 2501 479 2556 cum
505 2503 899 2571 granoisinapis
935 2520 965 2555 a
1001 2501 1213 2555 Christo
1238 2502 1563 2570 conferatur.

242 2574 310 2626 77
348 2572 615 2639 Josephus
641 2570 907 2641 Δημήτηρ
931 2571 1140 2640 feminea
1167 2583 1211 2626 et
1237 2572 1477 2625 libidinis
1501 2573 1685 2626 victor.

243 2643 314 2698 78
367 2642 623 2696 Virtutem
655 2658 768 2695 esse
811 2658 916 2694 rem
961 2642 1359 2707 imperatoriam
1393 2652 1441 2695 et
1475 2646 1663 2709 ubique
1704 2644 1761 2697 in

175 2716 355 2783 quavis
398 2718 622 2780 fortuna
675 2712 963 2777 victricem,
1013 2711 1210 2766 illustri
1243 2713 1495 2781 exemplo
1539 2712 1760 2785 Josephi

176 2785 445 2840 urebatur.

242 2853 309 2907 79
351 2851 558 2907 Paulus
608 2869 699 2905 vas
749 2850 1017 2924 electionis
1070 2852 1334 2924 vitanon
1385 2853 1563 2924 minus
1603 2870 1762 2924 quam

177 2939 406 2979 sermone
440 2929 651 2991 patens,
699 2922 934 2986 exemplo
980 2930 1055 2974 est
1092 2920 1377 2975 antistibus
1428 2920 1680 2976 Ecdesiaz
1714 2934 1761 2977 et

177 2995 309 3048 verbi
359 2994 528 3046 divini
574 2994 923 3059 pra‘conibus,
960 3000 1014 3043 ut
1046 2993 1206 3045 vitam
1246 2992 1763 3061 irreptehenst'bilem

176 3064 424 3118 doctrina:
451 3063 692 3116 veritatis
724 3068 988 3115 astruant.

242 3132 313 3187 80
363 3132 475 3187 Cur
520 3132 715 3185 dixerit
770 3130 1066 3202 populati.
1115 3128 1286 3185 Exod.
1315 3147 1405 3185 χιχ
1450 3132 1760 3202 (secundum

181 3202 351 3257 Grec.
374 3201 671 3271 interpret.)
707 3219 725 3251 t
758 3198 950 3255 Omnia
966 3216 1290 3324 quacunque
1318 3198 1756 3270 dixit'Dontt'nns,

183 3274 453 3324 (sciemus.
484 3281 531 3324 et
565 3274 866 3323 audiemus.
901 3288 921 3322 s
1004 3287 1035 3323 n
1065 3270 1215 3324 rebus
1244 3273 1433 3324 divinis
1461 3275 1641 3324 praxis
1667 3292 1756 3324 co.

182 3274 453 3340 (sciemus,
484 3281 531 3325 et
565 3274 866 3323 audiemus.
901 3288 921 3322 ι
966 3270 1035 3324 In
1065 3270 1215 3325 rebus
1244 3273 1433 3326 divinis
1459 3275 1641 3341 praxis
1667 3292 1756 3329 co-

183 3344 405 3411 gnitione
437 3344 586 3407 prior
611 3351 708 3411 est.
830 3400 837 3406 ,

244 3413 301 3466 81
354 3411 428 3465 De
455 3411 599 3464 dicto
630 3408 848 3475 Christi,
876 3409 1070 3469 Matth.
1098 3424 1171 3467 ut
1201 3428 1217 3466 :
1254 3426 1274 3462 t
1308 3409 1431 3465 Non
1467 3423 1635 3480 potest
1668 3432 1749 3468 ar.

180 3484 268 3551 bar
302 3481 447 3535 mala
478 3480 683 3549 {ructus
711 3481 872 3535 bonos
898 3480 1094 3550 facere.
1150 3500 1170 3551 μ
1218 3480 1285 3533 Et
1332 3482 1397 3534 de
1431 3484 1571 3536 dicto
1603 3483 1764 3539 Pauli

384 3566 425 3605 tt
454 3570 468 3605 :
506 3568 528 3601 ι
558 3552 821 3605 Animalis
843 3552 999 3607 homo
1022 3567 1125 3606 non
1150 3550 1372 3621 percipit
1400 3569 1461 3607 ea
1491 3570 1608 3622 qute
1638 3566 1761 3611 sunt

267 3639 311 3673 rt
339 3638 421 3675 us.
454 3641 476 3675 ι

267 3633 421 3675 ntus.
454 3641 476 3675 Ι

240 3692 311 3746 82
354 3692 431 3746 De
464 3690 854 3759 sapientissimo
882 3702 1287 3762 temperamento
1325 3692 1379 3744 itt
1422 3696 1591 3749 sacris
1646 3695 1760 3749 Lit-

178 3774 294 3817 teris
338 3779 370 3814 a
416 3763 529 3816 Deo
570 3761 826 3824 adltibita,
872 3778 991 3815 cum
1035 3777 1123 3815 eas
1156 3762 1353 3827 partim
1398 3765 1649 3818 obscuras
1699 3784 1763 3819 ac

178 3833 448 3913 dtﬁﬁilesh
475 3833 675 3913 partim
699 3831 887 3913 planas
921 3840 1096 3913 atque_
1110 3841 1320 3913 apertas
1357 3840 1684 3913 esse_votuit_.

248 3900 321 3957 83
361 3906 484 3957 Alia
506 3910 631 3955 sunt
661 3902 861 3971 ἐφικτὰ
888 3918 900 3933 ·
934 3900 1043 3974 alia
1068 3900 1367 3974 δυσέφικτα
1392 3918 1405 3933 ο
1437 3902 1546 3957 alia
1576 3906 1760 3974 ἀνέφι-

180 3990 345 4038 ιτα,σ
373 3989 479 4043 quo
506 3982 767 4042 postremo
791 3989 972 4041 genere
1002 3972 1367 4043 investigando
1391 3978 1596 4041 penitus
1628 3972 1755 4031 abis-

178 4041 445 4117 tinendu‘tn
476 4051 577 4117 est,
628 4044 915 4096 secundum
955 4041 1087 4096 illud
1128 4057 1147 4096 :
1193 4042 1368 4113 ἀρχὴν
1408 4043 1467 4096 δὲ
1494 4044 1667 4117 θηρᾷν
1698 4048 1760 4100 οὐ

178 4115 737 4183 πριπειτὰάμήχανα.

242 4184 313 4237 81
352 4181 629 4238 Sententia
661 4181 862 4256 injusta
908 4182 1104 4237 malum
1136 4183 1347 4256 facinus
1390 4187 1758 4256 comprobans,

184 4254 407 4326 deterior
427 4264 502 4326 es_t
526 4253 709 4326 coqui
730 4256 783 4305 id
808 4252 1143 4326 perpetravit.
1162 4252 1323 4326 Conf.
1350 4270 1436 4324 ep.
1462 4257 1551 4315 60.
1575 4252 1758 4326 supra.

245 4272 407 4307 tertar
427 4272 502 4306 est
526 4272 586 4305 eo
609 4272 698 4321 qut
730 4272 781 4305 tu
808 4272 1140 4376 perpetravit.
1162 4272 1323 4323 non].
1350 4272 1436 4324 ep.
1462 4272 1551 4315 nu.
1575 4274 1758 4326 supra.

243 4326 314 4378 85
350 4324 438 4376 Ad
467 4322 629 4375 Pauli
659 4322 857 4375 dictum
936 4324 995 4377 it.
1029 4340 1069 4383 ι,
1107 4341 1126 4375 t
1155 4322 1326 4377 Deum
1357 4341 1412 4379 se
1457 4342 1608 4381 nosse
1636 4344 1761 4382 con-

180 4396 427 4462 ﬁtentur;
460 4392 617 4463 factis
662 4402 837 4445 autem
889 4403 1101 4463 ttegant.
1142 4412 1161 4445 ι
1211 4393 1333 4447 Non
1380 4397 1511 4449 satis
1559 4409 1633 4451 est
1672 4416 1760 4453 ore

178 4466 339 4519 Deutn
368 4464 552 4532 fateri,
586 4464 685 4535 nisi
718 4471 768 4515 et
804 4477 953 4533 opere
986 4464 1227 4533 fatearis.
1265 4463 1453 4519 Sermo
1480 4468 1633 4535 factis
1671 4486 1755 4524 vtt-

177 4552 299 4589 cuus
329 4550 519 4596 paruus
551 4532 689 4587 valet
718 4537 787 4603 ad
815 4532 1255 4603 persuadendum.

242 4606 312 4661 86
490 4606 702 4677 talionis
719 4602 1107 4677 justitite,iimo
1131 4613 1181 4677 et
1212 4607 1561 4662 humanitatis
1580 4610 1756 4677 potius

176 4668 811 4751 quatn__ittiquitatis_aut
857 4674 1185 4751 crudelitatis
1237 4677 1393 4744 plena
1448 4689 1546 4732 est.
1580 4668 1757 4751 'céur.

178 4763 255 4809 ep.
296 4746 397 4800 1'53
427 4744 466 4797 l.
506 4760 567 4809 ll,
598 4758 645 4797 et
683 4745 738 4799 h.
772 4761 853 4812 ep.
880 4742 1008 4799 209.

246 4816 311 4870 87
360 4815 675 4889 Mandatum
699 4814 816 4889 Dei
843 4816 910 4867 ad
952 4814 1249 4889 Israelitas,
1290 4829 1346 4872 ut
1378 4817 1760 4889 zEgyptiorunt

180 4903 297 4939 rasa
344 4884 641 4952 auferrem,
677 4886 891 4958 justiss.
948 4896 995 4938 et
1030 4888 1391 4954 a'quissimum
1424 4884 1547 4956 fuit,
1594 4898 1761 4958 perti-

182 4972 307 5029 nens
323 4962 390 5029 ad
413 4956 889 5029 compensationem
920 4961 1216 5012 mercedum
1242 4976 1337 5029 pro
1371 4972 1444 5013 tot
1497 4956 1762 5017 annorum

182 5028 400 5079 servitiis
436 5026 756 5081 debitorum.

245 5096 316 5152 88
357 5095 672 5149 Exhortatio
703 5096 773 5147 ad
810 5097 1042 5150 studium
1090 5097 1329 5153 lectionis
1362 5109 1411 5153 et
1461 5103 1765 5156 meditatio-

183 5170 257 5238 nis
290 5168 661 5238 quotidianum
690 5168 925 5234 exemplo
962 5165 1223 5222 Timothei
1245 5180 1293 5222 et
1322 5168 1481 5225 Pauli
1508 5176 1759 5238 apostoli.

184 5236 439 5293 lunaria
469 5237 581 5290 sine
608 5238 873 5291 exercitiis
902 5239 1157 5306 facillime
1196 5241 1470 5295 obsolescit
1499 5236 1550 5297 et
1580 5244 1765 5299 oblite-

182 5317 348 5362 ratur.

251 5382 320 5433 89
360 5376 619 5447 Pauperis
652 5394 755 5432 non
786 5389 985 5449 oportet
999 5382 1462 5437 commiseratione
1484 5384 1678 5438 moveri
1710 5386 1765 5438 itt

183 5448 400 5514 indicia,
437 5449 703 5519 multoque
745 5448 917 5505 minus
946 5452 1121 5520 [avere
1163 5451 1387 5506 divitum
1434 5454 1762 5509 insatiabili-

187 5522 275 5572 bus
311 5522 708 5589 cupiditatibus.

249 5589 319 5665 90
363 5592 589 5665 Ruditas
622 5596 733 5661 ipsa
766 5602 931 5665 morte
957 5592 1107 5661 pejus
1136 5592 1412 5665 fugienda,
1451 5605 1499 5648 et
1530 5598 1766 5664 quotidie

186 5662 394 5781 filiani
460 5678 524 5714 ac
586 5662 919 5721 meditationi
979 5678 1147 5718 sacrw
1200 5662 1497 5733 Scriptura!
1542 5662 1766 5722 incum-

218 5747 240 5781 ι
316 5749 426 5781 um.

218 5738 426 5786 sudum.

254 5801 310 5875 9|
370 5801 547 5856 Sacra:
595 5800 810 5855 Latent:
867 5806 1106 5859 omnibus
1156 5805 1389 5859 omnium
1446 5806 1764 5875 sapientium

191 5874 391 5940 scriptis
437 5875 584 5943 longe
614 5877 895 5939 antistant,
944 5890 1103 5946 eaque
1140 5876 1349 5931 vincunt
1390 5874 1765 5946 perspicuitate

3367 423 3473 492 158

1862 550 1911 594 et
1943 539 2260 607 compendia
2304 540 2475 592 omnis
2526 537 2700 607 oﬁicii.
2745 533 2908 607 Varia
2942 538 3227 607 variorum
3258 534 3472 607 dicendi

1864 603 2078 679 genera.
2107 609 2323 678 Confer.
2355 626 2436 672 ep.
2476 608 2511 662 ὅ
2538 603 2635 659 lib.
2671 619 2717 659 et
2754 607 2809 660 It.
2835 606 2875 659 l.
2900 622 2992 679 ep.
3031 604 3127 679 28,
3163 605 3231 679 7_6
3258 616 3308 658 et
3346 603 3468 679 U0.

1863 676 1935 734 Et
1987 698 2052 734 ea:
2099 676 2294 749 parte,
2347 696 2452 750 qua
2518 680 2583 732 de
2649 678 2961 745 compendio
3020 676 3235 730 virtutis
3304 676 3470 730 etiant

1862 769 1943 821 ep.
1986 751 2054 806 55
2081 762 2127 804 et
2161 750 2249 811 54,
2286 753 2339 807 It.
2375 750 2412 802 ι.

1934 823 2005 877 9‘2
2044 823 2121 875 Ab
2151 821 2301 873 inani
2331 821 2664 873 contentione
2692 817 3016 870 dehortatio.

1936 894 2006 947 95
2046 890 2201 944 Beati
2246 902 2366 943 sunt
2410 893 2500 954 qui
2530 889 2699 955 falsas
2730 898 2944 955 propter
2969 884 3244 940 Christum
3279 892 3467 939 contu-

1861 964 2048 1017 melias
2078 964 2358 1017 sustinent.
2397 956 2612 1025 Confer.
2648 974 2730 1025 ep.
2766 956 2868 1010 190
2895 956 2948 1009 lt.
2984 958 3020 1009 l.

1935 1033 2005 1088 94
2052 1050 2070 1083 t
2115 1030 2295 1085 Nolite
2339 1040 2461 1083 ante
2492 1026 2708 1098 tempus
2742 1028 2994 1094 judicare
3023 1067 3037 1090 ,
3071 1045 3098 1098 As
3131 1026 3470 1098 interdictum

1863 1100 2150 1156 Paulinum
2206 1101 2233 1155 l
2296 1099 2420 1154 Cor.
2471 1115 2545 1166 tv,
2604 1096 2871 1170 quomodo
2899 1106 2947 1151 et
2989 1096 3177 1168 quibus
3211 1097 3281 1150 de
3317 1096 3470 1150 rebus

1862 1172 2228 1235 accipiendum
2264 1171 2354 1224 sit.

1931 1242 1999 1297 95
2042 1241 2299 1307 Quamvis
2337 1250 2573 1294 recteet
2620 1237 2911 1306 apostolico
2953 1248 3221 1305 prtecepto
3270 1252 3464 1291 conve-

1860 1314 2065 1367 nienter
2106 1312 2295 1380 faciat,
2341 1326 2460 1379 qut:
2506 1309 2765 1378 injuriam
2810 1309 2912 1361 sibi
2956 1310 3157 1375 factam
3198 1310 3470 1380 patienter

1860 1384 2072 1443 tolerat.
2106 1378 2291 1435 tamen
2324 1378 2439 1435 eum
2477 1381 2709 1450 inferens
2741 1395 2844 1433 non
2879 1385 3049 1447 potest
3093 1395 3148 1432 se
3189 1378 3285 1430 illo
3319 1378 3462 1431 dicto

1858 1469 2133 1508 επειιεανε.

1929 1523 1998 1577 90
2041 1522 2408 1575 Dttbitationes
2436 1521 2681 1585 quadam
2711 1518 2778 1573 de
2804 1518 3020 1574 Herode
3046 1527 3096 1572 et
3125 1519 3315 1585 fratris
3345 1518 3464 1585 ejus

1859 1608 2027 1647 uxore
2059 1591 2365 1647 Herodiade
2406 1589 2470 1645 ab
2506 1592 2623 1658 ipso
2660 1592 2821 1644 ducta
2856 1601 2904 1644 et
2929 1589 3160 1643 Joannis
3203 1590 3467 1658 Baptista

1860 1664 2263 1732 reprehensione
2294 1660 2424 1730 facti
2454 1672 2728 1715 moventur
2757 1672 2811 1732 et
2837 1660 3216 1732 discutiuntur.

1929 1733 2000 1788 97
2033 1727 2391 1787 Christns'ad
2440 1747 2648 1785 crucem
2680 1727 3020 1798 proﬁciscens
3063 1746 3229 1796 quare
3270 1728 3469 1798 ""1!in

1860 1820 1979 1856 runt
2028 1803 2430 1857 lamentationes
2483 1801 2901 1865 reprehenderit.
2951 1798 3167 1869 Confer.
3228 1815 3309 1867 ep.
3361 1797 3468 1855 166

1864 1885 1909 1928 et
1941 1873 2048 1928 9.85
2078 1873 2115 1926 Ι.
2152 1890 2207 1937 ιι,
2234 1883 2289 1926 'et
2325 1871 2378 1923 h.
2409 1874 2447 1926 ι.
2478 1889 2557 1937 ep.
2599 1871 2702 1925 128
2729 1881 2774 1922 et
2802 1871 2926 1925 180.

1935 1943 2004 1998 98
2053 1942 2185 1997 Cum
2246 1943 2535 2010 oportuerit
2598 1939 2867 1996 Christum
2921 1941 3070 2009 pati,
3141 1950 3268 1994 teste
3320 1938 3466 1994 Luca

1865 2029 2017 2078 χιιι,
2047 2030 2212 2082 quare
2244 2014 2418 2079 puniti
2468 2024 2588 2066 sunt
2635 2012 2725 2082 qni
2786 2015 3085 2081 passionem
3108 2017 3469 2080 procurarunt

1862 2096 1909 2137 et
1939 2083 2249 2151 adjttveruttt
2277 2082 2479 2136 Judwi.

1936 2154 2006 2209 99
2047 2152 2247 2209 Sancta
2279 2154 2511 2222 synodus
2549 2151 2775 2223 Nicazna
2820 2152 3098 2206 veritatem
3144 2153 3458 2223 dogtnatum

1864 2224 1930 2278 ab
1961 2225 2185 2291 infinitis
2213 2223 2528 2291 corruptelis
2564 2222 2824 2276 luerosum
2856 2224 3107 2277 asseruit.

1940 2292 2043 2347 100
2082 2293 2226 2347 Deus
2256 2295 2507 2347 missione
2538 2291 2667 2347 Filii
2697 2294 2781 2346 sui
2815 2294 2885 2345 ad
2918 2293 3319 2360 persolvendum
3344 2310 3469 2361 prec

1876 2365 2008 2418 tium
2037 2366 2411 2431 redemptionis
2444 2364 2957 2432 instaurandamque
3008 2366 3211 2432 generis
3242 2365 3467 2418 humani

1864 2435 2088 2558 zalutem
2124 2434 2352 2490 ostendit
2401 2443 2449 2488 et
2479 2434 2756 2504 justitiam
2788 2447 2937 2487 suam
2976 2446 3022 2486 et
3062 2435 3454 2488 abundantiam

1899 2517 2134 2558 οιηιαιη.

1899 2517 2134 2559 οηηαιη.

1939 2575 2035 2628 101
2103 2575 2379 2641 Expositio
2444 2575 2707 2628 dictarunt
2776 2569 3132 2627 Paulinorum
3187 2572 3345 2628 Rom.
3406 2591 3466 2631 I:

1872 2662 1890 2697 t
1928 2643 2170 2699 Tradidit
2207 2661 2294 2699 eos
2330 2644 2469 2697 Deus
2507 2646 2564 2698 in
2597 2644 2820 2711 affectus
2865 2645 3192 2712 ignontinite,
3245 2648 3470 2712 repletos

1866 2719 2011 2769 omni
2050 2717 2349 2784 iniquitate,
2383 2732 2402 2764 ι
2440 2725 2548 2768 etc.
2606 2733 2623 2766 t
2660 2713 2817 2767 Dedit
2868 2714 2994 2781 ipsis
3029 2713 3183 2767 -Deus
3220 2718 3468 2782 spiritum

1867 2786 2309 2853 catnpttncttonis.
2343 2802 2363 2836 s
2418 2784 2557 2841 Dare
2600 2798 2649 2838 et
2692 2785 2902 2837 tradere
2940 2800 3006 2837 ea:
3054 2801 3199 2838 mare
3250 2794 3295 2837 et
3329 2787 3471 2839 idio—

1869 2867 2010 2908 mate
2052 2870 2220 2908 sacra:
2267 2854 2561 2922 Scriptura:
2604 2854 2873 2925 signiﬁcat
2920 2856 3061 2908 idem
3112 2855 3253 2925 quod
3306 2856 3471 2910 relin-

1870 2940 2028 2995 quere
2054 2928 2131 2978 vel
2157 2925 2483 2990 permittere.

1940 2995 2046 3066 102
2088 2995 2161 3048 De
2198 2999 2385 3049 timore
2415 3008 2462 3048 et
2503 2997 2838 3066 veneratione
2870 3010 2995 3065 erga
3039 2996 3414 3066 magistratum
3446 3013 3468 3063 ;

1867 3081 1931 3119 ex
1965 3065 2196 3118 Paulina
2225 3066 2609 3130 admonitione,
2639 3064 2792 3119 Rom.
2824 3064 2945 3120 xm.

1943 3135 2047 3189 103
2089 3135 2335 3205 Ecclesia
2355 3136 2667 3190 universalis
2694 3146 2767 3189 est
2800 3152 2991 3202 corpus
3022 3135 3261 3202 Christi;
3294 3138 3472 3205 parti-

1871 3207 2093 3271 culttris,
2129 3222 2177 3262 υ.
2210 3222 2263 3274 g.
2300 3204 2721 3275 Corinthiorum
2744 3205 3004 3267 Ecclesia,
3036 3220 3107 3260 est
3138 3208 3253 3275 ejus
3283 3204 3473 3275 corpo-

1870 3277 1944 3329 ris
1970 3276 2260 3328 membrum
2288 3291 2355 3330 ex
2386 3287 2554 3343 parte.
2583 3274 2670 3329 Ex
2704 3274 2873 3344 Epist.
2908 3279 2975 3330 ad
3010 3274 3251 3330 Corinth.

1940 3347 2043 3399 101
2102 3345 2323 3399 Piorum
2379 3363 2634 3399 (erumna:
2679 3362 2998 3400 coronarum
3062 3358 3111 3401 et
3162 3348 3467 3401 braviorum

1870 3417 2043 3487 instar
2081 3418 2291 3487 habent,
2322 3426 2369 3469 et
2407 3418 2711 3471 exsultandi
2735 3419 3015 3470 materiam
3040 3418 3172 3487 ipsis
3202 3420 3461 3487 pra'bent.

1869 3484 1954 3540 Ex
1984 3484 2155 3540 Paulo
2187 3486 2379 3553 Philip.
2415 3502 2454 3541 I.

1942 3556 2047 3611 105
2085 3555 2363 3611 Πιεηιοηεε
2400 3573 2522 3609 cum
2552 3573 2647 3626 pro
2697 3558 2804 3612 diis
2851 3558 2953 3612 coli
2998 3559 3207 3622 vellent,
3243 3559 3472 3613 simula-

1867 3636 1988 3680 runt
2020 3628 2240 3692 ittstitia:
2280 3628 2548 3693 studium,
2597 3628 2755 3699 idque
2799 3645 2832 3682 a
2882 3633 2991 3681 suis
3036 3629 3329 3682 cultoribus
3380 3647 3474 3685 ea:-

1865 3708 2107 3753 eaerunt.

1931 3716 2107 3750 erunt.

1895 3716 2043 3821 9106
2077 3767 2156 3821 De
2185 3768 2411 3820 diversis
2452 3766 2666 3821 talentis
2693 3769 2994 3823 hominibus
3021 3771 3361 3824 concreditis.

1940 3839 2040 3893 107
2085 3836 2251 3891 Terra
2278 3853 2384 3906 qua
2426 3840 2628 3892 ratione
2673 3841 2749 3893 vel
2791 3841 3000 3893 mobtlis
3031 3843 3125 3905 sit,
3159 3841 3239 3893 vel
3278 3842 3469 3894 immo-

1867 3910 2014 3963 bilis.

1939 3980 2041 4035 108
2085 3976 2331 4051 Christus
2361 3979 2417 4032 in
2455 3993 2608 4033 crure
2651 3980 2999 4051 triumphavit
3045 3985 3110 4034 de
3140 3981 3472 4037 daemonibus

1840 4049 2160 4120 tdebellatis.

1938 4120 2042 4176 109
2096 4118 2401 4187 Explicatio
2467 4120 2597 4174 dicti
2649 4118 2993 4188 Salomonis,
3053 4121 3308 4177 Proverb.
3367 4139 3467 4177 Vl:

1872 4209 1890 4242 ε
1926 4191 2037 4256 Qui
2068 4190 2363 4260 ingreditur
2393 4191 2459 4243 ad
2504 4192 2776 4246 mulierem
2820 4208 3060 4261 nuptam.
3119 4210 3222 4246 non
3252 4196 3351 4247 erit
3390 4194 3471 4248 itt-

1867 4277 2093 4325 ηοετηε;
2140 4274 2304 4329 neque
2336 4263 2506 4313 omnis
2552 4274 2770 4331 tangens
2805 4279 2942 4319 eant.
2984 4283 3002 4315 1
3037 4262 3233 4316 Tactus
3269 4281 3457 4317 88118116

1867 4333 2100 4403 crassior
2133 4332 2483 4403 etAimpurior
2524 4342 2599 4385 est
2640 4348 2801 4400 quant
2834 4336 2991 4399 visus,
3025 4335 3117 4403 qui
3170 4345 3247 4387 est
3293 4336 3469 4388 subti-

1866 4401 1970 4455 lior
2004 4418 2067 4455 ac
2097 4400 2301 4467 purior.

1940 4472 2043 4525 110
2102 4470 2380 4538 Expositio
2430 4473 2561 4525 dicti
2610 4470 2877 4529 Ezechiel.
2908 4490 2979 4528 vn
3014 4494 3026 4529 :
3065 4495 3082 4527 t
3118 4474 3180 4529 Et
3227 4488 3378 4529 erunt
3418 4479 3473 4529 in

1868 4541 2135 4607 montibus
2168 4552 2221 4592 ut
2250 4542 2507 4597 columbae
2532 4546 2859 4597 meditantes.
2898 4564 2916 4597 ι
2952 4546 3212 4600 Cumulus
3241 4550 3467 4610 doloris,

1869 4629 1972 4667 non
2008 4615 2165 4683 licere
2200 4616 2468 4683 conqueri.

1939 4683 2035 4736 111
2086 4681 2495 4744 Exhortatioad
2530 4684 3012 4755 reconciliationem
3045 4698 3091 4740 et
3128 4689 3462 4755 satisfactio-

1866 4770 2004 4818 nem,
2048 4769 2113 4806 ex
2143 4765 2406 4820 praecepto
2440 4756 2662 4815 Christi,
2700 4752 2897 4810 Matth:
2936 4773 2988 4819 v,
3024 4758 3116 4818 22,
3142 4758 3235 4813 25.

1938 4822 2043 4877 112
2091 4825 2165 4876 De
2206 4825 2348 4877 dicto
2406 4823 2641 4891 Pauli,l
2699 4822 2835 4879 Tim.
2883 4842 2933 4878 tv
2967 4842 2982 4880 :
3016 4847 3031 4879 t
3072 4828 3471 4880 l’rohiL'entium

1866 4897 2082 4957 nubere,
2118 4912 2136 4945 ι
2174 4904 2306 4957 etc.,
2341 4906 2386 4948 et
2422 4895 2544 4948 aliis
2582 4894 2876 4961 Scriptura:
2914 4899 3220 4950 idiotisntts.

1938 4966 2042 5019 115
2086 4964 2159 5017 De
2184 4965 2326 5019 dicto
2368 4966 2523 5018 l’auli
2576 4964 2741 5018 llebr.
2776 4981 2852 5035 lx,
2916 4968 2977 5021 17
3029 4984 3043 5021 :
3102 4986 3118 5018 t
3163 4966 3474 5021 Testamen-

1867 5046 1978 5089 tunt
2005 5037 2057 5088 in
2092 5038 2311 5087 mortuis
2334 5037 2570 5103 ﬁrmant.
2604 5054 2622 5085 ι

1941 5107 2064 5159 114.
2107 5104 2184 5176 D_e
2220 5106 2439 5176 dtvet-sis
2463 5108 2649 5174 {armis
2681 5117 2725 5159 et
2753 5108 2979 5176 ingeniis
3010 5126 3071 5161 ac
3095 5108 3331 5164 moribus
3362 5114 3462 5165 Ito-

1868 5176 2089 5230 minum.
2124 5174 2208 5229 Ex
2233 5175 2485 5231 Proverb.
2514 5176 2744 5241 Salom.,
2768 5174 2939 5241 xum,
2980 5181 3063 5233 t9.

1945 5247 2042 5300 115
2082 5247 2418 5319 Adulterium
2468 5249 2643 5314 furto,
2691 5252 2985 5316 prwsertim
3033 5267 3098 5303 ex
3150 5260 3465 5319 paupertate

1868 5317 2127 5387 admisso,
2181 5315 2332 5387 longe
2383 5319 2593 5387 gravius
2650 5331 2750 5373 est.
2803 5319 2887 5373 Ex
2940 5315 3205 5375 sententta
3258 5315 3467 5377 Balatu.

1870 5384 2124 5440 Proverb.
2166 5402 2239 5442 νι.

1942 5457 2044 5531 116
2087 5455 2257 5531 Nemo
2295 5458 2566 5531 hominum
2596 5468 2704 5512 tant
2735 5462 2855 5529 pius
2887 5478 2946 5513 ac
2980 5462 3172 5529 probus
3206 5472 3307 5525 est,
3340 5464 3469 5531 quin

1869 5530 2034 5581 alicui
2058 5529 2123 5581 sit
2159 5540 2336 5583 errato
2364 5530 2643 5581 obnoxius.
2711 5532 2876 5583 Nemo
2905 5550 3113 5585 rursum
3148 5551 3309 5598 usque
3334 5529 3468 5586 adeo

1870 5603 2106 5673 vitiosus,
2147 5600 2273 5673 quin
2320 5600 2523 5673 aliquid
2576 5602 2916 5673 boniegerit.
2960 5604 3112 5657 Ntht'l
3149 5605 3327 5673 itaque
3372 5604 3470 5656 ab-

1869 5670 2016 5724 surdi
2063 5680 2159 5733 est,
2202 5671 2249 5721 si
2292 5672 2555 5731 dicamus,
2606 5684 2652 5724 et
2707 5670 2969 5725 Lazarum
3014 5690 3193 5741 pcenas
3238 5670 3467 5728 suorum

1870 5741 2117 5809 lapsuum
2150 5741 2431 5803 tlcdisse,et
2452 5743 2662 5793 divitem
2691 5747 2911 5810 pramtia
2941 5757 3075 5797 recte
3107 5744 3372 5812 factorum
3404 5747 3461 5797 itt

1870 5814 1967 5864 hac
2008 5812 2108 5864 vita
2138 5812 2405 5873 recepisse.

1945 5883 2042 5935 tl?
2088 5882 2183 5933 Cn;
2226 5882 2415 5947 lcprosi
2463 5883 2682 5952 a~'iisqtte
2735 5886 2931 5939 morbis
2979 5886 3345 5941 int-oluntart‘is
3391 5886 3467 5937 la-
