4150 6438
721 397 821 463 159

710 510 956 560 borantes
983 513 1130 560 extra
1185 514 1359 559 castra
1405 504 1680 556 consistere
1723 504 1867 572 jussi
1907 501 2120 567 fuerint.
2177 501 2281 550 1³η-

716 585 888 628 rentes
921 578 1136 642 stepe.in
1175 575 1300 643 ﬁliis
1330 574 1626 641 plectuntur
1661 575 1874 642 gravius
1904 589 2060 640 quam
2093 573 2144 622 in
2191 586 2273 623 se-

715 646 970 712 metipsis.
1006 644 1158 712 Conf.
1192 660 1272 713 ep.
1309 644 1402 696 141
1440 643 1493 696 Ιι.
1533 644 1625 696 lib.

786 713 888 765 118
945 712 1290 782 Eleemosyna
1348 717 1483 767 unde
1524 712 1778 766 ωειλκαιῆ
1834 712 2054 773 debeat,
2102 725 2281 777 nempe

717 798 816 834 non
853 793 1020 852 tarn-a
1056 785 1167 836 dati
1214 785 1591 852 magnitudine,
1635 797 1789 850 quam
1841 797 1904 852 e1:
1944 783 2116 834 animo
2155 782 2281 852 dan-

721 853 805 905 οἰδ.
843 850 1108 906 Probatur
1147 849 1379 920 exempto
1425 853 1594 906 viduae
1640 849 1966 920 evangelicae,
2023 852 2127 920 duo
2175 849 2279 901 uti-

716 933 844 992 nata
867 923 1130 992 offerentis
1152 924 1205 992 in
1228 917 1678 992 gaaophglacium.
1697 917 1864 992 Marc.
1889 935 1984 992 χιι,
2018 917 2146 992 an.
2165 933 2277 992 x_xI.

789 989 892 1044 119
941 989 1053 1044 Viri
1093 988 1397 1060 mulieribus
1431 988 1683 1060 tanquam
1717 991 1828 1044 vasi
1861 990 2140 1058 inﬁrmiori
2184 988 2278 1040 ho-

716 1076 891 1112 norem
925 1061 1185 1116 tribuunt.
1215 1059 1240 1112 Ι
1281 1059 1430 1114 Petr.
1465 1075 1546 1115 ιιι.

791 1129 894 1199 120
931 1127 1271 1199 Contumelia
1297 1136 1554 1199 quomodo
1581 1130 1853 1182 sanandte.

790 1197 885 1251 1Ξ1
937 1197 1144 1251 Lazaro
1202 1197 1318 1252 sate
1368 1201 1590 1252 miserita
1636 1199 2034 1265 fundamentum
2087 1203 2277 1268 sempi-

715 1279 878 1320 terna:
898 1268 1079 1336 glorice
1107 1279 1156 1321 et
1182 1269 1449 1335 felicitatis
1482 1269 1812 1321 exstiterunt.

788 1337 891 1390 1'22
928 1337 1003 1390 De
1025 1338 1301 1393 libidinoso
1343 1346 1556 1404 aspectu
1605 1339 1884 1389 mulierum
1912 1338 2147 1390 vitando.
2183 1337 2278 1392 Le-

715 1406 920 1478 gitima
943 1408 1086 1460 lucta
1128 1421 1200 1462 est
1233 1422 1389 1478 quam
1406 1397 1681 1460 constituit
1722 1405 1898 1470 Deus;
1927 1425 2028 1460 non
2059 1411 2277 1478 quisque

715 1475 815 1527 sibi
839 1476 1096 1536 opinionis
1127 1492 1303 1531 errore
1339 1476 1512 1543 ﬁnxit.

789 1544 891 1666 ³25
913 1543 1204 1666 finimus
1223 1548 1339 1616 quis
1369 1548 1458 1611 sit,
1487 1563 1666 1616 nempe
1702 1546 1872 1617 quivis
1897 1545 2049 1597 homo
2081 1555 2275 1601 nostra

805 1631 829 1666 s
857 1630 908 1666 in
951 1631 1084 1666 mus.

714 1628 829 1679 apis
857 1628 1084 1682 indigus.

789 1682 890 1736 ιει
927 1686 1120 1754 Anima
1146 1689 1381 1738 humana
1410 1696 1488 1740 est
1515 1687 1722 1754 quidem
1751 1685 1948 1748 divina,
1979 1693 2027 1736 et
2054 1683 2272 1737 immor-

713 1752 838 1806 talis
873 1753 980 1832 sed.
1011 1769 1140 1832 nam
1169 1755 1326 1816 Deus,
1376 1752 1540 1827 neque
1571 1755 1830 1824 particula
1880 1754 1972 1807 Dei
2009 1757 2267 1820 essentia,

713 1838 876 1890 neque
902 1839 1140 1890 principii
1166 1841 1368 1890 expers.

785 1889 890 1945 125
926 1890 1000 1945 De
1043 1895 1230 1947 aniuste
1265 1894 1656 1947 immortalitate
1698 1905 1877 1947 contra
1919 1890 2104 1946 Ga’eni
2151 1894 2278 1944 har-

713 1962 972 2014 monicam
1002 1962 1169 2032 lyram
1187 1972 1236 2016 et
1259 1973 1712 2032 temperamentum
1735 1964 1999 2028 corporis;
2022 1964 2280 2032 praeclara

713 2039 764 2082 et
797 2031 1001 2083 erudita
1024 2029 1338 2095 disputatio,
1363 2029 1682 2094 Homericis,
1731 2029 2032 2098 Euripideis
2065 2043 2112 2082 et
2155 2029 2282 2083 Pla-

718 2100 904 2153 tonicis
926 2099 1325 2155 auctoritatibus
1347 2102 1602 2165 stabilita,
1633 2103 1940 2169 tandemque
1960 2101 2134 2154 dicina
2159 2117 2282 2153 arts-

715 2169 847 2240 τηειρΔ
868 2178 926 2240 _et
939 2171 1254 2240 testimonio
1287 2171 1575 2240 obsignata.

787 2236 891 2291 126
931 2237 1341 2304 Reprehensione
1365 2236 1416 2293 el
1438 2240 1558 2292 odio
1587 2239 1730 2306 digni
1763 2248 1904 2301 sunt,
1937 2239 2026 2306 qui
2050 2241 2282 2307 neglecta

716 2308 841 2361 bene
871 2309 1072 2362 vivendi
1094 2324 1221 2380 cura
1250 2311 1313 2362 de
1333 2309 1657 2380 dogmatibus
1685 2322 1958 2375 perpetuas
1993 2309 2280 2380 contentio-

717 2393 805 2428 ues
827 2380 1144 2445 suscipiunt,
1164 2378 1434 2447 ipsamque
1462 2380 1592 2430 adeo
1616 2379 1846 2431 divinans
1868 2379 2140 2431 essentiam
2171 2378 2282 2431 suis

714 2447 1153 2512 disputationibus
1181 2445 1483 2500 scrufantur
1510 2463 1572 2500 ac
1597 2448 1902 2500 sollicitant.

790 2516 892 2569 H7
932 2513 1244 2582 Spirituales
1284 2517 1512 2570 homines
1526 2519 1739 2584 quinam
1760 2517 2001 2579 dicantur
2015 2533 2045 2568 a
2072 2515 2284 2572 Paulo?

716 2586 806 2656 qui
834 2587 1128 2656 animales?
1155 2589 1246 2652 qui
1281 2589 1500 2652 denique
1535 2586 1774 2639 carnales
1804 2589 1830 2640 ἵ
1883 2587 1928 2637 Α
1959 2587 2160 2656 potiore
2193 2602 2284 2639 su-

716 2655 877 2706 mitur
906 2654 1279 2708 denominatio.
1691 2705 1695 2707 .

790 2723 893 2777 £28
932 2722 1168 2788 Christus
1203 2741 1299 2778 sua
1343 2735 1522 2792 sponte
1552 2724 1710 2778 inerti
1742 2733 1900 2793 caput
1923 2725 2131 2789 obtulit,
2162 2741 2281 2778 cum

719 2792 876 2859 facile
897 2809 1034 2856 eam,
1063 2795 1108 2847 si
1137 2794 1398 2856 voluisset,
1415 2795 1683 2848 declinare
1703 2792 1977 2862 potuisset,
2009 2795 2083 2846 vel
2107 2796 2283 2848 tﬂ'vina

721 2879 816 2913 sua
846 2866 1075 2930 potentia
1106 2879 1208 2930 qua
1248 2865 1379 2915 alios
1418 2864 1573 2916 etiam
1605 2878 1668 2916 ea:
1709 2874 1871 2915 morte
1902 2865 2166 2925 eacit‘avit,
2206 2864 2284 2916 vel

720 2931 1394 3012 innocentiqallegatione
1443 2948 1506 2985 ac
1556 2933 1884 3000 defensione,
1931 2933 2011 2987 vel
2040 2933 2284 3002 beneﬁcio

719 3000 1101 3066 appellationis.
2167 3000 2173 3002 ⁷

764 3068 894 3148 .129
926 3068 1105 3150 Det-ens
1126 3070 1574 3136 interpretationes
1591 3071 1718 3150 dicti
1737 3069 1953 3123 Paulini
1971 3087 1989 3124 :
2017 3070 2154 3136 «Qui
2171 3072 2282 3140 for-

719 3150 954 3207 nicatur,
983 3149 1036 3193 in
1069 3155 1253 3207 corpus
1277 3156 1426 3192 suum
1458 3149 1690 3204 peccatu

794 3211 896 3261 150
927 3206 1198 3272 Quomodo
1232 3226 1340 3262 sese
1368 3225 1542 3278 gerere
1574 3211 1795 3269 debeant
1818 3225 1936 3263 cum
1982 3211 2019 3261 ii
2067 3211 2156 3278 qui
2191 3227 2288 3262 au-

722 3279 896 3337 diunt,
933 3289 1041 3348 tam
1093 3279 1173 3330 illi
1219 3282 1309 3348 qui
1340 3282 1540 3332 dicunt.
1588 3279 1729 3345 Quid
1759 3282 1962 3334 intersit
2007 3281 2148 3333 inter
2180 3298 2291 3332 κοι-

723 3347 812 3398 νὸν
872 3347 963 3399 καὶ
1011 3347 1156 3411 ἴσον,
1188 3347 1323 3401 inter
1361 3351 1394 3400 ὰ
1442 3348 1724 3416 φιςῦητετν
1782 3350 1878 3402 καὶ
1926 3349 2292 3418 φιλονεικεῖν;

723 3418 742 3468 i
784 3424 864 3468 ter
916 3416 1335 3470 εὑὼκιμεῖσθαι.
1365 3366 1470 3470 sibe
1524 3417 1808 3470 εὐδόκιμον
1842 3416 2002 3470 εἶναι.
2035 3427 2084 3470 et
2133 3422 2292 3470 ἐπαι-

723 3418 742 3468 i
784 3424 864 3488 ter
916 3416 1335 3488 εὐδρκιμεῖσθειι,
1365 3416 1470 3470 sive
1501 3417 1808 3488 ,εὐδόκιμον
1842 3416 2002 3481 am,
2035 3427 2084 3472 et
2133 3422 2294 3488 inat-

720 3485 948 3562 νιζσθᾳι,
981 3485 1109 3562 sive
1139 3488 1618 3562 iyuwpaiCssOat;
1663 3485 1884 3560 denique
1909 3485 2290 3562 ἱπιενῆὃασθαι

721 3554 816 3607 καὶ
845 3554 1247 3622 εὐφραίνεσθὰι.

798 3624 901 3704 152
947 3624 1162 3679 Inutilis
1206 3638 1252 3681 et
1286 3627 1578 3696 periculosa
1607 3628 1752 3681 nobis
1783 3638 1910 3684 esset
1961 3629 2296 3699 pracogn'itio

723 3709 958 3746 omnium
989 3710 1164 3748 rerum
1203 3707 1357 3766 atque
1388 3706 1682 3750 eventuum.

799 3787 900 3842 155
947 3785 1091 3843 Fons
1123 3791 1288 3844 omnis
1339 3792 1394 3844 in
1436 3791 1543 3844 vita
1589 3791 1936 3859 confusionis.
1955 3803 2000 3846 et
2033 3792 2172 3844 inter
2200 3796 2296 3848 ha—

725 3858 888 3927 miaeﬁs
921 3859 1216 3912 animorum
1249 3861 1664 3914 exacerbationis
1692 3858 1760 3914 et
1806 3865 2150 3918 contentionis
2197 3872 2295 3927 est,

725 3926 866 3987 quod
912 3943 1183 3999 sacrarum
1225 3929 1547 3983 Litterarum
1596 3931 1828 3984 studium
1872 3932 2190 3999 negligitur,
2251 3926 2298 3987 et

723 3997 1077 4067 unusquisque
1109 4013 1227 4050 suos
1261 3999 1477 4066 affectus
1509 4001 1696 4053 divinis
1725 3997 1951 4054 oraculis
1982 3997 2268 4067 anteponit.

788 4065 901 4182 1154
935 4064 1043 4117 Lex
1072 4077 1118 4119 et
1145 4064 1404 4136 propheta:
1428 4071 1744 4136 pra'paratio
1770 4069 1980 4137 fuerunt
2017 4072 2083 4123 ad
2105 4064 2299 4126 'Evan-

807 4150 936 4182 tum.

760 4149 936 4187 etium.

725 4152 1208 4272 geligghExpositio
1239 4205 1367 4258 dicti
1407 4207 1601 4260 Christi
1631 4201 1822 4259 Matth.
1873 4221 1942 4271 Χ,
1981 4207 2042 4261 41
2085 4224 2097 4259 :
2141 4225 2158 4258 «
2200 4207 2302 4272 Qui

728 4275 909 4339 recipit
935 4276 1316 4344 prophetamiin
1345 4290 1526 4328 nomen
1551 4277 1833 4341 prophette,
1859 4280 2144 4330 mercedem
2176 4295 2300 4344 prov-

727 4345 892 4410 phette
923 4345 1188 4411 accipiet.)
1236 4343 1522 4396 Honestum
1554 4346 1717 4411 ipsius
1748 4347 1968 4408 honesti,
2010 4362 2111 4398 non
2137 4343 2303 4398 alicu-

721 4413 812 4484 jus
868 4412 1000 4484 lucri
1049 4413 1388 4482 utilitatisque
1433 4422 1524 4466 aut
1571 4413 1815 4467 humanm
1868 4415 2049 4484 gloriae
2115 4433 2301 4484 causa,

729 4481 1000 4533 colendum
1036 4494 1129 4534 est.

801 4550 902 4604 156
940 4550 1207 4620 «Regnum
1236 4552 1480 4606 caelorum
1515 4553 1612 4605 vim
1645 4553 1863 4618 patitur,
1894 4559 1942 4604 et
1969 4548 2177 4607 violenii
2213 4572 2299 4606 ra-

728 4619 880 4686 piunt
933 4618 1085 4688 illud,
1124 4640 1143 4672 ι
1189 4622 1383 4674 Matth.
1421 4637 1496 4685 xI,
1547 4621 1676 4674 Luc.
1716 4636 1823 4687 XVI,
1858 4625 2115 4690 quomodo
2145 4626 2297 4677 intel-

729 4689 1012 4738 ltaendum.

754 4691 1012 4755 igendum.

808 4761 901 4812 157
941 4758 1212 4828 Expositio
1267 4760 1396 4811 dicti
1447 4757 1638 4814 Christi
1682 4760 1870 4814 Matth.
1929 4776 2002 4813 ιι
2069 4781 2086 4812 «
2119 4762 2300 4818 Estole

730 4831 1008 4895 prudentes
1029 4831 1159 4883 sicut
1182 4840 1460 4896 serpentes,
1490 4843 1532 4880 et
1563 4831 1817 4894 simplices
1839 4832 1967 4883 sicut
1989 4832 2292 4887 columbam

733 4897 984 4969 licemplg
1022 4914 1272 4969 quatenus
1308 4901 1557 4962 capienda
1601 4901 1725 4952 sint.

807 4967 905 5042 158
941 4967 1482 5042 Τνιὲιίιὶωνῗαεειιιιωκ
1524 4970 1734 5035 repellat
1760 4987 1820 5023 ac
1849 4972 2054 5042 subigat
2091 4974 2299 5027 animus

732 5040 969 5102 precibus
1005 5056 1064 5090 ac
1092 5041 1428 5092 meditatione
1454 5042 1731 5091 calestmm
1766 5040 2121 5102 pmmidrum.

805 5105 902 5159 159
933 5109 1320 5160 Admonitiones
1353 5120 1395 5159 et
1431 5110 1846 5175 reprehensiones
1882 5115 2181 5165 vitiosarum
2209 5114 2302 5166 ho-

734 5177 934 5245 minum
993 5182 1166 5245 quales
1222 5194 1329 5230 esse
1377 5189 1421 5228 et
1478 5180 1730 5244 quomodo
1784 5182 2015 5235 adhiberi
2061 5183 2298 5238 debeant.

737 5243 1013 5320 Quomodo
1033 5247 1151 5298 item
1187 5248 1399 5311 ferenda
1432 5243 1498 5298 sit
1542 5249 1656 5298 boni
1690 5263 1893 5308 eventus
1933 5253 2227 5320 frustratio.

810 5315 910 5366 MU
943 5313 1234 5389 Scripturte
1256 5332 1423 5389 sactth
1467 5333 1582 5389 cum
1611 5332 1786 5368 eorum
1828 5324 1913 5389 qui
1933 5313 2090 5376 extra
2125 5321 2304 5378 Eccle-

736 5382 871 5433 sium
904 5395 1020 5435 sunt
1061 5388 1263 5449 scriptis
1297 5385 1527 5438 collatio.

814 5452 903 5505 141
945 5453 1050 5505 Cur
1089 5455 1314 5520 leprosos
1344 5465 1389 5506 et
1432 5457 1550 5508 aliis
1587 5462 1782 5515 morbis
1818 5463 2183 5517 involuntariis
2219 5466 2271 5517 la

738 5521 976 5574 bat-antes
1006 5524 1088 5575 lex
1104 5526 1421 5590 prohibuerit
1452 5526 1685 5594 ingressu
1713 5546 2023 5585 castrorum.
2059 5535 2304 5587 Parentes

737 5605 878 5670 sirpe
902 5593 952 5644 in
986 5595 1159 5670 liberis
1184 5595 1388 5670 gravius
1418 5593 1574 5663 quam
1604 5599 1654 5648 in
1678 5604 1970 5669 semetipsis
1987 5605 2301 5669 plectuntur.

738 5658 927 5727 Confer
955 5681 1032 5729 ep.
1065 5663 1158 5716 117
1189 5658 1241 5715 lt.
1277 5665 1313 5718 l.

815 5729 915 5812 142
954 5733 1022 5811 De
1055 5749 1244 5812 annona
1274 5745 1551 5812 Materna
1582 5743 1908 5812 generatione
1951 5742 2081 5796 Filii
2120 5742 2214 5797 Dei
2244 5760 2306 5798 ex

740 5801 1030 5857 substantia
1064 5803 1154 5858 Dei
1193 5802 1387 5860 Patria.

1840 385 2402 457 PROLEGOMENA
2442 395 2641 457 EDIT.
2685 396 2930 457 PARIS.

3863 347 4068 462 160:

2455 502 2557 556 145
2609 503 2681 557 De
2714 501 3012 572 differentia
3045 501 3266 570 legitimi
3283 571 3292 574 _
3312 501 3518 574 imperii
3541 509 3589 556 et
3616 504 3917 574 tyrannidis
3938 520 3962 560 :

2381 588 2602 640 quorum
2632 571 2779 624 illud
2799 576 2866 625 ad
2894 574 3241 633 subditorum,
3272 571 3382 624 hac
3419 573 3488 624 ad
3522 571 3823 640 impérantis
3853 578 3962 628 uti-

2383 644 2582 695 litatem
2624 644 2893 706 propriam
2938 644 3184 704 refertur.

2454 712 2556 765 144
2615 710 2765 766 Ratio
2822 713 3165 765 conciliandi:
3233 711 3378 778 pacis

2417 797 2496 833 ua:
2550 783 2640 834 sit.

2381 798 2898 906 quflss'gacerdotii
2944 867 3132 904 munus
3180 849 3475 918 perdifﬁcile
3537 865 3650 903 esse
3699 859 3837 904 recte
3859 855 3962 904 ad-

2380 923 2684 974 ministrare
2715 925 2882 981 docet,
2921 922 3059 990 quod
3092 920 3223 973 varii
3248 921 3352 972 sint
3393 935 3456 971 ac
3493 919 3806 986 multiplices
3840 923 3962 973 ani-

2382 1006 2583 1043 morum
2630 994 2834 1053 morbi,
2881 993 2967 1059 qui
3019 1007 3120 1042 non
3152 1005 3271 1059 uno,
3304 1004 3480 1041 omnes
3527 991 3752 1059 remedio
3780 992 3964 1043 curari

2381 1062 2599 1127 possint.
2639 1059 2786 1114 Unde
2814 1069 2862 1113 et
2893 1057 3129 1113 Christus
3158 1058 3487 1122 exclamavit,
3517 1057 3703 1112 Matth.
3741 1074 3866 1113 ulv
3913 1070 3964 1114 et

2382 1129 2508 1185 Luc.
2545 1144 2616 1181 XII
2646 1149 2659 1183 -.
2701 1148 2718 1180 «
2747 1132 2900 1193 Quis,
2933 1142 3106 1196 putas,
3131 1139 3204 1181 est
3233 1127 3404 1194 fidelis
3439 1144 3612 1180 servus
3633 1139 3678 1182 et
3707 1132 3966 1196 prudens,

2378 1215 2526 1266 quem
2556 1201 2832 1252 constituet
2873 1197 3126 1251 Dominus
3177 1212 3334 1264 super
3381 1197 3643 1265 familiam
3671 1213 3824 1252 suasu
3849 1238 3864 1263 ,
3899 1212 3959 1252 ut

2380 1273 2464 1320 det
2499 1268 2604 1320 illis
2649 1268 2947 1321 demensum
2976 1269 3026 1320 .’s

2451 1337 2554 1391 146
2605 1337 2846 1390 Christus
2892 1339 3114 1390 adventu
3157 1351 3250 1389 suo
3292 1335 3468 1388 docuit
3507 1337 3740 1390 homines
3769 1337 3968 1392 animi:

2379 1408 2844 1469 immortalitatem,
2863 1421 2909 1460 et
2935 1408 3358 1459 resurrectionem
3386 1407 3583 1467 carnis,
3611 1415 3660 1458 et
3693 1405 3962 1475 judicium

2379 1478 2620 1546 futurum
2647 1486 2843 1546 ,Aatque
2875 1476 2948 1528 ita
2997 1477 3066 1528 ad
3099 1477 3304 1528 virtutis
3338 1475 3581 1546 studium
3600 1490 3686 1528 eos
3715 1476 3966 1546 excitavit

2377 1543 2427 1600 et
2465 1549 2627 1598 acuit.
2662 1543 2944 1600 Peccatum
2977 1554 3170 1613 morte
3181 1546 3394 1613 gravius
3417 1586 3430 1610 ,
3463 1553 3512 1596 et
3563 1544 3672 1598 hac
3711 1560 3820 1613 prie
3868 1545 3966 1598 illo

2377 1615 2644 1686 eligenda.
2682 1612 3112 1686 Defdictonl’auli
3150 1612 3310 1686 Hebr.
3341 1629 3395 1678 ιι,
3456 1613 3545 1686 15.

2452 1681 2550 1739 14⁸7
2593 1683 2712 1738 Non
2743 1684 2897 1738 Jesus
2914 1681 3059 1737 Nave
3088 1699 3176 1737 seu
3199 1681 3387 1748 Josua,
3419 1684 3508 1736 sed
3531 1681 3686 1737 lesus
3721 1681 3967 1738 Christus

2381 1771 2552 1876 verat;
2579 1764 2628 1807 et
2652 1754 2879 1876 ss)olidam
2903 1755 3128 1822 requiem
3144 1754 3359 1822 peperit.
3393 1752 3466 1807 De
3487 1753 3599 1806 loco
3618 1749 3778 1807 Pauli
3797 1751 3964 1806 Hebr.

2389 1840 2459 1876 η.
2577 1836 2622 1876 et
2695 1864 2706 1876 .

2389 1840 2459 1882 tv.
2512 1825 2545 1876 8
2577 1836 2622 1877 et
2652 1825 2706 1879 9.

2461 1892 2562 1948 118
2599 1892 2784 1961 Inique
2808 1903 2853 1947 et
2889 1892 3124 1962 improbe
3150 1901 3360 1961 agentes
3404 1909 3508 1948 non
3537 1901 3658 1947 sunt
3693 1890 3967 1946 laudando

2387 1973 2434 2017 et
2462 1962 2731 2016 adulando
2764 1961 3112 2031 confirmandi
3139 1963 3191 2031 in
3219 1979 3319 2016 sua
3346 1964 3677 2031 improbitate
3699 1999 3714 2024 ,
3756 1963 3848 2015 sed
3885 1964 3966 2016 vel

2386 2034 2595 2087 silentio
2628 2032 2702 2084 vel
2732 2030 2870 2101 fuga
2897 2047 3076 2084 sensus
3116 2030 3307 2101 aliq_uis
3348 2030 3698 2099 improbitatis
3727 2033 3801 2084 eis
3835 2032 3970 2100 inji-

2388 2103 2600 2156 ciendus
2626 2141 2652 2165 ,.
2687 2113 2742 2156 ut
2792 2101 3147 2168 corrigantur.
3199 2101 3376 2154 Etiam
3411 2102 3648 2155 voluntas
3677 2109 3832 2168 atque
3860 2101 3969 2154 im-

2386 2172 2560 2241 pulsio
2592 2172 2646 2223 in
2669 2180 2942 2239 utramque
2963 2178 3166 2238 partem
3201 2184 3303 2223 non
3343 2180 3484 2224 caret
3527 2168 3603 2242 vel
3645 2171 3858 2242 prcmio
3888 2172 3969 2224 vel

2387 2257 2558 2310 pana,
2591 2242 2824 2310 quamvis
2853 2251 3059 2310 eventus
3098 2255 3200 2310 non
3241 2241 3585 2310 responderit.

2461 2311 2564 2366 H9
2596 2307 2870 2380 EJ‘pOsilio
2896 2309 3020 2380 dicti
3049 2309 3236 2380 psalmi
3272 2324 3356 2380 Ls}
3377 2325 3394 2359 :
3430 2307 3632 2380 «Semel
3653 2308 3857 2380 locutus
3888 2318 3968 2361 est

2390 2379 2532 2434 Deus
2560 2395 2578 2434 :
2607 2378 2712 2434 duo
2748 2383 2857 2432 ha'c
2881 2378 3080 2441 audivi,
3109 2395 3126 2428 ι
3153 2388 3257 2432 etc.
3289 2378 3731 2432 Comminationes
3770 2378 3971 2432 divina:

2390 2466 2659 2520 poenarum
2700 2451 2916 2504 tacitam
2956 2447 3143 2500 habent
3176 2463 3435 2501 annexam
3472 2449 3825 2502 conditionem
3854 2463 3968 2517 pce-

2391 2520 2644 2575 nitentia'.

2461 2588 2563 2642 150
2601 2588 2716 2654 Quo
2760 2587 3034 2641 vilioribus
3089 2596 3138 2640 et
3196 2586 3735 2645 contumeliosioribus
3800 2589 3971 2638 armis

2390 2656 2626 2712 Christus
2649 2657 2918 2710 diabolum
2951 2656 3100 2718 vicit,
3131 2671 3190 2709 eo
3218 2655 3414 2707 clarior
3459 2667 3504 2709 et
3550 2656 3808 2709 illustrior
3850 2656 3971 2724 ejus

2388 2729 2602 2782 victoria
2637 2737 2737 2790 est,
2770 2725 3146 2794 quasiathleta
3196 2725 3428 2794 cinctus,
3471 2735 3519 2778 et
3558 2735 3730 2779 tamen
3781 2728 3968 2779 victor.

2395 2797 2468 2850 De
2492 2799 2628 2850 dicto
2662 2793 2813 2850 Pauli
2845 2793 2869 2847 Ι
2913 2793 3149 2850 Corinth.
3180 2811 3238 2857 II,
3274 2793 3327 2845 2.

2464 2867 2555 2919 151
2620 2868 2692 2921 De
2743 2865 3072 2934 providentia
3102 2863 3194 2917 Dei
3239 2863 3415 2916 omnia
3461 2863 3515 2915 in
3555 2863 3682 2916 cclo
3727 2874 3974 2934 terraque

2393 2937 2633 2989 videntis.

2464 3005 2568 3058 1ὅῖ
2605 3005 2677 3058 De
2710 3005 2849 3057 dicto
2881 3001 3175 3057 Salomonis
3200 3019 3218 3056 :
3256 3022 3274 3054 «
3305 3000 3641 3073 Longanimis
3666 3005 3743 3057 vir
3769 3005 3974 3058 multus

2392 3075 2444 3127 in
2467 3077 2772 3140 prudentia,
2809 3073 3173 3140 pusillanimus
3190 3083 3360 3125 autem
3384 3072 3534 3126 valde
3560 3074 3806 3131 insipiens
3829 3083 3930 3127 est.
3948 3093 3969 3126 s

2468 3144 2570 3198 155
2598 3145 2712 3208 Quo
2737 3156 2888 3211 pacto
2915 3143 3304 3212 intelligendum
3330 3142 3397 3194 sit
3436 3141 3569 3194 illud
3591 3142 3748 3196 labi:
3781 3146 3976 3198 (Astra

2398 3229 2498 3266 non
2534 3225 2652 3266 sunt
2688 3215 2882 3264 munda
2919 3213 2972 3264 in
3011 3225 3284 3278 conspectu
3317 3212 3448 3276 eius.
3475 3229 3493 3261 ι

2469 3285 2571 3336 154
2599 3282 2795 3336 Christi
2821 3284 3045 3334 adventu
3077 3297 3400 3348 compressus
3434 3293 3688 3350 tyrannus
3725 3283 3976 3339 diabolus

2398 3355 2444 3406 vi
2475 3353 2698 3414 annilius
2726 3367 2827 3404 non
2857 3361 3018 3419 potest
3066 3367 3247 3404 nocere
3270 3390 3284 3414 ,
3315 3351 3402 3403 sed
3437 3361 3640 3403 tantum
3667 3352 3977 3419 deceptione

2397 3433 2442 3476 et
2501 3421 2706 3490 fraude.
2762 3419 2958 3473 Eorum
3010 3421 3170 3489 igitur
3220 3421 3386 3487 culpa:
3439 3430 3512 3474 est
3573 3422 3970 3489 ascribendum,

2398 3494 2536 3559 quod
2587 3494 2649 3542 ab
2695 3507 2753 3543 eo
2791 3501 3137 3560 superentur,
3180 3492 3268 3559 qui
3305 3507 3359 3543 se
3411 3490 3546 3558 ipsos
3577 3493 3623 3542 ei
3654 3506 3751 3543 sua
3790 3504 3979 3559 sponte

2399 3562 2704 3613 subiiciunt.

2471 3579 2764 3692 iliimgiiw
2809 3632 2872 3682 sit
2921 3633 3060 3697 apud
3106 3628 3324 3694 Isaiam,
3366 3646 3480 3698 cap.
3530 3647 3618 3684 LI:
3680 3627 3978 3684 «Poculnm

2400 3705 2568 3752 ruina:
2605 3708 2652 3750 et
2685 3701 2824 3752 calix
2858 3701 3073 3765 furoris.
3097 3719 3114 3750 ι

2471 3769 2572 3822 157
2614 3767 2689 3822 De
2714 3787 2866 3822 sensu
2899 3772 3022 3823 dicti
3047 3769 3210 3823 Levit.
3241 3785 3360 3822 xxI:
3400 3768 3598 3837 «Super
3623 3770 3764 3822 omni
3792 3770 3978 3823 anima

2402 3850 2612 3892 mortua
2643 3857 2745 3892 non
2773 3842 3146 3908 ingredietur.s
3179 3839 3378 3906 Corpus
3409 3847 3670 3892 mortuum
3703 3855 3790 3892 seu
3814 3840 3980 3893 cada-

2403 3924 2490 3964 ver
2539 3911 2706 3975 ipsum
2752 3925 2854 3972 per.
2895 3924 2946 3962 se
2979 3926 3078 3962 non
3116 3921 3189 3962 est
3222 3911 3523 3977 impurum,
3555 3925 3714 3975 neque
3743 3909 3932 3975 polluit
3959 3927 3978 3964 .'

2403 3978 2527 4045 quia
2560 3977 2824 4030 naturalia
2865 3988 3013 4030 extra
3043 3980 3250 4044 culpam
3289 3988 3340 4047 et
3383 3979 3581 4030 crimen
3626 3989 3744 4047 sunt
3771 3992 3790 4030 :
3832 3983 3979 4047 quod

2405 4049 2748 4116 probaturAex
2784 4048 2894 4099 loco
2928 4050 3264 4116 reliquiarum
3311 4045 3528 4114 Iosephi
3565 4045 3981 4114 translatorum,

2402 4126 2449 4168 et
2486 4114 2626 4169 dicto
2655 4113 2853 4170 Saloni.

2474 4185 2578 4238 158
2610 4184 2684 4238 De
2713 4187 2849 4237 dicto
2885 4185 3087 4239 Saloni.
3123 4185 3364 4240 Proverb.
3391 4199 3409 4238 :
3464 4184 3698 4253 «Septies
3728 4188 3867 4240 cadit
3884 4189 3985 4257 ju-

2404 4265 2512 4309 stus
2549 4264 2597 4306 et
2628 4266 2870 4322 resurget.
2897 4274 2915 4306 ι

2479 4323 2580 4377 159
2612 4323 2812 4377 Salutio
2843 4327 3142 4377 antinomia:
3169 4325 3466 4392 apparentis
3497 4326 3630 4377 inter
3650 4323 3793 4378 dicta
3817 4326 3981 4382 Chri-

2408 4395 2510 4445 sti:
2549 4392 2770 4445 «Luceat
2793 4394 2882 4444 lux
2909 4406 3077 4446 vestra
3101 4411 3276 4447 coram
3307 4393 3635 4451 hominibus.
3672 4404 3727 4445 ut
3765 4397 3983 4451 videant

2410 4472 2577 4515 vestra
2612 4464 2767 4536 bona,
2807 4478 3026 4536 opera,»
3067 4475 3168 4536 etc.
3220 4463 3436 4536 «Cavete
3494 4480 3554 4516 ne
3601 4463 3985 4536 eleemOsynam

2409 4544 2629 4584 vestram
2665 4533 2875 4600 faciatis
2916 4531 3088 4585 coi‘om
3137 4533 3484 4585 hominibus»

3451 711 3624 764 minus
3685 710 3962 778 probanda

2471 4645 2552 4696 Ab
2597 4655 2742 4698 recte
2775 4643 2929 4697 factis
2979 4643 3117 4697 absit
3155 4647 3469 4698 ostentatio.

2471 4714 2621 4767 Mens
2649 4716 2931 4768 ambitiosa
2964 4716 3130 4782 pestis
3153 4728 3238 4767 est
3275 4717 3453 4782 operis
3485 4716 3630 4772 boui.

2475 4783 2542 4838 Ut
2581 4796 2736 4839 nocte
2767 4787 2818 4838 in
2848 4790 3075 4837 muscum
3110 4787 3309 4838 micare
3340 4786 3425 4837 fax
3473 4801 3626 4850 sonu.

2474 4855 2565 4907 b‘ic
2596 4855 2761 4923 litiget
2788 4866 2841 4907 et
2879 4856 3048 4907 virtus
3078 4855 3245 4908 latere
3273 4856 3483 4911 nescia.

2473 4923 2665 4992 Confer
2693 4940 2772 4991 ep.
2816 4923 2918 4976 ‘22?
2951 4925 3045 4992 inf.
3078 4927 3129 4976 h.
3167 4924 3203 4978 ι.

2476 5038 2577 5095 160
2618 5038 2886 5116 Expositio
2913 5036 3314 5116 dictiEzechiel
3349 5057 3441 5094 XI:
3487 5043 3766 5112 «Auferam
3799 5045 3864 5098 ab
3900 5050 3988 5116 ip-

2405 5108 2475 5161 sis
2511 5126 2600 5160 cor
2632 5110 2913 5186 lapideum,
2946 5121 2989 5160 et
3024 5110 3321 5186 dabo-ipsis
3358 5127 3447 5163 cor
3478 5108 3750 5171 corneum:
3791 5137 3807 5167 ι
3842 5108 3987 5186 quod

2406 5189 2625 5247 utraque
2657 5179 2718 5230 de
2757 5180 2934 5230 habitu
2962 5188 3009 5230 et
3043 5180 3312 5246 qualitate,
3353 5197 3454 5233 non
3486 5188 3546 5237 de
3575 5179 3869 5241 substantia
3899 5189 3983 5241 in-

2405 5249 2686 5319 telligenda
2728 5251 2850 5302 sint.

2479 5321 2577 5372 itii
2631 5319 2707 5370 De
2735 5322 2870 5371 tlicto
2916 5319 3161 5372 l’roverb.
3193 5340 3209 5375 :
3263 5325 3472 5376 «Astitit
3505 5326 3556 5376 in
3589 5329 3727 5378 omni
3766 5328 3845 5379 via
3879 5343 3989 5384 non

2411 5392 2580 5449 bona;
2608 5409 2622 5438 ι
2643 5401 2685 5439 ει
2711 5390 3014 5462 ίιιυ-ρκαιηιὶ
3049 5407 3243 5444 XLVI”:
3277 5395 3499 5448 «Anima
3529 5398 3639 5462 ejus
3670 5399 3724 5448 in
3753 5398 3854 5449 vita
3887 5414 3988 5451 sua

2407 5461 2758 5513 benedicetur.
2794 5458 3121 5583 Ingredietur
3138 5467 3272 5515 enim
3295 5468 3345 5514 in
3368 5458 3750 5534 generationem
3771 5477 3989 5531 patrum

2409 5547 2644 5583 suorum.
2670 5548 2688 5579 s
2725 5540 2826 5582 etv.
2899 5545 3110 5583 orruvta
3135 5536 3400 5583 hominum
3429 5536 3619 5583 iudicio
3649 5552 3780 5583 smne
3812 5539 3989 5583 beatae

2409 5547 2644 5593 suorum,
2670 5548 2688 5579 s
2725 5540 2826 5603 etv.
2854 5536 3110 5599 Corrupto
3135 5536 3400 5586 hominum
3417 5536 3619 5603 judicia
3649 5552 3780 5602 ηερε
3812 5539 3991 5594 beatos

2409 5603 2697 5668 pra'ilicant
2729 5601 2816 5665 qui
2866 5616 3037 5653 revera
3082 5615 3198 5654 sunt
3239 5601 3445 5667 miseri,
3488 5615 3534 5657 et
3566 5601 3767 5658 contra.

2487 5670 2586 5743 162
2650 5669 2825 5737 Agnus
2854 5668 3130 5743 Paschalis
3176 5676 3310 5742 μετὰ
3343 5677 3577 5743 σπουδῆς
3613 5678 3983 5733 comedendum

2414 5739 2658 5794 Studium
2687 5750 2760 5790 est
2785 5742 2917 5791 actio
2953 5753 3071 5794 ante
3107 5739 3382 5798 actionem.

2486 5809 2586 5863 165
2631 5808 2932 5877 Disputatio
2970 5811 3186 5883 insignis
3217 5826 3396 5869 contra
3431 5816 3668 5886 Origenis
3706 5815 3890 5885 dogma
3926 5818 3994 5874 ds
