4150 6438
204 394 300 461 193

1185 389 1739 454 EPISTULARUM
1776 388 1928 453 LIB.
1972 389 2023 452 Ι.
2064 414 2138 426 -
2175 389 2418 454 EPIST.
2459 389 2627 452 XIX.

3417 376 3521 455 194

201 506 333 578 πρὸς
361 501 459 558 τδν
479 501 635 572 Νῶε,
680 499 788 567 ἓως
816 498 924 557 τοῦ
942 499 1277 576 ξηρανθῆναι
1306 503 1407 574 τήν
1432 504 1558 576 γῆν,
1589 503 1686 558 καὶ
1713 504 1788 570 εις

1905 499 2041 571 Noe,
2095 502 2270 559 donec
2335 501 2681 558 siccarentur
2719 498 2966 570 aquas“.
3002 516 3022 552 ο
3066 496 3302 556 Prorsus
3369 499 3518 554 enim

198 599 264 654 τὸ
279 594 586 662 παντελὲς
601 595 704 650 οὐκ
715 593 1036 666 ἀνέστρεψε.
1056 596 1189 662 Καὶ,
1210 597 1356 660 Ἕως
1383 597 1450 651 ἂν
1479 612 1696 666 καταγη
1705 595 1804 668 ρά-

200 707 345 761 σητε,
375 691 494 759 ὶγώ
526 690 668 759 είμι,
709 687 874 760 φησὶν
904 689 933 742 δ
965 687 1118 752 Θεός.
1141 678 1268 744 ⁸Καὶ
1309 688 1451 754 εστι,
1481 685 1798 758 διηνεκῶς.

198 782 304 836 Καὶ
326 781 470 836 ἄλλα
490 778 722 835 τοιαῦτα
750 779 922 835 πολλὰ
943 821 958 846 ,
991 781 1272 852 σποράδην
1313 781 1371 835 ὲν
1398 782 1466 854 τῇ
1497 779 1620 852 θείᾳ
1651 780 1803 853 stipi-

198 889 386 927 σκεται
435 873 654 945 Γραφῇ.
699 872 758 928 '0
800 873 857 927 δὲ
912 872 1056 936 θεῖος
1094 871 1221 937 νοῦς
1270 872 1372 944 τήν
1418 871 1716 944 ὑμετέραν,
1753 863 1802 925 ὧ

211 965 455 1019 Ἰουδαῖοι
477 1007 491 1030 ,
525 965 816 1020 κακόνοιαν
844 963 1228 1036 διορθούμενος
1251 1006 1267 1032 ,
1304 965 1371 1020 ὲκ
1409 963 1672 1037 πορνείας
1703 963 1800 1020 καὶ

194 1061 540 1129 νομισάντων
583 1060 681 1114 καὶ
715 1058 1018 1128 εἰρηκότων
1048 1058 1412 1130 γεγεννῆσθαι
1439 1057 1532 1112 τὸν
1565 1058 1798 1130 Κύριον,

194 1152 480 1220 ἀνέπαφον
513 1150 687 1218 δεῖξαι
730 1149 821 1203 τὸν
862 1150 1242 1222 προσκυνητδν
1284 1150 1585 1205 ἐσπούδασε
1615 1149 1794 1216 τόκον,

193 1241 380 1311 πάσης
410 1241 534 1311 δίχα
562 1239 860 1310 έπιθυμίας
883 1279 899 1304 ,
933 1239 1029 1293 καὶ
1062 1240 1355 1304 συνουσίας
1392 1239 1793 1312 γεγενημένον,

195 1332 480 1403 θεοπρεπῆ
516 1333 572 1385 δι
602 1332 732 1385 ὄντα
761 1331 858 1386 καὶ
883 1330 1146 1403 ἄληπτον.
1187 1331 1261 1386 Τδ
1290 1333 1402 1403 γάρ
1434 1335 1576 1404 μετὰ
1619 1333 1796 1390 ταῦτα

196 1425 272 1496 μὴ
306 1425 582 1495 συμϐῆναι
611 1424 868 1498 ἀλλήλοις
914 1425 1044 1490 τοὺς
1076 1425 1177 1496 τήν
1221 1427 1485 1498 πορνείαν
1519 1442 1796 1498 συκοφαν-

191 1517 464 1588 τηθέντας
489 1557 504 1584 ,
561 1519 657 1572 καὶ
711 1521 746 1589 ή
796 1518 890 1573 τοῦ
947 1518 1185 1588 ἀγγέλου
1229 1517 1354 1591 δψις
1396 1520 1672 1588 ικώλυεν,
1727 1522 1796 1576 ἑκ

190 1609 517 1679 Πνεῦματος
581 1610 740 1679 ἁγίου
788 1611 1075 1684 εἰρηκότος
1136 1612 1406 1684 ὑπάρχειν
1464 1613 1559 1668 τὸν
1611 1614 1672 1669 ιν
1723 1616 1790 1689 τῇ

189 1700 462 1774 Παρθένῳ
503 1703 878 1774 σαρκούμενον
897 1719 914 1735 ο
961 1704 1058 1758 κα)⁸
1085 1705 1120 1775 ή
1156 1704 1520 1778 μεγαλειότης
1553 1705 1664 1760 τῶν
1694 1705 1792 1760 τοῦ

186 1793 358 1846 τόκου
387 1792 680 1862 θαυμάτων
712 1794 814 1848 οὐκ
852 1793 1175 1866 ὲπέτρεπεν,
1212 1797 1246 1868 ή
1290 1795 1408 1867 μετ’
1452 1795 1616 1850 αὐτὸν
1642 1813 1791 1869 παρ·

1913 609 2022 651 non
2052 609 2274 652 reversa
2311 603 2417 650 est.
2443 593 2531 662 Et,
2574 613 2593 645 ‹
2627 592 2811 650 Donec
2841 592 3159 658 senueritis,
3191 606 3294 662 ego
3315 605 3464 655 sum,
3495 610 3515 645 ε

1911 687 2379 743 aitDominus“.
2444 685 2613 756 Atqui
2675 693 2761 740 est
2815 697 3107 756 perpetuo.
3169 685 3347 756 Atque
3408 682 3518 739 alia

1905 780 2178 850 permulta
2225 779 2473 852 ejusdem
2525 777 2745 850 generis
2773 778 3012 849 sparsim
3049 777 3102 832 in
3135 777 3321 832 divina
3365 775 3520 832 Scri-

1905 880 2068 942 ptura
2117 871 2493 942 reperiuntur.
2547 871 2740 926 Divina
2794 885 2960 940 porro
3007 885 3185 937 mens,
3236 884 3270 925 o
3318 867 3514 936 Judaei,

1903 976 2222 1033 perversam
2270 971 2508 1017 vestram
2545 961 2876 1018 sententiam
2923 946 3209 1030 corrigens
3245 959 3363 1031 (qui
3409 958 3516 1014 Do-

1907 1055 2124 1110 minum
2153 1069 2221 1110 ex
2265 1063 2464 1132 stupro
2491 1064 2672 1110 ortum
2704 1069 2829 1110 esse
2856 1053 3240 1120 existimastis,
3281 1067 3346 1108 ac
3381 1066 3514 1122 pro-

1903 1146 2248 1218 nuntiastis),
2280 1148 2367 1204 his
2414 1147 2600 1204 verbis
2655 1147 2785 1204 illud
2833 1148 3218 1204 demonstrare
3260 1145 3510 1212 studuit,

1907 1241 2054 1310 quod
2112 1240 2370 1296 intactus.
2403 1239 2718 1296 adorandus
2758 1250 2994 1310 partus,
3041 1253 3108 1294 ac
3157 1238 3407 1294 libidinis
3453 1245 3509 1296 et

1901 1334 2228 1391 concubitus
2273 1343 2474 1404 expers
2524 1333 2718 1398 fuerit,
2771 1333 3158 1402 divinitatique
3215 1338 3516 1388 consenta-

1900 1443 2061 1494 neus,
2095 1438 2262 1498 atque
2292 1426 2583 1496 ejusmodi,
2629 1425 2723 1497 qui
2755 1426 3012 1481 humanas
3040 1424 3271 1480 rationis
3294 1433 3514 1494 captum

1899 1520 2153 1576 excedat.
2186 1516 2325 1573 Nam
2371 1532 2442 1573 ne
2471 1526 2659 1588 postea
2703 1516 2738 1571 ii
2783 1516 2931 1570 inter
2957 1530 3017 1572 se
3041 1515 3279 1579 coirent,
3311 1513 3516 1584 quibus
3563 1560 3565 1563 .

1899 1611 2195 1667 fornicatio
2226 1625 2326 1682 per
2360 1608 2694 1664 calumniam
2730 1607 2950 1678 objecta
3001 1616 3108 1671 est,
3160 1604 3340 1675 angeli
3374 1617 3514 1674 quo-

1898 1717 2007 1774 que
2031 1702 2173 1758 visio
2197 1702 2553 1773 prohibebat,
2580 1703 2672 1773 qui
2696 1717 2846 1768 eum,
2879 1702 2972 1772 qui
3001 1702 3056 1756 in
3086 1697 3330 1771 Virginis
3353 1708 3514 1755 utero

1902 1807 2130 1848 carnem
2159 1793 2503 1861 ass‘umebat,
2530 1808 2596 1848 es
2618 1791 2827 1864 Spiritu
2845 1802 3040 1850 sancto
3052 1793 3334 1848 exstitisse
3355 1791 3514 1848 dise-

188 1883 381 1946 θενία.
413 1886 449 1956 ή
471 1883 577 1938 τῶν
605 1886 856 1955 ἀγγέλων
882 1887 1204 1958 ὑμνολογία,
1249 1889 1284 1960 ή
1314 1888 1427 1944 τῶν
1454 1889 1663 1958 Μάγων
1689 1889 1788 1943 δω-

1903 1890 1989 1936 rat
2009 1881 2059 1914 "
2091 1891 2183 1950 ;et
2223 1882 2611 1938 miraculorum
2644 1883 2700 1939 in
2745 1893 2905 1954 partu
2933 1884 3208 1940 editorum
3245 1883 3514 1951 tnajestas

189 1977 450 2049 ροφορία,
477 1979 512 2051 ή
543 1975 642 2031 τοῦ
673 1978 908 2050 ἀστέρος
933 1979 1296 2049 φωταγωγία,
1331 1982 1364 2052 ή
1399 1981 1481 2045 είς
1512 1979 1796 2050 Αἴγυπτον

185 2069 422 2141 ὁδηγία,
472 2072 505 2140 ή
539 2070 650 2124 τῶν
683 2069 921 2125 εἰδώλων
965 2072 1338 2143 αἰχμαλωσία,
1383 2074 1478 2128 καὶ
1523 2076 1558 2147 ή
1610 2074 1793 2130 αὐτῶν

186 2161 420 2216 εκείνων
472 2162 785 2234 δικαιοσύνη
825 2160 933 2218 ὑπὸ
963 2163 1066 2234 τῆς
1095 2163 1248 2230 θείας
1293 2165 1519 2238 Γραφῆς
1569 2184 1787 2240 μαρτυ-

189 2255 454 2326 ρουμένη.
483 2253 646 2327 Δηλοτ
669 2254 728 2309 δι
768 2255 864 2310 καὶ
908 2256 941 2328 ή
982 2256 1273 2311 τελευταία
1303 2257 1399 2311 τοῦ
1431 2259 1638 2329 Κυρίου
1669 2259 1790 2316 διά-

186 2343 364 2408 θεσις,
406 2345 628 2418 Ἰωάννη
673 2345 755 2418 τῷ
812 2347 1072 2419 παρθένῳ
1115 2348 1216 2417 τὴν
1267 2349 1532 2404 Θεοτόκον
1586 2352 1791 2423 συστή-

189 2451 414 2499 σαντος,
456 2436 552 2489 καὶ
598 2436 700 2501 τὰς
733 2439 1017 2507 ἑκατέρων
1066 2437 1369 2509 παρθενίας
1422 2439 1785 2512 συνάψαντος,

186 2526 355 2598 ήνικα
379 2527 476 2580 ἰπὶ
517 2525 613 2580 τοῦ
652 2528 890 2601 σταυροῦ
919 2527 997 2582 ὢν
1042 2527 1310 2593 ζωοποιὺν
1337 2531 1580 2603 ὑπέμενε
1622 2531 1793 2588 θάνα-

182 2634 305 2674 τον.
347 2619 413 2672 El
449 2618 625 2673 ταῦτα
655 2620 717 2674 οὐ
752 2619 931 2674 πείθει
968 2620 1062 2674 τὸν
1091 2624 1405 2695 γογγυστὴν
1438 2625 1536 2680 καὶ
1569 2625 1795 2695 φιλοπό-

184 2723 357 2778 νηρον
384 2706 514 2763 λαὸν
533 2749 548 2773 ,
578 2703 641 2764 οὗ
683 2711 766 2773 εις
799 2709 962 2780 φύσιν
1004 2710 1193 2766 λοιπὸν
1220 2713 1283 2766 τὸ
1317 2712 1612 2786 θεομαχεῖν
1652 2733 1791 2771 κατ-

183 2797 344 2868 έστη,
389 2801 532 2855 κατὰ
568 2804 790 2875 πετρῶν
823 2806 1091 2879 σπείρεις,
1122 2809 1220 2862 καὶ
1246 2808 1370 2864 καθ’
1407 2809 1620 2867 ὑδάτων
1650 2811 1790 2884 γρά-

183 2906 330 2959 φεις,
357 2895 453 2947 καὶ
482 2895 737 2952 πέπαυσο
770 2900 1172 2969 ματαιοπονῶν.

1905 1983 2071 2044 atque
2101 1973 2406 2045 amplitudo
2435 1975 2682 2043 vetabat,
2711 1984 2769 2031 et
2799 1975 3116 2046 virginitas,
3147 1989 3270 2045 qua:
3294 1982 3511 2044 partum

1895 2077 2084 2122 secuta
2109 2078 2218 2133 est,
2252 2077 2310 2122 et
2341 2067 2665 2138 angelorum
2685 2078 2884 2124 cantus
2910 2079 2965 2124 et
2994 2053 3240 2124 ablatum
3273 2082 3304 2122 a
3335 2065 3513 2136 Magis

1895 2175 2117 2226 munus,
2155 2169 2213 2216 et
2253 2160 2410 2217 stella
2442 2161 2750 2231 prmlucens
2769 2161 2841 2226 ",
2886 2172 2942 2216 et
2969 2159 3226 2226 deductio
3253 2159 3308 2216 in
3340 2158 3514 2232 Egy-

1895 2260 2070 2322 ptum,
2133 2260 2192 2308 et
2261 2251 2684 2308 simulacrorum
2754 2252 3091 2323 captivitas,
3157 2263 3216 2308 et
3287 2251 3510 2308 illorum

1895 2343 2142 2415 ipsorum
2171 2342 2386 2412 iustitia
2433 2344 2736 2415 Scriptura!
2771 2355 2976 2401 sancta:
3019 2344 3342 2401 testimonio
3375 2359 3510 2401 con-

1897 2430 2136 2485 ﬁrmata.
2180 2431 2322 2500 Quin
2353 2431 2503 2489 istud
2543 2448 2766 2504 quoque
2795 2445 3132 2504 postremum
3176 2433 3396 2490 Domini
3427 2443 3510 2491 te—

1890 2531 2226 2580 stamentum
2259 2516 2470 2594 liquido
2501 2527 2867 2592 demonstrat,
2899 2527 2991 2597 qui
3020 2540 3131 2597 quo
3159 2535 3412 2599 tempore
3437 2525 3506 2596 ,itt

1889 2629 2058 2672 cruce
2113 2623 2256 2682 erat,
2295 2632 2363 2673 ac
2407 2617 2625 2673 viviilca
2679 2627 2859 2675 morte
2896 2618 3252 2690 fungebatur,
3301 2617 3506 2676 Joauni

1888 2705 2088 2778 virgini
2125 2709 2446 2778 genitricem
2484 2709 2581 2766 Dei
2617 2712 3123 2780 commendavit“,
3168 2721 3336 2784 atque
3370 2726 3496 2768 am-

1887 2799 2084 2856 borum
2134 2799 2487 2872 virginitates
2525 2801 2826 2873 copulavit.
2863 2803 2923 2859 Si
2968 2803 3088 2860 hee
3133 2811 3509 2860 murmurato-

1888 2907 2027 2957 rem,
2077 2899 2247 2961 atque
2304 2893 2680 2964 improbitatis
2735 2899 3013 2952 amabtem
3058 2896 3321 2967 populum
3385 2910 3498 2952 non

184 2997 432 3081 movent,
467 2989 555 3081 cui
589 2987 910 3081 jamDeum
951 2993 1094 3050 bello
1129 2995 1403 3054 lacessere
1441 2997 1498 3054 in
1529 3006 1784 3056 naturam
1824 3000 2109 3059 redactum
2136 3008 2249 3072 est,
2282 3001 2340 3058 in
2378 3009 2568 3072 petras
2619 3001 2889 3072 seminas,
2911 3012 2968 3072 et
2993 3003 3050 3060 in
3077 3006 3238 3081 aquis
3263 3003 3492 3062 scribis.

184 3070 468 3132 Incassum
505 3076 694 3148 itaque
718 3079 974 3138 laborare
999 3083 1212 3140 desine.

471 3193 575 3250 ιε’.
596 3226 668 3238 -
694 3197 1101 3274 apsntum
1133 3201 1508 3276 sunttunc.

183 3306 288 3364 Διὸ
307 3308 369 3363 τι
389 3309 464 3364 οὐ
487 3311 1018 3387 συμᾳτεδικάσνθη
1043 3314 1169 3387 ςοῒς
1202 3316 1338 3387 περὶ
1365 3316 1472 3372 τὸν
1507 3318 1785 3376 Ἁνανίαν

579 3384 612 3436 ό
645 3383 877 3454 Δανιὴλ
909 3384 981 3438 ἐν
1006 3384 1084 3454 τῇ
1114 3383 1383 3459 ampli-rp.

251 3517 358 3577 Διὰ
377 3517 452 3585 τί,
488 3518 627 3591 ἔφης
664 3519 801 3594 (ΩΟ),
846 3521 987 3592 μετὰ
1019 3522 1131 3577 τῶν
1163 3525 1334 3597 τριῶν
1379 3527 1544 3583 ὁσίων
1575 3528 1784 3586 παίδων

179 3614 282 3684 τήν
325 3612 610 3684 πυρκαϊάν
647 3614 710 3667 οὐ
740 3615 1110 3690 κατεδικάσθη
1139 3618 1169 3672 δ
1196 3619 1374 3690 μέγας
1401 3621 1602 3696 Δανιὴλ
1631 3622 1787 3696 παρὰ

180 3703 277 3758 τοῦ
347 3699 694 3759 Βαϐυλωνίου
714 3745 730 3771 ,
786 3706 1060 3780 σύμφρων
1107 3709 1295 3776 αὐτοῖς
1342 3715 1632 3785 τυγχάνων
1687 3718 1786 3773 καὶ

184 3795 563 3869 συμφυλέτης,
608 3799 702 3851 καὶ
729 3799 1062 3869 ὁμοδίαιτος,
1111 3803 1209 3858 καὶ
1253 3805 1456 3876 μᾶλλον
1495 3807 1597 3880 τῆς
1626 3811 1786 3867 εὐσε-

184 3887 340 3952 ϐείας
369 3887 729 3957 διδάσκαλος;
772 3892 1017 3966 Ἐπειδὴ,
1062 3894 1228 3966 φημὶ,
1259 3899 1404 3953 κατὰ
1433 3899 1586 3957 θείαν
1624 3904 1786 3960 τοῦτο

184 3978 520 4051 ᾠκονομήθη
558 3979 934 4052 προμήθειαν,
968 3983 1056 4038 ἴνα
1088 3984 1164 4058 μὴ
1192 3985 1270 4059 τῷ
1300 3988 1525 4062 ὀνόματι
1555 3994 1650 4049 τοῦ
1678 3995 1788 4050 Βα-

183 4070 454 4125 ϐυλωνίου
481 4071 640 4136 Θεοῦ,
677 4073 778 4145 τήν
823 4075 1173 4132 κατάκαυσιν
1217 4082 1319 4153 τῆς
1348 4082 1547 4152 φλογὸς
1576 4086 1626 4140 oi
1655 4087 1787 4141 ἀσε-

184 4161 301 4228 θεῐς
351 4163 744 4236 ιπιγράφωσιο
795 4165 1088 4242 Βαλτάσαρ
1129 4170 1240 4245 γάρ
1273 4173 1460 4240 αὑτὸν,
1496 4175 1578 4239 είς
1616 4178 1785 4250 τιμήν

182 4252 285 4322 τῆς
339 4253 452 4307 τῶν
503 4255 841 4328 ἀπορρήτων
897 4259 1232 4331 σαφηνείας,
1294 4262 1600 4335 ὠνόμαζον.
1671 4267 1785 4322 Καὶ

181 4344 360 4416 δόγμα
405 4346 622 4400 τοιοῦτο
653 4350 786 4420 παρ’
820 4350 1055 4416 ἐκείνοις
1095 4356 1329 4426 κρατεῖ,
1362 4355 1437 4421 ὡς
1473 4358 1570 4412 καὶ
1622 4359 1784 4430 μόνον

181 4437 609 4510 ὀνομαζόμενον,
643 4439 1084 4514 θαυματωργεῐν
1127 4444 1221 4500 τὸν
1267 4445 1402 4502 Θεὸν
1430 4450 1629 4506 αὐτῶν.
1667 4452 1783 4509 Ἵνα

1813 3211 1863 3278 C

2129 3203 2182 3274 7
2210 3201 2356 3261 XIX.
2385 3234 2460 3248 —
2481 3202 2859 3262 BERACLIDI
2904 3201 3266 3263 EPISCOPO.

1959 3315 2072 3373 Cur
2104 3333 2212 3374 non
2253 3336 2376 3376 cunt
2414 3321 2810 3447 ιιιὶθιιευρκειὶίε
2851 3323 3234 3380 condemnatus
3269 3323 3434 3394 fuerit

2621 3409 2742 3447 ants
2765 3432 2783 3447 .

2621 3409 2783 3450 antu.

1959 3521 2174 3591 Quaeris
2216 3538 2320 3581 cur
2351 3539 2583 3597 magnus
2619 3525 2811 3585 Daniel
2860 3544 2971 3585 una
3018 3545 3142 3587 cum
3186 3529 3362 3586 tribus
3395 3532 3502 3603 piis

1888 3613 2334 3674 adolescentibus
2391 3633 2422 3674 a
2478 3617 2782 3691 Babylonio
2859 3635 2987 3693 rege
3037 3621 3182 3694 ignis
3229 3624 3502 3695 supplicio

1887 3708 2118 3765 minime
2153 3709 2417 3770 multatus
2468 3710 2635 3769 fuerit
2656 3711 2728 3778 “,
2762 3728 2887 3769 cum
2922 3714 3166 3781 ejusdem
3208 3731 3333 3772 cum
3366 3717 3502 3788 ipsis

1887 3802 2176 3860 sententiae
2203 3814 2376 3871 esset,
2431 3803 2794 3877 ejusdemque
2839 3807 3039 3875 tribus,
3087 3808 3375 3880 victusque
3408 3826 3504 3868 so-

1887 3893 2028 3964 cius,
2067 3894 2234 3964 .imo,
2292 3905 2352 3951 ut
2399 3899 2607 3956 rectius
2651 3899 2883 3971 loquar,
2934 3899 3156 3971 pietatis
3211 3902 3498 3972 magister.

1888 3985 2221 4058 Respondeo
2264 4005 2280 4045 :
2324 3988 2443 4048 Hoc
2510 3991 2700 4049 divino
2754 3994 2992 4051 consilio
3045 4004 3101 4052 et
3151 3997 3500 4067 providentia

1887 4080 2140 4152 contigit,
2174 4096 2245 4138 ne
2295 4083 2448 4155 impii
2500 4083 2756 4143 homines
2800 4087 3039 4144 ﬂamma:
3080 4089 3497 4158 oppressionem

1886 4172 1973 4229 del
2039 4173 2357 4247 Babylonici
2414 4178 2622 4234 nomini
2693 4179 3036 4237 ascriberent
3081 4199 3096 4237 :
3147 4181 3498 4240 Baltasarum

1886 4265 2035 4320 enim
2079 4279 2231 4332 eum,
2267 4268 2324 4321 in
2370 4267 2639 4324 honorem
2671 4270 3061 4328 declarationis
3109 4288 3294 4329 rerum
3337 4288 3500 4331 arca-

1888 4364 2110 4425 narum,
2161 4360 2532 4430 appellabant.
2581 4363 2762 4432 Atque
2806 4365 3077 4436 ejusmodi
3122 4367 3311 4437 opinio
3351 4368 3498 4438 apud

1887 4451 2014 4509 illos
2066 4452 2312 4523 vigebat,
2361 4469 2559 4526 nempe
2600 4457 2843 4527 ipsorum
2888 4459 3077 4528 deum,
3129 4462 3177 4518 si
3233 4461 3318 4518 vel
3353 4462 3500 4522 duu-

180 4530 387 4628 ταύτην
427 4532 613 4628 τοίνυν
646 4537 974 4609 καταργήσῃ
1018 4537 1120 4608 τήν
1163 4537 1344 4606 δόξαν,
1393 4541 1452 4597 ἐν
1487 4544 1553 4614 τῇ
1598 4528 1780 4617 κρίσει

1894 4553 2044 4602 taxat
2073 4545 2194 4618 ejus
2222 4562 2424 4604 nomen
2450 4552 2930 4621 pronuntiaretur,
2973 4569 3063 4611 res
3094 4555 3266 4612 miras
3293 4571 3495 4628 perpe-

180 4621 357 4694 ταύτῃ
390 4622 485 4678 τὸν
512 4625 716 4698 Δανιὴλ
745 4625 980 4700 ιχώρισε
1003 4668 1020 4695 ,
1061 4630 1158 4684 καὶ
1195 4631 1396 4705 εὑρέθη
1428 4635 1614 4708 γυμνὴ
1655 4637 1779 4692 καθ’

179 4714 381 4807 έαυτήν
414 4716 448 4786 ή
484 4715 596 4771 τῶν
620 4718 757 4773 νέων
787 4721 1089 4794 ιγκράτεια
1114 4764 1131 4792 ,
1159 4725 1255 4779 καὶ
1283 4725 1377 4781 τοῦ
1411 4727 1548 4783 Θεοῦ
1578 4731 1612 4802 ή
1646 4731 1776 4807 βοή-

183 4806 327 4876 θεια,
357 4811 459 4882 τήν
487 4811 806 4886 βροντῶσαν
833 4815 1128 4888 μαράνασα
1160 4817 1414 4892 κάμινον.

1890 4645 2064 4696 trare.
2094 4637 2243 4698 Deus
2274 4641 2442 4713 igitur
2482 4650 2544 4698 ut
2583 4641 2726 4701 hanc
2759 4645 3074 4717 opinionem
3107 4649 3497 4718 comprimeret

1886 4738 1944 4787 et
1990 4732 2258 4802 aboleret,
2301 4733 2356 4789 in
2408 4735 2516 4792 hoc
2553 4734 2765 4805 judicio
2807 4738 3090 4796 Danieiem
3137 4743 3206 4796 ab
3251 4741 3372 4798 aliis
3409 4757 3498 4799 se-

1880 4820 2114 4892 junxit:
2149 4826 2484 4899 inventaque
2526 4836 2613 4884 est
2662 4829 2783 4885 sola
2823 4830 3085 4901 juvenum
3131 4834 3494 4900 continentia,

1886 4913 2096 4987 Deique
2138 4918 2430 4988 auxilium,
2474 4935 2583 4992 quo
2619 4922 2878 4982 intonsus
2911 4925 3003 4982 illa
3048 4925 3244 4982 {ornas
3292 4942 3492 4984 conso-

1882 5009 1998 5081 pita
2019 5019 2074 5066 et
2101 5012 2379 5070 exstincta
2407 5023 2511 5072 est.

249 5205 296 5238 “
327 5204 466 5265 Gen.
488 5222 610 5278 vm,
634 5209 723 5268 ιε.
799 5213 963 5272 "ita.
995 5218 1216 5288 XLVI,9.
1293 5221 1340 5255 ³³
1360 5221 1554 5282 Matth.
1589 5242 1629 5295 ι,
1662 5228 1755 5286 20.
1833 5231 2396 5313 “Matth.n,lseqq.
2469 5243 2694 5305 "Joan.
2725 5262 2842 5318 sit,
2873 5247 2967 5307 27.
3044 5251 3091 5284 “
3107 5249 3246 5309 Dan.
3272 5268 3357 5321 lli,
3387 5255 3480 5314 20.

1313 5382 1558 5445 VARIE
1597 5387 1992 5452 LECTIONES
2032 5397 2125 5455 ET
2162 5398 2404 5460 ΝΟΤΛΕ.

248 5552 558 5650 genvere
582 5559 767 5650 Lpgst
805 5561 943 5650 εςτης
969 5567 1139 5650 codex
1167 5567 1463 5650 _A_ltaemsis
1485 5573 1636 5650 addit
1665 5577 1764 5650 μή.

180 5619 399 5714 Υεῼεςβ
418 5638 564 5714 post
591 5619 1139 5714 Béoolmvio'o‘codd:
1156 5619 1288 5694 ᾸΙῘῘ
1299 5619 1477 5714 eis}
1485 5619 1761 5714 rit-crint};

179 5695 269 5801 qui
295 5695 734 5801 nurniprimu‘mA
756 5707 1116 5801 noviLaliquid
1144 5695 1767 5801 1ευεεειήιξειῇἶῷξιῖῖιῖ
2060 5695 2325 5801 ἱῖιηιηζί-ξί

1873 5802 2090 5923 33:.
2113 5795 2297 5859 Versf
2324 5801 2395 5860 15
2415 5842 2432 5873 ,
2480 5795 2714 5879 ἰχώρισέ
2743 5848 2758 5876 ,
2805 5811 2930 5867 cod.
2956 5795 3103 5869 νΔίι..

180 5763 489 5854 signﬁes.
522 5770 584 5854 .7,
635 5763 1108 5854 progatdagu'ow
1144 5763 1760 5854 ιοξὶέξιβήυέϊὲῑέἑὶἱὶ

183 5840 395 5895 tentiam
433 5840 535 5900 ioci
581 5840 704 5901 cod.
736 5845 845 5904 Ait.
877 5847 1037 5909 oﬂert
1085 5840 1448 5909 κάτάτῖαυὲιν.
1487 5840 1760 5930 Vere—l6,

1952 5589 2015 5671 ει⁸
2039 5581 2219 5671 δόγμα
2250 5585 2577 5671 d_uo_t_:odd._
2616 5591 2744 5671 A_lt._
2776 5605 2831 5650 et
2881 5596 3048 5671 Barb.
3095 5613 3375 5671 apponunt
3404 5603 3480 5665 δέ.

1926 5655 2157 5733 ers._ll,
2197 5658 2318 5714 cod.
2360 5657 2492 5733 Att.”
2518 5664 2700 5718 αὐτῶν
2731 5667 2784 5720 in
2830 5655 3487 5733 aozotc’mu'tiizlsin'éi

2584 5746 2844 5805 tanquam
2888 5740 3176 5797 lectionem
3211 5747 3484 5803 diversam
