4150 6430
688 381 789 447 195

981 492 1174 549 ΧΧ.-
1205 491 1485 549 HIERACI
1524 490 1961 549 CLARISSIIIO.

686 584 884 642 Contra
934 585 1368 650 Hacedom'arms,
1412 597 1458 641 et
1492 603 1578 641 eos
1620 588 1709 656 qui
1752 584 1809 641 S.
1857 583 2114 655 Spiritum
2159 586 2264 639 im-

1338 667 1594 708 nuntiant.

1338 673 1594 727 pugnanu

759 746 816 801 Si
852 748 1143 804 haereticus
1172 748 1281 813 ille,
1318 750 1407 818 qui
1448 758 1647 812 tecum,
1691 756 1750 802 ut
1782 748 2000 811 scribis,
2035 756 2265 803 conten-

688 839 889 894 tionem
921 840 1130 902 habuit,
1163 840 1254 895 Dei
1293 841 1515 907 Filium,
1548 851 1601 893 ut
1634 841 1938 909 dOgtnatum
1966 851 2265 904 auctorem,

688 929 943 984 idoneum
972 932 1059 984 cui
1089 930 1223 985 ﬁdes
1248 930 1533 996 habeatur,
1564 930 1820 995 admittit,
1858 930 1969 999 ipse
2003 929 2264 985 adorandi

688 1020 911 1073 unitatis
939 1018 1171 1086 Spiritus
1196 1021 1485 1075 essentiam
1519 1022 1693 1085 docet,
1739 1020 1937 1090 quippe
1977 1022 2066 1089 qui
2101 1034 2265 1074 unum

688 1112 883 1166 divina:
925 1110 1205 1165 Trinitatis
1253 1127 1447 1167 nomen
1497 1126 1618 1166 esse
1661 1111 2056 1179 pronuntiarit,
2109 1111 2267 1165 unius

685 1200 936 1253 videlicet
988 1202 1244 1255 essentia:
1301 1199 1737 1268 conjunctionem
1796 1210 1959 1269 atque
2004 1200 2263 1254 unionem

686 1290 1021 1358 signitiums.
1060 1291 1211 1355 Quod
1240 1291 1282 1342 si
1321 1291 1443 1359 ipsi,
1477 1293 1693 1360 cognati
1727 1290 1959 1361 Spiritus
1985 1292 2268 1371 certitudi-

686 1395 807 1433 nem
841 1382 1187 1449 sigtiilit'nnti,
1223 1392 1385 1451 atque
1420 1396 1508 1446 ea,
1537 1397 1658 1450 quae
1700 1382 1993 1437 humanam
2031 1393 2264 1438 mentem

684 1482 965 1538 superant,
997 1470 1234 1535 ducenti,
1274 1473 1497 1525 minime
1527 1471 1687 1525 ﬁdem
1719 1470 1961 1536 adhibet,
2006 1487 2267 1542 superva-

683 1576 847 1615 canea
884 1573 966 1615 est
994 1574 1304 1616 nostrorum
1338 1577 1649 1617 sermonum
1684 1563 2265 1631 contirmatio.‘Quan-

684 1653 970 1721 doquidem
1025 1663 1279 1708 terrestre
1326 1653 1729 1709 tabernaculum
1782 1655 1871 1708 vix
1924 1669 2006 1719 ea,
2038 1670 2156 1723 qua:
2190 1655 2258 1709 ad

686 1742 851 1809 pedes
890 1741 1095 1809 jacent,
1133 1742 1379 1796 invenire
1424 1751 1620 1811 potest.
1663 1742 1919 1796 Caelestis
1957 1751 2136 1795 autem
2172 1756 2262 1794 ar-

1874 380 1934 438 S.
1978 375 2267 437 ISIDORI
2307 376 2745 441 PELUSIO’LE

2288 500 2340 556 Α

3855 388 3959 456 100

2669 496 2752 547 ιιι.
2787 525 2856 534 --
2880 492 3113 551 mpm
3155 490 3646 571 ΛΑΜΠΡΟΤΑΤῼ.

2442 588 2605 642 Κατὰ
2626 588 3116 656 Μακεόοιίανῶν,
3150 590 3282 660 ἦτοι
3315 594 3856 665 Πνευματομάχων.

2442 743 2502 796 Et
2532 742 2743 813 δέχεται
2778 744 2807 796 ὁ
2842 746 2979 817 πρὸς
3012 748 3068 800 σὲ
3109 747 3404 818 διενεχθεὶς
3436 750 3727 819 αίρετικδς,
3767 752 3959 818 καθὼς

2370 835 2653 905 γέγραφας
2677 876 2692 900 ,
2723 836 2813 890 τὸν
2853 837 2946 891 τοῦ
2992 838 3124 891 Θεοῦ
3173 838 3300 892 Υίδν
3338 840 3703 912 δογματιστὴν
3734 844 3958 909 ἀξιόπι-

2370 944 2512 993 στον,
2552 927 2713 993 αὐτὸς
2760 929 3001 984 διδάσκει
3044 931 3144 1000 τὴν
3192 931 3378 984 οὐσίαν
3424 932 3516 986 τοῦ
3568 936 3957 1007 προσκυνητοῦ

2368 1019 2470 1087 τῆς
2504 1020 2753 1089 ἑνότητος
2787 1021 2900 1090 (21)
2933 1020 3250 1092 Πνεύματος
3276 1062 3289 1084 ,
3330 1021 3387 1074 ἓν
3431 1023 3601 1092 ὄνομα
3651 1025 3750 1095 τῆς
3799 1025 3959 1089 θείας

2368 1110 2595 1180 Τριάδος
2636 1111 3054 1181 ἀποφηνάμενος
3082 1152 3095 1176 ,
3132 1114 3230 1183 τῆς
3275 1114 3404 1183 μιᾶς
3447 1113 3636 1175 οὐσίας
3666 1115 3959 1183 σημαίνων

2366 1199 2463 1269 τὴν
2492 1200 2705 1254 ἕνωσιν.
2744 1201 2802 1253 Εί
2833 1201 2888 1253 δὲ
2920 1200 3067 1273 αὐτῷ
3108 1201 3182 1272 μὴ
3222 1202 3489 1270 πιστεύει,
3523 1203 3620 1275 τὴν
3661 1204 3959 1274 ἀκρίϐειαν

2366 1291 2458 1344 τοῦ
2492 1292 2789 1359 συγγενοῦς
2827 1296 3142 1363 σημαίνοντι
3178 1294 3494 1365 Πνεύματος
3517 1337 3530 1360 ,
3583 1294 3770 1349 καὶτὰ
3810 1297 3958 1368 ὑπὲρ

2368 1382 2492 1435 νοῦν
2547 1382 2888 1453 ἀνθρώπινον
2940 1384 3341 1451 ἑκδιδάσκοντι,
3412 1387 3638 1457 περιττὴ
3690 1388 3958 1457 τυγχάνει

2366 1474 2472 1526 τῶν
2508 1476 2790 1546 ἡμετέρων
2825 1476 2999 1545 λόγων
3026 1478 3057 1547 ἡ
3090 1476 3346 1542 σύστασις
3372 1495 3384 1509 ·
3432 1479 3626 1551 ἐπειδὴ
3655 1479 3715 1531 τὸ
3746 1481 3954 1547 γεῶδες

2370 1566 2567 1636 σκῆνος
2597 1567 2752 1635 μόλις
2787 1568 3029 1639 εὑρίσκει
3062 1570 3130 1622 τὰ
3172 1572 3230 1623 ὲν
3264 1570 3406 1623 ποσί.
3450 1572 3530 1625 Τὰ
3561 1571 3617 1625 δὲ
3645 1574 3703 1624 ὲν
3731 1572 3958 1643 οὐρανῷ

2366 1659 2685 1730 ἀπόκρυφα,
2709 1662 2801 1714 καὶ
2831 1662 2928 1731 τὴν
2953 1663 3229 1734 ἡμετέραν
3253 1663 3503 1734 αἴσθησιν
3526 1663 3955 1734 ὑπερϐαίνοντα,

2366 1750 2527 1811 αὐτὸς
2566 1752 2658 1803 καὶ
2690 1752 3105 1818 ἀποκαλύπτει,
3150 1754 3242 1807 καὶ
3275 1754 3562 1809 ἐπίσταται
3608 1757 3636 1806 ὁ
3678 1755 3958 1809 κατοικῶν

681 1847 835 1893 cana,
873 1841 927 1886 et
973 1842 1215 1887 nostrum
1247 1847 1465 1887 sensum
1493 1833 1830 1899 excedentia,
1870 1833 1986 1903 ipse
2038 1843 2092 1889 et
2119 1842 2254 1902 pate-

2366 1841 2457 1895 τὸν
2486 1842 2735 1912 οὐρανόν.

682 1922 812 1978 facit
849 1933 903 1977 et
958 1924 1239 1993 explorate
1277 1926 1446 1991 novit,
1491 1924 1582 1994 qui
1611 1923 1811 1979 malum
1855 1939 1952 1992 pro
1987 1925 2263 1982 domicilio

682 2016 844 2071 habet
866 2017 933 2069 ’⁷.

899 2126 1043 2181 XXI.
1074 2113 1145 2167 —'—
1174 2124 1493 2183 AMMONIO
1536 2124 2034 2181 SCllOLASTlCO.

679 2236 757 2293 De
782 2239 998 2293 lectione
1021 2248 1205 2293 contra
1240 2238 1493 2293 Gentiles.
1517 2238 1596 2293 De
1615 2242 1785 2309 gratia
1811 2256 2085 2294 sacrarum
2114 2237 2263 2295 Scri-

1027 2320 1303 2379 pturarum
1341 2320 1387 2364 et
1424 2326 1606 2364 earum
1656 2310 1904 2366 utilitate.

751 2484 1006 2549 Deorum,
1032 2500 1167 2555 quos
1196 2485 1438 2542 Gentiles
1468 2487 1674 2554 colunt,
1712 2487 2056 2554 etl‘ectiones,
2097 2498 2172 2554 et,
2202 2498 2262 2544 ut

680 2585 900 2640 vocant,
936 2576 1274 2644 theOgonias,
1311 2577 1413 2630 boc
1445 2586 1528 2632 est
1556 2576 1778 2632 deorum
1809 2587 1981 2643 ortus,
2015 2578 2261 2648 Orpbeus

678 2671 731 2718 et
766 2660 1055 2729 Homerus,
1093 2672 1146 2719 et
1170 2664 1462 2730 Hesiodus,
1491 2667 1692 2736 aliique
1723 2684 1913 2723 omnes
1947 2670 2013 2725 iis
2053 2671 2259 2725 similes

684 2755 1050 2819 tradiderunt,
1081 2755 1261 2809 multis
1291 2764 1347 2810 et
1388 2756 1545 2811 libris
1595 2767 1649 2812 et
1693 2761 1976 2815 sententiis
2015 2762 2258 2818 collectis

682 2856 841 2915 atque
889 2846 1205 2913 compactis.
1249 2846 1497 2902 Nostram
1550 2859 1729 2905 autem
1784 2851 2101 2921 religionem
2151 2856 2258 2909 duo

678 2938 913 3001 codices,
967 2952 1103 3007 quos
1154 2938 1217 2990 ad
1261 2948 1314 2993 te
1356 2940 1631 3004 misimus,
1684 2941 1955 2998 docebunt
1985 2964 1998 2999 :
2027 2961 2258 3013 quorum

677 3027 813 3080 alter
865 3027 1046 3091 Vetus,
1094 3028 1231 3080 alter
1263 3028 1468 3081 Novum
1516 3028 1925 3085 Testamentum
1978 3050 2257 3103 nuncupa-

676 3124 784 3171 tur.
814 3117 897 3169 An
942 3124 1119 3170 autem
1154 3115 1209 3169 bi
1254 3116 1401 3183 libri,
1429 3128 1540 3171 tum
1573 3119 1908 3185 nominibus,
1935 3130 2043 3175 tum
2069 3124 2249 3188 rebus,

676 3210 742 3261 ad
793 3208 1073 3262 veritatem
1111 3208 1510 3276 propensiores,
1567 3225 1727 3279 quam
1781 3210 1877 3275 illi,
1925 3212 2078 3267 sint:
2111 3214 2244 3283 ipse,

676 3310 733 3354 ut
764 3301 892 3353 mihi
926 3301 1243 3369 persuadeo,
1276 3301 1537 3370 reperies,
1574 3310 1736 3371 atque
1769 3302 1841 3369 id,
1879 3307 2020 3373 quod
2053 3307 2248 3362 melius

675 3391 798 3455 erit,
830 3390 1198 3459 amplecteris.

1174 3480 1334 3557 χχιι,
1365 3510 1435 3523 -
1464 3481 1738 3539 zosmo.

744 3594 911 3647 Aiunt
950 3592 1193 3647 nonnulli
1245 3604 1299 3649 te
1343 3597 1636 3651 sacerdotii
1691 3598 1991 3666 cupiditate
2040 3604 2245 3663 teneri.

669 3684 731 3754 8
775 3684 877 3737 huc
927 3693 1009 3737 est
1056 3684 1154 3749 rei,
1209 3699 1369 3753 quam
1424 3685 1632 3750 multis,
1676 3701 1739 3740 ac
1783 3688 2082 3754 prtesertim
2129 3690 2247 3755 tibi,

674 3776 939 3841 attingere
981 3772 1135 3827 nefas
1172 3784 1272 3829 est.
1303 3774 1481 3841 Quare
1513 3786 1605 3829 aut
1636 3790 1816 3831 mores
1863 3784 1985 3832 tuos
2015 3781 2245 3850 corrige,

669 3872 765 3918 aut
798 3880 827 3918 a
861 3865 1209 3933 templorum,
1239 3883 1359 3937 quae
1403 3868 1497 3923 tibi
1531 3869 1797 3938 attingere
1837 3869 2060 3925 minime
2099 3870 2246 3939 licet,

666 3957 968 4025 cupiditate
1001 3958 1223 4013 absiste.

1096 4071 1286 4127 XXIII.
1318 4102 1388 4113 --
1414 4071 1825 4129 THEOPIIILO.

672 4185 738 4239 In
766 4184 919 4249 illud,
948 4202 966 4237 ι
1003 4183 1171 4239 Omne
1192 4187 1543 4240 "sarculinum
1562 4189 1872 4254 adaperiem
1905 4187 2165 4249 vulvam,»
2200 4198 2247 4243 et

741 4267 919 4308 contra
953 4271 1036 4327 eos
1066 4256 1153 4321 qui
1187 4256 1367 4308 dicunt
1402 4256 1567 4311 Deum
1598 4273 1813 4327 passum
1842 4271 1973 4325 esse,
2001 4266 2050 4310 et
2084 4274 2246 4312 unam

739 4340 847 4378 esse
872 4327 926 4376 in
953 4324 1161 4377 Christo
1193 4334 1462 4378 naturam.

746 4433 801 4488 Id
850 4434 991 4501 quod
1042 4433 1095 4487 in
1137 4449 1291 4488 sacra
1330 4434 1615 4505 Scriptura
1660 4433 1863 4489 dictum
1896 4447 2000 4503 est,
2035 4436 2249 4491 «Omne

2560 2130 2691 2183 κεν.
2724 2160 2791 2171 -
2821 2127 3144 2201 ΑΜΜΩΝΙῼ
3181 2128 3291 2200 (ea)
3330 2130 3787 2202 ΣΧΟΛΛΣΤΙΚῼ.

2362 2248 2505 2321 Περι
2578 2244 2976 2321 ἀνατηὼσεως
3046 2241 3199 2321 κατὰ
3255 2242 3580 2321 Ἐμήνωη
3638 2242 3957 2321 Περί-τῆς

2431 2312 2822 2389 ὶάριζος-τῶν
2851 2315 3272 2389 θεοπνεύστων
3300 2314 3350 2367 Γ
3348 2312 3577 2382 ραέιτῶν,
3612 2315 3712 2368 καὶ
3741 2312 3850 2383 τῆς
3879 2317 3958 2381 ἐξ

2433 2386 2633 2444 αὐτῶν
2663 2386 2978 2455 ὠφελείας.

2433 2502 2545 2566 Τὰς
2592 2499 2778 2574 [μὲν]
2823 2499 3091 2569 Ἐλλήνων
3125 2497 3422 2562 θεοποιίας,
3457 2496 3553 2552 καὶ
3605 2497 3672 2561 ἃς
3722 2497 3955 2553 καλοῦσι

2363 2594 2662 2663 θεογονίας,
2714 2591 2944 2662 Ὀρφεύς
2990 2606 3049 2643 τε
3093 2590 3187 2641 καὶ
3231 2589 3480 2659 Ὅμηρος
3525 2590 3618 2642 καὶ
3680 2589 3951 2656 Ἡσίοδος,

2360 2686 2454 2739 καὶ
2481 2686 2595 2737 ὅσοι
2630 2684 2751 2738 κατ’
2785 2682 3029 2745 ἐκείνους
3077 2680 3342 2747 ἐδίδαξαν,
3372 2680 3573 2745 πολλὰς
3600 2683 3693 2735 καὶ
3728 2682 3955 2752 βίϐλους

2359 2781 2453 2829 καὶ
2487 2774 2643 2839 δόξας
2684 2773 3052 2843 συνείραντες.
3087 2773 3199 2842 Τὴν
3245 2771 3519 2843 ἡμετέραν
3556 2772 3613 2825 δὲ
3643 2771 3953 2842 θρησκείαν

2358 2869 2450 2921 δύο
2496 2868 2696 2920 πυκταὶ
2744 2866 3069 2931 διδάξουσιν,
3124 2864 3191 2928 ἃς
3237 2865 3588 2935 ἐπέμψαμεν,
3625 2857 3703 2919 ὧν
3752 2866 3785 2936 ή
3840 2865 3948 2934 μὲν

2360 2957 2735 3028 Πρεσϐυτέρα,
2768 2958 2801 3027 η
2831 2957 2885 3008 δὲ
2916 2956 3027 3009 Νέα
3054 2954 3297 3025 Διαθήκη
3338 2955 3827 3026 προσαγορεύεται.
3875 2956 3947 3011 Et

2357 3051 2411 3103 δὲ
2445 3048 2800 3119 ἀληθεύουσιν
2829 3039 2987 3099 αὗται
3025 3045 3226 3116 μᾶλλον
3267 3046 3491 3099 ἐκείνων
3524 3047 3617 3099 καὶ
3660 3048 3772 3110 τοῖς
3818 3046 3947 3101 ὀνό-

2359 3156 2491 3211 μασι
2531 3138 2625 3191 καὶ
2655 3142 2765 3201 τοῖς
2798 3139 3140 3209 πράγμασιν,
3173 3135 3419 3210 [αὐτὸς]
3470 3138 3796 3211 εὑρήσειας,
3836 3136 3949 3193 πὲο

2353 3248 2604 3303 πεισμαι,
2633 3231 2727 3284 καὶ
2759 3231 3089 3300 κρατήσειας
3119 3228 3171 3282 τί
3196 3231 3439 3300 ἄμεινον.

2864 3494 2993 3549 KB'.
3026 3523 3097 3534 —
3123 3494 3393 3564 ΖΩΣΙΜῼ.

2421 3607 2577 3671 Τινές
2607 3607 2664 3659 σέ
2694 3624 2854 3676 φασιν
2882 3606 3183 3677 ἱερωσύνης
3206 3608 3360 3677 ὲρᾷν,
3390 3606 3718 3678 πράγματος
3774 3609 3944 3681 ἀνεφ-

2354 3698 2500 3751 ίκτου
2529 3697 2763 3761 πολλοῖς,
2792 3698 2874 3750 σοὶ
2898 3697 2954 3750 δὲ
2980 3700 3074 3750 καὶ
3106 3697 3338 3767 μάλιστα
3356 3714 3369 3729 ·
3406 3698 3437 3768 ἢ
3470 3698 3651 3752 τοίνυν
3677 3700 3767 3752 τὸν
3795 3717 3938 3755 σαυ-

2347 3790 2443 3843 τοῦ
2479 3791 2593 3861 βίον
2630 3789 2941 3861 διόρθωσαι,
2974 3790 3007 3861 ἢ
3037 3791 3138 3861 τῆς
3162 3789 3460 3861 ἐπιθυμίας
3490 3791 3601 3845 τῶν
3629 3791 3940 3862 ἀψαύστων

2350 3898 2433 3935 σοι
2456 3881 2770 3953 ἀνακτόρων
2802 3881 3095 3951 ἀπόστηθι.
3394 3876 3395 3883 “

2840 4056 2969 4109 KI".
3000 4084 3071 4095 --
3102 4055 3416 4127 escam).

2354 4190 2461 4253 Εἰς
2508 4185 2603 4252 τὸ,
2654 4204 2671 4236 t
2714 4185 2844 4241 Πᾶν
2892 4188 3083 4255 ἄρσεν
3112 4186 3418 4256 διανοῖγον
3454 4185 3727 4257 μήτραν,
3764 4206 3782 4239 δ
3830 4191 3937 4245 καὶ

2420 4258 2571 4331 κατὰ
2604 4258 3069 4331 Θεοπασχηξῶν,
3098 4258 3195 4331 καὶ
3232 4257 3348 4331 τὴν
3388 4257 3449 4328 [II
3483 4257 3625 4331 τῶν]
3655 4260 3805 4327 μίαν
3828 4260 3936 4315 ἐπὶ

2414 4327 2668 4395 Χριστοῦ
2703 4323 2892 4395 φύσιν
2915 4323 3069 4380 εἶναι
3098 4323 3422 4395 λεγόντωὴ

2418 4438 2493 4490 Τὸ
2519 4437 2807 4507 εἰρημένον
2843 4439 2898 4491 ὲν
2923 4440 2986 4509 τῇ
3021 4438 3141 4510 θείᾳ
3170 4439 3385 4509 Γραφῇ,
3417 4439 3498 4491 ὅτι
3530 4458 3547 4490 t
3574 4438 3689 4492 Πᾶν
3713 4440 3935 4511 πρωτό-

673 4525 1082 4595 primogenitum
1140 4525 1459 4594 adaperiens
1522 4526 1777 4593 vulvam,
1835 4540 2079 4582 sanctum
2142 4528 2246 4583 Do-

2358 4546 2505 4583 τοκον
2548 4529 2814 4596 διανοῖγον
2861 4530 3092 4600 μήτραν,
3129 4530 3284 4598 ἅγιον
3312 4529 3388 4599 τῷ
3416 4528 3629 4601 Κυρίῳ,
3668 4546 3685 4580 ι
3706 4530 3768 4582 οὐ
3800 4532 3935 4602 περὶ

674 4617 817 4671 mino
852 4617 1130 4672 vocabitur
1153 4618 1295 4681 ηδ’,
1321 4636 1340 4669 ι
1364 4632 1468 4672 non
1498 4618 1564 4674 de
1598 4620 1743 4673 omni
1775 4619 2134 4689 primogenita
2166 4622 2249 4675 di-

673 4718 819 4763 ctum
871 4718 956 4764 est
996 4708 1086 4777 (ne
1127 4708 1231 4763 hoc
1285 4710 1523 4777 imperiti
1580 4708 1827 4763 homines
1880 4710 2243 4776 existiment),

673 4814 859 4855 verum
910 4800 975 4854 de
1014 4814 1121 4854 uno
1167 4799 1255 4854 illo
1289 4814 1351 4854 ac
1398 4799 1537 4865 solo,
1579 4801 1668 4869 qui
1724 4802 1775 4854 in
1822 4811 1980 4870 partu
2027 4802 2240 4857 vulvam

671 4890 901 4959 aperuit.
928 4887 1138 4943 Etenim
1174 4905 1387 4945 omnem
1415 4891 1630 4957 quidem
1668 4890 1880 4945 vulvam
1922 4892 2241 4946 concubitus

670 4996 735 5035 ac
775 4996 1039 5035 venereus
1066 4982 1381 5053 complexus
1409 4983 1584 5053 aperit
1612 5000 1625 5037 :
1656 4992 1710 5037 at
1736 4999 1879 5049 eam,
1908 4998 2026 5054 qua:
2063 4985 2243 5039 Domi-

740 5140 790 5174 ”
813 5139 855 5194 II
881 5138 1006 5195 Cor.
1041 5152 1094 5204 v,
1133 5138 1189 5192 ι.

1289 5137 1409 5170 που
1441 5136 1610 5193 Εχοά,
1640 5152 1759 5203 χιιι,
1803 5137 1874 5191 23
1908 5154 1922 5204 ς
1983 5136 2116 5195 Luc.
2148 5136 2319 5203 11,25.

2352 4620 2552 4683 παντὸς
2594 4618 2809 4690 εἴρηται
2858 4621 3239 4690 πρωτοτόκου·
3276 4620 3349 4691 μὴ
3388 4618 3559 4683 οὕτως
3604 4620 3653 4673 οἱ
3692 4620 3933 4689 ἀμαθεῖς

2348 4714 2752 4784 νομιζέτωσαν’
2788 4712 2924 4765 ἀλλὰ
2970 4714 3099 4785 περὶ
3138 4713 3255 4777 ἑνὸς
3296 4710 3573 4785 [ἐκείνου]
3611 4714 3706 4765 καὶ
3739 4713 3929 4783 μόνου,

2344 4807 2437 4860 τοῦ
2474 4811 2531 4860 ὲν
2560 4809 2636 4877 τῷ
2664 4808 2945 4861 τίκτεσθαι
2974 4808 3073 4880 τὴν
3110 4810 3325 4880 μήτραν
3366 4807 3698 4872 ἀνοίξαντος.
3734 4809 3933 4861 Πᾶσαν

2344 4898 2453 4967 γὰρ
2504 4900 2715 4967 μήτραν
2750 4897 2893 4966 μίξις
2940 4900 3035 4950 καὶ
3082 4896 3339 4950 συνουσία
3384 4898 3690 4963 ἀνοίγνυσι*
3729 4893 3827 4962 τὴν
3873 4896 3933 4949 δὲ

2347 4986 2440 5039 τὸν
2486 4987 2692 5058 Κύριον
2732 4988 2888 5059 ἡμῶν
2922 4988 3128 5059 Ἰησοῦν
3160 4988 3392 5060 Χριστὸν
3425 4989 3733 5058 κυήσασαν,
3765 4986 3936 5051 αὐτὸς

1790 5285 2025 5345 VARUE
2067 5288 2448 5349 LECTIONES
2486 5292 2573 5347 ΕΤ
2614 5294 2843 5351 NOTAE.

738 5444 855 5569 éﬂl)
902 5444 1070 5499 Codd.
1117 5444 1221 5499 duo
1252 5445 1359 5497 Alt.
1412 5453 1465 5499 et
1518 5441 1643 5497 Vat.
1696 5443 1799 5499 649
1830 5460 1939 5499 uno
1976 5461 2241 5502 consensu

769 5532 926 5569 τητος
974 5516 1281 5569 subiiciunt.
1338 5515 1490 5568 Vers.
1532 5515 1584 5569 '7.
1629 5528 1726 5569 Dro
1770 5530 1898 5569 voce
1932 5516 2241 5569 Πνεύυατοε

674 5515 926 5597 θεοτητος
974 5516 1281 5583 subjiciunt.
1312 5515 1584 5597 _Vgrs.'7,
1629 5528 1726 5582 pro
1770 5530 1898 5597 voce
1932 5516 2246 5597 Πνεύματος

676 5586 782 5639 Alt.
820 5584 872 5639 in
907 5596 1159 5641 contextu
1202 5586 1349 5656 ponit
1380 5584 1655 5656 Πνεῦμα-τι
1686 5622 1700 5647 ,
1733 5587 1823 5639 sed
1849 5601 1901 5656 re
1936 5584 2155 5656 regione
2193 5591 2244 5642 in

676 5656 914 5725 margine
942 5657 1159 5725 opponit
1185 5654 1535 5725 Hvaéuaro;
1574 5654 1726 5709 Vcrs.
1751 5656 1806 5715 9,
1846 5655 1960 5711 loco
1999 5654 2242 5714 {ocalmli

679 5723 935 5846 ῧύστασις
965 5723 1117 5782 cedd.
1160 5724 1275 5779 Vat.
1305 5726 1405 5779 649
1438 5734 1491 5780 et.
1521 5725 1628 5779 Alt.
1680 5727 1925 5782 scribunt
1956 5726 2231 5793 σύνταξις.

720 5807 884 5846 ossnt.

720 5807 884 5849 OSSIN.

2424 5450 2536 5526 (9.2)
2573 5450 2691 5526 Non
2718 5454 3015 5526 ’Aptttdvitp
3050 5456 3143 5508 sed
3181 5458 3440 5526 ’Ἄμμωνι
3471 5460 3783 5516 inscribitur
3810 5464 3931 5520 hare

2350 5521 2667 5603 epistola'in
2709 5521 2868 5577 codd.
2905 5521 3028 5603 Vat.
3199 5521 3267 5581 et'
3293 5521 3400 5581 ᾹΙΙ.
3423 5528 3493 5603 __ln
3539 5545 3697 5603 versu
3738 5534 3788 5599 1,
3824 5536 3932 5603 μὲν

2348 5593 2635 5669 {tltaemsis
2660 5608 2763 5647 non
2793 5597 3055 5669 agnoscit.
3079 5596 3219 5651 Idem
3246 5614 3385 5653 vers.
3420 5600 3472 5664 5,
3509 5610 3628 5669 post
3652 5601 3745 5655 δύο
3775 5593 3933 5661 addit

2349 5662 2405 5747 δε
2428 5703 2440 5723 ,
2475 5662 2847 5747 praetereaque
2874 5666 2929 5747 in
2959 5683 3121 5747 versu
3152 5662 3466 5735 pennltimui
3494 5662 3592 5747 pro
3626 5674 3934 5747 εὐρήσειας

2350 5743 2403 5784 et
2435 5735 3244 5814 κρατήσειας,ῠίοειίι-εᾴὐρήσεις
3273 5752 3328 5797 et
3360 5735 3924 5814 κρατ’ήσεις,ἐὶιπι·²ί

2350 5814 2508 5870 gante
2535 5820 2748 5871 quoque
2782 5806 2898 5861 Vat.
2924 5806 3065 5865 649."
3084 5810 3296 5867 Possm.
