4150 6430
742 363 847 432 199

1877 437 1886 448 ¹
1909 366 1968 426 8.
2017 368 2308 428 ISIDORI
2348 369 2791 430 PELUSIOTzE

3887 373 3985 438 2m

737 493 995 536 manuum
1027 477 1420 548 impositionem
1457 478 1510 533 in
1545 480 1720 536 sacris
1745 481 2136 537 initiationibus
2166 497 2312 538 com-

2423 483 2702 551 ῐινεύματι
2732 482 2831 545 τάς
2861 480 3194 552 χειροθεσίας
3229 482 3327 549 τῆς
3360 483 3749 551 μνσταγωγίας
3779 485 3984 556 ἐπιτρέ-

735 573 1064 627 mittentem.
1093 571 1169 624 Ac
1187 572 1464 640 siquidem
1493 573 1909 629 calumniatores
1940 584 2102 646 agunt
2128 616 2143 638 ,
2202 577 2310 628 vim

744 660 995 717 Numinis
1037 662 1284 717 ultricem
1329 663 1382 718 in
1435 667 1641 734 seipsos
1677 667 1998 721 attrahunt:
2047 669 2310 733 siquidem

742 772 761 806 ι
793 751 983 807 Perdet
1013 754 1151 808 Deus
1177 769 1367 809 omnes
1393 758 1481 824 qui
1507 756 1799 825 loquuntur
1831 757 2165 812 mendacium
2195 757 2258 810 ⁸⁸.
2289 774 2306 808 ι

735 844 830 900 Sin
859 855 1036 898 autem
1077 860 1201 898 vera
1252 845 1542 914 loquuntur
1573 885 1588 910 ,
1643 861 1808 901 nosce
1853 861 2012 916 quem
2051 847 2116 901 ad
2151 847 2310 903 linem

735 936 922 990 tendat
963 937 1065 988 hoc
1114 933 1310 988 malum
1341 974 1356 996 ,
1418 937 1562 1003 quod
1609 936 1990 991 contumeliam
2042 937 2094 991 in
2143 937 2309 991 Deum

733 1027 929 1092 exiguo
969 1025 1120 1079 lucro
1167 1026 1532 1080 commutasti.
1588 1026 1652 1079 Et
1705 1027 1826 1092 quis
1880 1043 1976 1096 pro
2024 1038 2073 1082 te
2111 1029 2310 1092 orabit,

733 1117 1162 1186 quandoquidem
1196 1131 1292 1171 nec
1327 1131 1422 1185 pro
1454 1115 1627 1184 Ophni
1655 1127 1708 1171 et
1741 1117 1970 1171 Phinees
1994 1119 2083 1187 qui
2120 1120 2311 1173 adver-

731 1223 822 1264 sus
858 1209 1021 1263 Deum
1092 1209 1369 1279 ipsiusque
1420 1205 1782 1264 sacerdotium
1858 1222 2215 1279 peccaverant
2243 1212 2307 1278 ³⁸,

716 1299 979 1360 juventus
1025 1309 1108 1354 est
1150 1301 1481 1369 quisquam,
1543 1301 1632 1368 qui
1701 1301 2065 1368 deprecatoris
2127 1312 2310 1371 partes

727 1390 1069 1459 susciperet,
1115 1405 1302 1444 verum
1355 1390 1406 1444 in
1452 1400 1756 1445 extremum
1804 1392 2067 1456 exitium,
2115 1402 2174 1446 ut
2222 1407 2310 1447 sa-

730 1482 951 1537 cerdotii
1001 1481 1313 1550 dignitatem
1348 1482 1634 1548 prodentes
1665 1523 1681 1547 ,
1735 1482 1960 1550 conjecti
1999 1485 2169 1537 sunt?

784 1589 879 1664 XX
892 1591 997 1645 VII.
1024 1622 1097 1632 —
1119 1591 1586 1649 PHARISMANIO
1617 1592 1946 1652 EUNUCHO
1974 1594 2268 1652 PALATII.

795 1699 969 1754 Audio
1003 1711 1052 1755 te
1086 1703 1138 1755 in
1175 1703 1478 1758 divinorum
1511 1704 1771 1760 librorum
1809 1708 2155 1763 meditatione
2196 1722 2311 1763 ver-

727 1793 836 1846 sari
865 1830 880 1856 ,
928 1807 1220 1862 eorumque
1267 1795 1594 1851 testimoniis
1639 1799 1926 1854 commode
1970 1799 2036 1853 ad
2088 1799 2309 1869 quosvis
2341 1835 2383 1891 Β

726 1883 848 1936 uti:
890 1899 1075 1937 verum
1113 1886 1355 1940 avaritiae
1401 1888 1622 1943 studere
1647 1926 1662 1952 ,
1711 1896 1876 1959 atque
1917 1893 1968 1944 In
2005 1891 2176 1946 aliena
2210 1892 2308 1946 bo-

732 1985 800 2025 na
850 1971 1041 2027 insano
1096 1975 1327 2043 quodam
1383 1977 1584 2045 impetu
1642 1977 1795 2032 ferri.
1848 1980 1926 2034 Ac
1972 1981 2104 2035 mibi
2157 1981 2312 2036 valde

730 2060 918 2114 mirari
951 2062 1141 2127 subit,
1177 2063 1266 2131 qui
1307 2061 1511 2118 factum
1540 2065 1650 2131 sit,
1707 2076 1766 2121 ut
1808 2067 2026 2122 divinus
2076 2083 2229 2122 amor
2258 2078 2312 2124 te

727 2148 952 2204 minime
977 2154 1270 2217 sauciarit,
1303 2169 1401 2208 nec
1427 2169 1492 2208 ex
1523 2156 1737 2210 assidua
1773 2156 2036 2222 lectione,
2067 2159 2312 2214 volunta-

728 2239 799 2295 tis
846 2250 1008 2312 atque
1057 2242 1288 2298 instituti
1339 2247 1695 2301 mutationem
1757 2247 2018 2316 eﬂecerit,
2073 2252 2165 2321 qui
2203 2267 2309 2306 non

727 2332 888 2386 modo
915 2333 1088 2388 aliena
1125 2336 1509 2403 concupiscere
1535 2346 1681 2392 vetat
1706 2377 1722 2402 ,
1766 2341 1859 2394 sed
1897 2344 2060 2396 etiam
2094 2343 2310 2412 propria

727 2436 984 2492 spargere
1033 2437 1235 2481 monet.
1281 2427 1462 2493 Quare
1511 2437 1603 2483 aut
1657 2429 1841 2500 legens
1881 2447 2114 2502 agnosce
2145 2472 2160 2498 ,
2218 2445 2313 2491 aut

730 2527 836 2568 nou
883 2531 1180 2586 agnoscens
1216 2518 1350 2588 lege.

1004 2606 1240 2666 XXVIII.
1272 2639 1342 2652 —
1370 2610 1663 2666 EUSEBIO
1712 2611 2060 2672 EPISCOPO.

786 2691 1152 2751 Venerandum
1197 2707 1245 2751 et
1279 2710 1588 2768 comparatu
1626 2698 1850 2768 difﬁcile
1897 2704 2269 2761 sacerdotium.

798 2805 1082 2862 Multarum
1124 2824 1306 2865 rerum
1343 2825 1497 2866 amor
1544 2811 1596 2867 In
1638 2813 1834 2869 animis
1876 2816 2092 2876 oritur:
2135 2828 2191 2872 at
2216 2833 2311 2874 vo-

727 2896 988 2954 luntatem
1034 2914 1141 2954 non
1201 2903 1540 2969 comitatur,
1585 2914 1682 2968 ut,
1726 2918 1847 2958 cum
1892 2906 2157 2974 ejusmodi
2205 2919 2310 2977 est,

725 2986 794 3040 ad
835 3002 994 3056 quem
1026 2991 1315 3059 pervenire
1336 2991 1624 3063 quisquam
1656 3005 1910 3066 nequeat.
1951 2993 2139 3068 Neque
2167 3001 2310 3055 enim

2416 589 2606 625 ποντα.
2643 573 2751 624 Καὶ
2792 573 2840 624 εί
2874 571 2972 641 μέν
3005 571 3420 639 συκοφαντοῦσι,
3477 572 3598 626 καθ’
3638 572 3845 625 ἐαυτῶν
3890 575 3984 626 ἐπ-

2415 660 2719 714 εσπάσαντο
2743 660 2839 729 τὴν
2863 660 3039 731 δίκην,
3069 661 3255 731 ἐπειδὴ
3285 680 3303 712 ι
3337 662 3528 714 ἀπολεῖ
3548 661 3750 730 Κύριος
3784 662 3984 726 πάντας

2423 753 2547 813 τοὺς
2576 748 2870 812 λαλοῦντας
2896 750 2958 801 τὸ
2986 750 3196 819 ψεῦδος.
3235 768 3252 801 ι
3294 751 3355 803 El
3381 751 3436 803 δὲ
3465 751 3806 820 ἀληθεύουσι,
3826 753 3986 819 γνῶθι

2413 837 2469 895 οἷ
2495 842 2718 912 τελευτᾷ
2743 844 2802 894 τὸ
2827 841 3016 905 κακὸν,
3058 843 3140 893 ὃτι
3183 842 3378 911 μικροῦ
3415 843 3638 912 κέρδους
3672 843 3730 895 τὸ
3758 843 3838 904 είς
3863 843 3988 897 Θεὸν

2416 935 2655 1004 ὑϐρίζειν
2678 933 3034 1004 ἀντήλλαξας.
3066 936 3177 986 Καὶ
3213 935 3294 996 τίς
3321 935 3676 1003 προσεύξεται
3711 937 3836 1003 περὶ
3870 936 3985 996 σοῦ,

2413 1026 2597 1095 ἐπειδὴ
2627 1027 2762 1096 μήτε
2797 1027 2925 1096 περὶ
2969 1025 3132 1096 Ὀφνὴ
3160 1028 3257 1078 καὶ
3284 1027 3485 1090 Φινεὲς,
3519 1029 3595 1088 είς
3618 1025 3750 1078 Θεὸν
3783 1027 3875 1078 καὶ
3896 1025 3989 1094 τὴν

2413 1116 2576 1169 αὑτοῦ
2608 1117 2962 1186 ἁμαρτόντων
2998 1117 3318 1188 ἱερωσύνην,
3346 1118 3540 1190 εὑρέθη
3573 1136 3658 1180 τις
3694 1117 3989 1187 πρεσϐευό-

2414 1227 2590 1280 μενος,
2616 1210 2730 1260 ἀλλ⁸
2754 1211 2832 1272 είς
2855 1209 3081 1278 ἔσχατον
3113 1208 3356 1277 ὄλεθρον,
3393 1210 3469 1272 ὡς
3500 1209 3558 1263 τὸ
3587 1210 3756 1281 γέρας
3791 1210 3988 1278 προπί-

2411 1317 2589 1363 νοντες
2613 1301 2710 1370 τῆς
2735 1301 3052 1372 ἱερωσύνης,
3083 1299 3375 1369 ἐδόθησαν;

2411 1583 2537 1637 KZ’.
2559 1613 2628 1622 —
2653 1582 3076 1654 ΦΔΡΙΣΜΔΝῙῼ
3101 1581 3428 1652 ΕΥΝΟΥΧῼ
3459 1581 3597 1634 ΤΟΥ
3618 1577 3986 1634 ΠΑΛΑἸΊΟΥ.

2482 1696 2694 1750 Ἀκούω
2717 1713 2774 1749 σε
2802 1699 2919 1758 ταῖς
2941 1695 3115 1759 θείαις
3146 1695 3359 1758 Βίϐλοις
3387 1695 3709 1765 ἐμμελετᾷν,
3747 1694 3843 1747 καὶ
3875 1694 3991 1756 ταῖς

2411 1788 2588 1841 αὐτῶν
2616 1787 2915 1859 κεχρῆσθαι
2949 1788 3279 1858 μαρτυρίαις
3319 1785 3594 1857 ἁρμοδίως
3635 1785 3770 1856 πρὸς
3811 1785 3987 1840 ἀπαν-

2412 1896 2509 1942 τας
2535 1880 2670 1951 (27),
2707 1876 2846 1932 εἶναι
2902 1879 2959 1932 δέ
3003 1879 3352 1948 πλεονέκτην,
3403 1880 3494 1932 καὶ
3535 1880 3646 1941 τοῖς
3696 1876 3993 1948 ἀλλοτρίοις

2412 1971 2830 2040 ἐπιμαινόμενον
2861 1968 3016 2039 βίοις.
3049 1969 3158 2022 Καὶ
3187 1971 3326 2024 πάνυ
3375 1987 3463 2040 μοι
3493 1967 3799 2039 θαυμάζειν
3828 1969 3990 2038 ἐπέρ-

2413 2078 2585 2133 χεται,
2618 2061 2699 2115 ὅτι
2727 2079 2784 2114 σε
2816 2063 2845 2115 ὁ
2887 2061 3029 2125 θεῖος
3057 2060 3195 2131 ἔρως
3229 2061 3328 2114 οὐκ
3363 2061 3604 2131 ἐτρωσεν
3632 2063 3696 2113 ἐκ
3733 2059 3838 2129 τῆς
3869 2076 3991 2112 συνο

2411 2153 2566 2222 εχοῦς
2595 2151 2976 2220 ἀναγνώσεως,
3014 2152 3321 2224 μεταϐολὴν
3353 2151 3453 2220 τῆς
3483 2151 3803 2222 προθέσεως
3833 2153 3994 2222 ἐργα-

2413 2245 2667 2314 σάμενος,
2725 2247 2754 2298 ὁ
2781 2245 2853 2314 μὴ
2893 2249 3052 2315 μόνον
3076 2244 3186 2297 τῶν
3231 2244 3529 2316 ἀλλοτρίων
3571 2243 3795 2297 κωλύων
3841 2243 3991 2314 ἐρᾷν,

2410 2337 2545 2391 ἀλλά
2579 2338 2673 2390 καὶ
2700 2336 2768 2388 τά
2793 2335 3066 2406 προσόντα
3095 2335 3411 2406 σκορπίζειν
3449 2334 3736 2388 νουθετῶν.
3780 2334 3855 2387 Ἦ
3883 2333 3992 2386 τοί-

2411 2446 2503 2482 νυν
2530 2427 2920 2495 ἀναγινώσκων
2945 2427 3228 2496 ἐπίγνωθι,
3262 2426 3296 2496 ἢ
3329 2427 3403 2496 μὴ
3440 2425 3824 2494 ἐπιγινώσκων
3857 2423 3990 2480 ἀνά-

2412 2518 2600 2587 γνωθι’
2710 2609 2846 2662 κη’.
2873 2638 2942 2648 -
2971 2606 3262 2678 maesto
3301 2607 3666 2678 sntsxonq.

2556 2701 2686 2754 Ὅτι
2721 2699 2974 2769 φρικτὸν
3007 2698 3106 2752 καί
3131 2698 3498 2768 δυσέφικτον
3523 2699 3848 2766 ιερωσύνη.

2480 2812 2699 2867 Πολλῶν
2729 2811 2942 2890 πολλοῖς
2965 2811 3105 2884 ἔρως
3128 2811 3406 2880 ἐγγίνεται
3432 2809 3567 2881 (28),
3589 2809 3649 2863 οὐ
3675 2810 3995 2882 συνέρχεται

2409 2905 2528 2966 ταῖς
2563 2902 2796 2973 βουλαῖς,
2825 2903 2901 2964 ὼς
2923 2904 3234 2972 ἀνέφικτος.
3268 2900 3407 2955 Οῦτε
3441 2903 3549 2984 γὰρ
3578 2901 3860 2973 βασιλείας
3887 2903 3995 2965 πᾶς

2411 2993 2441 3046 ὁ
2471 2992 2792 3062 βουλόμενος
2821 2994 3162 3062 ἐφικνεῖται,
3213 2990 3337 3044 οῦτε
3367 2991 3708 3062 περιουσίας,
3743 2991 3872 3046 οῦτε
3909 3008 3997 3045 συ-

723 3091 948 3148 rrgnum
969 3119 984 3144 ,
1015 3080 1261 3150 quisquis
1291 3083 1431 3148 vult,
1462 3087 1844 3155 consequitur;
1897 3103 1996 3143 nec
2051 3104 2179 3159 opes
2213 3107 2312 3147 nec

2413 3083 2601 3150 ζυγίας
2634 3078 2701 3153 ἧς
2731 3081 2996 3151 βούλεται.
3030 3082 3092 3135 El
3118 3081 3317 3146 τοίνυν,
3347 3081 3421 3145 ὡς
3449 3082 3576 3152 φὴς,
3617 3083 3711 3135 καὶ
3738 3082 3991 3152 Ζὼσιμος

725 3170 1032 3240 conjugium
1067 3173 1224 3240 quale
1267 3172 1399 3227 vult.
1445 3173 1805 3241 Quamobrem
1846 3179 1889 3231 si
1923 3177 2204 3246 Zositnus,
2252 3191 2310 3236 ut

2413 3177 2706 3247 εἰσφρῆσαι
2744 3174 2934 3228 ἐαυτὸν
2964 3173 3059 3228 τοῦ
3086 3173 3223 3228 Θεοῦ
3261 3175 3581 3245 μυστηρίοις
3616 3175 3990 3246 ἀναισχύντως

724 3261 954 3328 scribis,
989 3263 1328 3331 impudenter
1373 3267 1610 3334 seipsum
1637 3306 1652 3333 ,
1693 3283 1760 3323 ac
1801 3283 1896 3336 per
1931 3271 2068 3337 vim,
2120 3273 2174 3327 in
2215 3272 2306 3329 Dei

725 3355 984 3424 mysteria
1023 3357 1319 3412 immittere
1348 3367 1612 3425 conatur,
1652 3359 1937 3432 diligenter
1977 3377 2108 3417 cura
2145 3373 2202 3418 ut
2230 3363 2310 3419 ln-

725 3442 964 3510 telligat,
1003 3442 1095 3498 Dei
1124 3444 1380 3516 templum
1411 3447 1638 3516 leprosis
1686 3450 1874 3504 taudiu
1905 3452 2146 3505 clausum
2165 3466 2305 3517 esse,

725 3535 900 3604 quoad
931 3545 1263 3591 contractum
1303 3553 1367 3594 ex
1401 3542 1590 3595 morbo
1627 3542 1812 3596 vitium
1854 3544 2213 3600 absterserint
2237 3544 2302 3598 ⁸⁷.

777 3647 970 3706 XXIX.
1003 3679 1075 3692 —
1118 3650 1324 3708 LUCIO
1403 3652 1673 3710 PELUSII
1704 3656 2240 3714 AIICIIIDIACONO.

1356 3745 1439 3799 Ad
1462 3762 1670 3801 avaros.

797 3848 855 3906 Si
897 3854 1186 3909 venerandi
1217 3855 1404 3910 altaris
1450 3857 1660 3913 diaconi
1697 3859 1936 3929 episcopi
1963 3860 2102 3914 oculi
2162 3868 2306 3924 sunt,

725 3943 967 4012 profecto
1012 3960 1132 3999 cum
1179 3959 1232 4000 tu
1269 3946 1361 4002 Dei
1404 3951 1669 4018 permissu
1725 3948 1868 4019 ipsis
1907 3953 2133 4020 prasis,
2169 3961 2310 4008 totus

723 4032 913 4088 oculus
945 4048 1068 4088 esse
1093 4035 1746 4104 debes,quemadrnndum
1781 4041 2036 4096 animalia
2069 4041 2157 4097 illa
2185 4043 2306 4112 plu-

723 4125 875 4180 rimis
906 4126 1078 4181 oculis
1102 4128 1381 4195 praedita“
1402 4129 1680 4201 (quoniam
1713 4131 1876 4186 etiam
1896 4133 2310 4202 propinquitatis

723 4216 789 4271 ad
821 4216 984 4272 Deum
1016 4219 1220 4273 ratione
1248 4258 1264 4284 ,
1298 4234 1360 4274 ea
1394 4220 1629 4275 imitaris
1655 4259 1671 4285 ,
1705 4236 1808 4276 non
1839 4223 1946 4275 vita
1969 4260 1984 4288 ,
2024 4232 2083 4276 ut
2119 4222 2298 4288 audio,

722 4307 955 4363 sedsola
1001 4310 1240 4365 muneris
1273 4310 1410 4366 sacri
1455 4309 1776 4382 functione),
1813 4325 1877 4367 ac
1929 4325 2032 4366 non
2100 4311 2309 4382 impro-

725 4397 808 4452 bis
857 4398 1049 4452 studiis
1094 4406 1257 4468 atque
1299 4398 1578 4466 consiliis,
1637 4408 1692 4454 et
1735 4399 2113 4454 honorandum
2155 4401 2306 4454 illum

2412 3267 2682 3334 βιάζεται,
2714 3267 2935 3338 μαθέτω
2963 3266 3054 3320 διὰ
3079 3267 3179 3337 τῆς
3203 3265 3489 3338 ἀκριϐείας
3521 3283 3638 3332 σου,
3663 3266 3745 3320 ὅτι
3768 3265 3995 3339 λεπροῖς

2409 3358 2438 3410 ὁ
2481 3357 2575 3411 τοῦ
2613 3356 2750 3410 Θεοῦ
2793 3357 2920 3420 ναὸς
2962 3355 3334 3420 ἀποκλείεται,
3386 3357 3578 3428 μέχρις
3633 3356 3699 3412 ἀν
3746 3357 3848 3428 τὴν
3897 3353 3990 3410 τοῦ

2411 3449 2616 3513 πάθους
2655 3447 2834 3516 λώϐην
2871 3445 3316 3518 ἀποσμήξωνται.

2458 3650 2586 3706 κθ.
2622 3679 2689 3690 -
2719 3647 2981 3719 ΔΟΥΚΙῼ
3023 3647 3493 3717 ΑΡΧΙΔΙΑΚΟΝῼ
3539 3647 3959 3704 ΠΗΛΟΥΣΙΟΥ.

2716 3738 2870 3807 Πρὸς
2898 3740 3299 3808 φιλαργυρίαν
3329 3738 3688 3803 νοσοῦντας.

2481 3853 2544 3906 El
2573 3850 2838 3922 ὀφθαλμοὶ
2869 3851 3169 3905 ἐπισκόπου
3203 3851 3560 3920 τυγχάνωσιν
3593 3852 3640 3904 οί
3667 3853 3760 3906 τοῦ
3789 3853 3990 3907 σεπτοῦ

2411 3943 2792 4013 θυσιαστηρίου
2820 3942 3076 4007 διάκονοι,
3108 3942 3172 3995 σὺ
3203 3943 3258 3996 δὲ
3282 3943 3489 3995 τούτων
3520 3943 3661 3997 κατά
3701 3945 3991 4016 συγχώρη-

2411 4051 2495 4087 σιν
2525 4033 2660 4087 Θεοῦ
2699 4034 2908 4105 ἄρχεις,
2941 4034 3059 4098 ὅλος
3099 4032 3376 4104 ὀφθαλμὸς
3425 4033 3663 4102 ὀφείλεις
3699 4037 3992 4108 ὑπάρχειν,

2411 4125 2576 4188 ὼςτά
2599 4123 2712 4187 ζῶα
2741 4125 3104 4194 πολυόμματα
3177 4126 3387 4197 (ἐπειδὴ
3438 4126 3533 4179 καὶ
3563 4129 3629 4197 τῇ
3673 4128 3813 4199 πρὸς

2410 4216 2540 4269 Θεὸν
2571 4217 2751 4268 ἐκεῖνα
2793 4218 2935 4286 μιμῇ
2967 4214 3080 4284 (29)
3119 4215 3403 4286 ἐγγύτητι,
3436 4217 3558 4286 οὐχὶ
3596 4217 3716 4288 βίῳ,
3746 4219 3823 4283 ὡς
3857 4237 3994 4290 μαν-

2410 4305 2574 4371 θάνω,
2606 4305 2742 4358 ἀλλά
2773 4305 2911 4378 μόνῃ
2941 4307 3004 4376 τῇ
3047 4304 3402 4377 λειτουργίᾳ),
3461 4308 3559 4359 καὶ
3607 4307 3682 4379 μὴ
3724 4308 3997 4374 σκοτίζειν

2408 4399 2518 4459 τοῖς
2549 4395 2773 4465 φαύλοις
2811 4395 3231 4465 ἐπιτηδεύμασι,
3278 4397 3372 4450 καὶ
3422 4396 3514 4449 τὸν
3551 4398 3733 4468 τίμιον
3785 4401 3995 4454 ἐκεῖνον

725 4487 950 4542 chorum
977 4503 1041 4542 ac
1071 4489 1407 4555 sodalitium,
1438 4498 1494 4543 et
1543 4489 1850 4558 episcopum
1888 4490 1992 4559 ιο
2023 4490 2116 4544 tibi
2145 4500 2311 4544 teme-

2412 4486 2596 4542 θίασον
2624 4488 2717 4540 καὶ
2767 4487 2951 4556 χορὸν,
2990 4486 3083 4539 καὶ
3123 4485 3214 4538 τὸν
3265 4486 3586 4556 πειθόμενόν
3636 4505 3718 4542 σοι
3753 4490 3997 4561 ἀκρίτως

724 4595 784 4635 re
827 4594 890 4635 ac
951 4579 1070 4634 sine
1133 4575 1334 4651 judicio
1399 4595 1604 4636 morem
1653 4590 1925 4651 gerentem
1980 4581 2302 4643 obscurare,

723 4671 1078 4742 divinumque
1112 4672 1413 4728 sacrarium
1455 4686 1551 4742 per
1583 4671 1865 4726 avaritiam
1903 4670 2299 4736 contaminare,

723 4765 850 4820 dum
894 4780 1024 4835 opes
1059 4764 1151 4819 tibi
1179 4765 1277 4835 ipsi
1333 4779 1426 4836 per
1467 4764 1822 4819 nummariam
1848 4778 2102 4818 manuum
2131 4762 2302 4831 impoo

721 4858 970 4914 sitionem
1014 4857 1243 4927 aggeris.
1287 4855 1548 4912 Dominus
1590 4857 1733 4912 enim
1768 4870 1905 4918 eos.
1957 4856 2048 4925 qui
2095 4856 2300 4910 colum-

720 4949 819 5004 bas
847 4949 1194 5015 vendebant,
1236 4947 1415 5020 ﬂagris
1458 4963 1486 5002 a
1523 4947 1718 5017 templo
1747 4947 2040 5017 expulit".
2107 4945 2307 5013 Quam-

720 5038 907 5094 obrem
980 5054 1047 5094 ne
1105 5050 1162 5094 tu
1196 5055 1408 5110 quoque
1465 5043 1651 5096 eodem
1697 5040 1856 5095 modo
1906 5036 2308 5100 submovearis,

2413 4578 2734 4641 ἐπίσκοπον,
2771 4578 2868 4631 καὶ
2914 4578 3156 4647 χραίνειν
3212 4577 3272 4630 τὸ
3311 4578 3454 4631 θεῖον
3493 4579 3644 4650 βῆμα
3684 4579 3990 4652 πλεονεξίᾳ,

2411 4669 2505 4724 καὶ
2531 4670 2729 4740 πόρους
2760 4669 2970 4739 σεαυτῷ
2989 4670 3097 4723 ἀπὸ
3125 4671 3292 4740 τιμῆς
3323 4671 3667 4740 χειροτονιῶν
3694 4672 3987 4742 ἀθροίζειν.

2409 4761 2548 4824 Τοὺς
2588 4761 2698 4831 γὰρ
2734 4760 3047 4823 πωλοῦντας
3089 4761 3187 4824 τὰς
3237 4763 3562 4832 περιστερὰς
3600 4762 3852 4826 ἐξέϐαλεν
3886 4766 3993 4818 ἀπὸ

2410 4851 2504 4907 τοῦ
2562 4851 2692 4904 ναοῦ
2741 4851 3003 4921 μαστίξας
3049 4853 3076 4903 ὁ
3119 4853 3342 4921 Κύριος.
3398 4855 3514 4907 Ἰνα
3556 4853 3736 4907 τοίνυν
3774 4855 3849 4925 μὴ
3897 4857 3994 4909 σὺν

2415 4942 2644 5004 ἐκείνοις
2671 4942 2873 5012 ὠσθῇς,
2899 4941 3105 4996 παῦσαι
3136 4943 3280 4996 οὕτω
3317 4945 3587 5011 πλουτῶν,
3630 4946 3724 5001 καὶ
3761 4947 3893 5018 ὕλην
3917 4945 3992 5017 τῷ

2422 5033 2665 5104 μέλλοντι
2691 5033 2992 5105 ἐτοιμάζων
3019 5035 3171 5106 πυρί.

723 5135 907 5191 desine
946 5147 1076 5202 opes
1110 5133 1184 5188 ita
1220 5147 1439 5202 augere,
1478 5147 1541 5187 ac
1570 5132 1854 5188 materiam
1880 5130 2064 5184 tuturo
2087 5129 2196 5198 igni
2221 5141 2434 5197 parare.

775 5252 820 5286 ³⁸
847 5252 991 5310 Psal.
1026 5269 1083 5318 v,
1121 5253 1174 5308 7.
1252 5250 1342 5305 ³⁸1
1379 5252 1511 5323 Reg.
1543 5268 1607 5317 tt,
1636 5253 1738 5318 34;
1770 5267 1844 5319 tv,
1878 5251 1966 5305 Η.
2030 5250 2071 5281 ³⁷
2103 5247 2277 5303 Levit.

2412 5263 2448 5311 ι,
2488 5249 2540 5304 Δ.
2617 5249 2660 5280 ³⁸
2683 5247 2882 5302 Ezecb.
2922 5263 2960 5311 ι,
2989 5248 3086 5318 18;
3115 5258 3165 5304 et
3191 5267 3243 5314 χ,
3275 5251 3361 5305 Ii.
3440 5253 3484 5285 ³⁹
3511 5251 3668 5309 Joan.
3697 5270 3757 5321 ll,
3788 5253 3876 5319 ﬂ,
3905 5254 3989 5312 15.

1133 5338 1136 5341 ’
1827 5364 2060 5422 nam
2102 5364 2488 5421 LECTIONES
2526 5366 2613 5421 ET
2648 5365 2888 5421 norm.

796 5491 910 5566 (27)
947 5491 1115 5567 godd.
1150 5493 1306 5567 modo
1329 5489 1611 5567 memorati
1635 5492 1793 5567 ambo
1991 5456 2207 5567 ἀπέντα
2236 5487 2288 5567 in

2412 5502 2512 5567 10u_
2528 5487 2895 5567 ἀποκλείεται.
2912 5487 3056 5567 legit,
3077 5489 3172 5542 sed
3190 5490 3632 5560 ἀποκέκλεισται,
3660 5493 3989 5567 suﬂ‘rsgante

723 5557 916 5619 neutro
947 5560 1143 5631 legunt.
1171 5563 1328 5616 Iidem
1364 5564 1414 5616 in
1449 5565 1553 5615 line
1577 5561 1815 5631 epistolae
1843 5557 1928 5613 illa
1963 5559 2125 5613 verba
2153 5559 2188 5628 ἢ
2215 5557 2288 5627 μὴ

723 5629 1097 5699 ἐπιγινώσκων
1117 5631 1411 5699 ἀνάγνωθι,
1438 5629 1711 5684 omittunt.
1743 5629 1956 5684 Possm.

795 5652 814 5685 ι
856 5650 1097 5686 ινωσκων
1117 5650 1411 5699 αναγνωυι,
1438 5650 1711 5684 οηιιιιιιιιι.
1745 5650 1956 5684 ιὀεδιιι.

795 5650 905 5784 ςξθ)
934 5703 1058 5756 Post
1077 5703 1410 5784 ,ἐγγίνεται-λ
1426 5704 1602 5784 in_s_ere
1632 5701 1769 5784 ἀλλ’,
1798 5710 2012 5753 auctore
2044 5696 2292 5784 eotILdIt.

729 5767 815 5824 cui
851 5767 1272 5828 consentit'Vat.
1312 5772 1436 5828 649.
1470 5771 1565 5827 llic
1603 5774 1763 5827 etiam
1810 5784 1953 5826 vers.
1997 5767 2294 5836 penultimo

2400 5559 2601 5628 pariter
2637 5557 2923 5628 Altaekmsi.
2957 5557 3164 5628 Possm.

2890 5628 3059 5684 Codd.
3115 5627 3233 5684 Vat.
3287 5630 3412 5697 649,
3470 5643 3525 5685 et
3563 5633 3670 5686 Alt.

2476 5628 2585 5697 (29)
2643 5631 2721 5681 Mt
2772 5625 2830 5695 ᾖ.
2890 5628 3059 5684 Codd.
3115 5627 3233 5684 Vat.
3287 5630 3412 5697 649,
3470 5643 3525 5685 et
3563 5633 3670 5686 Alt.
3765 5635 3980 5705 ιμῆσαι.

2476 5713 2556 5750 :rs.
2591 5698 2646 5750 9.
2679 5645 2983 5750 πλεονεξία.
3014 5701 3138 5750 cod-
3169 5702 3277 5750 Alt.
3305 5702 3661 5750 πλεονεξίαις,
3703 5652 3914 5750 [Itium

2404 5696 2556 5754 Ἴθι-ε.
2591 5698 2646 5755 9.
2679 5696 2983 5769 πλεονεξίᾳ,
3014 5701 3138 5759 cod.
3169 5702 3277 5756 Alt.
3305 5696 3662 5769 πλεονεξίαις.

3744 5719 3914 5761 05511.
