  <div class='ocr_page' id='page_1' title='image "/cluster/home/n/w/nwhite01/storage/ocr_20150623/78/pst.000005712779/120.png"; bbox 0 0 4150 6444; ppageno 0'>
   <div class='ocr_carea' id='block_1_1' title="bbox 139 368 1742 437">
    <p class='ocr_par' dir='ltr' id='par_1_1' title="bbox 139 369 1742 437">
     <span class='ocr_line' id='line_1_1' title="bbox 139 369 1742 437; baseline -0.004 0"><span class='ocrx_word' id='word_1_1' title='bbox 139 369 226 437; x_wconf 66' lang='grc' dir='ltr'>Σίξὶ</span> <span class='ocrx_word' id='word_1_2' title='bbox 1092 370 1631 434; x_wconf 80' lang='lat' dir='ltr'><strong>EPISTOLARUM</strong></span> <span class='ocrx_word' id='word_1_3' title='bbox 1673 371 1742 431; x_wconf 83' lang='lat' dir='ltr'><strong>Ll</strong></span> 
     </span>
    </p>
   </div>
   <div class='ocr_carea' id='block_1_2' title="bbox 1851 368 2451 437">
    <p class='ocr_par' dir='ltr' id='par_1_2' title="bbox 1865 368 2451 430">
     <span class='ocr_line' id='line_1_2' title="bbox 1865 368 2451 430; baseline -0.002 -1"><span class='ocrx_word' id='word_1_4' title='bbox 1865 370 1913 429; x_wconf 94' lang='grc' dir='ltr'><strong>Ι.</strong></span> <span class='ocrx_word' id='word_1_5' title='bbox 1942 395 2010 405; x_wconf 70' lang='lat'><strong>-</strong></span> <span class='ocrx_word' id='word_1_6' title='bbox 2037 369 2275 429; x_wconf 78' lang='lat' dir='ltr'><strong>EPIST‘.</strong></span> <span class='ocrx_word' id='word_1_7' title='bbox 2321 368 2451 430; x_wconf 78' lang='lat' dir='ltr'>LII.</span> 
     </span>
    </p>
   </div>
   <div class='ocr_carea' id='block_1_3' title="bbox 3337 369 3444 434">
    <p class='ocr_par' dir='ltr' id='par_1_3' title="bbox 3337 369 3444 434">
     <span class='ocr_line' id='line_1_3' title="bbox 3337 369 3444 434; baseline 0.019 -2"><span class='ocrx_word' id='word_1_8' title='bbox 3337 369 3444 434; x_wconf 70' lang='lat' dir='ltr'><strong>2M</strong></span> 
     </span>
    </p>
   </div>
   <div class='ocr_carea' id='block_1_4' title="bbox 141 476 1742 553">
    <p class='ocr_par' dir='ltr' id='par_1_4' title="bbox 141 479 1734 553">
     <span class='ocr_line' id='line_1_4' title="bbox 141 479 1734 553; baseline 0.001 -21"><span class='ocrx_word' id='word_1_9' title='bbox 141 499 225 553; x_wconf 59' lang='lat' dir='ltr'><strong>90v</strong></span> <span class='ocrx_word' id='word_1_10' title='bbox 260 482 422 552; x_wconf 70' lang='grc' dir='ltr'>μιμῇ,</span> <span class='ocrx_word' id='word_1_11' title='bbox 456 480 491 550; x_wconf 73' lang='grc' dir='ltr'>ἢ</span> <span class='ocrx_word' id='word_1_12' title='bbox 524 479 866 552; x_wconf 64' lang='grc' dir='ltr'>ἐργάζεσθαι</span> <span class='ocrx_word' id='word_1_13' title='bbox 901 480 1212 545; x_wconf 80' lang='grc' dir='ltr'>παίδευσον,</span> <span class='ocrx_word' id='word_1_14' title='bbox 1245 481 1278 551; x_wconf 79' lang='grc' dir='ltr'>ἢ</span> <span class='ocrx_word' id='word_1_15' title='bbox 1314 479 1414 550; x_wconf 81' lang='grc' dir='ltr'>τὴν</span> <span class='ocrx_word' id='word_1_16' title='bbox 1457 483 1734 550; x_wconf 74' lang='grc' dir='ltr'>πρόφασιν</span> 
     </span>
    </p>
   </div>
   <div class='ocr_carea' id='block_1_5' title="bbox 1851 476 3444 553">
    <p class='ocr_par' dir='ltr' id='par_1_5' title="bbox 1851 476 3444 547">
     <span class='ocr_line' id='line_1_5' title="bbox 1851 476 3444 547; baseline 0.001 -13"><span class='ocrx_word' id='word_1_17' title='bbox 1851 478 1987 534; x_wconf 78' lang='lat' dir='ltr'><strong>circa</strong></span> <span class='ocrx_word' id='word_1_18' title='bbox 2022 479 2066 532; x_wconf 99' lang='lat' dir='ltr'><strong>si</strong></span> <span class='ocrx_word' id='word_1_19' title='bbox 2101 486 2155 530; x_wconf 84' lang='lat' dir='ltr'><strong>et</strong></span> <span class='ocrx_word' id='word_1_20' title='bbox 2189 476 2410 532; x_wconf 76' lang='lat' dir='ltr'><strong>Christo</strong></span> <span class='ocrx_word' id='word_1_21' title='bbox 2459 476 2570 533; x_wconf 86' lang='lat' dir='ltr'><strong>Deo</strong></span> <span class='ocrx_word' id='word_1_22' title='bbox 2604 478 2976 546; x_wconf 84' lang='lat' dir='ltr'><strong>obtemperas,</strong></span> <span class='ocrx_word' id='word_1_23' title='bbox 3021 486 3074 532; x_wconf 90' lang='lat' dir='ltr'><strong>et</strong></span> <span class='ocrx_word' id='word_1_24' title='bbox 3097 478 3444 547; x_wconf 83' lang='lat' dir='ltr'><strong>sapientissi-</strong></span> 
     </span>
    </p>
   </div>
   <div class='ocr_carea' id='block_1_6' title="bbox 139 570 1728 647">
    <p class='ocr_par' dir='ltr' id='par_1_6' title="bbox 139 570 1728 647">
     <span class='ocr_line' id='line_1_6' title="bbox 139 570 1728 647; baseline -0.001 -19"><span class='ocrx_word' id='word_1_25' title='bbox 139 574 370 640; x_wconf 69' lang='grc' dir='ltr'>δίδαξον,</span> <span class='ocrx_word' id='word_1_26' title='bbox 416 574 509 642; x_wconf 74' lang='grc' dir='ltr'><strong>ἀφ’</strong></span> <span class='ocrx_word' id='word_1_27' title='bbox 538 570 608 647; x_wconf 79' lang='grc' dir='ltr'>ἧς</span> <span class='ocrx_word' id='word_1_28' title='bbox 663 577 758 628; x_wconf 82' lang='grc' dir='ltr'>καὶ</span> <span class='ocrx_word' id='word_1_29' title='bbox 807 575 1216 646; x_wconf 72' lang='grc' dir='ltr'><strong>τραφήσονται,</strong></span> <span class='ocrx_word' id='word_1_30' title='bbox 1269 573 1365 627; x_wconf 79' lang='grc' dir='ltr'>καὶ</span> <span class='ocrx_word' id='word_1_31' title='bbox 1416 573 1728 627; x_wconf 71' lang='grc' dir='ltr'>ἀνάπαυσιν</span> 
     </span>
    </p>
   </div>
   <div class='ocr_carea' id='block_1_7' title="bbox 137 664 1728 737">
    <p class='ocr_par' dir='ltr' id='par_1_7' title="bbox 137 664 1728 737">
     <span class='ocr_line' id='line_1_7' title="bbox 137 664 1728 737; baseline -0.002 -19"><span class='ocrx_word' id='word_1_32' title='bbox 137 666 304 730; x_wconf 78' lang='grc' dir='ltr'>ἱξουσι</span> <span class='ocrx_word' id='word_1_33' title='bbox 334 707 347 729; x_wconf 94' lang='grc'><strong>,</strong></span> <span class='ocrx_word' id='word_1_34' title='bbox 407 668 503 720; x_wconf 76' lang='grc' dir='ltr'>καὶ</span> <span class='ocrx_word' id='word_1_35' title='bbox 557 666 818 737; x_wconf 82' lang='grc' dir='ltr'><strong>πονηρῶν</strong></span> <span class='ocrx_word' id='word_1_36' title='bbox 866 666 1143 734; x_wconf 76' lang='grc' dir='ltr'><strong>λογισμῶν</strong></span> <span class='ocrx_word' id='word_1_37' title='bbox 1201 664 1728 737; x_wconf 74' lang='grc' dir='ltr'>καθαρεύηουσιν,οί</span> 
     </span>
    </p>
   </div>
   <div class='ocr_carea' id='block_1_8' title="bbox 143 757 1727 839">
    <p class='ocr_par' dir='ltr' id='par_1_8' title="bbox 143 757 1727 839">
     <span class='ocr_line' id='line_1_8' title="bbox 143 757 1727 839; baseline 0 -29"><span class='ocrx_word' id='word_1_38' title='bbox 143 759 266 828; x_wconf 79' lang='grc' dir='ltr'>μήτε</span> <span class='ocrx_word' id='word_1_39' title='bbox 310 758 536 829; x_wconf 75' lang='grc' dir='ltr'>Χριστῴ</span> <span class='ocrx_word' id='word_1_40' title='bbox 584 758 1034 839; x_wconf 78' lang='grc' dir='ltr'>πειθαρχοῦντες,</span> <span class='ocrx_word' id='word_1_41' title='bbox 1080 760 1218 829; x_wconf 86' lang='grc' dir='ltr'>μήτε</span> <span class='ocrx_word' id='word_1_42' title='bbox 1250 758 1449 828; x_wconf 80' lang='grc' dir='ltr'><strong>Παύλῳ</strong></span> <span class='ocrx_word' id='word_1_43' title='bbox 1492 757 1727 812; x_wconf 81' lang='grc' dir='ltr'>ἀκολου-</span> 
     </span>
    </p>
   </div>
   <div class='ocr_carea' id='block_1_9' title="bbox 142 850 1098 916">
    <p class='ocr_par' dir='ltr' id='par_1_9' title="bbox 142 850 1098 916">
     <span class='ocr_line' id='line_1_9' title="bbox 142 850 1098 916; baseline 0.001 -13"><span class='ocrx_word' id='word_1_44' title='bbox 142 850 367 914; x_wconf 73' lang='grc' dir='ltr'>θοῦντες.</span> <span class='ocrx_word' id='word_1_45' title='bbox 735 912 740 916; x_wconf 91' lang='lat'>_</span> <span class='ocrx_word' id='word_1_46' title='bbox 1081 877 1098 896; x_wconf 62' lang='grc' dir='ltr'><strong>ε.</strong></span> 
     </span>
    </p>
   </div>
   <div class='ocr_carea' id='block_1_10' title="bbox 315 1047 1534 1129">
    <p class='ocr_par' dir='ltr' id='par_1_10' title="bbox 315 1047 1534 1129">
     <span class='ocr_line' id='line_1_10' title="bbox 315 1047 1534 1129; baseline 0.002 -20"><span class='ocrx_word' id='word_1_47' title='bbox 315 1057 397 1110; x_wconf 83' lang='lat' dir='ltr'><strong>N&#39;.</strong></span> <span class='ocrx_word' id='word_1_48' title='bbox 422 1087 495 1096; x_wconf 89' lang='grc'><strong>-</strong></span> <span class='ocrx_word' id='word_1_49' title='bbox 522 1047 910 1128; x_wconf 75' lang='grc' dir='ltr'><strong>ΣΤΡΑΤΠΓΙῼ</strong></span> <span class='ocrx_word' id='word_1_50' title='bbox 949 1057 1058 1128; x_wconf 63' lang='grc'><strong>(49)</strong></span> <span class='ocrx_word' id='word_1_51' title='bbox 1093 1056 1534 1129; x_wconf 47' lang='lat' dir='ltr'><strong>“armarit.</strong></span> 
     </span>
    </p>
   </div>
   <div class='ocr_carea' id='block_1_11' title="bbox 413 1148 1444 1218">
    <p class='ocr_par' dir='ltr' id='par_1_11' title="bbox 413 1148 1444 1218">
     <span class='ocr_line' id='line_1_11' title="bbox 413 1148 1444 1218; baseline 0.002 -17"><span class='ocrx_word' id='word_1_52' title='bbox 413 1150 474 1201; x_wconf 82' lang='grc' dir='ltr'>Τί</span> <span class='ocrx_word' id='word_1_53' title='bbox 512 1150 794 1218; x_wconf 76' lang='grc' dir='ltr'><strong>σημαίνει</strong></span> <span class='ocrx_word' id='word_1_54' title='bbox 833 1151 871 1216; x_wconf 74' lang='grc' dir='ltr'><strong>ἢ</strong></span> <span class='ocrx_word' id='word_1_55' title='bbox 911 1150 1164 1218; x_wconf 79' lang='grc' dir='ltr'>καρυτνη</span> <span class='ocrx_word' id='word_1_56' title='bbox 1198 1148 1444 1216; x_wconf 74' lang='grc' dir='ltr'>ῥάϐδος.</span> 
     </span>
    </p>
   </div>
   <div class='ocr_carea' id='block_1_12' title="bbox 214 1258 1728 1337">
    <p class='ocr_par' dir='ltr' id='par_1_12' title="bbox 214 1258 1728 1337">
     <span class='ocr_line' id='line_1_12' title="bbox 214 1258 1728 1337; baseline 0 -21"><span class='ocrx_word' id='word_1_57' title='bbox 214 1263 440 1316; x_wconf 72' lang='grc' dir='ltr'>Ῥάσὸον</span> <span class='ocrx_word' id='word_1_58' title='bbox 476 1265 742 1335; x_wconf 83' lang='grc' dir='ltr'>καρυϊνην</span> <span class='ocrx_word' id='word_1_59' title='bbox 788 1258 929 1318; x_wconf 78' lang='grc' dir='ltr'>εἶδεν</span> <span class='ocrx_word' id='word_1_60' title='bbox 965 1265 1272 1337; x_wconf 85' lang='grc' dir='ltr'>Ἱερεμίας,</span> <span class='ocrx_word' id='word_1_61' title='bbox 1308 1266 1336 1316; x_wconf 83' lang='grc' dir='ltr'>ὁ</span> <span class='ocrx_word' id='word_1_62' title='bbox 1374 1263 1477 1317; x_wconf 85' lang='grc' dir='ltr'><strong>τῶν</strong></span> <span class='ocrx_word' id='word_1_63' title='bbox 1515 1281 1728 1334; x_wconf 81' lang='grc' dir='ltr'>προφη-</span> 
     </span>
    </p>
   </div>
   <div class='ocr_carea' id='block_1_13' title="bbox 141 1351 1729 1428">
    <p class='ocr_par' dir='ltr' id='par_1_13' title="bbox 141 1351 1729 1428">
     <span class='ocr_line' id='line_1_13' title="bbox 141 1351 1729 1428; baseline 0.001 -21"><span class='ocrx_word' id='word_1_64' title='bbox 141 1355 240 1409; x_wconf 86' lang='grc' dir='ltr'><strong>τῶν</strong></span> <span class='ocrx_word' id='word_1_65' title='bbox 292 1355 696 1422; x_wconf 79' lang='grc' dir='ltr'>πολυκίνδυνος,</span> <span class='ocrx_word' id='word_1_66' title='bbox 745 1357 1047 1428; x_wconf 72' lang='grc' dir='ltr'><strong>ἱερωσύνης</strong></span> <span class='ocrx_word' id='word_1_67' title='bbox 1097 1355 1375 1422; x_wconf 76' lang='grc' dir='ltr'>ὑπόθεσιν,</span> <span class='ocrx_word' id='word_1_68' title='bbox 1408 1351 1475 1428; x_wconf 76' lang='grc' dir='ltr'><strong>ἧς</strong></span> <span class='ocrx_word' id='word_1_69' title='bbox 1520 1355 1587 1409; x_wconf 74' lang='grc' dir='ltr'><strong>τά</strong></span> <span class='ocrx_word' id='word_1_70' title='bbox 1631 1357 1729 1426; x_wconf 82' lang='grc' dir='ltr'>μὲν</span> 
     </span>
    </p>
   </div>
   <div class='ocr_carea' id='block_1_14' title="bbox 145 1433 1731 1519">
    <p class='ocr_par' dir='ltr' id='par_1_14' title="bbox 145 1433 1731 1519">
     <span class='ocr_line' id='line_1_14' title="bbox 145 1433 1731 1519; baseline 0.001 -19"><span class='ocrx_word' id='word_1_71' title='bbox 145 1444 390 1517; x_wconf 60' lang='grc' dir='ltr'>προςανῆ</span> <span class='ocrx_word' id='word_1_72' title='bbox 423 1448 516 1502; x_wconf 79' lang='grc' dir='ltr'>καὶ</span> <span class='ocrx_word' id='word_1_73' title='bbox 555 1449 872 1513; x_wconf 71' lang='grc' dir='ltr'>ἐπιπόλαια,</span> <span class='ocrx_word' id='word_1_74' title='bbox 907 1450 1002 1502; x_wconf 77' lang='grc' dir='ltr'>καὶ</span> <span class='ocrx_word' id='word_1_75' title='bbox 1036 1448 1110 1512; x_wconf 82' lang='grc' dir='ltr'>ὡς</span> <span class='ocrx_word' id='word_1_76' title='bbox 1153 1450 1217 1507; x_wconf 80' lang='grc' dir='ltr'>ἄν</span> <span class='ocrx_word' id='word_1_77' title='bbox 1252 1433 1347 1512; x_wconf 84' lang='grc' dir='ltr'><strong>⁸τις</strong></span> <span class='ocrx_word' id='word_1_78' title='bbox 1376 1450 1520 1501; x_wconf 81' lang='grc' dir='ltr'><strong>εἴποι</strong></span> <span class='ocrx_word' id='word_1_79' title='bbox 1552 1449 1731 1519; x_wconf 85' lang='grc' dir='ltr'>προοί-</span> 
     </span>
    </p>
   </div>
   <div class='ocr_carea' id='block_1_15' title="bbox 143 1530 1732 1616">
    <p class='ocr_par' dir='ltr' id='par_1_15' title="bbox 143 1530 1732 1616">
     <span class='ocr_line' id='line_1_15' title="bbox 143 1530 1732 1616; baseline 0.003 -25"><span class='ocrx_word' id='word_1_80' title='bbox 143 1558 252 1609; x_wconf 80' lang='grc' dir='ltr'>μια,</span> <span class='ocrx_word' id='word_1_81' title='bbox 286 1542 564 1594; x_wconf 68' lang='grc' dir='ltr'>στυπτικὰ</span> <span class='ocrx_word' id='word_1_82' title='bbox 596 1543 689 1596; x_wconf 75' lang='grc' dir='ltr'>καὶ</span> <span class='ocrx_word' id='word_1_83' title='bbox 724 1541 930 1612; x_wconf 83' lang='grc' dir='ltr'>τραχέα</span> <span class='ocrx_word' id='word_1_84' title='bbox 961 1530 1243 1612; x_wconf 80' lang='grc' dir='ltr'>τυγχάνει,</span> <span class='ocrx_word' id='word_1_85' title='bbox 1280 1542 1374 1594; x_wconf 75' lang='grc' dir='ltr'>καὶ</span> <span class='ocrx_word' id='word_1_86' title='bbox 1399 1541 1732 1616; x_wconf 76' lang='grc' dir='ltr'><strong>δριμύτητος</strong></span> 
     </span>
    </p>
   </div>
   <div class='ocr_carea' id='block_1_16' title="bbox 143 1632 1732 1706">
    <p class='ocr_par' dir='ltr' id='par_1_16' title="bbox 143 1632 1732 1706">
     <span class='ocr_line' id='line_1_16' title="bbox 143 1632 1732 1706; baseline 0.001 -21"><span class='ocrx_word' id='word_1_87' title='bbox 143 1635 367 1702; x_wconf 77' lang='grc' dir='ltr'>μέτοχα·</span> <span class='ocrx_word' id='word_1_88' title='bbox 403 1632 473 1684; x_wconf 72' lang='grc' dir='ltr'>τὰ</span> <span class='ocrx_word' id='word_1_89' title='bbox 501 1632 555 1685; x_wconf 81' lang='grc' dir='ltr'>δὲ</span> <span class='ocrx_word' id='word_1_90' title='bbox 586 1633 792 1704; x_wconf 78' lang='grc' dir='ltr'>κρύφια</span> <span class='ocrx_word' id='word_1_91' title='bbox 821 1635 914 1686; x_wconf 73' lang='grc' dir='ltr'>καὶ</span> <span class='ocrx_word' id='word_1_92' title='bbox 941 1633 1207 1703; x_wconf 78' lang='grc' dir='ltr'>ὲσώτερα,</span> <span class='ocrx_word' id='word_1_93' title='bbox 1248 1633 1490 1706; x_wconf 84' lang='grc' dir='ltr'>σταθερά</span> <span class='ocrx_word' id='word_1_94' title='bbox 1532 1651 1592 1686; x_wconf 85' lang='grc' dir='ltr'><strong>τε</strong></span> <span class='ocrx_word' id='word_1_95' title='bbox 1639 1633 1732 1687; x_wconf 69' lang='grc' dir='ltr'>καὶ</span> 
     </span>
    </p>
   </div>
   <div class='ocr_carea' id='block_1_17' title="bbox 141 1725 1734 1796">
    <p class='ocr_par' dir='ltr' id='par_1_17' title="bbox 141 1725 1734 1796">
     <span class='ocr_line' id='line_1_17' title="bbox 141 1725 1734 1796; baseline 0.001 -20"><span class='ocrx_word' id='word_1_96' title='bbox 141 1725 355 1791; x_wconf 65' lang='grc' dir='ltr'>βέϐαια,</span> <span class='ocrx_word' id='word_1_97' title='bbox 388 1727 485 1778; x_wconf 81' lang='grc' dir='ltr'>καὶ</span> <span class='ocrx_word' id='word_1_98' title='bbox 512 1725 791 1796; x_wconf 75' lang='grc' dir='ltr'><strong>στηρίζειν</strong></span> <span class='ocrx_word' id='word_1_99' title='bbox 824 1725 1118 1794; x_wconf 89' lang='grc' dir='ltr'>δυνάμενα.</span> <span class='ocrx_word' id='word_1_100' title='bbox 1156 1726 1277 1796; x_wconf 78' lang='grc' dir='ltr'><strong>Χρὴ</strong></span> <span class='ocrx_word' id='word_1_101' title='bbox 1312 1725 1493 1778; x_wconf 82' lang='grc' dir='ltr'>τοίνυν</span> <span class='ocrx_word' id='word_1_102' title='bbox 1529 1728 1626 1779; x_wconf 61' lang='grc' dir='ltr'><strong>καὶ⁹</strong></span> <span class='ocrx_word' id='word_1_103' title='bbox 1664 1725 1734 1779; x_wconf 78' lang='grc' dir='ltr'><strong>τὰ</strong></span> 
     </span>
    </p>
   </div>
   <div class='ocr_carea' id='block_1_18' title="bbox 1837 569 3440 635">
    <p class='ocr_par' dir='ltr' id='par_1_18' title="bbox 1837 569 3440 635">
     <span class='ocr_line' id='line_1_18' title="bbox 1837 569 3440 635; baseline 0.001 -11"><span class='ocrx_word' id='word_1_104' title='bbox 1837 586 1982 624; x_wconf 90' lang='lat' dir='ltr'><strong>nnnn</strong></span> <span class='ocrx_word' id='word_1_105' title='bbox 2029 569 2255 627; x_wconf 86' lang='lat' dir='ltr'><strong>Paulum</strong></span> <span class='ocrx_word' id='word_1_106' title='bbox 2294 569 2552 635; x_wconf 89' lang='lat' dir='ltr'><strong>imitaris,</strong></span> <span class='ocrx_word' id='word_1_107' title='bbox 2601 576 2695 624; x_wconf 87' lang='lat' dir='ltr'><strong>aut</strong></span> <span class='ocrx_word' id='word_1_108' title='bbox 2726 585 2820 624; x_wconf 90' lang='lat' dir='ltr'><strong>eos</strong></span> <span class='ocrx_word' id='word_1_109' title='bbox 2849 571 3108 625; x_wconf 80' lang='lat' dir='ltr'><strong>laborare</strong></span> <span class='ocrx_word' id='word_1_110' title='bbox 3153 571 3313 632; x_wconf 83' lang='lat' dir='ltr'><strong>doce,</strong></span> <span class='ocrx_word' id='word_1_111' title='bbox 3351 588 3440 626; x_wconf 87' lang='lat' dir='ltr'><strong>aut</strong></span> 
     </span>
    </p>
   </div>
   <div class='ocr_carea' id='block_1_19' title="bbox 1835 661 3444 731">
    <p class='ocr_par' dir='ltr' id='par_1_19' title="bbox 1835 661 3444 731">
     <span class='ocr_line' id='line_1_19' title="bbox 1835 661 3444 731; baseline 0.001 -14"><span class='ocrx_word' id='word_1_112' title='bbox 1835 677 2066 718; x_wconf 80' lang='lat' dir='ltr'><strong>causam</strong></span> <span class='ocrx_word' id='word_1_113' title='bbox 2083 671 2140 716; x_wconf 91' lang='lat' dir='ltr'><strong>et</strong></span> <span class='ocrx_word' id='word_1_114' title='bbox 2167 671 2490 731; x_wconf 65' lang='lat' dir='ltr'><strong>praetextum</strong></span> <span class='ocrx_word' id='word_1_115' title='bbox 2535 662 2771 731; x_wconf 86' lang='lat' dir='ltr'><strong>aliquem</strong></span> <span class='ocrx_word' id='word_1_116' title='bbox 2798 665 3054 725; x_wconf 85' lang='lat' dir='ltr'><strong>ostende,</strong></span> <span class='ocrx_word' id='word_1_117' title='bbox 3096 661 3167 716; x_wconf 89' lang='lat' dir='ltr'><strong>oh</strong></span> <span class='ocrx_word' id='word_1_118' title='bbox 3201 679 3362 731; x_wconf 80' lang='lat' dir='ltr'><strong>quem</strong></span> <span class='ocrx_word' id='word_1_119' title='bbox 3391 672 3444 718; x_wconf 70' lang='lat' dir='ltr'><strong>et</strong></span> 
     </span>
    </p>
   </div>
   <div class='ocr_carea' id='block_1_20' title="bbox 1834 742 3439 824">
    <p class='ocr_par' dir='ltr' id='par_1_20' title="bbox 1834 742 3439 824">
     <span class='ocr_line' id='line_1_20' title="bbox 1834 742 3439 824; baseline -0.003 -13"><span class='ocrx_word' id='word_1_120' title='bbox 1834 756 2070 821; x_wconf 89' lang='lat' dir='ltr'><strong>alentttr,</strong></span> <span class='ocrx_word' id='word_1_121' title='bbox 2105 763 2160 809; x_wconf 86' lang='lat' dir='ltr'><strong>et</strong></span> <span class='ocrx_word' id='word_1_122' title='bbox 2186 754 2424 823; x_wconf 76' lang='lat' dir='ltr'><strong>quietem</strong></span> <span class='ocrx_word' id='word_1_123' title='bbox 2455 755 2802 820; x_wconf 79' lang='lat' dir='ltr'><strong>obtinebunt,</strong></span> <span class='ocrx_word' id='word_1_124' title='bbox 2845 764 2898 809; x_wconf 87' lang='lat' dir='ltr'><strong>ct</strong></span> <span class='ocrx_word' id='word_1_125' title='bbox 2931 742 3198 824; x_wconf 67' lang='lat' dir='ltr'><strong>improbis</strong></span> <span class='ocrx_word' id='word_1_126' title='bbox 3229 758 3439 824; x_wconf 67' lang='lat' dir='ltr'><strong>cogitn-</strong></span> 
     </span>
    </p>
   </div>
   <div class='ocr_carea' id='block_1_21' title="bbox 1836 840 3444 917">
    <p class='ocr_par' dir='ltr' id='par_1_21' title="bbox 1836 840 3444 917">
     <span class='ocr_line' id='line_1_21' title="bbox 1836 840 3444 917; baseline 0.002 -17"><span class='ocrx_word' id='word_1_127' title='bbox 1836 848 2076 903; x_wconf 87' lang='lat' dir='ltr'><strong>tionihus</strong></span> <span class='ocrx_word' id='word_1_128' title='bbox 2105 848 2378 903; x_wconf 86' lang='lat' dir='ltr'><strong>vacabunt</strong></span> <span class='ocrx_word' id='word_1_129' title='bbox 2417 865 2430 902; x_wconf 89' lang='lat'><strong>:</strong></span> <span class='ocrx_word' id='word_1_130' title='bbox 2465 848 2558 917; x_wconf 87' lang='lat' dir='ltr'><strong>qui</strong></span> <span class='ocrx_word' id='word_1_131' title='bbox 2615 864 2714 901; x_wconf 90' lang='lat' dir='ltr'><strong>nec</strong></span> <span class='ocrx_word' id='word_1_132' title='bbox 2760 846 2983 902; x_wconf 90' lang='lat' dir='ltr'><strong>Christo</strong></span> <span class='ocrx_word' id='word_1_133' title='bbox 3033 840 3355 904; x_wconf 80' lang='lat' dir='ltr'><strong>obedientes</strong></span> <span class='ocrx_word' id='word_1_134' title='bbox 3387 866 3444 904; x_wconf 85' lang='lat' dir='ltr'><strong>se</strong></span> 
     </span>
    </p>
   </div>
   <div class='ocr_carea' id='block_1_22' title="bbox 1835 937 3046 1009">
    <p class='ocr_par' dir='ltr' id='par_1_22' title="bbox 1835 937 3046 1009">
     <span class='ocr_line' id='line_1_22' title="bbox 1835 937 3046 1009; baseline -0.004 -10"><span class='ocrx_word' id='word_1_135' title='bbox 1835 940 2099 1009; x_wconf 64' lang='lat' dir='ltr'><strong>pmbent,</strong></span> <span class='ocrx_word' id='word_1_136' title='bbox 2129 955 2227 996; x_wconf 90' lang='lat' dir='ltr'><strong>nec</strong></span> <span class='ocrx_word' id='word_1_137' title='bbox 2257 938 2410 994; x_wconf 82' lang='lat' dir='ltr'><strong>Pauli</strong></span> <span class='ocrx_word' id='word_1_138' title='bbox 2454 939 2682 1009; x_wconf 80' lang='lat' dir='ltr'><strong>vestigia</strong></span> <span class='ocrx_word' id='word_1_139' title='bbox 2713 937 3046 1008; x_wconf 82' lang='lat' dir='ltr'><strong>sequuntur.</strong></span> 
     </span>
    </p>
   </div>
   <div class='ocr_carea' id='block_1_23' title="bbox 2157 1055 3118 1114">
    <p class='ocr_par' dir='ltr' id='par_1_23' title="bbox 2157 1055 3118 1114">
     <span class='ocr_line' id='line_1_23' title="bbox 2157 1055 3118 1114; baseline -0.004 -1"><span class='ocrx_word' id='word_1_140' title='bbox 2157 1057 2220 1113; x_wconf 88' lang='lat' dir='ltr'><strong>L.</strong></span> <span class='ocrx_word' id='word_1_141' title='bbox 2254 1088 2324 1098; x_wconf 95' lang='lat'><strong><em>—</em></strong></span> <span class='ocrx_word' id='word_1_142' title='bbox 2358 1055 2759 1114; x_wconf 79' lang='lat' dir='ltr'><strong>STRATEGIO</strong></span> <span class='ocrx_word' id='word_1_143' title='bbox 2793 1055 3118 1112; x_wconf 73' lang='lat' dir='ltr'><strong>LECTORI.</strong></span> 
     </span>
    </p>
   </div>
   <div class='ocr_carea' id='block_1_24' title="bbox 2225 1147 3052 1220">
    <p class='ocr_par' dir='ltr' id='par_1_24' title="bbox 2225 1147 3052 1220">
     <span class='ocr_line' id='line_1_24' title="bbox 2225 1147 3052 1220; baseline 0 -17"><span class='ocrx_word' id='word_1_144' title='bbox 2225 1147 2368 1215; x_wconf 82' lang='lat' dir='ltr'><strong>Quid</strong></span> <span class='ocrx_word' id='word_1_145' title='bbox 2391 1148 2653 1219; x_wconf 74' lang='lat' dir='ltr'><strong>signiﬁcet</strong></span> <span class='ocrx_word' id='word_1_146' title='bbox 2682 1166 2851 1202; x_wconf 85' lang='lat' dir='ltr'><strong>nucea</strong></span> <span class='ocrx_word' id='word_1_147' title='bbox 2886 1150 3052 1220; x_wconf 81' lang='lat' dir='ltr'><strong>virga.</strong></span> 
     </span>
    </p>
   </div>
   <div class='ocr_carea' id='block_1_25' title="bbox 1911 1263 3430 1340">
    <p class='ocr_par' dir='ltr' id='par_1_25' title="bbox 1911 1263 3430 1340">
     <span class='ocr_line' id='line_1_25' title="bbox 1911 1263 3430 1340; baseline -0.002 -19"><span class='ocrx_word' id='word_1_148' title='bbox 1911 1267 2129 1337; x_wconf 76' lang='lat' dir='ltr'><strong>Virgam</strong></span> <span class='ocrx_word' id='word_1_149' title='bbox 2155 1280 2383 1322; x_wconf 89' lang='lat' dir='ltr'><strong>nuceam</strong></span> <span class='ocrx_word' id='word_1_150' title='bbox 2410 1265 2548 1340; x_wconf 82' lang='lat' dir='ltr'><strong>vidit</strong></span> <span class='ocrx_word' id='word_1_151' title='bbox 2579 1263 2907 1320; x_wconf 75' lang='lat' dir='ltr'><strong>Jeremias“</strong></span> <span class='ocrx_word' id='word_1_152' title='bbox 2935 1307 2950 1330; x_wconf 89' lang='lat'><strong>,</strong></span> <span class='ocrx_word' id='word_1_153' title='bbox 2974 1266 3057 1318; x_wconf 83' lang='lat' dir='ltr'><strong>vir</strong></span> <span class='ocrx_word' id='word_1_154' title='bbox 3082 1265 3133 1322; x_wconf 86' lang='lat' dir='ltr'><strong>in</strong></span> <span class='ocrx_word' id='word_1_155' title='bbox 3161 1264 3430 1335; x_wconf 84' lang='lat' dir='ltr'><strong>pluribus.</strong></span> 
     </span>
    </p>
   </div>
   <div class='ocr_carea' id='block_1_26' title="bbox 1834 1357 3443 1431">
    <p class='ocr_par' dir='ltr' id='par_1_26' title="bbox 1834 1357 3443 1431">
     <span class='ocr_line' id='line_1_26' title="bbox 1834 1357 3443 1431; baseline -0.002 -19"><span class='ocrx_word' id='word_1_156' title='bbox 1834 1376 2000 1431; x_wconf 84' lang='lat' dir='ltr'><strong>quam</strong></span> <span class='ocrx_word' id='word_1_157' title='bbox 2049 1359 2140 1414; x_wconf 82' lang='lat' dir='ltr'><strong>alii</strong></span> <span class='ocrx_word' id='word_1_158' title='bbox 2201 1359 2504 1428; x_wconf 85' lang='lat' dir='ltr'><strong>prophetae,</strong></span> <span class='ocrx_word' id='word_1_159' title='bbox 2554 1357 2815 1429; x_wconf 84' lang='lat' dir='ltr'><strong>periculis</strong></span> <span class='ocrx_word' id='word_1_160' title='bbox 2856 1365 3129 1424; x_wconf 88' lang='lat' dir='ltr'><strong>versatus,</strong></span> <span class='ocrx_word' id='word_1_161' title='bbox 3167 1358 3443 1410; x_wconf 83' lang='lat' dir='ltr'><strong>sacerdoti</strong></span> 
     </span>
    </p>
   </div>
   <div class='ocr_carea' id='block_1_27' title="bbox 1839 1451 3450 1526">
    <p class='ocr_par' dir='ltr' id='par_1_27' title="bbox 1839 1451 3450 1526">
     <span class='ocr_line' id='line_1_27' title="bbox 1839 1451 3450 1526; baseline -0.002 -20"><span class='ocrx_word' id='word_1_162' title='bbox 1839 1463 2026 1526; x_wconf 85' lang='lat' dir='ltr'><strong>typum</strong></span> <span class='ocrx_word' id='word_1_163' title='bbox 2068 1461 2122 1507; x_wconf 90' lang='lat' dir='ltr'><strong>et</strong></span> <span class='ocrx_word' id='word_1_164' title='bbox 2156 1460 2547 1522; x_wconf 70' lang='lat' dir='ltr'><strong>argumentum</strong></span> <span class='ocrx_word' id='word_1_165' title='bbox 2586 1470 2598 1505; x_wconf 89' lang='lat'><strong>:</strong></span> <span class='ocrx_word' id='word_1_166' title='bbox 2637 1451 2794 1521; x_wconf 86' lang='lat' dir='ltr'><strong>cujus</strong></span> <span class='ocrx_word' id='word_1_167' title='bbox 2826 1451 3132 1520; x_wconf 70' lang='lat' dir='ltr'><strong>perSpicuae</strong></span> <span class='ocrx_word' id='word_1_168' title='bbox 3165 1460 3220 1504; x_wconf 90' lang='lat' dir='ltr'><strong>et</strong></span> <span class='ocrx_word' id='word_1_169' title='bbox 3254 1464 3450 1519; x_wconf 87' lang='lat' dir='ltr'><strong>super-</strong></span> 
     </span>
    </p>
   </div>
   <div class='ocr_carea' id='block_1_28' title="bbox 1839 1543 3434 1617">
    <p class='ocr_par' dir='ltr' id='par_1_28' title="bbox 1839 1543 3434 1617">
     <span class='ocr_line' id='line_1_28' title="bbox 1839 1543 3434 1617; baseline -0.004 -14"><span class='ocrx_word' id='word_1_170' title='bbox 1839 1547 2062 1606; x_wconf 69' lang='lat' dir='ltr'><strong>ﬁciaria:</strong></span> <span class='ocrx_word' id='word_1_171' title='bbox 2086 1554 2293 1617; x_wconf 90' lang='lat' dir='ltr'><strong>partes,</strong></span> <span class='ocrx_word' id='word_1_172' title='bbox 2323 1554 2510 1613; x_wconf 91' lang='lat' dir='ltr'><strong>atque,</strong></span> <span class='ocrx_word' id='word_1_173' title='bbox 2547 1552 2606 1598; x_wconf 90' lang='lat' dir='ltr'><strong>ut</strong></span> <span class='ocrx_word' id='word_1_174' title='bbox 2629 1544 2902 1613; x_wconf 85' lang='lat' dir='ltr'><strong>quispiam</strong></span> <span class='ocrx_word' id='word_1_175' title='bbox 2943 1543 3180 1597; x_wconf 75' lang='lat' dir='ltr'><strong>fortasse</strong></span> <span class='ocrx_word' id='word_1_176' title='bbox 3213 1544 3434 1603; x_wconf 79' lang='lat' dir='ltr'><strong>dixerit.</strong></span> 
     </span>
    </p>
   </div>
   <div class='ocr_carea' id='block_1_29' title="bbox 1838 1636 3448 1712">
    <p class='ocr_par' dir='ltr' id='par_1_29' title="bbox 1838 1636 3448 1712">
     <span class='ocr_line' id='line_1_29' title="bbox 1838 1636 3448 1712; baseline -0.003 -17"><span class='ocrx_word' id='word_1_177' title='bbox 1838 1639 2166 1712; x_wconf 88' lang='lat' dir='ltr'><strong>primordia,</strong></span> <span class='ocrx_word' id='word_1_178' title='bbox 2220 1636 2584 1706; x_wconf 77' lang='lat' dir='ltr'><strong>astringentia</strong></span> <span class='ocrx_word' id='word_1_179' title='bbox 2632 1645 2687 1690; x_wconf 91' lang='lat' dir='ltr'><strong>et</strong></span> <span class='ocrx_word' id='word_1_180' title='bbox 2737 1652 2933 1705; x_wconf 89' lang='lat' dir='ltr'><strong>aspera</strong></span> <span class='ocrx_word' id='word_1_181' title='bbox 2993 1648 3144 1701; x_wconf 90' lang='lat' dir='ltr'><strong>sunt,</strong></span> <span class='ocrx_word' id='word_1_182' title='bbox 3207 1637 3448 1690; x_wconf 83' lang='lat' dir='ltr'><strong>acrimo-</strong></span> 
     </span>
    </p>
   </div>
   <div class='ocr_carea' id='block_1_30' title="bbox 1839 1729 3452 1802">
    <p class='ocr_par' dir='ltr' id='par_1_30' title="bbox 1839 1729 3452 1802">
     <span class='ocr_line' id='line_1_30' title="bbox 1839 1729 3452 1802; baseline -0.004 -13"><span class='ocrx_word' id='word_1_183' title='bbox 1839 1734 2041 1802; x_wconf 86' lang='lat' dir='ltr'><strong>niaque</strong></span> <span class='ocrx_word' id='word_1_184' title='bbox 2094 1731 2362 1802; x_wconf 66' lang='lat' dir='ltr'><strong>praedita;</strong></span> <span class='ocrx_word' id='word_1_185' title='bbox 2411 1729 2643 1785; x_wconf 74' lang='lat' dir='ltr'><strong>occulta:</strong></span> <span class='ocrx_word' id='word_1_186' title='bbox 2701 1738 2884 1785; x_wconf 88' lang='lat' dir='ltr'><strong>autem</strong></span> <span class='ocrx_word' id='word_1_187' title='bbox 2941 1739 3108 1800; x_wconf 91' lang='lat' dir='ltr'><strong>atque</strong></span> <span class='ocrx_word' id='word_1_188' title='bbox 3156 1729 3452 1785; x_wconf 88' lang='lat' dir='ltr'><strong>interiores</strong></span> 
     </span>
    </p>
   </div>
   <div class='ocr_carea' id='block_1_31' title="bbox 141 1815 1742 1899">
    <p class='ocr_par' dir='ltr' id='par_1_31' title="bbox 141 1815 1731 1885">
     <span class='ocr_line' id='line_1_31' title="bbox 141 1815 1731 1885; baseline 0.001 -19"><span class='ocrx_word' id='word_1_189' title='bbox 141 1815 368 1867; x_wconf 66' lang='grc' dir='ltr'>ἐπίπονα</span> <span class='ocrx_word' id='word_1_190' title='bbox 418 1815 516 1884; x_wconf 79' lang='grc' dir='ltr'>τῆς</span> <span class='ocrx_word' id='word_1_191' title='bbox 571 1815 874 1885; x_wconf 77' lang='grc' dir='ltr'><strong>ἱερωσύνης</strong></span> <span class='ocrx_word' id='word_1_192' title='bbox 928 1815 1116 1885; x_wconf 76' lang='grc' dir='ltr'>φέρειν</span> <span class='ocrx_word' id='word_1_193' title='bbox 1165 1815 1464 1882; x_wconf 79' lang='grc' dir='ltr'>γενναίως,</span> <span class='ocrx_word' id='word_1_194' title='bbox 1518 1815 1618 1869; x_wconf 76' lang='grc' dir='ltr'>καὶ·</span> <span class='ocrx_word' id='word_1_195' title='bbox 1665 1815 1731 1869; x_wconf 82' lang='grc' dir='ltr'><strong>τά</strong></span> 
     </span>
    </p>
   </div>
   <div class='ocr_carea' id='block_1_32' title="bbox 1851 1815 3452 1899">
    <p class='ocr_par' dir='ltr' id='par_1_32' title="bbox 1851 1821 3452 1899">
     <span class='ocr_line' id='line_1_32' title="bbox 1851 1821 3452 1899; baseline -0.002 -20"><span class='ocrx_word' id='word_1_196' title='bbox 1851 1835 2023 1897; x_wconf 78' lang='lat' dir='ltr'><strong>partes</strong></span> <span class='ocrx_word' id='word_1_197' title='bbox 2061 1823 2288 1879; x_wconf 83' lang='lat' dir='ltr'><strong>stabiles</strong></span> <span class='ocrx_word' id='word_1_198' title='bbox 2321 1831 2376 1878; x_wconf 90' lang='lat' dir='ltr'><strong>et</strong></span> <span class='ocrx_word' id='word_1_199' title='bbox 2405 1821 2578 1876; x_wconf 67' lang='lat' dir='ltr'><strong>llrmaa</strong></span> <span class='ocrx_word' id='word_1_200' title='bbox 2603 1832 2756 1888; x_wconf 88' lang='lat' dir='ltr'><strong>sunt,</strong></span> <span class='ocrx_word' id='word_1_201' title='bbox 2798 1838 2862 1877; x_wconf 88' lang='lat' dir='ltr'><strong>ac</strong></span> <span class='ocrx_word' id='word_1_202' title='bbox 2910 1821 3170 1899; x_wconf 78' lang='lat' dir='ltr'><strong>fulciendi</strong></span> <span class='ocrx_word' id='word_1_203' title='bbox 3207 1823 3314 1876; x_wconf 85' lang='lat' dir='ltr'><strong>vim</strong></span> <span class='ocrx_word' id='word_1_204' title='bbox 3357 1823 3452 1875; x_wconf 88' lang='lat' dir='ltr'><strong>ha-</strong></span> 
     </span>
    </p>
   </div>
   <div class='ocr_carea' id='block_1_33' title="bbox 140 1895 1271 1978">
    <p class='ocr_par' dir='ltr' id='par_1_33' title="bbox 140 1895 1271 1978">
     <span class='ocr_line' id='line_1_33' title="bbox 140 1895 1271 1978; baseline 0.005 -22"><span class='ocrx_word' id='word_1_205' title='bbox 140 1907 346 1960; x_wconf 74' lang='grc' dir='ltr'>ιπαθλα</span> <span class='ocrx_word' id='word_1_206' title='bbox 369 1895 573 1976; x_wconf 77' lang='grc' dir='ltr'>ταύτης</span> <span class='ocrx_word' id='word_1_207' title='bbox 603 1906 923 1978; x_wconf 85' lang='grc' dir='ltr'>περιμένειν</span> <span class='ocrx_word' id='word_1_208' title='bbox 955 1906 1271 1976; x_wconf 75' lang='grc' dir='ltr'><strong>προθύμως.</strong></span> 
     </span>
    </p>
   </div>
   <div class='ocr_carea' id='block_1_34' title="bbox 388 2209 1474 2284">
    <p class='ocr_par' dir='ltr' id='par_1_34' title="bbox 388 2209 1474 2284">
     <span class='ocr_line' id='line_1_34' title="bbox 388 2209 1474 2284; baseline 0 -20"><span class='ocrx_word' id='word_1_209' title='bbox 388 2209 516 2264; x_wconf 78' lang='lat' dir='ltr'><strong>NA&#39;.</strong></span> <span class='ocrx_word' id='word_1_210' title='bbox 569 2242 636 2252; x_wconf 97' lang='lat'><strong>—</strong></span> <span class='ocrx_word' id='word_1_211' title='bbox 684 2210 1065 2284; x_wconf 80' lang='grc' dir='ltr'><strong>ΘΕΟΠΟΜῙΙῼ</strong></span> <span class='ocrx_word' id='word_1_212' title='bbox 1106 2211 1474 2283; x_wconf 77' lang='grc' dir='ltr'><strong>ΤΡΙΒΟΥΝῼ.</strong></span> 
     </span>
    </p>
   </div>
   <div class='ocr_carea' id='block_1_35' title="bbox 427 2303 1443 2374">
    <p class='ocr_par' dir='ltr' id='par_1_35' title="bbox 427 2303 1443 2374">
     <span class='ocr_line' id='line_1_35' title="bbox 427 2303 1443 2374; baseline 0.002 -17"><span class='ocrx_word' id='word_1_213' title='bbox 427 2305 564 2371; x_wconf 66' lang='grc' dir='ltr'><strong>Περὶ</strong></span> <span class='ocrx_word' id='word_1_214' title='bbox 597 2304 708 2371; x_wconf 81' lang='grc' dir='ltr'>τῆς</span> <span class='ocrx_word' id='word_1_215' title='bbox 741 2305 1183 2372; x_wconf 81' lang='grc' dir='ltr'>καταραθείσης</span> <span class='ocrx_word' id='word_1_216' title='bbox 1223 2303 1443 2374; x_wconf 83' lang='grc' dir='ltr'>συκῆς.</span> 
     </span>
    </p>
   </div>
   <div class='ocr_carea' id='block_1_36' title="bbox 209 2416 1734 2491">
    <p class='ocr_par' dir='ltr' id='par_1_36' title="bbox 209 2416 1734 2491">
     <span class='ocr_line' id='line_1_36' title="bbox 209 2416 1734 2491; baseline 0.003 -23"><span class='ocrx_word' id='word_1_217' title='bbox 209 2416 326 2486; x_wconf 75' lang='grc' dir='ltr'><strong>Τὴν</strong></span> <span class='ocrx_word' id='word_1_218' title='bbox 365 2418 537 2486; x_wconf 74' lang='grc' dir='ltr'>συκῆν</span> <span class='ocrx_word' id='word_1_219' title='bbox 583 2418 682 2490; x_wconf 75' lang='grc' dir='ltr'>οὐχ</span> <span class='ocrx_word' id='word_1_220' title='bbox 728 2417 917 2481; x_wconf 82' lang='grc' dir='ltr'>ἁπλῶς</span> <span class='ocrx_word' id='word_1_221' title='bbox 945 2422 972 2472; x_wconf 82' lang='grc' dir='ltr'><strong>δ</strong></span> <span class='ocrx_word' id='word_1_222' title='bbox 1009 2421 1213 2489; x_wconf 85' lang='grc' dir='ltr'>Κύριος</span> <span class='ocrx_word' id='word_1_223' title='bbox 1246 2420 1625 2491; x_wconf 76' lang='grc' dir='ltr'><strong>κατηράσατο,</strong></span> <span class='ocrx_word' id='word_1_224' title='bbox 1659 2420 1734 2491; x_wconf 80' lang='grc' dir='ltr'>μὴ</span> 
     </span>
    </p>
   </div>
   <div class='ocr_carea' id='block_1_37' title="bbox 140 2504 1734 2584">
    <p class='ocr_par' dir='ltr' id='par_1_37' title="bbox 140 2504 1734 2584">
     <span class='ocr_line' id='line_1_37' title="bbox 140 2504 1734 2584; baseline 0 -20"><span class='ocrx_word' id='word_1_225' title='bbox 140 2509 298 2564; x_wconf 73' lang='grc' dir='ltr'>τοῦτο</span> <span class='ocrx_word' id='word_1_226' title='bbox 320 2510 527 2580; x_wconf 79' lang='grc' dir='ltr'>νόμιζε,</span> <span class='ocrx_word' id='word_1_227' title='bbox 559 2504 604 2564; x_wconf 82' lang='grc' dir='ltr'><strong>ὧ</strong></span> <span class='ocrx_word' id='word_1_228' title='bbox 643 2511 754 2564; x_wconf 90' lang='grc' dir='ltr'><strong>τῶν</strong></span> <span class='ocrx_word' id='word_1_229' title='bbox 802 2510 963 2565; x_wconf 80' lang='grc' dir='ltr'>θείων</span> <span class='ocrx_word' id='word_1_230' title='bbox 1002 2513 1291 2584; x_wconf 84' lang='grc' dir='ltr'>ἀκόρεστε,</span> <span class='ocrx_word' id='word_1_231' title='bbox 1316 2511 1432 2565; x_wconf 81' lang='grc' dir='ltr'>ἀλλ’</span> <span class='ocrx_word' id='word_1_232' title='bbox 1457 2513 1546 2566; x_wconf 78' lang='grc' dir='ltr'>ἵνα</span> <span class='ocrx_word' id='word_1_233' title='bbox 1585 2509 1734 2583; x_wconf 79' lang='grc' dir='ltr'>δείξῃ</span> 
     </span>
    </p>
   </div>
   <div class='ocr_carea' id='block_1_38' title="bbox 143 2603 1738 2676">
    <p class='ocr_par' dir='ltr' id='par_1_38' title="bbox 143 2603 1738 2676">
     <span class='ocr_line' id='line_1_38' title="bbox 143 2603 1738 2676; baseline 0 -21"><span class='ocrx_word' id='word_1_234' title='bbox 143 2605 247 2667; x_wconf 79' lang='grc' dir='ltr'>τοῖς</span> <span class='ocrx_word' id='word_1_235' title='bbox 279 2603 594 2673; x_wconf 83' lang='grc' dir='ltr'>ἀγνώμοσιν</span> <span class='ocrx_word' id='word_1_236' title='bbox 632 2604 931 2668; x_wconf 79' lang='grc' dir='ltr'><strong>Ἰουδαίοις,</strong></span> <span class='ocrx_word' id='word_1_237' title='bbox 961 2604 1042 2657; x_wconf 77' lang='grc' dir='ltr'><strong>ὅτι</strong></span> <span class='ocrx_word' id='word_1_238' title='bbox 1073 2605 1188 2676; x_wconf 82' lang='grc' dir='ltr'>ἔχει</span> <span class='ocrx_word' id='word_1_239' title='bbox 1218 2603 1449 2673; x_wconf 88' lang='grc' dir='ltr'>δύναμιν</span> <span class='ocrx_word' id='word_1_240' title='bbox 1477 2603 1572 2657; x_wconf 81' lang='grc' dir='ltr'>καὶ</span> <span class='ocrx_word' id='word_1_241' title='bbox 1598 2605 1738 2673; x_wconf 81' lang='grc' dir='ltr'>πρὸς</span> 
     </span>
    </p>
   </div>
   <div class='ocr_carea' id='block_1_39' title="bbox 142 2695 1738 2769">
    <p class='ocr_par' dir='ltr' id='par_1_39' title="bbox 142 2695 1738 2769">
     <span class='ocr_line' id='line_1_39' title="bbox 142 2695 1738 2769; baseline 0.004 -22"><span class='ocrx_word' id='word_1_242' title='bbox 142 2697 414 2766; x_wconf 78' lang='grc' dir='ltr'>τιμωρίαν</span> <span class='ocrx_word' id='word_1_243' title='bbox 448 2695 746 2766; x_wconf 76' lang='grc' dir='ltr'>ἀρκοῦσαν.</span> <span class='ocrx_word' id='word_1_244' title='bbox 769 2697 987 2768; x_wconf 78' lang='grc' dir='ltr'><strong>Ἐπειδὴ</strong></span> <span class='ocrx_word' id='word_1_245' title='bbox 1023 2699 1132 2769; x_wconf 84' lang='grc' dir='ltr'><strong>γὰρ</strong></span> <span class='ocrx_word' id='word_1_246' title='bbox 1183 2701 1420 2752; x_wconf 80' lang='grc' dir='ltr'>ἐν’πᾶσι</span> <span class='ocrx_word' id='word_1_247' title='bbox 1455 2699 1568 2764; x_wconf 78' lang='grc' dir='ltr'>τοῖς</span> <span class='ocrx_word' id='word_1_248' title='bbox 1607 2698 1738 2753; x_wconf 81' lang='grc' dir='ltr'>Θαύ-</span> 
     </span>
    </p>
   </div>
   <div class='ocr_carea' id='block_1_40' title="bbox 149 2790 1740 2862">
    <p class='ocr_par' dir='ltr' id='par_1_40' title="bbox 149 2790 1740 2862">
     <span class='ocr_line' id='line_1_40' title="bbox 149 2790 1740 2862; baseline 0.003 -20"><span class='ocrx_word' id='word_1_249' title='bbox 149 2807 310 2858; x_wconf 75' lang='grc' dir='ltr'>μασιν</span> <span class='ocrx_word' id='word_1_250' title='bbox 355 2790 507 2842; x_wconf 73' lang='grc' dir='ltr'>οὐδὲν</span> <span class='ocrx_word' id='word_1_251' title='bbox 546 2791 705 2843; x_wconf 73' lang='grc' dir='ltr'>αὑτὸν</span> <span class='ocrx_word' id='word_1_252' title='bbox 746 2792 1101 2862; x_wconf 72' lang='grc' dir='ltr'><strong>παρασχόντα</strong></span> <span class='ocrx_word' id='word_1_253' title='bbox 1149 2793 1256 2843; x_wconf 84' lang='grc' dir='ltr'>τινὶ</span> <span class='ocrx_word' id='word_1_254' title='bbox 1283 2792 1530 2862; x_wconf 80' lang='grc' dir='ltr'>λυπηρὸν</span> <span class='ocrx_word' id='word_1_255' title='bbox 1561 2791 1740 2862; x_wconf 78' lang='grc' dir='ltr'>ἑωρά-</span> 
     </span>
    </p>
   </div>
   <div class='ocr_carea' id='block_1_41' title="bbox 144 2881 1740 2954">
    <p class='ocr_par' dir='ltr' id='par_1_41' title="bbox 144 2881 1740 2954">
     <span class='ocr_line' id='line_1_41' title="bbox 144 2881 1740 2954; baseline 0 -19"><span class='ocrx_word' id='word_1_256' title='bbox 144 2901 353 2947; x_wconf 78' lang='grc' dir='ltr'>κεισαν,</span> <span class='ocrx_word' id='word_1_257' title='bbox 392 2885 550 2952; x_wconf 81' lang='grc' dir='ltr'>μόνον</span> <span class='ocrx_word' id='word_1_258' title='bbox 581 2884 893 2954; x_wconf 73' lang='grc' dir='ltr'>εὐεργετεῖν</span> <span class='ocrx_word' id='word_1_259' title='bbox 936 2882 1099 2936; x_wconf 73' lang='grc' dir='ltr'>αὑτὸν</span> <span class='ocrx_word' id='word_1_260' title='bbox 1149 2883 1538 2953; x_wconf 78' lang='grc' dir='ltr'>ὑπελάμϐανον</span> <span class='ocrx_word' id='word_1_261' title='bbox 1576 2881 1740 2935; x_wconf 83' lang='grc' dir='ltr'>δύνα-</span> 
     </span>
    </p>
   </div>
   <div class='ocr_carea' id='block_1_42' title="bbox 145 2975 1738 3046">
    <p class='ocr_par' dir='ltr' id='par_1_42' title="bbox 145 2975 1738 3046">
     <span class='ocr_line' id='line_1_42' title="bbox 145 2975 1738 3046; baseline 0.001 -17"><span class='ocrx_word' id='word_1_262' title='bbox 145 2977 291 3036; x_wconf 68' lang='grc' dir='ltr'>σθαι,</span> <span class='ocrx_word' id='word_1_263' title='bbox 313 2977 412 3028; x_wconf 68' lang='grc' dir='ltr'><strong>οὐκ</strong></span> <span class='ocrx_word' id='word_1_264' title='bbox 433 2976 626 3045; x_wconf 73' lang='grc' dir='ltr'>ἔχοντα</span> <span class='ocrx_word' id='word_1_265' title='bbox 643 2975 754 3045; x_wconf 72' lang='lat'><strong>(50;</strong></span> <span class='ocrx_word' id='word_1_266' title='bbox 781 2976 986 3029; x_wconf 77' lang='grc' dir='ltr'>κακοῦν</span> <span class='ocrx_word' id='word_1_267' title='bbox 1013 2978 1142 3039; x_wconf 73' lang='grc' dir='ltr'>τοὺς</span> <span class='ocrx_word' id='word_1_268' title='bbox 1170 2977 1441 3046; x_wconf 79' lang='grc' dir='ltr'>πονηροὺς</span> <span class='ocrx_word' id='word_1_269' title='bbox 1464 2975 1738 3041; x_wconf 80' lang='grc' dir='ltr'>ἐξουσίαν.</span> 
     </span>
    </p>
   </div>
   <div class='ocr_carea' id='block_1_43' title="bbox 158 3065 1742 3138">
    <p class='ocr_par' dir='ltr' id='par_1_43' title="bbox 158 3065 1742 3138">
     <span class='ocr_line' id='line_1_43' title="bbox 158 3065 1742 3138; baseline -0.001 -16"><span class='ocrx_word' id='word_1_270' title='bbox 158 3067 249 3122; x_wconf 78' lang='grc' dir='ltr'>Ἐκ</span> <span class='ocrx_word' id='word_1_271' title='bbox 282 3067 379 3137; x_wconf 76' lang='grc' dir='ltr'>τῆς</span> <span class='ocrx_word' id='word_1_272' title='bbox 411 3067 620 3136; x_wconf 70' lang='grc' dir='ltr'>ἀψύχου</span> <span class='ocrx_word' id='word_1_273' title='bbox 660 3068 836 3120; x_wconf 79' lang='grc' dir='ltr'>τοίνυν</span> <span class='ocrx_word' id='word_1_274' title='bbox 866 3067 1077 3130; x_wconf 83' lang='grc' dir='ltr'>οὐσίας,</span> <span class='ocrx_word' id='word_1_275' title='bbox 1104 3066 1282 3120; x_wconf 72' lang='grc' dir='ltr'>πείθει</span> <span class='ocrx_word' id='word_1_276' title='bbox 1315 3065 1408 3119; x_wconf 85' lang='grc' dir='ltr'><strong>τὸν</strong></span> <span class='ocrx_word' id='word_1_277' title='bbox 1444 3067 1742 3138; x_wconf 79' lang='grc' dir='ltr'>ἀχάριστον</span> 
     </span>
    </p>
   </div>
   <div class='ocr_carea' id='block_1_44' title="bbox 1839 1890 3452 1984">
    <p class='ocr_par' dir='ltr' id='par_1_44' title="bbox 1839 1890 3452 1984">
     <span class='ocr_line' id='line_1_44' title="bbox 1839 1890 3452 1984; baseline -0.003 -11"><span class='ocrx_word' id='word_1_278' title='bbox 1839 1890 1990 1975; x_wconf 78' lang='lat' dir='ltr'><strong>bent.</strong></span> <span class='ocrx_word' id='word_1_279' title='bbox 2041 1915 2410 1984; x_wconf 86' lang='lat' dir='ltr'><strong>Quamobrem</strong></span> <span class='ocrx_word' id='word_1_280' title='bbox 2478 1921 2534 1969; x_wconf 87' lang='lat' dir='ltr'><strong>et</strong></span> <span class='ocrx_word' id='word_1_281' title='bbox 2599 1915 2899 1970; x_wconf 80' lang='lat' dir='ltr'><strong>sacerdotii</strong></span> <span class='ocrx_word' id='word_1_282' title='bbox 2957 1890 3176 1970; x_wconf 68' lang='lat' dir='ltr'><strong>labores</strong></span> <span class='ocrx_word' id='word_1_283' title='bbox 3228 1923 3452 1970; x_wconf 87' lang='lat' dir='ltr'><strong>strenue</strong></span> 
     </span>
    </p>
   </div>
   <div class='ocr_carea' id='block_1_45' title="bbox 1840 1999 3449 2081">
    <p class='ocr_par' dir='ltr' id='par_1_45' title="bbox 1840 1999 3449 2081">
     <span class='ocr_line' id='line_1_45' title="bbox 1840 1999 3449 2081; baseline -0.004 -13"><span class='ocrx_word' id='word_1_284' title='bbox 1840 2014 1984 2069; x_wconf 77' lang='lat' dir='ltr'><strong>ferre</strong></span> <span class='ocrx_word' id='word_1_285' title='bbox 2023 2018 2260 2080; x_wconf 84' lang='lat' dir='ltr'><strong>oportet,</strong></span> <span class='ocrx_word' id='word_1_286' title='bbox 2310 2019 2364 2065; x_wconf 91' lang='lat' dir='ltr'><strong>et</strong></span> <span class='ocrx_word' id='word_1_287' title='bbox 2410 2010 2582 2080; x_wconf 82' lang='lat' dir='ltr'><strong>ipsius</strong></span> <span class='ocrx_word' id='word_1_288' title='bbox 2626 1999 2852 2079; x_wconf 68' lang='lat' dir='ltr'><strong>praemia</strong></span> <span class='ocrx_word' id='word_1_289' title='bbox 2900 2020 3157 2081; x_wconf 89' lang='lat' dir='ltr'><strong>prompto</strong></span> <span class='ocrx_word' id='word_1_290' title='bbox 3195 2018 3252 2064; x_wconf 83' lang='lat' dir='ltr'><strong>et</strong></span> <span class='ocrx_word' id='word_1_291' title='bbox 3281 2008 3449 2064; x_wconf 86' lang='lat' dir='ltr'><strong>alacri</strong></span> 
     </span>
    </p>
   </div>
   <div class='ocr_carea' id='block_1_46' title="bbox 1839 2105 2397 2172">
    <p class='ocr_par' dir='ltr' id='par_1_46' title="bbox 1839 2105 2397 2172">
     <span class='ocr_line' id='line_1_46' title="bbox 1839 2105 2397 2172; baseline -0.004 -14"><span class='ocrx_word' id='word_1_292' title='bbox 1839 2105 2028 2158; x_wconf 89' lang='lat' dir='ltr'><strong>animo</strong></span> <span class='ocrx_word' id='word_1_293' title='bbox 2055 2113 2397 2172; x_wconf 81' lang='lat' dir='ltr'><strong>exspectare.</strong></span> 
     </span>
    </p>
   </div>
   <div class='ocr_carea' id='block_1_47' title="bbox 2129 2210 3160 2276">
    <p class='ocr_par' dir='ltr' id='par_1_47' title="bbox 2129 2210 3160 2276">
     <span class='ocr_line' id='line_1_47' title="bbox 2129 2210 3160 2276; baseline 0 -2"><span class='ocrx_word' id='word_1_294' title='bbox 2129 2217 2214 2274; x_wconf 87' lang='lat' dir='ltr'><strong>LI.</strong></span> <span class='ocrx_word' id='word_1_295' title='bbox 2246 2251 2318 2260; x_wconf 94' lang='lat'><strong>—</strong></span> <span class='ocrx_word' id='word_1_296' title='bbox 2350 2215 2778 2275; x_wconf 80' lang='lat' dir='ltr'><strong>THEOPOMPO</strong></span> <span class='ocrx_word' id='word_1_297' title='bbox 2829 2210 3160 2276; x_wconf 74' lang='lat' dir='ltr'><strong>TRIBUNU.</strong></span> 
     </span>
    </p>
   </div>
   <div class='ocr_carea' id='block_1_48' title="bbox 2365 2310 2930 2382">
    <p class='ocr_par' dir='ltr' id='par_1_48' title="bbox 2365 2310 2930 2382">
     <span class='ocr_line' id='line_1_48' title="bbox 2365 2310 2930 2382; baseline 0.004 -18"><span class='ocrx_word' id='word_1_298' title='bbox 2365 2310 2443 2365; x_wconf 77' lang='lat' dir='ltr'><strong>De</strong></span> <span class='ocrx_word' id='word_1_299' title='bbox 2470 2314 2758 2368; x_wconf 78' lang='lat' dir='ltr'><strong>maledicta</strong></span> <span class='ocrx_word' id='word_1_300' title='bbox 2800 2311 2930 2382; x_wconf 80' lang='lat' dir='ltr'><strong>ﬁcu.</strong></span> 
     </span>
    </p>
   </div>
   <div class='ocr_carea' id='block_1_49' title="bbox 1915 2427 3454 2500">
    <p class='ocr_par' dir='ltr' id='par_1_49' title="bbox 1915 2427 3454 2500">
     <span class='ocr_line' id='line_1_49' title="bbox 1915 2427 3454 2500; baseline -0.001 -17"><span class='ocrx_word' id='word_1_301' title='bbox 1915 2428 2235 2491; x_wconf 81' lang='lat' dir='ltr'><strong>Ficulneam</strong></span> <span class='ocrx_word' id='word_1_302' title='bbox 2271 2428 2537 2484; x_wconf 86' lang='lat' dir='ltr'><strong>Dominus</strong></span> <span class='ocrx_word' id='word_1_303' title='bbox 2567 2429 2712 2485; x_wconf 86' lang='lat' dir='ltr'><strong>haud</strong></span> <span class='ocrx_word' id='word_1_304' title='bbox 2731 2429 2849 2484; x_wconf 90' lang='lat' dir='ltr'><strong>sine</strong></span> <span class='ocrx_word' id='word_1_305' title='bbox 2871 2443 3036 2483; x_wconf 90' lang='lat' dir='ltr'><strong>causa</strong></span> <span class='ocrx_word' id='word_1_306' title='bbox 3062 2427 3454 2500; x_wconf 82' lang='lat' dir='ltr'><strong>exsecratione</strong></span> 
     </span>
    </p>
   </div>
   <div class='ocr_carea' id='block_1_50' title="bbox 1842 2519 3451 2594">
    <p class='ocr_par' dir='ltr' id='par_1_50' title="bbox 1842 2519 3451 2594">
     <span class='ocr_line' id='line_1_50' title="bbox 1842 2519 3451 2594; baseline -0.004 -17"><span class='ocrx_word' id='word_1_307' title='bbox 1842 2520 2286 2594; x_wconf 73' lang='lat' dir='ltr'><strong>devittxit“‘(ne</strong></span> <span class='ocrx_word' id='word_1_308' title='bbox 2330 2521 2384 2576; x_wconf 91' lang='lat' dir='ltr'><strong>id</strong></span> <span class='ocrx_word' id='word_1_309' title='bbox 2419 2522 2728 2590; x_wconf 79' lang='lat' dir='ltr'><strong>existimes,</strong></span> <span class='ocrx_word' id='word_1_310' title='bbox 2768 2522 2861 2592; x_wconf 89' lang='lat' dir='ltr'><strong>qui</strong></span> <span class='ocrx_word' id='word_1_311' title='bbox 2913 2536 3096 2576; x_wconf 90' lang='lat' dir='ltr'><strong>rerum</strong></span> <span class='ocrx_word' id='word_1_312' title='bbox 3142 2519 3451 2573; x_wconf 83' lang='lat' dir='ltr'><strong>divinarum</strong></span> 
     </span>
    </p>
   </div>
   <div class='ocr_carea' id='block_1_51' title="bbox 1843 2609 3453 2686">
    <p class='ocr_par' dir='ltr' id='par_1_51' title="bbox 1843 2609 3453 2686">
     <span class='ocr_line' id='line_1_51' title="bbox 1843 2609 3453 2686; baseline -0.005 -15"><span class='ocrx_word' id='word_1_313' title='bbox 1843 2614 2159 2686; x_wconf 80' lang='lat' dir='ltr'><strong>inexplebili</strong></span> <span class='ocrx_word' id='word_1_314' title='bbox 2215 2614 2514 2686; x_wconf 90' lang='lat' dir='ltr'><strong>cupiditate</strong></span> <span class='ocrx_word' id='word_1_315' title='bbox 2564 2613 2820 2686; x_wconf 75' lang='lat' dir='ltr'><strong>ﬂagras),</strong></span> <span class='ocrx_word' id='word_1_316' title='bbox 2871 2629 3056 2668; x_wconf 80' lang='lat' dir='ltr'><strong>verum</strong></span> <span class='ocrx_word' id='word_1_317' title='bbox 3115 2624 3174 2666; x_wconf 90' lang='lat' dir='ltr'><strong>ut</strong></span> <span class='ocrx_word' id='word_1_318' title='bbox 3223 2609 3453 2680; x_wconf 74' lang='lat' dir='ltr'><strong>ingratis</strong></span> 
     </span>
    </p>
   </div>
   <div class='ocr_carea' id='block_1_52' title="bbox 1843 2705 3460 2773">
    <p class='ocr_par' dir='ltr' id='par_1_52' title="bbox 1843 2705 3460 2773">
     <span class='ocr_line' id='line_1_52' title="bbox 1843 2705 3460 2773; baseline -0.005 -9"><span class='ocrx_word' id='word_1_319' title='bbox 1843 2707 2048 2764; x_wconf 67' lang='lat' dir='ltr'><strong>Judaeis</strong></span> <span class='ocrx_word' id='word_1_320' title='bbox 2090 2707 2220 2762; x_wconf 89' lang='lat' dir='ltr'><strong>illttd</strong></span> <span class='ocrx_word' id='word_1_321' title='bbox 2256 2708 2599 2772; x_wconf 84' lang='lat' dir='ltr'><strong>ostenderet,</strong></span> <span class='ocrx_word' id='word_1_322' title='bbox 2633 2722 2691 2761; x_wconf 93' lang='lat' dir='ltr'><strong>se</strong></span> <span class='ocrx_word' id='word_1_323' title='bbox 2743 2723 2865 2763; x_wconf 80' lang='lat' dir='ltr'><strong>eam</strong></span> <span class='ocrx_word' id='word_1_324' title='bbox 2915 2707 3024 2761; x_wconf 73' lang='lat' dir='ltr'><strong>vim</strong></span> <span class='ocrx_word' id='word_1_325' title='bbox 3065 2705 3289 2770; x_wconf 81' lang='lat' dir='ltr'><strong>habere,</strong></span> <span class='ocrx_word' id='word_1_326' title='bbox 3339 2718 3460 2773; x_wconf 72' lang='lat' dir='ltr'><strong>qua:</strong></span> 
     </span>
    </p>
   </div>
   <div class='ocr_carea' id='block_1_53' title="bbox 1847 2796 3456 2870">
    <p class='ocr_par' dir='ltr' id='par_1_53' title="bbox 1847 2796 3456 2870">
     <span class='ocr_line' id='line_1_53' title="bbox 1847 2796 3456 2870; baseline -0.004 -16"><span class='ocrx_word' id='word_1_327' title='bbox 1847 2799 2136 2854; x_wconf 74' lang='lat' dir='ltr'><strong>inferendo</strong></span> <span class='ocrx_word' id='word_1_328' title='bbox 2186 2814 2407 2870; x_wconf 82' lang='lat' dir='ltr'><strong>quoque</strong></span> <span class='ocrx_word' id='word_1_329' title='bbox 2461 2798 2734 2870; x_wconf 84' lang='lat' dir='ltr'><strong>supplicio</strong></span> <span class='ocrx_word' id='word_1_330' title='bbox 2784 2813 2881 2868; x_wconf 91' lang='lat' dir='ltr'><strong>par</strong></span> <span class='ocrx_word' id='word_1_331' title='bbox 2950 2807 3120 2852; x_wconf 84' lang='lat' dir='ltr'><strong>esset.</strong></span> <span class='ocrx_word' id='word_1_332' title='bbox 3183 2796 3456 2863; x_wconf 82' lang='lat' dir='ltr'><strong>Quoniam</strong></span> 
     </span>
    </p>
   </div>
   <div class='ocr_carea' id='block_1_54' title="bbox 1844 2886 3452 2956">
    <p class='ocr_par' dir='ltr' id='par_1_54' title="bbox 1844 2886 3452 2956">
     <span class='ocr_line' id='line_1_54' title="bbox 1844 2886 3452 2956; baseline -0.004 -11"><span class='ocrx_word' id='word_1_333' title='bbox 1844 2892 1992 2945; x_wconf 88' lang='lat' dir='ltr'><strong>enim</strong></span> <span class='ocrx_word' id='word_1_334' title='bbox 2036 2905 2160 2944; x_wconf 91' lang='lat' dir='ltr'><strong>eum</strong></span> <span class='ocrx_word' id='word_1_335' title='bbox 2216 2892 2270 2944; x_wconf 93' lang='lat' dir='ltr'><strong>in</strong></span> <span class='ocrx_word' id='word_1_336' title='bbox 2325 2890 2584 2945; x_wconf 86' lang='lat' dir='ltr'><strong>omnibus</strong></span> <span class='ocrx_word' id='word_1_337' title='bbox 2621 2888 2905 2943; x_wconf 88' lang='lat' dir='ltr'><strong>miraculis</strong></span> <span class='ocrx_word' id='word_1_338' title='bbox 2950 2887 3154 2941; x_wconf 89' lang='lat' dir='ltr'><strong>nullam</strong></span> <span class='ocrx_word' id='word_1_339' title='bbox 3197 2886 3452 2956; x_wconf 87' lang='lat' dir='ltr'><strong>cuiquam</strong></span> 
     </span>
    </p>
   </div>
   <div class='ocr_carea' id='block_1_55' title="bbox 1846 2979 3459 3050">
    <p class='ocr_par' dir='ltr' id='par_1_55' title="bbox 1846 2979 3459 3050">
     <span class='ocr_line' id='line_1_55' title="bbox 1846 2979 3459 3050; baseline -0.002 -14"><span class='ocrx_word' id='word_1_340' title='bbox 1846 2981 2155 3037; x_wconf 89' lang='lat' dir='ltr'><strong>molestiam</strong></span> <span class='ocrx_word' id='word_1_341' title='bbox 2188 2979 2442 3036; x_wconf 88' lang='lat' dir='ltr'><strong>intulisse</strong></span> <span class='ocrx_word' id='word_1_342' title='bbox 2482 2989 2903 3050; x_wconf 81' lang='lat' dir='ltr'><strong>perspexerant,</strong></span> <span class='ocrx_word' id='word_1_343' title='bbox 2943 2981 3148 3036; x_wconf 90' lang='lat' dir='ltr'><strong>idcirco</strong></span> <span class='ocrx_word' id='word_1_344' title='bbox 3177 2996 3302 3034; x_wconf 85' lang='lat' dir='ltr'><strong>eum</strong></span> <span class='ocrx_word' id='word_1_345' title='bbox 3332 2993 3459 3049; x_wconf 86' lang='lat' dir='ltr'><strong>pro-</strong></span> 
     </span>
    </p>
   </div>
   <div class='ocr_carea' id='block_1_56' title="bbox 1848 3072 3457 3140">
    <p class='ocr_par' dir='ltr' id='par_1_56' title="bbox 1848 3072 3457 3140">
     <span class='ocr_line' id='line_1_56' title="bbox 1848 3072 3457 3140; baseline -0.001 -14"><span class='ocrx_word' id='word_1_346' title='bbox 1848 3073 2007 3132; x_wconf 82' lang='lat' dir='ltr'><strong>desse</strong></span> <span class='ocrx_word' id='word_1_347' title='bbox 2056 3083 2268 3126; x_wconf 89' lang='lat' dir='ltr'><strong>tantum</strong></span> <span class='ocrx_word' id='word_1_348' title='bbox 2318 3087 2480 3140; x_wconf 83' lang='lat' dir='ltr'><strong>posse</strong></span> <span class='ocrx_word' id='word_1_349' title='bbox 2518 3073 2915 3128; x_wconf 76' lang='lat' dir='ltr'><strong>existimabant</strong></span> <span class='ocrx_word' id='word_1_350' title='bbox 2965 3091 2978 3126; x_wconf 75' lang='grc' dir='ltr'>ε</span> <span class='ocrx_word' id='word_1_351' title='bbox 3031 3088 3095 3128; x_wconf 91' lang='lat' dir='ltr'><strong>ac</strong></span> <span class='ocrx_word' id='word_1_352' title='bbox 3149 3089 3257 3129; x_wconf 89' lang='lat' dir='ltr'><strong>non</strong></span> <span class='ocrx_word' id='word_1_353' title='bbox 3324 3072 3457 3128; x_wconf 84' lang='lat' dir='ltr'><strong>item</strong></span> 
     </span>
    </p>
   </div>
   <div class='ocr_carea' id='block_1_57' title="bbox 146 3158 1742 3248">
    <p class='ocr_par' dir='ltr' id='par_1_57' title="bbox 146 3158 1741 3231">
     <span class='ocr_line' id='line_1_57' title="bbox 146 3158 1741 3231; baseline 0 -18"><span class='ocrx_word' id='word_1_354' title='bbox 146 3161 335 3231; x_wconf 70' lang='grc' dir='ltr'>δῆμον,</span> <span class='ocrx_word' id='word_1_355' title='bbox 368 3162 448 3212; x_wconf 80' lang='grc' dir='ltr'>ὅτι</span> <span class='ocrx_word' id='word_1_356' title='bbox 487 3160 583 3212; x_wconf 78' lang='grc' dir='ltr'>καὶ</span> <span class='ocrx_word' id='word_1_357' title='bbox 613 3158 925 3228; x_wconf 80' lang='grc' dir='ltr'>ἀμύνασθαι</span> <span class='ocrx_word' id='word_1_358' title='bbox 950 3158 1198 3223; x_wconf 86' lang='grc' dir='ltr'>δύναται,</span> <span class='ocrx_word' id='word_1_359' title='bbox 1236 3159 1331 3212; x_wconf 78' lang='grc' dir='ltr'>καὶ</span> <span class='ocrx_word' id='word_1_360' title='bbox 1354 3160 1429 3223; x_wconf 87' lang='grc' dir='ltr'><strong>ὡς</strong></span> <span class='ocrx_word' id='word_1_361' title='bbox 1452 3158 1660 3228; x_wconf 68' lang='grc' dir='ltr'>ἀγαθὸς</span> <span class='ocrx_word' id='word_1_362' title='bbox 1681 3160 1741 3213; x_wconf 83' lang='grc' dir='ltr'>οὐ</span> 
     </span>
    </p>
   </div>
   <div class='ocr_carea' id='block_1_58' title="bbox 1851 3158 3463 3248">
    <p class='ocr_par' dir='ltr' id='par_1_58' title="bbox 1851 3162 3463 3234">
     <span class='ocr_line' id='line_1_58' title="bbox 1851 3162 3463 3234; baseline 0 -16"><span class='ocrx_word' id='word_1_363' title='bbox 1851 3180 1969 3218; x_wconf 86' lang='lat' dir='ltr'><strong>eam</strong></span> <span class='ocrx_word' id='word_1_364' title='bbox 2015 3165 2125 3219; x_wconf 83' lang='lat' dir='ltr'><strong>vim</strong></span> <span class='ocrx_word' id='word_1_365' title='bbox 2163 3164 2392 3228; x_wconf 87' lang='lat' dir='ltr'><strong>habere,</strong></span> <span class='ocrx_word' id='word_1_366' title='bbox 2439 3179 2544 3233; x_wconf 86' lang='lat' dir='ltr'><strong>qua</strong></span> <span class='ocrx_word' id='word_1_367' title='bbox 2594 3164 2874 3234; x_wconf 88' lang='lat' dir='ltr'><strong>improbos</strong></span> <span class='ocrx_word' id='word_1_368' title='bbox 2920 3163 3064 3218; x_wconf 91' lang='lat' dir='ltr'><strong>malo</strong></span> <span class='ocrx_word' id='word_1_369' title='bbox 3093 3162 3308 3218; x_wconf 87' lang='lat' dir='ltr'><strong>allicere</strong></span> <span class='ocrx_word' id='word_1_370' title='bbox 3341 3180 3463 3233; x_wconf 87' lang='lat' dir='ltr'><strong>pos-</strong></span> 
     </span>
    </p>
   </div>
   <div class='ocr_carea' id='block_1_59' title="bbox 149 3247 1736 3326">
    <p class='ocr_par' dir='ltr' id='par_1_59' title="bbox 149 3247 1736 3326">
     <span class='ocr_line' id='line_1_59' title="bbox 149 3247 1736 3326; baseline 0.001 -20"><span class='ocrx_word' id='word_1_371' title='bbox 149 3250 842 3322; x_wconf 71' lang='grc' dir='ltr'>βεὸούλευται.ἘξηράνΘη</span> <span class='ocrx_word' id='word_1_372' title='bbox 890 3247 986 3304; x_wconf 74' lang='grc' dir='ltr'>οὖν</span> <span class='ocrx_word' id='word_1_373' title='bbox 1033 3251 1211 3316; x_wconf 84' lang='grc' dir='ltr'>ξύλον,</span> <span class='ocrx_word' id='word_1_374' title='bbox 1251 3253 1336 3304; x_wconf 73' lang='grc' dir='ltr'>ἵνα</span> <span class='ocrx_word' id='word_1_375' title='bbox 1390 3252 1603 3326; x_wconf 77' lang='grc' dir='ltr'>φοὸήσῃ</span> <span class='ocrx_word' id='word_1_376' title='bbox 1646 3253 1736 3307; x_wconf 83' lang='grc' dir='ltr'><strong>ἀν-</strong></span> 
     </span>
    </p>
   </div>
   <div class='ocr_carea' id='block_1_60' title="bbox 148 3343 1741 3418">
    <p class='ocr_par' dir='ltr' id='par_1_60' title="bbox 148 3343 1741 3418">
     <span class='ocr_line' id='line_1_60' title="bbox 148 3343 1741 3418; baseline -0.001 -18"><span class='ocrx_word' id='word_1_377' title='bbox 148 3347 579 3418; x_wconf 53' lang='grc' dir='ltr'>Θρὼπουςῖᾼμα</span> <span class='ocrx_word' id='word_1_378' title='bbox 607 3343 663 3397; x_wconf 84' lang='grc' dir='ltr'>δέ</span> <span class='ocrx_word' id='word_1_379' title='bbox 696 3361 780 3408; x_wconf 86' lang='grc' dir='ltr'><strong>τις</strong></span> <span class='ocrx_word' id='word_1_380' title='bbox 825 3344 1001 3412; x_wconf 86' lang='grc' dir='ltr'>τούτῳ</span> <span class='ocrx_word' id='word_1_381' title='bbox 1047 3345 1141 3396; x_wconf 73' lang='grc' dir='ltr'>καὶ</span> <span class='ocrx_word' id='word_1_382' title='bbox 1182 3344 1500 3416; x_wconf 76' lang='grc' dir='ltr'><strong>ἀπόρρητος</strong></span> <span class='ocrx_word' id='word_1_383' title='bbox 1528 3344 1741 3415; x_wconf 69' lang='grc' dir='ltr'>συμπόο</span> 
     </span>
    </p>
   </div>
   <div class='ocr_carea' id='block_1_61' title="bbox 149 3436 1742 3507">
    <p class='ocr_par' dir='ltr' id='par_1_61' title="bbox 149 3436 1742 3507">
     <span class='ocr_line' id='line_1_61' title="bbox 149 3436 1742 3507; baseline 0.001 -19"><span class='ocrx_word' id='word_1_384' title='bbox 149 3441 383 3492; x_wconf 73' lang='grc' dir='ltr'>πλεκται.</span> <span class='ocrx_word' id='word_1_385' title='bbox 407 3438 584 3504; x_wconf 81' lang='grc' dir='ltr'>λόγος,</span> <span class='ocrx_word' id='word_1_386' title='bbox 624 3436 774 3506; x_wconf 70' lang='grc' dir='ltr'>παρὰ</span> <span class='ocrx_word' id='word_1_387' title='bbox 803 3436 1075 3507; x_wconf 80' lang='grc' dir='ltr'>γερόντων</span> <span class='ocrx_word' id='word_1_388' title='bbox 1117 3436 1196 3498; x_wconf 80' lang='grc' dir='ltr'>εἰς</span> <span class='ocrx_word' id='word_1_389' title='bbox 1227 3437 1374 3506; x_wconf 77' lang='grc' dir='ltr'>ἡμᾶς</span> <span class='ocrx_word' id='word_1_390' title='bbox 1410 3436 1592 3505; x_wconf 78' lang='grc' dir='ltr'>σοφῶν</span> <span class='ocrx_word' id='word_1_391' title='bbox 1622 3437 1742 3490; x_wconf 86' lang='grc' dir='ltr'>δια-</span> 
     </span>
    </p>
   </div>
   <div class='ocr_carea' id='block_1_62' title="bbox 149 3524 1742 3601">
    <p class='ocr_par' dir='ltr' id='par_1_62' title="bbox 149 3524 1742 3601">
     <span class='ocr_line' id='line_1_62' title="bbox 149 3524 1742 3601; baseline -0.001 -17"><span class='ocrx_word' id='word_1_392' title='bbox 149 3534 410 3601; x_wconf 56' lang='lat' dir='ltr'><strong>conﬁsa;</strong></span> <span class='ocrx_word' id='word_1_393' title='bbox 435 3547 447 3559; x_wconf 81' lang='lat'><strong>&#39;</strong></span> <span class='ocrx_word' id='word_1_394' title='bbox 485 3533 564 3583; x_wconf 74' lang='grc' dir='ltr'>ὅτι</span> <span class='ocrx_word' id='word_1_395' title='bbox 606 3529 667 3582; x_wconf 78' lang='grc' dir='ltr'>τὸ</span> <span class='ocrx_word' id='word_1_396' title='bbox 701 3529 857 3597; x_wconf 82' lang='grc' dir='ltr'>ξύλον</span> <span class='ocrx_word' id='word_1_397' title='bbox 903 3529 1003 3600; x_wconf 82' lang='grc' dir='ltr'>τῆς</span> <span class='ocrx_word' id='word_1_398' title='bbox 1051 3527 1419 3598; x_wconf 81' lang='grc' dir='ltr'>παραὸάσεως</span> <span class='ocrx_word' id='word_1_399' title='bbox 1468 3527 1650 3592; x_wconf 77' lang='grc' dir='ltr'>τοῦτο,</span> <span class='ocrx_word' id='word_1_400' title='bbox 1682 3524 1742 3584; x_wconf 84' lang='grc' dir='ltr'>οὖ</span> 
     </span>
    </p>
   </div>
   <div class='ocr_carea' id='block_1_63' title="bbox 149 3622 1742 3694">
    <p class='ocr_par' dir='ltr' id='par_1_63' title="bbox 149 3622 1742 3694">
     <span class='ocr_line' id='line_1_63' title="bbox 149 3622 1742 3694; baseline -0.001 -16"><span class='ocrx_word' id='word_1_401' title='bbox 149 3630 238 3678; x_wconf 74' lang='grc' dir='ltr'>καὶ</span> <span class='ocrx_word' id='word_1_402' title='bbox 289 3628 404 3688; x_wconf 60' lang='grc' dir='ltr'>τάς</span> <span class='ocrx_word' id='word_1_403' title='bbox 459 3624 680 3694; x_wconf 79' lang='grc' dir='ltr'><strong>φύλλοις</strong></span> <span class='ocrx_word' id='word_1_404' title='bbox 727 3626 804 3687; x_wconf 83' lang='grc' dir='ltr'><strong>εἰς</strong></span> <span class='ocrx_word' id='word_1_405' title='bbox 853 3623 1064 3694; x_wconf 83' lang='grc' dir='ltr'>σκέπην</span> <span class='ocrx_word' id='word_1_406' title='bbox 1095 3625 1142 3675; x_wconf 90' lang='grc' dir='ltr'><strong>οί</strong></span> <span class='ocrx_word' id='word_1_407' title='bbox 1176 3622 1526 3692; x_wconf 80' lang='grc' dir='ltr'>παραὸάντες</span> <span class='ocrx_word' id='word_1_408' title='bbox 1569 3623 1742 3692; x_wconf 79' lang='grc' dir='ltr'><strong>ἐχρή-</strong></span> 
     </span>
    </p>
   </div>
   <div class='ocr_carea' id='block_1_64' title="bbox 151 3713 1742 3786">
    <p class='ocr_par' dir='ltr' id='par_1_64' title="bbox 151 3713 1742 3786">
     <span class='ocr_line' id='line_1_64' title="bbox 151 3713 1742 3786; baseline -0.001 -19"><span class='ocrx_word' id='word_1_409' title='bbox 151 3735 326 3771; x_wconf 71' lang='grc' dir='ltr'>σαντο.</span> <span class='ocrx_word' id='word_1_410' title='bbox 357 3719 466 3770; x_wconf 72' lang='grc' dir='ltr'><strong>Καὶ</strong></span> <span class='ocrx_word' id='word_1_411' title='bbox 497 3715 784 3786; x_wconf 79' lang='grc' dir='ltr'>κατηράθη</span> <span class='ocrx_word' id='word_1_412' title='bbox 834 3714 986 3786; x_wconf 77' lang='grc' dir='ltr'>παρὰ</span> <span class='ocrx_word' id='word_1_413' title='bbox 1031 3713 1267 3784; x_wconf 85' lang='grc' dir='ltr'>Χριστοῦ</span> <span class='ocrx_word' id='word_1_414' title='bbox 1318 3713 1742 3785; x_wconf 82' lang='grc' dir='ltr'>φιλανθρώπως,</span> 
     </span>
    </p>
   </div>
   <div class='ocr_carea' id='block_1_65' title="bbox 153 3806 1743 3879">
    <p class='ocr_par' dir='ltr' id='par_1_65' title="bbox 153 3806 1743 3879">
     <span class='ocr_line' id='line_1_65' title="bbox 153 3806 1743 3879; baseline -0.003 -16"><span class='ocrx_word' id='word_1_415' title='bbox 153 3812 342 3879; x_wconf 74' lang='grc' dir='ltr'>μηκέτι</span> <span class='ocrx_word' id='word_1_416' title='bbox 397 3809 612 3879; x_wconf 80' lang='grc' dir='ltr'>καρπὸν</span> <span class='ocrx_word' id='word_1_417' title='bbox 660 3811 910 3876; x_wconf 78' lang='grc' dir='ltr'>ὲνεγκείν</span> <span class='ocrx_word' id='word_1_418' title='bbox 957 3807 1132 3872; x_wconf 74' lang='grc' dir='ltr'>αἴτιον</span> <span class='ocrx_word' id='word_1_419' title='bbox 1185 3806 1480 3876; x_wconf 84' lang='grc' dir='ltr'>ἁμαρτίας.</span> <span class='ocrx_word' id='word_1_420' title='bbox 1521 3806 1743 3875; x_wconf 81' lang='grc' dir='ltr'>Ἐπειδὴ</span> 
     </span>
    </p>
   </div>
   <div class='ocr_carea' id='block_1_66' title="bbox 151 3897 1744 3970">
    <p class='ocr_par' dir='ltr' id='par_1_66' title="bbox 151 3897 1744 3970">
     <span class='ocr_line' id='line_1_66' title="bbox 151 3897 1744 3970; baseline -0.001 -17"><span class='ocrx_word' id='word_1_421' title='bbox 151 3901 376 3970; x_wconf 70' lang='grc' dir='ltr'>δευτέρα</span> <span class='ocrx_word' id='word_1_422' title='bbox 411 3898 549 3953; x_wconf 81' lang='grc' dir='ltr'>Θεοῦ</span> <span class='ocrx_word' id='word_1_423' title='bbox 581 3900 877 3969; x_wconf 81' lang='grc' dir='ltr'>παρουσία,</span> <span class='ocrx_word' id='word_1_424' title='bbox 906 3899 1043 3970; x_wconf 82' lang='grc' dir='ltr'>πρὸς</span> <span class='ocrx_word' id='word_1_425' title='bbox 1064 3897 1481 3969; x_wconf 62' lang='grc' dir='ltr'>Ρνανθρώπησιν</span> <span class='ocrx_word' id='word_1_426' title='bbox 1515 3898 1616 3969; x_wconf 79' lang='grc' dir='ltr'>μὲν</span> <span class='ocrx_word' id='word_1_427' title='bbox 1644 3898 1744 3951; x_wconf 83' lang='grc' dir='ltr'><strong>ούκ</strong></span> 
     </span>
    </p>
   </div>
   <div class='ocr_carea' id='block_1_67' title="bbox 153 3990 1563 4063">
    <p class='ocr_par' dir='ltr' id='par_1_67' title="bbox 153 3990 1563 4063">
     <span class='ocr_line' id='line_1_67' title="bbox 153 3990 1563 4063; baseline -0.001 -18"><span class='ocrx_word' id='word_1_428' title='bbox 153 3995 280 4052; x_wconf 69' lang='grc' dir='ltr'>εστι,</span> <span class='ocrx_word' id='word_1_429' title='bbox 316 3994 456 4063; x_wconf 75' lang='grc' dir='ltr'>πρὸς</span> <span class='ocrx_word' id='word_1_430' title='bbox 496 3993 551 4045; x_wconf 73' lang='grc' dir='ltr'>δὲ</span> <span class='ocrx_word' id='word_1_431' title='bbox 577 3991 717 4045; x_wconf 85' lang='grc' dir='ltr'>τίσιν</span> <span class='ocrx_word' id='word_1_432' title='bbox 744 3992 854 4045; x_wconf 91' lang='grc' dir='ltr'><strong>τῶν</strong></span> <span class='ocrx_word' id='word_1_433' title='bbox 882 3993 1292 4062; x_wconf 83' lang='grc' dir='ltr'>πεπραγμένων</span> <span class='ocrx_word' id='word_1_434' title='bbox 1325 3990 1563 4062; x_wconf 78' lang='grc' dir='ltr'>ἑκάστῳ.</span> 
     </span>
    </p>
   </div>
   <div class='ocr_carea' id='block_1_68' title="bbox 1853 3255 3458 3327">
    <p class='ocr_par' dir='ltr' id='par_1_68' title="bbox 1853 3255 3458 3327">
     <span class='ocr_line' id='line_1_68' title="bbox 1853 3255 3458 3327; baseline -0.002 -14"><span class='ocrx_word' id='word_1_435' title='bbox 1853 3269 1954 3313; x_wconf 83' lang='lat' dir='ltr'><strong>set.</strong></span> <span class='ocrx_word' id='word_1_436' title='bbox 1993 3256 2365 3324; x_wconf 87' lang='lat' dir='ltr'><strong>Quamobrem</strong></span> <span class='ocrx_word' id='word_1_437' title='bbox 2392 3271 2422 3310; x_wconf 88' lang='lat' dir='ltr'><strong>a</strong></span> <span class='ocrx_word' id='word_1_438' title='bbox 2451 3256 2758 3311; x_wconf 81' lang='lat' dir='ltr'><strong>substantia</strong></span> <span class='ocrx_word' id='word_1_439' title='bbox 2786 3255 2984 3310; x_wconf 70' lang='lat' dir='ltr'><strong>animae</strong></span> <span class='ocrx_word' id='word_1_440' title='bbox 3015 3257 3251 3326; x_wconf 76' lang='lat' dir='ltr'><strong>experti,</strong></span> <span class='ocrx_word' id='word_1_441' title='bbox 3289 3271 3458 3327; x_wconf 89' lang='lat' dir='ltr'><strong>popu-</strong></span> 
     </span>
    </p>
   </div>
   <div class='ocr_carea' id='block_1_69' title="bbox 1852 3348 3467 3421">
    <p class='ocr_par' dir='ltr' id='par_1_69' title="bbox 1852 3348 3467 3421">
     <span class='ocr_line' id='line_1_69' title="bbox 1852 3348 3467 3421; baseline -0.003 -16"><span class='ocrx_word' id='word_1_442' title='bbox 1852 3351 1965 3405; x_wconf 91' lang='lat' dir='ltr'><strong>lum</strong></span> <span class='ocrx_word' id='word_1_443' title='bbox 1999 3351 2275 3421; x_wconf 81' lang='lat' dir='ltr'><strong>ingratum</strong></span> <span class='ocrx_word' id='word_1_444' title='bbox 2333 3348 2614 3414; x_wconf 84' lang='lat' dir='ltr'><strong>admonet,</strong></span> <span class='ocrx_word' id='word_1_445' title='bbox 2673 3363 2732 3404; x_wconf 91' lang='lat' dir='ltr'><strong>se</strong></span> <span class='ocrx_word' id='word_1_446' title='bbox 2781 3348 2974 3403; x_wconf 89' lang='lat' dir='ltr'><strong>ulcisci</strong></span> <span class='ocrx_word' id='word_1_447' title='bbox 3019 3348 3239 3418; x_wconf 87' lang='lat' dir='ltr'><strong>quidem</strong></span> <span class='ocrx_word' id='word_1_448' title='bbox 3291 3348 3467 3416; x_wconf 89' lang='lat' dir='ltr'><strong>ipsius</strong></span> 
     </span>
    </p>
   </div>
   <div class='ocr_carea' id='block_1_70' title="bbox 1852 3441 3468 3514">
    <p class='ocr_par' dir='ltr' id='par_1_70' title="bbox 1852 3441 3468 3514">
     <span class='ocr_line' id='line_1_70' title="bbox 1852 3441 3468 3514; baseline -0.003 -14"><span class='ocrx_word' id='word_1_449' title='bbox 1852 3444 2061 3500; x_wconf 83' lang='lat' dir='ltr'><strong>scelera</strong></span> <span class='ocrx_word' id='word_1_450' title='bbox 2095 3459 2278 3512; x_wconf 87' lang='lat' dir='ltr'><strong>posse,</strong></span> <span class='ocrx_word' id='word_1_451' title='bbox 2313 3445 2407 3499; x_wconf 87' lang='lat' dir='ltr'><strong>sed</strong></span> <span class='ocrx_word' id='word_1_452' title='bbox 2452 3459 2551 3514; x_wconf 91' lang='lat' dir='ltr'><strong>pro</strong></span> <span class='ocrx_word' id='word_1_453' title='bbox 2587 3459 2684 3497; x_wconf 81' lang='lat' dir='ltr'><strong>sua</strong></span> <span class='ocrx_word' id='word_1_454' title='bbox 2723 3443 2972 3498; x_wconf 83' lang='lat' dir='ltr'><strong>bonitate</strong></span> <span class='ocrx_word' id='word_1_455' title='bbox 3019 3441 3184 3498; x_wconf 82' lang='lat' dir='ltr'><strong>nolle.</strong></span> <span class='ocrx_word' id='word_1_456' title='bbox 3238 3441 3468 3496; x_wconf 74' lang='lat' dir='ltr'><strong>Exaruit</strong></span> 
     </span>
    </p>
   </div>
   <div class='ocr_carea' id='block_1_71' title="bbox 1854 3534 3465 3606">
    <p class='ocr_par' dir='ltr' id='par_1_71' title="bbox 1854 3534 3465 3606">
     <span class='ocr_line' id='line_1_71' title="bbox 1854 3534 3465 3606; baseline -0.001 -17"><span class='ocrx_word' id='word_1_457' title='bbox 1854 3535 2021 3605; x_wconf 75' lang='lat' dir='ltr'><strong>igitur</strong></span> <span class='ocrx_word' id='word_1_458' title='bbox 2055 3535 2244 3602; x_wconf 81' lang='lat' dir='ltr'><strong>arbor,</strong></span> <span class='ocrx_word' id='word_1_459' title='bbox 2291 3544 2349 3590; x_wconf 87' lang='lat' dir='ltr'><strong>ut</strong></span> <span class='ocrx_word' id='word_1_460' title='bbox 2384 3535 2699 3591; x_wconf 87' lang='lat' dir='ltr'><strong>hominibus</strong></span> <span class='ocrx_word' id='word_1_461' title='bbox 2750 3544 3018 3592; x_wconf 88' lang='lat' dir='ltr'><strong>terrorem</strong></span> <span class='ocrx_word' id='word_1_462' title='bbox 3060 3536 3290 3606; x_wconf 85' lang='lat' dir='ltr'><strong>injiciat.</strong></span> <span class='ocrx_word' id='word_1_463' title='bbox 3323 3534 3465 3601; x_wconf 88' lang='lat' dir='ltr'><strong>Quin</strong></span> 
     </span>
    </p>
   </div>
   <div class='ocr_carea' id='block_1_72' title="bbox 1857 3625 3468 3697">
    <p class='ocr_par' dir='ltr' id='par_1_72' title="bbox 1857 3625 3468 3697">
     <span class='ocr_line' id='line_1_72' title="bbox 1857 3625 3468 3697; baseline 0 -18"><span class='ocrx_word' id='word_1_464' title='bbox 1857 3625 1911 3679; x_wconf 89' lang='lat' dir='ltr'><strong>in</strong></span> <span class='ocrx_word' id='word_1_465' title='bbox 1944 3627 2044 3680; x_wconf 86' lang='lat' dir='ltr'><strong>hac</strong></span> <span class='ocrx_word' id='word_1_466' title='bbox 2071 3640 2288 3694; x_wconf 85' lang='lat' dir='ltr'><strong>quoque</strong></span> <span class='ocrx_word' id='word_1_467' title='bbox 2345 3640 2403 3681; x_wconf 94' lang='lat' dir='ltr'><strong>re</strong></span> <span class='ocrx_word' id='word_1_468' title='bbox 2454 3642 2691 3682; x_wconf 84' lang='lat' dir='ltr'><strong>arcanus</strong></span> <span class='ocrx_word' id='word_1_469' title='bbox 2735 3627 2959 3697; x_wconf 90' lang='lat' dir='ltr'><strong>quidam</strong></span> <span class='ocrx_word' id='word_1_470' title='bbox 3002 3641 3185 3687; x_wconf 80' lang='lat' dir='ltr'><strong>sermo</strong></span> <span class='ocrx_word' id='word_1_471' title='bbox 3219 3640 3468 3679; x_wconf 79' lang='lat' dir='ltr'><strong>annexus</strong></span> 
     </span>
    </p>
   </div>
   <div class='ocr_carea' id='block_1_73' title="bbox 1856 3718 3469 3789">
    <p class='ocr_par' dir='ltr' id='par_1_73' title="bbox 1856 3718 3469 3789">
     <span class='ocr_line' id='line_1_73' title="bbox 1856 3718 3469 3789; baseline 0 -19"><span class='ocrx_word' id='word_1_472' title='bbox 1856 3728 1966 3782; x_wconf 89' lang='lat' dir='ltr'><strong>est,</strong></span> <span class='ocrx_word' id='word_1_473' title='bbox 1992 3731 2020 3771; x_wconf 92' lang='lat' dir='ltr'><strong>a</strong></span> <span class='ocrx_word' id='word_1_474' title='bbox 2053 3718 2279 3774; x_wconf 84' lang='lat' dir='ltr'><strong>senibus</strong></span> <span class='ocrx_word' id='word_1_475' title='bbox 2316 3720 2660 3789; x_wconf 86' lang='lat' dir='ltr'><strong>sapientibus</strong></span> <span class='ocrx_word' id='word_1_476' title='bbox 2692 3720 2758 3774; x_wconf 85' lang='lat' dir='ltr'><strong>ad</strong></span> <span class='ocrx_word' id='word_1_477' title='bbox 2793 3734 2892 3774; x_wconf 92' lang='lat' dir='ltr'><strong>nos</strong></span> <span class='ocrx_word' id='word_1_478' title='bbox 2918 3730 3226 3789; x_wconf 77' lang='lat' dir='ltr'><strong>grassatus,</strong></span> <span class='ocrx_word' id='word_1_479' title='bbox 3272 3732 3469 3785; x_wconf 87' lang='lat' dir='ltr'><strong>nempe</strong></span> 
     </span>
    </p>
   </div>
   <div class='ocr_carea' id='block_1_74' title="bbox 1858 3801 3462 3882">
    <p class='ocr_par' dir='ltr' id='par_1_74' title="bbox 1858 3801 3462 3882">
     <span class='ocr_line' id='line_1_74' title="bbox 1858 3801 3462 3882; baseline -0.001 -20"><span class='ocrx_word' id='word_1_480' title='bbox 1858 3801 1999 3864; x_wconf 85' lang='lat' dir='ltr'><strong>hanc</strong></span> <span class='ocrx_word' id='word_1_481' title='bbox 2071 3812 2530 3881; x_wconf 79' lang='lat' dir='ltr'><strong>transgressionis</strong></span> <span class='ocrx_word' id='word_1_482' title='bbox 2576 3812 2834 3869; x_wconf 88' lang='lat' dir='ltr'><strong>arborem</strong></span> <span class='ocrx_word' id='word_1_483' title='bbox 2888 3826 3033 3876; x_wconf 86' lang='lat' dir='ltr'><strong>esse,</strong></span> <span class='ocrx_word' id='word_1_484' title='bbox 3085 3812 3242 3882; x_wconf 80' lang='lat' dir='ltr'><strong>cujus</strong></span> <span class='ocrx_word' id='word_1_485' title='bbox 3294 3810 3462 3864; x_wconf 82' lang='lat' dir='ltr'><strong>etiam</strong></span> 
     </span>
    </p>
   </div>
   <div class='ocr_carea' id='block_1_75' title="bbox 1856 3901 3468 3978">
    <p class='ocr_par' dir='ltr' id='par_1_75' title="bbox 1856 3901 3468 3978">
     <span class='ocr_line' id='line_1_75' title="bbox 1856 3901 3468 3978; baseline -0.002 -23"><span class='ocrx_word' id='word_1_486' title='bbox 1856 3901 2002 3958; x_wconf 77' lang='lat' dir='ltr'><strong>foliis</strong></span> <span class='ocrx_word' id='word_1_487' title='bbox 2032 3905 2100 3958; x_wconf 82' lang='lat' dir='ltr'><strong>ad</strong></span> <span class='ocrx_word' id='word_1_488' title='bbox 2129 3920 2332 3976; x_wconf 89' lang='lat' dir='ltr'><strong>corpus</strong></span> <span class='ocrx_word' id='word_1_489' title='bbox 2364 3910 2655 3978; x_wconf 79' lang='lat' dir='ltr'><strong>tegendum</strong></span> <span class='ocrx_word' id='word_1_490' title='bbox 2716 3907 2775 3972; x_wconf 90' lang='lat' dir='ltr'><strong>ii,</strong></span> <span class='ocrx_word' id='word_1_491' title='bbox 2811 3907 2905 3978; x_wconf 91' lang='lat' dir='ltr'><strong>qui</strong></span> <span class='ocrx_word' id='word_1_492' title='bbox 2951 3907 3268 3960; x_wconf 86' lang='lat' dir='ltr'><strong>mandatum</strong></span> <span class='ocrx_word' id='word_1_493' title='bbox 3296 3903 3468 3956; x_wconf 80' lang='lat' dir='ltr'><strong>viola-</strong></span> 
     </span>
    </p>
   </div>
   <div class='ocr_carea' id='block_1_76' title="bbox 1859 3998 3472 4067">
    <p class='ocr_par' dir='ltr' id='par_1_76' title="bbox 1859 3998 3472 4067">
     <span class='ocr_line' id='line_1_76' title="bbox 1859 3998 3472 4067; baseline -0.001 -19"><span class='ocrx_word' id='word_1_494' title='bbox 1859 4004 2009 4061; x_wconf 89' lang='lat' dir='ltr'><strong>runt,</strong></span> <span class='ocrx_word' id='word_1_495' title='bbox 2065 3998 2149 4051; x_wconf 89' lang='lat' dir='ltr'><strong>usi</strong></span> <span class='ocrx_word' id='word_1_496' title='bbox 2209 4007 2357 4053; x_wconf 91' lang='lat' dir='ltr'><strong>sunt.</strong></span> <span class='ocrx_word' id='word_1_497' title='bbox 2420 4000 2498 4053; x_wconf 88' lang='lat' dir='ltr'><strong>Ac</strong></span> <span class='ocrx_word' id='word_1_498' title='bbox 2551 3999 2782 4067; x_wconf 90' lang='lat' dir='ltr'><strong>proinde</strong></span> <span class='ocrx_word' id='word_1_499' title='bbox 2826 3999 3083 4052; x_wconf 87' lang='lat' dir='ltr'><strong>Christus</strong></span> <span class='ocrx_word' id='word_1_500' title='bbox 3135 3998 3376 4052; x_wconf 88' lang='lat' dir='ltr'><strong>humano</strong></span> <span class='ocrx_word' id='word_1_501' title='bbox 3407 4008 3472 4046; x_wconf 89' lang='lat' dir='ltr'><strong>ac</strong></span> 
     </span>
    </p>
   </div>
   <div class='ocr_carea' id='block_1_77' title="bbox 157 4083 3472 4162">
    <p class='ocr_par' dir='ltr' id='par_1_77' title="bbox 157 4083 3472 4162">
     <span class='ocr_line' id='line_1_77' title="bbox 157 4083 3472 4162; baseline 0.001 -24"><span class='ocrx_word' id='word_1_502' title='bbox 157 4086 499 4140; x_wconf 55' lang='lat' dir='ltr'><strong>ﬂiwrit‘OI&#39;di</strong></span> <span class='ocrx_word' id='word_1_503' title='bbox 553 4087 738 4140; x_wconf 89' lang='lat' dir='ltr'><strong>animo</strong></span> <span class='ocrx_word' id='word_1_504' title='bbox 785 4083 888 4138; x_wconf 88' lang='lat' dir='ltr'><strong>hoc</strong></span> <span class='ocrx_word' id='word_1_505' title='bbox 943 4086 992 4138; x_wconf 89' lang='lat' dir='ltr'><strong>ei</strong></span> <span class='ocrx_word' id='word_1_506' title='bbox 1042 4085 1376 4152; x_wconf 76' lang='lat' dir='ltr'><strong>imprecatus</strong></span> <span class='ocrx_word' id='word_1_507' title='bbox 1430 4090 1537 4148; x_wconf 87' lang='lat' dir='ltr'><strong>est,</strong></span> <span class='ocrx_word' id='word_1_508' title='bbox 1592 4091 1651 4136; x_wconf 92' lang='lat' dir='ltr'><strong>ut</strong></span> <span class='ocrx_word' id='word_1_509' title='bbox 1681 4097 1748 4138; x_wconf 90' lang='lat' dir='ltr'><strong>ne</strong></span> <span class='ocrx_word' id='word_1_510' title='bbox 1788 4087 2020 4155; x_wconf 86' lang='lat' dir='ltr'><strong>posthac</strong></span> <span class='ocrx_word' id='word_1_511' title='bbox 2052 4087 2315 4155; x_wconf 81' lang='lat' dir='ltr'><strong>fructum,</strong></span> <span class='ocrx_word' id='word_1_512' title='bbox 2387 4092 2602 4162; x_wconf 84' lang='lat' dir='ltr'><strong>peccati</strong></span> <span class='ocrx_word' id='word_1_513' title='bbox 2635 4105 2886 4157; x_wconf 83' lang='lat' dir='ltr'><strong>causam,</strong></span> <span class='ocrx_word' id='word_1_514' title='bbox 2961 4093 3150 4149; x_wconf 81' lang='lat' dir='ltr'><strong>ferret.</strong></span> <span class='ocrx_word' id='word_1_515' title='bbox 3197 4089 3472 4158; x_wconf 86' lang='lat' dir='ltr'><strong>Quando-</strong></span> 
     </span>
    </p>
   </div>
   <div class='ocr_carea' id='block_1_78' title="bbox 155 4175 3473 4250">
    <p class='ocr_par' dir='ltr' id='par_1_78' title="bbox 155 4175 3473 4250">
     <span class='ocr_line' id='line_1_78' title="bbox 155 4175 3473 4250; baseline 0.001 -20"><span class='ocrx_word' id='word_1_516' title='bbox 155 4182 367 4246; x_wconf 82' lang='lat' dir='ltr'><strong>quidem</strong></span> <span class='ocrx_word' id='word_1_517' title='bbox 403 4179 676 4233; x_wconf 78' lang='lat' dir='ltr'><strong>secundus</strong></span> <span class='ocrx_word' id='word_1_518' title='bbox 715 4177 810 4231; x_wconf 83' lang='lat' dir='ltr'><strong>Dei</strong></span> <span class='ocrx_word' id='word_1_519' title='bbox 842 4176 1111 4231; x_wconf 80' lang='lat' dir='ltr'><strong>adventus</strong></span> <span class='ocrx_word' id='word_1_520' title='bbox 1169 4190 1276 4230; x_wconf 86' lang='lat' dir='ltr'><strong>non</strong></span> <span class='ocrx_word' id='word_1_521' title='bbox 1312 4175 1426 4244; x_wconf 88' lang='lat' dir='ltr'><strong>jam</strong></span> <span class='ocrx_word' id='word_1_522' title='bbox 1499 4176 1566 4228; x_wconf 89' lang='lat' dir='ltr'><strong>ad</strong></span> <span class='ocrx_word' id='word_1_523' title='bbox 1634 4175 2031 4235; x_wconf 84' lang='lat' dir='ltr'><strong>humanitatem</strong></span> <span class='ocrx_word' id='word_1_524' title='bbox 2077 4183 2259 4238; x_wconf 88' lang='lat' dir='ltr'><strong>denuo</strong></span> <span class='ocrx_word' id='word_1_525' title='bbox 2310 4187 2699 4240; x_wconf 87' lang='lat' dir='ltr'><strong>assumendam</strong></span> <span class='ocrx_word' id='word_1_526' title='bbox 2746 4185 2871 4250; x_wconf 91' lang='lat' dir='ltr'><strong>erit,</strong></span> <span class='ocrx_word' id='word_1_527' title='bbox 2927 4200 3119 4240; x_wconf 87' lang='lat' dir='ltr'><strong>verum</strong></span> <span class='ocrx_word' id='word_1_528' title='bbox 3189 4184 3258 4238; x_wconf 86' lang='lat' dir='ltr'><strong>ad</strong></span> <span class='ocrx_word' id='word_1_529' title='bbox 3287 4181 3473 4238; x_wconf 86' lang='lat' dir='ltr'><strong>scele-</strong></span> 
     </span>
    </p>
   </div>
   <div class='ocr_carea' id='block_1_79' title="bbox 159 4269 1406 4344">
    <p class='ocr_par' dir='ltr' id='par_1_79' title="bbox 159 4269 1406 4344">
     <span class='ocr_line' id='line_1_79' title="bbox 159 4269 1406 4344; baseline -0.004 -17"><span class='ocrx_word' id='word_1_530' title='bbox 159 4291 295 4337; x_wconf 74' lang='lat' dir='ltr'><strong>rum,</strong></span> <span class='ocrx_word' id='word_1_531' title='bbox 322 4289 446 4344; x_wconf 66' lang='lat' dir='ltr'><strong>qua:</strong></span> <span class='ocrx_word' id='word_1_532' title='bbox 476 4272 710 4342; x_wconf 84' lang='lat' dir='ltr'><strong>quisque</strong></span> <span class='ocrx_word' id='word_1_533' title='bbox 735 4269 1090 4340; x_wconf 90' lang='lat' dir='ltr'><strong>perpetrarit,</strong></span> <span class='ocrx_word' id='word_1_534' title='bbox 1119 4269 1406 4324; x_wconf 89' lang='lat' dir='ltr'><strong>ultionem.</strong></span> 
     </span>
    </p>
   </div>
   <div class='ocr_carea' id='block_1_80' title="bbox 470 4387 1424 4458">
    <p class='ocr_par' dir='ltr' id='par_1_80' title="bbox 470 4387 1424 4458">
     <span class='ocr_line' id='line_1_80' title="bbox 470 4387 1424 4458; baseline 0.002 -18"><span class='ocrx_word' id='word_1_535' title='bbox 470 4388 683 4441; x_wconf 72' lang='lat' dir='ltr'><strong>NB‘.-—</strong></span> <span class='ocrx_word' id='word_1_536' title='bbox 705 4387 1070 4458; x_wconf 80' lang='grc' dir='ltr'><strong>ΛΑΜΠΕΤΙῼ</strong></span> <span class='ocrx_word' id='word_1_537' title='bbox 1110 4387 1424 4458; x_wconf 76' lang='grc' dir='ltr'><strong>ΜΟΝΑΧῼ.</strong></span> 
     </span>
    </p>
   </div>
   <div class='ocr_carea' id='block_1_81' title="bbox 661 4480 1232 4551">
    <p class='ocr_par' dir='ltr' id='par_1_81' title="bbox 661 4480 1232 4551">
     <span class='ocr_line' id='line_1_81' title="bbox 661 4480 1232 4551; baseline -0.007 -13"><span class='ocrx_word' id='word_1_538' title='bbox 661 4480 824 4538; x_wconf 81' lang='grc' dir='ltr'>Κατὰ</span> <span class='ocrx_word' id='word_1_539' title='bbox 862 4485 1018 4537; x_wconf 73' lang='lat' dir='ltr'><strong>Mart</strong></span> <span class='ocrx_word' id='word_1_540' title='bbox 1023 4484 1126 4551; x_wconf 80' lang='grc' dir='ltr'><strong>χαί</strong></span> <span class='ocrx_word' id='word_1_541' title='bbox 1129 4498 1232 4535; x_wconf 82' lang='grc' dir='ltr'>ων.</span> 
     </span>
    </p>
   </div>
   <div class='ocr_carea' id='block_1_82' title="bbox 2097 4391 3234 4467">
    <p class='ocr_par' dir='ltr' id='par_1_82' title="bbox 2097 4391 3234 4467">
     <span class='ocr_line' id='line_1_82' title="bbox 2097 4391 3234 4467; baseline 0 -17"><span class='ocrx_word' id='word_1_542' title='bbox 2097 4394 2203 4467; x_wconf 78' lang='lat'><strong>16</strong></span> <span class='ocrx_word' id='word_1_543' title='bbox 2229 4393 2338 4450; x_wconf 85' lang='lat' dir='ltr'>LII.</span> <span class='ocrx_word' id='word_1_544' title='bbox 2369 4425 2437 4436; x_wconf 91' lang='lat'><strong>-—</strong></span> <span class='ocrx_word' id='word_1_545' title='bbox 2468 4393 2828 4450; x_wconf 80' lang='lat' dir='ltr'><strong>LAMPETIO</strong></span> <span class='ocrx_word' id='word_1_546' title='bbox 2875 4391 3234 4451; x_wconf 80' lang='lat' dir='ltr'><strong>MONACHO.</strong></span> 
     </span>
    </p>
   </div>
   <div class='ocr_carea' id='block_1_83' title="bbox 2377 4485 2962 4542">
    <p class='ocr_par' dir='ltr' id='par_1_83' title="bbox 2377 4485 2962 4542">
     <span class='ocr_line' id='line_1_83' title="bbox 2377 4485 2962 4542; baseline -0.002 -1"><span class='ocrx_word' id='word_1_547' title='bbox 2377 4485 2577 4542; x_wconf 79' lang='lat' dir='ltr'><strong>Contra</strong></span> <span class='ocrx_word' id='word_1_548' title='bbox 2607 4486 2962 4541; x_wconf 65' lang='lat' dir='ltr'><strong>Manicha&#39;os.</strong></span> 
     </span>
    </p>
   </div>
   <div class='ocr_carea' id='block_1_84' title="bbox 219 4589 1742 4672">
    <p class='ocr_par' dir='ltr' id='par_1_84' title="bbox 219 4599 1742 4672">
     <span class='ocr_line' id='line_1_84' title="bbox 219 4599 1742 4672; baseline -0.001 -18"><span class='ocrx_word' id='word_1_549' title='bbox 219 4599 423 4654; x_wconf 74' lang='grc' dir='ltr'>Πολλαὶ</span> <span class='ocrx_word' id='word_1_550' title='bbox 455 4601 762 4670; x_wconf 72' lang='grc' dir='ltr'>προφάσεις</span> <span class='ocrx_word' id='word_1_551' title='bbox 782 4601 890 4654; x_wconf 56' lang='lat' dir='ltr'><strong>sic!</strong></span> <span class='ocrx_word' id='word_1_552' title='bbox 913 4602 1012 4671; x_wconf 75' lang='grc' dir='ltr'>τῆς</span> <span class='ocrx_word' id='word_1_553' title='bbox 1041 4601 1256 4671; x_wconf 78' lang='grc' dir='ltr'>ἀποχῆς</span> <span class='ocrx_word' id='word_1_554' title='bbox 1278 4601 1388 4654; x_wconf 89' lang='grc' dir='ltr'><strong>τῶν</strong></span> <span class='ocrx_word' id='word_1_555' title='bbox 1415 4599 1742 4672; x_wconf 80' lang='grc' dir='ltr'>βρωμάτων,</span> 
     </span>
    </p>
   </div>
   <div class='ocr_carea' id='block_1_85' title="bbox 1851 4589 3477 4672">
    <p class='ocr_par' dir='ltr' id='par_1_85' title="bbox 1930 4597 3477 4668">
     <span class='ocr_line' id='line_1_85' title="bbox 1930 4597 3477 4668; baseline -0.001 -14"><span class='ocrx_word' id='word_1_556' title='bbox 1930 4599 2111 4654; x_wconf 70' lang='lat' dir='ltr'><strong>Multae</strong></span> <span class='ocrx_word' id='word_1_557' title='bbox 2139 4613 2317 4654; x_wconf 70' lang='lat' dir='ltr'><strong>causa:</strong></span> <span class='ocrx_word' id='word_1_558' title='bbox 2347 4609 2507 4663; x_wconf 91' lang='lat' dir='ltr'><strong>sunt,</strong></span> <span class='ocrx_word' id='word_1_559' title='bbox 2542 4599 2900 4668; x_wconf 86' lang='lat' dir='ltr'><strong>quamobrem</strong></span> <span class='ocrx_word' id='word_1_560' title='bbox 2946 4613 2976 4652; x_wconf 89' lang='lat' dir='ltr'><strong>a</strong></span> <span class='ocrx_word' id='word_1_561' title='bbox 3025 4598 3166 4653; x_wconf 87' lang='lat' dir='ltr'><strong>cibis</strong></span> <span class='ocrx_word' id='word_1_562' title='bbox 3205 4597 3477 4668; x_wconf 88' lang='lat' dir='ltr'><strong>quispiam</strong></span> 
     </span>
    </p>
   </div>
   <div class='ocr_carea' id='block_1_86' title="bbox 158 4692 1758 4764">
    <p class='ocr_par' dir='ltr' id='par_1_86' title="bbox 158 4692 1758 4764">
     <span class='ocr_line' id='line_1_86' title="bbox 158 4692 1758 4764; baseline 0.001 -20"><span class='ocrx_word' id='word_1_563' title='bbox 158 4692 242 4744; x_wconf 72' lang='lat' dir='ltr'><strong>ut</strong></span> <span class='ocrx_word' id='word_1_564' title='bbox 283 4692 406 4756; x_wconf 73' lang='grc' dir='ltr'>ἔθος</span> <span class='ocrx_word' id='word_1_565' title='bbox 445 4692 540 4744; x_wconf 75' lang='grc' dir='ltr'>καὶ</span> <span class='ocrx_word' id='word_1_566' title='bbox 577 4692 760 4760; x_wconf 81' lang='grc' dir='ltr'>φύσις,</span> <span class='ocrx_word' id='word_1_567' title='bbox 792 4693 885 4746; x_wconf 67' lang='grc' dir='ltr'>καὶ</span> <span class='ocrx_word' id='word_1_568' title='bbox 917 4693 1136 4764; x_wconf 78' lang='grc' dir='ltr'>γνῶμαι</span> <span class='ocrx_word' id='word_1_569' title='bbox 1185 4693 1251 4746; x_wconf 83' lang='grc' dir='ltr'><strong>δι’</strong></span> <span class='ocrx_word' id='word_1_570' title='bbox 1284 4694 1615 4764; x_wconf 76' lang='grc' dir='ltr'>ἐγκράτειαν</span> <span class='ocrx_word' id='word_1_571' title='bbox 1664 4711 1758 4747; x_wconf 86' lang='grc' dir='ltr'>τε-</span> 
     </span>
    </p>
   </div>
   <div class='ocr_carea' id='block_1_87' title="bbox 158 4787 1754 4863">
    <p class='ocr_par' dir='ltr' id='par_1_87' title="bbox 158 4787 1754 4863">
     <span class='ocr_line' id='line_1_87' title="bbox 158 4787 1754 4863; baseline -0.001 -20"><span class='ocrx_word' id='word_1_572' title='bbox 158 4787 413 4859; x_wconf 70' lang='grc' dir='ltr'>λούμεναι</span> <span class='ocrx_word' id='word_1_573' title='bbox 446 4789 582 4859; x_wconf 80' lang='grc'>(51).</span> <span class='ocrx_word' id='word_1_574' title='bbox 603 4789 676 4842; x_wconf 81' lang='grc' dir='ltr'><strong>Τὸ</strong></span> <span class='ocrx_word' id='word_1_575' title='bbox 716 4792 814 4860; x_wconf 79' lang='grc' dir='ltr'>μὲν</span> <span class='ocrx_word' id='word_1_576' title='bbox 842 4789 954 4860; x_wconf 83' lang='grc' dir='ltr'>γὰρ</span> <span class='ocrx_word' id='word_1_577' title='bbox 983 4790 1134 4863; x_wconf 76' lang='grc' dir='ltr'>νόμῳ</span> <span class='ocrx_word' id='word_1_578' title='bbox 1160 4790 1423 4855; x_wconf 86' lang='grc' dir='ltr'>πολλάκις</span> <span class='ocrx_word' id='word_1_579' title='bbox 1454 4789 1754 4862; x_wconf 69' lang='grc' dir='ltr'>παραδίδου</span> 
     </span>
    </p>
   </div>
   <div class='ocr_carea' id='block_1_88' title="bbox 222 4943 1210 5012">
    <p class='ocr_par' dir='ltr' id='par_1_88' title="bbox 222 4943 1210 5012">
     <span class='ocr_line' id='line_1_88' title="bbox 222 4943 1210 5012; baseline 0.002 -11"><span class='ocrx_word' id='word_1_580' title='bbox 222 4947 265 4978; x_wconf 86' lang='grc'><strong><em>⁸⁸</em></strong></span> <span class='ocrx_word' id='word_1_581' title='bbox 327 4945 440 5001; x_wconf 80' lang='lat' dir='ltr'><strong>Jer.</strong></span> <span class='ocrx_word' id='word_1_582' title='bbox 478 4961 513 5010; x_wconf 82' lang='grc' dir='ltr'><strong>ι,</strong></span> <span class='ocrx_word' id='word_1_583' title='bbox 561 4946 648 4999; x_wconf 86' lang='lat' dir='ltr'><strong>ll.</strong></span> <span class='ocrx_word' id='word_1_584' title='bbox 731 4943 796 4975; x_wconf 83' lang='lat'><strong>&#39;°&#39;</strong></span> <span class='ocrx_word' id='word_1_585' title='bbox 826 4944 1092 5012; x_wconf 54' lang='lat' dir='ltr'><strong>Marem,</strong></span> <span class='ocrx_word' id='word_1_586' title='bbox 1125 4949 1210 5010; x_wconf 77' lang='lat' dir='ltr'><strong>H.</strong></span> 
     </span>
    </p>
   </div>
   <div class='ocr_carea' id='block_1_89' title="bbox 1867 4693 3480 4757">
    <p class='ocr_par' dir='ltr' id='par_1_89' title="bbox 1867 4693 3480 4757">
     <span class='ocr_line' id='line_1_89' title="bbox 1867 4693 3480 4757; baseline -0.001 -10"><span class='ocrx_word' id='word_1_587' title='bbox 1867 4709 1927 4748; x_wconf 88' lang='lat' dir='ltr'><strong>se</strong></span> <span class='ocrx_word' id='word_1_588' title='bbox 1953 4694 2250 4757; x_wconf 86' lang='lat' dir='ltr'><strong>abstineat,</strong></span> <span class='ocrx_word' id='word_1_589' title='bbox 2280 4693 2538 4746; x_wconf 89' lang='lat' dir='ltr'><strong>nimirum</strong></span> <span class='ocrx_word' id='word_1_590' title='bbox 2575 4703 2630 4747; x_wconf 89' lang='lat' dir='ltr'><strong>et</strong></span> <span class='ocrx_word' id='word_1_591' title='bbox 2657 4693 3022 4755; x_wconf 89' lang='lat' dir='ltr'><strong>consuetudo,</strong></span> <span class='ocrx_word' id='word_1_592' title='bbox 3073 4703 3128 4747; x_wconf 87' lang='lat' dir='ltr'><strong>et</strong></span> <span class='ocrx_word' id='word_1_593' title='bbox 3176 4703 3392 4756; x_wconf 83' lang='lat' dir='ltr'><strong>natura,</strong></span> <span class='ocrx_word' id='word_1_594' title='bbox 3426 4703 3480 4748; x_wconf 89' lang='lat' dir='ltr'><strong>et</strong></span> 
     </span>
    </p>
   </div>
   <div class='ocr_carea' id='block_1_90' title="bbox 1870 4784 3474 4856">
    <p class='ocr_par' dir='ltr' id='par_1_90' title="bbox 1870 4784 3474 4856">
     <span class='ocr_line' id='line_1_90' title="bbox 1870 4784 3474 4856; baseline -0.002 -15"><span class='ocrx_word' id='word_1_595' title='bbox 1870 4787 2142 4853; x_wconf 87' lang='lat' dir='ltr'><strong>instituta,</strong></span> <span class='ocrx_word' id='word_1_596' title='bbox 2190 4802 2312 4856; x_wconf 66' lang='lat' dir='ltr'><strong>quin</strong></span> <span class='ocrx_word' id='word_1_597' title='bbox 2361 4787 2716 4841; x_wconf 62' lang='lat' dir='ltr'><strong>continentia</strong></span> <span class='ocrx_word' id='word_1_598' title='bbox 2773 4800 2940 4842; x_wconf 84' lang='lat' dir='ltr'><strong>causa</strong></span> <span class='ocrx_word' id='word_1_599' title='bbox 2985 4785 3280 4841; x_wconf 89' lang='lat' dir='ltr'><strong>obeuntur.</strong></span> <span class='ocrx_word' id='word_1_600' title='bbox 3341 4784 3474 4840; x_wconf 67' lang='lat' dir='ltr'><strong>Nam</strong></span> 
     </span>
    </p>
   </div>
   <div class='ocr_carea' id='block_1_91' title="bbox 1273 5100 2345 5160">
    <p class='ocr_par' dir='ltr' id='par_1_91' title="bbox 1273 5100 2345 5160">
     <span class='ocr_line' id='line_1_91' title="bbox 1273 5100 2345 5160; baseline 0.002 -2"><span class='ocrx_word' id='word_1_601' title='bbox 1273 5101 1510 5159; x_wconf 79' lang='lat' dir='ltr'><strong>VARle</strong></span> <span class='ocrx_word' id='word_1_602' title='bbox 1551 5100 1949 5159; x_wconf 79' lang='lat' dir='ltr'><strong>LECTIONES</strong></span> <span class='ocrx_word' id='word_1_603' title='bbox 1981 5100 2073 5157; x_wconf 84' lang='lat' dir='ltr'><strong>ET</strong></span> <span class='ocrx_word' id='word_1_604' title='bbox 2106 5101 2345 5160; x_wconf 77' lang='grc' dir='ltr'><strong>ΝΟΤᾹΞ.</strong></span> 
     </span>
    </p>
   </div>
   <div class='ocr_carea' id='block_1_92' title="bbox 229 5264 1752 5336">
    <p class='ocr_par' dir='ltr' id='par_1_92' title="bbox 229 5264 1752 5336">
     <span class='ocr_line' id='line_1_92' title="bbox 229 5264 1752 5336; baseline -0.001 -14"><span class='ocrx_word' id='word_1_605' title='bbox 229 5269 345 5329; x_wconf 63' lang='grc'><strong>139)</strong></span> <span class='ocrx_word' id='word_1_606' title='bbox 407 5264 727 5336; x_wconf 77' lang='lat' dir='ltr'><strong>inscribitur</strong></span> <span class='ocrx_word' id='word_1_607' title='bbox 781 5265 898 5320; x_wconf 66' lang='lat' dir='ltr'><strong>haec</strong></span> <span class='ocrx_word' id='word_1_608' title='bbox 943 5264 1171 5336; x_wconf 86' lang='lat' dir='ltr'><strong>epistola</strong></span> <span class='ocrx_word' id='word_1_609' title='bbox 1228 5266 1281 5318; x_wconf 86' lang='lat' dir='ltr'><strong>in</strong></span> <span class='ocrx_word' id='word_1_610' title='bbox 1334 5265 1494 5320; x_wconf 91' lang='lat' dir='ltr'><strong>codd.</strong></span> <span class='ocrx_word' id='word_1_611' title='bbox 1554 5265 1663 5321; x_wconf 79' lang='lat' dir='ltr'><strong>Alt.</strong></span> <span class='ocrx_word' id='word_1_612' title='bbox 1695 5278 1752 5321; x_wconf 89' lang='lat' dir='ltr'><strong>et</strong></span> 
     </span>
    </p>
   </div>
   <div class='ocr_carea' id='block_1_93' title="bbox 168 5333 1749 5462">
    <p class='ocr_par' dir='ltr' id='par_1_93' title="bbox 168 5333 1749 5462">
     <span class='ocr_line' id='line_1_93' title="bbox 168 5333 1749 5462; baseline -0.003 -69"><span class='ocrx_word' id='word_1_613' title='bbox 168 5333 278 5462; x_wconf 45' lang='grc' dir='ltr'>γει.</span> <span class='ocrx_word' id='word_1_614' title='bbox 311 5340 417 5392; x_wconf 69' lang='grc' dir='ltr'>διν</span> <span class='ocrx_word' id='word_1_615' title='bbox 483 5353 590 5392; x_wconf 90' lang='lat' dir='ltr'><strong>non</strong></span> <span class='ocrx_word' id='word_1_616' title='bbox 651 5333 991 5408; x_wconf 68' lang='grc' dir='ltr'>Σρατηγίῳ,’</span> <span class='ocrx_word' id='word_1_617' title='bbox 1022 5340 1116 5392; x_wconf 82' lang='lat' dir='ltr'><strong>sed</strong></span> <span class='ocrx_word' id='word_1_618' title='bbox 1157 5337 1457 5406; x_wconf 84' lang='grc' dir='ltr'>Σταγιρίῳ,</span> <span class='ocrx_word' id='word_1_619' title='bbox 1493 5336 1749 5406; x_wconf 76' lang='lat' dir='ltr'><strong>Stagirio.</strong></span> 
     </span>
     <span class='ocr_line' id='line_1_94' title="bbox 189 5417 369 5462; baseline 0 0"><span class='ocrx_word' id='word_1_620' title='bbox 189 5417 369 5462; x_wconf 57' lang='grc' dir='ltr'><strong>ἀδδιδι</strong></span> 
     </span>
    </p>
   </div>
   <div class='ocr_carea' id='block_1_94' title="bbox 189 5417 369 5466">
    <p class='ocr_par' dir='ltr' id='par_1_94' title="bbox 189 5417 369 5466">
     <span class='ocr_line' id='line_1_95' title="bbox 189 5417 369 5466; baseline 0.017 -3"><span class='ocrx_word' id='word_1_621' title='bbox 189 5417 369 5466; x_wconf 68' lang='lat' dir='ltr'><strong>&#39;osssx.</strong></span> 
     </span>
    </p>
   </div>
   <div class='ocr_carea' id='block_1_95' title="bbox 233 5478 1761 5550">
    <p class='ocr_par' dir='ltr' id='par_1_95' title="bbox 233 5478 1761 5550">
     <span class='ocr_line' id='line_1_96' title="bbox 233 5478 1761 5550; baseline -0.004 -14"><span class='ocrx_word' id='word_1_622' title='bbox 233 5481 346 5550; x_wconf 78' lang='lat'><strong>(50)</strong></span> <span class='ocrx_word' id='word_1_623' title='bbox 405 5478 680 5534; x_wconf 83' lang='lat' dir='ltr'><strong>Lacunam</strong></span> <span class='ocrx_word' id='word_1_624' title='bbox 714 5480 977 5535; x_wconf 81' lang='lat' dir='ltr'><strong>asterisco</strong></span> <span class='ocrx_word' id='word_1_625' title='bbox 1025 5479 1320 5550; x_wconf 76' lang='lat' dir='ltr'><strong>indicatam</strong></span> <span class='ocrx_word' id='word_1_626' title='bbox 1366 5480 1621 5548; x_wconf 81' lang='lat' dir='ltr'><strong>explesis,</strong></span> <span class='ocrx_word' id='word_1_627' title='bbox 1660 5496 1761 5550; x_wconf 29' lang='lat' dir='ltr'><strong>an?</strong></span> 
     </span>
    </p>
   </div>
   <div class='ocr_carea' id='block_1_96' title="bbox 169 5549 1760 5611">
    <p class='ocr_par' dir='ltr' id='par_1_96' title="bbox 169 5549 1760 5611">
     <span class='ocr_line' id='line_1_97' title="bbox 169 5549 1760 5611; baseline -0.003 -6"><span class='ocrx_word' id='word_1_628' title='bbox 169 5549 401 5606; x_wconf 75' lang='lat' dir='ltr'><strong>etoribus</strong></span> <span class='ocrx_word' id='word_1_629' title='bbox 420 5551 581 5606; x_wconf 82' lang='lat' dir='ltr'><strong>codd.</strong></span> <span class='ocrx_word' id='word_1_630' title='bbox 602 5551 814 5605; x_wconf 84' lang='lat' dir='ltr'><strong>duobus</strong></span> <span class='ocrx_word' id='word_1_631' title='bbox 841 5552 946 5604; x_wconf 80' lang='lat' dir='ltr'><strong>Alt.</strong></span> <span class='ocrx_word' id='word_1_632' title='bbox 966 5561 1020 5606; x_wconf 89' lang='lat' dir='ltr'><strong>et</strong></span> <span class='ocrx_word' id='word_1_633' title='bbox 1049 5549 1168 5604; x_wconf 81' lang='lat' dir='ltr'><strong>Vat.</strong></span> <span class='ocrx_word' id='word_1_634' title='bbox 1191 5549 1318 5611; x_wconf 68' lang='grc'><strong>649,</strong></span> <span class='ocrx_word' id='word_1_635' title='bbox 1346 5551 1638 5606; x_wconf 89' lang='lat' dir='ltr'><strong>inserendo</strong></span> <span class='ocrx_word' id='word_1_636' title='bbox 1665 5549 1760 5602; x_wconf 79' lang='grc' dir='ltr'>τοῦ</span> 
     </span>
    </p>
   </div>
   <div class='ocr_carea' id='block_1_97' title="bbox 175 5621 1758 5692">
    <p class='ocr_par' dir='ltr' id='par_1_97' title="bbox 175 5621 1758 5692">
     <span class='ocr_line' id='line_1_98' title="bbox 175 5621 1758 5692; baseline 0 -20"><span class='ocrx_word' id='word_1_637' title='bbox 175 5625 304 5692; x_wconf 80' lang='lat' dir='ltr'><strong>inter</strong></span> <span class='ocrx_word' id='word_1_638' title='bbox 331 5623 528 5692; x_wconf 76' lang='grc' dir='ltr'>ἔχοντα</span> <span class='ocrx_word' id='word_1_639' title='bbox 561 5633 616 5675; x_wconf 87' lang='lat' dir='ltr'><strong>et</strong></span> <span class='ocrx_word' id='word_1_640' title='bbox 646 5621 874 5675; x_wconf 85' lang='grc' dir='ltr'>κακοῦν.</span> <span class='ocrx_word' id='word_1_641' title='bbox 907 5621 1094 5692; x_wconf 77' lang='lat' dir='ltr'><strong>Versu</strong></span> <span class='ocrx_word' id='word_1_642' title='bbox 1131 5623 1257 5674; x_wconf 85' lang='lat' dir='ltr'><strong>inde</strong></span> <span class='ocrx_word' id='word_1_643' title='bbox 1294 5621 1453 5692; x_wconf 67' lang='lat' dir='ltr'><strong>tertio</strong></span> <span class='ocrx_word' id='word_1_644' title='bbox 1511 5637 1606 5690; x_wconf 86' lang='lat' dir='ltr'><strong>pro</strong></span> <span class='ocrx_word' id='word_1_645' title='bbox 1666 5622 1758 5689; x_wconf 82' lang='grc' dir='ltr'>βε·</span> 
     </span>
    </p>
   </div>
   <div class='ocr_carea' id='block_1_98' title="bbox 173 5689 1760 5762">
    <p class='ocr_par' dir='ltr' id='par_1_98' title="bbox 173 5689 1760 5762">
     <span class='ocr_line' id='line_1_99' title="bbox 173 5689 1760 5762; baseline 0.001 -18"><span class='ocrx_word' id='word_1_646' title='bbox 173 5689 451 5748; x_wconf 68' lang='grc' dir='ltr'>εούλευται</span> <span class='ocrx_word' id='word_1_647' title='bbox 510 5692 672 5745; x_wconf 85' lang='lat' dir='ltr'><strong>iidem</strong></span> <span class='ocrx_word' id='word_1_648' title='bbox 757 5693 961 5747; x_wconf 84' lang='lat' dir='ltr'><strong>habent</strong></span> <span class='ocrx_word' id='word_1_649' title='bbox 1001 5689 1580 5762; x_wconf 44' lang='grc' dir='ltr'>βεὸούληταιηνθιέειι</span> <span class='ocrx_word' id='word_1_650' title='bbox 1633 5693 1760 5746; x_wconf 89' lang='lat' dir='ltr'><strong>hinc</strong></span> 
     </span>
    </p>
   </div>
   <div class='ocr_carea' id='block_1_99' title="bbox 177 5761 1761 5834">
    <p class='ocr_par' dir='ltr' id='par_1_99' title="bbox 177 5761 1761 5834">
     <span class='ocr_line' id='line_1_100' title="bbox 177 5761 1761 5834; baseline -0.001 -18"><span class='ocrx_word' id='word_1_651' title='bbox 177 5764 333 5819; x_wconf 78' lang='lat' dir='ltr'><strong>altero</strong></span> <span class='ocrx_word' id='word_1_652' title='bbox 388 5774 508 5834; x_wconf 84' lang='lat' dir='ltr'><strong>post</strong></span> <span class='ocrx_word' id='word_1_653' title='bbox 554 5763 868 5834; x_wconf 77' lang='grc' dir='ltr'>ἀπόρρητος</span> <span class='ocrx_word' id='word_1_654' title='bbox 900 5832 907 5834; x_wconf 78' lang='lat'><strong><em>_</em></strong></span> <span class='ocrx_word' id='word_1_655' title='bbox 938 5761 1283 5834; x_wconf 78' lang='lat' dir='ltr'><strong>particulam</strong></span> <span class='ocrx_word' id='word_1_656' title='bbox 1323 5761 1466 5834; x_wconf 80' lang='grc' dir='ltr'>τάχα</span> <span class='ocrx_word' id='word_1_657' title='bbox 1509 5764 1559 5815; x_wconf 93' lang='lat' dir='ltr'><strong>hi</strong></span> <span class='ocrx_word' id='word_1_658' title='bbox 1601 5763 1761 5824; x_wconf 73' lang='lat' dir='ltr'><strong>ambo</strong></span> 
     </span>
    </p>
   </div>
   <div class='ocr_carea' id='block_1_100' title="bbox 180 5832 1762 5902">
    <p class='ocr_par' dir='ltr' id='par_1_100' title="bbox 180 5832 1762 5902">
     <span class='ocr_line' id='line_1_101' title="bbox 180 5832 1762 5902; baseline -0.002 -12"><span class='ocrx_word' id='word_1_659' title='bbox 180 5838 320 5892; x_wconf 75' lang='lat' dir='ltr'><strong>codd.</strong></span> <span class='ocrx_word' id='word_1_660' title='bbox 352 5832 628 5892; x_wconf 81' lang='lat' dir='ltr'><strong>inserunt.</strong></span> <span class='ocrx_word' id='word_1_661' title='bbox 661 5832 822 5890; x_wconf 72' lang='lat' dir='ltr'><strong>Vera.</strong></span> <span class='ocrx_word' id='word_1_662' title='bbox 860 5832 956 5888; x_wconf 87' lang='lat' dir='ltr'><strong>ult.</strong></span> <span class='ocrx_word' id='word_1_663' title='bbox 986 5833 1108 5888; x_wconf 86' lang='lat' dir='ltr'><strong>cod.</strong></span> <span class='ocrx_word' id='word_1_664' title='bbox 1131 5833 1238 5888; x_wconf 79' lang='lat' dir='ltr'><strong>Alt.</strong></span> <span class='ocrx_word' id='word_1_665' title='bbox 1276 5832 1404 5902; x_wconf 79' lang='lat' dir='ltr'><strong>legit</strong></span> <span class='ocrx_word' id='word_1_666' title='bbox 1446 5833 1598 5887; x_wconf 77' lang='grc' dir='ltr'>ἔσται</span> <span class='ocrx_word' id='word_1_667' title='bbox 1644 5835 1762 5887; x_wconf 79' lang='lat' dir='ltr'><strong>loro</strong></span> 
     </span>
    </p>
   </div>
   <div class='ocr_carea' id='block_1_101' title="bbox 1863 5264 3487 5337">
    <p class='ocr_par' dir='ltr' id='par_1_101' title="bbox 1863 5264 3487 5337">
     <span class='ocr_line' id='line_1_102' title="bbox 1863 5264 3487 5337; baseline 0.002 -18"><span class='ocrx_word' id='word_1_668' title='bbox 1863 5265 2000 5321; x_wconf 75' lang='grc' dir='ltr'>ἔστι.</span> <span class='ocrx_word' id='word_1_669' title='bbox 2037 5264 2102 5320; x_wconf 85' lang='lat' dir='ltr'><strong>Et</strong></span> <span class='ocrx_word' id='word_1_670' title='bbox 2121 5273 2264 5333; x_wconf 84' lang='lat' dir='ltr'><strong>post,</strong></span> <span class='ocrx_word' id='word_1_671' title='bbox 2286 5265 2421 5337; x_wconf 76' lang='grc' dir='ltr'>πρὸς</span> <span class='ocrx_word' id='word_1_672' title='bbox 2439 5265 2520 5330; x_wconf 84' lang='grc' dir='ltr'>δέ,</span> <span class='ocrx_word' id='word_1_673' title='bbox 2555 5274 2665 5319; x_wconf 83' lang='lat' dir='ltr'><strong>tam</strong></span> <span class='ocrx_word' id='word_1_674' title='bbox 2704 5265 2846 5318; x_wconf 85' lang='lat' dir='ltr'><strong>idem</strong></span> <span class='ocrx_word' id='word_1_675' title='bbox 2874 5265 2982 5319; x_wconf 80' lang='lat' dir='ltr'><strong>Alt.</strong></span> <span class='ocrx_word' id='word_1_676' title='bbox 3013 5279 3176 5336; x_wconf 91' lang='lat' dir='ltr'><strong>quam</strong></span> <span class='ocrx_word' id='word_1_677' title='bbox 3209 5267 3332 5321; x_wconf 82' lang='lat' dir='ltr'><strong>Vat.</strong></span> <span class='ocrx_word' id='word_1_678' title='bbox 3359 5267 3487 5328; x_wconf 61' lang='lat'><strong>659.</strong></span> 
     </span>
    </p>
   </div>
   <div class='ocr_carea' id='block_1_102' title="bbox 1869 5337 3488 5408">
    <p class='ocr_par' dir='ltr' id='par_1_102' title="bbox 1869 5337 3488 5408">
     <span class='ocr_line' id='line_1_103' title="bbox 1869 5337 3488 5408; baseline -0.001 -18"><span class='ocrx_word' id='word_1_679' title='bbox 1869 5339 2173 5406; x_wconf 73' lang='lat' dir='ltr'><strong>adiungunt</strong></span> <span class='ocrx_word' id='word_1_680' title='bbox 2207 5337 2388 5408; x_wconf 82' lang='grc' dir='ltr'>κρίσιν</span> <span class='ocrx_word' id='word_1_681' title='bbox 2418 5339 2511 5389; x_wconf 79' lang='grc' dir='ltr'>καὶ</span> <span class='ocrx_word' id='word_1_682' title='bbox 2541 5355 2687 5406; x_wconf 86' lang='grc' dir='ltr'>τιμ.,</span> <span class='ocrx_word' id='word_1_683' title='bbox 2716 5349 2848 5408; x_wconf 80' lang='lat' dir='ltr'><strong>etc.,</strong></span> <span class='ocrx_word' id='word_1_684' title='bbox 2887 5353 3010 5406; x_wconf 66' lang='lat' dir='ltr'><strong>quae</strong></span> <span class='ocrx_word' id='word_1_685' title='bbox 3052 5339 3189 5391; x_wconf 88' lang='lat' dir='ltr'><strong>satis</strong></span> <span class='ocrx_word' id='word_1_686' title='bbox 3215 5339 3488 5393; x_wconf 81' lang='lat' dir='ltr'><strong>verisimi-</strong></span> 
     </span>
    </p>
   </div>
   <div class='ocr_carea' id='block_1_103' title="bbox 1870 5407 3289 5475">
    <p class='ocr_par' dir='ltr' id='par_1_103' title="bbox 1870 5407 3289 5475">
     <span class='ocr_line' id='line_1_104' title="bbox 1870 5407 3289 5475; baseline -0.001 -13"><span class='ocrx_word' id='word_1_687' title='bbox 1870 5408 1994 5462; x_wconf 87' lang='lat' dir='ltr'><strong>liter</strong></span> <span class='ocrx_word' id='word_1_688' title='bbox 2033 5409 2202 5475; x_wconf 90' lang='lat' dir='ltr'><strong>proba</strong></span> <span class='ocrx_word' id='word_1_689' title='bbox 2237 5407 2370 5461; x_wconf 78' lang='lat' dir='ltr'><strong>Sunt</strong></span> <span class='ocrx_word' id='word_1_690' title='bbox 2403 5417 2458 5460; x_wconf 89' lang='lat' dir='ltr'><strong>et</strong></span> <span class='ocrx_word' id='word_1_691' title='bbox 2483 5410 2643 5462; x_wconf 89' lang='lat' dir='ltr'><strong>editis</strong></span> <span class='ocrx_word' id='word_1_692' title='bbox 2671 5407 3034 5474; x_wconf 59' lang='lat' dir='ltr'><strong>praeferenda.</strong></span> <span class='ocrx_word' id='word_1_693' title='bbox 3074 5407 3289 5463; x_wconf 71' lang='lat' dir='ltr'><strong>Possm.</strong></span> 
     </span>
    </p>
   </div>
   <div class='ocr_carea' id='block_1_104' title="bbox 1948 5478 3490 5549">
    <p class='ocr_par' dir='ltr' id='par_1_104' title="bbox 1948 5478 3490 5549">
     <span class='ocr_line' id='line_1_105' title="bbox 1948 5478 3490 5549; baseline 0.001 -16"><span class='ocrx_word' id='word_1_694' title='bbox 1948 5479 2248 5548; x_wconf 73' lang='lat' dir='ltr'><strong>(51)Verl)a</strong></span> <span class='ocrx_word' id='word_1_695' title='bbox 2275 5478 2494 5548; x_wconf 79' lang='grc' dir='ltr'>γνῶμαι</span> <span class='ocrx_word' id='word_1_696' title='bbox 2535 5479 2864 5549; x_wconf 86' lang='grc' dir='ltr'>τελούμεναι</span> <span class='ocrx_word' id='word_1_697' title='bbox 2890 5478 3198 5534; x_wconf 68' lang='lat' dir='ltr'><strong>clfertttttur</strong></span> <span class='ocrx_word' id='word_1_698' title='bbox 3220 5481 3490 5548; x_wconf 76' lang='lat' dir='ltr'><strong>singulari</strong></span> 
     </span>
    </p>
   </div>
   <div class='ocr_carea' id='block_1_105' title="bbox 1878 5549 3491 5623">
    <p class='ocr_par' dir='ltr' id='par_1_105' title="bbox 1878 5549 3491 5623">
     <span class='ocr_line' id='line_1_106' title="bbox 1878 5549 3491 5623; baseline 0 -21"><span class='ocrx_word' id='word_1_699' title='bbox 1878 5566 2108 5623; x_wconf 84' lang='lat' dir='ltr'><strong>numero</strong></span> <span class='ocrx_word' id='word_1_700' title='bbox 2141 5549 2196 5602; x_wconf 88' lang='lat' dir='ltr'><strong>itt</strong></span> <span class='ocrx_word' id='word_1_701' title='bbox 2245 5551 2457 5623; x_wconf 69' lang='lat' dir='ltr'><strong>duobus</strong></span> <span class='ocrx_word' id='word_1_702' title='bbox 2493 5553 2649 5604; x_wconf 86' lang='lat' dir='ltr'><strong>codd.</strong></span> <span class='ocrx_word' id='word_1_703' title='bbox 2688 5553 2799 5602; x_wconf 86' lang='lat' dir='ltr'><strong>Alt.</strong></span> <span class='ocrx_word' id='word_1_704' title='bbox 2855 5561 2909 5606; x_wconf 87' lang='lat' dir='ltr'><strong>et</strong></span> <span class='ocrx_word' id='word_1_705' title='bbox 2959 5551 3078 5605; x_wconf 73' lang='lat' dir='ltr'><strong>Vat.</strong></span> <span class='ocrx_word' id='word_1_706' title='bbox 3116 5550 3245 5613; x_wconf 77' lang='grc'>649,</span> <span class='ocrx_word' id='word_1_707' title='bbox 3290 5551 3491 5623; x_wconf 81' lang='grc' dir='ltr'>γνώμη</span> 
     </span>
    </p>
   </div>
   <div class='ocr_carea' id='block_1_106' title="bbox 1869 5619 3491 5690">
    <p class='ocr_par' dir='ltr' id='par_1_106' title="bbox 1869 5619 3491 5690">
     <span class='ocr_line' id='line_1_107' title="bbox 1869 5619 3491 5690; baseline 0 -17"><span class='ocrx_word' id='word_1_708' title='bbox 1869 5619 2195 5690; x_wconf 80' lang='grc' dir='ltr'>τελουμένη.</span> <span class='ocrx_word' id='word_1_709' title='bbox 2263 5620 2394 5686; x_wconf 78' lang='lat' dir='ltr'><strong>Qttze</strong></span> <span class='ocrx_word' id='word_1_710' title='bbox 2451 5633 2765 5689; x_wconf 73' lang='lat' dir='ltr'><strong>sequuntur</strong></span> <span class='ocrx_word' id='word_1_711' title='bbox 2807 5624 2857 5673; x_wconf 89' lang='lat' dir='ltr'><strong>in</strong></span> <span class='ocrx_word' id='word_1_712' title='bbox 2915 5623 3065 5676; x_wconf 81' lang='lat' dir='ltr'><strong>edito</strong></span> <span class='ocrx_word' id='word_1_713' title='bbox 3111 5623 3253 5675; x_wconf 86' lang='lat' dir='ltr'><strong>haud</strong></span> <span class='ocrx_word' id='word_1_714' title='bbox 3328 5619 3491 5676; x_wconf 69' lang='lat' dir='ltr'><strong>dubie</strong></span> 
     </span>
    </p>
   </div>
   <div class='ocr_carea' id='block_1_107' title="bbox 1873 5691 3489 5766">
    <p class='ocr_par' dir='ltr' id='par_1_107' title="bbox 1873 5691 3489 5766">
     <span class='ocr_line' id='line_1_108' title="bbox 1873 5691 3489 5766; baseline 0.002 -23"><span class='ocrx_word' id='word_1_715' title='bbox 1873 5698 2130 5766; x_wconf 64' lang='lat' dir='ltr'><strong>mendosa</strong></span> <span class='ocrx_word' id='word_1_716' title='bbox 2168 5691 2246 5761; x_wconf 79' lang='grc' dir='ltr'>τῷ</span> <span class='ocrx_word' id='word_1_717' title='bbox 2301 5692 2547 5766; x_wconf 30' lang='grc' dir='ltr'>μὲν-γάρ</span> <span class='ocrx_word' id='word_1_718' title='bbox 2601 5692 2778 5766; x_wconf 4' lang='grc' dir='ltr'>νόμῳ,</span> <span class='ocrx_word' id='word_1_719' title='bbox 2812 5692 3076 5766; x_wconf 80' lang='grc' dir='ltr'>πολλάκις</span> <span class='ocrx_word' id='word_1_720' title='bbox 3121 5692 3489 5766; x_wconf 82' lang='grc' dir='ltr'>παραδέδοται</span> 
     </span>
    </p>
   </div>
   <div class='ocr_carea' id='block_1_108' title="bbox 1871 5762 3488 5833">
    <p class='ocr_par' dir='ltr' id='par_1_108' title="bbox 1871 5762 3488 5833">
     <span class='ocr_line' id='line_1_109' title="bbox 1871 5762 3488 5833; baseline 0.001 -19"><span class='ocrx_word' id='word_1_721' title='bbox 1871 5762 2012 5824; x_wconf 79' lang='grc' dir='ltr'>ἔθος.</span> <span class='ocrx_word' id='word_1_722' title='bbox 2053 5763 2282 5833; x_wconf 78' lang='lat' dir='ltr'><strong>Currtge</strong></span> <span class='ocrx_word' id='word_1_723' title='bbox 2307 5762 2377 5816; x_wconf 80' lang='lat' dir='ltr'><strong>ex</strong></span> <span class='ocrx_word' id='word_1_724' title='bbox 2416 5762 2610 5817; x_wconf 85' lang='lat' dir='ltr'><strong>iisdem</strong></span> <span class='ocrx_word' id='word_1_725' title='bbox 2643 5765 2804 5818; x_wconf 87' lang='lat' dir='ltr'><strong>codd.</strong></span> <span class='ocrx_word' id='word_1_726' title='bbox 2849 5764 2911 5814; x_wconf 75' lang='grc' dir='ltr'>τὸ</span> <span class='ocrx_word' id='word_1_727' title='bbox 2950 5765 3048 5832; x_wconf 82' lang='grc' dir='ltr'>μὲν</span> <span class='ocrx_word' id='word_1_728' title='bbox 3081 5762 3488 5833; x_wconf 61' lang='grc' dir='ltr'>γὰρ’(ῒρίρνιιιτ</span> 
     </span>
    </p>
   </div>
   <div class='ocr_carea' id='block_1_109' title="bbox 1877 5833 3481 5904">
    <p class='ocr_par' dir='ltr' id='par_1_109' title="bbox 1877 5833 3481 5904">
     <span class='ocr_line' id='line_1_110' title="bbox 1877 5833 3481 5904; baseline 0.001 -18"><span class='ocrx_word' id='word_1_729' title='bbox 1877 5837 1940 5886; x_wconf 83' lang='lat' dir='ltr'><strong>ad</strong></span> <span class='ocrx_word' id='word_1_730' title='bbox 1969 5833 2086 5896; x_wconf 78' lang='lat' dir='ltr'><strong>E00;</strong></span> <span class='ocrx_word' id='word_1_731' title='bbox 2123 5834 2356 5902; x_wconf 76' lang='lat' dir='ltr'><strong>primum</strong></span> <span class='ocrx_word' id='word_1_732' title='bbox 2390 5849 2590 5890; x_wconf 87' lang='lat' dir='ltr'><strong>nomen</strong></span> <span class='ocrx_word' id='word_1_733' title='bbox 2632 5847 3106 5901; x_wconf 68' lang='lat' dir='ltr'><strong>enumeratorum;</strong></span> <span class='ocrx_word' id='word_1_734' title='bbox 3158 5836 3307 5904; x_wconf 79' lang='grc' dir='ltr'>νόμῳ</span> <span class='ocrx_word' id='word_1_735' title='bbox 3360 5835 3481 5887; x_wconf 74' lang='grc' dir='ltr'>πολ-</span> 
     </span>
    </p>
   </div>
  </div>
