4150 6486
206 14 1953 57 η
1958 46 2153 59 ...τυ-..η
2164 50 2305 59 ,_____.

1956 432 2017 491 S.
2062 421 2354 493 ISIDOBI
2392 429 2828 496 PELUSIOTIE

773 553 944 620 Ipsius
966 555 1152 618 pectus
1197 544 1448 618 trajicere
1480 544 1764 621 potuisset.
1794 542 1877 599 Ad
1900 546 2160 602 .eumdem
2188 545 2318 621 igitu

2450 548 2807 620 τρωσκόντων
2841 546 2940 618 τὴν
2988 544 3166 616 ψυχὴν
3215 541 3384 611 ξιφῶν
3423 538 3835 611 ὑπεμνὰσχῃς,
3871 540 4022 595 ἀντι-

773 638 995 695 modum
1044 635 1089 692 si
1138 642 1193 690 tu
1236 647 1450 704 quoque
1492 620 1650 702 eam?
1673 648 1834 705 quam
1878 647 1977 705 par
2018 642 2122 701 est,
2172 620 2319 689 anim

2442 637 2642 692 τυπιαν
2672 636 3015 708 κτησάμενος
3047 636 3144 709 τὴν
3176 634 3463 695 ἀπάθειαν,
3490 628 3713 698 ἄγγελοί
3747 645 3829 683 σοι
3876 628 4020 699 μετὰ

776 726 1204 799 magnitudinem
1235 725 1577 795 prmstiteris,‘
1592 723 1913 798 gladiisque,
1929 724 2126 795 quibus
2156 724 2319 780 animt

2440 725 2542 797 τὴν
2576 726 2754 798 πάλην
2781 726 3211 799 διακονήσουσιν,
3242 725 3305 778 οὐ
3333 721 3599 785 δουλικῶς
3640 719 4023 791 ὑπηρετούμε-

770 817 1216 881 convulneratur,
1248 815 1539 887 superatis,
1574 823 1627 871 te
1659 815 1714 871 in
1763 814 1933 871 animi
1979 814 2337 886 tranquillita-

776 918 887 966 tem
930 906 1269 973 asserueris,
1306 906 1488 978 angeli
1532 904 1633 963 tibi
1684 913 1809 976 post
1853 904 2137 962 victoriam
2175 905 2336 973 mini-3

766 999 1115 1057 strahuut”:
1147 1013 1256 1055 non
1308 998 1528 1070 quidem
1559 997 1810 1055 servilem
1839 997 1893 1053 in
1922 997 2139 1052 modum
2169 997 2331 1051 mini-

2442 832 2544 883 νοι,
2575 814 2760 885 ιπτιδὴ
2789 815 2945 871 τοῦτο
2980 814 3099 887 Θεῷ
3135 815 3279 884 μόνῳ
3311 811 3588 881 ὠφείλετο,
3634 808 3770 863 ἀλλὰ
3808 825 4021 879 νικητι-

2446 907 2559 970 κῶς
2601 906 2985 975 στεφανοῦντες
3016 923 3097 960 σε.
3126 904 3325 959 Τοῦτον
3351 901 3460 974 γὰρ
3490 901 3603 970 ἔχει
3653 899 3844 971 μισθὸν
3868 902 3899 952 ό
3926 898 4021 953 τὸν

2440 997 2685 1070 παρόντα
2722 996 2908 1066 ἀγῶνα
2932 996 3194 1067 γενναίως
3220 992 3622 1064 ἀνδριζόμενος.

767 1103 1002 1156 strantes
1050 1092 1505 1165 (quandoquidem
1551 1093 1668 1149 hoc
1704 1090 1804 1148 soli
1847 1090 1959 1147 Deo
1999 1088 2358 1161 debebatur),
2399 1104 2588 1147 verum
2630 1091 2852 1146 victoris
2891 1089 2945 1145 in
3005 1103 3211 1145 morem
3260 1096 3421 1157 caput
3468 1095 3617 1143 tuum
3660 1097 3859 1141 corona
3902 1081 4020 1139 cin-

762 1198 975 1258 gentes.
1004 1183 1158 1243 Hanc
1178 1185 1324 1241 enim
1350 1181 1655 1239 mercedem
1677 1180 1841 1237 habet
1870 1179 1960 1251 qui
1989 1180 2043 1236 in
2062 1181 2321 1251 presenti
2360 1183 2659 1246 certamine
2713 1189 2933 1235 strenue
2963 1193 3021 1233 se
3057 1179 3210 1249 gerit.

1254 1274 1486 1333 LXXVI.
1515 1304 1585 1317 —
1616 1274 1859 1333 EIDEM.

1000 1391 1111 1446 Cur
1135 1389 1336 1461 lapides
1368 1406 1472 1445 non
1494 1389 1620 1460 fecit
1644 1405 1807 1459 panes
1839 1389 2113 1445 Dominus.

832 1568 988 1637 Quod
1021 1568 1226 1639 lapides
1258 1583 1286 1624 a
1317 1567 1536 1624 Christo
1563 1568 1617 1624 in
1644 1580 1810 1639 panes
1831 1568 2054 1625 minime
2081 1568 2328 1625 conversi

773 1658 944 1715 sint"
975 1657 1080 1730 (vir
1101 1658 1594 1731 prauitantissime),
1623 1672 1731 1715 non
1764 1660 1965 1715 idcirco
1990 1659 2191 1716 factum
2220 1671 2325 1726 est,

760 1750 903 1822 quod
927 1749 1257 1806 edendorum
1278 1750 1661 1805 miraculorum
1691 1758 1900 1820 tempus
1927 1744 2158 1805 nondum
2181 1752 2329 1807 ades-

758 1852 863 1908 set,
890 1840 1339 1912 quemadmodum
1390 1841 1531 1897 male
1554 1841 1733 1898 feriati
1764 1841 2011 1898 homines
2035 1844 2321 1913 garriunt:

756 1933 851 1988 sed
891 1931 1015 2002 quia
1054 1930 1243 2001 petitio
1276 1945 1411 1986 vana
1443 1938 1582 1997 erat,
1608 1940 1661 1986 et
1692 1934 1918 2001 petitore
1967 1933 2150 2003 digna.
2187 1932 2325 1989 Deus

2933 1274 3069 1339 oq'.
3092 1301 3161 1312 —
3190 1272 3278 1344 To
3318 1272 3522 1343 ΔΥΤῼ.

2502 1384 2605 1438 Διά
2641 1384 2699 1439 τί
2736 1383 2871 1451 τοὺς
2922 1385 3132 1449 λίθους
3170 1385 3281 1437 οὐκ
3325 1384 3614 1451 ἐποίησεν
3649 1383 3867 1451 ἄρτους
3910 1382 3944 1437 δ

3100 1454 3339 1521 Κύριος.

2511 1566 2573 1619 Oi
2600 1564 2757 1628 λιθοι,
2780 1564 2933 1637 ᾶρτοι
2959 1563 3108 1636 παρὰ
3129 1564 3363 1636 Χριστοῦ
3384 1565 3444 1618 οὺ
3470 1565 3775 1633 γεγόνασιν,
3798 1561 4012 1633 ἄριστε,

2431 1656 2552 1727 οὐχὶ
2577 1657 2676 1727 τῆς
2697 1656 2843 1728 ῶρας
2864 1656 2971 1709 τῶν
2997 1655 3288 1726 θαυμάτων
3308 1652 3434 1727 [ἔτι]
3456 1654 3529 1725 μὴ
3553 1655 3852 1724 παρούσης,
3868 1653 3943 1715 ὡς
3962 1651 4014 1707 οι

2430 1748 2747 1817 κακόσχολοι
2772 1748 3171 1820 ῥητορεύουσιν,
3196 1746 3333 1802 ἀλλὰ
3353 1747 3453 1816 τῆς
3483 1746 3748 1816 eth-ﬂeet»;
3775 1744 4014 1813 ματαίας

2430 1838 2618 1910 οῠσης,
2647 1840 2741 1894 καὶ
2767 1839 2845 1910 τῷ
2879 1838 3127 1911 ζητοῦντι
3158 1838 3492 1911 πρεπούσης.
3522 1836 3651 1901 Θεὸς
3681 1836 3789 1908 γὰρ
3835 1836 4015 1889 πάντα

2434 1930 2649 2005 στάθμῃ
2681 1930 2818 2002 (75),
2842 1932 2936 1984 καὶ
2956 1932 3158 2002 μέτρῳ,
3191 1931 3285 1982 καὶ
3314 1930 3473 2000 χρείᾳ
3501 1928 3804 1999 χαρίζεται.
3840 1927 4015 1982 Ἔνθα

756 2022 901 2078 enim
932 2020 1039 2092 25
1069 2023 1247 2077 omnia
1296 2037 1416 2077 cum
1451 2023 1710 2093 pondere,
1740 2039 2015 2089 mensura,
2045 2034 2098 2079 et
2141 2040 2319 2080 neces-

2428 2020 2486 2074 δὲ
2517 2020 2621 2094 [τὸ]
2661 2022 2913 2093 περιττὸν
2943 2021 3001 2076 τὸ
3035 2021 3388 2093 ζητούμενον,
3435 2020 3529 2074 καὶ
3574 2019 3636 2074 τὸ
3663 2019 4015 2090 θαυματουρ-

759 2116 922 2171 sltate
964 2114 1213 2186 largitur.
1248 2113 1349 2170 Ubi
1388 2124 1571 2171 autem
1604 2116 1749 2185 quod
1781 2116 2040 2185 quaeritur
2066 2129 2325 2187 superva-

757 2221 985 2264 caneum
1031 2216 1151 2272 est,
1185 2206 1295 2261 illic
1332 2220 1545 2276 quoque
1592 2206 1851 2263 miracula
1894 2207 2056 2264 edere
2100 2221 2323 2276 prorsus

756 2297 1191 2368 intempestivum
1229 2306 1331 2351 est.

1171 2386 1429 2445 LXXVII.
1446 2419 1516 2430 -
1540 2390 1898 2450 DIOSCORO.

896 2504 1225 2574 lmpossibile
1250 2521 1365 2560 esse
1396 2504 1450 2559 in
1482 2506 1652 2561 medio
1686 2508 1912 2563 tumultu
1938 2509 2181 2564 uirtutem

1418 2591 1675 2632 επεν-τετε.

826 2686 1008 2759 Usque
1063 2687 1197 2743 adeo
1243 2688 1308 2743 ad
1356 2687 1583 2744 salutem
1664 2689 1915 2745 conducit
1964 2705 2207 2747 secessus
2256 2692 2323 2747 ab

754 2780 976 2835 urbanis
1000 2777 1335 2843 tumultibus,
1365 2787 1423 2832 ut
1455 2778 1617 2832 etiam
1647 2777 1743 2834 Dei
1764 2779 1931 2835 Filius
1954 2779 2158 2836 relictis
2179 2781 2322 2836 urbi-

753 2871 877 2935 bus,
903 2883 1017 2936 eos,
1045 2868 1287 2937 qui'cum
1324 2867 1556 2939 puritate
1588 2869 1799 2936 vivunt,
1830 2870 1883 2926 in
1915 2870 2114 2926 montis
2154 2884 2319 2928 cacu-

757 2957 902 3012 mine
946 2956 1133 3012 beatos
1174 2954 1482 3024 praedicarit
1536 2957 1604 3011 ".
1656 2955 1715 3011 In
1776 2972 1884 3028 quo
1926 2973 2023 3029 per
2072 2974 2157 3024 ea,
2203 2975 2322 3030 qua

754 3046 1008 3111 faciebat,
1051 3042 1180 3100 illud
1207 3042 1542 3113 ostendebat,
1587 3045 1704 3101 ﬁeri
1742 3061 1849 3101 non
1904 3062 2085 3118 posse,
2128 3060 2185 3105 ut
2230 3050 2321 3120 qui

2429 2113 2545 2177 γεῖν
2577 2111 2793 2175 πάντως
2821 2111 2920 2165 οὐκ
2953 2110 3226 2183 εὔκαιρον.

2902 2384 3019 2437 οτι.
3063 2411 3132 2422 -
3170 2381 3528 2451 ΔΙΟΣΚΟΡῼ.

2459 2502 2558 2553 οτι
2584 2499 2896 2568 ἀμήχανον
2928 2500 2999 2553 ἐν
3025 2500 3195 2623 μέεέρ
3231 2501 3500 2568 θορύϐων
3538 2497 3763 2568 ἀρετὴν
3794 2513 4011 2567 κατορο

3148 2585 3318 2622 ωσαι.

3148 2585 3318 2622 ωσαι.

2498 2685 2761 2740 Τοσοῦτον
2793 2686 3116 2757 χρησιμεύει
3151 2686 3287 2753 πρὸς
3333 2684 3606 2755 σωτηρίαν
3635 2685 3667 2754 ἡ
3700 2683 3809 2737 τῶν
3842 2680 4013 2755 θορύ-

2427 2774 2537 2827 ϐων
2569 2773 2683 2846 (76)
2727 2774 2835 2827 τῶν
2869 2774 3107 2827 ἀστικῶν
3154 2774 3522 2845 ἀναχώρησις,
3555 2775 3635 2828 ὅτι
3669 2774 3768 2837 τὰς
3821 2775 4014 2838 πόλεις

2428 2865 2744 2921 καταλιπὼν
2773 2869 2800 2920 ό
2838 2866 2933 2919 τοῦ
2967 2865 3103 2920 Θεοῦ
3134 2866 3282 2930 Υἱὸς,
3331 2868 3416 2919 ἐπ’
3448 2868 3630 2939 ἄκρων
3680 2868 3849 2937 ὀρέων
3877 2868 4013 2930 τοὺς

2429 2956 2683 3028 καθαρῶς
2714 2956 2963 3027 βιοῦντας
2995 2956 3319 3028 ἐμακάριζε.
3352 2959 3576 3022 Δεικνὺς
3615 2959 3682 3012 δι’
3709 2952 3785 3012 ὧν
3829 2960 4014 3029 πράτ-

2427 3064 2536 3101 των
2568 3048 2864 3113 ὲδίδασκεν,
2906 3047 2981 3111 ὡς
3026 3046 3306 3114 ἀδύνατον,
3342 3048 3432 3102 τὸν
3468 3051 3545 3120 μὴ
3582 3049 4014 3104 ἀποσπασθέντα

754 3140 822 3193 ab
858 3137 1043 3192 inferis
1082 3136 1250 3191 rebus
1287 3136 1508 3192 minime
1559 3152 1620 3192 se
1655 3138 2029 3203 abstraxisset,
2066 3152 2227 3210 atque
2255 3140 2319 3196 ad

2426 3136 2535 3190 τῶν
2572 3137 2947 3208 χαμαιζήλων,
2994 3139 3088 3192 καὶ
3120 3140 3255 3210 πρὸς
3290 3140 3387 3209 τὴν
3422 3139 3597 3211 ἄκραν
3642 3140 3841 3211 ἀρετὴν
3874 3140 4015 3194 ἀνα-

750 3228 969 3283 virtutis
1006 3225 1280 3297 fastigium
1306 3226 1660 3294 ascendisset,
1692 3228 1882 3285 beatus
1916 3246 1945 3283 a
1989 3230 2098 3286 Deo
2127 3248 2318 3288 cense-

752 3326 924 3385 retur,
991 3326 1084 3372 aut
1140 3317 1323 3373 futura
1374 3316 1513 3373 bona
1539 3331 1982 3390 consequeretur.
2037 3320 2177 3377 Nam
2228 3324 2319 3393 qui

755 3424 987 3480 superna
1038 3410 1218 3480 sapit,
1278 3409 1387 3465 illic
1437 3409 1645 3467 habitat
1696 3409 1784 3465 ubi
1826 3410 2083 3469 Christus
2132 3423 2215 3469 est
2263 3414 2317 3467 iu

751 3499 943 3557 dextra
965 3501 1057 3557 Dei
1090 3503 1283 3557 sedens
1314 3502 1381 3557 ”.

1082 3611 1358 3668 LXXVIII.
1384 3642 1454 3658 -υ-
1482 3612 1708 3669 ΕεΑυΕ
1740 3613 1969 3670 MlLlTl.
2022 3586 2025 3589 ί

1012 3702 1093 3757 Ad
1111 3704 1336 3758 inuitem
1368 3704 1667 3759 inordinate
1696 3721 1751 3760 se
1779 3713 2057 3774 gerentem.

822 3816 880 3874 Si
908 3817 1203 3889 gladiorum
1257 3819 1532 3891 cuspides,
1564 3830 1617 3877 et
1662 3820 1897 3890 galeam,
1931 3835 1994 3876 ac
2045 3822 2314 3876 thoracem

690 3898 693 3899 ⁷
746 3908 997 3983 praesidio
1056 3909 1147 3965 tibi
1202 3910 1267 3966 ad
1327 3909 1461 3967 bene
1503 3912 1787 3966 vivendum
1836 3906 1955 3967 esse
2014 3912 2312 3979 existimas,

746 4001 955 4070 praedas
997 4015 1162 4070 agens
1212 4016 1276 4056 ac
1323 4000 1434 4056 vias
1470 4001 1715 4058 desertas
1761 4001 2011 4066 reddens,
2050 4002 2151 4057 hoc
2182 4003 2317 4058 scito

748 4091 945 4146 multos
976 4090 1191 4146 .ilrmius
1243 4100 1293 4145 te
1328 4100 1508 4159 septos
1551 4101 1605 4146 et
1660 4100 1898 4145 armatos
1955 4091 2315 4148 miserrimam

748 4191 977 4237 mortem
1026 4180 1294 4237 retulisse.
1332 4181 1587 4251 Exemplo
1648 4182 1790 4248 sint,
1825 4197 1890 4238 ex
1929 4182 1995 4238 iis
2038 4184 2127 4252 qui
2179 4183 2317 4253 apud

747 4287 845 4328 nos
884 4272 1183 4327 litterarum
1232 4273 1592 4343 monumentis
1622 4274 1920 4344 cousignati
1963 4283 2110 4341 sunt,
2150 4274 2312 4341 Oreb,

743 4362 876 4429 Ζεῦ,
909 4364 1103 4428 Zebee,
1135 4363 1411 4429 Salmana,
1433 4363 1766 4433 Abimelech,
1792 4365 2029 4430 Goliath,
2055 4367 2310 4434 Absalon,

2426 3226 2616 3293 ϐάντα,
2654 3228 3057 3299 μακαρισθῆναι
3094 3229 3243 3300 παρὰ
3270 3228 3425 3295 Θεοῦ,
3472 3230 3505 3301 ἦ
3546 3230 3653 3282 τῶν
3700 3229 4012 3299 μελλόντων

2418 3320 2599 3388 τυχεῖν
2626 3318 2863 3387 ἀγαθῶν.
2909 3318 2967 3371 '0
2996 3319 3106 3391 γὰρ
3151 3320 3221 3372 τὰ
3252 3320 3365 3374 ἄνω
3394 3320 3631 3390 φρονῶν,
3664 3323 3781 3374 ἐκεῖ
3812 3336 4011 3375 κατοι-

2420 3409 2524 3475 κεῖ,
2578 3403 2641 3462 οὗ
2681 3408 2914 3479 Χριστός
2967 3410 3115 3462 ἐστιν
3165 3410 3223 3463 ὲν
3271 3408 3419 3481 δεξιᾷ
3466 3409 3559 3464 τοῦ
3592 3410 3730 3465 Θεοῦ
3772 3410 4012 3478 καθεζό-

2422 3514 2603 3568 μενος.

2776 3620 2903 3673 OH’.
2928 3648 2996 3662 --
3023 3620 3230 3692 ΗΣΑΙᾼ
3258 3621 3665 3694 ΣΤΡΑΤΙΩΤῌ.

2716 3711 2875 3780 Πρὸς
2904 3716 3273 3781 στρατιώτην
3300 3714 3693 3770 ἀτακτοῦντα.

2500 3824 2563 3877 Ei
2599 3826 2780 3879 ὅπλων
2826 3826 3022 3897 αἰχμαὶ
3067 3826 3201 3897 (77),
3247 3828 3340 3880 κα)⁵
3380 3828 3599 3899 κράνος,
3648 3830 3741 3883 καὶ
3794 3828 4007 3899 θώραξ,

2422 3914 2697 3986 ἀσφάλειά
2719 3934 2799 3970 σοι
2828 3919 2965 3987 πρὸς
2987 3918 3218 3982 εὑζωῖαν
3247 3918 3579 3990 νενόμισται,
3600 3919 4009 3977 λωποδυτοῦντι

2419 4008 2515 4063 καὶ
2548 4007 2646 4070 τὰς
2683 4006 2985 4079 λεωφόρους
3034 4008 3358 4079 ἐρημοῦντι·
3394 4010 3504 4064 ἴσθι
3538 4010 3615 4074 ὡς
3663 4011 3844 4067 πολλοὶ
3871 4012 4014 4067 δυσ-

2419 4097 2749 4168 αλωτότερόν
2786 4114 2879 4151 σου
2905 4099 3273 4169 φραξάμενοι,
3321 4101 3587 4155 οἴκτιστον
3621 4106 4013 4174 ἀπηνέγκαντο

2420 4190 2669 4245 θάνατον.
2723 4190 2859 4260 Παρ“
2910 4190 3042 4260 ἡμῖν
3096 4190 3193 4260 μὲν
3241 4192 3610 4263 ἀνάγραπτοι,
3671 4196 3857 4267 Ὠρὴσ,
3909 4201 4009 4253 καὶ

2417 4280 2611 4351 Ζηὸεὲ,
2668 4281 2761 4333 καὶ
2808 4278 3085 4350 Σαλμανὰ,
3157 4282 3442 4353 Ἀὁιμελὲχ
3486 4285 3580 4338 καὶ
3627 4286 3842 4351 reme,
3905 4293 4009 4345 καὶ

2429 4370 2803 4442 Ἀϐησσαλὼν,
2840 4373 2935 4425 καὶ
2983 4372 3096 4426 ὅσοι
3130 4372 3250 4427 κατ’
3295 4375 3560 4439 ἐκείνους.
3608 4376 3768 4447 Παρὰ
3795 4378 3850 4431 δὲ
3886 4384 4009 4446 τοῖς

747 4453 946 4524 aliique
992 4454 1077 4509 his
1112 4455 1316 4511 similes
1344 4457 1363 4487 ί
1396 4473 1411 4510 :
1455 4458 1594 4525 apud
1631 4468 1845 4511 exteros
1879 4468 2082 4523 autem,
2118 4459 2313 4513 Hecto-

2435 4460 2561 4526 ἔξω,
2617 4462 2901 4532 Ἕκτορες,
2958 4464 3051 4516 καὶ
3106 4465 3353 4528 Αἴαντες,
3401 4467 3495 4519 καὶ
3544 4467 3694 4521 αὐτοὶ
3743 4472 3791 4523 οἱ
3850 4472 4008 4542 μέγα

746 4556 837 4598 res
857 4552 911 4598 et
936 4542 1151 4611 Aiaces,
1186 4550 1346 4614 atque
1384 4544 1484 4615 ipsi
1513 4543 1930 4611 Lacedaemonii,
1970 4547 2063 4617 qui
2107 4548 2315 4604 ruboris

2426 4552 2640 4606 πάντων
2672 4555 3038 4625 φρονήσαντες
3061 4556 3472 4627 Λακεδαιμόνιοι
3499 4559 3591 4611 ἐπὶ
3611 4560 3789 4632 ῥώμῃ,
3808 4562 4006 4636 ἐπειδὴ

746 4637 961 4690 nomine
1010 4650 1170 4705 supra
1198 4650 1388 4692 omnes
1439 4637 1693 4693 mortales
1722 4638 1936 4709 gloriati
1971 4648 2118 4706 sunt,
2180 4655 2317 4709 quo-

2426 4644 2521 4696 οὐκ
2554 4644 2710 4713 ἔσχον
2753 4643 3048 4715 σύνδρομον
3088 4650 3153 4718 τῇ
3188 4648 3414 4717 δυνάμει
3444 4650 3504 4702 τὸ
3548 4650 3772 4705 δίκαιον.
3808 4654 3870 4706 Ei
3905 4653 4006 4709 οὖν

746 4725 890 4779 uiam
931 4724 1195 4793 justitiam
1257 4728 1510 4793 potentia:
1571 4728 1820 4784 comitem
1899 4730 2309 4801 haudquaquam

2426 4733 2502 4805 μὴ
2553 4736 2779 4806 μάταιος
2830 4732 2967 4788 εἶναι
3016 4737 3195 4806 βούλει
3241 4740 3485 4811 ὁπλίτης,
3533 4741 3697 4808 ὀξέως
3740 4744 3877 4813 πρὸς
3907 4747 4004 4801 τὸν

744 4814 1067 4868 habuerunt.
1122 4812 1303 4880 Quare
1354 4816 1457 4871 nisi
1517 4833 1684 4873 vanus
1724 4818 1879 4875 miles
1925 4834 2043 4874 esse
2082 4820 2183 4883 vis,
2242 4820 2309 4875 ad

2426 4824 2608 4895 νοητὸν
2643 4826 2941 4905 μετάταξαι
2986 4830 3247 4903 πόλεμον,
3282 4832 3377 4885 καὶ
3432 4832 3630 4903 μᾶλλον
3674 4835 3739 4905 τῇ
3795 4838 4000 4892 σαυτοῦ

744 4902 1025 4973 spirituale
1066 4903 1265 4959 bellum
1298 4908 1689 4977 quamprimum
1726 4919 1776 4965 te
1824 4920 2099 4976 converte,
2148 4919 2311 4980 atque

2426 4916 2615 4987 ἀταξίᾳ
2648 4901 2778 4970 πολέ
2788 4935 2978 4989 μησον.

741 4994 798 5051 id
822 4996 999 5066 potius
1036 5012 1153 5067 age,
1202 5008 1258 5052 ut
1287 4998 1544 5057 adversus
1594 5003 1929 5061 inordinatos
1965 5014 2087 5061 tuos
2114 5016 2292 5063 motus
2334 5008 2533 5063 bellum
2580 5024 2753 5080 geras.

807 5151 855 5183 "
876 5149 1063 5207 Matth.
1097 5170 1169 5221 Iv,
1204 5155 1288 5209 ll.
1359 5157 1403 5189 "
1434 5158 1563 5213 ibid.
1603 5161 1656 5214 3.
1734 5161 1778 5193 "
1810 5159 1999 5215 Matth.
2044 5177 2094 5228 γ,
2144 5162 2197 5217 8.
2288 5164 2319 5195 ’⁵

744 5217 786 5273 ιι
822 5222 933 5293 iteg
986 5237 1135 5278 ινιιι.

2426 5162 2544 5221 )los.
2581 5180 2662 5232 III,
2695 5166 2745 5220 Ι.
2825 5167 2840 5197 ¹
2876 5166 3047 5223 Judic.
3081 5184 3192 5235 VH;
3230 5168 3408 5228 Judic.
3442 5173 3626 5240 vnn!
3668 5174 3800 5248 Reg.
3842 5194 3998 5249 xm;

1832 5384 2064 5441 VARIL
2106 5386 2493 5445 LECTIONES
2531 5387 2620 5443 ET
2657 5387 2891 5445 NOTAE.

834 5531 957 5611 (πὶ
974 5536 1073 5611 Pro
1106 5538 1315 5609 σταθμῇ
1357 5537 1511 5593 codd.
1553 5536 1675 5592 Val.
1714 5535 1816 5591 649
1847 5547 1899 5590 et
1939 5537 2048 5591 Alt.
2095 5538 2305 5611 legunt,

739 5607 983 5676 σταο
1015 5608 1220 5676 Possm.

812 5675 1079 5747 (76il’ost
1099 5675 1338 5748 θορύϐων
1356 5678 1470 5731 ροιι.
1498 5675 1781 5748 Alt._:_uldit
1812 5677 2124 5730 πολιτικῶν.
2144 5675 2299 5731 Vera.

741 5743 776 5816 β
822 5743 917 5816 pro
963 5743 1378 5800 ἀποσπασθέντα
1422 5750 1571 5801 codd.
1614 5745 1787 5801 Vatit‘.
1818 5748 1929 5816 Δςίιίε)
1981 5761 2024 5800 et
2060 5751 2166 5801 Alt.
2208 5748 2302 5800 IIII-

742 5813 868 5871 beut
897 5817 1110 5870 ἀπωρθ’
1258 5817 1323 5870 Υα,
1343 5834 1409 5869 ru.
1444 5817 1648 5887 penult.
1672 5832 1767 5885 pro
1783 5813 1843 5873 οὗ
1868 5819 2123 5889 Χριστὸς,
2144 5817 2301 5875 codd.

2417 5540 2725 5617 _Slo_rtianus
2756 5550 2810 5595 et
2858 5541 2967 5617 Alt.
2992 5543 3188 5617 legunt
3233 5548 3261 5599 ό
3294 5548 3547 5617 Χριστός.
3584 5550 3739 5607 Vers.
3775 5555 3971 5617 ultimo

2412 5611 2561 5662 ἐστὶν
2590 5612 2743 5664 abest
2774 5625 2802 5664 a
2834 5614 2951 5666 cod.
2988 5611 3283 5671 Sfortiano.
3315 5611 3524 5673 Possm.

2484 5680 2598 5763 (77)
2643 5682 2741 5734 Pro
2769 5682 2964 5763 aqua}
2990 5686 3107 5735 cmi.
3142 5688 3246 5763 Alt.
3283 5689 3487 5763 scribit,
3525 5690 3722 5763 ἀκμαὶ,
3754 5701 3807 5750 et
3839 5710 3967 5755 vers

2413 5761 2667 5822 amcpcn'
2696 5767 2795 5823 Ρτυ
2818 5752 3073 5825 ὁπλίτης,
3106 5753 3346 5828 πολίτης.
3385 5748 3614 5815 PoSs:.v.'
3710 5748 3721 5757 ’
3768 5748 3804 5750 ”
3854 5748 3903 5752 ⁷⁷
3942 5748 3992 5769 "
