4150 6448
680 394 790 467 ‘271

1886 399 1947 461 S.
1989 399 2282 463 ISIDORI
2318 394 2756 463 PELUSIOTE

3833 397 3948 463 272

693 525 799 580 que
817 509 889 565 ah
919 508 1243 579 imperatore
1283 505 1684 577 prmiecturam,
1736 520 1861 563 eam
1909 509 2019 563 vim
2049 524 2113 563 ac
2167 525 2256 579 po-

2376 511 2595 581 Ἐπειδὴ
2626 514 2807 566 τοίνυν
2830 507 2963 563 Θεοῦ
2992 509 3140 562 ἐστιν
3169 506 3453 578 ἀμφότερα
3486 506 3556 560 τά
3599 503 3945 580 χαρίσματα,

692 600 936 667 tentiam,
1001 612 1158 669 quam
1201 598 1505 653 institutum
1557 597 1721 653 animi
1783 598 1857 653 tui
1920 599 2253 667 requirebat,

693 690 791 747 tibi
814 689 1159 760 praebentem.
1181 688 1450 756 Quoniam
1485 697 1663 743 autem
1704 696 1991 758 utrumque
2035 689 2135 742 hoc
2158 689 2255 743 do-

691 797 820 836 num
862 779 957 838 Dei
988 780 1251 837 beneﬂcio
1272 781 1367 836 tibi
1400 780 1651 851 contigit,
1687 788 1938 850 utroque,
1966 793 2065 850 pro
2108 780 2253 834 virili

699 880 815 940 tua,
858 871 923 926 ad
952 870 1123 943 ipsius
1154 870 1353 925 cultum
1401 878 1575 936 utere,
1609 878 1667 925 ut
1703 867 1959 937 maiorem
2003 882 2255 939 quoque,

2363 602 2563 672 χρῆσαι
2596 603 2806 666 τούτοις
2828 603 2905 664 είς
2933 599 3231 673 θεραπείαν
3252 598 3416 653 αὐτοῦ
3445 599 3545 669 ὅση
3568 598 3796 669 δύναμις
3816 614 3830 627 ·
3850 598 3947 652 ἵνα

2363 692 2457 746 καὶ
2481 694 2704 762 μείζονα
2748 691 2892 763 δώσῃ
2932 690 3201 759 ἐξουσίαν,
3236 692 3285 743 εί
3317 689 3524 762 ταύτην
3565 688 3650 760 ῐδῃ
3681 687 3948 759 καθαρῶς

2362 783 2759 854 διοικουμένην.
2792 780 2911 838 Οἷδε
2939 782 3049 853 γὰρ
3083 782 3181 836 καὶ
3217 781 3583 853 ποιμαντικὴν
3631 766 3949 852 μίγα).όψυ·

2363 888 2479 943 χον,
2506 872 2787 943 βασιλείαν
2820 874 2995 931 ποιεῖν
3020 871 3417 941 πολυδύναμον.

691 962 794 1018 tibi
833 961 1126 1033 potentiam
1156 959 1442 1027 concedat,
1465 962 1510 1016 si
1543 961 1681 1015 hanc
1709 960 1805 1015 abs
1843 969 1894 1013 te
1928 971 2062 1030 pure
2089 970 2252 1029 atque
2294 963 2502 1033 integre
2566 964 2940 1019 administrari
2974 961 3207 1017 noverit.
3272 958 3553 1030 Siquidem
3598 958 3947 1029 pastoritiunt

691 1056 859 1112 etiam
885 1067 1081 1112 manus
1104 1063 1230 1109 cum
1268 1052 1437 1109 animi
1471 1050 1843 1122 magnitudine
1902 1049 2253 1120 coniunctum
2294 1052 2349 1109 in
2411 1056 2850 1125 potentissimum
2880 1069 3104 1125 regnum
3145 1062 3484 1110 commutare
3527 1052 3677 1107 novit
3700 1050 3764 1103 ".

1112 1163 1397 1222 CXXXIV.
1426 1194 1496 1206 —
1519 1160 1794 1220 ZOSIHO.

1167 1256 1247 1312 De
1280 1254 1478 1310 doloris
1510 1254 1788 1311 vacuitate.

758 1372 817 1429 Si
848 1384 951 1429 nec
973 1385 1196 1444 regnum
1222 1378 1276 1425 te
1302 1369 1494 1425 incitat
1553 1377 1609 1424 et
1654 1368 1995 1436 cohortatur,
2024 1384 2123 1425 nec
2154 1385 2251 1442 εει

688 1466 864 1522 henna
919 1478 1135 1519 rursum
1180 1471 1370 1527 terret,
1437 1474 1544 1517 non
1601 1459 2083 1516 animadvertimus
2130 1475 2251 1529 nos,

686 1570 805 1613 cum
834 1553 999 1610 feram
1026 1562 1082 1610 et
1113 1552 1430 1610 indomitam
1458 1549 1692 1608 belluam
1731 1551 2095 1617 incantamus,
2128 1565 2251 1606 cum

690 1646 938 1716 improbo
968 1644 1211 1701 damone
1239 1642 1476 1698 humana
1508 1639 1679 1713 forma
1723 1649 1968 1697 contecto
1997 1640 2211 1697 luctari.

1174 1755 1435 1814 CXXXV.
1457 1784 1528 1797 --
1541 1753 1767 1811 EIDEI.

1354 1844 1557 1903 Simile.

757 1966 894 2025 Cum
944 1963 1134 2027 libido,
1174 1970 1229 2018 et
1258 1962 1503 2031 corporis
1550 1962 1737 2029 robur,
1785 1970 1840 2017 et
1889 1959 2055 2014 animi
2109 1958 2256 2016 vires

687 2058 905 2130 dejiciat
930 2066 988 2113 et
1035 2053 1259 2119 adimat,
1291 2066 1561 2123 eumque,
1609 2051 1703 2121 qui
1750 2050 1853 2106 hoc
1896 2050 2029 2105 vitio
2064 2058 2255 2121 captus

684 2158 787 2213 ost,
819 2147 1068 2203 omnibus
1100 2141 1429 2199 illudendum
1478 2150 1533 2199 et
1592 2141 1927 2198 irridendum
1980 2140 2251 2210 propinet,

684 2235 1132 2309 quemadmodum
1160 2242 1463 2290 excacatus
1486 2231 1736 2300 Samson,
1779 2231 1935 2288 docet
1962 2231 2032 2298 ⁸⁸,
2062 2230 2256 2300 ecquid

686 2329 744 2386 t'u
778 2327 1141 2385 voluntariam
1174 2326 1541 2396 captivitatem
1568 2324 1830 2389 accersis,
1869 2337 1969 2378 nec
2008 2321 2257 2377 naturale

588 2447 601 2463 -
687 2420 854 2477 robur
887 2418 1117 2474 illaesum
1151 2425 1314 2487 atque
1339 2416 1607 2486 integrum
1648 2429 1861 2479 servas,
1888 2428 2075 2468 verum
2101 2413 2259 2467 vitio-

688 2511 766 2567 sis
798 2506 1178 2564 affectionibus
1207 2504 1601 2562 conﬁciendum
1635 2513 1690 2561 te
1739 2504 1883 2560 ultro
1907 2506 2173 2575 praebens,
2205 2510 2259 2557 et

688 2600 883 2664 Deum,
914 2597 1007 2667 qui
1040 2597 1092 2650 in
1124 2596 1235 2671 vita
1255 2604 1365 2661 tua,
1393 2595 1485 2650 ubi
1512 2603 1675 2664 caput
1728 2594 1974 2658 reclinet,
2011 2609 2118 2649 non
2162 2591 2259 2647 ha-

690 2695 803 2757 bet,
835 2704 1069 2745 maerore
1095 2687 1260 2743 aﬂicis
1280 2725 1296 2753 ,
1332 2695 1387 2743 et
1416 2700 1539 2751 nos,
1565 2686 1655 2757 qui
1686 2700 1783 2756 pro
1811 2696 1898 2740 tua
1934 2686 2107 2741 salute
2136 2696 2256 2739 vota

686 2779 915 2836 facimus
945 2790 1258 2849 oppugnas;
1290 2784 1346 2832 et
1369 2774 1617 2846 iniuriam
1650 2774 1746 2830 tibi
1779 2774 1879 2846 ipsi
1911 2774 2098 2840 infers,
2131 2774 2255 2829 dum

688 2868 950 2925 salutaria
976 2866 1371 2923 medicamenta
1401 2862 1695 2935 repudiasi

970 2972 1254 3033 CXXXVI.
1286 3003 1355 3017 —-
1382 2970 1691 3028 HERMINO
1723 2970 1977 3029 COMITI.

750 3090 828 3147 De
853 3089 1038 3146 ordine
1078 3089 1325 3159 episcopi,
1377 3098 1424 3145 et
1452 3089 1730 3160 cujusuam
1760 3090 1991 3161 ﬁguram
2033 3091 2188 3161 gerit.

772 3204 1046 3274 Quantum
1085 3213 1139 3259 tu
1173 3203 1481 3274 inexplebili
1544 3204 1790 3261 discendi
1829 3203 2125 3276 cupiditate
2158 3204 2257 3260 lla-

691 3308 841 3367 gras,
879 3303 1087 3350 tantum
1144 3308 1244 3366 ego
1294 3294 1362 3349 ad
1412 3309 1499 3362 ea,
1537 3310 1662 3365 quae
1694 3296 2258 3368 quaeris,eXplicanda

690 3395 971 3457 promptus
988 3400 1053 3440 ac
1074 3384 1331 3457 proclivis
1359 3402 1478 3442 sum
1502 3406 1516 3442 :
1549 3388 1839 3444 dummodo
1885 3387 2049 3455 Deus,
2080 3388 2259 3459 preci-

687 3477 786 3534 bus
809 3478 914 3532 tuis
927 3487 1245 3542 commotus,
1274 3476 1640 3534 inventionem
1665 3478 1796 3533 mihi
1824 3478 2038 3535 cmiitus
2065 3493 2259 3534 conce-

689 3570 801 3624 dat.
850 3567 1098 3623 Linteum
1136 3569 1267 3623 illud
1322 3583 1442 3623 cum
1496 3584 1605 3639 quo
1645 3570 1875 3635 diaconi,
1941 3570 1995 3624 in
2056 3570 2260 3625 sanctis

690 3659 964 3731 mysteriis
990 3674 1185 3716 munus
1208 3674 1363 3714 suum
1389 3660 1612 3725 obeunt,
1649 3660 2005 3715 humilitatem
2068 3660 2253 3715 Domi-

689 3751 767 3816 ni,
799 3747 886 3820 qui
918 3749 1305 3819 discipulorum
1338 3750 1503 3820 pedes
1531 3749 1685 3817 lavit,
1729 3759 1785 3806 et
1809 3750 2037 3807 extersit
2060 3750 2130 3819 “,
2157 3768 2258 3807 no-

686 3842 773 3897 bis
797 3842 851 3895 in
889 3841 1206 3897 memoriam
1240 3840 1455 3911 redigit.
1482 3841 1540 3896 Id
1575 3851 1757 3897 autem
1775 3842 2087 3911 amiculum,
2118 3844 2260 3913 quod

688 3931 946 3985 sacerdos
986 3931 1225 3986 humeris
1256 3940 1450 4002 gestat,
1502 3941 1664 4003 atque
1715 3948 1779 3987 ex
1843 3933 1989 3998 lana,
2047 3948 2153 3987 non
2190 3948 2259 3988 ex

688 4019 801 4075 lino
828 4030 1137 4075 contextum
1167 4031 1273 4086 est,
1300 4023 1416 4078 ovis
1444 4023 1609 4089 illius,
1634 4038 1797 4093 quam
1830 4021 2090 4078 Dominus
2112 4023 2263 4079 aber-

691 4120 900 4165 rantem
925 4110 1176 4179 quaesivit
1232 4113 1615 4184 inventamque
1658 4114 1899 4170 humeris
1939 4115 2051 4169 suis
2079 4122 2259 4170 sustu-

696 4202 761 4256 lit
788 4204 858 4267 τ’,
909 4201 1099 4272 pellem
1132 4202 1397 4271 designat.
1441 4202 1739 4275 Episcopus
1772 4207 1938 4271 enim,
1978 4205 2069 4275 qui
2100 4204 2257 4259 Chri-

692 4293 763 4348 sti
814 4302 994 4363 typum
1052 4296 1207 4362 gerit,
1266 4295 1433 4364 ipsius
1498 4312 1716 4350 munere
1785 4296 2043 4367 fungitur,
2098 4306 2260 4365 atque

694 4383 811 4452 ipso
840 4384 999 4437 etiam
1037 4384 1219 4438 habitu
1254 4385 1379 4439 illud
1421 4387 1670 4440 omnibus
1713 4388 1968 4450 ostendit,
2013 4401 2071 4440 se
2133 4387 2257 4441 boni

696 4473 835 4530 illius
862 4487 923 4526 ac
946 4475 1121 4543 magni
1146 4476 1374 4544 pastoris
1421 4477 1745 4532 imitatorem
1777 4491 1916 4543 esse,
1947 4476 2038 4545 qui
2084 4478 2262 4547 gregis

2276 1772 2329 1840 ,Β

2869 1167 3036 1223 ΡΛΔ’.
3060 1197 3131 1209 -
3162 1168 3437 1239 znxmo.

2855 1258 2998 1329 Περὶ
3042 1258 3443 1329 ἀναλγησίας.

2423 1369 2490 1423 Εί
2514 1367 2764 1441 βασιλεία
2793 1384 2852 1422 σε
2884 1368 2946 1421 οὐ
2978 1368 3371 1438 προτρέπεται,
3392 1366 3513 1421 οὐδὲ
3544 1367 3737 1437 γίεννα
3772 1367 3948 1422 πάλιν

2354 1460 2670 1526 δεδίττεται,
2714 1459 3051 1531 λανθάνομεν
3102 1458 3380 1531 ἀιιθάσσῳ
3409 1458 3585 1531 θηρίῳ
3623 1459 3946 1531 ἐπᾴδοντες,

2355 1553 2413 1606 ὲν
2444 1552 2763 1624 ἀνθρωπεία
2812 1554 3031 1625 μορφῇ,
3083 1549 3305 1623 πονηρῷ
3343 1550 3557 1622 δαίμονι
3607 1548 3788 1625 [πρὸς]
3840 1568 3951 1608 πα-

2355 1644 2600 1709 λαίοντες
2634 1644 2769 1715 (29).

2760 1757 2929 1811 PAE'.
2960 1788 3030 1801 _
3057 1756 3146 1828 Tn
3173 1755 3357 1826 ΔΥΤῼ
3398 1752 3530 1825 (30).

3013 1849 3279 1918 Ὅμοιον.

2429 1967 2493 2021 Et
2513 1966 2607 2020 καὶ
2626 1968 2726 2038 τὴν
2744 1966 2896 2037 ίσχὺν
2917 1964 3013 2019 τοῦ
3040 1966 3316 2034 σώματος.
3344 1966 3441 2020 καὶ
3464 1964 3565 2035 τὴν
3585 1964 3751 2019 αὑτοῦ
3778 1964 3948 2020 m6-

2360 2076 2530 2131 ματος
2557 2059 2813 2132 καθαιρεῖ
2841 2058 2937 2114 καὶ
2970 2060 3285 2129 ἀφαιρεῖται
3317 2058 3351 2128 ἡ
3384 2057 3633 2127 λαγνεία,
3664 2058 3758 2112 καὶ
3784 2058 3948 2129 εὐχε-

2359 2152 2428 2225 ρῆ
2459 2153 2604 2205 ποιεῖ
2648 2150 2786 2222 πρὸς
2823 2150 3159 2221 ὲμπαιγμδν·
3185 2150 3281 2202 καὶ
3318 2150 3536 2218 γέλωτα
3560 2151 3674 2206 ’τὸν
3719 2151 3946 2215 ἁλόντα,

2357 2239 2539 2304 καθὼς
2563 2240 2807 2295 διδάσκει
2823 2239 3066 2310 Σαμψὼν
3085 2239 3353 2309 ικτυφλού
3361 2258 3546 2310 μενος,
3563 2240 3617 2294 τί
3640 2244 3948 2298 ἐπισπᾶται

2357 2330 2736 2404 αἰχμαλωσίαν
2761 2330 3107 2402 αὐθαίρετον,
3132 2331 3227 2385 καὶ
3248 2333 3309 2386 οὐ
3332 2331 3624 2402 φυλάττεις
3652 2317 3752 2404 τὴν
3784 2351 3950 2403 φυσι-

2359 2424 2461 2495 κὴν
2504 2422 2696 2496 ῥώμην
2744 2422 3046 2495 ἀλώϐητον,
3089 2424 3206 2477 ἀλλ’
3249 2424 3409 2496 ἔργον
3442 2424 3632 2479 παθῶν
3678 2426 3950 2492 ἑκουσίως

2359 2516 2663 2587 γινόμενος,
2690 2516 2783 2569 καὶ
2806 2515 2899 2570 τὸν
2920 2515 3053 2571 Θεὸν
3076 2517 3271 2581 λυπεῖς
3291 2517 3391 2571 οὐκ
3416 2516 3608 2588 ἔχοντα
3637 2518 3814 2571 κλῖναι
3842 2518 3950 2589 τὴν

2360 2598 2603 2678 κεφαλὴν
2629 2608 2689 2661 ὲν
2716 2605 2793 2677 τῷ
2823 2606 2925 2678 βίῳ
2958 2624 3076 2670 σου,
3110 2610 3206 2662 καὶ
3236 2608 3367 2679 ἡμῖν
3411 2607 3667 2677 πολεμεῖς
3714 2609 3951 2680 εὐχομέ-

2359 2715 2471 2760 νοις
2500 2697 2739 2769 σωθῆναί
2766 2714 2848 2761 σε,
2868 2696 2961 2751 καὶ
2991 2698 3185 2752 σαυτὸν
3208 2698 3433 2763 ἀδικεῖς,
3457 2697 3525 2753 τά
3548 2697 3767 2771 ῥώσεως
3792 2715 3948 2770 παρ-

2360 2786 2513 2841 αιτού
2520 2804 2679 2858 μενος
2715 2787 2989 2859 φάρμακα
3010 2805 3026 2855 ;

2676 2988 2862 3055 ΡΑςν.
2915 3017 2986 3028 -
3023 2988 3287 3059 ΕΡΜΙΝῼ
3329 2988 3625 3046 KOMII'I’I.

2286 3100 2329 3158 C
2362 3099 2502 3169 Περί
2537 3100 2761 3168 τάξεως
2795 3100 3158 3167 ἐπισκόπου,
3195 3103 3296 3160 καί
3333 3106 3497 3171 τινος
3530 3104 3726 3159 τύπον
3748 3101 3938 3174 φέρει.

2431 3213 2595 3267 Ὅσον
2618 3213 2779 3277 αὐτὸς
2799 3213 3077 3283 ἄπληστος
3106 3210 3159 3267 εἴ
3180 3213 3317 3285 πρὸς
3346 3215 3447 3285 τὴν
3470 3214 3728 3287 μάθησιν,
3749 3212 3950 3269 τοσοῦ·-

2358 3320 2450 3359 τον
2485 3303 2596 3373 ἐγὼ
2630 3304 2914 3376 πρόθυμος
2946 3305 3081 3378 πρὸς
3108 3306 3209 3376 τὴν
3242 3306 3495 3377 δήλωσιν,
3536 3307 3698 3377 μόνον
3733 3308 3781 3360 εί
3810 3306 3953 3373 Θείας

2359 3392 2434 3465 δῷ
2462 3397 2581 3459 ταῖς
2611 3395 2799 3467 εὐχαῖς
2826 3413 2921 3449 σου
2960 3397 3058 3467 τὴν
3090 3397 3307 3468 εὕρεσιν
3334 3397 3541 3453 ἀνωθεν
3569 3400 3682 3467 (5i)
3705 3413 3720 3429 '
3757 3399 3791 3470 ἠ
3817 3398 3946 3456 όθό·

2360 3499 2449 3554 νη,
2481 3483 2599 3554 μεθ’
2629 3479 2697 3556 ἧς
2726 3484 3131 3555 λειτουργοῦσιν
3166 3486 3224 3538 ὲν
3257 3487 3369 3548 τοῖς
3408 3484 3587 3553 ἁγίοις
3608 3485 3658 3538 oi
3681 3484 3949 3553 διάκονοι,

2362 3574 2461 3645 τὴν
2490 3574 2583 3628 τοῦ
2611 3576 2818 3647 Κυρίου
2849 3576 3259 3648 ἀναμιμνήσκει
3292 3576 3645 3643 ταπείνωσιν,
3683 3577 3950 3647 νίψαντος

2358 3668 2486 3731 τοὺς
2509 3668 2675 3731 πόδας
2703 3668 2811 3721 τῶν
2844 3667 3123 3739 μαθητῶν,
3155 3668 3251 3722 καὶ
3282 3668 3641 3739 ἑκμάξαντος.
3676 3668 3749 3724 To
3772 3670 3829 3724 δὲ
3846 3672 3951 3726 τοῦ

2361 3759 2665 3813 ἐπισκόπου
2697 3760 3011 3830 ὠμοφόριον
3044 3759 3102 3823 ἐξ
3124 3759 3285 3830 ὲρέας
3314 3759 3395 3824 ὃν,
3421 3760 3539 3814 ἀλλ’
3560 3760 3621 3814 οὐ
3650 3760 3819 3829 λίνου,
3844 3763 3953 3835 τὴν

2360 3848 2454 3902 τοῦ
2488 3850 2761 3920 προϐάτου
2784 3849 2950 3923 δορὰν
2981 3851 3258 3920 σημαίνει,
3286 3852 3424 3921 ὅπερ
3469 3852 3740 3923 πλανηθὲν
3771 3852 3949 3926 ζητή-

2365 3958 2462 4005 σας
2501 3942 2528 3993 ὀ
2554 3940 2780 4011 Κύριος,
2828 3943 2923 3993 ἐπὶ
2970 3942 3079 3996 τῶν
3120 3942 3338 3995 οίκείων
3368 3942 3536 4013 ῶμων
3564 3944 3849 3999 ἀνέλαδεν;
3882 3947 3946 4000 Ὀ

2363 4032 2473 4103 γὰρ
2497 4032 2795 4096 ἐπίσκοπος
2823 4033 2902 4096 είς
2926 4032 3095 4086 τύπον
3123 4032 3199 4086 ὢν
3244 4033 3338 4087 τοῦ
3373 4034 3610 4104 Χριστοῦ
3634 4074 3649 4100 ,
3688 4036 3750 4089 τὸ
3782 4036 3952 4107 ἔργον

2364 4122 2573 4177 ἐκείνου
2604 4124 2823 4192 πληροῖ,
2843 4124 2937 4177 καὶ
2958 4124 3197 4177 δείκνυσι
3232 4125 3366 4177 πᾶσι
3400 4125 3487 4178 διά
3516 4126 3611 4180 τοῦ
3640 4129 3951 4199 σχήματος,

2362 4216 2443 4268 ὅτι
2476 4215 2723 4285 μιμητής
2753 4214 2871 4267 ἐστι
2900 4213 2995 4267 τοῦ
3022 4214 3231 4281 ἀγαθοῦ
3267 4216 3357 4269 καὶ
3395 4217 3630 4286 μεγάλου
3662 4219 3951 4289 ποιμένος,

2361 4302 2391 4355 ό
2418 4304 2517 4365 τὰς
2546 4302 2830 4366 ἀσθενείας
2856 4304 3041 4374 φέρειν
3067 4304 3167 4356 τοῦ
3186 4304 3443 4372 ποιμνίου
3476 4305 3950 4377 προϐεϐλημένος·

2296 4437 2342 4493 D
2367 4394 2463 4445 καὶ
2494 4395 2731 4493 πρόσχες
2772 4394 3039 4463 ἀκριϐῶς.
3085 4395 3278 4447 Ἥνίκα
3312 4394 3420 4465 γάρ
3447 4396 3611 4460 αὐτὸς
3639 4399 3667 4451 ό
3692 4397 3952 4468 ἀληθινὸς

2369 4480 2573 4550 ποιμὴν
2610 4481 2988 4552 παραγένηται
3029 4482 3116 4536 διά
3149 4487 3247 4555 τῆς
3291 4483 3400 4537 τῶν
3442 4483 3793 4553 Εὐαγγελίων
3834 4488 3953 4542 τῶν

694 4563 1039 4619 inﬁrmitates
1063 4566 1163 4619 sibi
1195 4565 1445 4622 ferendas
1477 4568 1792 4637 proposuit.
1851 4568 1929 4623 Ac
1977 4568 2256 4637 diligenter

2370 4572 2764 4642 προσκυνητῶν
2792 4573 3165 4641 ἀναπτύξεως,
3192 4576 3285 4630 καὶ
3306 4576 3664 4630 ὑπανίσταται
3687 4578 3780 4631 καὶ
3809 4578 3951 4632 ἀπο-

696 4654 935 4707 aniuium
963 4656 1200 4709 attende.
1229 4656 1360 4710 Nam
1396 4672 1515 4711 cum
1548 4658 1663 4727 ipse
1722 4674 1881 4715 verus
1923 4670 2114 4728 pastor
2167 4676 2256 4729 per

2365 4662 2571 4715 τίθεται
2602 4662 2662 4714 τὸ
2696 4664 2882 4734 σχῆμα
2908 4666 3007 4735 τῆς
3042 4668 3329 4739 μιμήσεως
3362 4669 3390 4720 ό
3428 4667 3748 4732 ἐπίσκοπος,
3780 4668 3955 4723 αὑτὸν

697 4743 1098 4799 adorandorum
1170 4747 1583 4818 Evangeliorum
1644 4752 1977 4819 apertionem
2030 4753 2256 4819 accedit,

2367 4753 2539 4822 δηλῶν
2594 4757 2851 4825 παρεῖναι
2893 4756 2984 4808 τὸν
3028 4758 3270 4830 Κύριον,
3306 4760 3397 4813 τὸν
3442 4759 3539 4830 τῆς
3582 4760 3957 4831 ποιμαντικῆς

693 4832 802 4905 42
835 4841 941 4887 tum
974 4836 1186 4891 demum
1228 4840 1510 4909 episcopus
1576 4843 1827 4911 assurgit,
1889 4853 2048 4913 atque
2083 4843 2256 4896 imita-

2370 4846 2634 4914 ἡγεμόνα,
2670 4848 2762 4899 καὶ
2796 4847 2927 4901 Θεὸν
2952 4850 3044 4901 καὶ
3072 4849 3359 4922 δεσπότην.

700 4924 864 4980 tionis
896 4923 1136 4980 habitum
1174 4929 1393 4997 deponit
1431 4931 1596 4985 :liiuc
1647 4930 1899 4985 nimirum
1964 4931 2244 4986 Dominum
2305 4934 2504 5003 ipsum,
2553 4938 2838 5003 pastoralis
2880 4940 3015 4993 artis
3074 4939 3299 5007 ducem,
3332 4956 3396 4997 ac
3444 4942 3609 4997 Deum
3658 4950 3713 4997 et
3752 4941 3953 4997 herum

700 5016 892 5070 adesse
918 5015 1247 5085 signiﬁcans.

768 5176 857 5229 "i
892 5176 1023 5247 Reg.
1058 5192 1168 5243 xw,
1202 5177 1285 5231 Η.
1365 5178 1409 5208 ⁶³¹
1448 5176 1616 5233 Juttic.
1660 5196 1765 5244 xvt,
1801 5181 1887 5235 Π.
1990 5184 2033 5214 ⁸³
2066 5181 2219 5237 Joau.
2252 5200 2256 5236 :

2357 5225 2371 5249 ,
2404 5184 2489 5241 l5.
2565 5187 2609 5217 το
2640 5186 2771 5242 Luc.
2801 5204 2891 5256 xv,
2926 5188 3012 5243 M.

1816 5334 2046 5391 VAlilr'E
2079 5337 2459 5393 LECTIONES
2498 5339 2586 5395 ET
2617 5339 2849 5397 NOTJE.

900 5486 1067 5569 qudd.
1097 5485 1217 5569 vat.
1243 5486 1344 5569 (ξίο
1362 5496 1412 5566 et
1431 5487 1563 5569 ΑΜ,
1584 5489 2029 5569 προσπταίοντες.
2049 5490 2256 5569 l’usstx.

2368 5496 2496 5569 bent
2534 5510 2547 5549 :
2580 5495 2677 5569 τὴν
2707 5496 2927 5566 ἀνδρίαν
2962 5495 3053 5548 τοῦ
3082 5495 3411 5569 πνεύματος.
3453 5498 3606 5554 \‘ers.
3647 5514 3771 5569 pen.
3804 5499 3955 5557 inter

771 5559 883 5635 QQ)
923 5557 1417 5635 lla’fnepistolauin
1468 5559 1621 5610 codd.
1666 5557 1783 5635 γει.
1829 5560 2010 5635 (ΗΟ-οι
2041 5563 2153 5635 All.
2180 5564 2256 5615 iu-

2368 5565 2434 5617 τὰ
2468 5576 2519 5618 et
2558 5557 2777 5635 ῥώσεως
2808 5557 3073 5621 ’ίιιεεγυιιι
3096 5557 3457 5635 τῆςίῐόεέιιι.

700 5627 973 5704 ﬁctibnitur,
1009 5627 1255 5704 Maleum.
1290 5625 1450 5704 lideni
1477 5629 1683 5704 \'et's._i
1743 5639 1861 5704 post
1910 5628 2005 5704 τῂν
2060 5633 2255 5684 addunt

2436 5625 2823 5704 (51)’”Ανο›οἐν
2877 5653 2977 5689 non
3007 5625 3281 5704 comparet
3312 5640 3362 5691 in
3416 5639 3572 5693 codd.
3611 5639 3726 5693 Vat.
3759 5638 3863 5693 649
3893 5650 3955 5695 ct

700 5694 937 5779 ἀνδρίαν,
1060 5694 1280 5779 ,ίόΙΙιηιῃ
1315 5696 1450 5763 quod
1486 5694 1755 5779 sequitur.
1805 5694 1991 5779 αὐτοῦς,
2048 5713 2252 5752 retenta

2363 5694 2467 5761 Alt.
2506 5694 2654 5761 Vcrs.
2690 5706 2718 5758 7
2744 5724 2840 5777 pro
2868 5708 3025 5778 ἐρέας
3056 5694 3173 5762 cuti.
3212 5708 3315 5763 Alt.
3346 5712 3503 5763 habet
3526 5709 3697 5779 ἐρίου.
3732 5694 3951 5767 Possm.

704 5764 889 5819 ultima
922 5764 1145 5833 syllaba,
1176 5777 1447 5834 tutumque
1486 5768 1656 5821 locum
1684 5769 1759 5822 sic
1788 5768 2066 5823 emendate
2098 5771 2250 5824 cxiii-
