4150 6444
719 369 829 435 275

1913 370 1970 428 S.
2007 367 2299 428 ISIDORI
2332 367 2770 429 PELUSIOTJE

3857 364 3972 430 2‘76

728 477 835 548 53
866 478 1208 547 suscepisset.
1250 476 1381 529 lluic
1417 475 1580 547 igitur
1610 488 1796 529 eorum
1833 475 2171 546 ignorantiae,
2207 477 2280 530 vel

2393 474 2610 547 θρωπος
2643 477 2734 528 καὶ
2761 478 2867 529 τῶν
2896 478 3224 548 ἀπορρήτων
3247 477 3560 540 διδάσκαλος
3582 475 3968 546 διορθούμενός

719 569 895 637 petitis
920 568 1191 631 amentiae,
1214 566 1427 621 divinus
1459 567 1539 619 vir
1563 575 1724 636 atque
1753 581 2075 621 arcanarum
2106 581 2283 620 reruni

717 659 907 711 doctor
993 659 1311 712 medicinam
1367 656 1620 724 aﬂ‘erens,
1680 658 1765 711 his
1823 659 2002 713 verbis
2064 658 2278 711 utitur:

724 770 739 795 σ
775 750 886 805 lloe
938 753 1137 805 sentite
1186 752 1236 806 in
1294 752 1462 814 vobis,
1512 752 1651 821 quod
1688 751 1822 807 etin
1859 751 2076 807 Christo
2116 751 2269 814 Jesu,

718 844 828 909 qui,
872 858 994 897 cum
1019 845 1070 898 in
1097 842 1269 899 forma
1313 842 1407 898 Dei
1458 853 1623 909 esset,
1677 858 1784 897 non
1844 845 2081 913 rapinam
2138 844 2282 896 arbi-

720 946 891 989 tratus
922 946 1151 992 estesse
1184 952 1242 993 se
1273 938 1531 1007 mqualem
1570 936 1699 1001 Deo,
1750 936 1842 991 sed
1867 933 2171 989 exinanivit
2194 946 2280 987 se-

719 1027 1021 1094 metipsum,
1073 1028 1298 1084 formam
1338 1029 1478 1083 servi
1515 1027 1785 1095 accipiens
1806 1028 1873 1079 τ’.
1906 1044 1925 1077 ι
1969 1026 2118 1091 Quod
2154 1040 2278 1094 per-

718 1116 840 1170 inde
884 1126 969 1171 est
1013 1133 1077 1173 ac
1116 1118 1157 1173 si
1182 1119 1422 1174 diceret:
1460 1119 1719 1172 Deitatem
1744 1133 1807 1171 ac
1849 1132 2068 1188 regnum
2098 1117 2270 1171 haud-

714 1222 985 1277 quaquam
1018 1225 1112 1278 per
1140 1212 1244 1264 vim
1279 1212 1501 1279 eripuit,
1537 1224 1725 1264 verum
1758 1220 1881 1264 ante
1936 1210 2131 1264 saecula
2196 1210 2279 1263 in-

719 1308 900 1351 natum
931 1299 1136 1355 habuit.
1172 1299 1355 1370 Neque
1399 1301 1528 1357 item
1580 1312 1637 1355 ut
1688 1301 1739 1355 id
1793 1300 1895 1356 sibi
1957 1301 2279 1371 eriperetur,

715 1388 1039 1454 subtimuit,
1104 1406 1286 1447 verum
1340 1407 1462 1447 cum
1518 1402 1573 1447 et
1619 1392 1946 1458 ccelestium,
1999 1401 2055 1447 et
2106 1401 2278 1447 terre-

715 1481 931 1545 striam,
958 1492 1010 1535 et
1057 1482 1387 1539 lnfernorum
1443 1476 1698 1538 Dominus
1743 1492 1889 1538 esset
1915 1484 1981 1549 ",
2029 1498 2127 1538 nec
2177 1497 2271 1537 su-

716 1585 839 1637 pera
883 1573 1120 1643 reliquit,
1170 1585 1220 1630 et
1269 1576 1334 1629 ad
1370 1590 1467 1631 nos
1502 1576 1730 1631 accessit
1774 1593 1788 1629 :
1849 1576 1957 1630 imo
2002 1577 2164 1630 etiam
2210 1573 2275 1627 ad

718 1662 918 1718 inferos
949 1680 1119 1734 usque
1160 1666 1431 1736 profectus
1452 1675 1555 1732 est,
1588 1674 1647 1718 ut
1692 1681 1788 1735 per
1837 1665 2018 1721 omnia
2056 1680 2274 1734 grassa-

2394 585 2524 638 φησι
2547 584 2559 596 ³
2599 589 2615 618 ι
2642 567 2810 621 Τοῦτο
2844 567 3124 638 φρονείσθε
3162 569 3218 621 ὲν
3255 568 3404 637 ὑμῖν,
3441 568 3469 619 6
3503 567 3596 620 καὶ
3644 568 3701 618 ὲν
3746 567 3968 637 Χριστῷ

2408 659 2597 728 'Iqohﬁ,
2630 659 2687 721 ὃς
2725 660 2782 711 ὲν
2820 662 3000 730 μορφῇ
3044 657 3177 711 Θεοῦ
3223 659 3503 728 ὑπάρχων,
3542 659 3638 727 οὐχ
3670 658 3969 728 ἁρπαγμὸν

2392 750 2632 821 ἡγήσατο
2652 750 2711 801 τὸ
2743 745 2881 803 εἶναι
2910 750 2997 801 ἴσα
3021 748 3157 819 Θεῷ,
3190 750 3305 802 ἀλλ’
3337 750 3529 805 ἑαυτὸν
3564 750 3794 801 ὲκένωσε
3828 765 3969 818 μορ-

2395 844 2501 913 φὴν
2534 841 2719 895 δούλου
2751 842 2949 905 λαϐὼν,
2980 863 2996 893 r
3034 842 3332 909 τουτέστιν,
3362 844 3428 913 ἣν
3460 843 3675 911 ἦρπασε
3698 841 3967 911 Θεότητα,

2391 933 2482 985 καὶ
2514 931 2806 1001 βασιλείαν,
2836 932 2951 984 ἀλλ’
2987 932 3226 1001 ἔμφυτον
3270 933 3395 1001 ἔσχε
3434 933 3539 1002 πρὸ
3584 933 3692 983 τῶν
3725 930 3965 994 αἰώνων,

2388 1024 2508 1077 οὐδὲ
2528 1024 2891 1095 ἀφαιρεθῆναι
2918 1026 3210 1089 ὑπέλαὸεν,
3232 1024 3368 1077 ἀλλά
3390 1024 3662 1093 Δεσπότης
3680 1025 3963 1094 ὑπάρχων,

2388 1113 2606 1167 καὶτῶν
2637 1116 2993 1186 ἐπουρανίων,
3014 1115 3107 1169 καὶ
3125 1115 3231 1168 τῶν
3263 1117 3516 1184 ἐπιγείων
3542 1118 3633 1168 καὶ
3665 1118 3770 1167 τῶν
3804 1131 3969 1167 καταο

2387 1205 2630 1276 χθονίων,
2678 1206 2799 1259 οὐδὲ
2830 1207 2895 1261 τὰ
2920 1206 3029 1259 ἄνω
3062 1206 3341 1269 κατέλιπε,
3373 1209 3463 1260 καὶ
3492 1207 3627 1277 πρὸς
3646 1207 3793 1277 ἡμᾶς
3823 1222 3971 1275 παρ-

2389 1298 2629 1365 εγένετο·
2673 1297 2753 1350 ἔτι
2783 1297 2877 1351 καὶ
2903 1298 2979 1367 τῷ
3016 1298 3130 1369 ᾅδει
3165 1298 3548 1367 ἑπιφοιτήσας,
3595 1298 3683 1351 ἵνα
3714 1296 3803 1349 διὰ
3829 1295 3971 1347 πάν·-

2383 1407 2489 1444 των
2513 1392 2820 1461 γενόμενος,
2855 1391 3121 1443 πάντοθεν
3150 1391 3215 1444 τὰ
3240 1391 3416 1445 πάντα
3442 1388 3788 1458 ἀνασώζηται
3812 1406 3827 1420 θ
3865 1388 3967 1440 ἐπὶ

2381 1482 2485 1551 γῆς
2527 1481 2645 1552 μὲν,
2676 1484 2801 1544 τοὺς
2836 1483 3042 1546 ζῶντας
3067 1484 3163 1535 καὶ
3186 1482 3518 1552 ζησομένους
3544 1480 3965 1550 ἀνανεούμενος·

2383 1571 2488 1625 ὑπὸ
2509 1574 2609 1641 γῆν
2635 1571 2689 1624 δὲ
2727 1574 2852 1634 τοὺς
2892 1574 3298 1644 κρατουμένους
3330 1572 3427 1639 τῆς
3456 1572 3550 1626 τοῦ
3584 1572 3815 1624 θανάτου
3864 1588 3959 1623 τυ-

2384 1664 2627 1734 ραννίδος
2658 1665 3078 1735 ἀφαιρούμενος.

716 1764 823 1820 lus,
853 1758 1087 1827 undique
1116 1761 1295 1813 omnia
1331 1759 1383 1812 in
1416 1760 1643 1814 salutem
1687 1768 2000 1813 assereret:
2048 1760 2100 1813 in
2171 1766 2313 1811 terra
2390 1756 2643 1811 nimirum
2668 1772 2784 1835 eos,
2836 1758 2926 1825 qui
2988 1757 3194 1819 vivunt,
3236 1771 3300 1811 ac
3352 1754 3546 1810 victuri
3604 1764 3747 1817 sunt,
3798 1746 3968 1807 reno-

716 1860 848 1903 vans
875 1868 891 1905 :
924 1851 1057 1905 infra
1085 1860 1282 1906 terram
1321 1859 1519 1917 autem,
1554 1866 1666 1915 eos,
1696 1851 1786 1920 qui
1826 1850 1937 1905 illic
1969 1848 2290 1905 tenebantur
2322 1850 2388 1912 τ’,
2419 1867 2443 1901 a
2479 1850 2668 1905 mortis
2700 1849 2987 1919 tyrannide
3019 1848 3361 1901 abstrahens.

1223 1963 1375 2018 CXL.
1406 1994 1473 2003 —
1504 1962 1779 2019 ΖΟΖΙΜΟ.

784 2051 866 2106 Ad
890 2049 1159 2105 Zosimttnt
1190 2068 1382 2117 senem,
1409 2063 1455 2105 et
1500 2053 1551 2104 iu
1594 2052 1747 2105 malis
1776 2061 2209 2120 perseverantem.

793 2226 1025 2285 Humilis
1069 2237 1122 2283 et
1169 2228 1372 2298 abiecte
1401 2229 1635 2293 Zosime,
1678 2229 1813 2282 liora
1856 2239 2096 2284 extrema
2149 2236 2231 2282 est
2268 2247 2279 2281 :

714 2319 841 2389 quid
870 2320 1015 2374 ut.in
1060 2320 1180 2374 vita:
1220 2322 1525 2387 primordiis
1563 2320 1770 2390 ignavia
1822 2320 2037 2388 torpes?
2096 2317 2283 2374 Messis

717 2410 813 2467 tibi
838 2410 1074 2475 advenit,
1099 2410 1218 2463 alba
1246 2418 1327 2464 est
1362 2410 1509 2480 regio
1548 2413 1612 2463 ad
1638 2410 1967 2464 excisionem
1992 2409 2037 2440 ⁷⁸
2070 2428 2084 2463 :
2119 2411 2268 2479 quid,

717 2511 973 2573 tanquam
1013 2502 1188 2555 adhuc
1249 2501 1300 2555 in
1347 2510 1586 2555 semente
1633 2503 1730 2565 sis,
1776 2502 1981 2555 incuria
2032 2501 2285 2555 laboras?

718 2592 919 2658 Capitis
954 2592 1024 2645 tui
1054 2589 1143 2657 pili
1172 2592 1330 2643 tinem
1354 2600 1499 2643 tuum
1533 2602 1581 2643 te
1604 2594 1853 2645 doceant.
1878 2590 2014 2654 Quid
2034 2600 2116 2642 est
2141 2589 2278 2657 quod

717 2680 1030 2737 diuturnum
1051 2687 1263 2749 tempus
1296 2688 1344 2734 te
1381 2678 1537 2733 tinem
1558 2689 1703 2733 tuum
1731 2677 2036 2749 perspicere
2060 2681 2279 2732 minimc

719 2774 939 2827 docuit?
966 2771 1137 2827 Judex
1170 2786 1294 2826 cum
1332 2780 1540 2824 terrore
1570 2772 1809 2834 accedit;
1864 2770 1992 2839 quid
2023 2778 2077 2823 tu
2109 2784 2275 2838 opera

722 2873 807 2915 tua
838 2861 904 2915 ad
938 2860 1305 2917 collectionem
1342 2874 1444 2913 non
1478 2859 1788 2929 praeparas?
1823 2858 2069 2927 Crapulae
2104 2860 2280 2913 indul-

720 2966 846 3020 gere
872 2951 1059 3005 desine
1083 2968 1101 3005 :
1129 2950 1417 3020 aliquando
1460 2950 1647 3004 saltem
1685 2950 1963 3020 resipisee.
2011 2948 2091 3005 Ne
2143 2950 2281 3003 divi-

720 3061 845 3098 nam
892 3044 1165 3099 lenitatem
1218 3043 1448 3097 ludibrio
1494 3042 1695 3097 habeas
1726 3081 1741 3107 ,
1794 3058 1915 3095 cum
1980 3042 2284 3096 temulentis

720 3136 889 3189 edens
920 3148 984 3189 ac
1015 3133 1222 3189 bibens.
1251 3131 1392 3186 Deus
1428 3132 1613 3188 venire
1641 3146 1746 3186 non
1789 3142 2053 3197 moratur,
2087 3142 2145 3186 ut
2167 3135 2282 3187 exi-

722 3226 953 3278 stimas:
986 3238 1173 3279 verum
1211 3233 1321 3278 tum
1349 3223 1589 3289 accedet,
1639 3238 1761 3279 cum
1823 3232 1879 3280 tu
1918 3224 2276 3294 ignorabis".

2909 1940 3041 1993 PM'.
3078 1970 3145 1979 -
3169 1940 3437 2009 ΖΩΣΙΜῼ.

2390 2052 2542 2118 Πριής
2568 2050 2841 2120 Ζὼσιμον
2876 2050 3262 2119 γεγηρακότα,
3294 2048 3390 2104 καί
3436 2048 3556 2114 τοῖς
3599 2046 3803 2112 κακοῖς
3831 2047 3965 2100 ἐπι-

3031 2119 3310 2188 μένοντα.

2456 2233 2689 2285 Ταπεινὲ
2729 2233 2965 2301 Ζὼσιμε,
3002 2232 3205 2301 ἐσχάτη
3260 2230 3376 2302 ὥρα
3425 2233 3559 2287 ἐστί.
3590 2234 3652 2286 Τί
3684 2234 3758 2295 ὡς
3786 2233 3966 2303 ἀρχὰς

2386 2324 2524 2393 ἔχων
2558 2323 2649 2377 τοῦ
2679 2324 2777 2394 ζῇν
2811 2325 3105 2394 ρᾳθυμεῖς;
3144 2326 3203 2375 Ὀ
3228 2324 3485 2394 θερισμός
3511 2340 3592 2375 σοι
3624 2326 3961 2395 παρέστηκε·

2386 2416 2551 2486 λευκή
2585 2417 2730 2467 ἐστιν
2786 2416 2819 2483 ἡ
2860 2414 3012 2485 χώρα
3052 2415 3187 2484 πρὸς
3225 2416 3416 2484 τομήν.
3476 2415 3540 2466 Τί
3590 2415 3663 2478 ὡς
3703 2415 3811 2484 πρὸ
3861 2416 3961 2468 τοῦ

2389 2510 2607 2577 σπεῖραι
2647 2507 2781 2579 (55),
2807 2506 3065 2575 ἀμελεῖς;
3102 2506 3169 2558 Al
3204 2506 3387 2577 τρίχες
3419 2523 3476 2558 σε
3521 2507 3580 2558 τὸ
3621 2506 3771 2570 τέλος
3808 2508 3962 2561 6L6:-

2390 2599 2665 2651 σκὲτωσαν
2691 2615 2703 2628 υ
2734 2598 2797 2649 Τί
2828 2599 2855 2650 6
2889 2598 3099 2667 μακρός
3132 2614 3190 2648 σε
3223 2597 3411 2667 χρόνος
3436 2596 3496 2649 τὸ
3533 2597 3702 2668 πέρας
3731 2599 3965 2668 συνορᾷν

2385 2690 2484 2742 οὐκ
2515 2688 2869 2754 ἐπαίδευσεν;
2911 2688 2967 2739 '0
3000 2686 3191 2757 κριτὴς
3215 2686 3451 2757 ἔμφοεος
3482 2688 3872 2759 παραγίνεται’
3903 2688 3960 2744 τί

2385 2780 2482 2847 οὐχ
2535 2778 2845 2847 ἑτοιμάζεις
2902 2778 2971 2828 τὰ
3018 2776 3154 2847 ἔργα
3205 2792 3297 2827 σου
3342 2776 3476 2846 πρὸς
3524 2776 3622 2847 τὴν
3664 2775 3962 2839 σύστασινς

2386 2867 2597 2919 Παῦσαι
2646 2866 2963 2937 κραιπαλῶν
2987 2885 3000 2899 ο
3040 2866 3209 2935 νῆψον
3245 2864 3345 2918 κᾶν
3396 2864 3526 2933 ὀψέ·
3574 2863 3648 2934 μὴ
3680 2862 3964 2930 καταγέλα

2385 2956 2482 3024 τῆς
2516 2956 2663 3019 θείας
2695 2957 3097 3027 μακροθυμίας,
3126 2955 3321 3008 ἐσθίων
3354 2956 3447 3009 καὶ
3488 2955 3655 3007 πίνων
3690 2954 3825 3024 μετά
3850 2953 3967 3006 τῶν

2392 3046 2715 3114 μεθυόντων.
2752 3047 2825 3099 υύ
2860 3046 3098 3117 χρονίζει
3120 3046 3291 3098 ἐλθεῖν
3326 3047 3354 3097 6
3381 3045 3585 3115 Κύριός
3617 3062 3733 3108 σου,
3766 3044 3839 3107 ὡς
3870 3061 3963 3098 νο-

2392 3136 2567 3205 μίζεις
2592 3154 2605 3167 ο
2631 3137 2766 3190 ἀλλὰ
2789 3139 2909 3190 τότε
2940 3136 3321 3206 παραγίνεται,
3340 3136 3427 3189 ὅτε
3465 3136 3527 3187 σὺ
3558 3136 3618 3188 οὐ
3648 3133 3965 3203 γινώσκεις.

2388 3229 2497 3281 Καὶ
2528 3230 2629 3298 χρή
2668 3245 2724 3281 σε
2757 3228 2942 3282 λοιπὸν
2982 3227 3284 3298 ἀνανῆψαι,
3329 3226 3433 3282 κᾶν
3479 3228 3671 3297 ἐκείνῳ
3706 3226 3782 3297 τῷ
3809 3224 3969 3296 φόϐῳ

719 3313 798 3367 Ae
846 3313 1102 3383 deinceps
1153 3312 1262 3381 jam
1313 3321 1365 3367 te
1414 3328 1480 3367 ex
1514 3315 1614 3366 hac
1659 3313 1970 3367 temulentia
2004 3328 2280 3385 emergere

2389 3338 2503 3389 σωφ
2513 3323 2844 3391 ρονισθέντα.

733 3414 973 3476 oportet,
993 3406 1180 3461 saltem
1210 3413 1351 3458 metu
1384 3402 1682 3459 coercitum
1718 3412 1772 3457 et
1802 3404 2142 3473 castigatum.

1141 3515 1321 3571 CXLI.
1337 3545 1408 3556 —
1436 3512 1766 3569 ADAMAN'I'
1773 3515 1861 3568 10.

999 3608 1082 3663 Ad
1107 3606 1345 3672 Iudaeos,
1375 3607 1439 3660 de
1452 3607 1631 3661 divina
1646 3607 1998 3675 conceptione.

796 3721 893 3776 Dic
923 3720 991 3775 ad
1016 3719 1279 3786 Judaeum,
1305 3720 1396 3789 qui
1422 3720 1493 3781 de,
1512 3720 1689 3773 divina
1717 3720 2087 3775 incarnatione
2110 3730 2282 3775 tecum

696 3815 1016 3869 altercatus
1054 3822 1155 3878 est,
1191 3823 1459 3884 negatque
1490 3813 1603 3866 ﬁeri
1664 3827 1820 3883 posse
1850 3824 1910 3867 ut
1960 3821 2152 3868 natura
2187 3813 2285 3867 hu-

722 3921 882 3959 mana
920 3905 1057 3959 citra
1084 3905 1425 3975 complexum
1445 3919 1733 3959 venereum
1771 3918 1836 3958 ac
1863 3918 2045 3958 semen
2080 3906 2282 3973 pariat:

722 3996 862 4049 haud
892 4009 1087 4049 novum
1123 4008 1184 4049 ac
1214 3997 1407 4050 mirum
1447 3995 1618 4049 videri
1659 3995 1838 4059 debet,
1873 3994 1919 4048 si
1959 4010 2081 4048 cum
2110 3997 2286 4050 enmi-

722 4085 820 4139 hus
841 4084 973 4155 legis
1007 4086 1277 4154 mysteriis
1301 4100 1363 4139 ac
1396 4084 1735 4155 dogmatibus
1768 4086 1867 4139 hoc
1891 4100 2104 4154 quoque
2131 4086 2282 4153 igno-

725 4190 831 4228 ras.
862 4174 994 4229 Nam
1026 4176 1117 4244 qui
1147 4174 1375 4246 ipsamet
1400 4175 1533 4245 legis
1556 4175 1834 4242 praeludia,
1863 4191 1981 4245 qua
2004 4178 2281 4245 perspicua

722 4275 776 4317 et
807 4274 988 4334 aperta
1018 4276 1167 4329 sunt,
1192 4266 1411 4320 minime
1434 4281 1759 4335 cognoscere
1779 4269 2021 4335 potuisti,
2046 4283 2280 4337 quonam

727 4367 886 4426 pacto
965 4358 1018 4411 in
1091 4357 1327 4411 abditum
1403 4358 1571 4427 ipsius
1637 4358 1912 4425 penetrale
1972 4360 2285 4430 pI'OSpiccre

724 4449 924 4516 queas?
956 4446 1226 4518 Scriptum
1255 4456 1338 4503 est
1387 4448 1571 4502 enim:
1607 4465 1625 4498 ι
1676 4447 1903 4502 Immisit
1949 4450 2089 4504 Deus
2126 4466 2284 4519 sopo-

725 4555 837 4593 rem
872 4541 928 4594 in
956 4540 1127 4595 Adam
1160 4559 1175 4595 :
1212 4556 1443 4607 cumque
1490 4541 1886 4605 obdormisset,
1952 4542 2069 4597 tulit
2119 4559 2280 4598 unam

723 4630 791 4680 de
832 4630 995 4683 costis
1022 4629 1159 4694 ejus,
1195 4638 1248 4682 et
1282 4628 1506 4697 replevit
1538 4643 1756 4684 carnem
1802 4645 1899 4699 pro
1932 4646 2016 4687 ea.
2053 4631 2115 4685 Et
2146 4633 2276 4688 tedi-

730 4718 913 4772 ﬁcavit
965 4718 1223 4773 Dominus
1282 4720 1420 4774 Deus
1476 4728 1682 4774 costam
1740 4736 1901 4791 quam
1964 4723 2160 4777 tulerat
2212 4725 2278 4781 de

720 4808 891 4861 Adam
916 4806 985 4873 ⁸⁸,
1018 4826 1036 4859 ι
1071 4822 1192 4879 cum
1224 4808 1371 4876 prius
1401 4808 1572 4876 ipsum
1593 4808 1761 4862 Adam
1787 4824 1815 4862 e
1840 4817 1982 4863 terra
2014 4820 2276 4866 creasset.

723 4896 801 4950 En
837 4899 1000 4967 igitur
1021 4898 1102 4951 vir
1143 4911 1172 4949 e
1230 4908 1394 4962 terra,
1426 4908 1480 4953 et
1531 4899 1723 4954 mulier
1754 4916 1819 4955 ex
1856 4901 1969 4955 viro
2001 4918 2015 4954 :
2046 4912 2098 4955 et
2128 4911 2278 4956 uter-

721 5002 825 5053 que
871 4987 987 5042 sine
1031 4989 1335 5042 concubitu.
1383 4988 1645 5054 Quoniam
1706 4990 1870 5059 igitur
1919 4977 2031 5061 M
2087 4992 2281 5046 mulier

2808 3519 2988 3573 mw.
3018 3548 3085 3557 —
3109 3517 3531 3586 ΑΔΑΜΑΝΤΙῼ.

2417 3612 2576 3681 Πρὸς
2614 3611 2979 3697 Ἰουδαίους·
3016 3610 3150 3679 περὶ
3190 3610 3298 3677 τῆς
3329 3610 3491 3673 θείας
3529 3608 3949 3676 συλλήψεωςυ

2456 3726 2591 3779 Εἰπὲ
2612 3725 2689 3796 τῷ
2725 3724 2965 3795 Ἰουδαίῳ
2988 3724 3065 3794 τῷ
3103 3723 3238 3794 πρὸς
3270 3724 3329 3775 σὲ
3354 3722 3678 3793 διενεχθέντι
3710 3724 3833 3793 περ).
3859 3722 3969 3791 τῆς

2386 3817 2535 3879 θείας
2585 3816 2953 3887 σαρκώσεως,
3002 3818 3097 3869 καὶ
3145 3816 3378 3883 λέγοντι,
3420 3816 3501 3867 ὃτι
3535 3815 3791 3867 ἀδύνατόν
3839 3815 3965 3867 ἐστι

2388 3905 2547 3975 φύσει
2577 3905 2895 3975 ἀνθρωπεία
2930 3906 3052 3974 δίχα
3076 3904 3361 3966 συνουσίας
3396 3905 3491 3955 καὶ
3524 3903 3835 3972 σπέρματος
3870 3919 3961 3954 τες

2387 3998 2536 4050 κεῖν’
2585 3998 2666 4049 ὅτι
2695 3997 2844 4049 οὐδὲν
2892 3996 3063 4062 ξένον,
3096 3998 3142 4048 εἰ
3193 3996 3284 4047 καὶ
3332 3994 3490 4047 τοῦτο
3524 3994 3755 4061 ἀγνοεῖς,
3817 3993 3965 4063 μετά

2386 4086 2539 4159 [τῶν]
2597 4088 2705 4159 (56)
2758 4088 2977 4141 πάντων
3027 4087 3135 4139 τῶν
3178 4086 3271 4139 τοῦ
3304 4086 3466 4156 νόμου
3507 4086 3819 4155 μυστηρίων
3864 4087 3963 4139 καὶ

2382 4181 2685 4249 δογμάτων.
2755 4180 2813 4233 '0
2849 4178 2958 4248 γὰρ
3009 4177 3207 4241 εὐθέως
3246 4178 3314 4230 τὰ
3357 4178 3616 4248 προοίμια
3665 4178 3757 4228 τοῦ
3787 4178 3959 4246 νόμου

2384 4270 2719 4339 καταμαθεῖν
2744 4271 2818 4340 μὴ
2837 4268 3105 4339 δυνηθεὶς,
3134 4268 3361 4337 ὲπίδηλα
3383 4268 3511 4320 ὅντα
3535 4268 3626 4321 καὶ
3644 4266 3812 4335 σαφῆ.
3836 4266 3964 4329 πῶς

2383 4360 2607 4411 δύνασαι
2640 4360 2718 4421 είς
2746 4360 2836 4411 τὸν
2862 4360 3179 4428 ἀπόκρυφον
3210 4356 3375 4411 αὑτοῦ
3406 4358 3610 4417 διιδεῖν,
3638 4358 3668 4426 ἢ
3695 4355 3960 4425 διακόψαι

2387 4447 2572 4517 βυθόνς
2593 4448 2901 4518 Γέγραπται
2915 4448 3041 4517 γὰρ,
3056 4449 3137 4499 ὅτι
3158 4467 3173 4498 ι
3199 4447 3491 4500 Ἐπέϐαλεν
3508 4449 3534 4500 ὁ
3550 4448 3680 4511 Θεὸς
3698 4448 3960 4501 ἔκστασιν

2384 4539 2475 4591 ἐπὶ
2506 4539 2596 4592 τὸν
2658 4539 2825 4610 ’Δδὰμ
2850 4580 2867 4606 ,
2902 4539 2994 4592 καὶ
3046 4538 3288 4602 ὕπνωσε,
3350 4542 3443 4592 καὶ
3471 4540 3627 4593 ἔλαϐε
3684 4540 3812 4607 μίαν
3843 4537 3962 4593 τῶν

2385 4630 2631 4699 πλευρῶν
2661 4630 2845 4696 αὐτοῦ,
2878 4631 2971 4683 καὶ
2994 4630 3343 4701 ἀνεπλήρωσε
3377 4631 3557 4701 σάρκα
3586 4632 3698 4684 ἀντ’
3739 4632 3909 4702 αὐτῆς
3937 4646 3953 4662 ·

2385 4721 2477 4774 καὶ
2510 4720 2822 4791 ᾠκοδόμησε
2856 4722 2953 4792 τὴν
2984 4720 3222 4792 πλευρὰν
3246 4722 3311 4791 ἣν
3328 4722 3519 4775 ἐλαὸεν
3542 4724 3650 4775 ἀπὸ
3671 4721 3763 4774 τοῦ
3783 4721 3963 4792 Ἀδὰμ.

2386 4813 2464 4873 εἰς
2482 4814 2733 4878 γυναῖκα,
2747 4831 2764 4862 ι
2787 4812 3050 4883 πρότερον
3069 4814 3253 4876 κτίσας
3271 4815 3377 4867 ἀπὸ
3396 4814 3485 4867 τοῦ
3511 4815 3632 4885 χοὸς
3647 4814 3740 4867 τὸν
3756 4812 3957 4884 Ἀδάμ.

2398 4902 2528 4956 Ἰδοὺ
2558 4900 2649 4956 οὖν
2680 4906 2707 4956 6
2740 4905 2879 4975 ἀνὴρ
2913 4907 2976 4957 ἐκ
3009 4907 3107 4974 τῆς
3150 4908 3251 4975 γῆς
3283 4907 3377 4959 καὶ
3406 4908 3438 4975 ἡ
3467 4908 3601 4977 γυνὴ
3636 4908 3699 4959 ἐκ
3737 4906 3830 4959 τοῦ
3862 4906 3965 4959 ἀν·

2383 4994 2527 5063 δρὸς,
2557 4996 2647 5047 καὶ
2675 4997 2972 5067 ἀμφότεροι
3001 5000 3098 5067 τῆς
3126 5000 3407 5061 συνουσίας
3448 4999 3638 5068 χωρίς.
3683 4998 3835 5051 Ἐπεὶ
3861 4994 3963 5056 οὖν

793 5125 837 5204 Ἰ
867 5122 1182 5204 Philippa",
1216 5124 1331 5180 5-7.
1408 5127 1453 5159 ⁷⁸
1486 5126 1619 5184 Ibid.
1660 5128 1746 5183 l0.
1824 5130 1868 5161 "
1893 5130 1908 5185 l
1937 5128 2081 5187 Petr.
2132 5147 2213 5199 tu,
2238 5133 2280 5185 il

2392 5132 2438 5165 ’⁸
2468 5132 2619 5189 Joan.
2654 5151 2726 5200 tv,
2750 5136 2838 5191 36.
2916 5138 2960 5167 "
2997 5135 3037 5189 ll
3068 5136 3208 5191 Peir.
3231 5153 3310 5201 tn,
3345 5139 3436 5204 ill;
3460 5137 3646 5193 Matth.
3687 5152 3831 5199 μιν,
3861 5134 3957 5188 42.

727 5194 770 5225 ⁸⁸
799 5193 991 5251 Cenes.
1021 5193 1082 5260 ti,
1110 5194 1202 5251 2i.

1807 5317 2038 5375 VARUE
2075 5320 2459 5380 LECTIONES
2502 5322 2588 5378 ET
2636 5322 2870 5390 ΝΟΤᾹΞ,

792 5466 1084 5591 (ἆκῖεὒοᾶ.
1116 5466 1297 5547 τδῐοη.
1329 5469 1474 5536 legit,
1511 5470 1585 5535 ὡς
1612 5471 1748 5542 πρὸς
1792 5472 1851 5525 τὸ
1899 5475 2136 5544 σπεῖραι,
2183 5480 2276 5533 sed

795 5540 863 5589 ita
941 5539 1049 5591 etio
1084 5538 1289 5591 Videtur
1330 5539 1533 5591 melior.
1568 5544 1641 5591 uti
1678 5553 1730 5591 et
1756 5558 1893 5591 vers-
1929 5543 1964 5591 ‘2
1989 5548 2273 5591 nl'mfPron.

725 5538 863 5610 e-lita
890 5538 1049 5591 lectio
1084 5538 1533 5610 videtur_me|ior,
1568 5538 1730 5595 uti'et
1756 5558 1893 5597 vers.
1929 5543 1964 5595 2
1989 5538 2273 5610 pi'aaieren-

725 5609 847 5659 dum
877 5617 960 5683 est
988 5608 1126 5683 quod
1160 5607 1231 5659 inv
1256 5607 1415 5683 editis
1461 5610 1676 5683 legitur
1708 5612 1972 5683 ῥᾳθυμεῖς
1991 5607 2002 5610 '
2030 5614 2103 5667 illi
2131 5618 2273 5683 quod

724 5676 974 5750 suggerit_
999 5678 1133 5730 idem
1171 5678 1303 5750 Acod.
1341 5676 1823 5750 βΐυτιξραθύμως.
1856 5676 2121 5735 δίιιιίἰὶιιε
2150 5676 2274 5741 vero

725 5754 806 5797 est
835 5744 975 5812 quod
1003 5759 1139 5799 vers.
1164 5745 1195 5799 θ
1224 5761 1315 5814 pro
1340 5744 1569 5816 ιμφοσοξ
1591 5744 1730 5804 L‘od.
1756 5749 1874 5804 Vat.
1903 5750 2004 5805 669
2030 5765 2078 5806 et
2102 5755 2269 5809 Siurt.

2386 5478 2581 5531 habent
2605 5480 2878 5548 ὲμφόδως.
2908 5479 3112 5534 Possm.

2455 5550 2565 5619 (56)
2611 5550 3048 5624 θεία-τῶιιηυρει
3086 5551 3253 5624 μετᾶι,⁵
3282 5567 3400 5605 nam
3437 5554 3583 5624 illud
3626 5568 3727 5608 non
3782 5570 3960 5624 agno-

2380 5629 2547 5693 scunt
2566 5622 2724 5673 codd.
2744 5620 2863 5671 Vat.
2887 5620 2988 5673 649
3006 5622 3187 5693 οιΑΑιι.
3218 5620 3371 5693 Vers.
3394 5623 3455 5676 l9
3476 5635 3527 5676 et
3550 5624 3620 5678 ‘20
3643 5639 3738 5691 pro
3758 5620 3956 5693 ὥσπερ

2380 5687 2491 5761 lege
2524 5691 2681 5761 ὅπερ,
2722 5697 2773 5741 et
2804 5700 2921 5761 post
2952 5690 3214 5760 γεγένητο
3253 5692 3386 5747 adde
3418 5694 3572 5747 τοῦτο
3607 5687 3716 5761 καὶ,
3768 5687 3959 5750 aucto-

2380 5759 2523 5812 ribus
2569 5760 2775 5812 iisdem.
2814 5758 3017 5813 Possm.
