4150 6454
193 363 292 430 ιιι

1097 360 1635 424 EPISTOLARUM
1683 357 1830 417 LIB.
1886 356 1932 414 I.
1978 379 2046 387 --
2087 351 2328 412 EPIST.
2379 348 2646 410 CXLIII.

3368 327 3478 395 278

189 475 488 549 ίιώφοιλιν
524 475 559 546 ἡ
592 474 736 547 γυνὴ
765 473 927 548 χριος
959 474 1037 546 τῷ
1072 476 1250 547 ἀνδρὶ,
1286 476 1350 527 ὲκ
1388 472 1486 543 τῆς
1521 469 1776 538 ’πλευρᾶς

1886 465 2026 520 velut
2055 465 2238 519 debito
2265 463 2496 529 quodam
2536 458 2760 513 astricta
2796 462 2911 514 erat
2940 451 3081 515 viro,
3143 456 3200 500 ut
3248 459 3371 514 quae
3403 458 3471 497 ex

195 568 352 626 αὐτοῦ
377 566 504 639 δίχα
533 568 748 644 σπορᾶς
771 567 1082 632 ὑποστᾶσα,
1109 566 1269 619 τοῦτο
1290 565 1517 618 ἀπέτισε
1552 564 1645 616 καὶ
1675 562 1776 631 μή·

193 677 295 729 τηρ
319 657 413 713 τοῦ
459 659 673 731 Κυρίου
700 700 715 721 ,
760 659 928 712 αὐτὸν
963 658 1084 729 δίχα
1131 657 1448 728 σπέρματος
1497 653 1776 709 ἀποδοῦσα

184 751 631 823 σεσαρκωμένον.
675 751 795 804 Οὐκ
842 751 990 803 ἐστιν
1029 743 1122 801 οὗν
1165 753 1230 820 τῇ
1272 749 1431 818 φύσει
1474 747 1735 801 ἀδύνατον
1761 760 1776 776 ο

193 841 513 912 ἁ·.λ’ὦσπερ
562 843 656 895 ἐπὶ
699 842 810 895 τῶν
852 841 1293 912 πρωτοπλὰστων
1335 841 1434 910 ήδη
1489 839 1774 906 γεγένητο,

195 935 283 985 ἐπὶ
315 933 413 1000 τῆς
443 933 785 1004 Δεσποτικῆς
808 932 1121 1000 οἰκονομίας
1159 931 1441 984 τετέλεστο
1462 947 1474 960 ·
1512 932 1560 982 εὶ
1587 927 1681 982 καὶ
1708 929 1776 981 τὰ

194 1021 470 1092 παράδοξα
492 1023 572 1094 τῷ
597 1023 740 1091 τόκῳ
771 1021 942 1091 τούτῳ
963 1021 1224 1089 ὠφείλετο
1245 1037 1257 1050 ’
1287 1019 1630 1088 ἀναγίνωσκε
1658 1013 1774 1084 οὖν,

194 1115 276 1166 ἶνα
297 1113 596 1188 γινώσκῃς.
624 1116 688 1168 Εἰ
719 1115 776 1168 δὲ
805 1114 1094 1184 γινώσκειν
1132 1115 1192 1167 οὐ
1230 1113 1441 1184 βούλει,
1472 1111 1547 1182 μὴ
1582 1111 1776 1178 ἀναγί-

193 1221 366 1258 νωσκε
388 1246 402 1270 ,
429 1207 518 1261 ινα
656 1205 1067 1277 καταγινώσκῃ,
1099 1205 1174 1268 ὡς
1199 1203 1408 1272 ἀγνοῶν
1443 1203 1476 1256 ὃ.
1503 1201 1777 1271 ἀναγινώ-

192 1312 362 1360 σκεις.

385 1497 565 1551 PMB’.
597 1527 668 1538 —
697 1497 927 1550 ΕΙΡΩΝΙ
961 1496 1071 1565 (57)
1101 1495 1565 1565 ΣΧΟΛΑΣΤΙΚῼ.

193 1589 330 1658 Περὶ
362 1588 584 1643 δούλου
621 1588 992 1654 πταίσαντος
1021 1589 1122 1642 ἵνα
1155 1588 1313 1656 λάϐῃ
1352 1585 1772 1656 συγχώρησιν.

259 1700 547 1755 Κατέλαϐέ
593 1719 676 1765 τις
716 1701 812 1771 τὴν
849 1701 1142 1772 ἐσχατιὰν,
1181 1702 1246 1771 ἢν
1274 1701 1555 1772 οἰκοῦμεν,
1583 1700 1779 1753 νεώτε-

1882 559 2054 628 ipsius
2105 565 2254 609 costa
2288 554 2426 608 citra
2460 550 2814 606 concubitum
2879 541 3213 602 exstitisset,
3263 537 3476 591 Domini

1882 659 2056 706 mater
2103 648 2232 701 illud
2282 645 2570 715 persolvit,
2626 657 2749 696 eum
2791 636 3054 691 videlicet
3111 631 3319 700 absque
3371 628 3477 681 ulla

1880 740 2105 796 seminis
2137 737 2455 807 profusione
2487 735 2837 789 inearnatum
2876 727 3132 812 reddens.
3160 722 3342 788 Quare
3374 719 3476 772 hoc

1883 844 2089 885 initura:
2129 829 2352 883 minime
2386 827 2723 897 impossibile
2756 833 2840 877 est
2874 838 2886 875 :
2922 832 3108 873 verum
3138 818 3288 884 quod
3329 814 3479 882 prius

1881 925 1933 978 in
1972 923 2162 992 primis
2188 923 2300 988 jam
2335 919 2660 990 parentibus
2694 918 3030 984 contigerat,
3065 912 3171 964 hoc
3199 908 3253 961 in
3291 906 3483 958 Domi-

1882 1017 1999 1068 nica
2035 1028 2251 1084 quoque
2287 1012 2661 1067 incarnatione
2731 1005 3042 1061 conlectum
3092 1010 3215 1056 est:
3262 999 3486 1051 etiamsi

1881 1104 2081 1176 alioqui
2119 1120 2257 1158 nova
2283 1114 2339 1159 et
2363 1101 2689 1157 admiranda
2730 1099 2857 1154 huic
2891 1094 3074 1166 partui
3111 1092 3478 1148 debebantur.

1881 1199 2024 1268 Lege
2059 1199 2241 1267 igitur,
2279 1204 2336 1249 ut
2387 1195 2679 1264 intelligas.
2740 1193 2836 1245 Sin
2894 1198 3079 1244 autem
3145 1184 3468 1253 intelligere

1881 1303 1989 1342 nou
2035 1288 2133 1351 vis,
2169 1300 2237 1340 ne
2279 1284 2497 1354 quidem
2555 1284 2691 1354 lege,
2756 1297 2822 1336 ne
2874 1275 3284 1340 condemneris,
3338 1272 3486 1328 velut

1883 1365 2141 1448 ignorans
2170 1394 2291 1449 quae
2314 1377 2468 1449 legis.

2155 1491 2360 1549 CXLII.
2386 1522 2456 1531 -—
2477 1488 2668 1546 IRONI
2699 1483 3202 1543 SCIIOLASTICO.

2136 1585 2212 1639 be
2252 1602 2398 1639 servo
2426 1584 2598 1654 lapso,
2628 1591 2686 1636 ut
2727 1583 2930 1636 veniam
2959 1580 3211 1646 accipiat.

1953 1704 2030 1756 Ad
2083 1701 2431 1756 solitudinem
2484 1700 2643 1763 hanc,
2685 1712 2847 1766 quam
2899 1693 3214 1754 incolimus,
3265 1687 3487 1759 juvenis

192 1811 311 1865 ρος,
339 1794 433 1846 καὶ
454 1792 690 1864 ἐντυχὼν
714 1792 792 1863 τῷ
814 1793 912 1863 τὴν
938 1793 1104 1864 θύραν
1126 1793 1476 1861 φυλάσσοντι,
1511 1793 1649 1863 πρὸς
1674 1793 1774 1862 ἐμὲ

1886 1793 2104 1862 quidam
2137 1787 2965 1858 venit,nactusquejanitorem,
2999 1793 3059 1838 ut
3115 1783 3218 1839 sibi
3271 1782 3337 1834 ad
3397 1795 3486 1833 me

193 1884 448 1951 γενέσθαι
495 1884 746 1954 ἠξίωσεν.
805 1884 894 1948 Ὠς
930 1885 986 1937 δὲ
1035 1884 1228 1954 ἑτοίμη
1281 1885 1314 1954 ὴ
1373 1883 1618 1956 ἡμετέρα
1653 1898 1779 1936 συν-

193 1977 357 2046 ήθεια
383 1976 590 2039 πάντας
611 1975 750 2028 οἴκοι
781 1975 1124 2045 προσίεσθαι,
1157 1976 1250 2027 καὶ
1289 1974 1468 2041 δεξιᾶς
1500 1974 1781 2044 μεταδιδό-

193 2087 279 2122 ναι
308 2068 527 2136 ὁμιλίας
559 2070 652 2121 καὶ
673 2070 1056 2133 ἀναπαύσεως,
1083 2066 1400 2138 εἰσεκλήθη,
1431 2069 1524 2120 καὶ⁸
1564 2066 1780 2138 πρηνὴς

196 2160 502 2223 σπουδαίως
549 2161 635 2214 ἐπ’
666 2161 896 2230 ἐδάφους
946 2163 1200 2230 ἐγένετο,
1254 2160 1411 2215 οὐδὲν
1457 2159 1630 2214 είπὼν
1673 2159 1782 2230 πρὸ

194 2251 348 2326 [τοῦ]
398 2253 628 2306 κλαῦσαι
675 2253 847 2306 πολλά
867 2270 879 2283 ο
921 2253 1106 2324 ἐπειδὴ
1140 2253 1196 2305 δὲ
1227 2253 1338 2321 ἐγὼ
1367 2254 1462 2306 καὶ
1490 2254 1634 2324 χειρὶ
1656 2254 1784 2306 άντ-

195 2343 504 2414 ελασόμην,
554 2343 645 2396 καὶ
685 2341 1059 2412 συμϐαλέσθαι
1099 2343 1168 2396 τὰ
1198 2344 1255 2394 ἐν
1290 2341 1784 2413 δυνάμειὺπεσχό-

196 2453 332 2506 μην,
366 2437 457 2488 καὶ
490 2436 547 2498 ὃς
577 2452 659 2496 τις
694 2435 801 2504 εἴη,
840 2434 933 2486 καὶ
983 2435 1104 2487 ὅτου
1147 2433 1339 2504 χρῄζει
1369 2435 1607 2504 ἠρόμην,
1639 2433 1784 2487 οίκέ-

195 2543 295 2598 της
329 2527 425 2598 μὲν
453 2527 557 2596 ἔφη
578 2522 716 2580 εἶναι
743 2525 1029 2597 ὑμέτερος,
1063 2526 1369 2594 πταίσματι
1391 2525 1448 2579 δὲ
1479 2527 1537 2592 ἐξ
1562 2526 1785 2594 ἀγνοίας

195 2619 621 2687 ἐμπεπτωκέναι
655 2618 949 2688 κρείττονι,
976 2618 1050 2682 ὡς
1084 2618 1327 2688 ἐνόμισε,
1366 2618 1780 2688 μεταγνώσεως·

197 2711 292 2762 καί
346 2708 406 2761 τὸ
448 2711 544 2778 μὲν
602 2708 802 2780 πρώτῳ
840 2708 975 2780 [τὸν]
1026 2709 1356 2780 ἐξέπληξεν·
1391 2709 1449 2761 οὐ
1485 2710 1594 2780 γὰρ
1629 2705 1784 2779 οἶμαι

195 2799 416 2870 οἰκέτην
445 2799 587 2868 ἔχειν
619 2798 707 2850 τὸν
739 2799 1083 2869 φιλόχριστον
1103 2799 1340 2869 Εἵρωνα,
1368 2800 1543 2852 εἰδότα
1564 2802 1663 2871 τὴν
1687 2801 1787 2868 χά-

200 2913 286 2965 ριν
314 2896 413 2966 τὴν
440 2897 656 2957 πάντας
678 2895 1146 2964 ἐλευθερώσασαν.
1171 2896 1243 2948 Τὸ
1273 2888 1528 2966 δεύτερον
1559 2898 1616 2950 δὲ
1643 2898 1786 2966 ἡνίας

200 3002 313 3048 σεν,
343 2985 532 3056 ἐπειδὴ
572 2988 679 3039 πᾶν
730 2987 1037 3056 ἁμάρτημα
1087 2986 1243 3056 παρὰ
1291 2988 1399 3039 τῶν
1441 2988 1785 3057 πραξάντων,

199 3077 293 3128 καὶ
320 3076 741 3146 δευτερούμενον
795 3076 1013 3143 ἀφιέναι
1050 3076 1301 3146 ἀλλήλοις
1352 3078 1504 3147 παρὰ
1547 3076 1787 3149 Χριστοῦ

1881 1884 2110 1940 adeundi
2156 1895 2399 1954 potestas
2464 1882 2638 1947 lieret,
2705 1878 2938 1949 rogavit.
3019 1875 3090 1931 Ut
3149 1874 3316 1945 igitur
3387 1886 3487 1940 pro

1883 1993 2004 2032 meo
2046 1991 2202 2031 more
2246 1989 2436 2029 omnes
2489 1974 2651 2028 domo
2692 1971 2984 2026 admittere
3018 1983 3082 2024 ac
3135 1963 3488 2022 commodum

1885 2071 2019 2142 ipsis
2097 2069 2427 2138 colloquium
2466 2075 2520 2120 et
2577 2066 2881 2136 requietem
2933 2059 3215 2132 impertire
3259 2064 3489 2129 paratus

1883 2180 2027 2229 sum,
2053 2162 2357 2219 accersitus
2381 2169 2481 2214 est.
2515 2156 2609 2212 Ille
2626 2167 2812 2212 autem
2845 2156 3033 2210 statim
3063 2153 3211 2207 humi
3247 2150 3487 2221 seipsum

1886 2251 2208 2323 prostravit,
2247 2249 2455 2304 nullum
2485 2248 2709 2301 verbum
2738 2245 2892 2315 prius
2921 2244 3159 2305 loeutus,
3183 2254 3350 2310 quam
3399 2238 3486 2292 in-

1886 2354 2100 2412 gentem
2146 2341 2252 2394 vim
2287 2341 2652 2407 lacrymarum
2709 2333 3062 2404 profudisset.
3119 2329 3487 2399 Posteaquam

1887 2443 2068 2488 autem
2097 2448 2221 2503 ego,
2260 2440 2313 2486 et
2344 2445 2507 2484 manu
2538 2442 2662 2482 eum
2694 2425 3132 2496 prehendissem,
3173 2431 3231 2476 et
3267 2435 3351 2474 me
3387 2419 3490 2489 ipsi

1887 2538 1986 2593 pro
2010 2538 2129 2578 mea
2160 2522 2301 2576 virili
2340 2536 2500 2590 opem
2535 2520 2777 2573 laturum
2821 2531 2944 2572 esse
2993 2514 3402 2586 promisissem,
3427 2523 3485 2564 et

1887 2620 2142 2690 quisnam
2174 2625 2344 2679 esset,
2379 2623 2542 2682 atque
2573 2618 2776 2680 quanta
2813 2624 2870 2662 re
2897 2622 3032 2676 Opus
3077 2607 3488 2671 habet-etquae-

1887 2713 2162 2776 sivissem,
2199 2708 2461 2764 famulum
2522 2714 2673 2760 tuum
2732 2717 2793 2758 se
2840 2715 2966 2756 esse
3014 2699 3172 2764 dixit,
3212 2697 3490 2767 inhuqu-

1892 2803 2034 2855 modi
2080 2811 2262 2854 autem
2304 2805 2586 2868 peccatum
2652 2811 2722 2850 ex
2785 2790 3131 2864 ignoratione
3188 2787 3491 2853 incidisse,

1890 2891 2032 2961 quod
2061 2904 2301 2951 omnem,
2342 2895 2402 2941 ut
2425 2885 2814 2948 exlstimabat,
2859 2880 3297 2952 resipiscentiam
3327 2891 3491 2948 supe-

1898 2982 2175 3037 raret.Ac
2209 2979 2386 3050 primo
2454 2978 2673 3047 quidem
2728 2974 3092 3030 admiratione
3145 2986 3231 3026 me
3287 2969 3489 3025 aﬂ'ecit.

1891 3074 2082 3144 Neque
2111 3074 2257 3130 enim
2281 3073 2489 3128 Christi
2513 3079 2789 3125 amantem
2819 3067 3055 3135 lronem,
3088 3067 3178 3136 qui
3207 3065 3488 3136 cognitam

200 3167 494 3239 ἐκελεύσθη
504 3185 625 3238 μεν,
651 3170 744 3220 καὶ
767 3167 1098 3232 διδάξαντος,
1124 3169 1217 3221 καὶ
1243 3169 1570 3238 ποιήσαντος
1591 3169 1781 3232 οὕτως.

1893 3176 1947 3218 et
1984 3164 2324 3233 exploratam
2367 3178 2490 3218 eam
2529 3154 2760 3233 gratiam
2803 3161 3024 3222 habeat,
3062 3174 3183 3228 qua:
3210 3172 3402 3213 omnes
3442 3157 3494 3211 in

200 3257 518 3322 Διδάξαντος
549 3258 666 3328 μὲν,
699 3275 718 3308 ‹
766 3256 891 3310 Ἐὰν
919 3258 992 3328 μὴ
1020 3257 1194 3326 ἀφῆτε
1218 3256 1643 3327 παραπτώματα
1675 3261 1787 3322 τοῖς

198 3348 528 3419 ἀνθρώποις,
565 3346 684 3400 οὐδὲ
709 3348 839 3417 ὑμῖν
866 3348 1065 3418 διψήσει
1099 3348 1128 3400 δ
1156 3348 1350 3418 Πατὴρ
1378 3349 1534 3418 ὑμῶν
1564 3351 1592 3401 ὁ
1621 3350 1790 3422 οὐρά-

200 3456 308 3502 vzc;
335 3439 436 3500 τὰς
465 3439 743 3508 ἁμαρτίας
765 3439 920 3510 ὑμῶν
941 3455 954 3469 ⁸
989 3458 1008 3490 ι
1045 3440 1376 3511 ποιήσαντος
1408 3440 1464 3493 δὲ
1493 3441 1552 3494 ὲν
1579 3440 1660 3511 τῷ
1688 3443 1788 3512 τὴν

199 3531 403 3599 πόρνην
428 3531 523 3583 καὶ
550 3531 640 3581 τὸν
667 3529 908 3599 τελώνην
956 3529 1237 3583 Ματθαῶν
1283 3531 1378 3585 καὶ
1417 3531 1786 3603 Σαμαρείτιδα

200 3623 290 3672 καὶ
335 3620 693 3691 Παράλυτον,
731 3623 827 3674 καὶ
868 3621 1028 3674 αὑτὸν
1069 3622 1278 3692 Πέτρον
1331 3623 1424 3676 τὸν
1454 3623 1547 3677 τοῦ
1596 3624 1786 3678 θιάσου

201 3711 352 3784 Itan]
392 3712 653 3784 μαθητῶν
707 3717 1040 3785 κορυφαῖον,
1091 3715 1152 3767 οὐ
1202 3714 1364 3784 μόνον
1417 3717 1786 3786 σωματικῶν,

201 3803 333 3857 ἀλλὰ
368 3807 462 3858 καὶ
490 3805 739 3875 ψυχικῶν
770 3805 1086 3878 [ἀπολῦσαι]
1131 3809 1548 3878 ἁμαρτημάτων
1579 3809 1673 3861 καὶ
1704 3825 1789 3861 νος

203 3895 482 3963 σημάτων.
537 3897 601 3949 Εί
636 3892 728 3950 οὖν
762 3895 899 3969 [τὸν]
931 3898 1164 3970 Χριστὸν
1203 3898 1381 3963 θέλεις
1415 3901 1785 3971 μιμήσασθαι,

198 3985 265 4038 τά
291 3986 507 4055 μεγάλα
532 3987 806 4059 συγχώρει
834 3991 947 4053 τοῖς
975 3991 1256 4044 πταίουσιν
1283 3993 1681 4063 ἁμαρτήματα.
1707 3993 1789 4046 Τά

199 4076 302 4148 γὰρ
337 4078 550 4148 βραχέα
578 4082 670 4132 καὶ
693 4081 766 4143 ώς
797 4082 953 4135 κοινὰ
985 4083 1300 4153 παρορῶσιν
1328 4086 1375 4136 oi
1407 4084 1672 4148 πλείονες,
1694 4084 1788 4138 καὶ

199 4169 544 4239 παρακλήσει
589 4173 926 4240 χαρίζονται.
985 4174 1067 4226 Τὰ
1112 4175 1169 4227 δὲ
1219 4176 1466 4246 μείζονα,
1527 4177 1681 4246 μόνοι
1738 4179 1786 4231 oi

202 4261 445 4331 μεγάλην
473 4260 690 4332 ἔχοντες
733 4263 869 4333 πρὸς
898 4264 1030 4317 Θεὸν
1072 4267 1175 4336 τὴν
1206 4268 1531 4337 συνείδησιν,
1566 4269 1663 4321 καὶ
1691 4287 1788 4339 με·

200 4350 400 4416 τάλους
445 4351 672 4420 μισθοὺς
717 4353 842 4423 παρ’
888 4354 1054 4407 αὑτοῦ
1085 4354 1194 4409 τῶν
1221 4355 1492 4428 λαμπρῶν
1533 4355 1786 4427 πράξεων

198 4443 609 4512 περιμένοντες.

1891 3253 2200 3311 libertatem
2234 3255 2554 3318 vindicavit,
2580 3251 2844 3308 famulum
2883 3251 3055 3305 ullum
3106 3250 3313 3305 habere
3346 3245 3497 3302 arbi-

1893 3359 2028 3404 tror.
2065 3348 2273 3403 Deinde
2303 3357 2487 3402 autem
2525 3360 2820 3400 mterorem
2865 3344 3000 3400 mihi
3048 3342 3252 3398 attulit.
3302 3340 3492 3411 Siqui-

1891 3441 2013 3495 dem
2049 3449 2330 3509 peccatum
2356 3455 2541 3506 onine,
2573 3437 2741 3492 etiam
2776 3438 2842 3491 ab
2894 3437 2960 3491 iis
3007 3435 3100 3504 qui
3157 3435 3210 3488 id
3240 3433 3483 3488 admise-

1893 3536 2001 3590 rint
2035 3534 2348 3603 repetitum,
2387 3531 2479 3586 alii
2519 3531 2642 3586 aliis
2679 3542 2868 3585 mutuo
2899 3529 3178 3584 remittere
3218 3542 3246 3581 a
3273 3525 3494 3582 Christo

1884 3625 2022 3694 jussi
2071 3640 2284 3680 sumus.
2328 3624 2382 3678 Id
2418 3623 2564 3678 enim
2602 3624 2694 3678 ille
2740 3634 2794 3678 et
2855 3621 3061 3688 docuit,
3093 3629 3163 3693 et
3202 3617 3352 3674 fecit.
3397 3616 3496 3672 Do-

1893 3719 2033 3786 cuit,
2076 3719 2331 3788 ioquam,
2370 3718 2456 3772 his
2510 3718 2691 3772 verbis
2722 3759 2737 3785 ,
2777 3736 2794 3769 ι
2829 3715 2942 3771 Nisi
2986 3713 3316 3770 remiseritis
3366 3725 3490 3780 pec-

1892 3821 2014 3864 cata
2046 3805 2379 3872 hominibus,
2412 3824 2511 3864 nec
2555 3809 2717 3866 Pater
2746 3817 2926 3863 vester
2968 3806 3061 3878 qui
3110 3807 3163 3860 in
3198 3803 3356 3860 caelis
3387 3812 3493 3867 est,

1893 3902 2157 3956 remitttet
2205 3902 2356 3957 vobis
2417 3912 2637 3972 peccata
2694 3910 2876 3957 vestra
2910 3898 2977 3954 εί.
3012 3917 3032 3952 ι
3072 3897 3227 3953 Fecit
3268 3905 3451 3950 autem
3475 3932 3494 3958 ,

1891 4009 2012 4050 cum
2047 3996 2390 4049 meretricem
2411 3996 2479 4062 ⁸¹,
2515 4005 2568 4050 et
2593 3994 2944 4065 publicanum
2979 3991 3295 4046 Matthaeum
3321 3988 3391 4053 ⁸³,
3439 3995 3494 4041 et

1892 4088 2294 4141 Samaritanam
2332 4085 2414 4154 3‘,
2462 4097 2518 4142 et
2571 4087 2936 4157 paralyticum
2975 4087 3020 4117 ⁸³
3054 4124 3069 4149 ,
3133 4092 3296 4150 atque
3345 4080 3485 4134 adeo

1891 4181 2066 4248 ipsum
2107 4179 2328 4234 Petrum
2354 4179 2637 4247 apostolici
2671 4178 2913 4233 sodalitii
2962 4177 3318 4243 coriphaaum,
3377 4186 3484 4226 non

1891 4269 2063 4324 solum
2087 4270 2390 4338 corporeis,
2417 4272 2511 4325 sed
2542 4270 2705 4324 etiam
2731 4268 3113 4337 spiritualibus
3143 4264 3385 4336 peccatis
3424 4278 3492 4316 ac.

1893 4361 2099 4416 morbis
2132 4361 2403 4416 liberavit.
2433 4362 2701 4429 Quocirca
2724 4360 2767 4414 si
2815 4359 3098 4415 Christum
3158 4355 3364 4412 imitari
3397 4370 3494 4409 cu-

1893 4454 1993 4522 pis,
2028 4469 2220 4524 magna
2267 4454 2355 4522 iis,
2389 4455 2479 4524 qui
2529 4453 2874 4523 delinquunt,
2928 4460 3154 4521 peccata
3209 4448 3483 4505 condona.

201 4536 329 4591 Nam
357 4539 574 4607 exigua,
611 4549 740 4594 etut
766 4543 1072 4597 communia
1108 4545 1351 4613 plerique
1406 4546 1773 4612 dissimulant,
1814 4559 1867 4602 et
1901 4549 2157 4618 precibus
2231 4559 2644 4618 permoventur.
2706 4548 2776 4601 At
2833 4560 2961 4601 vero
2997 4545 3248 4615 majora,
3282 4541 3318 4597 ii
3352 4541 3495 4595 dun¢

201 4637 347 4684 taxat
384 4630 691 4694 remittunt,
742 4633 834 4700 qui
893 4649 1141 4706 magnam
1213 4636 1279 4688 ad
1343 4635 1510 4694 Deum
1559 4641 1947 4697 conscientiam
1978 4643 2202 4708 habent,
2243 4656 2305 4696 ac
2375 4657 2567 4712 magna
2638 4642 2704 4695 ab
2734 4656 2797 4695 eo
2830 4653 2929 4710 pro
2957 4637 3238 4708 praeclaris
3311 4634 3490 4690 actio.

203 4719 358 4774 nibus
392 4722 612 4790 praemia
643 4733 990 4792 exspectant.

537 4813 716 4867 PMI".
739 4844 812 4854 —
834 4815 1225 4886 ΘΑΛΛΕΛΑΙῼ
1255 4815 1390 4886 (38).

269 4903 465 4967 Καλῶς
495 4907 587 4958 καὶ
612 4909 878 4979 νουνεχῶς
905 4908 1192 4978 προσέχεις
1233 4912 1296 4980 τῇ
1338 4911 1643 4979 ἀναγνώσει
1677 4916 1773 4985 τῆς

267 5061 309 5090 ⁸¹
334 5061 521 5118 Matth.
550 5081 621 5130 vr,
665 5067 756 5120 15.

851 5069 895 5100 “
934 5069 1066 5126 Luc.
1095 5087 1188 5135 vn,
1229 5072 1317 5127 37.
1396 5071 1441 5103 ⁸³
1469 5072 1656 5128 Matth.
1689 5089 1762 5139 ix,
1792 5075 1845 5131 9.

2291 4821 2522 4878 CXLIII.
2555 4851 2624 4865 —
2654 4821 3083 4877 THALELEO.

1960 4913 2226 4969 Praeclare
2251 4929 2316 4967 ac
2344 4914 2641 4982 prudenter
2675 4915 2829 4980 facis,
2867 4917 2982 4984 qui,
3014 4913 3220 4969 inutilis
3249 4910 3397 4970 illius
3422 4919 3492 4969 et.

1951 5073 1995 5104 ⁸⁸
2025 5071 2182 5129 Joan.
2217 5089 2290 5138 IV,
2324 5072 2357 5127 5
2391 5088 2546 5143 seqq.
2626 5076 2671 5106 "
2705 5076 2895 5130 Matth.
2942 5089 3017 5138 ix,
3052 5073 3108 5128 2.

1299 5228 1529 5283 vitam
1581 5228 1972 5286 LECTIONES
2019 5230 2109 5286 ET
2147 5196 2419 5287 norm.

270 5358 383 5426 (37)
419 5357 735 5432 Inscribitur
765 5364 877 5416 hmc
911 5363 1136 5426 epistola
1171 5365 1220 5417 in
1246 5365 1401 5418 codd.
1434 5365 1608 5420 Vatic.
1641 5366 1764 5432 619,

202 5427 308 5505 Alt:
343 5440 397 5482 et
427 5427 1120 5505 Sfortiano,unonEipww,
1153 5436 1246 5488 sed
1281 5436 1512 5505 Ἥρωνι,
1544 5427 1767 5494 Ηετοηὶξ

1883 5369 1964 5420 vel
1997 5383 2119 5420 eum
2146 5370 2314 5422 Sl'ort.
2351 5370 2410 5422 τὸ
2439 5370 2538 5438 μὲν
2562 5368 2802 5437 πρῶτον.
2833 5337 3005 5438 Δγεγε.
3029 5365 3115 5438 d4
3165 5374 3222 5420 et
3271 5365 3337 5438 [5
3367 5379 3487 5438 pro

1878 5438 1937 5489 τὸ
1973 5438 2246 5505 δεύτερον,
2279 5436 2579 5494 codd—Vat.
2610 5436 2716 5493 649
2747 5450 2799 5492 et
2823 5436 2992 5490 Sfort.
3028 5436 3210 5505 legunt
3240 5436 3319 5506 τῷ
3361 5437 3487 5490 δευ-

202 5496 341 5579 unde
374 5509 426 5550 et
475 5514 668 5579 nomen
713 5496 842 5579 illud
879 5496 1232 5579 in_'context_u
1282 5496 1509 5572 corrige.
1546 5507 1694 5560 Vers.
1742 5508 1775 5562 5

1886 5509 2039 5576 τέρῳ.
2095 5496 2388 5564 Μοκόιιιε
2443 5512 2686 5579 ἠνίασεν.
2739 5510 2906 5563 Codd.
2965 5496 3301 5560 Altiaddif
3340 5510 3466 5561 οὒκ.

205 5576 323 5636 post
363 5569 698 5636 μεταδιδόναι
730 5574 852 5625 cod.
894 5571 1058 5626 Sfort.
1093 5574 1239 5626 addit
1262 5576 1373 5628 καί.
1402 5569 1558 5630 Χῖοι-ε.
1589 5581 1618 5630 7
1651 5577 1771 5632 ἀνία

204 5635 305 5714 πώ
333 5635 700 5714 (sou_)_et_l_oco
733 5658 919 5714 eorum
957 5658 1094 5711 pone
1121 5643 1320 5714 argnti],
1368 5648 1446 5699 sic
1486 5649 1627 5698 enim
1675 5648 1771 5699 ha-

204 5702 327 5783 b.-t._t
358 5702 682 5786 cotItI._Yal.
721 5713 824 5766 (ιιι)
865 5725 918 5766 ει
957 5702 1068 5786 ᾉιιἒ
1116 5702 1386 5786 versit:
1431 5732 1528 5784 pro
1571 5717 1632 5768 τὸ
1671 5719 1770 5786 μὲν

209 5779 398 5847 πρώτῳ
421 5779 552 5849 (τὸν)
577 5779 692 5848 lege
719 5798 841 5834 cum
872 5785 990 5838 cod.
1029 5781 1143 5838 Vat.
1172 5783 1294 5851 649,
1322 5783 1397 5857 τῷ
1417 5779 1515 5856 μὶν
1547 5779 1770 5859 πρώτῳ,

1881 5579 2098 5632 I‘osslx.

1953 5650 2064 5714 (58}
2103 5650 2385 5716 Inscriptio
2415 5649 2655 5717 epistoln
2683 5650 2734 5699 iu
2764 5649 2884 5701 cod.
2923 5647 3096 5701 Vatic.
3133 5646 3237 5700 649
3272 5654 3347 5699 est
3373 5647 3486 5698 Θα-

1884 5719 2081 5789 μελέῳ.
2107 5718 2257 5772 Vers.
2283 5719 2314 5770 4
2338 5724 2457 5774 rod.
2489 5717 2924 5789 προσδεξάμενος
2957 5720 3278 5789 iniprmsens
3305 5729 3486 5789 trans-

1881 5785 2246 5858 l’ertfscribit
2305 5793 2448 5844 enim
2499 5785 2953 5861 προσδεχόμενος.
3021 5786 3176 5844 Vers.
3233 5787 3262 5844 Ἰ
3325 5785 3493 5844 ambo
