4150 6438
739 343 845 414 119

743 545 959 602 Ιετιίοιιί
988 557 1204 613 operam
1227 543 1343 606 des,
1385 542 1494 616 5.5
1542 543 1859 613 Christique
1917 548 2170 605 mandata
2222 545 2310 614 pio

744 651 810 692 ac
840 636 932 692 Dei
963 648 1148 690 amore
1195 633 1420 704 prtcdito
1468 634 1649 689 animo
1702 635 2029 703 susceperis.
2064 652 2083 684 s
2136 631 2310 688 Nolite

745 728 908 797 igitur
940 726 1068 781 dare
1093 738 1342 784 sanctum
1373 725 1660 782 canibus"
1696 765 1712 789 ,
1755 743 1774 776 ι
1835 727 1938 782 hoc
1970 734 2055 780 est
2083 723 2305 790 ludmis.

749 818 840 887 qui
898 817 1143 872 divinum
1196 831 1496 872 sermonem
1548 831 1786 888 perstepe
1832 824 2183 885 acceperunt,
2243 832 2308 878 ac

748 921 958 962 rursum
989 907 1056 962 ad
1083 907 1340 962 vomitum
1386 921 1541 962 suum
1585 914 1930 962 revertuntur
1951 906 1995 938 ⁸⁷
2028 923 2044 960 :
2071 914 2166 959 aut
2197 906 2316 961 θαι-μ

747 998 954 1063 reticis,
984 998 1051 1053 ad
1089 1013 1272 1053 veram
1328 999 1628 1054 doctrinam
1681 1012 1741 1053 se
1792 996 2218 1059 conferentibus,
2244 1010 2308 1050 ac

743 1105 960 1146 rursum
1014 1089 1079 1144 ad
1129 1090 1364 1159 priorem
1414 1089 1694 1143 sententia
1723 1088 2136 1158 perversitatem
2180 1088 2306 1142 red-

741 1180 1014 1235 euntibus.
1062 1178 1380 1249 Margaritas
1431 1181 1560 1233 item
1606 1193 1673 1231 nc
1715 1187 1842 1233 ante
1881 1192 2080 1248 porcos
2130 1177 2300 1247 proji-

744 1270 972 1334 ciamus,
1018 1270 1202 1324 divino
1241 1269 1528 1324 interdicto
1573 1269 1924 1346 prohibemur
1968 1269 2044 1332 ⁸³,
2082 1267 2182 1322 hoc
2223 1276 2308 1323 est

747 1369 872 1416 ante
899 1375 1022 1425 eos,
1042 1360 1130 1429 qui
1191 1359 1244 1414 in
1273 1359 1488 1415 vitiosis
1547 1358 1926 1415 adeetionibus
1974 1357 2304 1422 volutantur,

746 1466 811 1506 ac
856 1451 1139 1521 porcinum
1193 1451 1317 1506 vita:
1362 1464 1532 1520 genus
1582 1449 1984 1520 sequuntur”:
2047 1463 2116 1502 ne
2168 1448 2308 1502 forte

744 1541 1170 1598 conculcenteas
1196 1543 1440 1612 pedibus,
1475 1541 1732 1596 nimirum
1773 1541 1829 1595 in
1858 1539 2146 1596 sceleratis
2195 1540 2306 1594 suis

742 1632 936 1690 studiis
961 1635 1144 1689 divino
1188 1635 1395 1690 nomini
1437 1633 1824 1690 contumeliam
1877 1633 2173 1687 inferentes
2209 1649 2222 1685 :
2255 1639 2310 1686 et

743 1727 989 1782 conversi
1051 1727 1388 1797 disrumpant
1448 1740 1563 1781 vos.
1659 1721 1942 1794 Siquidem
2002 1722 2306 1778 divinorum

742 1815 1124 1887 mysteriorum
1189 1830 1311 1870 cum
1387 1813 1690 1883 huiusmodi

742 1903 1008 1975 ejusmodi
1041 1906 1277 1975 diruptio
1300 1913 1406 1971 est,
1435 1921 1501 1961 ex
1534 1919 1638 1974 qua
1681 1919 1958 1973 emergere
1986 1911 2280 1974 nequeant.

1139 2016 1362 2072 CXLIV.
1387 2046 1456 2058 —
1482 2015 1893 2072 ATHANASIO.

819 2123 962 2192 Quid
997 2131 1076 2190 tu,
1104 2140 1226 2180 eum
1257 2133 1462 2180 arctam
1494 2126 1633 2178 viam
1666 2125 1762 2180 tibi
1799 2125 2083 2181 tenendam
2114 2137 2309 2193 propo-

743 2214 924 2272 sueris
951 2229 1015 2270 ac
1040 2213 1110 2271 de
1136 2230 1201 2271 ea
1237 2231 1292 2271 re
1327 2225 1482 2286 pacta
1522 2229 1643 2270 cum
1680 2215 1790 2270 Deo
1813 2216 2023 2280 inieris,
2055 2215 2161 2268 lnta
2193 2214 2300 2278 via,

744 2320 865 2376 qua
909 2307 976 2362 ad
1029 2316 1255 2363 mortem
1304 2307 1451 2361 ducit
1476 2306 1546 2372 ’°,
1595 2305 1843 2362 incedis?
1897 2305 2030 2359 Nam
2066 2317 2307 2374 praesens

743 2396 1081 2468 indulgentia
1119 2396 1356 2451 futuram
1395 2410 1609 2464 poenam
1652 2396 1902 2450 accersit.
1935 2396 2135 2451 Contra
2167 2408 2310 2466 pra:-

743 2501 872 2542 sens
905 2485 1146 2553 adlictio,
1175 2495 1232 2542 et
1257 2487 1612 2556 cupiditatum
1648 2485 1976 2555 compressio
2005 2483 2308 2541 futurorum

740 2577 1006 2635 bonorum
1035 2578 1269 2635 fructum
1295 2586 1458 2646 atque
1490 2576 1944 2632 oblectamentum
1980 2587 2137 2647 parat
2172 2580 2247 2630 σί.

1210 2693 1415 2750 CXLV.
1447 2724 1518 2735 —
1545 2693 1833 2750 MARONI.

1078 2781 1441 2839 Veneraudum
1473 2799 1583 2838 esse
1612 2783 1979 2838 sacerdotium.

816 2895 929 2953 Etsi
957 2897 1371 2952 concursatione
1399 2909 1463 2951 ac
1490 2894 1842 2965 pecuniarum
1873 2894 2013 2950 mole
2055 2896 2308 2950 sacerdo-

744 2988 875 3044 tium
906 2987 1159 3058 rapuisti,
1193 2987 1462 3051 homines,
1499 2994 1688 3055 utpote
1718 2985 1785 3039 ad
1812 2985 2099 3039 veritatem
2133 2999 2306 3039 caecu-

745 3080 956 3144 tientes,
987 3078 1284 3135 fallenszat
1314 3093 1418 3134 non
1457 3078 1583 3133 item
1612 3085 1698 3132 est
1724 3077 1866 3146 quod
1886 3084 2053 3146 putes
2083 3084 2134 3130 te
2159 3075 2307 3130 futu-

745 3186 858 3226 ram
893 3171 1305 3228 retributionem
1353 3169 1522 3225 latere
1549 3182 1730 3238 posse.
1769 3166 1902 3222 Nam
1932 3180 2032 3222 nec
2075 3166 2308 3220 miracu-

746 3263 857 3318 lum
889 3263 942 3316 in
976 3259 1176 3317 Christi
1221 3261 1438 3317 nomine
1494 3275 1522 3315 a
1569 3260 1889 3331 quibusdam
1927 3259 2153 3325 editum,
2209 3271 2307 3313 nec

1928 348 1991 411 S.
2030 347 2331 414 ISIDOHI
2353 347 2804 413 PELUSIOT/E‘

743 469 944 513 amarae
985 452 1503 517 lectionis,.exclusa
1537 466 1774 519 nausea,
1818 452 2018 512 divina:
2050 456 2307 512 doctrina:

2411 454 2560 519 θείας
2592 455 2950 519 παιδεύσεως,
2986 454 3082 524 τῆς
3106 454 3417 524 ἀνωφελοῦς
3445 453 3661 528 huich
3681 455 3774 511 καὶ
3799 457 3984 528 ἀλμυ·
4090 483 4091 490 η

3869 347 3999 413 ξω

2417 546 2516 619 ρᾶς
2567 545 2926 613 ἀναγνώσεως
2971 545 3062 600 τὸν
3109 547 3438 617 ναυτιασμδν
3475 547 3942 617 ἀωκλεισάμινος
3964 588 3981 611 ,

2412 639 2507 691 καὶ
2536 637 2634 702 τὰς
2657 636 2752 691 τοῦ
2780 636 3016 709 Χριστοῦ
3055 637 3270 702 έντολάς
3309 638 3572 708 θεοφιλῶς
3611 639 3984 712 προσδεξάμε·

2409 729 2643 800 νος.’Μὴ
2666 728 2782 782 δότε
2814 728 2992 783 τοίνυν
3011 729 3072 782 τὸ
3100 729 3254 799 ἀγιον
3279 732 3389 793 τοῖς
3412 733 3558 797 κυσὶ,
3585 734 3694 794 τοῖς
3722 730 3985 794 πολλάκις

2409 819 2501 873 τὸν
2533 819 2673 874 θεῖον
2702 819 2859 888 λόγον
2890 818 3206 890 δεξαμένοις
3246 822 3543 886 Ἰουδαίοις,
3580 823 3672 876 καὶ
3703 821 3864 876 πάλιν
3887 822 3986 874 ἐπὶ

2409 911 2500 964 τὸν
2537 911 2667 967 [διον
2705 912 2896 980 ἐμετον
2921 912 3336 982 ἐπιστρέφουσιν
3357 953 3372 979 ,
3402 913 3437 984 ἢ
3482 915 3594 977 τοῖς
3626 913 3686 978 ἐξ
3713 912 3987 984 αἱρέσεων

2409 1000 2502 1053 επὶ
2529 999 2621 1053 τὸν
2666 1000 2839 1072 ἀληθῆ
2893 1000 3046 1069 λόγον
3089 999 3414 1072 βαδίζουσιν,
3467 1005 3560 1056 καλ⁴
3600 1000 3987 1056 παλινοστοῦσι

2411 1091 2547 1161 πρὸς
2577 1089 2674 1160 τὴν
2701 1091 2972 1163 προτέραν
3016 1091 3317 1150 κακόνοιαν.
3361 1092 3499 1155 Τοὺς
3545 1093 3601 1146 δὲ
3637 1090 3988 1162 μαργαρίτας

2411 1182 2486 1253 μὴ
2518 1181 2728 1252 βάλλειν
2751 1183 3058 1252 ἔμπροσθεν
3083 1183 3190 1237 τῶν
3208 1185 3407 1255 χοίρων
3429 1184 3847 1252 ὲκελεύσθημεν,
3870 1182 3991 1234 τῶν

2409 1271 2604 1326 πάθεσι
2657 1272 3124 1341 συμφυρομένων,
3165 1275 3257 1325 καὶ
3300 1271 3532 1343 χοιρώδη
3571 1273 3684 1342 βίον
3722 1287 3990 1345 μετερχοε

2411 1360 2606 1432 μένων,
2652 1362 2723 1431 μή
2749 1377 2878 1414 ποτε
2911 1364 3372 1434 καταπατήσωσιν
3413 1363 3608 1425 αὐτοὺς
3650 1364 3707 1415 έν
3741 1364 3852 1425 τοῖς
3880 1379 3987 1416 πο-

2407 1454 2591 1521 νηροῖς
2615 1453 2793 1506 αὐτῶν
2825 1453 3245 1524 ἐπιτηδεύμασι,
3282 1453 3731 1530 βλασφημοῦντες
3755 1452 3813 1507 τδ
3839 1453 3992 1507 θεῖον

2407 1545 2597 1613 ὄνομα,
2630 1545 2722 1597 καὶ
2752 1544 3079 1615 στραφέντες
3115 1545 3352 1616 ῥήξωσιν
3387 1547 3551 1615 ὑμᾶς.
3617 1546 3677 1598 Ἡ
3707 1543 3818 1614 γὰρ
3848 1542 3992 1614 πρὸς

2407 1633 2533 1696 τοὺς
2560 1633 2837 1697 τοιούτους
2857 1634 2965 1686 τῶν
2993 1634 3305 1704 μυστηρίων
3329 1633 3632 1702 μετάδοσις,
3657 1632 3808 1703 ρἦίς
3834 1633 3992 1684 ἐστιν

2409 1725 2698 1797 ἀνέγερτος
2725 1729 2838 1788 τοῖς
2875 1725 3366 1796 καταφρονητικῶς
3404 1725 3802 1796 μεταδιδοῦσιν.

1773 1812 2084 1869 hominibus
2160 1817 2623 1881 communicatio,
2679 1817 2778 1880 iis,
2828 1817 2922 1886 qui
2988 1831 3082 1886 per
3117 1828 3486 1887 contemptum
3523 1831 3588 1870 ea
3641 1814 3994 1886 impertiunt,

2852 2020 3025 2074 PMA'.
3065 2049 3131 2060 -
3171 2021 3395 2074 sema
3406 2021 3532 2091 Σῐῼ.

2483 2130 2594 2202 (39)
2632 2131 2697 2184 Τί
2739 2131 2838 2201 τὴν
2875 2131 3065 2203 στενὴν
3102 2131 3373 2203 ἑλόμενος,
3409 2133 3503 2186 καὶ
3533 2129 3676 2204 [τὰς]
3708 2129 3991 2201 συνθήκας

2410 2221 2546 2291 ὑπὲρ
2564 2222 2733 2292 αὐτῆς
2759 2221 2878 2292 Θεῷ
2907 2223 3344 2294 παρασχόμενος,
3370 2222 3468 2294 τὴν
3491 2223 3751 2282 πλατεῖαν
3776 2221 3990 2286 ὁδεύεις

2408 2313 2546 2376 ὁδὸν,
2581 2312 2677 2378 τὴν
2733 2315 2812 2378 είς
2869 2312 3098 2368 θάνατον
3131 2315 3439 2385 φέρουσαν;
3487 2313 3552 2367 Ἡ
3595 2313 3704 2384 γὰρ
3749 2311 3994 2368 ἐνταῦθα.

2408 2401 2674 2470 ἁφείδεια,
2709 2403 2807 2472 τὴν
2848 2402 3056 2456 ἐκεῖθεν
3087 2403 3241 2473 φέρει
3271 2405 3560 2474 τιμωρίαν.
3616 2405 3681 2458 Ἦ
3734 2403 3790 2458 δὲ
3836 2419 3990 2475 παρ-

2409 2491 2546 2547 οῦσα
2578 2493 2838 2560 κάκωσις,
2874 2495 2967 2547 καὶ
3009 2493 3117 2547 τῶν
3145 2493 3376 2565 ὀρέξεων
3423 2495 3698 2558 στένωσις,
3727 2493 3823 2564 τὴν
3853 2493 3988 2564 μέλ-

2409 2582 2606 2636 λουσαν
2637 2583 2744 2635 τῶν
2779 2581 2998 2652 ἀγαθῶν
3026 2583 3302 2654 έτοιμάζει
3333 2585 3652 2638 ἀπόλαυσιν.

2883 2695 3067 2751 ΡΜΕ’.
3109 2725 3176 2735 -
3215 2697 3503 2750 ΜΑΡΩΝΙ.

2832 2789 2959 2840 Ὀτι
3009 2787 3256 2856 φρικτὸν
3293 2789 3608 2856 ιερωσύνη,

2480 2901 2544 2954 Ei
2589 2900 2688 2954 καὶ
2727 2904 2828 2971 τὴν
2869 2897 3168 2970 ἱερωσύνην
3201 2899 3501 2971 περιδρομῇ
3546 2900 3640 2956 καὶ
3685 2901 3991 2972 χρημάτων

2408 2992 2666 3063 ἥρπασας
2689 2989 2842 3060 ὁλκῇ,
2860 2987 3038 3044 λαθὼν
3067 2990 3189 3053 τοὺς
3205 2989 3522 3061 ἀνθρώπους
3549 2991 3626 3056 ὡς
3655 2991 3992 3046 ἀσλιπτοῦν-

2411 3097 2509 3143 τας
2529 3081 2666 3151 πρὸς
2697 3078 2796 3150 τὴν
2827 3077 3084 3150 ἀλήθειαν
3103 3094 3114 3111 '
3150 3079 3287 3134 ἀλλά
3320 3080 3395 3151 μὴ
3431 3081 3526 3134 καὶ
3552 3081 3651 3152 τὴν
3683 3082 3978 3154 μέλλουσαι

2408 3168 2550 3224 οὕτω
2579 3169 2805 3240 νομίσῃς
2835 3167 3117 3222 λανθάνειν
3137 3167 3512 3224 ἀνταπόδοσιν.
3545 3168 3683 3223 υῦτε
3715 3169 3822 3241 γὰρ
3847 3169 3990 3223 θαυ-

2409 3259 2714 3330 ματουργία
2751 3261 2830 3322 είς
2857 3259 3027 3329 ὄνομα
3057 3259 3292 3330 Χριστοῦ
3326 3260 3585 3331 γινομένη
3625 3261 3776 3331 παρά
3794 3277 3987 3324 τινων,

743 3350 1046 3404 dmmonum
1079 3351 1403 3419 obiurgatio,
1436 3364 1534 3404 nec
1561 3352 1817 3404 virtutum
1867 3349 2154 3403 multarum
2182 3360 2307 3417 0pc-

2411 3349 2532 3404 οῦτε
2573 3351 2842 3420 δαιμόνων
2891 3351 3227 3421 ἐπιτίμησις,
3257 3348 3383 3402 οὔτε
3415 3350 3701 3422 δυνάμεων
3733 3351 3990 3421 ἐνέργεια

743 3441 907 3508 ratio,
942 3455 1020 3497 ex,
1045 3441 1312 3496 horrenda
1360 3439 1577 3495 ﬂamma
1625 3455 1739 3505 eos,
1774 3440 1864 3510 qui
1911 3438 2037 3494 huic
2083 3438 2304 3493 obnoxii

744 3543 926 3597 erunt,
959 3533 1246 3590 extrahere
1287 3533 1508 3602 poterit.
1544 3531 1694 3597 Quod
1741 3532 1788 3586 si
1823 3531 1946 3600 quis
1972 3531 2115 3584 dicat
2150 3546 2165 3584 :
2201 3527 2309 3582 Cur

744 3639 872 3697 ergo
909 3623 1050 3682 Deus
1083 3623 1408 3680 edendorum
1443 3621 1829 3678 miraculorum
1878 3629 2195 3690 potestatem
2230 3619 2311 3672 in-

746 3715 925 3785 dignis
973 3714 1283 3770 hominibus
1343 3713 1575 3770 faciebat
1599 3714 1691 3767 ”?
1752 3713 2118 3782 responderim
2167 3725 2307 3782 ego:

745 3804 1008 3874 Quoniam
1071 3805 1328 3859 Dominus
1376 3806 1439 3858 at!
1492 3803 1882 3859 conciliandam
1949 3801 2150 3856 nomini
2211 3815 2308 3855 suo

745 3894 974 3964 gloriam
1006 3895 1183 3948 divina
1217 3895 1366 3964 signa
1394 3894 1758 3962 perpetrabat,
1782 3901 1891 3944 tum
1926 3899 1981 3944 ut
2011 3890 2308 3944 daemonum

745 3986 976 4040 insidias
1022 3983 1354 4058 prohiberet,
1406 3993 1516 4037 tum
1570 3992 1627 4036 ut
1679 3982 1890 4051 planam
1915 3978 2307 4035 etinoﬂ'ensam

746 4073 1035 4144 Evangelio
1084 4073 1226 4127 viam
1270 4072 1502 4126 muniret
1536 4089 1550 4124 :
1587 4087 1813 4141 quorum
1867 4083 2156 4139 utrumque
2182 4085 2309 4140 gra-

745 4167 950 4220 viorem
973 4165 1199 4234 ingratis
1236 4164 1541 4220 hominibus
1575 4177 1788 4233 poenam
1825 4161 2032 4230 aﬂ'eret,
2061 4152 2202 4230 quod
2226 4163 2306 4214 vi-

746 4255 941 4310 delicet
964 4264 1166 4308 tantam
1200 4269 1230 4310 a
1263 4253 1374 4309 Deo
1397 4255 1693 4323 potentiam
1721 4255 2018 4319 consecuti,
2045 4253 2306 4307 bonorum

746 4350 989 4402 datorem
1022 4355 1210 4416 sponte
1234 4360 1331 4401 sua
1365 4346 1681 4416 ignorarunt
1708 4362 1721 4397 :
1753 4345 2024 4399 daemones
2054 4344 2308 4397 nimirum

745 4438 1045 4509 ejicientes,
1079 4451 1142 4492 ac
1180 4437 1396 4492 morbos
1436 4437 1687 4490 invocato
1719 4435 1920 4490 Christi
1945 4436 2160 4490 nomine
2186 4450 2311 4505 pro-

747 4530 1012 4598 iligantes,
1064 4526 1469 4596 ingratitudinis
1517 4536 1694 4580 autem
1746 4527 1814 4580 ab
1863 4528 1992 4594 ipsis
2049 4526 2306 4582 convicti.

751 4617 1031 4684 Siquidem
1060 4614 1287 4684 improbi
1318 4628 1382 4669 ac
1411 4613 1690 4669 saevissimi
1721 4615 1987 4670 daemones
2010 4617 2309 4684 obsequen-

2411 3440 2642 3506 πολλῶν,
2683 3439 2958 3505 έξελέσθαι
2991 3443 3088 3510 τῆς
3135 3439 3370 3510 φοϐερᾶς
3418 3441 3614 3509 φλογὸς
3657 3443 3782 3503 τοὺς
3812 3439 3970 3494 ὑπευ-

2413 3529 2602 3594 θύνους
2653 3532 2820 3601 αὐτῆς
2872 3532 3181 3602 δυνήσεται.
3229 3531 3292 3583 Ei
3343 3531 3404 3584 δὲ,
3450 3531 3585 3602 φαίη
3623 3549 3729 3599 τις,
3765 3532 3830 3585 Τί
3889 3527 3990 3586 οῦν

2416 3622 2713 3692 συνεχώρει
2751 3623 2779 3674 ὁ
2814 3622 2946 3685 Θεὸς
2975 3625 3087 3686 τοῖς
3118 3623 3357 3688 ἀναξίοις
3398 3622 3468 3676 τὰ
3510 3623 3783 3693 θαύματα,
3813 3623 3990 3693 φαίην

2410 3712 2552 3781 ἐγώ·
2589 3712 2707 3768 Ὅτι
2741 3712 2830 3766 διά
2860 3713 2960 3783 τὴν
2994 3713 3151 3780 δόξαν
3193 3714 3394 3766 οἰκείου
3429 3713 3693 3784 ὀνόματος
3740 3712 3984 3785 ἐπλήρου

2408 3805 2507 3868 τὰς
2535 3804 2862 3875 θεοσημείας
2890 3808 2918 3858 ό
2943 3805 3170 3876 Κύριος,
3194 3807 3288 3861 καὶ
3314 3806 3423 3860 τῶν
3450 3807 3719 3877 δαιμόνων
3758 3804 3990 3858 κωλύων

2419 3891 2736 3959 επιϐουλὰς,
2771 3894 2863 3946 καὶ
2891 3894 3010 3947 ὁδὸν
3047 3893 3128 3964 τῷ
3160 3894 3477 3963 Εὑαγγελίῳ
3510 3891 3784 3963 ὀμαλίξων
3810 3891 3985 3962 ἀπρό-

2417 4001 2616 4037 σκοπον
2633 4001 2650 4014 ο
2681 3983 2824 4053 ἅπερ
2841 3986 3129 4056 ἀμφότερα
3157 3985 3481 4055 κατάκρισιν
3505 3985 3640 4035 οἴσει
3665 3985 3773 4045 τοῖς
3801 3980 3984 4049 ἀγνώ-

2413 4091 2537 4144 μοσι
2599 4073 2840 4143 μείζονα,
2895 4075 2976 4127 ὅτι
3028 4074 3297 4144 τοσαύτης
3345 4074 3494 4144 παρὰ
3547 4071 3681 4125 Θεοῦ
3729 4072 3992 4140 τυχόντες

2407 4167 2709 4237 δυνάμεως,
2744 4168 2834 4220 τὸν
2868 4167 3071 4237 δοτῆρα
3095 4165 3203 4218 τῶν
3234 4165 3450 4234 ἀγαθῶν
3487 4163 3746 4224 ἑκουσίως
3779 4161 3988 4231 ἠγνόη-

2413 4275 2532 4323 σαν,
2586 4260 2710 4320 τοὺς
2765 4259 2861 4328 μὲν
2906 4257 3165 4328 δαίμονας
3222 4259 3311 4310 καὶ
3375 4255 3442 4308 τά
3487 4255 3632 4322 πάθη
3697 4252 3989 4322 ἐπικλήσει

2413 4347 2646 4419 Χριστοῦ
2678 4347 3068 4417 θεραπεύοντες
3094 4347 3228 4418 (40),
3263 4346 3545 4415 ἀχάριστοι
3585 4343 3642 4395 δὲ
3677 4343 3769 4395 ὑπ’
3801 4339 3988 4395 αὐτῶν

2411 4439 2776 4508 ἐλεγχόμενοι.
2816 4441 2877 4492 0i
2906 4440 3013 4510 γὰρ
3044 4440 3268 4508 πονηροὶ
3304 4438 3397 4491 καὶ
3426 4433 3987 4505 παγχάλεποιδαίμο-

2411 4546 2498 4592 νες
2529 4529 2934 4600 sannosum.
2964 4529 3168 4581 τούτων
3188 4527 3463 4595 γεγόνασι,
3491 4526 3586 4579 καὶ
3616 4524 3988 4589 δειλιάσαντες

2412 4621 2502 4672 τοῦ
2553 4619 2758 4688 Κυρίου
2791 4619 2852 4670 τὸ
2883 4620 3071 4689 ὄνομα,
3108 4619 3202 4673 καὶ
3239 4619 3332 4671 σὺν
3376 4617 3530 4686 τάχει
3573 4615 3752 4686 πολλῷ
3783 4615 3993 4686 δραπε-

749 4705 915 4759 tiores
943 4718 1102 4774 quam
1137 4703 1222 4760 isti
1252 4717 1311 4758 se
1337 4703 1700 4773 praebuerunt,
1738 4712 1796 4756 ut
1837 4703 1927 4772 qui
1971 4705 2178 4759 Domini
2209 4720 2307 4761 no-

2415 4709 2721 4771 τεύσαντες.
2760 4708 2918 4761 Ὅθεν
2949 4709 3132 4771 αὐτοῖς
3163 4710 3402 4776 ἄφυκτος
3428 4706 3716 4777 ἠπείληται
3739 4706 3987 4771 κόλασις,

751 4803 874 4850 nien
915 4797 1315 4865 pertimuerint,
1356 4809 1419 4850 ac
1449 4809 1608 4864 quam
1639 4793 1924 4849 celerrime
1958 4795 2010 4849 in
2040 4795 2216 4864 fugam
2251 4811 2308 4852 se

750 4888 1015 4944 dederint.
1058 4887 1416 4953 Quamobrem
1464 4885 1592 4954 ipsis
1633 4886 1941 4940 inevitabile
1988 4888 2305 4957 supplicium

2423 4820 2440 4852 ι
2460 4802 2824 4870 Ἀποχωρεῖτε
2852 4801 2945 4853 ἀπ’
2982 4800 3137 4871 ἐμοῦ,
3167 4801 3264 4853 οὐκ
3289 4797 3401 4856 οἶδα
3433 4801 3597 4872 ὑμᾶς,
3621 4820 3638 4854 ι
3671 4800 3718 4853 oi
3751 4799 3987 4871 έργάται

2415 4891 2511 4962 τῆς
2538 4891 2767 4959 ἀνομίας
2795 4890 3104 4945 ἀκούουσιν.

750 4978 1119 5033 denuntiatum
1173 4986 1276 5040 est,
1316 4975 1447 5028 illud
1481 4988 1670 5042 nempe
1721 4989 1751 5028 a
1795 4974 2014 5029 Christo
2083 4976 2442 5040 audientibus,
2483 4995 2494 5026 ι
2565 4978 2834 5032 Discedite
2901 4994 2932 5031 a
2966 4993 3069 5044 me,
3095 4979 3325 5049 operarii
3411 4977 3744 5048 iniquitatis,
3797 4976 3989 5034 nescio

750 5084 846 5125 vos
873 5067 939 5121 °’.

841 5185 886 5217 ⁸⁸
912 5183 1305 5247 M:ittit.vtt,‘6.
1381 5182 1423 5213 ⁸⁷
1451 5181 1489 5234 ΙΙ
1522 5182 1666 5238 Petr.
1694 5200 1752 5250 tt,
1781 5185 1870 5240 22.
1945 5185 1989 5218 “
2016 5187 2202 5241 Matth.
2234 5203 2294 5250 ll,
2319 5188 2371 5242 6.

750 5256 841 5313 2.3.
932 5257 977 5287 "
1007 5255 1125 5308 Act.
1157 5268 1265 5315 xu,
1297 5251 1356 5305 4.
1407 5252 1592 5308 Matth.
1626 5269 1724 5320 vn,
1757 5255 1845 5309 22.
1945 5258 1991 5289 "
2027 5258 2156 5312 ibid.
2190 5259 2279 5311 25.

2462 5191 2504 5222 ⁸ο
2531 5187 2570 5240 ιι
2604 5189 2747 5244 Petr.
2779 5205 2838 5254 ιι,
2871 5189 2960 5243 τι.
3038 5191 3081 5222 ὀ
3106 5190 3298 5245 Matth.
3334 5207 3429 5258 vn,
3465 5193 3548 5247 l5.
3626 5194 3668 5226 ἰ
3696 5191 3826 5248 Luc.
3866 5208 3988 5259 xu,

1845 5390 2073 5446 VARI/ﬁ
2111 5391 2496 5447 LECTIONLS
2530 5394 2614 5448 ετ
2659 5392 2887 5450 NOTAE.

754 5507 908 5560 codd.
943 5502 1062 5557 Vat.
1095 5501 1198 5557 649
1233 5512 1284 5556 et
1327 5504 1434 5578 Alt.
1492 5507 1910 5578 ἐπιστρέφουσιν
1945 5507 1997 5578 in
2045 5509 2308 5578 ὑποστρέ-

756 5591 946 5642 φουσιν
967 5580 1315 5645 commutant,
1340 5575 1413 5626 uti
1438 5585 1491 5628 et
1521 5591 1662 5630 vers.
1695 5577 1896 5644 penult.
1930 5575 2230 5645 ἀνέγερτος
2252 5582 2299 5631 in

754 5646 1068 5712 ἀνήγερτος.
1108 5642 1313 5694 Possm.

827 5714 934 5781 459)
969 5712 1145 5779 Longe
1177 5713 1466 5766 corremius
1504 5717 1653 5771 codd.
1684 5716 1805 5770 Val.
1842 5716 1944 5772 659
1975 5726 2026 5772 et
2061 5717 2166 5770 Alt.
2201 5717 2300 5769 hu-

2414 5509 2759 5592 ju‘s'cpistolaa
2789 5510 3104 5592 principium
3131 5511 3205 5592 sic
3238 5513 3524 5592 exhibent:
3554 5515 3618 5567 Τί
3648 5517 3744 5592 τὴν
3779 5523 4001 5592 στενὴν,

2413 5578 2714 5653 εἱ).ἀμ,ενος,
2745 5580 2838 5653 καὶ
2866 5580 3137 5653 συνθήκας
3166 5581 3524 5653 ὑπὲργαύτῆς,
3562 5595 3666 5638 etc.
3703 5578 3916 5644 'l‘ossm.

2484 5649 2592 5720 (40)
2643 5649 2759 5720 Pro?
2785 5648 3176 5720 θεραπεύοντες
3223 5648 3389 5708 multo
3434 5648 3622 5708 tt'teiitts
3663 5659 3816 5713 (odd.
3857 5661 3974 5720 Vat.

2412 5719 2514 5773 (iiii
2539 5727 2589 5772 et
2613 5720 2715 5772 All.
2752 5719 2944 5773 habent
2981 5720 3433 5788 φυγαδεύσαντες.
3469 5721 3677 5778 Possm.
