4164 6466
257 432 366 497 997

1020 421 1556 484 EPISTOLARUM
1591 420 1740 480 LIB.
1784 419 1898 480 ΙῖῙ.
1936 445 2007 454 --
2045 419 2284 481 EPIST.
2322 421 2782 484 CCCXXXYIII.

3469 422 3573 488 998

251 543 498 606 διανοίας
545 535 946 602 καταδέξασθαι
1017 539 1080 590 τὸ
1147 535 1281 604 ὕψος
1317 533 1426 586 τῶν
1487 533 1858 603 λελεγμὲνιονς

1971 535 2254 602 cupiamus
2291 536 2530 604 quidem,
2569 537 2728 589 linem
2767 534 3003 590 fortasse
3046 533 3227 589 facere
3278 550 3565 606 queamus.

254 636 323 691 Et
363 633 420 689 δὲ
450 634 545 688 καὶ
577 632 678 702 τὴν
712 628 1137 700 ἁντιδιαστολὴν
1189 627 1562 697 βασανίσειας,
1612 626 1866 694 εὑρήσεις

260 731 437 804 αὐτὴν
461 730 636 791 οὕτως
673 728 998 798 εἰρημένην,
1043 726 1118 788 ὡς
1160 726 1289 795 παρ’
1323 724 1483 793 ἡμῶν
1508 721 1857 808 ἡρμηνεύθη.

256 826 400 881 Οὔτε
433 824 541 894 γὰρ
571 817 745 884 εἶπεν,
787 821 861 873 Ού
885 818 1110 872 δύναται
1144 817 1172 870 ὁ
1202 815 1328 878 Υἱὸς
1346 816 1522 867 ποιεῖν
1549 814 1640 881 ἀφ’
1667 810 1864 865 ἑαυτοῦ

268 918 448 981 οὐδὲν,
475 915 572 969 ἐὰν
629 913 705 984 μὴ
733 912 875 986 λάϐῃ
899 911 958 964 τὸ
988 908 1254 962 δύνασθαι
1287 907 1441 977 παρὰ
1478 905 1574 959 τοῦ
1627 904 1867 976 Πατρός.“

259 1009 436 1062 Τοῦτο
465 1007 575 1077 γὰρ
606 1004 686 1075 τῷ
712 1004 851 1068 om,
881 1002 960 1073 τῷ
996 1001 1071 1073 μὴ
1101 999 1358 1054 δύνασθαι
1373 998 1865 1067 .ἁντιδιασταλῆναι

1969 624 2336 690 Quamobrem
2367 625 2470 679 .ltis
2521 625 2928 695 praetermissis,
2985 638 3014 677 a
3061 624 3378 679 nostrismct
3440 625 3569 693 ipsis

1962 719 2127 770 rebus
2166 725 2545 784 argumentum
2573 719 2852 770 ducamus.
2890 714 3033 769 Nihil
3065 733 3090 768 a
3137 717 3330 787 'seipso
3394 715 3570 772 facit?

1966 807 2126 875 Atqui
2170 820 2291 870 nos,
2324 806 2520 874 quibus
2555 807 2708 883 nihil
2733 807 2894 861 vilius
2929 817 3093 876 atque
3123 807 3392 875 abjectius
3436 808 3565 876 ﬁtth

1965 889 2170 971 potest,
2208 888 2377 953 multa
2421 915 2448 953 a
2484 899 2639 952 nobis
2670 897 2923 962 facimus,
2956 914 3022 952 ac
3056 897 3247 951 vitium
3308 898 3568 969 fugimus,

1968 1002 2024 1047 et
2054 993 2313 1047 virtutem
2341 999 2745 1047 consectamur.
2772 990 2926 1058 Quod
2959 990 3002 1046 si
3041 990 3175 1043 nihil
3199 1005 3228 1044 a
3255 982 3410 1045 nobis
3440 991 3572 1058 ipsis

1971 1085 2234 1148 lacimus,
2270 1100 2375 1142 nec
2407 1100 2528 1143 cum
2561 1099 2877 1152 peccamus,
2916 1083 3186 1153 supplicio
3223 1081 3351 1153 jure
3392 1081 3572 1140 amci-

1970 1194 2114 1245 mur,
2153 1185 2254 1233 nec
2275 1193 2398 1232 cum
2430 1179 2633 1231 virtute
2667 1175 2868 1245 aliquid
2897 1178 3160 1246 gerimus,
3186 1189 3422 1230 coronas
3441 1191 3574 1228 cum

263 1281 545 1336 ποιοῦντα.
581 1298 598 1332 ι
651 1279 816 1349 Ὁρᾷς
845 1277 961 1340 πῶς
986 1276 1087 1346 τὴν
1117 1275 1389 1346 ἰσοτιμίαν
1418 1273 1513 1327 καὶ
1545 1274 1605 1326 τὸ
1651 1272 1858 1325 ἰσοσθε-

1971 1269 2276 1338 sequimur.
2308 1267 2541 1322 \‘idesue
2575 1267 3042 1338 quemadmodum
3096 1265 3348 1321 vocabuli
3391 1266 3572 1319 humi-

258 1373 373 1440 νὲς,
409 1375 588 1428 καὶτὸ
628 1371 913 1442 ὁμοούσιον
956 1369 1269 1442 κηρύττειι

1971 1360 2094 1415 litas
2120 1375 2242 1414 cum
2270 1373 2503 1414 excessu
2533 1358 2730 1428 posita,
2779 1359 3048 1430 malignus
3071 1359 3238 1413 etiam
3272 1368 3328 1412 et
3361 1373 3573 1427 pracpo—

269 1479 451 1525 sterus
502 1468 751 1528 homines
803 1467 1058 1532 adducat,
1092 1475 1151 1519 ut
1197 1468 1406 1526 eorum,
1439 1475 1560 1533 quae
1606 1461 1748 1516 dieta
1789 1468 1934 1523 sunt,
1978 1457 2375 1512 sublimitatem
2422 1456 2512 1524 pio
2559 1469 2722 1510 sensu
2771 1455 3090 1527 excipiant?
3121 1455 3274 1520 Quod
3312 1454 3359 1508 si
3406 1455 3572 1508 etiam

262 1561 671 1617 distinctionem
707 1536 878 1627 ipsam
909 1557 1184 1628 expendas
1219 1569 1379 1610 :eam
1409 1556 1507 1620 ita,
1542 1562 1600 1609 ut
1637 1568 1665 1606 a
1703 1552 1860 1607 nobis
1899 1550 2250 1619 explanatum
2311 1558 2414 1610 est,
2495 1548 2694 1602 dictam
2775 1561 2901 1603 esse
2979 1547 3306 1617 comperies.
3377 1545 3569 1616 Neque

262 1653 409 1708 enim
440 1653 574 1708 dixit
607 1670 620 1706 :
650 1649 764 1705 Non
803 1659 976 1720 potest
1020 1648 1188 1704 Filius
1224 1665 1252 1703 a
1291 1648 1470 1720 seipso
1512 1647 1692 1702 facere
1721 1643 2040 1715 quidquam,
2075 1642 2182 1696 nisi
2206 1649 2535 1708 potestatem
2571 1655 2602 1695 a
2636 1641 2794 1696 Patre
2867 1642 3144 1709 acceperit
3225 1641 3354 1713 (hoc
3416 1639 3568 1694 enim

258 1099 434 1170 ἐχρῆν
486 1095 626 1166 (εἴγε
665 1093 949 1147 ἀσθένειαν
995 1089 1161 1144 αὐτοῦ
1201 1092 1530 1160 κατηγορεῖν
1571 1086 1765 1157 ἔμελλε
1798 1085 1860 1138 τὸ

264 1189 476 1261 ρηθέν)·
525 1187 666 1241 ἀλλὰ
714 1187 805 1250 τίς
843 1205 861 1238 ι
903 1184 1030 1238 Ἐὰν
1081 1184 1213 1255 μήτι
1264 1181 1438 1254 βλέπῃ
1488 1181 1581 1234 τὸν
1637 1178 1859 1251 Πατέρα

261 1760 452 1801 revera
480 1744 812 1815 impotentiae
853 1757 946 1812 per
974 1740 1384 1797 distinctionem
1459 1740 1682 1811 adjuugi
1731 1735 2037 1807 oportebat,
2073 1735 2118 1789 si
2181 1734 2284 1788 hoc
2334 1734 2539 1788 dictum
2599 1727 3031 1788 imbecillitatem
3105 1733 3279 1803 ipsius
3321 1733 3575 1803 proditu-

261 1850 382 1890 rum
425 1833 822 1905 erat),'verum
865 1832 1039 1903 quid?
1096 1850 1115 1884 ι
1156 1831 1270 1886 Nisi
1330 1832 1472 1899 quod
1517 1830 1715 1885 viderit
1786 1828 2004 1882 Patrem
2071 1824 2389 1881 facientem.
2430 1843 2448 1876 ι
2505 1823 2852 1894 PerSpicisue
2917 1839 3156 1893 quonam
3181 1831 3342 1894 pacto
3407 1824 3576 1878 hono-

262 1929 341 1983 ris
367 1944 433 1983 ac
455 1927 670 1982 roboris
690 1925 1082 1995 mqualitatem,
1110 1925 1467 1994 eamdemque
1492 1924 1856 1980 substantiam
1897 1918 2195 1994 praedicet?

473 2031 661 2104 τΛςι.
705 2066 773 2078 -—-
824 2035 1037 2089 ΗΡΩΝΙ
1076 2035 1648 2104 ΠΟΔῙΤΕΥΟΜΕΝῼ.

333 2224 459 2287 Τοῖς
499 2225 556 2276 ὲν
587 2225 653 2294 τῇ
689 2223 885 2293 σκηνῇ,
930 2222 974 2275 ὡ
1028 2221 1301 2292 βέλτιστε,
1340 2220 1549 2293 σπουδὴ
1600 2220 1860 2291 μεγίστη,

257 2313 321 2367 οὐ
368 2314 431 2366 τὸ
484 2312 844 2386 σωφρονίζειν
901 2313 1131 2376 πολλοὺς
1191 2314 1306 2376 τοῖς
1347 2313 1722 2385 σκώμμασιν,
1789 2313 1865 2376 ὡς

257 2406 419 2477 ἔφης,
451 2406 671 2472 σαυτὸν,
711 2406 806 2459 καὶ
852 2406 980 2468 τοὺς
1027 2405 1326 2470 ἀκούοντάς
1363 2404 1863 2476 σου-παραλογιζόο

271 2514 455 2568 μενος,
519 2497 655 2551 ἀλλὰ
701 2497 763 2550 τὸ
812 2497 1041 2561 πολλοὺς
1092 2498 1454 2569 ἁμαρτάνειν.
1530 2498 1617 2552 Ἐν
1645 2498 1755 2569 γὰρ
1796 2500 1864 2569 τῇ

258 2587 436 2657 κακίᾳ
463 2586 571 2640 τῶν
606 2586 817 2641 θεατῶν
854 2588 954 2658 τὴν
995 2588 1302 2659 εὐημερίαν
1339 2588 1578 2658 ἔχουσιν,
1632 2587 1776 2641 ὥστε
1810 2588 1860 2640 εί

261 2681 465 2733 ἐκεῖνοι
531 2677 774 2750 βελτίους
828 2679 1092 2749 γένοιντο,
1135 2680 1343 2743 τούτοις
1389 2681 1456 2734 ἂν
1510 2679 1781 2734 ἀπόλοιτο
1830 2682 1864 2751 ή

258 2770 452 2841 τέχνη.
479 2769 618 2824 Οὔτε
639 2765 731 2824 οὖν
753 2770 961 2824 ἕλοιντο
982 2771 1364 2843 ἐπανορθῶσαι
1389 2771 1517 2834 τοὺς
1542 2771 1863 2835 πταίοντας,

261 2861 360 2917 καὶ
425 2860 788 2933 βουληθεῖσιν,
842 2864 941 2932 οὺχ
975 2857 1094 2917 οἷόν
1139 2881 1219 2919 τε.
1258 2864 1477 2934 Πέφυκε
1520 2861 1628 2935 γὰρ
1681 2863 1866 2928 αὐτοῖς

259 2952 358 3006 ἐπὶ
390 2951 454 3006 τὸ
488 2951 750 3022 βλάπτειν
781 2955 813 3025 ἡ
856 2954 1110 3026 μίμησις.

539 3248 707 3302 TAZ'.
744 3277 815 3288 —
846 3247 1176 3318 ΘΕΟΔΟΣΙῼ
1211 3245 1586 3318 ΕΠΙΣΚΟΠῼ.

2082 2027 2461 2088 CCCXXX“.
2520 2056 2592 2072 -—-
2659 2026 2916 2082 HERONl
2966 2024 3470 2084 BEMPUBLICAM

2614 2097 2940 2154 GEliENTl.

2043 2210 2321 2278 Scenicis,
2363 2208 2448 2264 vir
2478 2209 2708 2279 optime.
2752 2223 3026 2264 summum
3057 2208 3159 2264 hoc
3198 2207 3438 2265 studium
3470 2218 3576 2274 est,

1975 2321 2084 2360 non
2120 2316 2176 2358 ut
2206 2320 2303 2376 per
2329 2304 2570 2371 ipsorum
2598 2302 2825 2356 cavillos
2867 2301 3023 2356 multi
3063 2301 3325 2358 meliores
3351 2302 3580 2358 reddan-

1969 2406 2058 2450 tur
2102 2396 2587 2468 (quemadmodum
2643 2396 2762 2465 ipse
2807 2395 3018 2459 dixisti,
3056 2395 3314 2464 teipsum,
3345 2405 3402 2450 et
3455 2409 3575 2460 eos,

1970 2489 2061 2558 qui
2095 2499 2145 2542 te
2169 2490 2420 2555 audiunt,
2455 2487 2779 2559 decipiens),
2811 2503 3000 2548 verum
3035 2499 3092 2543 ut
3139 2489 3293 2544 multi
3328 2499 3577 2559 peccent.

1969 2582 2183 2638 Etenim
2213 2585 2264 2638 iu
2283 2591 2656 2650 spectatorum
2691 2582 3047 2652 improbitate
3073 2583 3389 2639 felicitatem
3421 2599 3579 2638 suam

1967 2675 2324 2731 constitutam
2371 2675 2596 2729 habent.
2654 2673 2730 2728 Ita
2777 2673 2861 2738 tit,
2895 2674 3022 2729 utsi
3066 2674 3140 2728 illi
3175 2675 3427 2731 meliores
3457 2673 3580 2729 efﬁ-

1969 2768 2207 2831 ciantur,
2240 2782 2338 2822 sua
2374 2768 2460 2822 bis
2497 2782 2589 2822 ars
2610 2767 2853 2835 peritura
2889 2768 2981 2822 sit.
3014 2763 3184 2838 389
3209 2767 3578 2835 Quamobrem

1969 2874 2071 2915 nec
2095 2873 2333 2929 unquam
2366 2873 2483 2923 eos,
2509 2857 2601 2929 qui
2643 2858 2987 2927 delinquunt,
3047 2861 3326 2928 corrigere
3375 2860 3430 2914 iu
3464 2862 3582 2914 ani-

1969 2967 2121 3007 mum
2173 2953 2516 3019 induxerint,
2545 2966 2668 3018 nec,
2707 2953 2762 3006 si'
2783 2953 2975 3022 velint,
3003 2952 3056 3008 id
3095 2953 3326 3023 possint.
3362 2952 3580 3008 lllimica

1968 3046 2116 3101 enim
2145 3061 2332 3103 eorum
2373 3061 2465 3103 ars
2487 3054 2682 3101 natura
2731 3051 3113 3103 tantummodo
3170 3048 3238 3102 ad
3272 3046 3581 3102 nocendum

1971 3146 2286 3208 comparata
2314 3147 2417 3192 est.

2097 3247 2504 3305 CCCXXXVII.
2535 3278 2608 3291 —
2639 3246 3039 3305 THEODOSIO
3078 3244 3445 3303 EPISCOPO.

368 3379 556 3447 Ωσπερ
581 3375 804 3446 ἄριστος
837 3374 1018 3447 ἰατρὸς
1049 3374 1214 3446 τέχνῃ
1248 3375 1385 3447 πρὸς
1418 3375 1739 3446 συμμαχίαν
1766 3375 1865 3446 τῆς

2045 3397 2516 3465 Quemadmodum
2553 3396 2792 3466 optimus
2844 3395 3091 3451 medicus
3151 3396 3217 3449 ad
3263 3397 3587 3465 aegrotantis

263 3467 660 3540 ἀρρωστούσης
718 3467 936 3536 φύσεως
989 3466 1355 3538 ὡπλισμένος,
1409 3468 1537 3520 ὅταν
1602 3467 1867 3539 πολύτρο-

266 3576 362 3613 ποι
396 3558 506 3630 (65)
539 3559 864 3629 νοσημάτων
895 3558 1034 3612 ἰδέαι
1058 3560 1120 3613 τὸ
1158 3558 1318 3631 σῶμα
1345 3560 1700 3632 πολιορκῶσι,
1730 3563 1867 3632 πρὸς

262 3650 329 3705 τὸ
359 3653 684 3719 κατεπεῖγον
725 3650 1016 3721 ἱστάμενος
1049 3650 1119 3720 (ὁ
1166 3650 1276 3720 γὰρ
1320 3650 1438 3716 ἐξὸν
1478 3649 1670 3713 σῶσαι,
1709 3668 1867 3724 περι-

265 3741 545 3812 ορῶν,τῆς
571 3740 846 3802 ἀπωλείας
867 3739 1113 3812 δηλονότι
1143 3739 1344 3812 αι’τιος)
1380 3740 1448 3795 τὰ
1475 3742 1744 3814 ἀναϐολὴν
1775 3741 1871 3796 καὶ

268 3832 570 3904 ὑπέρθεσιν
609 3832 972 3904 ὲπιδεχόμενα
999 3835 1159 3903 τηρεί
1189 3831 1442 3904 δεύτερα,
1471 3833 1558 3886 ἵνα
1592 3833 1668 3905 μὴ
1695 3833 1868 3887 ταῦτα

267 3926 432 3992 δόξας
464 3924 838 3994 νενικηκέναι,
894 3921 985 3978 ὑπ’
1033 3924 1242 3978 ἐκείνου
1277 3923 1418 3999 λάθῃ
1449 3923 1752 3996 νικώμενος
1772 3925 1866 3980 τοῦ

268 4019 367 4071 καὶ
412 4018 511 4088 τὴν
561 4016 796 4081 δόξασαν
841 4016 1172 4087 γεγενῆσθαι
1202 4016 1362 4087 νίκην
1392 4018 1472 4079 είς
1511 4012 1682 4090 ἧτταν
1709 4035 1868 4090 περι-

266 4110 579 4182 τρέποντος·
609 4109 752 4163 οὕτω
783 4111 873 4164 καὶ
901 4091 1085 4175 αὐτος,
1115 4113 1181 4182 τῇ
1217 4111 1428 4164 συνέσει
1457 4100 1557 4181 τὴν
1585 4112 1683 4182 τῆς
1704 4111 1869 4184 θερα-

272 4204 435 4267 πείας
459 4203 568 4256 τῶν
597 4203 790 4273 ψυχῶν
819 4204 1132 4274 ἐπιστήμην
1167 4203 1432 4273 κεράσας,
1460 4204 1597 4274 πρὸς
1647 4204 1708 4257 τὸ
1734 4221 1868 4258 κατ-

267 4299 490 4364 επεῖγον
542 4295 758 4366 βλέψον.
828 4295 1089 4367 Ἐκείνου,
1120 4295 1230 4365 γὰρ
1282 4295 1523 4358 ίαθέντος
1579 4294 1736 4360 ἐλπὶς
1772 4295 1870 4350 καὶ

267 4390 342 4444 τὰ
367 4389 531 4443 λοιπὰ
559 4388 1006 4461 σννιαθήσεσθαι.

788 4687 966 4742 TAH'.
999 4719 1067 4730 —
1095 4689 1351 4744 ΩΡΙΩΝῘ.

339 4820 407 4874 Δί
462 4820 560 4890 μὲν
610 4820 705 4873 τοῦ
748 4818 1004 4889 σώματος
1037 4821 1226 4891 ἡδοναὶ
1274 4822 1559 4890 στωμύλαι
1592 4821 1703 4893 (66)
1738 4823 1865 4891 εἰσὶ,

271 4914 368 4966 καὶ
407 4913 583 4966 δειναὶ
623 4911 940 4982 γοητεὼαι,
976 4913 1069 4965 καὶ
1115 4914 1204 4965 τὸν
1246 4913 1507 4982 λογισμὸν
1533 4916 1630 4984 τῆς
1666 4915 1870 4985 ἡγεμο-

269 5003 389 5066 νίας
440 5002 745 5068 ὲκὸάλλειν,
803 5005 896 5056 καὶ
947 5005 1127 5058 πάντα
1179 5005 1292 5059 ἄνω
1343 5007 1438 5059 καὶ
1467 5007 1620 5060 κάτω
1669 5010 1865 5064 ποιεῖν.

283 5093 423 5147 Ἀλλ’
454 5096 503 5147 εἰ
533 5096 559 5146 ὁ
589 5095 758 5165 θυμὸς
780 5089 866 5165 τῷ
896 5083 1144 5166 λογισμῷ
1178 5099 1580 5167 συμμαχήσειε,
1613 5097 1708 5151 καὶ
1728 5099 1866 5152 καθ-

271 5187 413 5256 άπερ
445 5187 794 5257 ὑπασπιστὴς
845 5176 1056 5257 βασιλεῖ
1089 5188 1446 5254 ὑπακούσειε,
1483 5190 1682 5263 ῥαδίως
1723 5193 1866 5244 ἐκεῖ·

271 5297 357 5331 ναι
417 5279 1015 5350 καταγωνισθήσονται.
1070 5280 1297 5347 Δικαίας
1350 5284 1459 5353 γὰρ
1512 5283 1683 5352 ὀργῆς
1742 5285 1863 5336 κατ’

269 5371 450 5425 αὐτῶν
500 5371 812 5443 κινηθείσης
865 5374 965 5442 οὐχ
1012 5374 1411 5444 ὑποστήσονται
1463 5377 1562 5445 τὴν
1607 5376 1860 5448 ἀπειλὴν,

1974 3503 2180 3549 naturae
2236 3488 2539 3547 subsidium
2592 3500 2710 3545 arte
2760 3490 3058 3544 instructus
3080 3500 3136 3546 et
3160 3498 3432 3555 armatus,
3455 3506 3583 3544 cum

1972 3580 2142 3636 variis
2177 3580 2489 3634 morborum
2528 3578 2822 3646 generibus
2884 3594 3083 3649 corpus
3135 3579 3439 3646 obsidetur,
3489 3583 3581 3635 ad-

1973 3686 2164 3727 versus
2221 3688 2370 3736 eum,
2407 3671 2498 3741 qui
2539 3673 2718 3726 acrius
2764 3680 2922 3741 urget
2986 3672 3038 3724 in
3091 3673 3374 3742 procinctu
3426 3686 3580 3732 stans

1975 3765 2086 3836 (qui
2119 3765 2260 3819 enim
2285 3780 2407 3818 cum
2440 3764 2672 3819 salutem
2723 3763 2919 3818 afferre
2969 3765 3150 3830 liccat,
3183 3766 3455 3823 id-l‘acere
3482 3749 3587 3823 ne-l

1973 3857 2145 3929 gligit,
2177 3856 2430 3912 interitus
2464 3855 2676 3911 scilicet
2715 3873 2881 3913 causa
2932 3858 3040 3930 εει)
3079 3873 3198 3924 eos,
3235 3861 3326 3930 qui
3367 3876 3576 3915 moram

1973 3965 2039 4005 ac
2087 3949 2402 4004 dilationem
2451 3949 2767 4017 admittunt,
2828 3951 2879 4005 in
2933 3951 3214 4021 posterius
3261 3964 3467 4016 servat,
3511 3967 3579 4008 ne

1973 4040 2216 4110 alioqui,
2251 4039 2378 4093 dum
2419 4039 2518 4094 bos
2565 4041 2762 4095 vicisse
2809 4043 2912 4096 sibi
2957 4043 3190 4109 videtur,
3234 4044 3303 4097 ab
3334 4044 3448 4110 illo,
3484 4045 3576 4114 qui

1973 4135 2134 4190 etiam
2168 4131 2455 4195 victoriam
2500 4147 2645 4196 eam,
2678 4147 2800 4202 qua:
2847 4134 3128 4190 exstitisse
3175 4135 3481 4201 videbatur,
3521 4136 3577 4190 in

1973 4223 2183 4278 cladem
2242 4222 2530 4287 convertit,
2586 4223 2902 4292 imprudens
2960 4235 3251 4293 superetur
3306 4243 3320 4279 :
3381 4225 3573 4281 eodem

1973 4317 2134 4369 modo
2164 4326 2216 4368 ttt
2247 4329 2462 4384 quoque
2519 4317 2898 4369 tnamlatarttm
2943 4316 3252 4371 animarum
3289 4318 3575 4372 scientiam

1973 4406 2260 4477 prudentia
2314 4413 2649 4477 temperans,
2699 4407 2764 4462 ad
2801 4409 2876 4472 id,
2910 4411 3052 4478 quod
3108 4411 3340 4482 amplius
3397 4421 3578 4483 urget,

1973 4499 2257 4554 oculorum
2300 4501 2471 4555 aciem
2510 4501 2746 4554 intende.
2784 4499 2920 4555 Nam
2973 4517 3038 4559 eo
3082 4513 3295 4570 sanato,
3331 4519 3456 4576 spes
3490 4516 3582 4562 est

1976 4589 2095 4647 fore
2129 4601 2189 4646 ut
2213 4593 2419 4663 reliqua
2447 4594 2612 4648 etiam
2645 4603 2926 4648 sanentur.

2366 4698 2793 4757 CCCXXXVHI.
2818 4729 2885 4739 —
2915 4698 3174 4756 ORIONI.

2051 4825 2306 4896 Corporis
2339 4825 2556 4898 quidem
2594 4827 2898 4898 voluptates
2940 4827 3131 4898 lepidae
3159 4840 3306 4894 sunt,
3344 4846 3578 4902 eamque

1974 4918 2084 4971 vim
2119 4917 2318 4972 habent
2352 4927 2411 4972 ut
2435 4919 2708 4973 hominem
2739 4918 2886 4972 velut
2922 4919 3214 4988 praestigiis
3245 4923 3574 4990 quibusdam

1975 5012 2223 5078 illiciant,
2254 5028 2316 5068 ac
2345 5016 2611 5070 rationem
2645 5030 2674 5070 e
2715 5017 3020 5086 principatu
3063 5017 3380 5083 exturbent,
3408 5029 3577 5090 atque

1975 5104 2156 5156 omnia
2185 5119 2400 5159 sursum
2438 5115 2492 5159 et
2516 5106 2770 5161 deorsum
2823 5109 3108 5161 misceant.
3145 5107 3215 5161 At
3257 5110 3300 5164 si
3354 5110 3432 5164 ira
3483 5125 3575 5162 ra-

1979 5193 2108 5249 tioni
2142 5198 2418 5266 suppetias
2447 5196 2606 5262 ferat,
2643 5213 2705 5252 ac
2755 5209 3010 5268 tauquam
3041 5200 3272 5270 stipator
3301 5203 3410 5271 regi
3444 5203 3577 5260 obe-

1975 5285 2215 5341 dientem
2244 5303 2301 5342 se
2333 5291 2596 5358 praebeat,
2622 5289 2766 5344 facili
2797 5293 3013 5362 negotio
3043 5291 3147 5347 illa:
3173 5295 3573 5363 opprimentur.

1974 5375 2124 5431 Justa
2152 5379 2295 5433 enim
2347 5380 2427 5434 ira
2475 5381 2739 5438 adversits
2773 5398 2868 5438 eas
2899 5385 3160 5450 excitata,
3202 5387 3377 5440 minas
3429 5388 3574 5442 haud

1343 5576 1572 5635 VARUE
1611 5579 2002 5637 LECTlONES
2040 5581 2130 5636 ET
2169 5581 2404 5639 ΝΟΤᾹΞ.

340 5730 452 5802 (65)
493 5727 826 5802 Πολύτροπσι
855 5731 919 5785 ad
951 5733 1165 5789 eodem.
1202 5735 1320 5790 cod.
1361 5744 1604 5791 mutatur
1657 5738 1706 5791 iu
1760 5759 1857 5794 πο-

265 5799 572 5924 λντρὲπων.
609 5799 762 5856 Vera.
793 5801 824 5855 4
850 5802 959 5857 ιιιῦ
1002 5803 1140 5858 tollit
1190 5806 1329 5860 idem
1376 5805 1528 5875 signa
1563 5813 1861 5878 parentlie~

268 5886 367 5924 sis.
446 5886 612 5924 OSSIN.

268 5886 367 5928 MS.
403 5886 612 5925 I’OSSIN.

2043 5738 2156 5812 (66)
2192 5740 2327 5817 Cod.
2369 5743 2486 5798 Val.
2524 5744 2650 5808 650,
2674 5744 2924 5815 αἱμύλαι.
2957 5744 3126 5798 Versu
3161 5747 3323 5815 epist.
3363 5749 3569 5817 penult.

1974 5814 2433 5882 παρεσκευάσατο
2458 5829 2556 5885 pro
2593 5814 3036 5886 παρεκελεύσατο
3060 5814 3206 5888 legit.
3255 5819 3329 5874 ID.
