  <div class='ocr_page' id='page_1' title='image "/cluster/home/n/w/nwhite01/storage/ocr_20150623/78/pst.000005712779/509.png"; bbox 0 0 4164 6432; ppageno 0'>
   <div class='ocr_carea' id='block_1_1' title="bbox 681 378 783 442">
    <p class='ocr_par' dir='ltr' id='par_1_1' title="bbox 681 378 783 442">
     <span class='ocr_line' id='line_1_1' title="bbox 681 378 783 442; baseline 0 0"><span class='ocrx_word' id='word_1_1' title='bbox 681 378 783 442; x_wconf 82' lang='lat'><strong>999</strong></span> 
     </span>
    </p>
   </div>
   <div class='ocr_carea' id='block_1_2' title="bbox 1840 366 2719 432">
    <p class='ocr_par' dir='ltr' id='par_1_2' title="bbox 1840 366 2719 432">
     <span class='ocr_line' id='line_1_2' title="bbox 1840 366 2719 432; baseline -0.007 -2"><span class='ocrx_word' id='word_1_2' title='bbox 1840 372 1899 431; x_wconf 83' lang='lat' dir='ltr'><strong>S.</strong></span> <span class='ocrx_word' id='word_1_3' title='bbox 1945 369 2233 432; x_wconf 82' lang='lat' dir='ltr'><strong>ISIDORI</strong></span> <span class='ocrx_word' id='word_1_4' title='bbox 2281 366 2719 427; x_wconf 75' lang='lat' dir='ltr'><strong>PELUSIOT/E</strong></span> 
     </span>
    </p>
   </div>
   <div class='ocr_carea' id='block_1_3' title="bbox 3773 368 3910 427">
    <p class='ocr_par' dir='ltr' id='par_1_3' title="bbox 3773 368 3910 427">
     <span class='ocr_line' id='line_1_3' title="bbox 3773 368 3910 427; baseline -0.022 0"><span class='ocrx_word' id='word_1_5' title='bbox 3773 368 3910 427; x_wconf 79' lang='lat'><strong>1000</strong></span> 
     </span>
    </p>
   </div>
   <div class='ocr_carea' id='block_1_4' title="bbox 681 472 2233 560">
    <p class='ocr_par' dir='ltr' id='par_1_4' title="bbox 681 482 2233 560">
     <span class='ocr_line' id='line_1_4' title="bbox 681 482 2233 560; baseline -0.008 -16"><span class='ocrx_word' id='word_1_6' title='bbox 681 504 946 560; x_wconf 84' lang='lat' dir='ltr'><strong>quaquam</strong></span> <span class='ocrx_word' id='word_1_7' title='bbox 981 484 1318 542; x_wconf 73' lang='lat' dir='ltr'><strong>susﬁnebunt</strong></span> <span class='ocrx_word' id='word_1_8' title='bbox 1349 499 1361 535; x_wconf 74' lang='grc' dir='ltr'>ε</span> <span class='ocrx_word' id='word_1_9' title='bbox 1398 495 1578 534; x_wconf 76' lang='lat' dir='ltr'><strong>verum</strong></span> <span class='ocrx_word' id='word_1_10' title='bbox 1612 484 1980 536; x_wconf 87' lang='lat' dir='ltr'><strong>irritooouatn</strong></span> <span class='ocrx_word' id='word_1_11' title='bbox 2004 482 2233 539; x_wconf 47' lang='lat' dir='ltr'><strong>abibunt,</strong></span> 
     </span>
    </p>
   </div>
   <div class='ocr_carea' id='block_1_5' title="bbox 2337 472 3912 560">
    <p class='ocr_par' dir='ltr' id='par_1_5' title="bbox 2352 472 3912 547">
     <span class='ocr_line' id='line_1_5' title="bbox 2352 472 3912 547; baseline -0.004 -17"><span class='ocrx_word' id='word_1_12' title='bbox 2352 477 2487 530; x_wconf 85' lang='grc' dir='ltr'><strong>ἀλλά</strong></span> <span class='ocrx_word' id='word_1_13' title='bbox 2535 476 2754 546; x_wconf 74' lang='grc' dir='ltr'>φροῦδοι</span> <span class='ocrx_word' id='word_1_14' title='bbox 2800 476 3128 545; x_wconf 72' lang='grc' dir='ltr'><strong>οἰχήσονται,</strong></span> <span class='ocrx_word' id='word_1_15' title='bbox 3158 474 3217 528; x_wconf 79' lang='grc' dir='ltr'>τὸ</span> <span class='ocrx_word' id='word_1_16' title='bbox 3250 477 3425 546; x_wconf 82' lang='grc' dir='ltr'>νικᾷν,</span> <span class='ocrx_word' id='word_1_17' title='bbox 3470 476 3546 545; x_wconf 78' lang='grc' dir='ltr'>τῷ</span> <span class='ocrx_word' id='word_1_18' title='bbox 3574 477 3730 547; x_wconf 79' lang='grc' dir='ltr'>νικᾷν</span> <span class='ocrx_word' id='word_1_19' title='bbox 3766 472 3912 544; x_wconf 78' lang='grc' dir='ltr'>ὀφεί-</span> 
     </span>
    </p>
   </div>
   <div class='ocr_carea' id='block_1_6' title="bbox 681 572 2248 642">
    <p class='ocr_par' dir='ltr' id='par_1_6' title="bbox 681 572 2248 642">
     <span class='ocr_line' id='line_1_6' title="bbox 681 572 2248 642; baseline -0.005 -9"><span class='ocrx_word' id='word_1_20' title='bbox 681 580 961 637; x_wconf 71' lang='grc' dir='ltr'>γῖςιοτίιιιιι</span> <span class='ocrx_word' id='word_1_21' title='bbox 996 575 1211 635; x_wconf 87' lang='lat' dir='ltr'><strong>rationi,</strong></span> <span class='ocrx_word' id='word_1_22' title='bbox 1257 588 1375 642; x_wconf 83' lang='lat' dir='ltr'><strong>qme</strong></span> <span class='ocrx_word' id='word_1_23' title='bbox 1422 574 1611 627; x_wconf 79' lang='lat' dir='ltr'><strong>victrix</strong></span> <span class='ocrx_word' id='word_1_24' title='bbox 1664 588 1786 627; x_wconf 87' lang='lat' dir='ltr'><strong>esse</strong></span> <span class='ocrx_word' id='word_1_25' title='bbox 1832 572 2015 635; x_wconf 87' lang='lat' dir='ltr'><strong>debet,</strong></span> <span class='ocrx_word' id='word_1_26' title='bbox 2050 586 2248 626; x_wconf 88' lang='lat' dir='ltr'><strong>conce-</strong></span> 
     </span>
    </p>
   </div>
   <div class='ocr_carea' id='block_1_7' title="bbox 680 662 2248 735">
    <p class='ocr_par' dir='ltr' id='par_1_7' title="bbox 680 662 2248 735">
     <span class='ocr_line' id='line_1_7' title="bbox 680 662 2248 735; baseline -0.007 -10"><span class='ocrx_word' id='word_1_27' title='bbox 680 673 887 727; x_wconf 91' lang='lat' dir='ltr'><strong>dentes.</strong></span> <span class='ocrx_word' id='word_1_28' title='bbox 923 667 1097 735; x_wconf 82' lang='lat' dir='ltr'><strong>Atque</strong></span> <span class='ocrx_word' id='word_1_29' title='bbox 1122 666 1224 719; x_wconf 89' lang='lat' dir='ltr'><strong>hoc</strong></span> <span class='ocrx_word' id='word_1_30' title='bbox 1255 672 1335 721; x_wconf 83' lang='lat' dir='ltr'><strong>est</strong></span> <span class='ocrx_word' id='word_1_31' title='bbox 1361 664 1503 733; x_wconf 88' lang='lat' dir='ltr'><strong>quod</strong></span> <span class='ocrx_word' id='word_1_32' title='bbox 1535 662 1743 718; x_wconf 84' lang='lat' dir='ltr'><strong>Psaltes</strong></span> <span class='ocrx_word' id='word_1_33' title='bbox 1777 664 1991 731; x_wconf 89' lang='lat' dir='ltr'><strong>quidem</strong></span> <span class='ocrx_word' id='word_1_34' title='bbox 2024 662 2248 724; x_wconf 85' lang='lat' dir='ltr'><strong>monnit,</strong></span> 
     </span>
    </p>
   </div>
   <div class='ocr_carea' id='block_1_8' title="bbox 679 752 2250 822">
    <p class='ocr_par' dir='ltr' id='par_1_8' title="bbox 679 752 2250 822">
     <span class='ocr_line' id='line_1_8' title="bbox 679 752 2250 822; baseline -0.004 -9"><span class='ocrx_word' id='word_1_35' title='bbox 679 771 733 813; x_wconf 91' lang='lat' dir='ltr'><strong>tu</strong></span> <span class='ocrx_word' id='word_1_36' title='bbox 764 770 944 812; x_wconf 81' lang='lat' dir='ltr'><strong>autem</strong></span> <span class='ocrx_word' id='word_1_37' title='bbox 1001 754 1298 822; x_wconf 74' lang='lat' dir='ltr'><strong>intelligere</strong></span> <span class='ocrx_word' id='word_1_38' title='bbox 1332 754 1483 822; x_wconf 86' lang='lat' dir='ltr'><strong>cupis</strong></span> <span class='ocrx_word' id='word_1_39' title='bbox 1517 772 1531 806; x_wconf 88' lang='lat'>:</span> <span class='ocrx_word' id='word_1_40' title='bbox 1572 772 1589 804; x_wconf 81' lang='grc' dir='ltr'><strong>ι</strong></span> <span class='ocrx_word' id='word_1_41' title='bbox 1632 752 1949 816; x_wconf 88' lang='lat' dir='ltr'><strong>Irascimiui,</strong></span> <span class='ocrx_word' id='word_1_42' title='bbox 1987 762 2040 807; x_wconf 90' lang='lat' dir='ltr'><strong>et</strong></span> <span class='ocrx_word' id='word_1_43' title='bbox 2086 752 2250 806; x_wconf 83' lang='lat' dir='ltr'><strong>nolite</strong></span> 
     </span>
    </p>
   </div>
   <div class='ocr_carea' id='block_1_9' title="bbox 714 848 1055 905">
    <p class='ocr_par' dir='ltr' id='par_1_9' title="bbox 714 848 1055 905">
     <span class='ocr_line' id='line_1_9' title="bbox 714 848 1055 905; baseline -0.012 0"><span class='ocrx_word' id='word_1_44' title='bbox 714 864 906 905; x_wconf 85' lang='lat' dir='ltr'><strong>eccare</strong></span> <span class='ocrx_word' id='word_1_45' title='bbox 928 848 993 901; x_wconf 81' lang='grc'><strong>³⁸.</strong></span> <span class='ocrx_word' id='word_1_46' title='bbox 1038 866 1055 898; x_wconf 79' lang='grc' dir='ltr'><strong>ι</strong></span> 
     </span>
    </p>
   </div>
   <div class='ocr_carea' id='block_1_10' title="bbox 677 866 2245 1011">
    <p class='ocr_par' dir='ltr' id='par_1_10' title="bbox 677 866 2245 1011">
     <span class='ocr_line' id='line_1_10' title="bbox 714 866 1055 905; baseline -0.021 0"><span class='ocrx_word' id='word_1_47' title='bbox 714 866 906 905; x_wconf 83' lang='lat' dir='ltr'><strong>cccare</strong></span> <span class='ocrx_word' id='word_1_48' title='bbox 928 866 993 901; x_wconf 81' lang='lat'><strong>&quot;.</strong></span> <span class='ocrx_word' id='word_1_49' title='bbox 1038 866 1055 898; x_wconf 81' lang='grc' dir='ltr'><strong>ι</strong></span> 
     </span>
     <span class='ocr_line' id='line_1_11' title="bbox 677 866 2245 1011; baseline -0.008 1"><span class='ocrx_word' id='word_1_50' title='bbox 677 866 1053 1011; x_wconf 62' lang='lat' dir='ltr'><strong>:CCXXXIX.</strong></span> <span class='ocrx_word' id='word_1_51' title='bbox 1108 976 1178 991; x_wconf 93' lang='lat'><strong>—-</strong></span> <span class='ocrx_word' id='word_1_52' title='bbox 1258 948 1699 1005; x_wconf 72' lang='lat' dir='ltr'><strong>NEMESSIANO</strong></span> <span class='ocrx_word' id='word_1_53' title='bbox 1756 944 2245 1003; x_wconf 76' lang='lat' dir='ltr'><strong>SCIIOLASTICO.</strong></span> 
     </span>
    </p>
   </div>
   <div class='ocr_carea' id='block_1_11' title="bbox 749 1058 2247 1131">
    <p class='ocr_par' dir='ltr' id='par_1_11' title="bbox 749 1058 2247 1131">
     <span class='ocr_line' id='line_1_12' title="bbox 749 1058 2247 1131; baseline -0.005 -15"><span class='ocrx_word' id='word_1_54' title='bbox 749 1061 1205 1131; x_wconf 77' lang='lat' dir='ltr'><strong>Quemadmodum</strong></span> <span class='ocrx_word' id='word_1_55' title='bbox 1242 1058 1469 1129; x_wconf 78' lang='lat' dir='ltr'><strong>gentiles</strong></span> <span class='ocrx_word' id='word_1_56' title='bbox 1498 1068 1551 1113; x_wconf 91' lang='lat' dir='ltr'><strong>et</strong></span> <span class='ocrx_word' id='word_1_57' title='bbox 1580 1058 1794 1112; x_wconf 70' lang='lat' dir='ltr'><strong>Iudaeos</strong></span> <span class='ocrx_word' id='word_1_58' title='bbox 1814 1099 1828 1121; x_wconf 97' lang='lat'><strong>,</strong></span> <span class='ocrx_word' id='word_1_59' title='bbox 1852 1067 1905 1112; x_wconf 89' lang='lat' dir='ltr'><strong>et</strong></span> <span class='ocrx_word' id='word_1_60' title='bbox 1930 1058 1973 1113; x_wconf 89' lang='lat' dir='ltr'><strong>si</strong></span> <span class='ocrx_word' id='word_1_61' title='bbox 2002 1058 2091 1126; x_wconf 85' lang='lat' dir='ltr'><strong>qui</strong></span> <span class='ocrx_word' id='word_1_62' title='bbox 2121 1067 2247 1111; x_wconf 91' lang='lat' dir='ltr'><strong>sunt</strong></span> 
     </span>
    </p>
   </div>
   <div class='ocr_carea' id='block_1_12' title="bbox 676 1151 2248 1227">
    <p class='ocr_par' dir='ltr' id='par_1_12' title="bbox 676 1151 2248 1227">
     <span class='ocr_line' id='line_1_13' title="bbox 676 1151 2248 1227; baseline -0.004 -18"><span class='ocrx_word' id='word_1_63' title='bbox 676 1159 768 1227; x_wconf 87' lang='lat' dir='ltr'><strong>qtti</strong></span> <span class='ocrx_word' id='word_1_64' title='bbox 804 1170 987 1210; x_wconf 85' lang='lat' dir='ltr'><strong>eorum</strong></span> <span class='ocrx_word' id='word_1_65' title='bbox 1034 1154 1281 1222; x_wconf 81' lang='lat' dir='ltr'><strong>dogmata</strong></span> <span class='ocrx_word' id='word_1_66' title='bbox 1316 1161 1711 1216; x_wconf 81' lang='lat' dir='ltr'><strong>consectentur,</strong></span> <span class='ocrx_word' id='word_1_67' title='bbox 1742 1151 1933 1218; x_wconf 86' lang='lat' dir='ltr'><strong>impios</strong></span> <span class='ocrx_word' id='word_1_68' title='bbox 1981 1162 2035 1202; x_wconf 90' lang='lat' dir='ltr'><strong>et</strong></span> <span class='ocrx_word' id='word_1_69' title='bbox 2066 1164 2248 1203; x_wconf 88' lang='lat' dir='ltr'><strong>vecor-</strong></span> 
     </span>
    </p>
   </div>
   <div class='ocr_carea' id='block_1_13' title="bbox 674 1239 2247 1312">
    <p class='ocr_par' dir='ltr' id='par_1_13' title="bbox 674 1239 2247 1312">
     <span class='ocr_line' id='line_1_14' title="bbox 674 1239 2247 1312; baseline -0.004 -13"><span class='ocrx_word' id='word_1_70' title='bbox 674 1249 768 1301; x_wconf 86' lang='lat' dir='ltr'><strong>des</strong></span> <span class='ocrx_word' id='word_1_71' title='bbox 801 1259 919 1299; x_wconf 82' lang='lat' dir='ltr'><strong>esse</strong></span> <span class='ocrx_word' id='word_1_72' title='bbox 945 1252 1144 1305; x_wconf 90' lang='lat' dir='ltr'><strong>statuo,</strong></span> <span class='ocrx_word' id='word_1_73' title='bbox 1177 1243 1319 1312; x_wconf 88' lang='lat' dir='ltr'><strong>quod</strong></span> <span class='ocrx_word' id='word_1_74' title='bbox 1349 1245 1635 1311; x_wconf 84' lang='lat' dir='ltr'><strong>prophetas</strong></span> <span class='ocrx_word' id='word_1_75' title='bbox 1684 1242 1815 1294; x_wconf 82' lang='lat' dir='ltr'><strong>nihil</strong></span> <span class='ocrx_word' id='word_1_76' title='bbox 1870 1244 1935 1295; x_wconf 89' lang='lat' dir='ltr'><strong>de</strong></span> <span class='ocrx_word' id='word_1_77' title='bbox 1967 1239 2247 1295; x_wconf 84' lang='lat' dir='ltr'><strong>Salvatorc</strong></span> 
     </span>
    </p>
   </div>
   <div class='ocr_carea' id='block_1_14' title="bbox 674 1330 2245 1401">
    <p class='ocr_par' dir='ltr' id='par_1_14' title="bbox 674 1330 2245 1401">
     <span class='ocr_line' id='line_1_15' title="bbox 674 1330 2245 1401; baseline -0.003 -14"><span class='ocrx_word' id='word_1_78' title='bbox 674 1336 875 1389; x_wconf 87' lang='lat' dir='ltr'><strong>locutos</strong></span> <span class='ocrx_word' id='word_1_79' title='bbox 900 1347 1020 1388; x_wconf 88' lang='lat' dir='ltr'><strong>esse</strong></span> <span class='ocrx_word' id='word_1_80' title='bbox 1051 1332 1429 1401; x_wconf 82' lang='lat' dir='ltr'><strong>pronuntiem:</strong></span> <span class='ocrx_word' id='word_1_81' title='bbox 1458 1332 1645 1384; x_wconf 81' lang='lat' dir='ltr'><strong>eodem</strong></span> <span class='ocrx_word' id='word_1_82' title='bbox 1681 1331 1836 1383; x_wconf 85' lang='lat' dir='ltr'><strong>modo</strong></span> <span class='ocrx_word' id='word_1_83' title='bbox 1859 1344 1973 1395; x_wconf 85' lang='lat' dir='ltr'><strong>eos,</strong></span> <span class='ocrx_word' id='word_1_84' title='bbox 2004 1331 2091 1399; x_wconf 90' lang='lat' dir='ltr'><strong>qui</strong></span> <span class='ocrx_word' id='word_1_85' title='bbox 2124 1330 2245 1383; x_wconf 85' lang='lat' dir='ltr'><strong>uui-</strong></span> 
     </span>
    </p>
   </div>
   <div class='ocr_carea' id='block_1_15' title="bbox 673 1418 2245 1491">
    <p class='ocr_par' dir='ltr' id='par_1_15' title="bbox 673 1418 2245 1491">
     <span class='ocr_line' id='line_1_16' title="bbox 673 1418 2245 1491; baseline -0.001 -13"><span class='ocrx_word' id='word_1_86' title='bbox 673 1441 886 1482; x_wconf 79' lang='lat' dir='ltr'><strong>versum</strong></span> <span class='ocrx_word' id='word_1_87' title='bbox 941 1418 1112 1479; x_wconf 67' lang='lat' dir='ltr'><strong>Vetus</strong></span> <span class='ocrx_word' id='word_1_88' title='bbox 1156 1422 1571 1478; x_wconf 82' lang='lat' dir='ltr'><strong>Testamentum</strong></span> <span class='ocrx_word' id='word_1_89' title='bbox 1610 1423 1677 1477; x_wconf 89' lang='lat' dir='ltr'><strong>ad</strong></span> <span class='ocrx_word' id='word_1_90' title='bbox 1729 1424 1899 1491; x_wconf 89' lang='lat' dir='ltr'><strong>ipsum</strong></span> <span class='ocrx_word' id='word_1_91' title='bbox 1955 1422 2245 1476; x_wconf 78' lang='lat' dir='ltr'><strong>transferre</strong></span> 
     </span>
    </p>
   </div>
   <div class='ocr_carea' id='block_1_16' title="bbox 675 1512 2241 1583">
    <p class='ocr_par' dir='ltr' id='par_1_16' title="bbox 675 1512 2241 1583">
     <span class='ocr_line' id='line_1_17' title="bbox 675 1512 2241 1583; baseline -0.003 -13"><span class='ocrx_word' id='word_1_92' title='bbox 675 1527 935 1571; x_wconf 80' lang='lat' dir='ltr'><strong>conantur</strong></span> <span class='ocrx_word' id='word_1_93' title='bbox 967 1516 1120 1583; x_wconf 86' lang='lat' dir='ltr'><strong>culpa</strong></span> <span class='ocrx_word' id='word_1_94' title='bbox 1162 1513 1378 1567; x_wconf 89' lang='lat' dir='ltr'><strong>minime</strong></span> <span class='ocrx_word' id='word_1_95' title='bbox 1419 1526 1607 1568; x_wconf 85' lang='lat' dir='ltr'><strong>carere</strong></span> <span class='ocrx_word' id='word_1_96' title='bbox 1640 1515 1833 1578; x_wconf 83' lang='lat' dir='ltr'><strong>sentio,</strong></span> <span class='ocrx_word' id='word_1_97' title='bbox 1871 1522 1925 1567; x_wconf 86' lang='lat' dir='ltr'><strong>ut</strong></span> <span class='ocrx_word' id='word_1_98' title='bbox 1952 1512 2055 1582; x_wconf 82' lang='lat' dir='ltr'><strong>qui</strong></span> <span class='ocrx_word' id='word_1_99' title='bbox 2087 1513 2139 1566; x_wconf 91' lang='lat' dir='ltr'><strong>in</strong></span> <span class='ocrx_word' id='word_1_100' title='bbox 2180 1528 2241 1567; x_wconf 84' lang='lat' dir='ltr'><strong>ea</strong></span> 
     </span>
    </p>
   </div>
   <div class='ocr_carea' id='block_1_17' title="bbox 673 1603 2243 1678">
    <p class='ocr_par' dir='ltr' id='par_1_17' title="bbox 673 1603 2243 1678">
     <span class='ocr_line' id='line_1_18' title="bbox 673 1603 2243 1678; baseline -0.002 -18"><span class='ocrx_word' id='word_1_101' title='bbox 673 1624 872 1678; x_wconf 85' lang='lat' dir='ltr'><strong>pugna,</strong></span> <span class='ocrx_word' id='word_1_102' title='bbox 926 1621 1088 1675; x_wconf 87' lang='lat' dir='ltr'><strong>quam</strong></span> <span class='ocrx_word' id='word_1_103' title='bbox 1152 1606 1435 1659; x_wconf 83' lang='lat' dir='ltr'><strong>adversum</strong></span> <span class='ocrx_word' id='word_1_104' title='bbox 1492 1620 1588 1659; x_wconf 89' lang='lat' dir='ltr'><strong>nos</strong></span> <span class='ocrx_word' id='word_1_105' title='bbox 1646 1605 1849 1669; x_wconf 90' lang='lat' dir='ltr'><strong>ineunt,</strong></span> <span class='ocrx_word' id='word_1_106' title='bbox 1905 1603 2243 1663; x_wconf 77' lang='lat' dir='ltr'><strong>adversarios</strong></span> 
     </span>
    </p>
   </div>
   <div class='ocr_carea' id='block_1_18' title="bbox 670 1695 2241 1769">
    <p class='ocr_par' dir='ltr' id='par_1_18' title="bbox 670 1695 2241 1769">
     <span class='ocr_line' id='line_1_19' title="bbox 670 1695 2241 1769; baseline -0.001 -18"><span class='ocrx_word' id='word_1_107' title='bbox 670 1698 942 1764; x_wconf 72' lang='lat' dir='ltr'><strong>adjuvant.</strong></span> <span class='ocrx_word' id='word_1_108' title='bbox 993 1695 1125 1749; x_wconf 81' lang='lat' dir='ltr'><strong>Nam</strong></span> <span class='ocrx_word' id='word_1_109' title='bbox 1151 1695 1278 1751; x_wconf 87' lang='lat' dir='ltr'><strong>dum</strong></span> <span class='ocrx_word' id='word_1_110' title='bbox 1306 1714 1427 1769; x_wconf 71' lang='lat' dir='ltr'><strong>qure</strong></span> <span class='ocrx_word' id='word_1_111' title='bbox 1453 1695 1517 1751; x_wconf 68' lang='lat' dir='ltr'><strong>de.</strong></span> <span class='ocrx_word' id='word_1_112' title='bbox 1553 1695 1670 1763; x_wconf 90' lang='lat' dir='ltr'><strong>ipso</strong></span> <span class='ocrx_word' id='word_1_113' title='bbox 1696 1709 1797 1747; x_wconf 94' lang='lat' dir='ltr'><strong>non</strong></span> <span class='ocrx_word' id='word_1_114' title='bbox 1842 1704 1966 1748; x_wconf 86' lang='lat' dir='ltr'><strong>sunt</strong></span> <span class='ocrx_word' id='word_1_115' title='bbox 2003 1697 2144 1751; x_wconf 88' lang='lat' dir='ltr'><strong>dicta</strong></span> <span class='ocrx_word' id='word_1_116' title='bbox 2175 1697 2241 1749; x_wconf 91' lang='lat' dir='ltr'><strong>ad</strong></span> 
     </span>
    </p>
   </div>
   <div class='ocr_carea' id='block_1_19' title="bbox 2353 568 3923 638">
    <p class='ocr_par' dir='ltr' id='par_1_19' title="bbox 2353 568 3923 638">
     <span class='ocr_line' id='line_1_20' title="bbox 2353 568 3923 638; baseline 0.002 -21"><span class='ocrx_word' id='word_1_117' title='bbox 2353 569 2499 620; x_wconf 84' lang='grc' dir='ltr'>λοντι</span> <span class='ocrx_word' id='word_1_118' title='bbox 2548 568 2792 637; x_wconf 77' lang='grc' dir='ltr'>λογισμῷ</span> <span class='ocrx_word' id='word_1_119' title='bbox 2843 568 3225 638; x_wconf 78' lang='grc' dir='ltr'>ἐπιτρέψασαι.</span> <span class='ocrx_word' id='word_1_120' title='bbox 3269 570 3375 621; x_wconf 81' lang='grc' dir='ltr'><strong>Καὶ</strong></span> <span class='ocrx_word' id='word_1_121' title='bbox 3418 568 3561 621; x_wconf 75' lang='grc' dir='ltr'>τοῦτ’</span> <span class='ocrx_word' id='word_1_122' title='bbox 3608 568 3757 621; x_wconf 75' lang='grc' dir='ltr'>ἔστιν</span> <span class='ocrx_word' id='word_1_123' title='bbox 3787 570 3923 638; x_wconf 82' lang='grc' dir='ltr'>ὅπερ</span> 
     </span>
    </p>
   </div>
   <div class='ocr_carea' id='block_1_20' title="bbox 2351 658 3928 731">
    <p class='ocr_par' dir='ltr' id='par_1_20' title="bbox 2351 658 3928 731">
     <span class='ocr_line' id='line_1_21' title="bbox 2351 658 3928 731; baseline 0 -19"><span class='ocrx_word' id='word_1_124' title='bbox 2351 660 2378 711; x_wconf 84' lang='grc' dir='ltr'>ὁ</span> <span class='ocrx_word' id='word_1_125' title='bbox 2400 659 2652 729; x_wconf 79' lang='grc' dir='ltr'>Μελῳδὸς</span> <span class='ocrx_word' id='word_1_126' title='bbox 2692 659 2794 729; x_wconf 81' lang='grc' dir='ltr'><strong>μὲν</strong></span> <span class='ocrx_word' id='word_1_127' title='bbox 2831 660 3300 726; x_wconf 75' lang='grc' dir='ltr'><strong>παρεκελεύσατο,</strong></span> <span class='ocrx_word' id='word_1_128' title='bbox 3322 662 3386 713; x_wconf 79' lang='grc' dir='ltr'><strong>σὺ</strong></span> <span class='ocrx_word' id='word_1_129' title='bbox 3405 661 3461 713; x_wconf 80' lang='grc' dir='ltr'><strong>δέ</strong></span> <span class='ocrx_word' id='word_1_130' title='bbox 3486 658 3680 731; x_wconf 78' lang='grc' dir='ltr'><strong>μαθεῖν</strong></span> <span class='ocrx_word' id='word_1_131' title='bbox 3728 660 3928 730; x_wconf 65' lang='grc' dir='ltr'>ἠθέλης-</span> 
     </span>
    </p>
   </div>
   <div class='ocr_carea' id='block_1_21' title="bbox 2353 750 3625 823">
    <p class='ocr_par' dir='ltr' id='par_1_21' title="bbox 2353 750 3625 823">
     <span class='ocr_line' id='line_1_22' title="bbox 2353 750 3625 823; baseline 0.002 -21"><span class='ocrx_word' id='word_1_132' title='bbox 2353 767 2452 813; x_wconf 88' lang='grc' dir='ltr'><strong>σας</strong></span> <span class='ocrx_word' id='word_1_133' title='bbox 2478 768 2493 782; x_wconf 87' lang='grc'><strong>·</strong></span> <span class='ocrx_word' id='word_1_134' title='bbox 2536 771 2554 801; x_wconf 76' lang='grc' dir='ltr'><strong>ι</strong></span> <span class='ocrx_word' id='word_1_135' title='bbox 2607 750 2937 820; x_wconf 75' lang='grc' dir='ltr'>Ὀργίξεσθε,</span> <span class='ocrx_word' id='word_1_136' title='bbox 2969 753 3062 805; x_wconf 77' lang='grc' dir='ltr'>καὶ</span> <span class='ocrx_word' id='word_1_137' title='bbox 3102 752 3173 821; x_wconf 80' lang='grc' dir='ltr'>μὴ</span> <span class='ocrx_word' id='word_1_138' title='bbox 3204 754 3569 823; x_wconf 83' lang='grc' dir='ltr'>ἁμαρτάνετε.</span> <span class='ocrx_word' id='word_1_139' title='bbox 3606 772 3625 804; x_wconf 76' lang='grc' dir='ltr'><strong>ι</strong></span> 
     </span>
    </p>
   </div>
   <div class='ocr_carea' id='block_1_22' title="bbox 2524 948 3745 1027">
    <p class='ocr_par' dir='ltr' id='par_1_22' title="bbox 2524 948 3745 1027">
     <span class='ocr_line' id='line_1_23' title="bbox 2524 948 3745 1027; baseline 0.006 -25"><span class='ocrx_word' id='word_1_140' title='bbox 2524 948 2690 1005; x_wconf 84' lang='grc' dir='ltr'><strong>ΤΛΘ’.</strong></span> <span class='ocrx_word' id='word_1_141' title='bbox 2716 979 2789 990; x_wconf 87' lang='lat'><strong>--</strong></span> <span class='ocrx_word' id='word_1_142' title='bbox 2811 951 3251 1025; x_wconf 75' lang='grc' dir='ltr'><strong>ΝΕΜΕΣΣῙᾹΝῼ</strong></span> <span class='ocrx_word' id='word_1_143' title='bbox 3292 955 3745 1027; x_wconf 77' lang='grc' dir='ltr'><strong>ΣΧΟΛΔΣΤΙΚῼ.</strong></span> 
     </span>
    </p>
   </div>
   <div class='ocr_carea' id='block_1_23' title="bbox 2423 1059 3921 1132">
    <p class='ocr_par' dir='ltr' id='par_1_23' title="bbox 2423 1059 3921 1132">
     <span class='ocr_line' id='line_1_24' title="bbox 2423 1059 3921 1132; baseline 0.004 -21"><span class='ocrx_word' id='word_1_144' title='bbox 2423 1060 2633 1130; x_wconf 80' lang='grc' dir='ltr'>Ὥσπερ</span> <span class='ocrx_word' id='word_1_145' title='bbox 2684 1059 2971 1132; x_wconf 87' lang='grc' dir='ltr'>Ἕλληνας,</span> <span class='ocrx_word' id='word_1_146' title='bbox 3006 1062 3101 1115; x_wconf 77' lang='grc' dir='ltr'>καὶ</span> <span class='ocrx_word' id='word_1_147' title='bbox 3145 1062 3453 1126; x_wconf 81' lang='grc' dir='ltr'>Ἰουδαίους,</span> <span class='ocrx_word' id='word_1_148' title='bbox 3480 1065 3570 1116; x_wconf 78' lang='grc' dir='ltr'><strong>καὶ</strong></span> <span class='ocrx_word' id='word_1_149' title='bbox 3600 1064 3654 1115; x_wconf 79' lang='grc' dir='ltr'><strong>εί</strong></span> <span class='ocrx_word' id='word_1_150' title='bbox 3674 1081 3818 1126; x_wconf 81' lang='grc' dir='ltr'>τινες</span> <span class='ocrx_word' id='word_1_151' title='bbox 3853 1063 3921 1117; x_wconf 73' lang='grc' dir='ltr'><strong>τὰ</strong></span> 
     </span>
    </p>
   </div>
   <div class='ocr_carea' id='block_1_24' title="bbox 2350 1147 3920 1221">
    <p class='ocr_par' dir='ltr' id='par_1_24' title="bbox 2350 1147 3920 1221">
     <span class='ocr_line' id='line_1_25' title="bbox 2350 1147 3920 1221; baseline 0.001 -21"><span class='ocrx_word' id='word_1_152' title='bbox 2350 1148 2570 1201; x_wconf 75' lang='grc' dir='ltr'><strong>ἐκείνων</strong></span> <span class='ocrx_word' id='word_1_153' title='bbox 2599 1147 2898 1217; x_wconf 78' lang='grc' dir='ltr'>ἐζήλωσαν,</span> <span class='ocrx_word' id='word_1_154' title='bbox 2923 1151 3138 1213; x_wconf 79' lang='grc' dir='ltr'>ἀσεϐεῖς</span> <span class='ocrx_word' id='word_1_155' title='bbox 3171 1166 3230 1202; x_wconf 89' lang='grc' dir='ltr'><strong>τε</strong></span> <span class='ocrx_word' id='word_1_156' title='bbox 3262 1150 3357 1202; x_wconf 65' lang='grc' dir='ltr'><strong>καὶ⁵</strong></span> <span class='ocrx_word' id='word_1_157' title='bbox 3380 1151 3639 1221; x_wconf 76' lang='grc' dir='ltr'><strong>ἀνοήτους</strong></span> <span class='ocrx_word' id='word_1_158' title='bbox 3668 1150 3780 1221; x_wconf 86' lang='lat'><strong>(67)</strong></span> <span class='ocrx_word' id='word_1_159' title='bbox 3807 1150 3920 1220; x_wconf 84' lang='grc' dir='ltr'>ὁρί-</span> 
     </span>
    </p>
   </div>
   <div class='ocr_carea' id='block_1_25' title="bbox 2350 1238 3921 1316">
    <p class='ocr_par' dir='ltr' id='par_1_25' title="bbox 2350 1238 3921 1316">
     <span class='ocr_line' id='line_1_26' title="bbox 2350 1238 3921 1316; baseline 0.003 -26"><span class='ocrx_word' id='word_1_160' title='bbox 2350 1238 2531 1304; x_wconf 83' lang='grc' dir='ltr'>ζομαι.</span> <span class='ocrx_word' id='word_1_161' title='bbox 2589 1239 3054 1311; x_wconf 75' lang='grc' dir='ltr'>ἀποφαινομένους</span> <span class='ocrx_word' id='word_1_162' title='bbox 3104 1245 3270 1316; x_wconf 84' lang='grc' dir='ltr'>μηδὲν</span> <span class='ocrx_word' id='word_1_163' title='bbox 3341 1242 3471 1313; x_wconf 76' lang='grc' dir='ltr'>περὶ</span> <span class='ocrx_word' id='word_1_164' title='bbox 3521 1241 3614 1295; x_wconf 81' lang='grc' dir='ltr'>τοῦ</span> <span class='ocrx_word' id='word_1_165' title='bbox 3667 1241 3921 1312; x_wconf 79' lang='grc' dir='ltr'><strong>Σωτῆρος</strong></span> 
     </span>
    </p>
   </div>
   <div class='ocr_carea' id='block_1_26' title="bbox 2346 1327 3919 1402">
    <p class='ocr_par' dir='ltr' id='par_1_26' title="bbox 2346 1327 3919 1402">
     <span class='ocr_line' id='line_1_27' title="bbox 2346 1327 3919 1402; baseline 0.003 -24"><span class='ocrx_word' id='word_1_166' title='bbox 2346 1327 2472 1390; x_wconf 79' lang='grc' dir='ltr'>τοὺς</span> <span class='ocrx_word' id='word_1_167' title='bbox 2514 1330 2798 1397; x_wconf 80' lang='grc' dir='ltr'><strong>προφήτας</strong></span> <span class='ocrx_word' id='word_1_168' title='bbox 2857 1331 3163 1400; x_wconf 74' lang='grc' dir='ltr'>εἰρηκέναισ</span> <span class='ocrx_word' id='word_1_169' title='bbox 3204 1331 3377 1396; x_wconf 73' lang='grc' dir='ltr'>οὕτως</span> <span class='ocrx_word' id='word_1_170' title='bbox 3423 1333 3548 1395; x_wconf 83' lang='grc' dir='ltr'>τοὺς</span> <span class='ocrx_word' id='word_1_171' title='bbox 3595 1333 3777 1384; x_wconf 73' lang='grc' dir='ltr'>πᾶσαν</span> <span class='ocrx_word' id='word_1_172' title='bbox 3821 1330 3919 1402; x_wconf 80' lang='grc' dir='ltr'>τὴν</span> 
     </span>
    </p>
   </div>
   <div class='ocr_carea' id='block_1_27' title="bbox 2348 1418 3919 1495">
    <p class='ocr_par' dir='ltr' id='par_1_27' title="bbox 2348 1418 3919 1495">
     <span class='ocr_line' id='line_1_28' title="bbox 2348 1418 3919 1495; baseline 0.003 -25"><span class='ocrx_word' id='word_1_173' title='bbox 2348 1418 2589 1471; x_wconf 77' lang='grc' dir='ltr'>Παλαιὰν</span> <span class='ocrx_word' id='word_1_174' title='bbox 2620 1420 2697 1481; x_wconf 85' lang='grc' dir='ltr'><strong>είς</strong></span> <span class='ocrx_word' id='word_1_175' title='bbox 2726 1420 2886 1473; x_wconf 51' lang='lat' dir='ltr'><strong>aut?”</strong></span> <span class='ocrx_word' id='word_1_176' title='bbox 2918 1421 3241 1491; x_wconf 77' lang='grc' dir='ltr'><strong>μεταφέρειν</strong></span> <span class='ocrx_word' id='word_1_177' title='bbox 3268 1424 3663 1495; x_wconf 80' lang='grc' dir='ltr'><strong>πειρωμένους,</strong></span> <span class='ocrx_word' id='word_1_178' title='bbox 3693 1423 3793 1476; x_wconf 80' lang='grc' dir='ltr'><strong>οὐκ</strong></span> <span class='ocrx_word' id='word_1_179' title='bbox 3815 1422 3919 1487; x_wconf 78' lang='grc' dir='ltr'><strong>ἐξω</strong></span> 
     </span>
    </p>
   </div>
   <div class='ocr_carea' id='block_1_28' title="bbox 2347 1511 3920 1587">
    <p class='ocr_par' dir='ltr' id='par_1_28' title="bbox 2347 1511 3920 1587">
     <span class='ocr_line' id='line_1_29' title="bbox 2347 1511 3920 1587; baseline 0.003 -25"><span class='ocrx_word' id='word_1_180' title='bbox 2347 1513 2523 1576; x_wconf 78' lang='grc' dir='ltr'>αἰτίας</span> <span class='ocrx_word' id='word_1_181' title='bbox 2556 1511 2764 1581; x_wconf 85' lang='grc' dir='ltr'>τίθημι,</span> <span class='ocrx_word' id='word_1_182' title='bbox 2807 1514 2902 1567; x_wconf 71' lang='lat' dir='ltr'><strong>am</strong></span> <span class='ocrx_word' id='word_1_183' title='bbox 2932 1514 2996 1583; x_wconf 79' lang='grc' dir='ltr'>δὴ</span> <span class='ocrx_word' id='word_1_184' title='bbox 3028 1515 3085 1567; x_wconf 84' lang='grc' dir='ltr'>ἐν</span> <span class='ocrx_word' id='word_1_185' title='bbox 3114 1516 3179 1584; x_wconf 81' lang='grc' dir='ltr'>τῇ</span> <span class='ocrx_word' id='word_1_186' title='bbox 3210 1513 3333 1567; x_wconf 85' lang='grc' dir='ltr'>καθ’</span> <span class='ocrx_word' id='word_1_187' title='bbox 3366 1515 3521 1586; x_wconf 79' lang='grc' dir='ltr'>ἡμῶν</span> <span class='ocrx_word' id='word_1_188' title='bbox 3550 1516 3693 1587; x_wconf 76' lang='grc' dir='ltr'>μάχῃ</span> <span class='ocrx_word' id='word_1_189' title='bbox 3719 1514 3920 1585; x_wconf 82' lang='grc' dir='ltr'>τρόπον</span> 
     </span>
    </p>
   </div>
   <div class='ocr_carea' id='block_1_29' title="bbox 2345 1602 3917 1678">
    <p class='ocr_par' dir='ltr' id='par_1_29' title="bbox 2345 1602 3917 1678">
     <span class='ocr_line' id='line_1_30' title="bbox 2345 1602 3917 1678; baseline 0.003 -22"><span class='ocrx_word' id='word_1_190' title='bbox 2345 1606 2465 1659; x_wconf 75' lang='grc' dir='ltr'>τινὰ</span> <span class='ocrx_word' id='word_1_191' title='bbox 2512 1610 2624 1668; x_wconf 87' lang='grc' dir='ltr'>τοῖς</span> <span class='ocrx_word' id='word_1_192' title='bbox 2664 1602 2924 1671; x_wconf 71' lang='grc' dir='ltr'>διαδίκοις</span> <span class='ocrx_word' id='word_1_193' title='bbox 2975 1609 3447 1677; x_wconf 66' lang='grc' dir='ltr'>συμπράττοντας.</span> <span class='ocrx_word' id='word_1_194' title='bbox 3502 1609 3591 1673; x_wconf 86' lang='grc' dir='ltr'><strong>Τῷ</strong></span> <span class='ocrx_word' id='word_1_195' title='bbox 3626 1608 3735 1678; x_wconf 91' lang='grc' dir='ltr'><strong>γάρ</strong></span> <span class='ocrx_word' id='word_1_196' title='bbox 3765 1607 3917 1674; x_wconf 68' lang='grc' dir='ltr'>ἐλέγ-</span> 
     </span>
    </p>
   </div>
   <div class='ocr_carea' id='block_1_30' title="bbox 2346 1697 3919 1769">
    <p class='ocr_par' dir='ltr' id='par_1_30' title="bbox 2346 1697 3919 1769">
     <span class='ocr_line' id='line_1_31' title="bbox 2346 1697 3919 1769; baseline 0 -20"><span class='ocrx_word' id='word_1_197' title='bbox 2346 1697 2536 1767; x_wconf 82' lang='grc' dir='ltr'>χεσθαι</span> <span class='ocrx_word' id='word_1_198' title='bbox 2576 1698 2705 1767; x_wconf 78' lang='grc' dir='ltr'>παρ’</span> <span class='ocrx_word' id='word_1_199' title='bbox 2759 1699 2981 1751; x_wconf 75' lang='grc' dir='ltr'><strong>ἐκείνων</strong></span> <span class='ocrx_word' id='word_1_200' title='bbox 3032 1708 3162 1767; x_wconf 85' lang='grc' dir='ltr'>περι</span> <span class='ocrx_word' id='word_1_201' title='bbox 3207 1697 3371 1751; x_wconf 73' lang='grc' dir='ltr'>αὑτοῦ</span> <span class='ocrx_word' id='word_1_202' title='bbox 3426 1700 3499 1768; x_wconf 84' lang='grc' dir='ltr'>μὴ</span> <span class='ocrx_word' id='word_1_203' title='bbox 3538 1698 3800 1769; x_wconf 75' lang='grc' dir='ltr'>εἰρημένα</span> <span class='ocrx_word' id='word_1_204' title='bbox 3836 1699 3919 1761; x_wconf 78' lang='grc' dir='ltr'>εἰς</span> 
     </span>
    </p>
   </div>
   <div class='ocr_carea' id='block_1_31' title="bbox 670 1784 2233 1869">
    <p class='ocr_par' dir='ltr' id='par_1_31' title="bbox 670 1784 2233 1856">
     <span class='ocr_line' id='line_1_32' title="bbox 670 1784 2233 1856; baseline 0 -16"><span class='ocrx_word' id='word_1_205' title='bbox 670 1790 843 1856; x_wconf 89' lang='lat' dir='ltr'><strong>ipsmn</strong></span> <span class='ocrx_word' id='word_1_206' title='bbox 869 1786 1011 1840; x_wconf 83' lang='lat' dir='ltr'><strong>velut</strong></span> <span class='ocrx_word' id='word_1_207' title='bbox 1046 1786 1262 1840; x_wconf 88' lang='lat' dir='ltr'><strong>obtorto</strong></span> <span class='ocrx_word' id='word_1_208' title='bbox 1294 1800 1421 1838; x_wconf 86' lang='lat' dir='ltr'><strong>naso</strong></span> <span class='ocrx_word' id='word_1_209' title='bbox 1470 1784 1682 1836; x_wconf 85' lang='lat' dir='ltr'><strong>trahere</strong></span> <span class='ocrx_word' id='word_1_210' title='bbox 1741 1784 1807 1837; x_wconf 89' lang='lat' dir='ltr'><strong>ab</strong></span> <span class='ocrx_word' id='word_1_211' title='bbox 1844 1785 1974 1854; x_wconf 81' lang='lat' dir='ltr'><strong>ipsis</strong></span> <span class='ocrx_word' id='word_1_212' title='bbox 2016 1788 2233 1840; x_wconf 58' lang='lat' dir='ltr'><strong>convinr</strong></span> 
     </span>
    </p>
   </div>
   <div class='ocr_carea' id='block_1_32' title="bbox 2337 1784 3919 1869">
    <p class='ocr_par' dir='ltr' id='par_1_32' title="bbox 2345 1786 3919 1859">
     <span class='ocr_line' id='line_1_33' title="bbox 2345 1786 3919 1859; baseline 0.001 -18"><span class='ocrx_word' id='word_1_213' title='bbox 2345 1788 2505 1841; x_wconf 77' lang='grc' dir='ltr'>αὐτὸν</span> <span class='ocrx_word' id='word_1_214' title='bbox 2532 1788 2711 1842; x_wconf 76' lang='grc' dir='ltr'>ἕλκειν</span> <span class='ocrx_word' id='word_1_215' title='bbox 2742 1789 3142 1859; x_wconf 72' lang='grc' dir='ltr'>ἐκϐιαζόμενοι,</span> <span class='ocrx_word' id='word_1_216' title='bbox 3166 1786 3371 1840; x_wconf 75' lang='grc' dir='ltr'>τούτων</span> <span class='ocrx_word' id='word_1_217' title='bbox 3396 1790 3497 1842; x_wconf 87' lang='grc' dir='ltr'>κάν</span> <span class='ocrx_word' id='word_1_218' title='bbox 3521 1792 3632 1853; x_wconf 89' lang='grc' dir='ltr'>τοῖς</span> <span class='ocrx_word' id='word_1_219' title='bbox 3664 1788 3791 1858; x_wconf 72' lang='grc' dir='ltr'>περὶ</span> <span class='ocrx_word' id='word_1_220' title='bbox 3820 1789 3919 1842; x_wconf 72' lang='grc' dir='ltr'><strong>αὑ-</strong></span> 
     </span>
    </p>
   </div>
   <div class='ocr_carea' id='block_1_33' title="bbox 668 1876 2241 1945">
    <p class='ocr_par' dir='ltr' id='par_1_33' title="bbox 668 1876 2241 1945">
     <span class='ocr_line' id='line_1_34' title="bbox 668 1876 2241 1945; baseline 0 -12"><span class='ocrx_word' id='word_1_221' title='bbox 668 1889 884 1943; x_wconf 90' lang='lat' dir='ltr'><strong>cuntur,</strong></span> <span class='ocrx_word' id='word_1_222' title='bbox 904 1894 1095 1931; x_wconf 85' lang='lat' dir='ltr'><strong>eorum</strong></span> <span class='ocrx_word' id='word_1_223' title='bbox 1130 1879 1291 1930; x_wconf 83' lang='lat' dir='ltr'><strong>etiam</strong></span> <span class='ocrx_word' id='word_1_224' title='bbox 1338 1876 1390 1929; x_wconf 92' lang='lat' dir='ltr'><strong>in</strong></span> <span class='ocrx_word' id='word_1_225' title='bbox 1444 1876 1547 1937; x_wconf 86' lang='lat' dir='ltr'><strong>his,</strong></span> <span class='ocrx_word' id='word_1_226' title='bbox 1598 1891 1718 1945; x_wconf 77' lang='lat' dir='ltr'><strong>quae</strong></span> <span class='ocrx_word' id='word_1_227' title='bbox 1744 1890 1870 1930; x_wconf 89' lang='lat' dir='ltr'><strong>vere</strong></span> <span class='ocrx_word' id='word_1_228' title='bbox 1920 1891 1985 1931; x_wconf 85' lang='lat' dir='ltr'><strong>ac</strong></span> <span class='ocrx_word' id='word_1_229' title='bbox 2026 1878 2241 1933; x_wconf 84' lang='lat' dir='ltr'><strong>disertis</strong></span> 
     </span>
    </p>
   </div>
   <div class='ocr_carea' id='block_1_34' title="bbox 672 1966 2238 2037">
    <p class='ocr_par' dir='ltr' id='par_1_34' title="bbox 672 1966 2238 2037">
     <span class='ocr_line' id='line_1_35' title="bbox 672 1966 2238 2037; baseline -0.002 -14"><span class='ocrx_word' id='word_1_230' title='bbox 672 1970 849 2025; x_wconf 77' lang='lat' dir='ltr'><strong>verbis</strong></span> <span class='ocrx_word' id='word_1_231' title='bbox 878 1973 943 2023; x_wconf 90' lang='lat' dir='ltr'><strong>de</strong></span> <span class='ocrx_word' id='word_1_232' title='bbox 970 1983 1035 2024; x_wconf 89' lang='lat' dir='ltr'><strong>eo</strong></span> <span class='ocrx_word' id='word_1_233' title='bbox 1063 1969 1201 2022; x_wconf 89' lang='lat' dir='ltr'><strong>dicta</strong></span> <span class='ocrx_word' id='word_1_234' title='bbox 1236 1966 1765 2034; x_wconf 77' lang='lat' dir='ltr'><strong>sunt,suspicionem</strong></span> <span class='ocrx_word' id='word_1_235' title='bbox 1815 1971 2046 2033; x_wconf 86' lang='lat' dir='ltr'><strong>pariunt.</strong></span> <span class='ocrx_word' id='word_1_236' title='bbox 2080 1969 2238 2037; x_wconf 85' lang='lat' dir='ltr'><strong>Atqui</strong></span> 
     </span>
    </p>
   </div>
   <div class='ocr_carea' id='block_1_35' title="bbox 671 2060 2237 2130">
    <p class='ocr_par' dir='ltr' id='par_1_35' title="bbox 671 2060 2237 2130">
     <span class='ocr_line' id='line_1_36' title="bbox 671 2060 2237 2130; baseline 0 -15"><span class='ocrx_word' id='word_1_237' title='bbox 671 2078 775 2116; x_wconf 91' lang='lat' dir='ltr'><strong>non</strong></span> <span class='ocrx_word' id='word_1_238' title='bbox 806 2063 879 2115; x_wconf 87' lang='lat' dir='ltr'><strong>ita</strong></span> <span class='ocrx_word' id='word_1_239' title='bbox 903 2061 1079 2115; x_wconf 81' lang='lat' dir='ltr'><strong>facere</strong></span> <span class='ocrx_word' id='word_1_240' title='bbox 1113 2060 1363 2115; x_wconf 85' lang='lat' dir='ltr'><strong>convenit</strong></span> <span class='ocrx_word' id='word_1_241' title='bbox 1394 2076 1406 2112; x_wconf 90' lang='lat'>:</span> <span class='ocrx_word' id='word_1_242' title='bbox 1448 2075 1631 2113; x_wconf 87' lang='lat' dir='ltr'><strong>verum</strong></span> <span class='ocrx_word' id='word_1_243' title='bbox 1663 2062 1987 2129; x_wconf 84' lang='lat' dir='ltr'><strong>caquidem,</strong></span> <span class='ocrx_word' id='word_1_244' title='bbox 2020 2076 2138 2130; x_wconf 68' lang='lat' dir='ltr'><strong>quae</strong></span> <span class='ocrx_word' id='word_1_245' title='bbox 2172 2064 2237 2115; x_wconf 84' lang='lat' dir='ltr'><strong>ad</strong></span> 
     </span>
    </p>
   </div>
   <div class='ocr_carea' id='block_1_36' title="bbox 668 2148 2238 2219">
    <p class='ocr_par' dir='ltr' id='par_1_36' title="bbox 668 2148 2238 2219">
     <span class='ocr_line' id='line_1_37' title="bbox 668 2148 2238 2219; baseline 0 -14"><span class='ocrx_word' id='word_1_246' title='bbox 668 2167 789 2206; x_wconf 90' lang='lat' dir='ltr'><strong>eum</strong></span> <span class='ocrx_word' id='word_1_247' title='bbox 848 2161 1030 2219; x_wconf 87' lang='lat' dir='ltr'><strong>aperte</strong></span> <span class='ocrx_word' id='word_1_248' title='bbox 1088 2158 1352 2219; x_wconf 81' lang='lat' dir='ltr'><strong>spectant,</strong></span> <span class='ocrx_word' id='word_1_249' title='bbox 1387 2148 1611 2213; x_wconf 84' lang='lat' dir='ltr'><strong>dicere;</strong></span> <span class='ocrx_word' id='word_1_250' title='bbox 1644 2165 1760 2219; x_wconf 73' lang='lat' dir='ltr'><strong>qua:</strong></span> <span class='ocrx_word' id='word_1_251' title='bbox 1790 2160 1966 2205; x_wconf 87' lang='lat' dir='ltr'><strong>autem</strong></span> <span class='ocrx_word' id='word_1_252' title='bbox 2013 2151 2077 2205; x_wconf 87' lang='lat' dir='ltr'><strong>de</strong></span> <span class='ocrx_word' id='word_1_253' title='bbox 2105 2152 2238 2205; x_wconf 79' lang='lat' dir='ltr'><strong>.aliis</strong></span> 
     </span>
    </p>
   </div>
   <div class='ocr_carea' id='block_1_37' title="bbox 670 2241 2238 2311">
    <p class='ocr_par' dir='ltr' id='par_1_37' title="bbox 670 2241 2238 2311">
     <span class='ocr_line' id='line_1_38' title="bbox 670 2241 2238 2311; baseline 0.002 -15"><span class='ocrx_word' id='word_1_254' title='bbox 670 2242 847 2307; x_wconf 87' lang='lat' dir='ltr'><strong>rebus,</strong></span> <span class='ocrx_word' id='word_1_255' title='bbox 872 2256 934 2296; x_wconf 92' lang='lat' dir='ltr'><strong>ea</strong></span> <span class='ocrx_word' id='word_1_256' title='bbox 970 2242 1035 2296; x_wconf 84' lang='lat' dir='ltr'><strong>de</strong></span> <span class='ocrx_word' id='word_1_257' title='bbox 1065 2242 1148 2295; x_wconf 86' lang='lat' dir='ltr'><strong>bis</strong></span> <span class='ocrx_word' id='word_1_258' title='bbox 1182 2242 1363 2305; x_wconf 85' lang='lat' dir='ltr'><strong>rebus,</strong></span> <span class='ocrx_word' id='word_1_259' title='bbox 1390 2242 1456 2295; x_wconf 91' lang='lat' dir='ltr'><strong>de</strong></span> <span class='ocrx_word' id='word_1_260' title='bbox 1496 2241 1691 2311; x_wconf 85' lang='lat' dir='ltr'><strong>quibus</strong></span> <span class='ocrx_word' id='word_1_261' title='bbox 1721 2244 1865 2297; x_wconf 86' lang='lat' dir='ltr'><strong>dicta</strong></span> <span class='ocrx_word' id='word_1_262' title='bbox 1919 2254 2062 2311; x_wconf 86' lang='lat' dir='ltr'><strong>sunt,</strong></span> <span class='ocrx_word' id='word_1_263' title='bbox 2096 2247 2238 2299; x_wconf 85' lang='lat' dir='ltr'><strong>dicta</strong></span> 
     </span>
    </p>
   </div>
   <div class='ocr_carea' id='block_1_38' title="bbox 667 2333 2236 2391">
    <p class='ocr_par' dir='ltr' id='par_1_38' title="bbox 667 2333 2236 2391">
     <span class='ocr_line' id='line_1_39' title="bbox 667 2333 2236 2391; baseline 0.001 -4"><span class='ocrx_word' id='word_1_264' title='bbox 667 2347 789 2387; x_wconf 85' lang='lat' dir='ltr'><strong>esse</strong></span> <span class='ocrx_word' id='word_1_265' title='bbox 825 2334 1023 2387; x_wconf 87' lang='lat' dir='ltr'><strong>sinere.</strong></span> <span class='ocrx_word' id='word_1_266' title='bbox 1052 2333 1183 2386; x_wconf 82' lang='lat' dir='ltr'><strong>Nam</strong></span> <span class='ocrx_word' id='word_1_267' title='bbox 1231 2334 1343 2387; x_wconf 70' lang='lat' dir='ltr'><strong>lucc</strong></span> <span class='ocrx_word' id='word_1_268' title='bbox 1372 2335 1586 2388; x_wconf 89' lang='lat' dir='ltr'><strong>demum</strong></span> <span class='ocrx_word' id='word_1_269' title='bbox 1632 2335 1875 2389; x_wconf 75' lang='lat' dir='ltr'><strong>veritatis</strong></span> <span class='ocrx_word' id='word_1_270' title='bbox 1911 2350 1973 2389; x_wconf 89' lang='lat' dir='ltr'><strong>ac</strong></span> <span class='ocrx_word' id='word_1_271' title='bbox 2013 2336 2236 2391; x_wconf 89' lang='lat' dir='ltr'><strong>demon-</strong></span> 
     </span>
    </p>
   </div>
   <div class='ocr_carea' id='block_1_39' title="bbox 668 2426 2236 2497">
    <p class='ocr_par' dir='ltr' id='par_1_39' title="bbox 668 2426 2236 2497">
     <span class='ocr_line' id='line_1_40' title="bbox 668 2426 2236 2497; baseline 0.001 -18"><span class='ocrx_word' id='word_1_272' title='bbox 668 2426 945 2485; x_wconf 74' lang='lat' dir='ltr'><strong>strationis</strong></span> <span class='ocrx_word' id='word_1_273' title='bbox 976 2427 1156 2495; x_wconf 85' lang='lat' dir='ltr'><strong>regula</strong></span> <span class='ocrx_word' id='word_1_274' title='bbox 1202 2435 1301 2480; x_wconf 81' lang='lat' dir='ltr'><strong>est.</strong></span> <span class='ocrx_word' id='word_1_275' title='bbox 1335 2428 1436 2493; x_wconf 83' lang='lat' dir='ltr'><strong>Qui</strong></span> <span class='ocrx_word' id='word_1_276' title='bbox 1462 2437 1639 2482; x_wconf 90' lang='lat' dir='ltr'><strong>autem</strong></span> <span class='ocrx_word' id='word_1_277' title='bbox 1686 2443 1774 2492; x_wconf 86' lang='lat' dir='ltr'><strong>ea,</strong></span> <span class='ocrx_word' id='word_1_278' title='bbox 1829 2443 1947 2497; x_wconf 68' lang='lat' dir='ltr'><strong>qua:</strong></span> <span class='ocrx_word' id='word_1_279' title='bbox 1996 2429 2061 2482; x_wconf 87' lang='lat' dir='ltr'><strong>ad</strong></span> <span class='ocrx_word' id='word_1_280' title='bbox 2114 2443 2236 2483; x_wconf 84' lang='lat' dir='ltr'><strong>eum</strong></span> 
     </span>
    </p>
   </div>
   <div class='ocr_carea' id='block_1_40' title="bbox 671 2516 2235 2588">
    <p class='ocr_par' dir='ltr' id='par_1_40' title="bbox 671 2516 2235 2588">
     <span class='ocr_line' id='line_1_41' title="bbox 671 2516 2235 2588; baseline 0.002 -19"><span class='ocrx_word' id='word_1_281' title='bbox 671 2517 888 2572; x_wconf 87' lang='lat' dir='ltr'><strong>minime</strong></span> <span class='ocrx_word' id='word_1_282' title='bbox 934 2519 1184 2582; x_wconf 78' lang='lat' dir='ltr'><strong>attinent,</strong></span> <span class='ocrx_word' id='word_1_283' title='bbox 1235 2516 1533 2588; x_wconf 80' lang='lat' dir='ltr'><strong>proferunt,</strong></span> <span class='ocrx_word' id='word_1_284' title='bbox 1606 2520 1708 2575; x_wconf 91' lang='lat' dir='ltr'><strong>hoc</strong></span> <span class='ocrx_word' id='word_1_285' title='bbox 1768 2519 2025 2583; x_wconf 82' lang='lat' dir='ltr'><strong>eﬂiciunt,</strong></span> <span class='ocrx_word' id='word_1_286' title='bbox 2072 2529 2127 2573; x_wconf 91' lang='lat' dir='ltr'><strong>ut</strong></span> <span class='ocrx_word' id='word_1_287' title='bbox 2172 2534 2235 2575; x_wconf 87' lang='lat' dir='ltr'><strong>ea</strong></span> 
     </span>
    </p>
   </div>
   <div class='ocr_carea' id='block_1_41' title="bbox 669 2598 2075 2677">
    <p class='ocr_par' dir='ltr' id='par_1_41' title="bbox 669 2598 2075 2677">
     <span class='ocr_line' id='line_1_42' title="bbox 669 2598 2075 2677; baseline 0.001 -16"><span class='ocrx_word' id='word_1_288' title='bbox 669 2607 859 2674; x_wconf 81' lang='lat' dir='ltr'><strong>etiam,</strong></span> <span class='ocrx_word' id='word_1_289' title='bbox 883 2618 1004 2676; x_wconf 78' lang='lat' dir='ltr'><strong>quze</strong></span> <span class='ocrx_word' id='word_1_290' title='bbox 1035 2608 1131 2677; x_wconf 82' lang='lat' dir='ltr'><strong>ipsi</strong></span> <span class='ocrx_word' id='word_1_291' title='bbox 1165 2610 1513 2674; x_wconf 89' lang='lat' dir='ltr'><strong>conveniunt,</strong></span> <span class='ocrx_word' id='word_1_292' title='bbox 1546 2619 1877 2663; x_wconf 72' lang='lat' dir='ltr'><strong>everrantur.</strong></span> <span class='ocrx_word' id='word_1_293' title='bbox 2072 2598 2075 2601; x_wconf 63' lang='grc'><em>’</em></span> 
     </span>
    </p>
   </div>
   <div class='ocr_carea' id='block_1_42' title="bbox 867 2693 2031 2756">
    <p class='ocr_par' dir='ltr' id='par_1_42' title="bbox 867 2693 2031 2756">
     <span class='ocr_line' id='line_1_43' title="bbox 867 2693 2031 2756; baseline -0.001 -1"><span class='ocrx_word' id='word_1_294' title='bbox 867 2698 1111 2755; x_wconf 77' lang='lat' dir='ltr'><strong>CCCXL.</strong></span> <span class='ocrx_word' id='word_1_295' title='bbox 1150 2730 1215 2742; x_wconf 89' lang='lat'><strong>—</strong></span> <span class='ocrx_word' id='word_1_296' title='bbox 1257 2699 1507 2756; x_wconf 82' lang='lat' dir='ltr'><strong>ZOSIMO</strong></span> <span class='ocrx_word' id='word_1_297' title='bbox 1555 2693 2031 2756; x_wconf 74' lang='lat' dir='ltr'><strong>PRESBYTERO.</strong></span> 
     </span>
    </p>
   </div>
   <div class='ocr_carea' id='block_1_43' title="bbox 734 2810 2234 2881">
    <p class='ocr_par' dir='ltr' id='par_1_43' title="bbox 734 2810 2234 2881">
     <span class='ocr_line' id='line_1_44' title="bbox 734 2810 2234 2881; baseline -0.001 -16"><span class='ocrx_word' id='word_1_298' title='bbox 734 2810 829 2865; x_wconf 77' lang='lat' dir='ltr'><strong>Vir</strong></span> <span class='ocrx_word' id='word_1_299' title='bbox 852 2812 1065 2880; x_wconf 87' lang='lat' dir='ltr'><strong>quidam</strong></span> <span class='ocrx_word' id='word_1_300' title='bbox 1094 2810 1348 2880; x_wconf 84' lang='lat' dir='ltr'><strong>disertus,</strong></span> <span class='ocrx_word' id='word_1_301' title='bbox 1381 2818 1544 2880; x_wconf 88' lang='lat' dir='ltr'><strong>atque</strong></span> <span class='ocrx_word' id='word_1_302' title='bbox 1578 2818 1631 2865; x_wconf 87' lang='lat' dir='ltr'><strong>et</strong></span> <span class='ocrx_word' id='word_1_303' title='bbox 1660 2811 1897 2866; x_wconf 82' lang='lat' dir='ltr'><strong>moribus</strong></span> <span class='ocrx_word' id='word_1_304' title='bbox 1926 2812 2152 2881; x_wconf 84' lang='lat' dir='ltr'><strong>integer,</strong></span> <span class='ocrx_word' id='word_1_305' title='bbox 2178 2822 2234 2864; x_wconf 90' lang='lat' dir='ltr'><strong>et</strong></span> 
     </span>
    </p>
   </div>
   <div class='ocr_carea' id='block_1_44' title="bbox 663 2900 2237 2973">
    <p class='ocr_par' dir='ltr' id='par_1_44' title="bbox 663 2900 2237 2973">
     <span class='ocr_line' id='line_1_45' title="bbox 663 2900 2237 2973; baseline -0.001 -17"><span class='ocrx_word' id='word_1_306' title='bbox 663 2902 776 2956; x_wconf 88' lang='lat' dir='ltr'><strong>vita</strong></span> <span class='ocrx_word' id='word_1_307' title='bbox 810 2901 1121 2970; x_wconf 87' lang='lat' dir='ltr'><strong>splendidus</strong></span> <span class='ocrx_word' id='word_1_308' title='bbox 1157 2903 1307 2971; x_wconf 87' lang='lat' dir='ltr'><strong>(nam</strong></span> <span class='ocrx_word' id='word_1_309' title='bbox 1357 2903 1498 2970; x_wconf 86' lang='lat' dir='ltr'><strong>quod</strong></span> <span class='ocrx_word' id='word_1_310' title='bbox 1528 2902 1689 2956; x_wconf 90' lang='lat' dir='ltr'><strong>etiam</strong></span> <span class='ocrx_word' id='word_1_311' title='bbox 1731 2902 1896 2972; x_wconf 81' lang='lat'><strong>390</strong></span> <span class='ocrx_word' id='word_1_312' title='bbox 1935 2902 2048 2973; x_wconf 88' lang='lat' dir='ltr'><strong>ipse</strong></span> <span class='ocrx_word' id='word_1_313' title='bbox 2094 2900 2237 2956; x_wconf 87' lang='lat' dir='ltr'><strong>Iucu-</strong></span> 
     </span>
    </p>
   </div>
   <div class='ocr_carea' id='block_1_45' title="bbox 665 2993 2231 3063">
    <p class='ocr_par' dir='ltr' id='par_1_45' title="bbox 665 2993 2231 3063">
     <span class='ocr_line' id='line_1_46' title="bbox 665 2993 2231 3063; baseline -0.001 -16"><span class='ocrx_word' id='word_1_314' title='bbox 665 2993 803 3047; x_wconf 89' lang='lat' dir='ltr'><strong>lenta</strong></span> <span class='ocrx_word' id='word_1_315' title='bbox 844 2993 1347 3063; x_wconf 79' lang='lat' dir='ltr'><strong>dignitateornatus</strong></span> <span class='ocrx_word' id='word_1_316' title='bbox 1386 2994 1475 3058; x_wconf 88' lang='lat' dir='ltr'><strong>sit,</strong></span> <span class='ocrx_word' id='word_1_317' title='bbox 1504 2995 1827 3062; x_wconf 65' lang='lat' dir='ltr'><strong>praeteribo:</strong></span> <span class='ocrx_word' id='word_1_318' title='bbox 1861 2993 2049 3048; x_wconf 86' lang='lat' dir='ltr'><strong>umbra</strong></span> <span class='ocrx_word' id='word_1_319' title='bbox 2088 2993 2231 3048; x_wconf 89' lang='lat' dir='ltr'><strong>enim</strong></span> 
     </span>
    </p>
   </div>
   <div class='ocr_carea' id='block_1_46' title="bbox 665 3078 2232 3154">
    <p class='ocr_par' dir='ltr' id='par_1_46' title="bbox 665 3078 2232 3154">
     <span class='ocr_line' id='line_1_47' title="bbox 665 3078 2232 3154; baseline -0.001 -17"><span class='ocrx_word' id='word_1_320' title='bbox 665 3084 764 3139; x_wconf 89' lang='lat' dir='ltr'><strong>hoc</strong></span> <span class='ocrx_word' id='word_1_321' title='bbox 793 3094 876 3139; x_wconf 89' lang='lat' dir='ltr'><strong>est</strong></span> <span class='ocrx_word' id='word_1_322' title='bbox 904 3095 957 3137; x_wconf 88' lang='lat' dir='ltr'><strong>et</strong></span> <span class='ocrx_word' id='word_1_323' title='bbox 996 3084 1367 3154; x_wconf 85' lang='lat' dir='ltr'><strong>insomnium),</strong></span> <span class='ocrx_word' id='word_1_324' title='bbox 1402 3099 1486 3139; x_wconf 89' lang='lat' dir='ltr'><strong>me</strong></span> <span class='ocrx_word' id='word_1_325' title='bbox 1527 3078 1798 3148; x_wconf 77' lang='lat' dir='ltr'><strong>convenit,</strong></span> <span class='ocrx_word' id='word_1_326' title='bbox 1828 3084 2063 3153; x_wconf 85' lang='lat' dir='ltr'><strong>illudque</strong></span> <span class='ocrx_word' id='word_1_327' title='bbox 2108 3099 2232 3137; x_wconf 88' lang='lat' dir='ltr'><strong>nar-</strong></span> 
     </span>
    </p>
   </div>
   <div class='ocr_carea' id='block_1_47' title="bbox 2340 1880 3916 1953">
    <p class='ocr_par' dir='ltr' id='par_1_47' title="bbox 2340 1880 3916 1953">
     <span class='ocr_line' id='line_1_48' title="bbox 2340 1880 3916 1953; baseline -0.001 -20"><span class='ocrx_word' id='word_1_328' title='bbox 2340 1881 2435 1934; x_wconf 80' lang='grc' dir='ltr'>τοῦ</span> <span class='ocrx_word' id='word_1_329' title='bbox 2470 1881 2686 1951; x_wconf 87' lang='grc' dir='ltr'>ἀληθῶς</span> <span class='ocrx_word' id='word_1_330' title='bbox 2723 1883 2816 1935; x_wconf 70' lang='grc' dir='ltr'><strong>καὶ</strong></span> <span class='ocrx_word' id='word_1_331' title='bbox 2848 1880 3145 1953; x_wconf 73' lang='grc' dir='ltr'>διαρρήδην</span> <span class='ocrx_word' id='word_1_332' title='bbox 3177 1881 3507 1953; x_wconf 70' lang='grc' dir='ltr'>είρημένρις,</span> <span class='ocrx_word' id='word_1_333' title='bbox 3542 1882 3794 1935; x_wconf 82' lang='grc' dir='ltr'>ὑπόνοιαν</span> <span class='ocrx_word' id='word_1_334' title='bbox 3831 1880 3916 1933; x_wconf 79' lang='grc' dir='ltr'>τί-</span> 
     </span>
    </p>
   </div>
   <div class='ocr_carea' id='block_1_48' title="bbox 2343 1968 3957 2045">
    <p class='ocr_par' dir='ltr' id='par_1_48' title="bbox 2343 1968 3957 2045">
     <span class='ocr_line' id='line_1_49' title="bbox 2343 1968 3957 2045; baseline -0.001 -18"><span class='ocrx_word' id='word_1_335' title='bbox 2343 1990 2547 2027; x_wconf 84' lang='grc' dir='ltr'>κτουσι.</span> <span class='ocrx_word' id='word_1_336' title='bbox 2568 1972 2688 2044; x_wconf 79' lang='grc' dir='ltr'><strong>Χρὴ</strong></span> <span class='ocrx_word' id='word_1_337' title='bbox 2716 1973 2759 2026; x_wconf 84' lang='grc' dir='ltr'>δ’</span> <span class='ocrx_word' id='word_1_338' title='bbox 2783 1974 2881 2042; x_wconf 83' lang='grc' dir='ltr'>οὐχ</span> <span class='ocrx_word' id='word_1_339' title='bbox 2899 1973 3093 2038; x_wconf 77' lang='grc' dir='ltr'>οὕτως,</span> <span class='ocrx_word' id='word_1_340' title='bbox 3119 1973 3255 2026; x_wconf 84' lang='grc' dir='ltr'><strong>ἀλλά</strong></span> <span class='ocrx_word' id='word_1_341' title='bbox 3274 1973 3341 2025; x_wconf 87' lang='grc' dir='ltr'>τὰ</span> <span class='ocrx_word' id='word_1_342' title='bbox 3373 1968 3469 2041; x_wconf 81' lang='grc' dir='ltr'><strong>μὲν</strong></span> <span class='ocrx_word' id='word_1_343' title='bbox 3490 1973 3566 2033; x_wconf 84' lang='grc' dir='ltr'><strong>είς</strong></span> <span class='ocrx_word' id='word_1_344' title='bbox 3582 1972 3741 2024; x_wconf 74' lang='grc' dir='ltr'>αὑτὸν</span> <span class='ocrx_word' id='word_1_345' title='bbox 3767 1974 3916 2045; x_wconf 79' lang='grc' dir='ltr'>είρη-</span> <span class='ocrx_word' id='word_1_346' title='bbox 3954 2042 3957 2043; x_wconf 16' lang='grc' dir='ltr'><em>ν</em></span> 
     </span>
    </p>
   </div>
   <div class='ocr_carea' id='block_1_49' title="bbox 2343 2059 3915 2133">
    <p class='ocr_par' dir='ltr' id='par_1_49' title="bbox 2343 2059 3915 2133">
     <span class='ocr_line' id='line_1_50' title="bbox 2343 2059 3915 2133; baseline 0 -20"><span class='ocrx_word' id='word_1_347' title='bbox 2343 2064 2501 2133; x_wconf 82' lang='grc' dir='ltr'>μένα,</span> <span class='ocrx_word' id='word_1_348' title='bbox 2530 2062 2716 2132; x_wconf 80' lang='grc' dir='ltr'>σαφῶς</span> <span class='ocrx_word' id='word_1_349' title='bbox 2741 2064 2941 2132; x_wconf 79' lang='grc' dir='ltr'>λέγειν,</span> <span class='ocrx_word' id='word_1_350' title='bbox 2960 2064 3027 2116; x_wconf 81' lang='grc' dir='ltr'>τὰ</span> <span class='ocrx_word' id='word_1_351' title='bbox 3042 2063 3097 2116; x_wconf 78' lang='grc' dir='ltr'><strong>δέ</strong></span> <span class='ocrx_word' id='word_1_352' title='bbox 3116 2062 3240 2131; x_wconf 73' lang='grc' dir='ltr'>περὶ</span> <span class='ocrx_word' id='word_1_353' title='bbox 3258 2061 3433 2116; x_wconf 78' lang='grc' dir='ltr'>ἄλλων</span> <span class='ocrx_word' id='word_1_354' title='bbox 3460 2059 3797 2129; x_wconf 84' lang='grc' dir='ltr'>πραγμάτων</span> <span class='ocrx_word' id='word_1_355' title='bbox 3821 2063 3915 2131; x_wconf 78' lang='grc' dir='ltr'>ἐᾷν</span> 
     </span>
    </p>
   </div>
   <div class='ocr_carea' id='block_1_50' title="bbox 2341 2144 3917 2227">
    <p class='ocr_par' dir='ltr' id='par_1_50' title="bbox 2341 2144 3917 2227">
     <span class='ocr_line' id='line_1_51' title="bbox 2341 2144 3917 2227; baseline -0.003 -20"><span class='ocrx_word' id='word_1_356' title='bbox 2341 2157 2473 2227; x_wconf 73' lang='grc' dir='ltr'>περὶ</span> <span class='ocrx_word' id='word_1_357' title='bbox 2497 2155 2724 2210; x_wconf 76' lang='grc' dir='ltr'>ἐκείνων</span> <span class='ocrx_word' id='word_1_358' title='bbox 2770 2154 3044 2226; x_wconf 83' lang='grc' dir='ltr'>είρῆσοαι,</span> <span class='ocrx_word' id='word_1_359' title='bbox 3076 2156 3201 2223; x_wconf 73' lang='grc' dir='ltr'>περὶ</span> <span class='ocrx_word' id='word_1_360' title='bbox 3228 2148 3302 2207; x_wconf 81' lang='grc' dir='ltr'>ὧν</span> <span class='ocrx_word' id='word_1_361' title='bbox 3332 2155 3566 2223; x_wconf 67' lang='grc' dir='ltr'>εἴρηται.</span> <span class='ocrx_word' id='word_1_362' title='bbox 3604 2144 3768 2213; x_wconf 73' lang='grc' dir='ltr'>Οὗτος</span> <span class='ocrx_word' id='word_1_363' title='bbox 3805 2149 3917 2221; x_wconf 73' lang='grc' dir='ltr'><strong>γάρ</strong></span> 
     </span>
    </p>
   </div>
   <div class='ocr_carea' id='block_1_51' title="bbox 2342 2242 3959 2317">
    <p class='ocr_par' dir='ltr' id='par_1_51' title="bbox 2342 2242 3959 2317">
     <span class='ocr_line' id='line_1_52' title="bbox 2342 2242 3959 2317; baseline -0.004 -17"><span class='ocrx_word' id='word_1_364' title='bbox 2342 2248 2435 2300; x_wconf 72' lang='grc' dir='ltr'><strong>καὶ</strong></span> <span class='ocrx_word' id='word_1_365' title='bbox 2469 2246 2726 2317; x_wconf 81' lang='grc' dir='ltr'>ἀληθείας</span> <span class='ocrx_word' id='word_1_366' title='bbox 2757 2246 2849 2299; x_wconf 75' lang='grc' dir='ltr'><strong>καὶ</strong></span> <span class='ocrx_word' id='word_1_367' title='bbox 2877 2244 3202 2309; x_wconf 77' lang='grc' dir='ltr'>ἀποδείξεως</span> <span class='ocrx_word' id='word_1_368' title='bbox 3232 2244 3374 2315; x_wconf 87' lang='grc' dir='ltr'>ὄρος.</span> <span class='ocrx_word' id='word_1_369' title='bbox 3405 2244 3467 2296; x_wconf 86' lang='grc' dir='ltr'>Οἱ</span> <span class='ocrx_word' id='word_1_370' title='bbox 3489 2243 3545 2297; x_wconf 75' lang='grc' dir='ltr'>δὲ</span> <span class='ocrx_word' id='word_1_371' title='bbox 3558 2242 3625 2295; x_wconf 80' lang='grc' dir='ltr'>τὰ</span> <span class='ocrx_word' id='word_1_372' title='bbox 3649 2242 3723 2311; x_wconf 81' lang='grc' dir='ltr'>μὴ</span> <span class='ocrx_word' id='word_1_373' title='bbox 3748 2258 3917 2313; x_wconf 78' lang='grc' dir='ltr'>προσ·</span> <span class='ocrx_word' id='word_1_374' title='bbox 3956 2304 3959 2307; x_wconf 19' lang='grc' dir='ltr'><em>Α</em></span> 
     </span>
    </p>
   </div>
   <div class='ocr_carea' id='block_1_52' title="bbox 2340 2334 3916 2408">
    <p class='ocr_par' dir='ltr' id='par_1_52' title="bbox 2340 2334 3916 2408">
     <span class='ocr_line' id='line_1_53' title="bbox 2340 2334 3916 2408; baseline -0.004 -17"><span class='ocrx_word' id='word_1_375' title='bbox 2340 2339 2537 2408; x_wconf 86' lang='grc' dir='ltr'>ήκοντα</span> <span class='ocrx_word' id='word_1_376' title='bbox 2590 2338 2972 2407; x_wconf 70' lang='grc' dir='ltr'>προφέροντες,</span> <span class='ocrx_word' id='word_1_377' title='bbox 3019 2336 3113 2388; x_wconf 79' lang='grc' dir='ltr'>καὶ</span> <span class='ocrx_word' id='word_1_378' title='bbox 3163 2336 3231 2389; x_wconf 72' lang='grc' dir='ltr'>τὰ</span> <span class='ocrx_word' id='word_1_379' title='bbox 3285 2335 3631 2405; x_wconf 81' lang='grc' dir='ltr'>προσήκοντα</span> <span class='ocrx_word' id='word_1_380' title='bbox 3684 2334 3916 2403; x_wconf 83' lang='grc' dir='ltr'>ἀνατρέ-</span> 
     </span>
    </p>
   </div>
   <div class='ocr_carea' id='block_1_53' title="bbox 2341 2426 3073 2497">
    <p class='ocr_par' dir='ltr' id='par_1_53' title="bbox 2341 2426 3073 2497">
     <span class='ocr_line' id='line_1_54' title="bbox 2341 2426 3073 2497; baseline 0.003 -18"><span class='ocrx_word' id='word_1_381' title='bbox 2341 2427 2537 2480; x_wconf 83' lang='grc' dir='ltr'>πεσθαι</span> <span class='ocrx_word' id='word_1_382' title='bbox 2570 2426 3073 2497; x_wconf 53' lang='grc' dir='ltr'>παρασκευάζουσα</span> 
     </span>
    </p>
   </div>
   <div class='ocr_carea' id='block_1_54' title="bbox 2618 2685 3635 2769">
    <p class='ocr_par' dir='ltr' id='par_1_54' title="bbox 2618 2685 3635 2769">
     <span class='ocr_line' id='line_1_55' title="bbox 2618 2685 3635 2769; baseline 0.002 -20"><span class='ocrx_word' id='word_1_383' title='bbox 2618 2698 2753 2751; x_wconf 88' lang='lat' dir='ltr'><strong>TM&#39;.</strong></span> <span class='ocrx_word' id='word_1_384' title='bbox 2787 2728 2853 2738; x_wconf 80' lang='grc'><strong><em>-</em></strong></span> <span class='ocrx_word' id='word_1_385' title='bbox 2884 2685 3135 2769; x_wconf 73' lang='grc' dir='ltr'>ΖοΣιΜᾳ</span> <span class='ocrx_word' id='word_1_386' title='bbox 3171 2696 3635 2768; x_wconf 77' lang='grc' dir='ltr'><strong>ΠΡΕΣΒΥΤΕΡῼ.</strong></span> 
     </span>
    </p>
   </div>
   <div class='ocr_carea' id='block_1_55' title="bbox 2422 2804 3912 2880">
    <p class='ocr_par' dir='ltr' id='par_1_55' title="bbox 2422 2804 3912 2880">
     <span class='ocr_line' id='line_1_56' title="bbox 2422 2804 3912 2880; baseline 0.001 -21"><span class='ocrx_word' id='word_1_387' title='bbox 2422 2807 2583 2877; x_wconf 78' lang='grc' dir='ltr'>Ἀνὴρ</span> <span class='ocrx_word' id='word_1_388' title='bbox 2628 2808 2912 2880; x_wconf 76' lang='grc' dir='ltr'>ἐλλόγιμος</span> <span class='ocrx_word' id='word_1_389' title='bbox 2942 2810 3033 2861; x_wconf 83' lang='grc' dir='ltr'>καὶ</span> <span class='ocrx_word' id='word_1_390' title='bbox 3076 2808 3233 2877; x_wconf 85' lang='grc' dir='ltr'>ὀρθὸς</span> <span class='ocrx_word' id='word_1_391' title='bbox 3265 2808 3363 2879; x_wconf 73' lang='grc' dir='ltr'><strong>μὲν</strong></span> <span class='ocrx_word' id='word_1_392' title='bbox 3387 2808 3478 2862; x_wconf 78' lang='grc' dir='ltr'>τὸν</span> <span class='ocrx_word' id='word_1_393' title='bbox 3520 2808 3739 2879; x_wconf 78' lang='grc' dir='ltr'>τρόπον,</span> <span class='ocrx_word' id='word_1_394' title='bbox 3770 2804 3912 2878; x_wconf 82' lang='grc' dir='ltr'>λαμ-</span> 
     </span>
    </p>
   </div>
   <div class='ocr_carea' id='block_1_56' title="bbox 2338 2891 3912 2972">
    <p class='ocr_par' dir='ltr' id='par_1_56' title="bbox 2338 2891 3912 2972">
     <span class='ocr_line' id='line_1_57' title="bbox 2338 2891 3912 2972; baseline 0.001 -22"><span class='ocrx_word' id='word_1_395' title='bbox 2338 2898 2472 2969; x_wconf 75' lang='grc' dir='ltr'>πρὸς</span> <span class='ocrx_word' id='word_1_396' title='bbox 2504 2898 2560 2952; x_wconf 85' lang='grc' dir='ltr'><strong>δέ</strong></span> <span class='ocrx_word' id='word_1_397' title='bbox 2591 2900 2681 2953; x_wconf 85' lang='grc' dir='ltr'><strong>τὸν</strong></span> <span class='ocrx_word' id='word_1_398' title='bbox 2717 2899 2829 2970; x_wconf 83' lang='grc' dir='ltr'>βίον</span> <span class='ocrx_word' id='word_1_399' title='bbox 2865 2900 2947 2972; x_wconf 82' lang='grc' dir='ltr'>(τὸ</span> <span class='ocrx_word' id='word_1_400' title='bbox 2976 2900 3083 2972; x_wconf 84' lang='grc' dir='ltr'>γὰρ</span> <span class='ocrx_word' id='word_1_401' title='bbox 3114 2902 3207 2954; x_wconf 75' lang='grc' dir='ltr'>καὶ</span> <span class='ocrx_word' id='word_1_402' title='bbox 3250 2900 3523 2971; x_wconf 82' lang='grc' dir='ltr'>ἀξιώματι.</span> <span class='ocrx_word' id='word_1_403' title='bbox 3554 2891 3715 2953; x_wconf 69' lang='grc' dir='ltr'>αὑτὸν</span> <span class='ocrx_word' id='word_1_404' title='bbox 3767 2900 3912 2971; x_wconf 86' lang='grc' dir='ltr'>λαμ-</span> 
     </span>
    </p>
   </div>
   <div class='ocr_carea' id='block_1_57' title="bbox 2336 2989 3914 3063">
    <p class='ocr_par' dir='ltr' id='par_1_57' title="bbox 2336 2989 3914 3063">
     <span class='ocr_line' id='line_1_58' title="bbox 2336 2989 3914 3063; baseline 0.003 -21"><span class='ocrx_word' id='word_1_405' title='bbox 2336 2989 2462 3061; x_wconf 84' lang='grc' dir='ltr'>πρῷ</span> <span class='ocrx_word' id='word_1_406' title='bbox 2523 2991 2921 3061; x_wconf 85' lang='grc' dir='ltr'>κεκοσμῆσθαι,</span> <span class='ocrx_word' id='word_1_407' title='bbox 2976 2993 3223 3063; x_wconf 86' lang='grc' dir='ltr'>παρήσω·</span> <span class='ocrx_word' id='word_1_408' title='bbox 3279 2994 3406 3046; x_wconf 90' lang='grc' dir='ltr'><strong>σκιά</strong></span> <span class='ocrx_word' id='word_1_409' title='bbox 3456 2993 3563 3063; x_wconf 76' lang='grc' dir='ltr'><strong>γὰρ</strong></span> <span class='ocrx_word' id='word_1_410' title='bbox 3605 2992 3763 3046; x_wconf 82' lang='grc' dir='ltr'>τοῦτο</span> <span class='ocrx_word' id='word_1_411' title='bbox 3814 2992 3914 3046; x_wconf 75' lang='grc' dir='ltr'>καὶ</span> 
     </span>
    </p>
   </div>
   <div class='ocr_carea' id='block_1_58' title="bbox 2333 3080 3911 3156">
    <p class='ocr_par' dir='ltr' id='par_1_58' title="bbox 2333 3080 3911 3156">
     <span class='ocr_line' id='line_1_59' title="bbox 2333 3080 3911 3156; baseline 0.003 -23"><span class='ocrx_word' id='word_1_412' title='bbox 2333 3080 2511 3152; x_wconf 75' lang='grc' dir='ltr'>ὄναρ),</span> <span class='ocrx_word' id='word_1_413' title='bbox 2534 3080 2767 3153; x_wconf 84' lang='grc' dir='ltr'>ἐντυχὼν</span> <span class='ocrx_word' id='word_1_414' title='bbox 2792 3083 2923 3153; x_wconf 81' lang='grc' dir='ltr'>ἡμῖν</span> <span class='ocrx_word' id='word_1_415' title='bbox 2948 3082 3394 3154; x_wconf 76' lang='grc' dir='ltr'>ἀπήγγειλεν,δτι</span> <span class='ocrx_word' id='word_1_416' title='bbox 3418 3084 3685 3156; x_wconf 80' lang='grc' dir='ltr'>προσῆλθε</span> <span class='ocrx_word' id='word_1_417' title='bbox 3711 3085 3808 3155; x_wconf 77' lang='grc' dir='ltr'>μὲν</span> <span class='ocrx_word' id='word_1_418' title='bbox 3830 3084 3911 3153; x_wconf 84' lang='grc' dir='ltr'>τῷ</span> 
     </span>
    </p>
   </div>
   <div class='ocr_carea' id='block_1_59' title="bbox 663 3172 2233 3248">
    <p class='ocr_par' dir='ltr' id='par_1_59' title="bbox 663 3174 2224 3245">
     <span class='ocr_line' id='line_1_60' title="bbox 663 3174 2224 3245; baseline -0.001 -16"><span class='ocrx_word' id='word_1_419' title='bbox 663 3177 800 3230; x_wconf 87' lang='lat' dir='ltr'><strong>ravit</strong></span> <span class='ocrx_word' id='word_1_420' title='bbox 844 3190 901 3231; x_wconf 86' lang='lat' dir='ltr'><strong>se</strong></span> <span class='ocrx_word' id='word_1_421' title='bbox 932 3176 1000 3231; x_wconf 84' lang='lat' dir='ltr'><strong>ad</strong></span> <span class='ocrx_word' id='word_1_422' title='bbox 1043 3176 1409 3230; x_wconf 85' lang='lat' dir='ltr'><strong>venerandum</strong></span> <span class='ocrx_word' id='word_1_423' title='bbox 1445 3175 1661 3245; x_wconf 87' lang='lat' dir='ltr'><strong>quidem</strong></span> <span class='ocrx_word' id='word_1_424' title='bbox 1696 3174 1862 3229; x_wconf 87' lang='lat' dir='ltr'><strong>altare</strong></span> <span class='ocrx_word' id='word_1_425' title='bbox 1909 3174 2224 3237; x_wconf 78' lang='lat' dir='ltr'><strong>accessisse,</strong></span> 
     </span>
    </p>
   </div>
   <div class='ocr_carea' id='block_1_60' title="bbox 2337 3172 3907 3248">
    <p class='ocr_par' dir='ltr' id='par_1_60' title="bbox 2337 3172 3907 3248">
     <span class='ocr_line' id='line_1_61' title="bbox 2337 3172 3907 3248; baseline 0.003 -23"><span class='ocrx_word' id='word_1_426' title='bbox 2337 3172 2517 3243; x_wconf 80' lang='grc' dir='ltr'>σεπτῷ</span> <span class='ocrx_word' id='word_1_427' title='bbox 2550 3172 2921 3245; x_wconf 81' lang='grc' dir='ltr'>θυσιαστηρίῳ</span> <span class='ocrx_word' id='word_1_428' title='bbox 2967 3174 3077 3229; x_wconf 86' lang='grc' dir='ltr'>τῶν</span> <span class='ocrx_word' id='word_1_429' title='bbox 3108 3174 3266 3229; x_wconf 83' lang='grc' dir='ltr'>θείων</span> <span class='ocrx_word' id='word_1_430' title='bbox 3300 3177 3617 3248; x_wconf 84' lang='grc' dir='ltr'>μυστηρίων</span> <span class='ocrx_word' id='word_1_431' title='bbox 3670 3178 3907 3247; x_wconf 53' lang='lat' dir='ltr'><strong>parum.</strong></span> 
     </span>
    </p>
   </div>
   <div class='ocr_carea' id='block_1_61' title="bbox 662 3266 2225 3337">
    <p class='ocr_par' dir='ltr' id='par_1_61' title="bbox 662 3266 2225 3337">
     <span class='ocr_line' id='line_1_62' title="bbox 662 3266 2225 3337; baseline -0.001 -17"><span class='ocrx_word' id='word_1_432' title='bbox 662 3278 723 3321; x_wconf 92' lang='lat' dir='ltr'><strong>ut</strong></span> <span class='ocrx_word' id='word_1_433' title='bbox 752 3268 931 3321; x_wconf 88' lang='lat' dir='ltr'><strong>divina</strong></span> <span class='ocrx_word' id='word_1_434' title='bbox 966 3267 1220 3336; x_wconf 77' lang='lat' dir='ltr'><strong>mysteria</strong></span> <span class='ocrx_word' id='word_1_435' title='bbox 1250 3266 1589 3337; x_wconf 86' lang='lat' dir='ltr'><strong>perciperet:</strong></span> <span class='ocrx_word' id='word_1_436' title='bbox 1623 3274 1678 3320; x_wconf 81' lang='lat' dir='ltr'><strong>at</strong></span> <span class='ocrx_word' id='word_1_437' title='bbox 1705 3267 1793 3321; x_wconf 90' lang='lat' dir='ltr'><strong>ubi</strong></span> <span class='ocrx_word' id='word_1_438' title='bbox 1832 3275 1901 3332; x_wconf 87' lang='lat' dir='ltr'><strong>te,</strong></span> <span class='ocrx_word' id='word_1_439' title='bbox 1936 3266 2225 3327; x_wconf 87' lang='lat' dir='ltr'><strong>hominem,</strong></span> 
     </span>
    </p>
   </div>
   <div class='ocr_carea' id='block_1_62' title="bbox 660 3357 2224 3427">
    <p class='ocr_par' dir='ltr' id='par_1_62' title="bbox 660 3357 2224 3427">
     <span class='ocr_line' id='line_1_63' title="bbox 660 3357 2224 3427; baseline -0.001 -17"><span class='ocrx_word' id='word_1_440' title='bbox 660 3367 818 3412; x_wconf 68' lang='lat' dir='ltr'><strong>aetate</strong></span> <span class='ocrx_word' id='word_1_441' title='bbox 847 3357 1061 3427; x_wconf 83' lang='lat' dir='ltr'><strong>quidem</strong></span> <span class='ocrx_word' id='word_1_442' title='bbox 1093 3372 1298 3418; x_wconf 85' lang='lat' dir='ltr'><strong>senem,</strong></span> <span class='ocrx_word' id='word_1_443' title='bbox 1331 3357 1792 3426; x_wconf 82' lang='lat' dir='ltr'><strong>dignitateaulem</strong></span> <span class='ocrx_word' id='word_1_444' title='bbox 1833 3358 2224 3427; x_wconf 84' lang='lat' dir='ltr'><strong>presbyterum,</strong></span> 
     </span>
    </p>
   </div>
   <div class='ocr_carea' id='block_1_63' title="bbox 664 3446 2227 3519">
    <p class='ocr_par' dir='ltr' id='par_1_63' title="bbox 664 3446 2227 3519">
     <span class='ocr_line' id='line_1_64' title="bbox 664 3446 2227 3519; baseline 0.001 -21"><span class='ocrx_word' id='word_1_445' title='bbox 664 3446 883 3501; x_wconf 76' lang='lat' dir='ltr'><strong>libidine</strong></span> <span class='ocrx_word' id='word_1_446' title='bbox 918 3462 1094 3501; x_wconf 84' lang='lat' dir='ltr'><strong>autem</strong></span> <span class='ocrx_word' id='word_1_447' title='bbox 1139 3448 1421 3518; x_wconf 76' lang='lat' dir='ltr'><strong>vigentem,</strong></span> <span class='ocrx_word' id='word_1_448' title='bbox 1450 3457 1610 3516; x_wconf 85' lang='lat' dir='ltr'><strong>atque</strong></span> <span class='ocrx_word' id='word_1_449' title='bbox 1635 3463 1843 3512; x_wconf 92' lang='lat' dir='ltr'><strong>omnes,</strong></span> <span class='ocrx_word' id='word_1_450' title='bbox 1872 3461 2099 3519; x_wconf 91' lang='lat' dir='ltr'><strong>quorum</strong></span> <span class='ocrx_word' id='word_1_451' title='bbox 2128 3448 2227 3501; x_wconf 91' lang='lat' dir='ltr'><strong>im-</strong></span> 
     </span>
    </p>
   </div>
   <div class='ocr_carea' id='block_1_64' title="bbox 663 3538 2226 3607">
    <p class='ocr_par' dir='ltr' id='par_1_64' title="bbox 663 3538 2226 3607">
     <span class='ocr_line' id='line_1_65' title="bbox 663 3538 2226 3607; baseline 0.001 -15"><span class='ocrx_word' id='word_1_452' title='bbox 663 3540 919 3606; x_wconf 85' lang='lat' dir='ltr'><strong>pudicitia</strong></span> <span class='ocrx_word' id='word_1_453' title='bbox 943 3538 1218 3593; x_wconf 90' lang='lat' dir='ltr'><strong>hominum</strong></span> <span class='ocrx_word' id='word_1_454' title='bbox 1247 3554 1493 3595; x_wconf 87' lang='lat' dir='ltr'><strong>sermone</strong></span> <span class='ocrx_word' id='word_1_455' title='bbox 1516 3539 1835 3605; x_wconf 81' lang='lat' dir='ltr'><strong>celebratur,</strong></span> <span class='ocrx_word' id='word_1_456' title='bbox 1862 3550 2226 3607; x_wconf 83' lang='lat' dir='ltr'><strong>superantem,</strong></span> 
     </span>
    </p>
   </div>
   <div class='ocr_carea' id='block_1_65' title="bbox 662 3626 2229 3697">
    <p class='ocr_par' dir='ltr' id='par_1_65' title="bbox 662 3626 2229 3697">
     <span class='ocr_line' id='line_1_66' title="bbox 662 3626 2229 3697; baseline 0 -18"><span class='ocrx_word' id='word_1_457' title='bbox 662 3626 769 3680; x_wconf 89' lang='lat' dir='ltr'><strong>illic</strong></span> <span class='ocrx_word' id='word_1_458' title='bbox 818 3634 995 3680; x_wconf 83' lang='lat' dir='ltr'><strong>astare</strong></span> <span class='ocrx_word' id='word_1_459' title='bbox 1044 3627 1343 3695; x_wconf 78' lang='lat' dir='ltr'><strong>con5pexit,</strong></span> <span class='ocrx_word' id='word_1_460' title='bbox 1374 3626 1560 3696; x_wconf 82' lang='lat' dir='ltr'><strong>pedem</strong></span> <span class='ocrx_word' id='word_1_461' title='bbox 1595 3626 1885 3692; x_wconf 70' lang='lat' dir='ltr'><strong>retulisse;</strong></span> <span class='ocrx_word' id='word_1_462' title='bbox 1935 3628 2075 3697; x_wconf 88' lang='lat' dir='ltr'><strong>quod</strong></span> <span class='ocrx_word' id='word_1_463' title='bbox 2124 3627 2229 3680; x_wconf 90' lang='lat' dir='ltr'><strong>sci-</strong></span> 
     </span>
    </p>
   </div>
   <div class='ocr_carea' id='block_1_66' title="bbox 664 3717 2229 3788">
    <p class='ocr_par' dir='ltr' id='par_1_66' title="bbox 664 3717 2229 3788">
     <span class='ocr_line' id='line_1_67' title="bbox 664 3717 2229 3788; baseline 0.001 -18"><span class='ocrx_word' id='word_1_464' title='bbox 664 3717 786 3771; x_wconf 87' lang='lat' dir='ltr'><strong>licet</strong></span> <span class='ocrx_word' id='word_1_465' title='bbox 815 3717 1086 3787; x_wconf 75' lang='lat' dir='ltr'><strong>indignam</strong></span> <span class='ocrx_word' id='word_1_466' title='bbox 1133 3731 1243 3774; x_wconf 87' lang='lat' dir='ltr'><strong>retn</strong></span> <span class='ocrx_word' id='word_1_467' title='bbox 1280 3732 1399 3774; x_wconf 89' lang='lat' dir='ltr'><strong>esse</strong></span> <span class='ocrx_word' id='word_1_468' title='bbox 1443 3717 1702 3780; x_wconf 76' lang='lat' dir='ltr'><strong>duxisset.</strong></span> <span class='ocrx_word' id='word_1_469' title='bbox 1737 3730 2081 3777; x_wconf 84' lang='lat' dir='ltr'><strong>sacrosancta</strong></span> <span class='ocrx_word' id='word_1_470' title='bbox 2116 3735 2229 3788; x_wconf 85' lang='lat' dir='ltr'><strong>my-</strong></span> 
     </span>
    </p>
   </div>
   <div class='ocr_carea' id='block_1_67' title="bbox 662 3809 2224 3883">
    <p class='ocr_par' dir='ltr' id='par_1_67' title="bbox 662 3809 2224 3883">
     <span class='ocr_line' id='line_1_68' title="bbox 662 3809 2224 3883; baseline 0.004 -20"><span class='ocrx_word' id='word_1_471' title='bbox 662 3809 826 3863; x_wconf 85' lang='lat' dir='ltr'><strong>steria</strong></span> <span class='ocrx_word' id='word_1_472' title='bbox 856 3826 949 3878; x_wconf 85' lang='lat' dir='ltr'><strong>per</strong></span> <span class='ocrx_word' id='word_1_473' title='bbox 983 3811 1244 3878; x_wconf 89' lang='lat' dir='ltr'><strong>impuram</strong></span> <span class='ocrx_word' id='word_1_474' title='bbox 1282 3824 1343 3865; x_wconf 88' lang='lat' dir='ltr'><strong>ac</strong></span> <span class='ocrx_word' id='word_1_475' title='bbox 1369 3811 1649 3865; x_wconf 82' lang='lat' dir='ltr'><strong>scelestam</strong></span> <span class='ocrx_word' id='word_1_476' title='bbox 1681 3822 1895 3867; x_wconf 79' lang='lat' dir='ltr'><strong>manum</strong></span> <span class='ocrx_word' id='word_1_477' title='bbox 1924 3814 2224 3883; x_wconf 87' lang='lat' dir='ltr'><strong>suscipere.</strong></span> 
     </span>
    </p>
   </div>
   <div class='ocr_carea' id='block_1_68' title="bbox 663 3897 2229 3975">
    <p class='ocr_par' dir='ltr' id='par_1_68' title="bbox 663 3897 2229 3975">
     <span class='ocr_line' id='line_1_69' title="bbox 663 3897 2229 3975; baseline 0.007 -26"><span class='ocrx_word' id='word_1_478' title='bbox 663 3897 772 3967; x_wconf 76' lang='lat' dir='ltr'><strong>Ego</strong></span> <span class='ocrx_word' id='word_1_479' title='bbox 808 3914 933 3954; x_wconf 84' lang='lat' dir='ltr'><strong>vero</strong></span> <span class='ocrx_word' id='word_1_480' title='bbox 965 3899 1046 3954; x_wconf 88' lang='lat' dir='ltr'><strong>bis</strong></span> <span class='ocrx_word' id='word_1_481' title='bbox 1092 3902 1284 3955; x_wconf 70' lang='lat' dir='ltr'><strong>auditis</strong></span> <span class='ocrx_word' id='word_1_482' title='bbox 1328 3912 1585 3975; x_wconf 85' lang='lat' dir='ltr'><strong>quantum</strong></span> <span class='ocrx_word' id='word_1_483' title='bbox 1620 3906 1797 3957; x_wconf 88' lang='lat' dir='ltr'><strong>animo</strong></span> <span class='ocrx_word' id='word_1_484' title='bbox 1837 3905 2027 3960; x_wconf 84' lang='lat' dir='ltr'><strong>vulnus</strong></span> <span class='ocrx_word' id='word_1_485' title='bbox 2071 3921 2229 3965; x_wconf 84' lang='lat' dir='ltr'><strong>accc-</strong></span> 
     </span>
    </p>
   </div>
   <div class='ocr_carea' id='block_1_69' title="bbox 663 3985 2229 4063">
    <p class='ocr_par' dir='ltr' id='par_1_69' title="bbox 663 3985 2229 4063">
     <span class='ocr_line' id='line_1_70' title="bbox 663 3985 2229 4063; baseline 0.007 -22"><span class='ocrx_word' id='word_1_486' title='bbox 663 3992 852 4059; x_wconf 81' lang='lat' dir='ltr'><strong>perim,</strong></span> <span class='ocrx_word' id='word_1_487' title='bbox 896 3992 1074 4045; x_wconf 84' lang='lat' dir='ltr'><strong>dicere</strong></span> <span class='ocrx_word' id='word_1_488' title='bbox 1125 3995 1526 4061; x_wconf 71' lang='lat' dir='ltr'><strong>praetermittam</strong></span> <span class='ocrx_word' id='word_1_489' title='bbox 1575 4008 1589 4047; x_wconf 93' lang='lat'><strong>:</strong></span> <span class='ocrx_word' id='word_1_490' title='bbox 1624 3985 1816 4063; x_wconf 78' lang='lat' dir='ltr'><strong>quibus</strong></span> <span class='ocrx_word' id='word_1_491' title='bbox 1839 4004 2016 4052; x_wconf 85' lang='lat' dir='ltr'><strong>autent</strong></span> <span class='ocrx_word' id='word_1_492' title='bbox 2049 3998 2229 4052; x_wconf 86' lang='lat' dir='ltr'><strong>verbis</strong></span> 
     </span>
    </p>
   </div>
   <div class='ocr_carea' id='block_1_70' title="bbox 661 4084 2222 4156">
    <p class='ocr_par' dir='ltr' id='par_1_70' title="bbox 661 4084 2222 4156">
     <span class='ocr_line' id='line_1_71' title="bbox 661 4084 2222 4156; baseline 0.005 -21"><span class='ocrx_word' id='word_1_493' title='bbox 661 4096 782 4135; x_wconf 87' lang='lat' dir='ltr'><strong>eum</strong></span> <span class='ocrx_word' id='word_1_494' title='bbox 833 4084 1146 4151; x_wconf 85' lang='lat' dir='ltr'><strong>gravissime</strong></span> <span class='ocrx_word' id='word_1_495' title='bbox 1198 4084 1656 4152; x_wconf 83' lang='lat' dir='ltr'><strong>reprehenderim,</strong></span> <span class='ocrx_word' id='word_1_496' title='bbox 1701 4101 1987 4156; x_wconf 80' lang='lat' dir='ltr'><strong>exponam.</strong></span> <span class='ocrx_word' id='word_1_497' title='bbox 2043 4089 2222 4155; x_wconf 82' lang='lat' dir='ltr'><strong>Nullo,</strong></span> 
     </span>
    </p>
   </div>
   <div class='ocr_carea' id='block_1_71' title="bbox 659 4173 2231 4247">
    <p class='ocr_par' dir='ltr' id='par_1_71' title="bbox 659 4173 2231 4247">
     <span class='ocr_line' id='line_1_72' title="bbox 659 4173 2231 4247; baseline 0.004 -21"><span class='ocrx_word' id='word_1_498' title='bbox 659 4173 901 4241; x_wconf 85' lang='lat' dir='ltr'><strong>inquam,</strong></span> <span class='ocrx_word' id='word_1_499' title='bbox 939 4174 1278 4238; x_wconf 89' lang='lat' dir='ltr'><strong>detrimento,</strong></span> <span class='ocrx_word' id='word_1_500' title='bbox 1310 4176 1391 4227; x_wconf 89' lang='lat' dir='ltr'><strong>v&#39;rr</strong></span> <span class='ocrx_word' id='word_1_501' title='bbox 1419 4177 1834 4245; x_wconf 86' lang='lat' dir='ltr'><strong>sapientissime,</strong></span> <span class='ocrx_word' id='word_1_502' title='bbox 1863 4178 1929 4244; x_wconf 87' lang='lat' dir='ltr'><strong>is,</strong></span> <span class='ocrx_word' id='word_1_503' title='bbox 1953 4178 2042 4247; x_wconf 92' lang='lat' dir='ltr'><strong>qui</strong></span> <span class='ocrx_word' id='word_1_504' title='bbox 2066 4180 2231 4233; x_wconf 85' lang='lat' dir='ltr'><strong>susci-</strong></span> 
     </span>
    </p>
   </div>
   <div class='ocr_carea' id='block_1_72' title="bbox 658 4262 2229 4339">
    <p class='ocr_par' dir='ltr' id='par_1_72' title="bbox 658 4262 2229 4339">
     <span class='ocr_line' id='line_1_73' title="bbox 658 4262 2229 4339; baseline 0.005 -22"><span class='ocrx_word' id='word_1_505' title='bbox 658 4264 755 4333; x_wconf 87' lang='lat' dir='ltr'><strong>pit,</strong></span> <span class='ocrx_word' id='word_1_506' title='bbox 784 4262 1028 4327; x_wconf 88' lang='lat' dir='ltr'><strong>allicitur,</strong></span> <span class='ocrx_word' id='word_1_507' title='bbox 1067 4262 1229 4317; x_wconf 91' lang='lat' dir='ltr'><strong>etiam</strong></span> <span class='ocrx_word' id='word_1_508' title='bbox 1282 4266 1325 4319; x_wconf 89' lang='lat' dir='ltr'><strong>si</strong></span> <span class='ocrx_word' id='word_1_509' title='bbox 1354 4264 1357 4267; x_wconf 81' lang='grc'><em>’</em></span> <span class='ocrx_word' id='word_1_510' title='bbox 1382 4266 1425 4319; x_wconf 88' lang='lat' dir='ltr'><strong>is</strong></span> <span class='ocrx_word' id='word_1_511' title='bbox 1474 4268 1564 4335; x_wconf 88' lang='lat' dir='ltr'><strong>qui</strong></span> <span class='ocrx_word' id='word_1_512' title='bbox 1604 4269 1791 4323; x_wconf 82' lang='lat' dir='ltr'><strong>tribuit</strong></span> <span class='ocrx_word' id='word_1_513' title='bbox 1821 4270 2069 4339; x_wconf 81' lang='lat' dir='ltr'><strong>indignus</strong></span> <span class='ocrx_word' id='word_1_514' title='bbox 2111 4286 2229 4325; x_wconf 79' lang='lat' dir='ltr'><strong>esse</strong></span> 
     </span>
    </p>
   </div>
   <div class='ocr_carea' id='block_1_73' title="bbox 659 4354 2224 4429">
    <p class='ocr_par' dir='ltr' id='par_1_73' title="bbox 659 4354 2224 4429">
     <span class='ocr_line' id='line_1_74' title="bbox 659 4354 2224 4429; baseline 0.005 -22"><span class='ocrx_word' id='word_1_515' title='bbox 659 4354 932 4417; x_wconf 87' lang='lat' dir='ltr'><strong>videatur;</strong></span> <span class='ocrx_word' id='word_1_516' title='bbox 976 4369 1147 4421; x_wconf 81' lang='lat' dir='ltr'><strong>neque</strong></span> <span class='ocrx_word' id='word_1_517' title='bbox 1199 4356 1619 4411; x_wconf 83' lang='lat' dir='ltr'><strong>ineontaminata</strong></span> <span class='ocrx_word' id='word_1_518' title='bbox 1674 4362 1930 4429; x_wconf 84' lang='lat' dir='ltr'><strong>mysteria</strong></span> <span class='ocrx_word' id='word_1_519' title='bbox 1963 4374 2224 4429; x_wconf 86' lang='lat' dir='ltr'><strong>conspur-</strong></span> 
     </span>
    </p>
   </div>
   <div class='ocr_carea' id='block_1_74' title="bbox 658 4444 2228 4521">
    <p class='ocr_par' dir='ltr' id='par_1_74' title="bbox 658 4444 2228 4521">
     <span class='ocr_line' id='line_1_75' title="bbox 658 4444 2228 4521; baseline 0.006 -24"><span class='ocrx_word' id='word_1_520' title='bbox 658 4455 867 4507; x_wconf 78' lang='lat' dir='ltr'><strong>eantur,</strong></span> <span class='ocrx_word' id='word_1_521' title='bbox 912 4446 1119 4497; x_wconf 85' lang='lat' dir='ltr'><strong>etiamsi</strong></span> <span class='ocrx_word' id='word_1_522' title='bbox 1157 4449 1408 4501; x_wconf 77' lang='lat' dir='ltr'><strong>sacerdos</strong></span> <span class='ocrx_word' id='word_1_523' title='bbox 1459 4463 1645 4502; x_wconf 89' lang='lat' dir='ltr'><strong>omnes</strong></span> <span class='ocrx_word' id='word_1_524' title='bbox 1678 4449 1930 4505; x_wconf 85' lang='lat' dir='ltr'><strong>mortales</strong></span> <span class='ocrx_word' id='word_1_525' title='bbox 1962 4444 2228 4521; x_wconf 83' lang='lat' dir='ltr'><strong>improbi-</strong></span> 
     </span>
    </p>
   </div>
   <div class='ocr_carea' id='block_1_75' title="bbox 665 4536 2224 4615">
    <p class='ocr_par' dir='ltr' id='par_1_75' title="bbox 665 4536 2224 4615">
     <span class='ocr_line' id='line_1_76' title="bbox 665 4536 2224 4615; baseline 0.005 -28"><span class='ocrx_word' id='word_1_526' title='bbox 665 4544 770 4587; x_wconf 77' lang='lat' dir='ltr'><strong>tate</strong></span> <span class='ocrx_word' id='word_1_527' title='bbox 813 4546 1051 4601; x_wconf 80' lang='lat' dir='ltr'><strong>superet.</strong></span> <span class='ocrx_word' id='word_1_528' title='bbox 1086 4536 1235 4601; x_wconf 84' lang='lat' dir='ltr'><strong>Quod</strong></span> <span class='ocrx_word' id='word_1_529' title='bbox 1278 4540 1321 4591; x_wconf 86' lang='lat' dir='ltr'><strong>si</strong></span> <span class='ocrx_word' id='word_1_530' title='bbox 1354 4539 1480 4593; x_wconf 90' lang='lat' dir='ltr'><strong>mihi</strong></span> <span class='ocrx_word' id='word_1_531' title='bbox 1517 4540 1737 4605; x_wconf 77' lang='lat' dir='ltr'><strong>difﬁdis,</strong></span> <span class='ocrx_word' id='word_1_532' title='bbox 1772 4556 1992 4596; x_wconf 78' lang='lat' dir='ltr'><strong>corvum</strong></span> <span class='ocrx_word' id='word_1_533' title='bbox 2026 4545 2224 4615; x_wconf 83' lang='lat' dir='ltr'><strong>cogita,</strong></span> 
     </span>
    </p>
   </div>
   <div class='ocr_carea' id='block_1_76' title="bbox 656 4624 2229 4703">
    <p class='ocr_par' dir='ltr' id='par_1_76' title="bbox 656 4624 2229 4703">
     <span class='ocr_line' id='line_1_77' title="bbox 656 4624 2229 4703; baseline 0.007 -24"><span class='ocrx_word' id='word_1_534' title='bbox 656 4624 946 4693; x_wconf 78' lang='lat' dir='ltr'><strong>impurum,</strong></span> <span class='ocrx_word' id='word_1_535' title='bbox 978 4627 1215 4693; x_wconf 88' lang='lat' dir='ltr'><strong>inquam,</strong></span> <span class='ocrx_word' id='word_1_536' title='bbox 1268 4629 1395 4683; x_wconf 87' lang='lat' dir='ltr'><strong>illud</strong></span> <span class='ocrx_word' id='word_1_537' title='bbox 1424 4641 1585 4701; x_wconf 87' lang='lat' dir='ltr'><strong>atque</strong></span> <span class='ocrx_word' id='word_1_538' title='bbox 1636 4634 1685 4686; x_wconf 91' lang='lat' dir='ltr'><strong>in</strong></span> <span class='ocrx_word' id='word_1_539' title='bbox 1736 4630 1907 4703; x_wconf 73' lang='lat' dir='ltr'><strong>polles</strong></span> <span class='ocrx_word' id='word_1_540' title='bbox 1952 4652 2075 4691; x_wconf 86' lang='lat' dir='ltr'><strong>suos</strong></span> <span class='ocrx_word' id='word_1_541' title='bbox 2107 4654 2229 4692; x_wconf 84' lang='lat' dir='ltr'><strong>crn-</strong></span> 
     </span>
    </p>
   </div>
   <div class='ocr_carea' id='block_1_77' title="bbox 653 4716 2229 4788">
    <p class='ocr_par' dir='ltr' id='par_1_77' title="bbox 653 4716 2229 4788">
     <span class='ocr_line' id='line_1_78' title="bbox 653 4716 2229 4788; baseline 0.01 -21"><span class='ocrx_word' id='word_1_542' title='bbox 653 4716 773 4769; x_wconf 86' lang='lat' dir='ltr'><strong>dele</strong></span> <span class='ocrx_word' id='word_1_543' title='bbox 806 4717 1038 4780; x_wconf 87' lang='lat' dir='ltr'><strong>animal,</strong></span> <span class='ocrx_word' id='word_1_544' title='bbox 1073 4719 1227 4785; x_wconf 84' lang='lat' dir='ltr'><strong>cujus</strong></span> <span class='ocrx_word' id='word_1_545' title='bbox 1264 4735 1425 4788; x_wconf 85' lang='lat' dir='ltr'><strong>opera</strong></span> <span class='ocrx_word' id='word_1_546' title='bbox 1462 4725 1549 4777; x_wconf 89' lang='lat' dir='ltr'><strong>ille</strong></span> <span class='ocrx_word' id='word_1_547' title='bbox 1598 4727 1647 4777; x_wconf 91' lang='lat' dir='ltr'><strong>in</strong></span> <span class='ocrx_word' id='word_1_548' title='bbox 1690 4726 1882 4780; x_wconf 75' lang='lat' dir='ltr'><strong>tmlum</strong></span> <span class='ocrx_word' id='word_1_549' title='bbox 1937 4744 2229 4783; x_wconf 77' lang='lat' dir='ltr'><strong>excurrens</strong></span> 
     </span>
    </p>
   </div>
   <div class='ocr_carea' id='block_1_78' title="bbox 652 4806 2229 4889">
    <p class='ocr_par' dir='ltr' id='par_1_78' title="bbox 652 4806 2229 4889">
     <span class='ocr_line' id='line_1_79' title="bbox 652 4806 2229 4889; baseline 0.011 -32"><span class='ocrx_word' id='word_1_550' title='bbox 652 4818 716 4859; x_wconf 86' lang='lat' dir='ltr'><strong>ac</strong></span> <span class='ocrx_word' id='word_1_551' title='bbox 744 4806 862 4858; x_wconf 71' lang='lat' dir='ltr'><strong>cadi</strong></span> <span class='ocrx_word' id='word_1_552' title='bbox 892 4807 1023 4860; x_wconf 78' lang='lat' dir='ltr'><strong>civis</strong></span> <span class='ocrx_word' id='word_1_553' title='bbox 1071 4806 1211 4861; x_wconf 86' lang='lat' dir='ltr'><strong>Elias</strong></span> <span class='ocrx_word' id='word_1_554' title='bbox 1251 4811 1494 4865; x_wconf 86' lang='lat' dir='ltr'><strong>alebatur</strong></span> <span class='ocrx_word' id='word_1_555' title='bbox 1525 4813 1587 4868; x_wconf 86' lang='grc'><strong>³⁷.</strong></span> <span class='ocrx_word' id='word_1_556' title='bbox 1636 4818 1811 4885; x_wconf 84' lang='lat' dir='ltr'><strong>Atque</strong></span> <span class='ocrx_word' id='word_1_557' title='bbox 1859 4820 1963 4873; x_wconf 90' lang='lat' dir='ltr'><strong>alia</strong></span> <span class='ocrx_word' id='word_1_558' title='bbox 2012 4821 2229 4889; x_wconf 87' lang='lat' dir='ltr'><strong>insuper</strong></span> 
     </span>
    </p>
   </div>
   <div class='ocr_carea' id='block_1_79' title="bbox 654 4895 2226 4969">
    <p class='ocr_par' dir='ltr' id='par_1_79' title="bbox 654 4895 2226 4969">
     <span class='ocr_line' id='line_1_80' title="bbox 654 4895 2226 4969; baseline 0.015 -24"><span class='ocrx_word' id='word_1_559' title='bbox 654 4895 815 4947; x_wconf 90' lang='lat' dir='ltr'><strong>nmlta</strong></span> <span class='ocrx_word' id='word_1_560' title='bbox 851 4897 981 4959; x_wconf 76' lang='lat' dir='ltr'><strong>dixi,</strong></span> <span class='ocrx_word' id='word_1_561' title='bbox 1012 4912 1129 4965; x_wconf 79' lang='lat' dir='ltr'><strong>quae</strong></span> <span class='ocrx_word' id='word_1_562' title='bbox 1166 4899 1360 4967; x_wconf 82' lang='lat' dir='ltr'><strong>duplici</strong></span> <span class='ocrx_word' id='word_1_563' title='bbox 1392 4905 1455 4955; x_wconf 90' lang='lat' dir='ltr'><strong>de</strong></span> <span class='ocrx_word' id='word_1_564' title='bbox 1496 4920 1658 4959; x_wconf 85' lang='lat' dir='ltr'><strong>causa</strong></span> <span class='ocrx_word' id='word_1_565' title='bbox 1693 4911 1758 4961; x_wconf 89' lang='lat' dir='ltr'><strong>ad</strong></span> <span class='ocrx_word' id='word_1_566' title='bbox 1794 4920 1842 4963; x_wconf 89' lang='lat' dir='ltr'><strong>te</strong></span> <span class='ocrx_word' id='word_1_567' title='bbox 1876 4912 2113 4969; x_wconf 82' lang='lat' dir='ltr'><strong>scribere</strong></span> <span class='ocrx_word' id='word_1_568' title='bbox 2143 4930 2226 4967; x_wconf 84' lang='lat' dir='ltr'><strong>re-</strong></span> 
     </span>
    </p>
   </div>
   <div class='ocr_carea' id='block_1_80' title="bbox 654 4988 2219 5069">
    <p class='ocr_par' dir='ltr' id='par_1_80' title="bbox 654 4988 2219 5069">
     <span class='ocr_line' id='line_1_81' title="bbox 654 4988 2219 5069; baseline 0.013 -31"><span class='ocrx_word' id='word_1_569' title='bbox 654 4988 833 5040; x_wconf 85' lang='lat' dir='ltr'><strong>cusavi</strong></span> <span class='ocrx_word' id='word_1_570' title='bbox 880 5006 891 5041; x_wconf 89' lang='lat'><strong>:</strong></span> <span class='ocrx_word' id='word_1_571' title='bbox 949 4989 1137 5053; x_wconf 86' lang='lat' dir='ltr'><strong>altera,</strong></span> <span class='ocrx_word' id='word_1_572' title='bbox 1207 5008 1272 5045; x_wconf 87' lang='lat' dir='ltr'><strong>ne</strong></span> <span class='ocrx_word' id='word_1_573' title='bbox 1330 5009 1779 5061; x_wconf 74' lang='lat' dir='ltr'><strong>supervacaneam</strong></span> <span class='ocrx_word' id='word_1_574' title='bbox 1860 5004 2219 5069; x_wconf 79' lang='lat' dir='ltr'><strong>prolixitatem</strong></span> 
     </span>
    </p>
   </div>
   <div class='ocr_carea' id='block_1_81' title="bbox 651 5076 2220 5150">
    <p class='ocr_par' dir='ltr' id='par_1_81' title="bbox 651 5076 2220 5150">
     <span class='ocr_line' id='line_1_82' title="bbox 651 5076 2220 5150; baseline 0.015 -23"><span class='ocrx_word' id='word_1_575' title='bbox 651 5076 887 5143; x_wconf 69' lang='lat' dir='ltr'><strong>cpistola:</strong></span> <span class='ocrx_word' id='word_1_576' title='bbox 946 5080 1239 5147; x_wconf 72' lang='lat' dir='ltr'><strong>adderem;</strong></span> <span class='ocrx_word' id='word_1_577' title='bbox 1294 5082 1494 5147; x_wconf 83' lang='lat' dir='ltr'><strong>altera,</strong></span> <span class='ocrx_word' id='word_1_578' title='bbox 1548 5102 1612 5139; x_wconf 89' lang='lat' dir='ltr'><strong>ne</strong></span> <span class='ocrx_word' id='word_1_579' title='bbox 1668 5098 1754 5143; x_wconf 81' lang='lat' dir='ltr'><strong>tua</strong></span> <span class='ocrx_word' id='word_1_580' title='bbox 1825 5094 1951 5147; x_wconf 88' lang='lat' dir='ltr'><strong>vitia</strong></span> <span class='ocrx_word' id='word_1_581' title='bbox 1996 5096 2220 5150; x_wconf 89' lang='lat' dir='ltr'><strong>nimium</strong></span> 
     </span>
    </p>
   </div>
   <div class='ocr_carea' id='block_1_82' title="bbox 650 5171 2223 5251">
    <p class='ocr_par' dir='ltr' id='par_1_82' title="bbox 650 5171 2223 5251">
     <span class='ocr_line' id='line_1_83' title="bbox 650 5171 2223 5251; baseline 0.018 -35"><span class='ocrx_word' id='word_1_582' title='bbox 650 5181 978 5235; x_wconf 79' lang='lat' dir='ltr'><strong>cxaggerare</strong></span> <span class='ocrx_word' id='word_1_583' title='bbox 1008 5171 1209 5223; x_wconf 78' lang='lat' dir='ltr'><strong>videar.</strong></span> <span class='ocrx_word' id='word_1_584' title='bbox 1242 5174 1698 5238; x_wconf 85' lang='lat' dir='ltr'><strong>Quemadmodum</strong></span> <span class='ocrx_word' id='word_1_585' title='bbox 1752 5183 1913 5251; x_wconf 71' lang='lat' dir='ltr'><strong>igitur</strong></span> <span class='ocrx_word' id='word_1_586' title='bbox 1969 5187 2043 5241; x_wconf 91' lang='lat' dir='ltr'><strong>illi</strong></span> <span class='ocrx_word' id='word_1_587' title='bbox 2101 5205 2223 5245; x_wconf 81' lang='lat' dir='ltr'><strong>sne-</strong></span> 
     </span>
    </p>
   </div>
   <div class='ocr_carea' id='block_1_83' title="bbox 2333 3265 3908 3344">
    <p class='ocr_par' dir='ltr' id='par_1_83' title="bbox 2333 3265 3908 3344">
     <span class='ocr_line' id='line_1_84' title="bbox 2333 3265 3908 3344; baseline 0.004 -27"><span class='ocrx_word' id='word_1_588' title='bbox 2333 3265 2596 3335; x_wconf 78' lang='grc' dir='ltr'>ψόμενος·</span> <span class='ocrx_word' id='word_1_589' title='bbox 2640 3265 2971 3337; x_wconf 85' lang='grc' dir='ltr'>θεασάμενος</span> <span class='ocrx_word' id='word_1_590' title='bbox 3017 3266 3076 3320; x_wconf 78' lang='grc' dir='ltr'><strong>δέ</strong></span> <span class='ocrx_word' id='word_1_591' title='bbox 3120 3285 3178 3321; x_wconf 90' lang='grc' dir='ltr'><strong>σε</strong></span> <span class='ocrx_word' id='word_1_592' title='bbox 3224 3268 3371 3339; x_wconf 78' lang='grc' dir='ltr'>αὐτῷ</span> <span class='ocrx_word' id='word_1_593' title='bbox 3414 3269 3773 3344; x_wconf 85' lang='grc' dir='ltr'>παρεστῶτα.</span> <span class='ocrx_word' id='word_1_594' title='bbox 3809 3272 3908 3325; x_wconf 81' lang='grc' dir='ltr'>ἀν·-</span> 
     </span>
    </p>
   </div>
   <div class='ocr_carea' id='block_1_84' title="bbox 2335 3346 3909 3433">
    <p class='ocr_par' dir='ltr' id='par_1_84' title="bbox 2335 3346 3909 3433">
     <span class='ocr_line' id='line_1_85' title="bbox 2335 3346 3909 3433; baseline 0.006 -26"><span class='ocrx_word' id='word_1_595' title='bbox 2335 3356 2549 3427; x_wconf 88' lang='grc' dir='ltr'>θρωπον</span> <span class='ocrx_word' id='word_1_596' title='bbox 2613 3358 2927 3431; x_wconf 75' lang='grc' dir='ltr'>πρεσϐύτην</span> <span class='ocrx_word' id='word_1_597' title='bbox 2989 3346 3089 3432; x_wconf 86' lang='grc' dir='ltr'><strong>μὲν</strong></span> <span class='ocrx_word' id='word_1_598' title='bbox 3145 3362 3242 3432; x_wconf 82' lang='grc' dir='ltr'>τὴν</span> <span class='ocrx_word' id='word_1_599' title='bbox 3300 3362 3540 3433; x_wconf 82' lang='grc' dir='ltr'>ἠλικίαν.</span> <span class='ocrx_word' id='word_1_600' title='bbox 3606 3362 3909 3433; x_wconf 79' lang='grc' dir='ltr'>πρεσϐύτε-</span> 
     </span>
    </p>
   </div>
   <div class='ocr_carea' id='block_1_85' title="bbox 2334 3450 3906 3527">
    <p class='ocr_par' dir='ltr' id='par_1_85' title="bbox 2334 3450 3906 3527">
     <span class='ocr_line' id='line_1_86' title="bbox 2334 3450 3906 3527; baseline 0.006 -27"><span class='ocrx_word' id='word_1_601' title='bbox 2334 3465 2425 3517; x_wconf 87' lang='grc' dir='ltr'><strong>ρον</strong></span> <span class='ocrx_word' id='word_1_602' title='bbox 2468 3450 2523 3502; x_wconf 77' lang='grc' dir='ltr'>δὲ</span> <span class='ocrx_word' id='word_1_603' title='bbox 2566 3452 2664 3520; x_wconf 84' lang='grc' dir='ltr'>τὴν</span> <span class='ocrx_word' id='word_1_604' title='bbox 2695 3450 2873 3519; x_wconf 81' lang='grc' dir='ltr'>ἀξίαν,</span> <span class='ocrx_word' id='word_1_605' title='bbox 2918 3453 3237 3524; x_wconf 83' lang='grc' dir='ltr'>ἀκμάζοντα</span> <span class='ocrx_word' id='word_1_606' title='bbox 3277 3454 3334 3507; x_wconf 71' lang='grc' dir='ltr'>δὲ</span> <span class='ocrx_word' id='word_1_607' title='bbox 3385 3458 3451 3526; x_wconf 77' lang='grc' dir='ltr'>τῇ</span> <span class='ocrx_word' id='word_1_608' title='bbox 3496 3455 3752 3527; x_wconf 76' lang='grc' dir='ltr'>λαγνείᾳ,</span> <span class='ocrx_word' id='word_1_609' title='bbox 3809 3457 3906 3510; x_wconf 75' lang='grc' dir='ltr'>καὶ</span> 
     </span>
    </p>
   </div>
   <div class='ocr_carea' id='block_1_86' title="bbox 2334 3540 3904 3618">
    <p class='ocr_par' dir='ltr' id='par_1_86' title="bbox 2334 3540 3904 3618">
     <span class='ocr_line' id='line_1_87' title="bbox 2334 3540 3904 3618; baseline 0.006 -26"><span class='ocrx_word' id='word_1_610' title='bbox 2334 3540 2540 3605; x_wconf 81' lang='grc' dir='ltr'>πάντας</span> <span class='ocrx_word' id='word_1_611' title='bbox 2579 3543 2704 3605; x_wconf 80' lang='grc' dir='ltr'>τοὺς</span> <span class='ocrx_word' id='word_1_612' title='bbox 2749 3544 2837 3595; x_wconf 78' lang='grc' dir='ltr'>ἐπ’</span> <span class='ocrx_word' id='word_1_613' title='bbox 2884 3544 3139 3616; x_wconf 73' lang='grc' dir='ltr'>ἀσελγείᾳ</span> <span class='ocrx_word' id='word_1_614' title='bbox 3185 3544 3544 3616; x_wconf 71' lang='grc' dir='ltr'>βεσοημένους</span> <span class='ocrx_word' id='word_1_615' title='bbox 3600 3549 3904 3618; x_wconf 83' lang='grc' dir='ltr'>ὑπερακον-</span> 
     </span>
    </p>
   </div>
   <div class='ocr_carea' id='block_1_87' title="bbox 2333 3631 3906 3714">
    <p class='ocr_par' dir='ltr' id='par_1_87' title="bbox 2333 3631 3906 3714">
     <span class='ocr_line' id='line_1_88' title="bbox 2333 3631 3906 3714; baseline 0.01 -32"><span class='ocrx_word' id='word_1_616' title='bbox 2333 3631 2576 3700; x_wconf 84' lang='grc' dir='ltr'>τίσαντα,</span> <span class='ocrx_word' id='word_1_617' title='bbox 2601 3635 2681 3695; x_wconf 87' lang='grc' dir='ltr'>εἰς</span> <span class='ocrx_word' id='word_1_618' title='bbox 2708 3635 2949 3689; x_wconf 78' lang='grc' dir='ltr'>τούπίσω</span> <span class='ocrx_word' id='word_1_619' title='bbox 2979 3635 3286 3708; x_wconf 85' lang='grc' dir='ltr'>κεχώρηκε,</span> <span class='ocrx_word' id='word_1_620' title='bbox 3319 3638 3392 3709; x_wconf 81' lang='grc' dir='ltr'>μὴ</span> <span class='ocrx_word' id='word_1_621' title='bbox 3419 3637 3653 3713; x_wconf 80' lang='grc' dir='ltr'>ἀξιώσας</span> <span class='ocrx_word' id='word_1_622' title='bbox 3687 3642 3755 3695; x_wconf 74' lang='grc' dir='ltr'>τᾶ</span> <span class='ocrx_word' id='word_1_623' title='bbox 3781 3642 3906 3714; x_wconf 75' lang='grc' dir='ltr'>ἱερὰ</span> 
     </span>
    </p>
   </div>
   <div class='ocr_carea' id='block_1_88' title="bbox 2336 3727 3904 3801">
    <p class='ocr_par' dir='ltr' id='par_1_88' title="bbox 2336 3727 3904 3801">
     <span class='ocr_line' id='line_1_89' title="bbox 2336 3727 3904 3801; baseline 0.008 -25"><span class='ocrx_word' id='word_1_624' title='bbox 2336 3727 2609 3795; x_wconf 81' lang='grc' dir='ltr'>μυστήρια</span> <span class='ocrx_word' id='word_1_625' title='bbox 2638 3727 2725 3780; x_wconf 74' lang='grc' dir='ltr'><strong>διὰ</strong></span> <span class='ocrx_word' id='word_1_626' title='bbox 2758 3730 2961 3797; x_wconf 83' lang='grc' dir='ltr'>μιαρᾶς</span> <span class='ocrx_word' id='word_1_627' title='bbox 2991 3729 3168 3801; x_wconf 83' lang='grc' dir='ltr'>χειρὸς</span> <span class='ocrx_word' id='word_1_628' title='bbox 3194 3731 3466 3795; x_wconf 77' lang='grc' dir='ltr'>δέξασθαι.</span> <span class='ocrx_word' id='word_1_629' title='bbox 3512 3732 3665 3801; x_wconf 72' lang='grc' dir='ltr'>Ἐγὼ</span> <span class='ocrx_word' id='word_1_630' title='bbox 3686 3732 3731 3786; x_wconf 84' lang='grc' dir='ltr'>δ’</span> <span class='ocrx_word' id='word_1_631' title='bbox 3756 3735 3904 3798; x_wconf 84' lang='grc' dir='ltr'>ὅπως</span> 
     </span>
    </p>
   </div>
   <div class='ocr_carea' id='block_1_89' title="bbox 2334 3818 3900 3899">
    <p class='ocr_par' dir='ltr' id='par_1_89' title="bbox 2334 3818 3900 3899">
     <span class='ocr_line' id='line_1_90' title="bbox 2334 3818 3900 3899; baseline 0.008 -31"><span class='ocrx_word' id='word_1_632' title='bbox 2334 3818 2434 3887; x_wconf 85' lang='grc' dir='ltr'>μὲν</span> <span class='ocrx_word' id='word_1_633' title='bbox 2485 3818 2730 3888; x_wconf 85' lang='grc' dir='ltr'>ἐπλήγην</span> <span class='ocrx_word' id='word_1_634' title='bbox 2776 3819 2872 3890; x_wconf 83' lang='grc' dir='ltr'>τὴν</span> <span class='ocrx_word' id='word_1_635' title='bbox 2916 3820 3099 3891; x_wconf 71' lang='grc' dir='ltr'>ψυχὴν</span> <span class='ocrx_word' id='word_1_636' title='bbox 3143 3821 3316 3875; x_wconf 79' lang='grc' dir='ltr'>ταῦτα</span> <span class='ocrx_word' id='word_1_637' title='bbox 3352 3824 3611 3891; x_wconf 78' lang='grc' dir='ltr'>ἀκούσας,</span> <span class='ocrx_word' id='word_1_638' title='bbox 3649 3828 3900 3899; x_wconf 83' lang='grc' dir='ltr'>παρήσω·</span> 
     </span>
    </p>
   </div>
   <div class='ocr_carea' id='block_1_90' title="bbox 2329 3908 3899 3987">
    <p class='ocr_par' dir='ltr' id='par_1_90' title="bbox 2329 3908 3899 3987">
     <span class='ocr_line' id='line_1_91' title="bbox 2329 3908 3899 3987; baseline 0.006 -24"><span class='ocrx_word' id='word_1_639' title='bbox 2329 3908 2364 3963; x_wconf 81' lang='grc' dir='ltr'>ἃ</span> <span class='ocrx_word' id='word_1_640' title='bbox 2404 3911 2449 3963; x_wconf 74' lang='grc' dir='ltr'>δ’</span> <span class='ocrx_word' id='word_1_641' title='bbox 2494 3912 2700 3964; x_wconf 78' lang='grc' dir='ltr'>ἐκεῖνον</span> <span class='ocrx_word' id='word_1_642' title='bbox 2741 3914 3082 3983; x_wconf 81' lang='grc' dir='ltr'>κατακράτος</span> <span class='ocrx_word' id='word_1_643' title='bbox 3115 3914 3472 3987; x_wconf 74' lang='grc' dir='ltr'>ἐμεμψάμην,</span> <span class='ocrx_word' id='word_1_644' title='bbox 3504 3918 3662 3983; x_wconf 78' lang='grc' dir='ltr'>λέξω.</span> <span class='ocrx_word' id='word_1_645' title='bbox 3713 3920 3899 3983; x_wconf 77' lang='grc' dir='ltr'>Οὐδὲν,</span> 
     </span>
    </p>
   </div>
   <div class='ocr_carea' id='block_1_91' title="bbox 2330 3997 3902 4083">
    <p class='ocr_par' dir='ltr' id='par_1_91' title="bbox 2330 3997 3902 4083">
     <span class='ocr_line' id='line_1_92' title="bbox 2330 3997 3902 4083; baseline 0.008 -29"><span class='ocrx_word' id='word_1_646' title='bbox 2330 4002 2486 4073; x_wconf 75' lang='grc' dir='ltr'>ἔφην,</span> <span class='ocrx_word' id='word_1_647' title='bbox 2534 3997 2578 4058; x_wconf 82' lang='grc' dir='ltr'>ὧ</span> <span class='ocrx_word' id='word_1_648' title='bbox 2617 4004 2916 4073; x_wconf 78' lang='grc' dir='ltr'>σοφώτατε,</span> <span class='ocrx_word' id='word_1_649' title='bbox 2955 4000 3404 4078; x_wconf 76' lang='grc' dir='ltr'>παραϐλάπτεται</span> <span class='ocrx_word' id='word_1_650' title='bbox 3455 4012 3483 4064; x_wconf 87' lang='grc' dir='ltr'><strong>ό</strong></span> <span class='ocrx_word' id='word_1_651' title='bbox 3514 4012 3821 4083; x_wconf 80' lang='grc' dir='ltr'>δεχόμενος,</span> <span class='ocrx_word' id='word_1_652' title='bbox 3853 4016 3902 4067; x_wconf 82' lang='grc' dir='ltr'>εἰ</span> 
     </span>
    </p>
   </div>
   <div class='ocr_carea' id='block_1_92' title="bbox 2330 4094 3903 4174">
    <p class='ocr_par' dir='ltr' id='par_1_92' title="bbox 2330 4094 3903 4174">
     <span class='ocr_line' id='line_1_93' title="bbox 2330 4094 3903 4174; baseline 0.007 -26"><span class='ocrx_word' id='word_1_653' title='bbox 2330 4095 2424 4148; x_wconf 69' lang='grc' dir='ltr'>καὶ</span> <span class='ocrx_word' id='word_1_654' title='bbox 2462 4097 2491 4147; x_wconf 88' lang='grc' dir='ltr'>ὁ</span> <span class='ocrx_word' id='word_1_655' title='bbox 2528 4094 2703 4158; x_wconf 71' lang='grc' dir='ltr'>διδοὺς</span> <span class='ocrx_word' id='word_1_656' title='bbox 2734 4096 2951 4162; x_wconf 77' lang='grc' dir='ltr'>ἀνάξιος</span> <span class='ocrx_word' id='word_1_657' title='bbox 3013 4094 3149 4153; x_wconf 76' lang='grc' dir='ltr'>εἶναι</span> <span class='ocrx_word' id='word_1_658' title='bbox 3174 4101 3377 4174; x_wconf 84' lang='grc' dir='ltr'>δοκοίη,</span> <span class='ocrx_word' id='word_1_659' title='bbox 3404 4104 3524 4156; x_wconf 85' lang='grc' dir='ltr'><strong>οὐδέ</strong></span> <span class='ocrx_word' id='word_1_660' title='bbox 3556 4105 3624 4158; x_wconf 83' lang='grc' dir='ltr'><strong>τά</strong></span> <span class='ocrx_word' id='word_1_661' title='bbox 3662 4106 3903 4174; x_wconf 71' lang='grc' dir='ltr'>ἄκραντα</span> 
     </span>
    </p>
   </div>
   <div class='ocr_carea' id='block_1_93' title="bbox 2330 4188 3903 4275">
    <p class='ocr_par' dir='ltr' id='par_1_93' title="bbox 2330 4188 3903 4275">
     <span class='ocr_line' id='line_1_94' title="bbox 2330 4188 3903 4275; baseline 0.009 -37"><span class='ocrx_word' id='word_1_662' title='bbox 2330 4188 2611 4256; x_wconf 82' lang='grc' dir='ltr'>χραίνεται</span> <span class='ocrx_word' id='word_1_663' title='bbox 2644 4190 2937 4259; x_wconf 80' lang='grc' dir='ltr'>μυστήρια,</span> <span class='ocrx_word' id='word_1_664' title='bbox 2974 4191 3022 4242; x_wconf 89' lang='grc' dir='ltr'><strong>εί</strong></span> <span class='ocrx_word' id='word_1_665' title='bbox 3064 4193 3091 4243; x_wconf 88' lang='grc' dir='ltr'><strong>ό</strong></span> <span class='ocrx_word' id='word_1_666' title='bbox 3120 4192 3304 4275; x_wconf 37' lang='grc' dir='ltr'>’ἱερεὺς</span> <span class='ocrx_word' id='word_1_667' title='bbox 3354 4196 3561 4260; x_wconf 82' lang='grc' dir='ltr'>πάντας</span> <span class='ocrx_word' id='word_1_668' title='bbox 3583 4197 3903 4268; x_wconf 81' lang='grc' dir='ltr'>ἀνθρώπους</span> 
     </span>
    </p>
   </div>
   <div class='ocr_carea' id='block_1_94' title="bbox 2331 4280 3903 4352">
    <p class='ocr_par' dir='ltr' id='par_1_94' title="bbox 2331 4280 3903 4352">
     <span class='ocr_line' id='line_1_95' title="bbox 2331 4280 3903 4352; baseline 0.008 -22"><span class='ocrx_word' id='word_1_669' title='bbox 2331 4280 2411 4339; x_wconf 85' lang='grc' dir='ltr'><strong>είς</strong></span> <span class='ocrx_word' id='word_1_670' title='bbox 2442 4281 2637 4333; x_wconf 87' lang='grc' dir='ltr'>κακίαν</span> <span class='ocrx_word' id='word_1_671' title='bbox 2670 4281 3048 4351; x_wconf 86' lang='grc' dir='ltr'>παρελάσειεν.</span> <span class='ocrx_word' id='word_1_672' title='bbox 3101 4285 3162 4337; x_wconf 86' lang='lat' dir='ltr'><strong>Ei</strong></span> <span class='ocrx_word' id='word_1_673' title='bbox 3190 4285 3233 4337; x_wconf 85' lang='grc' dir='ltr'>δ’</span> <span class='ocrx_word' id='word_1_674' title='bbox 3279 4287 3546 4352; x_wconf 75' lang='grc' dir='ltr'>ἀπιστεῖς,</span> <span class='ocrx_word' id='word_1_675' title='bbox 3600 4290 3768 4344; x_wconf 86' lang='grc' dir='ltr'>ἐννόει</span> <span class='ocrx_word' id='word_1_676' title='bbox 3812 4291 3903 4342; x_wconf 74' lang='grc' dir='ltr'><strong>τὸν</strong></span> 
     </span>
    </p>
   </div>
   <div class='ocr_carea' id='block_1_95' title="bbox 2330 4370 3903 4444">
    <p class='ocr_par' dir='ltr' id='par_1_95' title="bbox 2330 4370 3903 4444">
     <span class='ocr_line' id='line_1_96' title="bbox 2330 4370 3903 4444; baseline 0.007 -23"><span class='ocrx_word' id='word_1_677' title='bbox 2330 4370 2560 4440; x_wconf 79' lang='grc' dir='ltr'>κόρακα,</span> <span class='ocrx_word' id='word_1_678' title='bbox 2606 4372 2667 4423; x_wconf 85' lang='grc' dir='ltr'><strong>τὸ</strong></span> <span class='ocrx_word' id='word_1_679' title='bbox 2694 4370 3003 4443; x_wconf 81' lang='grc' dir='ltr'>ἀκάθαρτον</span> <span class='ocrx_word' id='word_1_680' title='bbox 3033 4375 3125 4427; x_wconf 83' lang='grc' dir='ltr'><strong>καὶ</strong></span> <span class='ocrx_word' id='word_1_681' title='bbox 3161 4376 3472 4444; x_wconf 85' lang='grc' dir='ltr'>μισότεκνον</span> <span class='ocrx_word' id='word_1_682' title='bbox 3507 4378 3665 4441; x_wconf 80' lang='grc' dir='ltr'>ζῶον,</span> <span class='ocrx_word' id='word_1_683' title='bbox 3690 4379 3755 4431; x_wconf 80' lang='grc' dir='ltr'>δι’</span> <span class='ocrx_word' id='word_1_684' title='bbox 3785 4373 3847 4431; x_wconf 71' lang='grc' dir='ltr'>οὗ</span> <span class='ocrx_word' id='word_1_685' title='bbox 3874 4383 3903 4432; x_wconf 84' lang='grc' dir='ltr'><strong>ό</strong></span> 
     </span>
    </p>
   </div>
   <div class='ocr_carea' id='block_1_96' title="bbox 2331 4462 3899 4541">
    <p class='ocr_par' dir='ltr' id='par_1_96' title="bbox 2331 4462 3899 4541">
     <span class='ocr_line' id='line_1_97' title="bbox 2331 4462 3899 4541; baseline 0.006 -28"><span class='ocrx_word' id='word_1_686' title='bbox 2331 4463 2723 4533; x_wconf 84' lang='grc' dir='ltr'>οὐρανοδρόμος</span> <span class='ocrx_word' id='word_1_687' title='bbox 2763 4462 2857 4516; x_wconf 67' lang='grc' dir='ltr'>καὶ</span> <span class='ocrx_word' id='word_1_688' title='bbox 2904 4465 3328 4536; x_wconf 83' lang='grc' dir='ltr'>οὐρανοπολίτης</span> <span class='ocrx_word' id='word_1_689' title='bbox 3386 4468 3572 4531; x_wconf 83' lang='grc' dir='ltr'>Ἠλίας</span> <span class='ocrx_word' id='word_1_690' title='bbox 3620 4471 3899 4541; x_wconf 81' lang='grc' dir='ltr'>ἐτρέφετο.</span> 
     </span>
    </p>
   </div>
   <div class='ocr_carea' id='block_1_97' title="bbox 2332 4554 3902 4630">
    <p class='ocr_par' dir='ltr' id='par_1_97' title="bbox 2332 4554 3902 4630">
     <span class='ocr_line' id='line_1_98' title="bbox 2332 4554 3902 4630; baseline 0.004 -24"><span class='ocrx_word' id='word_1_691' title='bbox 2332 4555 2439 4607; x_wconf 81' lang='grc' dir='ltr'><strong>Καὶ</strong></span> <span class='ocrx_word' id='word_1_692' title='bbox 2482 4555 2615 4608; x_wconf 82' lang='grc' dir='ltr'>ἄλλα</span> <span class='ocrx_word' id='word_1_693' title='bbox 2660 4554 2717 4606; x_wconf 83' lang='grc' dir='ltr'><strong>δέ</strong></span> <span class='ocrx_word' id='word_1_694' title='bbox 2772 4554 2942 4608; x_wconf 88' lang='grc' dir='ltr'>πολλά</span> <span class='ocrx_word' id='word_1_695' title='bbox 2988 4555 3144 4625; x_wconf 77' lang='grc' dir='ltr'>ἔφην,</span> <span class='ocrx_word' id='word_1_696' title='bbox 3181 4556 3325 4628; x_wconf 77' lang='grc' dir='ltr'>άπερ</span> <span class='ocrx_word' id='word_1_697' title='bbox 3380 4559 3589 4630; x_wconf 77' lang='grc' dir='ltr'>γράψαι</span> <span class='ocrx_word' id='word_1_698' title='bbox 3642 4577 3721 4613; x_wconf 90' lang='grc' dir='ltr'><strong>σοι</strong></span> <span class='ocrx_word' id='word_1_699' title='bbox 3756 4560 3902 4613; x_wconf 82' lang='grc' dir='ltr'>δυεῖν</span> 
     </span>
    </p>
   </div>
   <div class='ocr_carea' id='block_1_98' title="bbox 2331 4645 3897 4723">
    <p class='ocr_par' dir='ltr' id='par_1_98' title="bbox 2331 4645 3897 4723">
     <span class='ocr_line' id='line_1_99' title="bbox 2331 4645 3897 4723; baseline 0.005 -27"><span class='ocrx_word' id='word_1_700' title='bbox 2331 4645 2511 4697; x_wconf 85' lang='grc' dir='ltr'>’ἐνεκεν</span> <span class='ocrx_word' id='word_1_701' title='bbox 2542 4645 2965 4717; x_wconf 80' lang='grc' dir='ltr'>παρῃτησάμην,</span> <span class='ocrx_word' id='word_1_702' title='bbox 2990 4645 3081 4699; x_wconf 73' lang='grc' dir='ltr'><strong>τοῦ</strong></span> <span class='ocrx_word' id='word_1_703' title='bbox 3112 4664 3171 4699; x_wconf 88' lang='grc' dir='ltr'><strong>τε</strong></span> <span class='ocrx_word' id='word_1_704' title='bbox 3210 4649 3282 4717; x_wconf 87' lang='grc' dir='ltr'><strong>μὴ</strong></span> <span class='ocrx_word' id='word_1_705' title='bbox 3322 4650 3495 4720; x_wconf 81' lang='grc' dir='ltr'>μῆκος</span> <span class='ocrx_word' id='word_1_706' title='bbox 3536 4652 3789 4722; x_wconf 82' lang='grc' dir='ltr'>περιττὸν</span> <span class='ocrx_word' id='word_1_707' title='bbox 3832 4657 3897 4723; x_wconf 79' lang='grc' dir='ltr'>τῇ</span> 
     </span>
    </p>
   </div>
   <div class='ocr_carea' id='block_1_99' title="bbox 2332 4737 3902 4811">
    <p class='ocr_par' dir='ltr' id='par_1_99' title="bbox 2332 4737 3902 4811">
     <span class='ocr_line' id='line_1_100' title="bbox 2332 4737 3902 4811; baseline 0.006 -22"><span class='ocrx_word' id='word_1_708' title='bbox 2332 4737 2585 4807; x_wconf 74' lang='grc' dir='ltr'>ἐπιστολῇ</span> <span class='ocrx_word' id='word_1_709' title='bbox 2620 4737 2951 4807; x_wconf 85' lang='grc' dir='ltr'>προσθεῖναι,</span> <span class='ocrx_word' id='word_1_710' title='bbox 2982 4740 3072 4790; x_wconf 81' lang='grc' dir='ltr'>τοῦ</span> <span class='ocrx_word' id='word_1_711' title='bbox 3098 4757 3155 4791; x_wconf 84' lang='grc' dir='ltr'><strong>τε</strong></span> <span class='ocrx_word' id='word_1_712' title='bbox 3184 4741 3257 4811; x_wconf 80' lang='grc' dir='ltr'><strong>μὴ</strong></span> <span class='ocrx_word' id='word_1_713' title='bbox 3280 4742 3427 4807; x_wconf 79' lang='grc' dir='ltr'>δόξαι</span> <span class='ocrx_word' id='word_1_714' title='bbox 3457 4742 3577 4795; x_wconf 79' lang='grc' dir='ltr'>λίαν</span> <span class='ocrx_word' id='word_1_715' title='bbox 3602 4744 3666 4797; x_wconf 90' lang='grc' dir='ltr'><strong>τά</strong></span> <span class='ocrx_word' id='word_1_716' title='bbox 3697 4745 3764 4797; x_wconf 77' lang='grc' dir='ltr'>σὰ</span> <span class='ocrx_word' id='word_1_717' title='bbox 3809 4747 3902 4797; x_wconf 85' lang='grc' dir='ltr'>ἐκ·</span> 
     </span>
    </p>
   </div>
   <div class='ocr_carea' id='block_1_100' title="bbox 2331 4830 3897 4909">
    <p class='ocr_par' dir='ltr' id='par_1_100' title="bbox 2331 4830 3897 4909">
     <span class='ocr_line' id='line_1_101' title="bbox 2331 4830 3897 4909; baseline 0.006 -29"><span class='ocrx_word' id='word_1_718' title='bbox 2331 4830 2624 4898; x_wconf 83' lang='grc' dir='ltr'>τραγῳδεῖν</span> <span class='ocrx_word' id='word_1_719' title='bbox 2657 4830 2821 4884; x_wconf 84' lang='grc' dir='ltr'>κακά.</span> <span class='ocrx_word' id='word_1_720' title='bbox 2869 4831 3076 4901; x_wconf 83' lang='grc' dir='ltr'>Ὥσπερ</span> <span class='ocrx_word' id='word_1_721' title='bbox 3106 4832 3282 4885; x_wconf 88' lang='grc' dir='ltr'>τοίνυν</span> <span class='ocrx_word' id='word_1_722' title='bbox 3316 4835 3509 4905; x_wconf 87' lang='grc' dir='ltr'>ἐκείνῳ</span> <span class='ocrx_word' id='word_1_723' title='bbox 3540 4836 3897 4909; x_wconf 76' lang='grc' dir='ltr'>ἐμεμψάμην,</span> 
     </span>
    </p>
   </div>
   <div class='ocr_carea' id='block_1_101' title="bbox 2329 4919 3898 4999">
    <p class='ocr_par' dir='ltr' id='par_1_101' title="bbox 2329 4919 3898 4999">
     <span class='ocr_line' id='line_1_102' title="bbox 2329 4919 3898 4999; baseline 0.008 -28"><span class='ocrx_word' id='word_1_724' title='bbox 2329 4919 2471 4974; x_wconf 65' lang='grc' dir='ltr'>οὕτω</span> <span class='ocrx_word' id='word_1_725' title='bbox 2497 4922 2593 4974; x_wconf 74' lang='grc' dir='ltr'><strong>καὶ</strong></span> <span class='ocrx_word' id='word_1_726' title='bbox 2626 4922 2706 4973; x_wconf 76' lang='grc' dir='ltr'>σοὶ</span> <span class='ocrx_word' id='word_1_727' title='bbox 2736 4924 3003 4993; x_wconf 82' lang='grc' dir='ltr'>παραινῶ,</span> <span class='ocrx_word' id='word_1_728' title='bbox 3050 4924 3105 4993; x_wconf 52' lang='grc' dir='ltr'>ἢκ</span> <span class='ocrx_word' id='word_1_729' title='bbox 3138 4926 3498 4994; x_wconf 79' lang='grc' dir='ltr'>μεταγνῶναι,</span> <span class='ocrx_word' id='word_1_730' title='bbox 3526 4929 3557 4999; x_wconf 79' lang='grc' dir='ltr'>ἢ</span> <span class='ocrx_word' id='word_1_731' title='bbox 3593 4930 3898 4998; x_wconf 76' lang='grc' dir='ltr'>ἀποστῆναι</span> 
     </span>
    </p>
   </div>
   <div class='ocr_carea' id='block_1_102' title="bbox 2328 5012 3898 5091">
    <p class='ocr_par' dir='ltr' id='par_1_102' title="bbox 2328 5012 3898 5091">
     <span class='ocr_line' id='line_1_103' title="bbox 2328 5012 3898 5091; baseline 0.01 -30"><span class='ocrx_word' id='word_1_732' title='bbox 2328 5012 2421 5064; x_wconf 85' lang='grc' dir='ltr'><strong>τοῦ</strong></span> <span class='ocrx_word' id='word_1_733' title='bbox 2471 5013 2668 5065; x_wconf 82' lang='grc' dir='ltr'>σεπτοῦ</span> <span class='ocrx_word' id='word_1_734' title='bbox 2713 5013 3131 5087; x_wconf 83' lang='grc' dir='ltr'>θυσιαστηρίου,</span> <span class='ocrx_word' id='word_1_735' title='bbox 3182 5018 3270 5073; x_wconf 83' lang='grc' dir='ltr'><strong>ἵνα</strong></span> <span class='ocrx_word' id='word_1_736' title='bbox 3299 5020 3398 5090; x_wconf 84' lang='grc' dir='ltr'>’μὴ</span> <span class='ocrx_word' id='word_1_737' title='bbox 3450 5021 3575 5083; x_wconf 84' lang='grc' dir='ltr'>τοὺς</span> <span class='ocrx_word' id='word_1_738' title='bbox 3613 5023 3898 5091; x_wconf 82' lang='grc' dir='ltr'>προσιέναι</span> 
     </span>
    </p>
   </div>
   <div class='ocr_carea' id='block_1_103' title="bbox 2330 5105 3898 5185">
    <p class='ocr_par' dir='ltr' id='par_1_103' title="bbox 2330 5105 3898 5185">
     <span class='ocr_line' id='line_1_104' title="bbox 2330 5105 3898 5185; baseline 0.006 -28"><span class='ocrx_word' id='word_1_739' title='bbox 2330 5105 2476 5175; x_wconf 78' lang='grc' dir='ltr'>αὐτῷ</span> <span class='ocrx_word' id='word_1_740' title='bbox 2507 5107 2919 5177; x_wconf 77' lang='grc' dir='ltr'>προῃρημένους</span> <span class='ocrx_word' id='word_1_741' title='bbox 2976 5110 3063 5163; x_wconf 71' lang='grc' dir='ltr'><strong>διὰ</strong></span> <span class='ocrx_word' id='word_1_742' title='bbox 3100 5111 3207 5164; x_wconf 82' lang='grc' dir='ltr'><strong>τῶν</strong></span> <span class='ocrx_word' id='word_1_743' title='bbox 3258 5115 3456 5166; x_wconf 85' lang='grc' dir='ltr'>σαυτοῦ</span> <span class='ocrx_word' id='word_1_744' title='bbox 3486 5111 3735 5185; x_wconf 75' lang='grc' dir='ltr'>πράξεων</span> <span class='ocrx_word' id='word_1_745' title='bbox 3789 5117 3898 5168; x_wconf 87' lang='grc' dir='ltr'>άπ-</span> 
     </span>
    </p>
   </div>
   <div class='ocr_carea' id='block_1_104' title="bbox 2331 5198 2597 5261">
    <p class='ocr_par' dir='ltr' id='par_1_104' title="bbox 2331 5198 2597 5261">
     <span class='ocr_line' id='line_1_105' title="bbox 2331 5198 2597 5261; baseline 0.008 -12"><span class='ocrx_word' id='word_1_746' title='bbox 2331 5198 2597 5261; x_wconf 76' lang='grc' dir='ltr'>ελαύνοις.</span> 
     </span>
    </p>
   </div>
   <div class='ocr_carea' id='block_1_105' title="bbox 648 5270 3896 5371">
    <p class='ocr_par' dir='ltr' id='par_1_105' title="bbox 648 5270 3896 5371">
     <span class='ocr_line' id='line_1_106' title="bbox 648 5270 3896 5371; baseline 0.009 -51"><span class='ocrx_word' id='word_1_747' title='bbox 648 5274 855 5365; x_wconf 63' lang='lat' dir='ltr'><strong>tiensut,</strong></span> <span class='ocrx_word' id='word_1_748' title='bbox 890 5270 967 5315; x_wconf 69' lang='lat' dir='ltr'><strong>sic</strong></span> <span class='ocrx_word' id='word_1_749' title='bbox 1004 5270 1177 5371; x_wconf 42' lang='lat' dir='ltr'><strong>Iollam.</strong></span> <span class='ocrx_word' id='word_1_750' title='bbox 1213 5275 1483 5367; x_wconf 69' lang='lat' dir='ltr'><strong>teinoneo</strong></span> <span class='ocrx_word' id='word_1_751' title='bbox 1522 5283 1577 5326; x_wconf 89' lang='lat' dir='ltr'><strong>nt</strong></span> <span class='ocrx_word' id='word_1_752' title='bbox 1607 5287 1696 5328; x_wconf 78' lang='lat' dir='ltr'><strong>aut</strong></span> <span class='ocrx_word' id='word_1_753' title='bbox 1726 5280 2033 5347; x_wconf 79' lang='lat' dir='ltr'><strong>rcsipiscas,</strong></span> <span class='ocrx_word' id='word_1_754' title='bbox 2065 5298 2152 5341; x_wconf 89' lang='lat' dir='ltr'><strong>aut</strong></span> <span class='ocrx_word' id='word_1_755' title='bbox 2180 5306 2206 5343; x_wconf 89' lang='lat' dir='ltr'><strong>a</strong></span> <span class='ocrx_word' id='word_1_756' title='bbox 2251 5296 2555 5347; x_wconf 84' lang='lat' dir='ltr'><strong>venerando</strong></span> <span class='ocrx_word' id='word_1_757' title='bbox 2586 5295 2737 5348; x_wconf 85' lang='lat' dir='ltr'><strong>altari</strong></span> <span class='ocrx_word' id='word_1_758' title='bbox 2800 5296 3051 5351; x_wconf 58' lang='lat' dir='ltr'><strong>abs/tedas</strong></span> <span class='ocrx_word' id='word_1_759' title='bbox 3083 5315 3097 5362; x_wconf 83' lang='lat'><strong>;</strong></span> <span class='ocrx_word' id='word_1_760' title='bbox 3149 5315 3217 5355; x_wconf 89' lang='lat' dir='ltr'><strong>ne</strong></span> <span class='ocrx_word' id='word_1_761' title='bbox 3266 5300 3465 5371; x_wconf 83' lang='lat' dir='ltr'><strong>alioqui</strong></span> <span class='ocrx_word' id='word_1_762' title='bbox 3534 5316 3647 5366; x_wconf 89' lang='lat' dir='ltr'><strong>eos,</strong></span> <span class='ocrx_word' id='word_1_763' title='bbox 3694 5302 3783 5370; x_wconf 90' lang='lat' dir='ltr'><strong>qni</strong></span> <span class='ocrx_word' id='word_1_764' title='bbox 3828 5296 3896 5353; x_wconf 83' lang='lat' dir='ltr'><strong>ad</strong></span> 
     </span>
    </p>
   </div>
   <div class='ocr_carea' id='block_1_106' title="bbox 649 5356 2417 5439">
    <p class='ocr_par' dir='ltr' id='par_1_106' title="bbox 649 5356 2417 5439">
     <span class='ocr_line' id='line_1_107' title="bbox 649 5356 2417 5439; baseline 0.015 -36"><span class='ocrx_word' id='word_1_765' title='bbox 649 5356 819 5419; x_wconf 80' lang='lat' dir='ltr'><strong>ipsum</strong></span> <span class='ocrx_word' id='word_1_766' title='bbox 853 5356 1108 5408; x_wconf 85' lang='lat' dir='ltr'><strong>accedere</strong></span> <span class='ocrx_word' id='word_1_767' title='bbox 1167 5359 1472 5427; x_wconf 84' lang='lat' dir='ltr'><strong>instituunt,</strong></span> <span class='ocrx_word' id='word_1_768' title='bbox 1508 5380 1601 5433; x_wconf 84' lang='lat' dir='ltr'><strong>per</strong></span> <span class='ocrx_word' id='word_1_769' title='bbox 1647 5380 1762 5423; x_wconf 76' lang='lat' dir='ltr'><strong>tuas</strong></span> <span class='ocrx_word' id='word_1_770' title='bbox 1799 5373 2039 5428; x_wconf 87' lang='lat' dir='ltr'><strong>actiones</strong></span> <span class='ocrx_word' id='word_1_771' title='bbox 2083 5380 2417 5439; x_wconf 75' lang='lat' dir='ltr'><strong>submoveas,</strong></span> 
     </span>
    </p>
   </div>
   <div class='ocr_carea' id='block_1_107' title="bbox 726 5476 1709 5589">
    <p class='ocr_par' dir='ltr' id='par_1_107' title="bbox 726 5476 1709 5589">
     <span class='ocr_line' id='line_1_108' title="bbox 726 5476 1709 5589; baseline 0.015 -28"><span class='ocrx_word' id='word_1_772' title='bbox 726 5510 769 5540; x_wconf 79' lang='grc'><strong>³⁸</strong></span> <span class='ocrx_word' id='word_1_773' title='bbox 793 5476 1012 5577; x_wconf 50' lang='grc' dir='ltr'>Ρδςιιῖιν,</span> <span class='ocrx_word' id='word_1_774' title='bbox 1040 5513 1091 5567; x_wconf 88' lang='lat'><strong>5.</strong></span> <span class='ocrx_word' id='word_1_775' title='bbox 1184 5516 1225 5546; x_wconf 80' lang='grc'><strong>³⁷</strong></span> <span class='ocrx_word' id='word_1_776' title='bbox 1254 5516 1316 5569; x_wconf 89' lang='lat' dir='ltr'><strong>lll</strong></span> <span class='ocrx_word' id='word_1_777' title='bbox 1346 5517 1475 5589; x_wconf 78' lang='lat' dir='ltr'><strong>Reg.</strong></span> <span class='ocrx_word' id='word_1_778' title='bbox 1505 5537 1635 5586; x_wconf 79' lang='lat' dir='ltr'><strong>xvn,</strong></span> <span class='ocrx_word' id='word_1_779' title='bbox 1662 5526 1709 5576; x_wconf 66' lang='grc'><strong>4.</strong></span> 
     </span>
    </p>
   </div>
   <div class='ocr_carea' id='block_1_108' title="bbox 1704 5626 2732 5729">
    <p class='ocr_par' dir='ltr' id='par_1_108' title="bbox 1704 5626 2732 5729">
     <span class='ocr_line' id='line_1_109' title="bbox 1704 5626 2732 5729; baseline 0.021 -21"><span class='ocrx_word' id='word_1_780' title='bbox 1704 5658 1936 5713; x_wconf 61' lang='grc' dir='ltr'>ιἈιιιίΕ</span> <span class='ocrx_word' id='word_1_781' title='bbox 1978 5660 2360 5725; x_wconf 77' lang='lat' dir='ltr'><strong>LECTIONES</strong></span> <span class='ocrx_word' id='word_1_782' title='bbox 2399 5670 2486 5727; x_wconf 78' lang='grc' dir='ltr'><strong>ετ</strong></span> <span class='ocrx_word' id='word_1_783' title='bbox 2526 5671 2732 5729; x_wconf 69' lang='lat' dir='ltr'><strong>nou:</strong></span> 
     </span>
    </p>
   </div>
   <div class='ocr_carea' id='block_1_109' title="bbox 716 5756 1575 5837">
    <p class='ocr_par' dir='ltr' id='par_1_109' title="bbox 716 5756 1575 5837">
     <span class='ocr_line' id='line_1_110' title="bbox 716 5756 1575 5837; baseline 0.022 -31"><span class='ocrx_word' id='word_1_784' title='bbox 716 5756 822 5823; x_wconf 66' lang='lat'><strong>{(37)</strong></span> <span class='ocrx_word' id='word_1_785' title='bbox 866 5756 1004 5814; x_wconf 80' lang='lat' dir='ltr'><strong>Idem</strong></span> <span class='ocrx_word' id='word_1_786' title='bbox 1029 5766 1170 5832; x_wconf 78' lang='grc' dir='ltr'>ευιΙ.,</span> <span class='ocrx_word' id='word_1_787' title='bbox 1213 5769 1465 5837; x_wconf 60' lang='grc' dir='ltr'>ἀνόμους.</span> <span class='ocrx_word' id='word_1_788' title='bbox 1503 5772 1575 5827; x_wconf 84' lang='grc' dir='ltr'><strong>Ιυ.</strong></span> 
     </span>
    </p>
   </div>
  </div>
