4164 6460
158 469 290 536 1001

662 573 844 628 TMA'.
899 599 953 611 —
983 569 1236 641 ΠΑΥΛῼ.

161 677 263 741 Εἰς
307 673 377 727 τὸ
428 664 840 741 τεὶιοαμμένον
867 682 919 741 _t
946 665 1085 741 ΔΟὐκ
1131 661 1226 716 ἐπ’
1261 659 1419 729 ἄρτῳ
1465 659 1632 728 μόνῳ
1667 652 1761 720 ζὴ-

659 735 830 792 σεται
850 735 1184 804 ἄνθρωπος.
1217 751 1238 785 ι

249 853 468 926 Ἐπειδὴ
528 849 772 921 Ἑϐραῖοι
825 845 1240 917 τεσσαράκοντα
1300 842 1397 914 ἔτη
1441 839 1519 911 τῷ
1577 838 1760 908 μάννα

157 944 512 1016 τρεφόμενοι,
562 940 664 994 οὐκ
715 936 1038 1007 ἀξιοπίστῳ,
1093 934 1219 988 ὅσον
1255 931 1372 986 κατ’
1421 927 1765 1000 ἀνθρώπινον

159 1035 450 1106 λογισμὸν,
479 1032 619 1104 πρὸς
653 1031 806 1102 ἰσχὺν
838 1028 1111 1100 σωμάτων
1140 1024 1486 1096 τυγχάνοντι,
1517 1019 1766 1090 διέμενον

162 1130 263 1184 ἐπὶ
283 1128 379 1197 τῆς
402 1124 528 1196 ῐσης
553 1124 728 1196 ἀλκῆς
754 1139 813 1177 τε
836 1121 932 1174 καὶ
963 1118 1178 1190 ῥώμης,
1212 1119 1344 1180 ἴσως
1367 1115 1426 1169 δὲ
1454 1113 1549 1180 καί
1582 1109 1768 1183 μείζο-

160 1238 257 1283 νος
277 1217 552 1274 ἀπέλαυον
576 1216 860 1285 δυνάμεως
890 1214 984 1277 (οὐ
1016 1211 1127 1284 γὰρ
1156 1209 1410 1283 ήτροφὴ,
1440 1206 1557 1262 ἀλλ’
1577 1206 1607 1260 6
1628 1204 1770 1266 θεῖος

158 1315 294 1386 ὄρος
320 1311 598 1384 διεκράτει
624 1307 720 1363 καὶ
753 1306 854 1370 τὰς
895 1305 1078 1378 ψυχάς
1122 1304 1218 1358 καὶ
1244 1303 1313 1358 τά
1342 1299 1632 1373 σώματα),
1664 1297 1770 1368 ἔφη

160 1409 194 1462 6
222 1406 546 1478 νομοθέτης,
581 1404 720 1472 ὅπερ
754 1398 950 1471 μαθεῖν
985 1396 1069 1470 [ἢ]
1110 1396 1377 1468 ἐθέλησας
1409 1392 1558 1467 (68)⁶
1597 1409 1616 1443 ι
1655 1391 1772 1446 Οὐκ

163 1501 262 1555 ἐπ’
303 1501 457 1572 ἀρτῳ
489 1497 639 1569 μόνῳ
682 1494 908 1567 ζήσεται
965 1491 1278 1568 ἄνθρωπος’,
1314 1487 1431 1544 ἀλλ’
1473 1485 1568 1540 ἐπὶ
1607 1484 1772 1538 παντὶ

169 1593 386 1665 ῥήματι
433 1589 862 1660 ἐκπορευομένῳ
890 1585 980 1640 διὰ
1029 1582 1300 1656 στόματος
1343 1578 1503 1635 Θεοῦ.
1538 1597 1556 1631 ι
1592 1579 1773 1648 Ὅπερ

166 1685 270 1739 καὶ
298 1685 327 1736 6
360 1680 600 1754 Χριστὸς
633 1677 1064 1751 διακρουόμενος
1101 1675 1165 1730 τὸ
1214 1670 1528 1729 διαϐολικὸν
1588 1667 1773 1741 μηχά-

166 1791 356 1846 νημα,
417 1771 805 1846 προεϐάλλετο,
838 1769 934 1823 καὶ¹
965 1767 1252 1823 κατέσεισε
1287 1763 1383 1818 τοῦ
1416 1759 1774 1834 πειράζοντος

166 1865 272 1936 τὴν
310 1863 494 1935 ίσχύν.

695 1957 878 2013 ΤΜΒ’.
914 1988 981 1999 -
1018 1954 1246 2008 ΘΕΩΝΙ.

426 2052 564 2122 Περὶ
615 2049 935 2120 ’Δρειανῶν
966 2047 1068 2102 καί
1100 2043 1498 2116 Εὐνομιανῶν

250 2142 622 2198 Λανθάνουσιν
689 2141 964 2213 αίρετικοὶ
1012 2139 1080 2193 δι’
1141 2130 1218 2205 ὧν
1278 2136 1775 2201 κατασκευάζουσι,

172 2234 270 2291 διὰ
317 2234 526 2290 τούτων
573 2233 958 2304 ἁλισκόμενοι,
995 2233 1091 2286 καὶ
1139 2230 1206 2283 δι’
1241 2223 1316 2284 ὧν
1347 2230 1505 2300 νικᾷν
1549 2227 1777 2292 οἴονται,

171 2327 270 2381 διὰ
319 2324 527 2379 τούτων
567 2324 839 2396 λαμπρῶς
892 2321 1225 2395 ἡττώμενοι.
1283 2323 1348 2375 El.
1404 2321 1515 2392 γὰρ
1571 2319 1781 2388 κτίσμα

186 2420 346 2472 ἐστὶν
373 2418 403 2471 6
447 2418 595 2483 Υἱὸς,
643 2417 767 2470 οὐδὲ
814 2417 876 2469 τὸ
910 2415 1095 2487 μεῖξον
1140 2414 1261 2468 κατ’
1291 2413 1490 2478 αὐτοὺς
1538 2413 1777 2465 ἵσταται.

177 2511 259 2565 τὸ
287 2510 398 2581 γὰρ
441 2508 626 2581 μεῖζον
673 2509 894 2578 λέγεται
925 2510 992 2560 ἐκ
1045 2507 1412 2578 συγκρίσεως,
1452 2506 1547 2560 καὶ
1578 2505 1679 2559 οὐκ
1718 2505 1783 2557 ὲκ

177 2600 285 2670 τῆς
314 2599 652 2672 ἀσυγκρίτου
687 2599 985 2670 ὑπεροχῆς.
1025 2598 1193 2652 Ποίαν
1223 2593 1316 2651 οὖν
1349 2596 1640 2667 σύγκρισιν
1670 2594 1784 2667 ἔχει

180 2689 247 2742 τὸ
270 2689 479 2760 κτίσμα
511 2689 647 2759 πρὸς
670 2688 761 2742 τὸν
798 2687 1067 2758 Κτίστην;
1106 2687 1417 2759 λεγέτωσαν
1449 2688 1499 2740 οί
1528 2688 1702 2756 σοφοί.

705 2965 887 3020 TMI".
927 2994 998 3004 —
1037 2963 1285 3034 ΠΕΤΡῼ.

262 3060 340 3115 Οὐ
375 3058 570 3132 μικρὸν
610 3057 828 3122 συνετὸς
860 3057 1159 3128 ἀκροατὴς,
1191 3058 1220 3108 6
1250 3054 1325 3126 μὴ
1361 3054 1523 3126 μόνον
1552 3055 1792 3126 θαύματι

191 3151 508 3208 διακόπτων
544 3149 638 3203 τοῦ
690 3148 850 3216 λόγου
885 3147 976 3199 τὸν
1006 3145 1231 3216 δρόμον,
1264 3144 1398 3198 ἀλλά
1428 3145 1523 3200 καὶ
1562 3145 1793 3199 ἐπινοῶν

189 3245 261 3299 τά
295 3241 673 3315 δυσθεώρητα,
713 3241 804 3295 καί
836 3257 888 3292 τι
923 3238 1054 3310 παρ’
1089 3237 1286 3292 ἑαυτοῦ
1319 3237 1598 3310 εἰσφέρειν
1632 3235 1790 3290 δυνάο

1045 454 1584 520 EPISTOLARUM
1625 453 1770 514 LIB.
1813 447 1929 513 ΙΙΙ.
1969 470 2037 480 -
2072 441 2312 504 EPIST.
2356 435 2658 499 CCCXLV.

3335 414 3472 480 1002

2335 543 2609 604 CCCXLI.
2645 572 2715 585 —
2745 536 2999 594 PAULO.

2028 647 2092 702 In
2120 645 2276 708 illud,
2306 660 2325 693 ι
2365 639 2490 695 Non
2517 640 2573 695 in
2605 635 2717 690 solo
2745 648 2880 705 pane
2913 630 3038 686 vivit
3069 630 3224 685 homo
3250 627 3314 682 ³⁸.
3340 646 3358 679 ι

1938 834 2209 903 Quoniam
2272 828 2509 892 Hebraei,
2585 839 2710 881 cum
2788 817 3151 891 quadraginta
3204 825 3477 868 annorum

1867 930 2045 999 spatio
2071 939 2271 982 manna
2297 922 2577 976 alerentur
2598 915 2789 990 (quod,
2812 914 2856 969 si
2889 914 3186 967 humanam
3210 906 3479 963 rationem

1868 1031 2104 1092 spectes,
2145 1018 2214 1074 ad
2273 1015 2441 1072 robur
2491 1010 2817 1082 corporibus
2886 1005 3224 1061 afferendum
3285 1017 3479 1072 parum

1871 1115 2124 1170 idoneum
2135 1109 2304 1179 erat),
2325 1108 2377 1162 in
2397 1105 2592 1163 eadem
2619 1100 2939 1157 fortitudine
2961 1113 3026 1154 ac
3055 1098 3252 1153 robore
3272 1105 3483 1167 persta:

1871 1207 2025 1274 bant,
2053 1217 2119 1259 ac
2148 1202 2384 1258 fortasse
2416 1196 2680 1267 majorem
2713 1194 2884 1250 etiam
2919 1193 3027 1246 vim
3062 1187 3483 1260 consequeban-

1874 1306 1961 1351 tur
1983 1295 2118 1367 (non
2147 1293 2294 1350 enim
2330 1288 2617 1353 alimonia,
2657 1285 2754 1341 sed
2787 1285 3030 1340 divinum
3053 1283 3334 1340 decretum
3368 1279 3486 1335 ani-

1873 1404 1990 1444 mas
2016 1398 2069 1444 et
2107 1397 2341 1456 corpora
2377 1380 2787 1450 conservabat),
2837 1378 3065 1446 idcirco,
3102 1376 3154 1431 id
3207 1373 3352 1445 quod
3389 1373 3488 1429 tibi

1871 1480 2070 1551 exponi
2119 1476 2398 1550 quaesisti,
2449 1474 2728 1546 legislator
2785 1473 2922 1529 dixit
2965 1489 2981 1528 :
3034 1489 3054 1524 ι
3114 1468 3233 1525 Non
3283 1469 3337 1524 in
3373 1467 3489 1523 solo

1876 1588 2016 1645 pane
2054 1572 2190 1630 vivit
2217 1571 2404 1634 homo,
2447 1568 2542 1624 sed
2573 1569 2625 1623 in
2660 1566 2806 1622 omni
2826 1565 3011 1621 'verbo
3055 1564 3198 1634 quod
3243 1561 3492 1632 procedit

1873 1669 1942 1722 de
1967 1681 2062 1722 ore
2090 1665 2207 1721 Dei.
2251 1682 2270 1716 ι
2311 1662 2468 1730 Quod
2498 1661 2666 1717 etiam
2696 1659 2973 1723 Christus,
3008 1656 3336 1712 diabolicam
3375 1669 3492 1709 ma-

1875 1759 2090 1815 chinam
2143 1756 2493 1829 propulsans,
2525 1753 2781 1825 opposuit
2833 1771 2846 1806 :
2902 1761 3068 1822 atque
3125 1749 3227 1804 hac
3277 1747 3494 1802 ratione

1879 1851 2166 1908 tentatoris
2198 1850 2344 1906 vires
2373 1848 2656 1905 concussit
2685 1861 2749 1903 ac
2773 1845 3060 1916 perfregit.

2329 1938 2624 1997 CCCXL".
2648 1970 2716 1982 -—
2757 1936 3040 1994 TIlEONl.

2281 2033 2353 2089 De
2381 2034 2598 2088 Arianis
2627 2042 2678 2087 et
2725 2030 3100 2088 Eunomianfs.

1955 2127 2072 2185 Non
2131 2128 2574 2184 animadvertunt
2635 2125 2884 2181 haeretici
2933 2139 3032 2195 per
3088 2138 3151 2180 ea
3210 2125 3348 2198 ipsa,
3377 2142 3500 2198 qua:

1885 2229 2158 2288 astruunt,
2189 2235 2249 2276 se
2281 2219 2510 2286 irretiri,‘
2537 2233 2601 2273 ac
2638 2232 2736 2288 per
2762 2233 2828 2274 ea
2857 2217 2974 2287 ipsa
3003 2217 3293 2289 perspicue
3326 2220 3497 2289 vinci,

1885 2328 1983 2385 per
2041 2327 2162 2383 quae
2216 2326 2278 2368 se
2330 2311 2552 2367 vincere
2585 2311 2949 2367 arbitrantur.
2983 2310 3120 2365 Nam
3169 2311 3214 2368 si
3249 2322 3498 2368 creatum

1888 2407 2149 2478 quiddam
2171 2417 2257 2463 est
2275 2405 2465 2474 Filius,
2493 2420 2562 2460 ne
2593 2405 2773 2474 majus
2811 2404 3035 2476 quidem
3063 2404 3134 2460 de
3157 2420 3348 2461 eorum
3375 2421 3502 2462 sen-

1891 2501 2057 2558 tentia
2106 2509 2235 2557 stat.
2288 2499 2459 2568 Maius
2492 2499 2638 2554 enim
2689 2512 2755 2552 ex
2811 2498 3225 2566 comparatione
3275 2499 3498 2565 dicitur,

1891 2609 1997 2649 non
2025 2603 2206 2648 autem
2228 2605 2296 2646 ex
2324 2589 2736 2660 incomparabili
2774 2589 3160 2659 praecellentia.
3193 2588 3500 2658 Quamnam

1893 2689 2063 2759 igitur
2104 2688 2155 2742 id
2189 2685 2335 2757 quod
2369 2694 2614 2740 creatum
2638 2695 2743 2750 est,
2773 2698 2897 2739 cum
2929 2684 3189 2740 Creatore
3211 2699 3496 2756 compara-

1895 2779 2102 2835 tionem
2136 2779 2354 2842 habeat,
2409 2776 2689 2846 sapientes
2721 2784 2778 2830 et
2815 2775 3012 2832 eruditi
3053 2777 3306 2832 homines
3342 2775 3503 2832 velim

1895 2880 2192 2941 exponant.

2234 2962 2390 3034 39].
2439 2961 2759 3019 CCCXLlll.
2799 2995 2870 3005 —
2906 2962 3159 3019 PETRO.

1973 3057 2092 3113 Non
2123 3059 2276 3127 parvi
2316 3058 2577 3112 momenti
2610 3072 2696 3113 res
2726 3064 2810 3113 est
2836 3067 3032 3114 acutus
3058 3067 3115 3112 et
3148 3071 3315 3129 sagax
3345 3057 3505 3113 audi-

1902 3163 2009 3216 tor,
2036 3150 2126 3219 qui
2161 3164 2266 3204 non
2302 3157 2514 3204 tantum
2543 3150 2614 3204 ob
2649 3149 3070 3205 admirationem
3095 3151 3360 3206 orationis
3380 3165 3513 3208 cur-

1901 3257 2023 3296 sum
2058 3241 2428 3311 interrumpit,
2468 3256 2656 3297 verum
2688 3241 2852 3296 etiam
2887 3256 2949 3296 ea
2992 3257 3112 3311 qua:
3150 3243 3337 3298 ardua:
3373 3258 3508 3299 con-

196 3354 380 3408 μενος.
417 3335 542 3390 Ὅτι
583 3335 639 3389 δὲ
667 3335 730 3388 οὐ
761 3333 976 3406 μικρὸν,
1014 3333 1155 3404 μετὰ
1200 3333 1312 3385 τῶν
1347 3331 1524 3386 ἄλλων
1552 3331 1661 3383 τῶν
1696 3347 1794 3401 με·

1910 3333 2281 3404 templationis
2307 3344 2456 3399 sunt,
2493 3331 2792 3403 excogitat,
2836 3341 3002 3403 atque
3031 3347 3061 3388 a
3101 3333 3284 3404 seipso
3306 3333 3514 3406 aliquid

195 3429 381 3498 γάλων
428 3427 523 3482 καὶ
565 3427 860 3500 ὲξαιρέτων
899 3420 974 3481 ὧν
1008 3425 1306 3496 ἠπείλησεν
1338 3425 1367 3477 ὁ
1398 3425 1531 3488 Θεὸς
1560 3423 1668 3478 ἀπὸ
1696 3425 1799 3492 τῆς

1907 3441 2135 3498 erogare
2185 3434 2382 3497 potest.
2433 3426 2699 3497 Quodque
2749 3441 2856 3481 non
2907 3427 3059 3496 parvi
3123 3428 3383 3483 momenti
3419 3428 3515 3492 sit,

208 3518 568 3590 Ἰερουσαλὴμ
631 3516 1025 3588 παραιρεῖσθαι
1087 3517 1222 3587 (69),
1273 3515 1370 3570 καὶ
1426 3514 1519 3568 τὸν
1577 3515 1799 3568 συνετὸν

1910 3518 2037 3571 hinc
2078 3524 2292 3572 constat
2329 3517 2472 3586 quod
2508 3516 2650 3571 Deus
2702 3532 2806 3571 una
2865 3533 2988 3572 cum
3042 3519 3253 3589 magnis
3299 3517 3424 3574 aliis
3463 3527 3519 3574 et

197 3608 476 3682 ἀκροατὴν
522 3607 804 3674 ἑνέταξεν·
850 3606 950 3660 οὐκ
990 3607 1058 3661 ἂν
1104 3606 1264 3658 τοῦτο
1310 3605 1511 3676 φήσας,
1546 3607 1594 3658 εί
1631 3605 1799 3676 μηδὲν

1910 3609 2125 3665 eximiis
2163 3610 2346 3675 rebus,
2378 3624 2495 3679 quae
2536 3624 2595 3664 se
2632 3607 3148 3680 Ilierosolymitanae
3178 3611 3298 3666 urbi
3329 3610 3513 3667 detra-

203 3705 349 3775 μέγα
379 3703 671 3758 συνετέλει.
716 3704 808 3757 Διὸ
833 3703 928 3756 καὶ
957 3704 984 3755 6
1017 3699 1430 3773 Παροιμιαστὴς
1467 3700 1594 3769 ἔφη,
1638 3718 1655 3749 ι
1695 3695 1801 3760 υῦς

199 3796 498 3865 ἀκροατοῦ,
522 3795 789 3866 ἐπιθυμία
815 3793 1002 3864 σοφοῦ.
1037 3812 1054 3844 ι
1083 3795 1160 3847 Οὐ
1187 3793 1296 3864 γὰρ
1327 3793 1555 3855 πολλοὺς
1581 3792 1800 3858 πόνους,

1920 3711 2135 3756 cturum
2187 3701 2517 3767 minabatur,
2561 3702 2884 3768 prudentem
2926 3715 3144 3770 quoque
3173 3715 3236 3755 ac
3264 3715 3518 3773 sagacem

1915 3793 2217 3848 auditorem
2245 3790 2517 3862 adiunxit.
2568 3791 2722 3858 Quod
2756 3790 3004 3859 profecto
3040 3805 3147 3845 non
3199 3790 3447 3856 dixisset,
3473 3790 3519 3845 si

201 3885 322 3940 οὗθ’
359 3886 596 3960 ἱδρῶτας
622 3886 774 3957 αὐτῷ
803 3887 1057 3956 παρέχει,
1086 3886 1202 3938 ἁλλ’
1225 3885 1484 3956 ἀφορμὰς
1516 3884 1678 3955 μόνον
1708 3884 1803 3937 καὶ

1916 3883 2048 3938 nihil
2091 3883 2270 3954 magni
2325 3883 2440 3953 ipse
2483 3882 2782 3938 conferret.
2828 3883 3014 3954 anue
3043 3883 3113 3938 de
3139 3897 3304 3939 causa
3334 3881 3523 3939 Parua-

203 3976 501 4050 σπέρματα
533 3980 775 4032 ἀπαιτεῖ.
805 3977 948 4050 Πρὸς
974 3977 1085 4046 γὰρ
1113 3975 1210 4047 τὴν
1252 3976 1530 4045 γεωργίαν
1575 3978 1606 4049 ὴ
1645 3975 1801 4030 σύνε-

205 4084 292 4131 σις
321 4068 502 4140 ἀρκεῖ.

1913 3974 2136 4030 tniastes
2166 3975 2251 4030 his
2278 3974 2458 4030 verbis
2483 3990 2616 4031 usus
2645 3983 2760 4030 est:
2803 3993 2821 4026 ι
2857 3974 3022 4032 Auris
3062 3974 3351 4040 auditoris,
3379 3975 3524 4030 desi-

1913 4066 2120 4121 derium
2163 4075 2244 4120 est
2285 4065 2543 4135 sapientis
2571 4065 2636 4120 ”.
2677 4085 2695 4117 ι
2732 4063 2920 4134 Neque
2961 4065 3107 4120 cnim
3143 4064 3346 4121 multos
3368 4063 3522 4121 laboo

209 4175 296 4216 res
327 4175 391 4216 ac
449 4162 675 4215 sudores
704 4159 804 4228 ipsi
855 4159 1098 4223 exhibet,
1166 4173 1354 4214 verum
1437 4167 1756 4226 argumenta
1789 4159 2054 4211 duntaxat
2086 4172 2150 4213 ac
2201 4158 2406 4214 semina
2455 4160 2706 4226 requirit.
2765 4159 3044 4230 Siquidem
3093 4158 3160 4214 ad
3204 4157 3414 4214 cultum
3459 4173 3524 4214 ac

209 4262 451 4324 segetem
493 4250 691 4322 ingenii
725 4249 995 4322 sagacitas
1030 4248 1251 4304 sufficit.

461 4342 640 4395 TMA’.
677 4369 749 4380 -
780 4340 1016 4393 ΙΕΡΑΚΙ
1055 4337 1552 4408 ΛΑΜΠΡΟΤΑΤῼ.

2106 4339 2427 4397 (ICCXLIV.
2469 4372 2535 4382 —
2575 4339 2855 4398 HIERACI
2905 4339 3345 4398 CLARISSIMO.

289 4434 452 4500 Ἵσθι,
496 4427 542 4487 ὦ
584 4432 956 4504 καθαρότητος
990 4431 1239 4502 τέμενος,
1269 4431 1344 4494 ὡς
1373 4431 1474 4501 ἅδῃ
1512 4430 1652 4484 κατά
1702 4431 1795 4482 πᾶ-

1995 4431 2107 4488 lIoc
2131 4435 2274 4489 scias
2300 4435 2481 4500 vclim,
2503 4451 2536 4489 ο
2565 4434 2786 4505 pietatis
2810 4434 3123 4501 delubrum,
3157 4444 3208 4490 te
3245 4441 3354 4490 tota
3391 4435 3521 4491 urbe

216 4543 318 4580 σαν
360 4525 460 4596 τὴν
516 4523 701 4577 πόλινο
757 4521 1060 4595 παράδοξον
1092 4524 1200 4594 γὰρ
1245 4522 1408 4592 ἔργον
1437 4521 1640 4585 ἀνύσας
1672 4521 1811 4590 (70),

1922 4526 2207 4582 celebrari.
2273 4526 2407 4582 Nam
2454 4545 2576 4583 cum
2635 4528 2955 4583 admirabile
3007 4542 3144 4596 opus
3194 4526 3522 4591 confeceris,

217 4587 653 4688 παραδοξότερον
701 4587 851 4669 αὐτὸ·
883 4587 1193 4686 πεποίηκας
1237 4587 1522 4686 τῷ-τὰχει.
1556 4587 1690 4666 Ἦν.
1716 4587 1814 4682 μέν

1887 4606 2297 4676 ἐόηιίι-οὺὶιίυε
2353 4621 2481 4674 illud
2545 4635 2642 4690 per
2697 4619 3037 4676 celeritatem
3096 4617 3345 4675 effecisti.
3397 4619 3528 4674 Erat

219 4710 328 4781 γὰρ
357 4709 450 4762 καὶ
497 4708 629 4761 αὐτὸ
670 4708 794 4762 καθ’
825 4707 989 4762 ἑαυτὸ
1023 4706 1191 4776 μέγα,
1222 4707 1282 4761 τὸ
1314 4707 1372 4760 δὲ
1401 4707 1569 4778 τάχος
1604 4705 1814 4775 μεῖζον,

1923 4710 2067 4764 enim
2101 4711 2151 4764 id
2183 4711 2400 4780 quidem
2454 4726 2551 4780 per
2603 4725 2664 4766 se
2713 4724 2934 4780 quoque
2969 4725 3226 4782 magnum
3257 4725 3272 4764 :
3301 4720 3358 4764 at
3385 4709 3528 4765 cele-

221 4798 425 4870 μᾶλλον
453 4798 509 4851 δὲ
541 4797 799 4867 μέγιστον
828 4799 962 4852 αὐτὸ
986 4797 1179 4863 ἔδειξε,
1214 4799 1500 4869 κοσμῆσαν
1530 4795 1630 4868 τὴν
1655 4795 1818 4868 χάριν

1925 4801 2058 4855 ritas
2096 4801 2272 4872 majus
2321 4801 2519 4870 ipsum,
2579 4803 2689 4857 imo
2741 4804 3044 4858 maximum
3103 4801 3359 4869 reddidit,
3420 4817 3526 4872 qua

218 4891 318 4946 καὶ
346 4893 714 4963 χαριεστέραν
744 4893 1066 4963 πεποιηκός.
1105 4891 1394 4961 Διάλαμπε
1419 4890 1598 4942 τοίνυν
1628 4891 1684 4942 ὲν
1709 4892 1818 4952 τοῖς

1925 4890 2249 4947 beneficium
2293 4902 2544 4946 ornatum
2579 4903 2685 4956 est,
2731 4895 3049 4965 gratiusque
3112 4907 3178 4947 ac
3240 4892 3530 4948 iucundius

218 4983 484 5048 τοιούτοις
515 4983 928 5054 κατορθώμασι.
957 4983 1166 5055 Πρέπει
1188 4982 1297 5053 γάρ
1317 4999 1416 5037 σοι.

1925 4983 2202 5040 effectum.
2232 4984 2598 5052 Quamobrem
2645 4987 2697 5041 in
2746 4987 3054 5057 hujusmodi
3107 4986 3404 5044 virtutibus
3446 4985 3531 5042 fac

1931 5074 2166 5130 eluceas.
2196 5074 2252 5129 ld
2291 5077 2437 5130 enim
2473 5087 2524 5130 te
2562 5076 2783 5147 dignum
2813 5087 2919 5132 est.

2129 5166 2422 5222 CCCXLV.
2453 5199 2523 5208 -—
2557 5167 2908 5225 ABPOCRIE
2938 5167 3324 5225 SOPIIISTAE.

2232 5259 2307 5312 De
2347 5260 2538 5314 virtute
2586 5261 2780 5315 divina?
2808 5263 3225 5330 prwdiratt’onis.

2007 5351 2061 5406 Si
2090 5351 2313 5405 humani
2347 5352 2549 5422 ingenii
2597 5353 2919 5418 acrimonia,
2948 5354 3253 5408 litterarum
3287 5353 3533 5408 scicntia:

545 5166 1150 5238 mrsu—Apuanis
1183 5167 1494 5238 ΣοψιΣΤῌ.

333 5259 475 5327 Περὶ
507 5259 617 5330 τῆς
643 5261 952 5331 δυνάμεως
980 5262 1089 5316 τοῦ
1117 5263 1279 5316 θείου
1307 5262 1708 5330 κηρύγματος.

301 5350 363 5415 Et
397 5351 650 5422 ἀγχίνοια
679 5353 971 5423 ἀνθρώπου
1011 5357 1111 5425 τῆς
1158 5353 1267 5407 τῶν
1297 5352 1650 5425 γραμμάτων
1679 5351 1824 5422 εἰδή-

314 5466 358 5498 ⁸⁰
392 5468 582 5523 Matth.
609 5485 684 5538 tv,
717 5473 770 5524 4.
857 5471 900 5502 ³⁸
936 5470 1102 5525 Eccli.
1137 5486 1262 5533 xxv,
1303 5472 1390 5527 12.

1310 5587 1544 5642 VARle
1590 5586 1979 5643 LECTIONES
2025 5587 2109 5640 ΕΤ
2148 5586 2360 5643 NOTAE

309 5745 421 5817 (68)
461 5744 566 5799 Pro
604 5743 868 5817 ἐθέλησας
904 5743 1027 5817 cod.
1072 5744 1190 5817 Yat.
1220 5744 1327 5800 650
1367 5746 1560 5802 scribit
1625 5745 1826 5816 ἐζήτη-

248 5813 361 5880 σας,
399 5813 452 5872 et
485 5816 792 5884 praecedens
820 5813 854 5882 ἢ
882 5815 1038 5868 tollit.
1065 5814 1285 5884 Possm.

314 5876 426 5956 ((59)
469 5876 613 5939 l'dem
650 5883 799 5948 cod.,
833 5876 1243 5955 παραινεῖσθαι.
1282 5889 1352 5942 In.

481 5983 752 6044 PATROL.
796 5982 910 6043 GR.
943 5984 1259 6048 LXXVIII.

3045 5989 3124 6048 32?.

2013 5743 2126 5816 (70)
2169 5742 2320 5816 Hazc.
2375 5745 2774 5816 παράδοξον....
2821 5747 3050 5812 ἀνύσας,
3110 5747 3394 5804 omittebat
3442 5745 3537 5808 ed.

1937 5814 2143 5883 Paris.;
2180 5814 2554 5873 adduntur‘ex
2587 5818 2709 5873 cod.
2747 5817 2921 5874 Vatic.
2959 5818 3083 5874 650.
3120 5817 3282 5876 Eon.
