4164 6432
728 402 865 469 Ἡ)θό

1925 397 1986 458 S.
2032 395 2322 457 lSIDORI
2362 394 2803 458 PELUSIOTJE

3875 397 4020 464 ιοοι

726 511 1050 574 antefertur,
1068 506 1208 579 quid
1237 506 1432 561 mirum
1455 504 1499 561 si
1521 501 1771 576 apostoli,
1793 505 1885 575 qui
1914 504 2116 560 indocti
2145 514 2305 575 atque

2417 520 2546 569 τεως
2594 504 2970 577 προκρίνεται,
3016 502 3070 557 τί
3112 501 3427 576 θαυμαστὸν
3470 504 3519 560 τί
3565 506 3620 561 οἱ
3661 506 4025 575 ’Δπόπολοη

726 598 995 661 illitterati
1022 604 1200 661 erant,
1237 594 1421 650 divina
1450 592 1716 665 sapientia
1744 593 1973 665 impleti,
1995 593 2307 649 dialecticos

725 698 890 753 etiam
913 700 968 747 et
990 696 1237 747 oratores
1272 686 1649 756 superarunt!
1677 685 1813 741 Nam
1859 687 1906 741 si
1936 700 2059 743 eum
2092 687 2307 757 quidem

727 785 819 852 qui
856 782 1008 851 legit,
1054 778 1558 849 interpretationem
1591 777 1847 848 ignorare
1874 776 2169 834 verisimile
2200 786 2306 845 est,

727 890 849 932 eum
880 887 1009 927 vero
1041 868 1134 941 qui
1163 869 1468 924 litterarum
1521 876 1681 922 notas
1713 866 1949 938 ignorat,
1973 880 2159 923 eorum
2188 880 2310 937 qua

714 962 932 1032 scripta
956 967 1086 1016 sunt
1116 966 1350 1013 mentem
1383 964 1568 1013 tenere
1608 953 1943 1026 impossibile
1972 965 2076 1010 est.
2109 952 2308 1011 Verum

726 1066 974 1126 persape
996 1065 1095 1107 usu
1128 1049 1275 1104 venit
1306 1057 1364 1102 ut
1397 1050 1487 1118 qui
1521 1048 1670 1120 legit,
1692 1047 2149 1109 sensumnesciat
2179 1048 2309 1119 :qui

729 1155 910 1201 autem
936 1142 1107 1205 audit,
1136 1140 1183 1197 si
1215 1142 1376 1196 modo
1416 1140 1605 1210 majori
1646 1140 1996 1198 acumine'sit
2023 1149 2081 1198 et
2110 1141 2308 1212 ingenii

732 1235 1027 1295 acrimonia
1069 1242 1308 1305 praestet,
1342 1247 1467 1289 eum
1524 1232 1807 1305 intelligat,
1856 1233 2071 1291 etiamsi
2105 1235 2308 1306 alioqui

736 1332 1033 1385 litterarum
1067 1337 1225 1384 natas
1268 1326 1491 1382 minime
1519 1327 1764 1397 cognitas
1792 1326 2007 1382 habeat.
2048 1324 2185 1382 Nam
2219 1329 2309 1398 qui

732 1422 801 1476 ub
825 1419 1216 1475 elementorum
1241 1418 1635 1487 ignorationem
1683 1434 1770 1481 ea,
1800 1433 1922 1489 quae
1951 1418 2147 1476 litteris
2180 1435 2311 1475 con-

735 1515 947 1582 signata
976 1521 1127 1578 sunt,
1159 1512 1439 1581 percipere
1465 1512 1671 1581 nequit,
1716 1511 1875 1582 hujus
1914 1526 2306 1583 saepenumero,

730 1608 855 1659 tium
879 1605 969 1659 alii
1002 1605 1208 1675 legunt,
1228 1602 1499 1673 ingenium
1528 1604 1688 1675 viget.
1717 1605 1985 1671 Quocirca
2012 1621 2137 1660 eum
2162 1621 2311 1660 men-

733 1700 809 1752 tis
846 1710 1073 1751 acumen
1125 1693 1404 1749 scientiam
1457 1705 1695 1767 superet,
1730 1697 1859 1765 quid
1891 1696 2070 1752 ali‘erri
2114 1706 2308 1767 potest,

728 1779 856 1858 quin
887 1789 1067 1845 divina
1095 1788 1361 1859 sapientia
1409 1802 1723 1845 sermonum
1762 1790 2052 1845 artiﬁcium
2094 1790 2310 1844 vincat?

854 1898 859 1903 ’
925 1898 1239 1955 CCC-XLVI.
1275 1926 1347 1941 --
1374 1895 1730 1953 LAMPETIO
1758 1896 2113 1955 EPISCOPO.

1360 1986 1441 2043 De
1482 1988 1667 2043 altari.

798 2098 1243 2169 Quandoquidem
1294 2098 1729 2168 inexpugnabilis
1768 2107 1935 2169 atque
1985 2100 2131 2155 omni
2177 2112 2309 2155 con-

730 2190 1052 2247 tradictione
1075 2188 1247 2259 major
1265 2203 1327 2244 ea
1350 2190 1525 2245 oratio
1559 2198 1663 2253 est,
1691 2189 1779 2245 cui
1803 2189 2099 2246 adversarii
2121 2206 2307 2246 asseu-

726 2294 952 2348 ttuntnr,
984 2282 1185 2337 idcirco
1234 2282 1301 2337 ad
1347 2296 1617 2353 quamque
1658 2282 1934 2337 nationem
1976 2299 2041 2339 ex
2068 2269 2142 2337 iis
2188 2298 2308 2355 qua

726 2374 864 2444 apud
908 2386 1028 2427 eam
1074 2372 1315 2428 moribus
1360 2382 1579 2444 recepta
1614 2382 1763 2440 sunt,
1796 2374 2169 2430 disserendum
2199 2383 2303 2430 est.

725 2465 876 2532 Quod
902 2465 1063 2521 etiam
1092 2464 1179 2519 ille
1198 2476 1480 2519 senserunt
1508 2464 1712 2520 Christi
1737 2466 2082 2535 dispensator
2102 2466 2302 2523 Paulus

728 2559 750 2611 l
767 2556 983 2621 :ciebat,
1019 2555 1161 2626 apud
1188 2553 1404 2613 Jutlzeos
1438 2557 1655 2626 quidem
1692 2557 1761 2611 de
1794 2557 2092 2627 Scripturis
2121 2559 2306 2627 dispu-

729 2660 871 2713 ωηε,
901 2647 1044 2717 apud
1077 2644 1439 2701 Athenienses
1471 2654 1651 2700 autem
1680 2645 1748 2700 ab
1778 2659 1892 2701 ara.
1930 2646 2137 2703 Idcirco
2159 2646 2301 2703 dice-

729 2742 858 2794 bat:
901 2758 919 2791 ι
956 2738 1153 2793 Factus
1174 2750 1295 2792 sum
1327 2735 1496 2806 legem
1546 2750 1654 2791 non
1693 2736 2021 2792 habentibus
2052 2745 2308 2808 tanquam

728 2832 900 2901 legem
929 2846 1035 2885 non
1058 2830 1263 2885 habens
1282 2826 1350 2882 δ’.
1392 2846 1411 2880 ι
1446 2826 1680 2883 Perinde
1710 2828 1855 2883 enim
1891 2842 1956 2884 ac
1972 2830 2017 2883 si
2044 2829 2210 2900 392
2244 2832 2312 2885 de

728 2926 843 2994 lege
872 2920 1006 2976 nihil
1037 2919 1317 2986 audiisset,
1341 2920 1409 2975 ab
1441 2932 1537 2974 ara
1584 2919 1839 2974 monendi
1864 2921 2143 2975 materiam
2176 2923 2316 2978 arri-

728 3013 931 3084 picbat,
988 3026 1094 3069 non
1152 3013 1297 3080 quod
1353 3024 1506 3065 aram
1572 3008 1695 3080 plus
1754 3008 2097 3065 auctoritatis
2151 3025 2313 3080 quam

2414 594 2620 650 ἰδιῶται
2667 596 2822 661 ὄντες
2868 595 2965 651 καὶ
2996 595 3356 668 ἀγράμματοι
3388 598 3487 670 τῆς
3519 598 3671 663 θείας
3709 601 4015 676 ἐμπεπλη-

2410 687 2600 761 σμένοι
2652 689 2864 759 σοφίας,
2930 689 3025 744 καὶ
3062 686 3173 743 τῶν
3217 688 3731 758 διαλεκτικῶν,⁴καὶ
3760 694 3875 747 τῶν
3907 698 4018 768 ρη-

2408 781 2585 852 τόρων
2614 782 2964 853 ὲκράτησανς
3012 780 3075 835 Et
3127 780 3238 853 γὰρ
3278 781 3367 836 τὸν
3416 782 3516 852 μὲν
3554 783 4017 853 ἀναγινώσκοντα

2414 872 2491 945 μὴ
2512 873 2713 929 ειδέναι
2734 873 2835 946 τὴν
2862 873 3157 947 ἑρμηνείαν
3182 873 3349 941 εῑκδς,
3378 874 3470 954 τὸν
3497 876 3541 928 δ’
3566 876 3873 945 ἀγνοοῦντα
3901 878 4017 932 τῶν

2410 967 2756 1041 γραμμάτων
2805 968 2934 1032 τοὺς
2982 967 3341 1039 χαρακτῆρας
3370 968 3463 1021 τὸν
3513 968 3636 1022 νοῦν
3672 968 4014 1025 ἐπίστασθαι

2410 1059 2522 1116 τῶν
2545 1061 2947 1133 γεγραμμένων
2982 1058 3264 1115 ἀδῦνατον.
3300 1059 3438 1113 Ἀλλ’
3464 1058 3579 1114 ἔστι
3611 1060 3881 1125 πολλάκις
3917 1061 4013 1115 τον

2416 1154 2521 1225 μὲν
2552 1152 2997 1223 ἀναγινώσκοντα
3047 1152 3123 1225 μὴ
3152 1150 3351 1207 ειδέναι
3383 1151 3474 1205 τὸν
3506 1152 3631 1205 νοῦν
3665 1152 3801 1223 (7i),
3835 1153 3941 1207 τὸν
3968 1152 4013 1207 δ’

2412 1242 2681 1298 ἀκούοντα
2713 1242 2975 1314 ὀξύτερον
3024 1243 3154 1296 ὄντα
3178 1242 3277 1295 καὶ
3312 1240 3525 1295 συνέσει
3562 1240 3898 1312 διαφέροντα
3933 1244 4013 1295 εἱ-

2412 1335 2579 1401 δέναι,
2625 1335 2807 1389 καίτοι
2850 1334 2959 1388 τῶν
2999 1334 3347 1407 γραμμάτων
3376 1334 3450 1403 μὴ
3480 1333 3850 1400 ἐπιστάμενον
3881 1336 4015 1397 τοὺς

2412 1429 2789 1498 χαρακτῆρας.
2844 1420 2915 1498 ᾯ
2968 1426 3081 1498 γὰρ
3137 1423 3396 1489 ἀδύνατος
3457 1426 3491 1497 ἡ
3543 1424 3848 1495 κατάληψις
3898 1424 4013 1479 τῶν

2414 1516 2748 1588 ἐγκειμένων
2774 1515 2861 1570 διὰ
2889 1516 2989 1587 τὴν
3032 1513 3259 1583 ἄγνοιαν
3294 1514 3402 1568 τῶν
3430 1514 3730 1584 στοιχείων,
3764 1513 3949 1585 τούτῳ
3977 1516 4009 1585 ἡ

2415 1610 2631 1673 σύνεσις
2669 1608 2907 1679 ἀκμάζει
2958 1607 3241 1673 πολλάκις,
3274 1605 3452 1661 ἀλλων
3491 1606 4009 1673 ἀναγινωσκόντων.

2414 1704 2478 1758 Εἰ
2515 1702 2696 1757 τοίνυν
2740 1700 2992 1773 ἀγχίνοια
3030 1700 3129 1771 τῆς
3173 1700 3485 1771 ἐπιστήμης
3518 1702 3731 1771 κρατεῖ,
3789 1698 3913 1762 πῶς
3948 1698 4008 1751 οὐ

2415 1794 2533 1849 θεία
2556 1795 2738 1863 σοφία,
2769 1794 2945 1863 λόγων
2973 1792 3171 1863 τέχνης
3203 1790 3519 1860 περιέσται,

2646 1906 2845 1975 ΤΜεη.
2892 1936 2933 1946 -
2997 1902 3359 1976 ΛΑΜΠΕΤΙῼ
3397 1902 3767 1975 ΕΠΙΣΚΟΠῼ.

2929 1996 3071 2066 Περὶ
3107 1995 3213 2051 τοῦ
3242 1994 3476 2064 βωμοῦ.

2498 2104 2717 2176 Ἐπειδὴ
2749 2106 2960 2176 ἄμαχος
2994 2106 3089 2158 καὶ
3122 2104 3517 2176 ἀναντίῤῥητος
3538 2104 3644 2165 πᾶς
3668 2102 3829 2171 λόγος
3850 2103 4008 2175 παρά

2415 2198 2523 2251 τῶν
2575 2196 2836 2251 ἐναντίων
2877 2196 3435 2268 συνομολογούμενος,
3469 2196 3683 2267 ἑκάστῳ
3726 2196 3872 2249 ἔθνει
3900 2196 4012 2251 ἀπὸ

2416 2287 2522 2341 τῶν
2549 2287 2678 2358 παρ’
2714 2289 2900 2353 αὐτοῖς
2942 2285 3345 2358 νενομισμένων
3369 2285 3701 2349 διαλεκτέον,
3741 2286 3771 2340 ὃ
3805 2288 3905 2339 καὶ
3934 2285 4008 2363 [ὁ]

2413 2377 2521 2431 τῶν
2554 2376 2693 2450 [τοῦ]
2726 2377 2963 2449 Χριστοῦ
2998 2378 3288 2449 νοημάτων
3319 2378 3523 2448 ταμίας
3555 2379 3727 2431 ἐποίει
3768 2379 4007 2445 Παῦλος,

2408 2455 2707 2535 ’Ἰουδαίοις
2740 2470 2841 2540 μὲν
2870 2470 2978 2525 ἀπὸ
3005 2470 3113 2524 τῶν
3141 2468 3375 2541 Γραφῶν
3399 2468 3804 2540 διαλεγόμενος,
3846 2470 4008 2542 Ἀθη-

2416 2560 2585 2625 ναίοις
2614 2562 2671 2615 δὲ
2701 2563 2811 2616 ἀπὸ
2853 2560 2945 2616 τοῦ
2982 2561 3188 2634 βωμοῦ.
3218 2562 3307 2615 Διδ
3342 2563 3434 2616 καὶ
3467 2561 3593 2634 ἔφη,
3630 2583 3647 2615 ι
3703 2565 4012 2637 Ἐγενόμην

2413 2654 2527 2715 τοῖς
2566 2652 2808 2722 ἀνόμοις,
2844 2651 2921 2716 ὡς
2952 2653 3172 2723 ἄνομος.
3214 2669 3233 2705 ι
3294 2651 3382 2715 Ὠς
3410 2652 3518 2722 γὰρ
3554 2654 3785 2724 ἀνήκοος
3816 2655 3892 2706 ὢν
3913 2655 4007 2708 τοῦ

2414 2744 2600 2815 νόμου,
2632 2746 2741 2799 ἀπὸ
2767 2743 2863 2798 τοῦ
2895 2743 3080 2815 βωμοῦ
3114 2743 3211 2815 τὴν
3259 2744 3583 2815 παραίνεσιν
3631 2745 3893 2812 ἐποιεῖτο,
3944 2745 4006 2799 οὐ

2417 2836 2508 2891 τὸν
2536 2837 2719 2908 βωμὸν
2765 2836 3203 2907 ἀξιοπιστότερον
3252 2836 3356 2889 τῶν
3400 2836 3634 2908 rga-,9th
3674 2837 4008 2908 ἡγούμενος,

2417 2925 2554 2981 ἀλλὰ
2598 2928 2725 2992 τοὺς
2772 2927 3136 2991 ἀπιστοῦντας
3195 2926 3406 2995 αὐταῖς,
3467 2928 3576 2982 ἀπὸ
3623 2927 3731 2982 τῶν
3783 2928 4007 2983 οἰκείων

2421 3014 2776 3087 χειρούμενος
2804 3017 3116 3087 δογμάτων.

730 3106 1039 3175 Scripturas
1068 3103 1268 3158 habere
1293 3101 1583 3172 iudicaret,
1615 3100 1709 3159 sed
1747 3110 1805 3156 ut
1830 3114 1949 3168 eos,
1982 3102 2075 3172 qui
2106 3102 2304 3158 nullam
2339 3103 2473 3176 ipsis
2518 3106 2676 3163 ﬁdem
2718 3108 3068 3177 arnogabant,
3110 3106 3179 3163 ab
3237 3107 3593 3178 ipsorummet
3658 3108 4006 3181 dogmatibus

729 3197 1024 3271 subigeret.

984 3300 1325 3360 CCCXLVIL
1346 3331 1417 3343 —
1446 3294 1678 3358 ΡΜ]ιο
1713 3296 2047 3358 TRIBUNO.

803 3412 973 3469 Vetus
1020 3426 1220 3475 sermo,
1263 3420 1327 3465 ac
1373 3410 1458 3465 lex
1509 3410 1750 3465 omnium
1788 3411 2065 3466 hominum
2111 3411 2319 3481 judicio

728 3516 883 3563 recta
921 3514 976 3559 et
1018 3498 1312 3565 laudanda,
1341 3499 1443 3554 hoc
1471 3500 1795 3569 praescribit,
1822 3512 1879 3556 ut
1903 3517 1969 3557 ne
1999 3504 2119 3572 quis
2153 3503 2321 3574 lapsis

738 3594 979 3659 insultet,
1008 3607 1108 3649 nec
1124 3591 1373 3663 iacentes
1395 3593 1653 3657 trucidet,
1687 3607 1874 3647 verum
1912 3602 2170 3663 tanquam
2196 3609 2320 3663 sup-

735 3686 904 3757 plices
957 3685 1304 3749 misereatur,
1339 3684 1619 3753 captisquc
1659 3698 1878 3738 manum
1912 3686 2171 3754 porrigat.
2204 3687 2319 3740 Au-

738 3782 825 3836 dio
858 3789 1037 3837 autem
1064 3780 1211 3835 feras
1237 3777 1424 3845 etiam,
1454 3778 1653 3847 quibus
1696 3779 1819 3847 plus
1861 3777 2031 3833 animi
2076 3781 2233 3846 inest,
2268 3780 2320 3836 id

736 3871 975 3941 quidem,
1035 3872 1178 3942 qutid
1233 3871 1559 3936 obluctatur,
1616 3872 1802 3927 ulcisci
1859 3890 1874 3929 :
1938 3874 2082 3942 quod
2138 3885 2320 3929 autem

738 3962 969 4020 fractum
1010 3972 1065 4018 et
1106 3963 1442 4020 debilitatum
1490 3974 1595 4032 est,
1644 3964 2012 4020 misericordia
2059 3967 2314 4035 prosequi

738 4053 930 4109 solere.
962 4050 1096 4108 Cum
1119 4053 1304 4124 igitur,
1331 4064 1387 4110 et
1428 4056 1571 4125 apud
1623 4055 1890 4123 homines,
1924 4066 1978 4112 et
2009 4059 2147 4126 apud
2175 4056 2320 4112 feras

741 4145 1035 4200 inimicitia:
1066 4160 1130 4199 ac
1155 4145 1277 4201 belli
1306 4148 1439 4201 certi
1478 4148 1677 4203 limites
1730 4149 1839 4203 sint
1877 4164 2012 4219 quos
2048 4151 2321 4205 transilire

740 4237 961 4291 minime
983 4246 1249 4308 oporteat,
1277 4251 1345 4293 ne
1368 4246 1421 4291 tu
1457 4253 1669 4309 quoque
1700 4240 2031 4305 committas,
2057 4249 2115 4294 ut
2138 4242 2202 4294 iis
2227 4243 2319 4309 qui

739 4326 864 4382 victi
921 4334 1067 4392 sunt,
1128 4326 1406 4393 irascaris,
1439 4342 1539 4382 nec
1588 4342 1680 4383 eos
1726 4327 1815 4397 qui
1866 4329 2014 4383 humi
2060 4331 2319 4399 prostrati

739 4426 865 4472 sunt
899 4426 1154 4488 tanquam
1190 4417 1375 4472 hostes
1410 4432 1645 4487 premas.

1178 4525 1402 4581 CCCXL
1414 4525 1540 4583 Vill.
1569 4558 1639 4570 —
1670 4526 1896 4585 ISAIE.

2737 3303 2917 3363 TMZ.’
2946 3337 3011 3349 .-
3046 3308 3282 3380 ΠΑΥΛῼ
3320 3307 3683 3379 ΤΡιΒοΥΝςι.

2493 3414 2728 3479 Παλαιὸς
2757 3415 2915 3485 λόγος
2937 3415 3052 3487 (72)
3074 3417 3399 3488 διαγορεύει,
3434 3418 3529 3471 καλ⁸
3555 3417 3755 3487 θεσμὸς
3778 3414 3839 3472 εὖ
3864 3419 4007 3491 ἔχειν

2425 3505 2627 3564 ἅπασιν
2662 3506 2969 3577 ἀνθρώποις
3010 3507 3189 3575 δόξας,
3238 3509 3313 3579 μὴ
3364 3510 3719 3578 ἐπεμϐαίνειν
3762 3513 3878 3574 τοῖς
3913 3528 4006 3565 πει

2428 3598 2693 3664 πτωκόσι,
2747 3598 2885 3669 μηδὲ
2916 3601 3318 3669 κατασφάττειν
3371 3602 3497 3664 τοὺς
3528 3602 3839 3673 κειμένους,
3896 3602 4006 3656 ἀλλ’

2422 3689 2686 3745 αἰδεῖσθαι
2712 3690 2789 3755 ὡς
2832 3691 3037 3756 ἱκέτας,
3069 3693 3161 3745 καὶ
3190 3696 3348 3764 χεῖρα
3378 3693 3593 3765 ὀρέγειν
3631 3696 3745 3757 τοῖς
3771 3695 4006 3749 ἑαλωκό-

2426 3797 2529 3837 σιν.
2548 3780 2757 3833 Ἀκούω
2785 3780 2839 3833 δὲ
2860 3783 2942 3834 ὅτι
2967 3782 3034 3834 τὰ
3057 3780 3241 3852 θηρία,
3272 3776 3353 3844 οἷς
3385 3782 3609 3853 μέτεστι
3636 3785 4002 3853 φρονήματος,

2424 3871 2483 3925 τὸ
2516 3872 2612 3941 μὲν
2639 3872 2968 3942 ἀνθεστηκὸς
2991 3872 3258 3941 ἀμύνεται
3277 3887 3295 3901 ι
3325 3872 3385 3923 τὸ
3412 3871 3469 3924 δὲ
3505 3871 3808 3941 ἁπειρηκὸς
3838 3871 4001 3924 αἰδείκ

2425 3980 2539 4017 ται.
2570 3962 2634 4017 Εί
2657 3966 2836 4017 τοίνυν
2859 3964 2951 4018 καὶ
2973 3966 3122 4035 παρά
3145 3962 3474 4035 ἀνθρώποις,
3506 3963 3598 4017 καὶ
3630 3964 3778 4035 παρὰ
3811 3963 4001 4035 θηρσίν

2423 4058 2561 4111 εἰσιν
2591 4055 2790 4127 ἔχθρας
2818 4057 2911 4111 καί⁵
2946 4057 3185 4127 πολέμου
3224 4058 3365 4128 ὅροι,
3396 4056 3491 4121 οὓς
3516 4057 3577 4110 οὐ
3609 4056 3712 4129 χρὴ
3737 4056 3999 4127 ὑπερῦαί-

2423 4166 2574 4205 νειν·
2633 4151 2768 4221 μηδὲ
2814 4151 2977 4213 αὐτὸς
3026 4150 3248 4221 ὀργίζου
3298 4154 3409 4214 τοῖς
3467 4150 3817 4221 ἡττημένοις,
3867 4149 3997 4223 μηδὲ

2423 4245 2533 4306 τοῖς
2558 4244 2730 4313 χαμαὶ
2752 4244 3027 4314 κειμένοις
3056 4243 3130 4307 ὡς
3156 4245 3472 4309 ἀντιπάλοις
3499 4243 3741 4304 ἐγκεισο.

2940 4535 3126 4591 TMH'.
3159 4564 3231 4575 ——
3258 4537 3486 4611 ΗΣΑΙᾼ.

812 4649 869 4704 Si
917 4660 972 4705 tu
1021 4650 1151 4706 illud
1184 4650 1404 4718 veritus,
1455 4665 1525 4709 ne
1578 4653 1624 4708 is
1659 4655 1748 4724 qui
1797 4670 1826 4709 a
1880 4664 1931 4711 te
1977 4656 2310 4712 contumelia

2501 4663 2562 4716 El
2590 4664 2689 4733 μὲν
2738 4661 2899 4715 τοῦτο
2937 4661 3144 4729 δεδιὼς,
3198 4664 3271 4735 μὴ
3310 4663 3491 4738 φθάσῃ
3521 4663 3822 4732 ἐγκαλέσας
3846 4663 3874 4716 ό
3906 4681 3998 4717 πα-

741 4741 967 4797 ail‘ecms
995 4753 1080 4798 est
1113 4742 1263 4812 prior
1311 4751 1362 4796 te
1394 4753 1696 4807 accusaret,
1725 4745 2048 4801 existimasti
2093 4746 2209 4801 fore
2237 4757 2316 4813 ut,

738 4834 783 4887 si
815 4843 1208 4899 anteverteres,
1230 4833 1441 4903 culpam
1473 4835 1847 4900 atlumbrares,
1883 4850 1944 4889 ac
1971 4837 2196 4891 crimina
2228 4852 2315 4904 ea,

740 4939 863 4993 qua:
902 4926 955 4979 in
990 4935 1038 4979 te
1080 4921 1455 4989 conferuntur,
1499 4922 1829 4990 succideres,
1874 4926 2068 4980 scitum
2103 4941 2315 4994 revera,

746 5030 813 5070 ne
836 5017 1009 5071 dicam
1041 5016 1329 5087 malignum
1359 5030 1421 5072 ac
1451 5016 1858 5083 veteratorium,
1892 5026 1975 5072 est
2014 5020 2114 5075 hoc
2148 5021 2318 5076 artill-

831 5170 922 5224 υ]
955 5172 1076 5227 Cor.
1108 5188 1182 5237 ιιι,
1210 5174 1299 5228 2!.

2431 4754 2703 4827 ροινηθε“ις
2750 4756 2905 4827 παρά
2940 4755 3057 4820 σοῦ,
3114 4756 3301 4830 ᾠήθης
3334 4757 3622 4829 προλαϐὼι
3676 4758 3994 4812 ἐπισκιάσα-

2428 4848 2551 4901 σθαι
2586 4847 2696 4918 (75)
2751 4848 2850 4911 τὰς
2906 4849 3103 4914 αἰτίας,
3150 4850 3243 4905 καὶ
3291 4850 3393 4915 τὰς
3448 4851 3684 4922 μέμψεις
3716 4851 3813 4913 τὰς
3866 4851 3996 4907 κατὰ

2430 4938 2632 4991 σαυτοῦ
2665 4938 3079 5008 ὑποτεμεῖσθαι,
3107 4942 3269 5009 σοφὸν
3289 4941 3367 5013 τῷ
3389 4941 3525 5005 δντι,
3558 4943 3644 4995 ἵνα
3674 4942 3747 5013 μὴ
3780 4942 3997 5012 κακοῦρ·

2426 5040 2519 5092 γον
2563 5025 2721 5089 εῐπω,
2754 5026 2847 5077 καὶ
2878 5025 3031 5079 τοῦτο
3063 5029 3392 5100 μηχάνημα·
3421 5031 3469 5083 εί
3492 5029 3536 5084 δ’
3566 5029 3643 5094 ὡς
3676 5029 3887 5101 ἀληθῶς
3916 5032 3993 5085 αἱ·

1847 5306 2079 5366 ἾΑΠΙᾸΞ
2118 5309 2502 5371 LECTIONES
2543 5313 2631 5370 ET
2677 5313 2911 5372 NOTIE.

820 5466 933 5535 (Ἠ)
959 5463 1103 5531 Quae
1136 5464 1389 5535 leguntur
1428 5465 1491 5535 in
1524 5465 1666 5520 edito
1695 5466 1809 5520 inec
1839 5466 2027 5531 verba,
2058 5467 2173 5521 ἀλλ’
2203 5467 2319 5522 ἐστι

748 5534 1006 5598 πολλάκις
1026 5535 1115 5587 τὸν
1142 5534 1237 5605 μὲν
1268 5534 1711 5602 ἀναγινώσκοντα
1734 5536 1809 5606 μὴ
1828 5536 2023 5589 εἰδέναι
2055 5539 2146 5590 τὸν
2173 5538 2318 5601 νοῦν,

748 5621 809 5658 ea
843 5615 1035 5678 cuncta
1060 5607 1109 5658 in
1142 5608 1264 5678 cod,
1301 5606 1420 5660 Vat.
1453 5605 1558 5659 650
1588 5605 2125 5678 νειυιῦποϐολιμαῖα
2159 5610 2320 5661 οιιιίιο

751 5686 953 5747 tuntur,
997 5674 1149 5729 Vers.
1207 5675 1302 5731 ult.
1348 5691 1433 5747 ep.
1468 5678 1609 5732 idem
1652 5692 1747 5747 pro
1777 5677 1952 5745 λόγων
1992 5674 2195 5733 scribit
2230 5678 2318 5730 λό·

747 5761 866 5812 γου.
886 5746 1096 5801 Possm.

822 5814 932 5887 (72)
974 5814 1075 5871 Pro
1100 5815 1325 5881 παλαιὸς
1345 5816 1502 5886 λόγος
1525 5816 1713 5875 melius
1738 5818 1863 5887 legit
1892 5817 2011 5873 cod.
2035 5816 2163 5875 Vat.
2186 5816 2312 5885 650,

2431 5472 2654 5597 ἷὲλαὶἰς
2684 5473 2866 5541 νόμος.
2905 5472 2968 5527 V.
3002 5474 3034 5529 5
3065 5483 3212 5530 inter
3246 5477 3327 5530 ὅτι
3372 5486 3425 5531 et
3447 5476 3515 5531 τὰ
3554 5478 3826 5534 interserit
3863 5480 3990 5537 idem

2495 5613 2607 5683 (75)
2648 5614 2750 5668 Pro
2773 5616 3193 5670 ὲπισκιάσασθαι
3230 5616 3368 5672 idem
3398 5621 3523 5673 cod.
3553 5617 3717 5673 habet
3744 5620 3987 5677 immnd-

2429 5699 2538 5760 σαι,
2580 5696 2631 5739 et
2664 5700 2809 5739 vers.
2841 5701 2955 5755 seq.
2988 5703 3084 5756 pro
3112 5688 3528 5760 ὑποτεμεῐσθαι,
3558 5686 3872 5760 ὑποτεμεῖς.
3899 5692 3986 5749 De-

2428 5755 2589 5823 nique
2621 5770 2758 5811 vers.
2799 5772 2920 5826 pen.
2955 5772 3041 5827 ep.
3070 5773 3167 5829 pro
3196 5755 3371 5823 ἑάλως
3405 5758 3531 5830 legit
3565 5755 3743 5813 έάλωξ
3767 5760 3843 5817 In.
