4164 6494
242 448 384 519 1(θῦ

1092 451 1630 514 EPISTOLARUM
1661 449 1810 512 LIB.
1850 447 1968 509 Ill.
2006 472 2079 485 —
2117 443 2356 507 EPIST.
2400 438 2629 502 CCCLI.

3387 426 3406 488 1
3419 425 3522 493 0οῦ

244 569 440 643 ρήσειν
490 563 828 636 προσδοκῶν,
867 561 1080 634 ἠλίθιόν
1107 579 1158 614 τι
1195 559 1492 623 πέπονθας.
1525 558 1600 613 Οὐ
1632 557 1742 630 γὰρ
1770 557 1836 610 ἂν

1954 553 2104 608 tium.
2142 551 2199 608 Si
2230 560 2409 605 autem
2440 549 2542 602 hoc
2570 561 2633 600 ea
2674 558 2769 614 spe
2801 550 2962 612 atque
2999 541 3408 609 exspectatione
3442 541 3525 596 fe-

242 658 398 728 ἁλοίη
444 659 530 726 ἐφ’
569 650 652 718 οἷς
683 655 784 726 ήδη
827 655 999 719 ἑάλως
1031 652 1173 706 κατὰ
1217 650 1316 723 τὴν
1358 651 1469 706 τῶν
1501 650 1832 724 γραψάντων

243 749 452 821 ἀψευδῆ
480 747 808 820 μαρτυρίαν.

459 1038 640 1094 ΤΜΘν.
670 1068 742 1079 —
776 1031 1104 1108 ΘΕΟΔΟΣΙῼ
1147 1033 1619 1104 ΠΡΕΣΒΥΤΕΡῼ.

324 1147 483 1211 Ἰσθι,
529 1141 574 1200 ὦ
621 1143 1062 1215 θαυμασιώτατε,
1093 1146 1177 1199 ὅτι
1223 1142 1642 1232 μήτ’ξξειπὼν,
1697 1142 1837 1214 μήτε

248 1237 656 1308 κοινωσάμενος
692 1236 802 1308 (74)
835 1238 926 1308 μοι
944 1239 971 1290 ὁ
997 1237 1172 1292 δοκῶν
1197 1232 1338 1291 εἶναι
1373 1235 1525 1303 φίλος
1552 1235 1702 1307 (ᾔδει
1730 1234 1840 1304 γάρ

248 1332 351 1385 οὐκ
399 1331 742 1397 ἀνεξόμενον,
794 1328 916 1382 οὐδὲ
971 1327 1399 1398 συγχωρήσοντα
1432 1370 1435 1371 ν
1470 1325 1620 1396 αὑτῷ
1680 1324 1839 1378 λύσαι

251 1422 608 1493 πολυχρόνιον
644 1420 863 1492 φιλίαν)
921 1421 1202 1491 πέπραχεν
1232 1417 1268 1473 ἂ
1317 1419 1591 1490 πέπραχε.
1623 1417 1713 1470 Διὸ
1745 1417 1842 1470 καὶ

246 1515 350 1584 τῆς
374 1513 557 1582 φιλίας
587 1511 746 1583 ἡμῶν
773 1512 1163 1582 ἀπεκηρύχθη.

525 1713 656 1769 TN'.
693 1742 756 1752 —
788 1708 1051 1780 ΕΡΜΕΙᾼ
1081 1705 1563 1779 ΓΡΑΜΜΑΤΙΚῼ.

252 1804 398 1876 Περὶ
455 1803 584 1870 τοῦ,
640 1821 660 1856 ι
721 1802 1069 1926 Φάσκὲντες
1129 1797 1278 1856 εἶναι
1334 1799 1516 1869 σοφοὶ
1579 1797 1840 1868 ἐμωράν-

927 1885 1112 1926 ησαν.
1162 1889 1181 1922 ι

927 1885 1112 1938 ησαν.
1162 1889 1181 1922 ι

325 1981 672 2046 Κινδυνεύεις
721 1980 958 2050 ἀγνοεῖν,
1005 1979 1087 2032 ὅτι
1119 1980 1176 2032 oi.
1216 1976 1445 2047 ποιηταὶ
1487 1977 1616 2039 τοὺς
1652 1975 1841 2030 πλεον-

256 2074 567 2143 εκτήμασιν
597 2070 876 2138 εὐγενείας
905 2068 1216 2139 ὲμπρέπειν
1255 2068 1355 2120 οὐκ
1385 2065 1630 2138 ἔχοντας,
1677 2063 1842 2136 μυθο-

255 2167 465 2235 λογίαις
498 2162 748 2224 ἀπίστοις
776 2161 1098 2230 ἐσέμνυναν.

490 2267 665 2324 TNA'.
702 2278 773 2309 τ·-
807 2267 1111 2340 ΑΝΤΩΝΙῼ
1137 2265 1604 2338 ΣΧΟΛΑΣΤῙΚῼ.

343 2384 400 2438 Ὀ
443 2383 545 2452 τῆς
568 2380 867 2451 παρθενίας
900 2379 1073 2450 ἀγὼν,
1118 2379 1296 2452 μέγας
1331 2377 1432 2449 μὲν
1463 2377 1557 2430 καὶ
1593 2375 1848 2447 λαμπρὸς

259 2477 354 2531 καὶ
404 2474 586 2537 ἔνθεος
639 2471 815 2544 (πρὸς
865 2454 974 2544 γὰρ
1020 2471 1117 2544 τὴν
1166 2470 1408 2542 ἔμφυτον
1460 2468 1555 2523 τοῦ
1597 2469 1847 2539 σώματος

256 2568 453 2639 ἡδονὴν
507 2569 534 2619 ὀ
591 2564 890 2636 πόλεμος),
929 2567 985 2617 ἐν
1031 2565 1088 2618 δὲ
1117 2566 1256 2627 ,τοῖς
1292 2562 1471 2625 ἀλλοις
1520 2560 1700 2624 ἄθλοις
1733 2560 1846 2630 (75)

257 2655 612 2728 ὲξευμαρίζει
639 2656 763 2720 τοὺς
819 2654 1036 2720 πόνους.
1084 2654 1311 2724 Ῥᾳδίως
1344 2653 1455 2726 γὰρ
1509 2652 1849 2723 φιλοχρημα-

257 2750 383 2812 τίας
433 2750 718 2820 κρατήσει,
772 2747 976 2818 κόσμου
1025 2745 1372 2817 σωματικοῦ,
1428 2743 1619 2815 ἀνδρός
1657 2760 1714 2797 τε
1754 2742 1850 2795 καὶ

260 2841 469 2892 παίδων
502 2839 576 2908 μὴ
616 2836 995 2909 φροντίζουσα,
1025 2836 1090 2889 δι’
1121 2836 1149 2888 ὃ
1177 2838 1205 2888 δ
1229 2835 1336 2888 τῶν
1369 2835 1673 2906 χρημάτων
1697 2849 1851 2905 πορι-

262 2930 400 3001 σμὸς
428 2931 722 2998 ἀναγκαῖος
749 2924 890 2987 εἶναι
919 2930 1030 2990 τοῖς
1059 2927 1411 2997 ἀφιλοσόφοις
1453 2925 1636 2978 δοκεῖ’
1663 2922 1849 2978 πένθει

259 3039 324 3076 τε
351 3021 620 3082 ἀνάλωτος
645 3020 816 3073 ἔσται.
852 3021 926 3073 Οὐ
961 3019 1070 3090 γὰρ
1098 3017 1300 3089 ἦνθησε
1331 3016 1578 3080 κλάδους,
1605 3010 1686 3078 οἷς
1721 3031 1849 3067 συνο

262 3111 487 3166 αειθοῦσι
527 3112 620 3165 καὶ
663 3113 719 3164 ai
760 3110 1037 3181 φροντίδες
1074 3109 1168 3162 καὶ
1212 3109 1280 3160 τὰ
1310 3106 1480 3178 πένθη
1519 3107 1656 3178 (76).
1708 3104 1854 3161 Ζώνη

1936 647 2082 713 cisti,
2122 655 2378 713 tanquam
2415 640 2623 707 judicio
2653 637 2903 713 superior
2926 648 3054 691 vere
3080 635 3441 701 discessurus,
3469 635 3523 689 iu

1933 737 2166 807 quadam
2200 712 2444 806 profecto
2476 730 2704 786 stultitia
2732 712 2993 784 versaris.
3024 729 3214 800 Neque
3256 727 3400 783 enim
3433 726 3524 782 ille

1935 829 2005 884 ob
2058 843 2123 882 ea
2168 826 2544 890 convincetur,
2598 823 2667 878 ob
2726 837 2848 892 quae
2896 830 2949 876 tu
2999 816 3108 890 jam
3154 820 3307 888 juxta
3338 833 3525 874 verum

1935 937 2145 988 eorum,
2175 921 2266 990 qui
2308 919 2666 989 scripserunt,
2707 915 3072 972 testimonium
3132 913 3416 968 convictus
3445 926 3527 966 es.

2040 1027 2359 1086 CCCXLIX.
2391 1057 2462 1068 -—
2494 1015 2888 1081 THEODOSIO
2933 1020 3418 1079 PRESBYTERO.

2007 1140 2139 1195 lllud
2175 1139 2332 1204 scito,
2363 1136 2446 1192 vir
2488 1150 2804 1206 cumprimis
2841 1134 3181 1196 admirauue,
3230 1145 3374 1194 eum,
3432 1130 3526 1199 qui

1938 1232 2100 1288 amici
2131 1232 2367 1301 speciem
2415 1243 2529 1299 prae
2562 1241 2621 1282 se
2667 1224 2896 1287 ferebat,
2935 1239 2994 1279 re
3026 1224 3156 1278 mihi
3196 1224 3420 1278 minime
3451 1222 3530 1278 si-

1938 1323 2192 1396 gniﬁcata
2237 1337 2337 1377 nec
2388 1318 2786 1376 communicata
2858 1316 3039 1388 (norat
3085 1318 3231 1370 enim
3289 1330 3374 1370 me
3425 1330 3527 1369 non

1939 1428 2345 1487 perpessurum,
2390 1426 2492 1467 nec
2546 1409 2648 1480 ipsi
2697 1409 3114 1480 permissurum,
3142 1417 3196 1461 ut
3233 1405 3529 1461 amicitiam

1942 1505 2212 1564 vetustam
2269 1504 2646 1574 discinderet),
2696 1518 2760 1557 ea
2808 1500 3007 1558 fecisse
3069 1516 3190 1572 quze
3251 1500 3397 1557 fecit.
3455 1502 3536 1555 Ac

1941 1599 2170 1670 proinde
2201 1600 2269 1652 ah
2295 1597 2548 1652 amicitia»
2569 1606 2749 1650 nostra
2774 1595 3111 1665 proscriptus
3136 1603 3242 1649 est.

2153 1707 2349 1763 CCCL.
2375 1737 2444 1748 —-
2475 1703 2760 1760 HERMle
2804 1703 3289 1761 GRAMMATICO.

1947 1798 2020 1852 De
2035 1815 2117 1864 eo,
2163 1816 2181 1849 ι
2221 1796 2462 1851 Dicentcs
2491 1811 2602 1850 esse
2630 1794 2888 1863 sapientes
2913 1795 3060 1848 stulti
3103 1797 3233 1864 [acti
3262 1805 3382 1849 sunt
3414 1795 3480 1848 δ’.
3511 1815 3530 1847 ι

2018 1979 2153 2035 illud
2199 1979 2451 2048 ignorare
2481 1978 2706 2042 videris,
2755 1987 2967 2047 poetas,
2994 1992 3090 2033 cos
3139 1979 3230 2050 qui
3264 1980 3409 2034 veris
3442 1994 3540 2033 no-

1945 2071 2176 2126 bilitatis
2215 2070 2431 2125 dotibus
2459 2070 2704 2124 eminere
2746 2083 2852 2123 non
2903 2077 3172 2137 poterant.
3211 2069 3540 2125 incredibili-

1950 2165 2050 2218 bus
2073 2161 2271 2218 fabulis
2304 2174 2619 2216 exornasse.

2125 2269 2350 2327 CCCLI.
2395 2301 2467 2313 --
2518 2260 2822 2325 ANTONIO
2854 2269 3355 2327 SCHOLASTICO.

2021 2375 2361 2445 Virginitatis
2415 2385 2693 2432 certamen
2727 2391 3002 2443 .magnnm
3064 2377 3283 2446 quidem
3320 2387 3373 2433 et
3405 2393 3543 2448 pra:-

1952 2468 2158 2524 clarum
2213 2483 2279 2522 ac
2335 2468 2574 2524 divinum
2641 2475 2726 2523 est
2781 2467 2928 2541 (nam
2988 2469 3249 2524 adversus
3298 2470 3543 2540 corporis

1953 2561 2282 2630 voluptatem
2314 2559 2413 2629 ipsi
2460 2559 2658 2614 bellum
2703 2562 2830 2628 est),
2865 2569 2918 2615 at
2952 2561 3003 2614 iu
3052 2560 3177 2615 aliis
3228 2561 3542 2616 certamini-

1953 2653 2053 2707 bus
2101 2653 2312 2706 labores
2360 2651 2574 2707 minuit.
2643 2650 2854 2706 Etenim
2902 2653 3252 2722 pecuniarum
3299 2667 3540 2708 amorem

1953 2738 2112 2795 facile
2145 2741 2346 2804 vincet,
2371 2754 2496 2794 cum
2535 2741 2778 2809 corporis
2829 2750 3104 2807 ornatum,
3137 2757 3201 2798 ac
3244 2744 3441 2810 virum,
3489 2755 3542 2799 et

1954 2830 2177 2894 liberos,
2221 2831 2290 2885 ob
2336 2845 2457 2900 qua
2495 2833 2846 2902 pecuniarum
2919 2834 3166 2904 quaesitio
3234 2837 3543 2893 hominibus

1955 2937 2144 2994 parum
2191 2923 2524 2994 philosophis
2595 2926 2904 2980 necessaria
2963 2941 3084 2981 esse
3159 2930 3394 2992 videtur,
3445 2931 3547 2984 mi-

1957 3017 2101 3071 nime
2128 3025 2302 3072 curet.
2335 3015 2551 3072 Mmrori
2609 3017 2773 3072 etiam
2831 3017 3250 3088 haudquaquam
3311 3020 3547 3075 obnoxia

1956 3109 2095 3174 erit;
2157 3125 2262 3164 non
2309 3111 2456 3164 enim
2519 3125 2698 3165 ramos
2751 3110 2991 3178 protulit,
3053 3127 3173 3166 cum
3231 3113 3431 3182 quibus
3494 3122 3548 3168 et

263 3222 377 3258 των
412 3203 511 3273 μὲν
544 3202 653 3273 γὰρ
693 3201 802 3254 τῶν
845 3200 1072 3266 παίδων,
1108 3199 1510 3267 ἀναγκάζονται
1547 3201 1850 3270 μεριμνᾷν,

1958 3213 2104 3254 cum
2154 3210 2209 3254 et
2265 3214 2530 3256 mmrores
2567 3199 2837 3254 eﬂlorent.
2883 3199 3198 3257 Viventibus
3243 3203 3442 3274 quippe
3489 3203 3549 3257 ii-

264 3292 581 3348 τεθνεώτων
630 3291 689 3344 δὲ
757 3289 993 3344 πενθεῖν.
1060 3289 1291 3342 Ὀδυνῶν
1351 3305 1410 3341 τε
1463 3290 1557 3341 καὶ
1603 3287 1851 3358 ἀθυμιῶν

1963 3289 2071 3355 liis,
2138 3289 2372 3345 sollicito
2411 3291 2591 3345 animo
2627 3306 2750 3346 esse
2793 3300 3092 3360 coguntur;
3140 3301 3315 3347 morte
3368 3305 3550 3351 autem

265 3387 375 3452 ἔξω
406 3386 744 3455 ὲσκήνωται,
786 3382 906 3454 μηδ’
943 3380 1135 3452 ἀνδρὸς
1164 3379 1526 3452 δουλευομένη
1571 3382 1855 3452 φρονήμα-

267 3497 360 3543 τος
380 3521 393 3544 ,
428 3481 564 3548 μήτε
594 3477 746 3530 ὠδῖσι
776 3479 895 3539 ταῖς
927 3475 1021 3528 τοῦ
1058 3474 1292 3529 θανάτου
1331 3473 1538 3541 γείτοσι
1565 3473 1856 3528 διακοπτο-

272 3571 434 3642 μένη.
467 3571 540 3622 Οὐ
576 3566 1118 3640 παρευδοκιμουμένη
1151 3554 1335 3634 ζηλοῖ,
1382 3566 1482 3619 οὒκ
1517 3565 1856 3637 ἀγαπωμένη

271 3662 579 3716 ὑπτιοῦται.
628 3661 743 3714 Οὐκ
782 3657 1258 3730 ἀποστρεφόμενον
1297 3658 1617 3723 κολακεύει,
1668 3659 1727 3711 οὑ
1766 3676 1856 3729 μι-

272 3753 471 3806 σοῦντα
500 3751 734 3805 θωπεύει
754 3789 767 3812 ,
803 3751 900 3820 οὐχ
931 3749 1220 3819 ὑϐρίζοντα
1248 3750 1650 3820 ἀποστρέφεται
1670 3789 1685 3813 ,
1721 3749 1859 3804 ἀλλὰ

277 3844 494 3897 πάντων
511 3842 714 3896 τούτων
737 3841 843 3894 τῶν
862 3840 1178 3910 ἀνηκέστων
1199 3840 1384 3893 κακῶν
1408 3841 1519 3911 (77)
1543 3842 1855 3912 ἀπαλλαγὴ,

271 3937 308 4004 ὴ
340 3936 475 4005 πρὸς
501 3934 600 4004 τὴν
631 3932 871 4002 ἔμφυτον
908 3930 1200 4000 ἐπιθυμίαν
1231 3931 1380 4002 μάχη
1403 3969 1417 3996 ,
1445 3926 1513 4002 ἧς
1561 3933 1854 4003 κρατοῦσα,

276 4025 456 4079 πάντα
500 4025 683 4077 ἐκεῖνα
723 4021 1104 4074 ὑποκύπτοντα
1149 4021 1282 4090 ἔχει.
1315 4023 1404 4075 Διὸ
1434 4024 1528 4075 καὶ
1558 4024 1586 4073 ὁ
1621 4023 1729 4076 τῶν
1761 4025 1857 4076 ἀν-

273 4115 565 4186 θρωπίνων
593 4115 932 4186 πραγμάτων
959 4114 1203 4186 ἀκριϐῶς
1228 4113 1524 4183 βασανίσας
1546 4115 1642 4186 τὴν
1674 4120 1856 4185 φύσιν,

274 4211 486 4280 ἔγραφε
520 4209 644 4278 περ).
683 4208 791 4260 τῶν
826 4207 1003 4260 πάντα
1042 4206 1453 4276 ὑπομενόντων’
1469 4208 1539 4260 τά
1585 4208 1854 4280 δυσχερῆ,

275 4296 367 4350 ἵνα
395 4295 552 4365 μόνον
584 4295 683 4365 τὴν
716 4295 823 4348 ἀπὸ
856 4296 952 4364 τῆς
985 4295 1282 4362 ἐπιθυμίας
1309 4296 1510 4349 λύτταν
1553 4299 1627 4369 μὴ
1661 4300 1857 4371 χειρώ-

279 4402 479 4438 σωνται
500 4423 513 4449 ,
554 4401 571 4435 ι
597 4383 785 4452 Θλίψιν
812 4386 879 4455 τῇ
909 4385 1071 4453 σαρκὶ
1105 4385 1318 4449 ἕξουσιν
1348 4387 1395 4438 οἱ
1423 4386 1673 4442 τοιοῦτοι.
1719 4388 1859 4458 Ἐγὼ

271 4478 333 4530 δὲ
364 4475 517 4547 ὑμῶν
561 4475 830 4546 φείδομαι.
882 4494 900 4526 ι
973 4475 1107 4528 Ἀλλ’
1151 4476 1338 4548 ἐπειδὴ
1385 4479 1569 4548 πολλοὶ
1616 4481 1717 4551 μὲν
1760 4482 1858 4553 τὴν

1960 3381 2182 3446 functis,
2232 3382 2286 3435 in
2361 3381 2508 3437 luctu
2578 3382 2804 3437 versari.
2861 3383 2908 3438 Α
2973 3384 3252 3441 doloribus
3311 3387 3440 3443 item
3495 3400 3552 3445 et

1959 3471 2120 3542 393
2149 3473 2312 3527 animi
2340 3474 2633 3543 angoribus
2659 3473 2917 3529 immunis
2941 3485 3049 3541 est,
3079 3485 3135 3531 ut
3161 3493 3285 3546 quae
3315 3497 3414 3536 nec
3444 3483 3548 3537 viri

1959 3564 2284 3634 arrogantiae
2329 3573 2586 3634 tanquam
2631 3565 2684 3620 in
2730 3567 3049 3622 servitutem
3096 3573 3401 3638 addicatur,
3450 3591 3550 3631 nec

1961 3667 2150 3724 partus
2185 3656 2462 3711 doloribus
2493 3657 2684 3713 mortis
2712 3658 2904 3713 vicinis
2935 3661 3382 3732 interrumpatur.
3413 3665 3547 3721 Cum

1961 3758 2270 3816 superatur,
2309 3748 2564 3802 invidiam
2602 3764 2706 3803 non
2743 3751 2982 3818 concipit
3021 3769 3033 3806 :
3074 3768 3206 3818 non,
3239 3771 3360 3810 cum
3397 3773 3551 3811 ama-

1965 3843 2049 3888 tur
2074 3838 2268 3906 supino
2298 3837 2481 3893 animo
2509 3848 2629 3904 est;
2663 3854 2767 3893 non
2801 3842 3074 3897 aversanti
3102 3857 3161 3898 se
3190 3855 3500 3902 assentetur
3534 3867 3545 3903 :

1962 3937 2068 3978 non
2101 3925 2480 3987 odiohabenti
2519 3928 2794 3984 blanditur
2828 3948 2841 3984 :
2882 3947 2986 3988 non
3022 3948 3171 4000 eum,
3208 3951 3237 3988 a
3273 3951 3379 4006 quo
3415 3953 3545 3992 cou-

1965 4015 2201 4070 tumeliis
2229 4017 2482 4084 aﬂieitur,
2512 4031 2794 4076 aversatur
2821 4041 2834 4078 :
2865 4037 3052 4079 verum
3085 4027 3153 4080 ab
3185 4028 3437 4083 omnibus
3465 4030 3549 4084 his

1961 4106 2231 4176 pestiferis
2264 4107 2410 4164 vitiis
2447 4109 2616 4165 libera
2650 4123 2736 4166 est
2771 4127 2946 4184 pugna
2983 4115 3245 4173 adversus
3277 4118 3548 4189 Cupidita-

1965 4208 2068 4252 tem
2095 4215 2123 4252 a
2153 4210 2344 4253 natura
2371 4201 2590 4256 insitam
2617 4222 2629 4257 :
2653 4217 2814 4273 quam
2839 4220 2961 4259 cum
2986 4219 3228 4276 superat,
3253 4211 3432 4263 omnia
3459 4211 3549 4266 illa

1962 4289 2062 4344 sibi
2096 4291 2337 4358 subjecta
2369 4293 2555 4350 habet.
2583 4294 2699 4360 Qua
2734 4296 2897 4350 etiam
2927 4296 2993 4352 de
3023 4314 3188 4354 causa
3224 4301 3297 4364 is,
3329 4303 3419 4369 qui
3452 4302 3547 4356 hu-

1964 4396 2241 4435 manarum
2276 4397 2458 4437 rerum
2493 4392 2744 4439 naturam
2779 4399 3033 4442 accurate
3066 4393 3450 4457 perpenderat,
3484 4393 3551 4448 de

1964 4473 2050 4538 iis,
2079 4476 2170 4540 qui
2204 4474 2482 4531 moleStias
2509 4493 2700 4533 omnes
2727 4478 3015 4543 sustinent,
3047 4491 3106 4534 ut
3137 4483 3402 4537 duntaxat
3430 4484 3552 4540 libi-

274 4567 639 4638 ἀποστολικὴν
671 4567 1000 4638 συμϐουλὴν,
1041 4567 1116 4631 ὡς
1145 4569 1234 4622 διὰ
1274 4571 1615 4641 πραγμάτων
1646 4574 1720 4644 μὴ
1742 4573 1849 4626 δειο

1962 4566 2102 4620 dinis
2135 4566 2337 4621 rabiem
2375 4569 2597 4624 minime
2627 4570 2910 4640 subigam,
2943 4573 3219 4628 scribebat
3255 4593 3267 4629 :
3306 4593 3325 4628 ι
3359 4577 3551 4632 Tribu-

275 4661 556 4730 κνυμένην
593 4659 984 4728 ἀτιμάζοντες,
1018 4660 1078 4711 τὸ
1123 4661 1167 4712 δ’
1197 4661 1394 4729 ἀληθὲς
1427 4665 1494 4733 τῇ
1526 4664 1687 4736 ἡδονῇ
1738 4682 1860 4717 συν-

273 4749 601 4822 ηγοροῦντές
631 4767 812 4818 φασιν,
843 4751 944 4813 ὅτι,
969 4749 1145 4819 θλίψιν
1187 4751 1285 4820 μὲν
1313 4755 1413 4804 οἰκ
1441 4754 1652 4824 ἔχουσιν
1687 4759 1734 4809 oi
1766 4757 1858 4811 τὸν

273 4842 453 4913 γάμον
497 4842 912 4913 ἀσπασάμενοι,
945 4843 1079 4897 ἀλλά
1123 4845 1214 4897 καὶ
1242 4845 1432 4915 τέρψιν
1476 4843 1570 4900 ’καὶ
1608 4852 1820 4920 τρυφήν
1841 4865 1853 4878 θ

275 4933 464 4988 πολλοὶ
492 4933 549 4986 δὲ
570 4934 832 5006 δεινότητι
865 4934 1166 5005 χρώμενοι,
1189 4937 1284 4990 καὶ
1313 4938 1713 5012 ἀνδρειοτέρους
1739 4943 1859 4995 ἑαυ-

273 5028 400 5088 τοὺς
431 5025 540 5080 τῶν
566 5027 663 5096 τὴν
688 5027 911 5096 ἁγνείαν
939 5028 1288 5098 ἐστεμμένων
1323 5029 1588 5100 οἰόμενοι,
1625 5033 1684 5085 οὐ
1715 5033 1858 5086 δεόν-

355 5205 396 5236 “
430 5200 584 5259 Rom.
632 5220 671 5270 ι,
709 5202 796 5257 22.
855 5204 897 5235 δ’
936 5204 950 5257 l
983 5205 1108 5259 Cor.
1153 5221 1248 5270 vn,
1280 5203 1373 5258 ‘28.

1966 4657 2220 4714 lationem
2268 4660 2452 4714 carnis
2499 4661 2776 4717 habebunt
2824 4664 3152 4732 huiusmodi.
3204 4665 3314 4737 Ego
3367 4677 3548 4722 autem

1967 4749 2118 4804 vobis
2153 4765 2317 4820 parco
2347 4751 2408 4804 “.
2452 4771 2469 4803 ι
2509 4756 2577 4809 At
2613 4757 2868 4824 quoniam
2905 4757 3155 4826 permulti
3193 4759 3550 4826 apostolicum

1965 4842 2276 4907 consilium,
2301 4846 2444 4912 quod
2471 4860 2564 4915 per
2589 4862 2673 4902 res
2701 4848 2848 4918 ipsas
2876 4849 3098 4904 minime
3124 4850 3553 4917 demonstratur,

1967 4946 2416 5001 contemnentes,
2464 4939 2573 4992 imo
2621 4955 2808 4995 revera
2852 4940 3142 5010 voluptatis
3191 4943 3554 5012 patrocinium

1968 5029 2358 5096 suscipientes,
2395 5044 2519 5095 eos,
2555 5031 2644 5098 qui
2683 5033 3085 5088 matrimonium
3120 5033 3355 5104 amplexi
3392 5043 3553 5101 sunt.

1373 5323 1611 5378 VARIYE
1654 5322 2042 5384 LECTIONES
2085 5323 2171 5376 ΕΓ
2212 5322 2442 5379 ΝΟΤίΕ.

351 5479 462 5554 (τι)
504 5480 609 5534 Pro
649 5479 1048 5554 κοινωσάμενος
1084 5479 1231 5554 idem
1260 5483 1389 5554 cod._
1426 5481 1553 5551 legit
1583 5498 1845 5554 κοινωνηο

279 5551 534 5632 arigerae,
557 5561 609 5604 et
640 5565 779 5632 vers.
812 5552 908 5632 ult.
937 5565 1032 5619 pro
1074 5551 1458 5632 ἀπεκηρᾴχθη,
1498 5551 1731 5621 ἀπέστη.
1766 5552 1841 5603 In.

351 5619 608 5692 (75).Pro
639 5619 819 5692 ἄθλοις
851 5621 989 5675 idem
1015 5622 1134 5692 cod.
1169 5619 1362 5676 scribit
1386 5619 1586 5692 λόγοις,
1619 5633 1675 5677 et
1700 5619 1842 5676 vers.

277 5693 308 5746 7
343 5690 429 5762 ep.
468 5707 564 5761 pro
587 5691 957 5762 ἀφιλοσόφοις,
989 5690 1412 5762 φιλοσωμάτοις.
1449 5691 1659 5745 Pussm.

347 5759 482 5828 (76)
505 5763 765 5826 Ἦνθησε
815 5759 1082 5826 κλάδοις,
1120 5759 1210 5829 οἷς
1250 5763 1629 5817 συνανθοῦσι
1665 5764 1759 5816 καὶ
1790 5765 1849 5817 al

277 5832 590 5904 φροντίδες
613 5831 806 5886 καὶτὰ
832 5832 1042 5900 πένθη.
1101 5833 1383 5901 Eleganter
1431 5833 1757 5903 περιφράζει
1793 5835 1851 5887 Ii-

1959 5484 2138 5536 beros.
2174 5482 2266 5536 Sic
2298 5482 2463 5537 Eveui
2493 5485 2635 5552 apud
2662 5482 3014 5540 Plutarchum
3047 5493 3102 5538 et
3137 5483 3548 5541 Artemidorum

1960 5552 2208 5607 laudatus
2244 5569 2437 5609 versus
2476 5554 2749 5609 exclamat
2781 5573 2793 5607 :

1967 5667 2084 5722 Ἰδὲ
2113 5668 2228 5735 ὅση
2257 5668 2423 5736 λύπη
2448 5669 2589 5734 παῖς
2614 5669 2790 5737 πατρὶ
2813 5669 3011 5724 πάντα
3041 5669 3282 5738 χρόνον.
3307 5667 3471 5723 Βιττ.

2031 5759 2146 5828 (77)
2178 5759 2323 5830 Idem
2349 5764 2496 5819 cod..
2530 5758 2761 5819 xaquw.
2791 5762 2947 5818 Vers.
2984 5761 3108 5816 inde
3143 5771 3338 5830 quarto
3383 5759 3546 5830 μόνον

1963 5840 2134 5884 mutat
2160 5830 2209 5884 iu
2246 5829 2432 5901 μόνην.
2467 5832 2678 5888 Possm.
