4164 6434
690 401 725 465 Ti
739 404 838 467 037

1871 388 1957 448 -‘S.
2003 384 2294 479 iSIDQBI
2333 378 2769 444 PELUSIOT/E

3820 367 3966 451 toos

697 513 1100 570 tribulationem
1136 508 1334 564 habere
1368 515 1593 578 negant,
1626 517 1813 559 verum
1849 501 2263 558 oblectationem

2370 513 2472 559 τως
2509 495 2777 563 λέγουσιν,
2809 493 2890 545 ὄτι
2936 483 3196 558 ἀγεννοῦς
3231 484 3388 539 τοῦτο
3426 484 3602 555 ψυχῆς
3632 484 3960 556 τεκμήριον.

700 605 880 673 petius
922 618 985 658 ac
1025 602 1276 666 delicias,
1318 615 1382 654 ac
1421 597 1662 668 plerique
1702 596 1867 651 etiam
1907 595 2010 647 vim
2054 581 2293 646 dicendi

697 698 1045 758 adhibentes,
1097 708 1286 762 parum
1338 689 1721 747 convenienter
1765 693 2014 744 asserunt
2063 685 2268 756 ignavae

699 787 890 841 animae
919 784 1060 839 istud
1092 789 1465 854 argumentum
1491 795 1613 836 esse
1642 798 1654 837 :
1681 794 1806 834 nam
1833 779 1957 834 dum
1987 775 2267 832 cmlibatns

697 875 968 931 sanctitati
1002 889 1122 931 sese
1150 875 1414 940 dicarunt,
1443 871 1778 958 generationi
1811 870 2010 924 aditum
2043 866 2266 937 prazclu-

699 976 915 1031 serunt,
949 967 1278 1022 matrimonii
1308 974 1558 1034 expertes
1589 957 1869 1017 manentes
1903 977 1918 1014 :
1950 968 2109 1029 atque
2140 957 2264 1012 dum

693 1074 796 1127 per
829 1054 1196 1116 dillicultatum
1237 1055 1535 1110 nuditatem
1574 1054 1834 1107 adversus
1871 1064 2049 1105 rerum
2089 1057 2264 1102 muta-

699 1151 873 1206 tiones
905 1159 1123 1204 strenue
1155 1162 1214 1203 se
1259 1154 1540 1217 gesserunt
1584 1143 1832 1200 similiter
1874 1141 2267 1210 quodammodo

699 1240 922 1306 faciunt,
947 1248 1008 1294 ut
1033 1239 1078 1292 si
1106 1239 1226 1308 quis
1253 1250 1480 1306 corpore
1504 1249 1723 1299 vacans,
1749 1232 2009 1304 glorietur
2032 1245 2091 1286 se
2123 1229 2268 1284 nullo

697 1330 878 1386 ulcere
911 1328 1048 1384 allici
1086 1343 1245 1397 posse
1277 1345 1290 1381 :
1323 1326 1511 1381 eodem
1545 1324 1689 1379 enim
1725 1322 1883 1384 modo
1919 1321 2018 1391 ipsl
2054 1334 2267 1389 quoque

698 1423 1000 1492 inopinatas
1037 1420 1379 1476 fortuitarum
1419 1431 1598 1472 rerum
1638 1413 1974 1470 incursiones
2010 1411 2268 1482 pertime-

699 1521 938 1578 scentes,
971 1509 1356 1580 gignendorum
1386 1507 1683 1562 liberorum
1719 1505 1889 1576 legem
1922 1512 2267 1572 contempse-

699 1611 919 1670 runt,ut
949 1603 1039 1670 qui
1067 1599 1312 1654 videlicet
1342 1598 1601 1652 adversus
1629 1596 1954 1651 mutationes
1982 1593 2270 1649 sterilitate

698 1709 816 1749 sese
851 1676 1199 1756 muniverint,
1233 1704 1294 1744 ac
1328 1702 1422 1759 per
1453 1703 1570 1744 eam
1605 1688 1711 1743 hoc
1743 1686 1844 1742 sibi
1878 1685 2264 1754 compararint,

696 1797 756 1839 ut
788 1784 928 1840 vinci
962 1792 1018 1838 et
1049 1782 1168 1851 capi
1203 1796 1307 1837 non
1343 1779 1587 1849 possint;
1620 1793 1718 1833 nos
1753 1786 1932 1832 autem
1969 1778 2056 1844 qui
2096 1775 2262 1845 inopi-

697 1876 838 1929 natis
884 1870 1200 1928 mut‘ationis
1249 1872 1537 1925 momentis
1583 1884 1680 1924 nos
1723 1871 1867 1937 ipsos
1913 1867 2262 1930 tradidimus,

698 1979 795 2020 nec
815 1964 1060 2020 calonum
1081 1976 1230 2017 more
1247 1960 1504 2015 adversus
1523 1973 1639 2014 eam
1658 1957 1900 2026 collocati
1920 1957 2072 2011 extra
2091 1954 2264 2008 aciem

701 2055 975 2120 stetimus,
1015 2067 1227 2119 verum,
1265 2051 1378 2105 vita
1422 2058 1604 2105 nostra
1645 2049 1816 2119 ipsius
1860 2046 1980 2102 telis
2019 2044 2266 2115 exposita

697 2160 1060 2213 concessaque
1093 2144 1139 2199 ei
1175 2141 1505 2212 amplissima
1539 2139 1811 2204 facultate,
1844 2153 1943 2193 nos
1979 2138 2031 2190 in
2070 2137 2264 2206 quibus

697 2240 796 2309 ipsi
858 2237 1078 2292 libuerit
1134 2235 1291 2290 rebus
1332 2233 1559 2289 feriendi
1605 2232 1863 2286 adversus
1905 2245 2026 2284 eam
2070 2227 2265 2282 armati

696 2347 901 2395 smnus,
942 2331 1076 2384 adeo
1112 2337 1171 2382 ut
1203 2326 1362 2382 etiam
1399 2339 1521 2380 cum
1554 2323 1923 2386 vulnerantur,
1963 2335 2067 2375 non
2106 2319 2266 2375 feria-

699 2437 839 2486 mur,
870 2430 925 2476 et
953 2435 1076 2475 cum
1106 2417 1211 2473 telo
1241 2416 1390 2486 petiti
1421 2429 1629 2481 sumus,
1660 2415 1779 2468 sine
1807 2413 1995 2466 aculeo
2024 2411 2264 2480 conliga-

697 2529 820 2569 mur
839 2523 999 2582 atque
1022 2509 1075 2564 in
1101 2523 1280 2564 rerum
1309 2506 1655 2562 molestarum
1676 2503 2047 2573 experimento
2072 2499 2264 2572 dogma

698 2604 825 2660 illud
850 2603 1251 2667 eonﬁrmantes,
1274 2599 1526 2652 nimirum
1551 2597 1803 2651 virtutem
1831 2595 2145 2650 mutationis
2171 2595 2266 2648 do-

698 2696 866 2750 minio
909 2691 1127 2746 minime
1168 2688 1465 2758 subiectam
1507 2690 1656 2750 esse,
1695 2686 2059 2740 certissimum
2104 2684 2267 2754 docu-

697 2795 937 2840 mentum
963 2782 1190 2837 edimus.
1215 2780 1482 2848 Quoniam
1507 2779 1672 2849 igitur
1691 2777 1765 2832 illi
1793 2776 2098 2847 hujusmodi
2123 2791 2268 2845 quae-

697 2879 820 2932 dam
861 2875 1175 2942 colligentes
1220 2874 1273 2925 in
1316 2873 1598 2926 adversam
1639 2880 1849 2940 partem
1890 2869 2266 2935 declamitant,

696 2967 840 3038 quod
861 2966 1068 3023 scilicet
1083 2980 1116 3018 a
1136 2963 1462 3033 virginitatis
1482 2962 1698 3033 quidem
1721 2961 2108 3016 certaminibus
2126 2959 2266 3015 vinci

696 3074 758 3115 se
784 3067 944 3127 atque
972 3071 1002 3109 a
1035 3064 1184 3124 tergo
1214 3053 1443 3122 relinqui
1474 3051 1815 3115 erubescant,
1844 3051 2142 3121 speciosam
2174 3066 2269 3104 au-

699 3162 803 3206 tem
829 3147 1192 3204 defensionem
1218 3143 1460 3216 proferre
1484 3143 1836 3208 arbitrentur,
1861 3158 1958 3213 per
1980 3143 2123 3213 ipsas
2146 3144 2267 3212 qui-
2292 3176 2334 3233 ρ

695 3241 819 3299 dem
870 3254 958 3295 res
1009 3249 1167 3308 atque
1219 3238 1272 3290 in
1321 3235 1451 3302 ipsis
1496 3235 1879 3289 certaminibus
1930 3233 2261 3304 intelligent,

699 3342 900 3403 quanto
930 3339 986 3386 et
1019 3330 1170 3383 uxori
1206 3328 1451 3392 maritus,
1484 3339 1538 3382 et
1574 3328 1769 3382 marito
1803 3341 1959 3394 uxor,
1993 3336 2046 3382 et
2081 3327 2266 3383 uxoris

703 3439 766 3478 ac
794 3423 1022 3479 ﬁliorum
1053 3435 1181 3475 cura
1211 3419 1276 3474 ad
1309 3419 1534 3475 salutem
1568 3419 1955 3488 impedimento
1984 3420 2056 3476 sit
2090 3438 2103 3474 :
2137 3435 2266 3475 con-

705 3515 986 3569 vincuntur
1017 3521 1195 3567 autem
1231 3525 1372 3566 nunc
1403 3524 1615 3579 quoque
1649 3525 1744 3579 per
1771 3524 1833 3564 ea
1871 3511 1921 3564 in
1957 3512 2120 3565 imam
2155 3525 2265 3566 ma-

702 3606 869 3660 lorum
905 3601 1213 3672 voraginem
1251 3600 1492 3669 impelli,
1519 3615 1614 3668 per
1648 3614 1766 3669 qua:
1801 3601 1904 3666 ipsi
1941 3615 2028 3666 se,
2067 3601 2266 3669 partim

701 3695 921 3750 delicias
938 3703 998 3747 et
1021 3695 1317 3760 voluptates
1345 3698 1711 3759 percepturos,
1740 3687 1904 3760 39‘.
1930 3690 2126 3758 partim
2154 3703 2267 3742 ma-

694 3785 842 3853 jores
864 3795 1100 3838 coronas
1125 3789 1508 3835 consecuturos
1533 3793 1651 3832 esse.
1677 3779 2036 3853 οοιιιίιίοιὲαηι.
2065 3778 2268 3844 Quibus

700 3877 843 3931 enim
875 3870 1374 3944 perturbationibus
1401 3884 1504 3924 non
1532 3869 1747 3925 obnoxii
1779 3849 1938 3922 sunt?
1963 3868 2122 3934 Quod
2144 3882 2271 3921 cau-

703 3977 852 4032 pona:
876 3976 1044 4032 genus
1071 3975 1176 4015 non
1207 3957 1474 4013 tractant?
1501 3958 1641 4024 Quot
1669 3956 1939 4012 molestias
1963 3956 2265 4026 perferunt,

703 4068 802 4108 nec
826 4067 917 4108 eas
944 4051 1219 4107 sentiunt?
1245 4049 1384 4116 Quid
1411 4050 1552 4104 enim
1582 4049 1705 4103 boni
1736 4063 1829 4103 eos
1861 4064 1966 4103 non
1995 4048 2269 4116 praeterit?

701 4142 839 4208 Quid
872 4152 1048 4194 autem
1081 4143 1218 4206 apud
1251 4154 1343 4192 eos
1376 4137 1612 4201 habitat,
1646 4139 1787 4206 quod
1819 4137 2028 4191 laudem
2061 4152 2269 4192 merca-

703 4233 823 4287 tur?
846 4230 957 4285 Nec
988 4240 1164 4285 tamen
1196 4228 1310 4283 bace
1337 4241 1401 4282 eo
1430 4242 1813 4291 commemoro,
1842 4229 1984 4297 quod
2014 4229 2149 4294 illos,
2179 4229 2271 4298 qui

701 4323 1016 4378 bonorabile
1063 4319 1389 4374 conuubium
1441 4320 1860 4388 amplectuntur,
1909 4321 2150 4375 abdicem
2208 4335 2270 4374 ac

701 4412 1031 4482 proscribam
1075 4408 1314 4478 (absit!)
1351 4422 1533 4461 verum
1576 4419 1633 4462 ut
1674 4421 1798 4473 eos,
1837 4410 1927 4477 qui
1969 4407 2174 4464 lubrica
2215 4420 2268 4464 et

2297 1837 2338 1891 Β

2369 586 2501 648 Ταῖς
2529 585 2638 654 γὰρ
2661 587 2760 653 τῆς
2785 582 3032 653 άγαμίας
3062 577 3359 648 ἁγιστείαις
3385 574 3790 646 ἀφιερώσαντες
3822 575 3962 627 ἑαυ-

2366 674 2492 736 τοὺς
2513 716 2526 736 ,
2557 671 2894 726 ἀπέκλεισαν
2924 673 2991 741 τῇ
3022 668 3234 738 γενέσει
3264 667 3362 730 τάς
3406 665 3669 730 διεξόδους
3691 705 3706 730 ,
3756 665 3960 733 γάμων

2367 765 2602 835 ἀμύητοι
2631 763 2918 834 μείναντες
2943 801 2958 826 ,
2990 761 3083 814 καὶ
3107 762 3172 830 τῇ
3197 758 3305 812 τῶν
3335 756 3592 824 ἀναγκῶν
3617 754 3728 826 (78)
3760 755 3966 824 γυμνό-

2366 875 2490 928 τητι
2525 856 2660 927 πρὸς
2693 854 2792 918 τάς
2835 852 3136 923 μεταϐολάς
3173 851 3282 904 τῶν
3330 848 3673 919 πραγμάτων
3704 863 3958 900 νεανιευ-

2370 950 2629 1019 σάμενοι,
2661 945 3044 1018 παραπλήσιόν
3082 962 3134 997 τι
3178 941 3425 996 ποιοῦσιν
3449 980 3464 1006 ,
3514 939 3826 1011 ώσπερανεί
3879 955 3968 1002 τις

2366 1040 2654 1111 ἀσώματος
2697 1037 2983 1108 τυγχάνων
3037 1033 3362 1106 ὲνηϐρύνετο
3410 1031 3488 1102 τῷ
3521 1032 3763 1103 ἄτρωτος
3796 1025 3962 1083 εἶναι.

2367 1135 2478 1187 Καὶ
2523 1131 2631 1203 γὰρ
2677 1131 2772 1185 καὶ
2805 1131 2960 1184 αὐτοὶ
2991 1129 3090 1192 τάς
3122 1127 3469 1198 παραλόγους
3503 1124 3612 1178 τῶν
3646 1124 3969 1193 ἀϐουλήτων

2368 1224 2590 1294 ἐφόδους
2622 1223 2900 1286 δείσαντες
2921 1262 2937 1288 ,
2972 1222 3064 1276 τὸν
3089 1221 3188 1291 τῆς
3221 1217 3571 1286 παιδογονίας
3606 1216 3807 1285 θεσμὸν
3839 1214 3965 1284 ἠτί-

2372 1334 2569 1388 μασαν,
2619 1317 2847 1386 ἀτεκνίᾳ
2884 1316 3110 1377 ἑαυτοὺς
3145 1313 3281 1384 πρὸς
3331 1311 3432 1374 τὰς
3482 1308 3787 1380 μεταϐολὰς
3830 1308 3966 1377 ὀχυ-

2373 1409 2678 1481 ρώσαντες,
2711 1407 2806 1461 καὶ
2846 1407 2906 1460 τὸ
2938 1407 3213 1460 ἀνάλωτον
3242 1403 3331 1457 διὰ
3361 1402 3566 1471 ταύτης
3599 1417 3967 1471 πραγματευ-

2371 1502 2618 1572 σάμενοι.
2663 1501 2856 1570 Ἡμεῖς
2892 1498 2948 1552 δὲ
2992 1500 3114 1562 ταῖς
3146 1497 3248 1566 τῆς
3286 1493 3588 1567 μεταϐολῆς
3625 1491 3967 1564 παραλόγοις

2370 1596 2563 1666 ῥοπαῖς
2595 1592 2933 1665 παραδόντες
2961 1591 3210 1657 ἑαυτοὺς,
3239 1590 3335 1642 καὶ
3363 1589 3424 1642 οὐ
3450 1587 3625 1657 ψιλῶν
3640 1586 3796 1652 τάξιν
3824 1585 3968 1656 πρὸς

2368 1687 2540 1757 αὐτὴν
2586 1685 2882 1754 ταγέντες,
2921 1683 3027 1750 ἔξω
3071 1685 3169 1752 τῆς
3200 1680 3478 1750 φάλαγγος
3522 1679 3784 1750 ἔστημεν,
3821 1677 3968 1730 ἀλλά

2367 1781 2481 1842 τοῖς
2537 1777 2750 1848 βέλεσιν
2797 1777 2980 1840 αὐτοῖς
3030 1775 3319 1836 ὑποθέντες
3367 1773 3465 1844 τήν
3515 1770 3812 1831 πολιτείαν,
3868 1769 3966 1822 καὶ

2367 1868 2632 1938 ἀφθονίαν
2665 1866 3043 1938 παρασχόντες
3064 1867 3144 1928 είς
3170 1864 3205 1918 ἀ
3238 1863 3510 1934 βούλοιντο
3536 1862 3794 1932 πλήττειν
3821 1860 3963 1929 (79),

2365 1961 2502 2031 πρὸς
2551 1960 2765 2030 εκείνην
2809 1955 3197 2028 ὲφραξάμεθα,
3244 1955 3320 2017 ώς
3355 1955 3450 2007 καὶ
3485 1951 3964 2021 τιτρωσκομένους

2367 2051 2443 2122 μή
2475 2049 2838 2120 πλήττεσθαι,
2871 2049 2966 2102 καὶ
2997 2045 3311 2118 βληθέντας,
3343 2045 3582 2115 ἄκεντρα
3614 2042 3955 2108 τοξεὺεσθαι,

2366 2142 2460 2195 καὶ
2487 2141 2639 2217 ἑν·τῇ
2683 2140 2793 2194 τῶν
2822 2139 3097 2194 δυσκόλων
3129 2138 3296 2209 πείρᾳ
3326 2137 3386 2190 τὺ
3414 2137 3592 2206 δόγμα
3628 2133 3957 2204 βεϐαιούμεο

2364 2249 2467 2296 νοι,
2511 2230 2587 2294 ώς
2629 2230 2798 2302 ἀρετὴ
2831 2229 2944 2300 (80)
2981 2229 3283 2300 μεταϐολῆς
3312 2227 3624 2291 ἀδέσποτος,
3659 2226 3757 2296 τὴν
3789 2227 3956 2296 ἀκρι-

2366 2321 2636 2390 ϐεστάτην
2661 2323 2971 2392 ἐκφέρομεν
3014 2321 3268 2391 βάσανον.
3328 2318 3481 2372 Ἐπεὶ
3513 2308 3690 2370 τοίνυν
3733 2315 3964 2370 τοιαῦτά

2368 2429 2490 2465 τινα
2544 2411 2888 2481 συνείροντες
2956 2407 3511 2480 καταρητορεύουσιν,
3575 2407 3962 2476 αίσχυνόμενοι

2371 2505 2468 2578 μὲν
2509 2505 2601 2557 ἐπὶ
2636 2503 2714 2574 τῷ
2761 2503 3147 2572 ἀπολελεῖφθαι
3177 2504 3285 2555 τῶν
3314 2502 3412 2574 τῆς
3443 2501 3736 2573 παρθενίας
3764 2499 3964 2566 ἄθλων,

2367 2598 2724 2670 εὐπρόσωπον
2752 2597 2808 2650 δὲ
2842 2597 3129 2659 δοκοῦντες
3175 2596 3473 2664 ἀπολογίαν
3523 2593 3927 2664 προϐάλλεσθαι
3951 2635 3964 2656 ,

2366 2691 2605 2745 εἴσονται
2641 2689 2740 2760 μὲν
2766 2689 2855 2743 διὰ
2902 2689 3011 2742 τῶν
3037 2688 3384 2759 πραγμάτων
3424 2689 3517 2740 ἐπὶ
3546 2687 3653 2740 τῶν
3685 2686 3964 2751 ἐπάθλων,

2368 2785 2494 2836 ὅσον
2521 2783 2746 2852 γυναικὶ
2783 2781 2882 2851 μὲν
2913 2781 3073 2852 ἀνὴρ,
3107 2782 3261 2854 ἀνδρὶ
3292 2780 3346 2832 δὲ
3377 2779 3535 2851 γυνὴ,
3571 2779 3665 2833 καὶ
3694 2781 3963 2847 γυναικὸς

2369 2877 2463 2928 καὶ
2498 2875 2706 2928 παίδων
2731 2871 3012 2945 φροντίδες
3039 2873 3294 2942 ἐμπόδιόν
3321 2873 3437 2927 ἐστι
3465 2873 3600 2942 πρὸς
3659 2873 3959 2943 σωτηρίαν

2371 2970 2680 3039 ἐλέγχονται
2711 2969 2768 3022 δὲ
2797 2971 2890 3022 καὶ
2922 2968 3015 3021 νῦν
3054 2970 3134 3032 είς
3166 2948 3272 3021 τών
3306 2967 3490 3021 κακῶν
3525 2966 3636 3037 (81)
3670 2965 3955 3035 πυθμένα,

2369 3059 2457 3113 διὰ
2490 3058 2664 3112 ταῦτα
2694 3058 3140 3128 συνελαυνόμενοι
3167 3098 3181 3122 ,
3212 3058 3279 3111 δι’
3312 3059 3347 3111 ἃ
3379 3058 3473 3110 καὶ
3516 3059 3564 3110 οί
3603 3057 3701 3128 μὲν
3746 3057 3963 3129 τρυφῆς

2369 3150 2463 3204 καὶ
2488 3150 2728 3212 ἀνέσεως
2762 3149 3172 3203 άπολαύσεσθαι
3195 3190 3210 3214 ,
3247 3152 3297 3202 οἱ
3322 3150 3380 3202 δὲ
3408 3151 3502 3203 καὶ
3540 3149 3801 3220 μειζόνων
3836 3167 3959 3203 στε-

2373 3240 2558 3308 φάνων
2587 3236 2989 3308 ἀξιωθήσεσθαι
3019 3239 3452 3310 προσεδόκησαν.
3489 3240 3669 3303 Ποίοις
3705 3240 3815 3309 γὰρ
3851 3241 3958 3294 πά-

2367 3331 2515 3383 θεσιν
2543 3329 2643 3400 οὐχ
2678 3316 2994 3383 ὑπόκεινται
3021 3348 3036 3395 ;
3070 3332 3235 3385 Ποίαν
3268 3333 3324 3384 δὲ
3356 3332 3656 3402 καπηλείαν
3683 3333 3744 3384 οὐ
3789 3350 3953 3402 μετα-

2367 3420 2730 3490 χειρίζονται;
2766 3419 2944 3484 Πόσας
2978 3420 3034 3472 δὲ
3082 3421 3276 3490 ἀηδίας
3324 3422 3704 3492 ὑπομένοντες,
3739 3423 3840 3475 οὐκ
3874 3425 3958 3475 αι-

2371 3508 2692 3574 σθάνονται;
2741 3509 2806 3561 Τί
2863 3510 2972 3580 γὰρ
3006 3508 3114 3562 τῶν
3162 3509 3344 3563 καλῶν
3386 3511 3584 3573 αὐτοὺς
3629 3512 3690 3564 οὐ
3744 3529 3957 3583 παριπ-

2368 3600 2556 3665 statim;
2587 3599 2659 3651 Τί·
2683 3599 2738 3653 δὲ
2771 3605 3100 3671 κατασκηνοί
3124 3604 3253 3672 παρ’
3285 3603 3470 3666 αὐτοῖς
3497 3604 3719 3655 ἐπαίνου
3774 3603 3953 3668 άξιον;

2369 3692 2481 3745 Καὶ
2519 3690 2715 3760 ταῦτα,
2748 3693 2808 3745 οὐ
2837 3693 2966 3757 τοὺς
2995 3694 3083 3747 τὸν
3125 3695 3305 3765 τίμιον
3340 3697 3514 3765 γάμον
3544 3694 3957 3765 ἀσπαζομένους

2370 3781 2767 3852 ἀποκηρύττων
2797 3783 2941 3851 λέγω
2975 3785 3197 3855 (ἄπαγε)
3225 3785 3362 3837 ἀλλά
3395 3788 3519 3849 τοὺς
3562 3787 3826 3859 ἀθυρώτῳ
3867 3791 3958 3843 καὶ

2371 3873 2633 3944 ὀλισθηρᾷ
2656 3873 2870 3945 γλώττῃ
2898 3875 3009 3946 (82)
3035 3875 3350 3946 τολμῶντας
3379 3877 3470 3930 τὸν
3495 3878 3669 3948 γάμον
3692 3879 3796 3948 τῆς
3823 3898 3957 3950 παρ-

2373 3964 2554 4026 θενίας
2599 3965 2949 4034 ὑπερτιθέναι
3004 3966 3302 4036 κωμῳδῶν.
3358 3967 3522 4020 Ὅσον
3576 3968 3684 4038 γάρ
3731 3969 3955 4040 οὐρανὸς

2372 4055 2495 4120 γῆς,
2527 4055 2620 4106 καὶ
2663 4054 2810 4124 ψυχὴ
2853 4054 3105 4126 σώματος
3153 4057 3419 4127 διαφέρει·
3451 4058 3705 4111 τοσοῦτον
3740 4043 3772 4129 ἡ
3807 4077 3949 4128 παρ-

2373 4144 2523 4196 θενία
2552 4145 2646 4197 τοῦ
2690 4147 2872 4215 γάμου
2917 4149 3240 4220 διενήνοχεν.
3311 4150 3525 4219 Ἐκείνη
3572 4151 3669 4221 μὲν
3719 4153 3831 4224 γὰρ
3883 4157 3952 4206 τὰ

2375 4238 2618 4304 πρωτεῖα
2649 4237 2707 4289 ὲν
2739 4240 2805 4308 τῇ
2835 4241 3137 4309 παρατάξει
3171 4241 3312 4310 ἔχει,
3349 4244 3442 4295 καὶ
3479 4244 3538 4296 τὸ
3576 4245 3830 4314 μέτωπον
3867 4263 3954 4298 κου

2377 4329 2506 4393 σμεῖ
2527 4326 2626 4396 τῆς
2656 4326 2955 4396 φάλαγγος,
2984 4331 3081 4385 καὶ
3102 4331 3170 4383 τὰ
3195 4332 3422 4403 λαμπρὰ
3444 4334 3680 4404 τρόπαια
3718 4336 3948 4408 ἵστησιν·

2371 4410 2523 4479 οὗτος
2565 4416 2621 4469 δὲ
2681 4417 2996 4491 σύμμετρος
3056 4421 3152 4486 ὢν,
3204 4425 3296 4476 καὶ
3374 4428 3486 4488 τοῖς
3543 4426 3953 4499 ἀσθενεστέροις

699 4500 960 4571 petulanti
1000 4499 1178 4567 lingua
1222 4497 1621 4553 matrimonium
1663 4499 1955 4568 virginitati
2001 4499 2268 4555 anteferre

2375 4507 2606 4579 ἔρεισμα
2633 4509 2838 4574 δοθεὶς,
2869 4512 3090 4567 δύναται
3133 4515 3230 4585 μὲν
3274 4514 3470 4579 σώζειν
3498 4518 3622 4580 τοὺς
3662 4497 3953 4585 φυλάττον-

690 4592 920 4652 audent,
946 4587 1326 4657 perstringam.
1346 4586 1555 4652 Quanto
1579 4588 1719 4641 enim
1744 4588 1937 4643 celum
1965 4599 2103 4644 terra
2131 4605 2266 4658 pra:-

688 4680 930 4739 .stantius
960 4688 1063 4740 est,
1093 4689 1146 4732 et
1174 4680 1346 4731 anima
1379 4693 1603 4746 corpore
1633 4697 1644 4731 :
1679 4688 1884 4733 tantum
1913 4683 2073 4736 etiam
2105 4683 2268 4752 virgi-

703 4771 842 4825 nitas
872 4768 1120 4838 conjugio
1148 4768 1436 4823 antecellit.
1469 4770 1556 4822 llla
1591 4773 1731 4825 enim
1767 4773 1966 4840 primas
1998 4783 2177 4842 partes
2209 4776 2262 4830 in

687 4861 818 4917 .acie
853 4866 1014 4924 tenet,
1051 4872 1116 4914 ac
1147 4858 1428 4929 phalangis
1454 4857 1686 4914 frontem
1723 4869 1975 4927 exornat,
2011 4862 2263 4920 illustria-

2375 4615 2495 4664 τας,
2544 4601 2606 4653 οὐ
2657 4602 2762 4672 μὴν
2797 4589 2876 4667 είς
2931 4605 3029 4676 τὴν
3066 4606 3165 4675 τῆς
3215 4606 3508 4678 παρθενίας
3555 4604 3740 4672 ἀνάξει
3792 4628 3952 4681 κορυ-

2368 4692 2496 4760 φήν.
2532 4691 2754 4765 (85),Διὸ
2781 4693 2874 4746 καὶ
2905 4696 2932 4746 ό
2958 4697 3322 4764 πνευματικὸς
3350 4697 3509 4766 νόμος
3536 4699 3645 4767 (84)
3696 4703 3822 4762 τοὺς
3856 4705 3949 4770 γή-

2377 4797 2583 4851 μαντας
2613 4784 2705 4834 καὶ
2735 4784 3014 4854 ἀμπέλους
3042 4786 3414 4854 φυτεύσαντας
3444 4792 3521 4853 είς
3554 4791 3644 4844 τὸν
3672 4792 3815 4846 κατὰ
3848 4795 3948 4847 τῶν

2373 4864 2756 4943 πνευματικῶν
2780 4869 2879 4947 τῆς
2912 4877 3172 4949 πονηρίας
3208 4881 3440 4950 πόλεμον
3471 4881 3704 4946 ἐξελθεῖν
3735 4886 3946 4957 ’ἀπηγό-

1790 5043 2024 5106 VARle
2061 5047 2445 5107 LECTIONES
2480 5053 2570 5107 ET
2620 5051 2853 5109 NOT/E.

768 5216 878 5285 (78)
918 5216 1059 5270 Idem
1096 5217 1239 5282 cod.-,
1266 5218 1596 5285 ἀναγκαίων.
1628 5220 1836 5278 Possm.

773 5287 880 5406 (792
921 5285 1049 5340 Post
1097 5287 1348 5356 πλήττειν
1402 5290 1543 5343 idem
1587 5291 1734 5344 addit
1782 5291 1942 5356 οὕτω,
1986 5303 2040 5348 et
2097 5297 2256 5362 paulo

773 5363 821 5406 st
884 5355 1207 5406 φραξάηεθα
1240 5366 1407 5406 mutat
1442 5359 1490 5406 in
1521 5358 1919 5406 ὲωθεγὲἀιιεῦα-
1956 5365 2106 5406 Vere-
2138 5377 2253 5406 nncl

700 5355 821 5434 post
854 5355 1207 5434 tenpagdpsed
1240 5366 1407 5434 mutat
1433 5359 1490 5434 in
1521 5355 2112 5434 εφθεγξάμεθα.ίνει·εῖ
2135 5377 2257 5434 post

696 5425 878 5506 2213)
907 5425 1198 5506 ρληθέντες
1219 5425 1739 5506 εεΐξὺὶ-ῑιβληθέντας.
1765 5425 1844 5506 lin.

767 5493 1018 5574 (80)_Prb
1056 5496 1130 5557 ὡς
1177 5493 1659 5574 ἀρετὴ-ξιιίοιιιοοιι.
1699 5502 1923 5574 legittb;
1963 5503 2068 5574 γάρ
2115 5505 2255 5567 ἐστι,

697 5563 1080 5685 ῗῖυιξὲἣιοιροει
1107 5563 1298 5620 nomen
1327 5563 1619 5632 ἀδέσποτος
1646 5563 1794 5639 ponit
1830 5571 1882 5626 in
1907 5563 2254 5629 nominativo

719 5651 728 5679 )
893 5670 906 5684 .
963 5650 1014 5685 ο.

698 5648 906 5699 pturatt.
939 5648 1014 5686 ID.

2439 5229 2555 5313 (82)
2585 5229 2919 5313 Hzecyerba,
2957 5232 3373 5313 deeptbrqi___ica_‘t
3407 5237 3668 5309 όλισθηρᾷ
3707 5239 3935 5312 γλώττῃ,
4042 5222 4050 5232 ’

2369 5297 2562 5353 absunt
2590 5303 2773 5354 omnia
2808 5317 2837 5355 a
2870 5305 2991 5358 cod.
3033 5297 3151 5358 Vat.
3185 5297 3308 5361 650.
3342 5306 3417 5360 lo.
3584 5297 3613 5309 "
3644 5297 3654 5309 '
3717 5297 3728 5309 '
3893 5297 3900 5312 '

2440 5368 2551 5437 (85)
2595 5370 2922 5449 Sequentia,
2960 5373 3183 5449 δύναται
3214 5378 3314 5448 μὲν
3345 5377 3538 5449 σώζειν
3573 5381 3700 5441 τοὺς
3748 5381 3937 5449 φυλάτο

2363 5451 2583 5524 tavrea,
2639 5441 2700 5492 οὑ
2741 5441 2846 5524 μήν
2874 5444 2957 5524 είς
2987 5444 3084 5524 τήν
3108 5441 3530 5524 τῆςςπαρθενίας
3564 5441 3770 5515 ἀνάξει’
3792 5469 3940 5520 κορυ-

2363 5509 2501 5590 φήν,
2528 5509 2667 5586 idem
2719 5509 2840 5590 cod.
2873 5509 3136 5590 transfert
3165 5509 3238 5569 ab
3275 5509 3364 5590 illo
3398 5509 3524 5573 loco
3560 5521 3611 5574 in
3646 5509 3789 5575 vers.
3825 5509 3935 5590 post

2362 5578 2539 5657 5,
2579 5593 2642 5657 ea
2700 5580 3479 5657 collocatpostﬁrrnydpsucs.
3531 5591 3604 5644 In.

2432 5646 2880 5728 (8:5,)HDeuteron.
2937 5646 3133 5728 x‘x,_q6.
3173 5646 3412 5728 Similem
3474 5660 3786 5728 allegoriam
3820 5661 3932 5714 vitle

912 5703 1549 5798 [Sig-Arminijcribit
1580 5709 1727 5798 cod.’
1747 5710 1858 5798 νει.
1898 5713 1986 5793 ,είς
2019 5714 2110 5798 τὸν
2139 5713 2248 5798 τών

2370 5699 2496 5784 apud
2521 5699 3133 5776 adsentiris-{fimi'

699 5786 749 5821 κ.
783 5781 885 5825 etc.
917 5771 1064 5826 Vers.
1097 5790 1209 5843 seq.
1245 5775 1546 5828 ἀπολαῦσαι
1580 5795 1674 5848 pro
1705 5771 2127 5836 ἀπολαὺσέσθαι.
2171 5785 2242 5836 Ιο.
