4164 6490
249 473 390 540 1009

1152 467 1686 530 EPISTOLARUM
1724 467 1872 527 [ΑΒ.
1919 467 2033 529 Ill.
2063 489 2132 504 ·-·
2169 464 2407 526 El’lST.
2449 458 2705 524 CCCLII.

3427 445 3564 509 ltili)

244 605 434 660 ρευσε.
461 587 554 660 Μὴ
583 585 763 641 τοίνυν
795 586 843 640 οἱ
869 583 1096 656 τοιούτῳ
1127 584 1485 657 κατεχόμενοι
1514 583 1702 654 δεσμῷ
1726 584 1841 645 τοῖς

1965 596 2052 652 [ue
2085 588 2288 652 tropaea
2321 577 2516 636 statuit
2554 595 2568 633 :
2607 576 2716 632 hoc
2749 580 2932 630 autem
2971 585 3094 628 cum
3133 567 3412 626 mediocre
3445 565 3516 621 sit
3537 605 3553 630 .

240 679 564 750 λελυμένοις
599 677 932 748 ἁμιλλᾶσθαι
963 676 1285 731 οίέσθωσαν’
1331 677 1451 731 οὐδὲ
1478 675 1586 747 γὰρ
1619 669 1730 728 οἷόν
1760 689 1842 728 τε.

240 770 400 840 Μηδὲ
429 772 477 824 οἱ
506 770 881 841 χρηματισμῷ
907 769 1000 823 καὶ
1033 768 1223 840 κόσμῳ
1247 767 1547 840 σωματικῷ
1574 767 1697 822 ὅλον
1721 768 1848 821 ἐαυ-

238 863 356 917 τῶν
389 861 680 927 ἀναθέντες
719 861 812 915 τὸν
840 860 975 931 βίον,
1017 858 1394 931 νομιζέτωσαν
1427 860 1518 914 ἷσα
1566 854 1704 912 ἆθλα
1748 858 1847 930 λή-

239 951 450 1022 ψεσθαι
474 950 582 1004 τῶν
610 948 1043 1022 ἀφιερωσάντων
1078 950 1307 1013 ἑαυτοὺς
1326 991 1340 1016 ,
1371 949 1467 1003 καὶ
1497 946 1564 1002 τὰ
1605 947 1700 1002 τοῦ
1731 949 1848 1002 Κυ-

247 1044 376 1115 ρίου
415 1041 830 1114 μεριμνώντωνο
890 1037 1028 1094 ἀλλὰ
1072 1039 1131 1092 ἐν
1177 1041 1243 1112 τῇ
1288 1038 1646 1113 προσηκούσῃ
1696 1038 1849 1104 τάξει

242 1133 479 1194 ἑαυτοὺς
503 1132 866 1203 φυλάττοντες
888 1170 902 1196 ,
934 1129 1010 1201 μὴ
1036 1129 1410 1193 ὀπλιζέτωσαν
1431 1127 1681 1198 γλῶτταν
1707 1129 1850 1184 κατὰ

241 1224 363 1280 τῶν
391 1225 472 1288 είς
498 1222 598 1295 τὴν
627 1223 881 1294 οὐράνιον
904 1222 1162 1295 κορυφὴν
1195 1220 1536 1277 ἀναϐάντων.
1569 1221 1644 1275 Οὐ
1679 1220 1790 1292 γὰρ
1822 1223 1850 1274 ό

242 1313 432 1386 γάμος
454 1313 646 1368 κακόν·
686 1313 897 1382 ἄπαγε’
937 1312 1077 1368 ἀλλὰ
1105 1312 1200 1367 καὶ
1227 1311 1454 1382 ἔννομον
1497 1311 1594 1366 καὶ
1635 1309 1849 1383 σύμμε-

243 1422 379 1476 τρον
405 1404 630 1475 ἀγαθόν.
682 1403 844 1480 Ἀλλὰ
876 1403 944 1457 τὰ
986 1404 1319 1476 ὲπισυρὲντα
1351 1403 1428 1474 τῷ
1460 1405 1625 1476 γάμῳ
1665 1403 1846 1468 κακὰ,

198 1491 201 1493 “
247 1492 416 1547 ἱκανὰ
465 1493 559 1546 καὶ
600 1492 698 1562 τὴν
728 1491 832 1546 τοῦ.
873 1493 1052 1564 γάμου
1093 1491 1370 1564 ἀμϐλῦναι
1416 1494 1633 1566 ἡδονήν.
1682 1495 1744 1547 El
1791 1494 1848 1548 δὲ

245 1585 347 1639 καὶ
381 1583 550 1655 μηδὲν
575 1583 781 1639 τούτων
813 1585 1071 1656 ἐπήγετο,
1115 1584 1223 1638 οὐδ’
1266 1584 1443 1650 οὕτως
1467 1587 1535 1658 τῇ
1576 1584 1851 1658 παρθενίᾳ

245 1673 704 1744 παραϐάλλεσθαι
733 1674 944 1738 δίκαιος
968 1671 1055 1746 ἦν.
1096 1677 1161 1728 Ὅ
1193 1673 1250 1728 δέ
1283 1691 1351 1745 με
1372 1677 1468 1728 καὶ
1491 1674 1849 1746 ἐπειγόμενον

249 1765 637 1856 παραδραμεῖν
674 1767 772 1820 οὐκ
807 1767 894 1838 ἐᾷ,
925 1765 1084 1820 τοῦτο
1117 1765 1333 1836 ῥητέον
1379 1765 1462 1818 ὃτι
1491 1767 1524 1836 ἡ
1562 1766 1660 1837 μὲν
1704 1782 1850 1835 παρ-

249 1855 407 1910 θενία
435 1858 528 1911 καὶ
557 1856 725 1911 τᾶλλα
749 1856 1028 1932 χειροῦται
1066 1856 1237 1928 πάθη,
1265 1858 1293 1910 ὁ
1314 1855 1370 1909 δὲ
1399 1857 1578 1927 γάμος
1605 1857 1700 1910 καὶ
1737 1857 1850 1920 τοῖς

1955 681 2122 743 atque
2162 667 2612 729 imbecillioribus
2655 663 2972 721 adminiculi
3017 663 3140 719 loco
3187 672 3550 723 concessum,

1949 773 2128 836 potest
2165 762 2384 836 quidem
2417 775 2546 828 eos,
2583 759 2675 831 qui
2715 757 2890 829 ipsum
2928 756 3158 812 illaesum
3198 752 3553 814 custodiunt,

1951 868 2177 911 servare
2207 872 2222 910 :
2257 860 2313 908 at
2344 866 2451 907 non
2487 851 2616 906 item
2651 849 2719 905 ad
2751 845 3081 916 virginitatis
3115 843 3390 913 fastigium
3426 841 3558 897 sub-

1951 945 2172 1000 vehere.
2202 943 2364 1001 Unde
2393 941 2558 996 etiam
2589 938 2889 1010 spiritualis
2920 937 3028 1004 lex,
3058 949 3175 1000 eos,
3202 933 3298 1004 qui
3328 945 3556 987 uxorem

1951 1038 2256 1103 duxerant,
2301 1050 2367 1092 ac
2404 1031 2556 1092 vitcs'
2586 1033 2999 1104 plantaverant,
3039 1029 3108 1084 ad
3148 1027 3349 1083 bellum
3391 1023 3555 1088 illud,

1949 1132 2095 1204 quod
2134 1146 2259 1187 eum
2298 1129 2677 1202 spiritualibus
2716 1124 2978 1197 nequitia:
3010 1122 3342 1192 suscipitur,»
3369 1117 3558 1188 egredi

1950 1224 2143 1282 vetuit.
2181 1223 2314 1292 Quae
2347 1236 2471 1278 cum
2510 1221 2582 1277 ita
2621 1221 2764 1286 sint,
2802 1233 2908 1274 non
2946 1217 3001 1272 in
3035 1230 3101 1272 ea
3139 1212 3400 1286 Opinione
3436 1225 3560 1266 ver-

1951 1323 2142 1372 sentur
2164 1314 2200 1370 ii
2227 1314 2321 1385 qui
2350 1311 2663 1380 huiusmodi
2688 1309 2923 1366 vinculis
2954 1305 3241 1363 constricti
3275 1310 3555 1365 tenentur.

1953 1412 2011 1460 ut
2034 1418 2157 1460 cum
2185 1403 2290 1468 his,
2317 1403 2407 1474 qui
2434 1401 2596 1457 soluti
2625 1417 2688 1458 ac
2717 1399 2875 1456 liberi
2899 1409 3051 1464 sunt,
3076 1405 3291 1453 certare
3317 1409 3376 1450 se
3400 1407 3561 1464 posse

1951 1496 2267 1552 existiment
2296 1494 2421 1566 (nec
2449 1493 2596 1551 enim
2630 1494 2682 1549 id
2714 1493 2832 1548 fieri
2867 1489 3069 1563 potest)
3103 1503 3204 1545 nec
3235 1488 3325 1558 qui
3358 1501 3561 1557 augen-

1950 1587 2034 1642 dis
2067 1585 2296 1656 opibus,
2328 1586 2656 1657 corporique
2689 1585 3007 1641 adornando
3043 1583 3358 1639 universam
3390 1579 3558 1634 vitam

1953 1692 2105 1733 suam
2139 1676 2484 1743 addixerunt,
2515 1676 2708 1733 eadem
2741 1675 2962 1746 prmmia
2995 1687 3056 1729 se
3083 1682 3407 1744 accepturos
3436 1684 3560 1725 esse

1956 1769 2310 1835 arbitrentur,
2341 1783 2463 1838 qua:
2496 1768 2565 1835 ii,
2600 1767 2692 1838 qui
2726 1766 2833 1823 Deo
2868 1773 3010 1822 totos
3037 1780 3097 1821 se
3126 1769 3558 1825 consecrarunt,

1957 1871 2022 1914 ac
2052 1872 2172 1927 quae
2201 1858 2419 1913 Domini
2464 1867 2591 1913 sunt
2631 1866 2825 1912 curant
2857 1876 2872 1912 :
2911 1871 3102 1912 verum
3144 1855 3198 1910 in
3231 1853 3571 1927 congruenti

251 1947 439 2012 dum;
460 1948 742 2003 ἁλίσκεται
772 1937 989 2003 πόίθεσι.
1020 1949 1113 2013 Τίς
1142 1948 1251 2020 γὰρ
1279 1949 1366 2002 ἵνα
1393 1948 1550 2001 παισὶ
1572 1948 1858 2022 χορηγήσῃ

1965 1950 2130 2022 gradu
2158 1949 2368 2027 seipsos
2396 1957 2667 2016 tenentes,
2694 1949 2958 2006 adversus
2981 1961 3096 2013 eos,
3123 1947 3214 2017 qui
3243 1946 3310 2001 ad
3337 1946 3560 2001 cmlcste

250 2039 467 2111 τροφὰς
486 2081 502 2106 ,
528 2041 588 2094 ού
615 2041 793 2096 πάντα
823 2044 969 2095 ποιεῖ
999 2041 1067 2094 τὰ
1098 2042 1173 2113 μὴ
1204 2041 1485 2113 πρέποντα
1511 2042 1608 2096 καὶ
1633 2043 1711 2105 εἰς
1739 2058 1855 2095 κιν-

252 2130 451 2194 δύνους
490 2131 682 2185 ἑαυτὸν
707 2133 932 2202 ῥιπτεῖ,
978 2132 1073 2184 καὶ
1115 2132 1195 2192 εἰς
1221 2131 1460 2199 πέλαγος
1481 2171 1495 2195 ,
1531 2133 1623 2184 καὶ
1651 2132 1730 2195 είς
1757 2131 1857 2203 θη-

259 2219 398 2290 ρίων
425 2219 611 2291 βοράν.
647 2214 808 2274 Οὗτοι
853 2217 947 2274 οὖν
977 2221 1054 2285 ὼς
1098 2221 1332 2291 ἀνδρεῖοι
1376 2221 1471 2274 καὶ
1500 2222 1858 2293 τροπαιοῦχοι

257 2309 662 2381 ἐναὸρύνεσθαι
687 2302 905 2366 θέλουσι
929 2311 1064 2384 (85).
1090 2312 1201 2365 Καὶ
1226 2312 1308 2376 τίς
1330 2311 1584 2375 ἀνέξεται
1606 2329 1620 2379 ;
1643 2312 1728 2376 τίς
1751 2313 1860 2386 γὰρ

256 2404 449 2469 αὐτοῖς
479 2405 775 2476 ἐπαρκέσει
807 2405 997 2476 καιρός
1023 2405 1160 2477 πρὸς
1189 2406 1249 2458 τό
1271 2405 1445 2459 ταῦτα
1471 2406 1540 2460 τὰ
1567 2405 1862 2477 τραύματα

259 2495 638 2567 θεραπεῦσαις
680 2497 776 2560 Τίς
813 2497 869 2550 δὲ
899 2497 960 2550 οὗ
1010 2497 1340 2567 συναλγήσει
1380 2499 1495 2562 τοῖς
1531 2498 1637 2551 ὑπὸ
1667 2496 1859 2551 τοσού⁹

257 2604 374 2640 των
405 2586 580 2658 βελῶν
625 2588 1169 2658 κατατετρωμένοις;
1205 2580 1458 2642 Τοσαῦτα
1505 2589 1616 2660 γὰρ
1663 2590 1863 2653 αὐτοὺς

263 2678 515 2750 περιέχει
545 2679 721 2742 κακὰ,
759 2673 847 2733 οἷα
884 2679 992 2732 οὐδ’
1027 2679 1321 2752 ἐννοῆσαι,
1365 2680 1489 2734 ούδέ
1530 2681 1740 2751 φράσαι
1774 2683 1866 2753 die:

262 2771 330 2823 τὸ
376 2769 579 2842 πλῆθος
620 2771 865 2828 δυνατόν.
903 2771 1271 2826 Παυέσθωσαν
1316 2767 1408 2826 οὖν
1450 2771 1560 2827 τῶν
1606 2772 1864 2827 τοιούτων

264 2861 468 2930 λόγων,
501 2862 596 2916 καὶ
638 2863 710 2934 μὴ
739 2864 880 2918 κατὰ
907 2865 1004 2934 τῆς
1036 2865 1336 2932 παρθενίας
1364 2865 1739 2930 ὀπλιζέτωσαν
1766 2864 1865 2936 τὴν

266 2953 535 3022 γλῶτταν·
571 2955 686 3009 ἀλλ’
715 2955 790 3020 ὡς
823 2955 1069 3026 βασιλίδα
1096 2957 1269 3026 αὐτὴν
1301 2956 1742 3028 γεραιρέτωσαν,
1771 2958 1868 3011 καὶ

269 3045 367 3096 ὑπ’
401 3045 538 3116 αὐτῇ
571 3045 975 3110 ταττέσθωσαν,
1018 3047 1105 3100 ἵνα
1155 3047 1329 3118 ἔχοιεν
1357 3047 1527 3119 αὐτὴν
1560 3048 1866 3119 καὶ.ὑπερ-

270 3134 613 3199 ασπίζουσαν
655 3138 752 3190 καὶ
791 3137 1222 3208 πρεσϐεύουσαν.
1273 3136 1439 3208 Ἡλίῳ
1476 3139 1576 3208 μὲν
1606 3140 1715 3211 γὰρ
1740 3140 1868 3203 τοὺς

269 3226 374 3298 τὴν
412 3227 710 3299 παρθενίαν
761 3229 883 3299 (ἵνα
909 3230 1004 3282 καὶ
1041 3229 1314 3300 οὐρανίοις
1349 3231 1646 3300 χρήσωμαι
1676 3213 1857 3302 παρα-

267 3319 591 3390 δείγμασι)·
627 3319 826 3392 σελήνῃ
861 3320 917 3374 δὲ
937 3321 1064 3384 τοὺς
1112 3320 1210 3391 τὴν
1248 3321 1603 3391 ἐγκράτειαν,
1645 3320 1868 3394 ἄστροις

268 3410 334 3464 δὲ
363 3411 490 3475 τοὺς
526 3411 619 3465 τὸν
639 3412 819 3484 τίμιον
860 3413 1039 3484 γάμον
1072 3413 1507 3484 ἀσπασαμένους
1537 3414 1634 3468 καὶ
1672 3415 1865 3486 διατη-

275 3503 579 3576 ρήσαντας,
622 3504 1071 3578 παραϐάλλεσθαι
1128 3505 1317 3578 θέμις,
1375 3507 1612 3578 μάλιστα
1659 3509 1862 3581 ἐπιψη-

271 3589 534 3666 ῲίσαντος
551 3597 644 3652 τοῦ
666 3598 955 3652 θεσπεσίου
978 3599 1213 3664 Παύλου,
1228 3599 1325 3654 καὶ
1344 3599 1615 3668 λέγοντοςο
1648 3617 1666 3652 ι
1695 3601 1864 3673 Ἀλλη

269 3688 400 3755 δόξα
443 3689 630 3760 ἡλίου,
659 3691 758 3746 καὶ
785 3690 919 3762 ἄλλη
958 3691 1086 3757 δόξα
1119 3691 1386 3762 σελήνης,
1433 3693 1524 3747 καὶ
1553 3692 1689 3763 ἄλλη
1735 3693 1864 3760 δόξα

271 3779 544 3853 ἀστέρων.
593 3799 613 3833 ›
677 3838 679 3840 .

1959 2055 2219 2099 cacumen
2262 2039 2660 2106 ascenderunt,
2704 2039 2946 2110 linguam
2993 2055 3062 2094 ne
3106 2047 3326 2096 acuant.
3373 2035 3561 2105 Neque

1959 2135 2101 2192 cnim
2133 2131 2438 2203 coniugium
2459 2133 2658 2188 malum
2680 2139 2763 2186 est
2781 2129 3024 2203 (absitl),
3054 2145 3238 2186 verum
3255 2127 3557 2199 legitimum

1959 2227 2122 2282 etiam
2162 2240 2227 2282 ac
2267 2225 2540 2281 mediocre
2578 2223 2803 2279 bonum.
2842 2225 2914 2277 At
2955 2223 3097 2277 mala
3143 2237 3207 2278 ea
3250 2232 3307 2275 et
3351 2221 3562 2274 incom-

1963 2319 2144 2384 moda,
2185 2333 2308 2389 quae
2351 2317 2758 2372 matrimonium
2799 2329 2985 2372 secum
3031 2315 3220 2380 trahit,
3267 2312 3334 2367 ad
3376 2321 3561 2368 retun-

1962 2411 2192 2466 dendam
2220 2419 2276 2464 et
2308 2409 2669 2465 hcbetandam
2702 2407 3036 2464 matrimonii
3065 2405 3397 2477 voluptatem
3428 2406 3561 2460 satis

1966 2517 2215 2574 magnam
2239 2503 2347 2558 vim
2371 2503 2601 2558 habent.
2630 2502 2806 2571 Atque
2831 2500 2992 2556 etiam
3020 2500 3066 2556 si
3093 2498 3228 2555 nihil
3254 2497 3448 2554 borum
3475 2510 3569 2552 sc-

1965 2610 2087 2652 cum
2126 2595 2400 2668 traheret,
2435 2609 2505 2651 ne
2537 2594 2618 2649 sic
2649 2594 2870 2664 quidem
2909 2601 3090 2648 tamen
3127 2591 3349 2662 dignum
3383 2597 3561 2654 esset,

1965 2686 2108 2756 quod
2145 2677 2270 2740 cum
2307 2685 2621 2754 virginitate
2655 2683 3018 2740 conferretur.
3059 2681 3214 2750 Quod
3251 2689 3433 2736 autem
3473 2691 3563 2734 me

1967 2777 2130 2833 etiam
2164 2784 2574 2847 properantem,
2605 2775 2887 2845 praeterire
2916 2789 3022 2829 non
3055 2773 3205 2838 sinit,
3239 2773 3343 2827 hoc
3377 2771 3562 2826 dicen-

1969 2867 2094 2922 dum
2125 2874 2239 2931 est,
2271 2880 2465 2935 nempe
2491 2865 2636 2935 quod
2665 2863 2950 2936 virginitas
2977 2863 3083 2919 alia
3109 2863 3276 2918 etiam
3307 2861 3437 2916 vitia
3470 2875 3566 2916 ex-

1969 2968 2171 3030 pugnat
2196 2977 2209 3013 :
2239 2957 2640 3015 matrimonium
2670 2968 2850 3011 autem
2877 2955 3000 3011 aliis
3025 2969 3242 3026 quoque
3269 2953 3415 3009 vitiis
3441 2968 3567 3009 cor-

1971 3051 2186 3122 ripitnr.
2227 3050 2438 3118 Quotus
2473 3051 2618 3105 enim
2656 3049 2887 3120 quisque
2921 3057 3043 3116 est,
3081 3048 3173 3120 qui
3215 3057 3274 3103 ut
3308 3045 3568 3102 alimenta

1971 3143 2096 3198 ﬁliis
2138 3143 2536 3208 subministret,
2581 3156 2687 3196 non
2730 3140 2935 3205 omnia,
2977 3155 3097 3210 quin
3138 3153 3326 3209 parum
3372 3151 3571 3194 conve-

1971 3235 2147 3302 niant,
2176 3234 2361 3301 faciat,
2386 3243 2551 3306 atque
2577 3233 2630 3288 in
2662 3231 2902 3302 pericula
2928 3241 2982 3288 et
3014 3231 3064 3285 in
3095 3230 3337 3301 pelagus,
3363 3243 3427 3285 ac
3454 3227 3570 3284 bel-

1977 3329 2083 3386 luis
2117 3329 2169 3384 in
2201 3329 2439 3400 praedam
2470 3342 2528 3383 se
2560 3323 2856 3395 conjiciat?
2879 3322 2948 3378 At
2981 3322 3200 3378 interim
3235 3332 3414 3376 tamen
3445 3320 3570 3384 isti,

1978 3429 2040 3478 ut
2081 3420 2249 3476 fortes
2289 3430 2344 3476 et
2383 3417 2641 3491 laurigeri
2681 3416 2902 3489 gloriari
2940 3414 3155 3472 volunt.’
3195 3413 3262 3468 Et
3303 3412 3426 3483 quis
3468 3412 3572 3467 hoc

1974 3510 2156 3568 ferat?
2185 3511 2339 3580 Quod
2370 3510 2514 3566 enim
2545 3510 2613 3564 ad
2648 3511 2762 3564 lucc
2791 3508 3018 3564 vulnera
3053 3505 3396 3576 persananda
3431 3515 3569 3560 tem-

1976 3602 2126 3673 poris
2153 3601 2393 3670 spatium
2421 3597 2690 3656 sulIiciet?
2719 3597 2982 3665 Quisnam
3014 3606 3202 3652 autem
3231 3611 3444 3660 eorum,
3475 3595 3568 3666 qui

1976 3702 2054 3750 tot
2085 3691 2208 3749 telis
2236 3692 2464 3748 sauciati
2497 3699 2660 3758 sunt,
2695 3690 2869 3746 vicem
2907 3703 3011 3743 non
3046 3687 3264 3744 doleat?
3293 3685 3397 3742 Tot
3427 3686 3570 3742 enim

1971 3800 2067 3842 eos
2111 3785 2250 3840 mala
2293 3784 2664 3850 circumdant,
2707 3791 2766 3837 ut
2804 3795 2867 3838 ea
2915 3783 2983 3838 ob
3027 3781 3429 3836 multitudinem
3474 3794 3574 3834 nec

272 3881 460 3928 mente
505 3873 919 3941 comprehendi,
965 3886 1064 3929 nec
1103 3873 1287 3930 verbis
1334 3875 1596 3943 explicari
1644 3877 1871 3946 possint.
1915 3875 2283 3945 Quamobrem
2312 3874 2623 3946 huiusmodi
2652 3873 2995 3930 sermonibus
3036 3873 3197 3929 linem
3261 3873 3565 3942 imponant.

271 3976 344 4019 ac
367 3978 474 4018 non
500 3964 761 4020 adversus
782 3963 1146 4029 virginitatem
1173 3963 1412 4036 linguam
1439 3965 1714 4021 instruant
1740 3984 1754 4021 :
1780 3980 1970 4022 verum
2041 3976 2098 4020 ut
2171 3967 2415 4036 reginam
2451 3967 2623 4034 ipsam
2667 3965 2874 4019 honore
2911 3972 3331 4033 prosequantur,
3403 3963 3566 4031 eique

277 4069 343 4109 se
367 4055 681 4126 subjiciunt,
707 4064 768 4110 ut
791 4069 910 4109 eam
935 4062 990 4110 et
1017 4056 1490 4126 propugnatricem
1516 4064 1567 4111 et
1598 4055 1764 4127 395
1795 4057 2244 4113 interventricem
2311 4055 2566 4111 habeant.
2595 4053 2708 4110 Soli
2766 4053 2911 4107 enim
2939 4055 3022 4122 (ut
3047 4051 3366 4108 cmlestibus
3427 4067 3536 4122 quo

274 4161 388 4217 que
426 4146 690 4217 exemplis
737 4145 881 4216 utar)
923 4159 1048 4211 cos,
1089 4147 1180 4216 qui
1217 4147 1589 4214 virginitatem
1637 4150 1866 4218 amplexi
1908 4159 2055 4214 sunt,
2083 4149 2225 4203 lunae
2256 4157 2438 4204 autem
2469 4160 2586 4213 eos,
2641 4145 2735 4216 qui
2786 4145 3204 4212 continentiam,
3235 4157 3300 4199 ac
3330 4143 3569 4214 denique

277 4237 456 4294 stellis
484 4253 607 4306 eos,
638 4240 730 4310 qui
765 4239 1084 4296 Itonoraliile
1115 4240 1445 4295 connubinm
1478 4240 1712 4312 amplexi
1747 4257 1874 4299 sunt
1904 4251 2070 4313 atque
2103 4250 2537 4304 conservorum,
2599 4252 2921 4309 comparare
2955 4237 3116 4302 licet,
3150 4237 3385 4291 maxime
3443 4249 3566 4290 cum

281 4330 501 4387 divinus
548 4331 746 4389 Paulus
797 4332 1065 4390 calculum
1113 4350 1269 4391 suum
1318 4336 1517 4402 addat,
1559 4351 1624 4390 ac
1674 4339 1819 4393 dicat
1866 4356 1879 4393 :
1921 4355 1940 4391 ι
1975 4336 2095 4392 Alia
2126 4334 2297 4407 gloria
2328 4335 2489 4400 solis,
2520 4331 2625 4387 alia
2656 4331 2826 4401 gloria
2856 4330 3028 4393 lunae,
3085 4329 3188 4382 alia
3219 4329 3390 4400 gloria
3442 4326 3570 4382 stcl»

283 4424 321 4478 la
340 4437 462 4478 rum
484 4425 548 4478 ".
589 4442 609 4476 ι

745 4513 914 4568 "me.
946 4545 1016 4554 —
1046 4517 1132 4587 Τῼ
1181 4517 1384 4589 arm.

365 4628 603 4682 Ἐκεῖνον
639 4629 800 4700 μόνον
834 4629 899 4684 ἂν
949 4631 1124 4700 ἔγωγε
1159 4632 1260 4703 ζῇν
1298 4631 1503 4703 κυρίως
1549 4596 1868 4706 όρισαίμην,
1903 4596 1949 4652 D

277 4716 374 4772 τὸν
398 4717 508 4772 τῶν
535 4719 866 4789 σωματικῶν
907 4720 1097 4775 παθῶν
1125 4722 1414 4792 κρείττονα
1440 4724 1534 4778 καὶ
1572 4724 1868 4796 ἀνώτερον.

293 4809 354 4865 Ὀ
380 4809 489 4883 γὰρ
517 4809 747 4875 ἐκείνοις
777 4811 973 4866 ἑαυτὸν
997 4813 1304 4881 ὑποζεύξας
1325 4855 1340 4881 ,
1366 4817 1462 4868 καὶ
1493 4816 1635 4870 κατὰ
1666 4817 1871 4890 κράτος

281 4900 376 4953 ὑπ’
407 4899 590 4956 αὐτῶν
619 4901 1005 4973 ἐλαυνόμενος,
1044 4902 1107 4956 ού
1137 4903 1298 4974 μόνον
1324 4904 1406 4968 είς
1430 4905 1492 4958 τὸ
1520 4904 1868 4976 ἐσχατονητε-

279 4992 448 5063 λευτᾷ
492 4992 788 5064 βάραθρον,
820 4993 937 5048 ἀλλ’
968 4994 1089 5048 οὐδὲ
1116 4996 1218 5066 ζῇν
1255 4996 1491 5051 ἐνταῦθα
1532 4997 1755 5051 δύναται
1782 4998 1870 5052 διὰ

285 5085 382 5148 τὰς
407 5083 468 5151 ἐξ
495 5085 675 5138 αὐτῶν
713 5085 924 5157 λύπας,
947 5087 1042 5140 καὶ
1067 5088 1194 5152 τοὺς
1228 5089 1451 5159 φόϐους,
1477 5091 1572 5145 καὶ
1603 5092 1728 5154 τοὺς
1758 5109 1870 5144 κιν-

283 5177 470 5241 δύνους
489 5221 503 5244 ,
527 5177 736 5232 καὶτὸν
769 5179 963 5251 μυρίον
989 5181 1171 5235 αὐτῶν
1192 5181 1381 5253 ἐσμόν.
1419 5183 1522 5237 Ἂν
1543 5201 1602 5236 τε
1626 5183 1735 5255 γὰρ
1769 5183 1868 5238 θά-

285 5286 445 5333 νκτος
487 5271 871 5343 προσδοκηθῇ,
931 5271 1162 5343 τέθνηκε
1204 5274 1301 5327 καὶ
1349 5275 1456 5345 πρὸ
1497 5274 1593 5327 τοῦ
1635 5275 1868 5328 θανάτου

281 5361 364 5432 τῷ
392 5360 520 5415 δέει·
548 5361 611 5416 ἄν
632 5379 692 5414 τε
719 5363 896 5428 νόσος,
915 5365 980 5420 ἄν
1008 5381 1070 5419 τε
1107 5363 1287 5438 ὕϐρις,
1328 5366 1395 5420 ἄν
1413 5382 1473 5419 τε
1507 5367 1689 5434 πενία,
1719 5368 1784 5421 ἄν
1814 5385 1874 5420 τε

283 5453 473 5527 ἕτερόν
517 5471 572 5508 τι
632 5453 741 5508 τῶν
789 5455 1088 5527 ἀδοκήτων,
1152 5457 1403 5511 ἀπόλωλε
1461 5459 1555 5510 καὶ
1611 5459 1720 5511 ἀπὸ
1775 5459 1877 5530 τῆς

352 5612 400 5643 ⁸³
427 5610 450 5668 ι
478 5613 602 5668 Cor.
631 5627 720 5678 XV,
749 5613 836 5667 41.

2469 4520 2708 4577 CCCLII.
2741 4549 2811 4560 —-
2848 4517 3078 4574 EIDEM.

2053 4637 2188 4692 Eum
2231 4638 2481 4708 equidem
2522 4639 2634 4708 ipse
2676 4636 2848 4691 solum
2892 4638 3110 4706 proprie
3148 4636 3331 4690 vivere
3372 4646 3576 4691 statue-

1981 4732 2084 4786 rim
2103 4773 2120 4799 ,
2149 4731 2239 4801 qui
2271 4729 2519 4800 corporis
2547 4728 2890 4799 passionibus
2923 4728 3358 4798 praestantiorem
3388 4743 3453 4784 ac
3481 4743 3572 4783 su.

1982 4823 2291 4879 blimiorem
2327 4837 2388 4879 se
2421 4824 2644 4894 praebet.
2678 4820 2811 4876 Nam
2846 4821 2941 4891 qui
2973 4822 3213 4892 seipsum
3250 4819 3354 4877 illis
3390 4821 3574 4891 subje-

1980 4916 2084 4982 cit,
2116 4923 2278 4985 atque
2308 4917 2376 4970 ab
2406 4914 2473 4970 iis
2502 4928 2712 4970 summa
2741 4914 2792 4968 vi
2825 4915 3159 4984 exagitatur,
3192 4928 3298 4969 non
3329 4914 3490 4970 modo
3518 4917 3573 4971 iu

1981 5018 2286 5062 extremam
2316 5005 2469 5062 exitii
2498 5005 2811 5075 voraginem
2843 5004 3073 5073 desinit,
3105 5007 3201 5063 sed
3233 5021 3300 5062 ne
3333 5007 3423 5062 hic
3453 5009 3574 5076 qui~

1980 5099 2101 5153 dem
2127 5098 2310 5154 vivere
2336 5107 2533 5168 potest,
2562 5099 2632 5151 ob
2659 5111 2776 5161 eas,
2802 5113 2923 5168 qua:
2949 5098 3016 5153 ab
3043 5098 3148 5154 illis
3177 5111 3426 5165 manant,
3455 5117 3570 5154 mo-

1980 5189 2186 5255 lestias,
2226 5200 2283 5245 et
2323 5200 2520 5256 metus,
2563 5199 2618 5245 ct
2662 5189 2928 5261 pericula,
2970 5199 3025 5246 et
3071 5191 3340 5246 inlinilum
3384 5207 3572 5248 eorum

1983 5295 2230 5336 examen.
2272 5280 2408 5336 Nam
2452 5282 2567 5338 sive
2612 5295 2759 5337 mors
2805 5291 3177 5352 exspectetur,
3219 5291 3365 5338 metu
3409 5284 3573 5338 ctiam

1986 5381 2111 5426 ante
2144 5381 2378 5427 mortem
2414 5372 2757 5428 exanimetur
2792 5391 2807 5427 :
2843 5374 2957 5428 sive
2993 5374 3246 5437 morbus,
3285 5373 3404 5429 sive
3439 5389 3568 5429 con~

1989 5460 2240 5530 tumelia,
2274 5462 2392 5517 sive
2423 5472 2743 5533 paupertas,
2780 5459 2894 5518 sive
2927 5463 3069 5516 aliud
3104 5462 3363 5532 quiddam
3401 5464 3576 5530 inani-

1388 5772 1625 5828 νιιιιιε
1665 5772 2051 5830 LECTIONES
2093 5773 2177 5827 ET
2232 5774 2457 5829 .‘iﬂTJZ.

376 5915 485 5978 ($3)
531 5915 627 5969 l‘m
657 5917 862 5971 θέλωσι
907 5920 1050 5988 [mult
1091 5921 1186 5975 tiri
1253 5919 1347 5973 \..l
1411 5921 1627 5975 ῗῗμτεαηκ
1656 5933 1700 5975 -_l
1748 5938 1864 5973 \l‘lr'

1919 5938 2031 5990 {mel
2068 5928 2113 5983 ,ᾗ
2147 5939 2242 5990 νισι

2277 5923 2446 5988 ζειῖιυν
2471 5921 2658 5977 .suil-il
2939 5924 3144 5975 l‘usstit.
