4164 6434
717 379 849 444 1011

1915 385 1975 444 S.
2019 379 2308 446 lSIDOBI
2344 383 2778 445 PELUSIOTJ‘I

3827 370 3972 436 1012

716 495 862 554 nati,
897 491 1059 545 etiam
1100 503 1164 544 ex
1205 488 1316 545 sola
1356 490 1667 559 suspicione
1708 490 1869 558 periit
1904 502 1956 546 et
1992 493 2272 546 exstinctu:

2397 493 2652 556 ὑπονοίας
2699 490 2894 562 μόνης,
2940 490 3034 543 καὶ
3080 488 3420 559 διέφθαρται.
3468 484 3608 538 Ἀλλ’
3640 483 3738 553 οὐχ
3783 483 3810 534 6
3855 482 3970 535 τῶν

712 595 813 640 est.
858 584 922 636 At
965 597 1073 636 non
1117 582 1171 635 in
1217 581 1408 636 eadem
1453 596 1616 648 causa
1659 589 1776 646 est,
1814 583 1908 652 qui
1952 583 2269 639 turbulentis

713 672 876 727 animi
912 671 1340 740 permotionibus
1371 671 1681 727 dominatur
1710 689 1725 727 :
1760 687 1946 727 verum
1981 684 2036 730 et
2069 674 2278 728 timori-

715 767 813 820 bus
843 773 897 818 et
929 762 1214 832 periculis,
1249 777 1311 816 ac
1346 763 1575 832 denique
1607 764 1753 817 omni
1791 765 2086 819 mutatione
2117 778 2279 831 snpe-

715 856 824 911 rior
847 864 929 910 est
956 873 969 910 :
997 870 1102 910 non
1130 854 1272 924 quod
1298 854 1430 908 nihil
1458 855 1696 931 patiatur
1719 855 1856 927 (hoc
1880 858 2021 912 enim
2046 854 2278 910 fortasse

715 950 829 1005 fieri
863 950 1089 1020 nequit),
1119 948 1234 1011 sed,
1264 947 1406 1015 quod
1440 946 1611 1001 multo
1642 948 1818 1016 majus
1840 945 2006 1015 atque
2036 945 2274 999 admira-

716 1041 871 1096 bilius
905 1050 1162 1109 tropaeum
1200 1039 1397 1103 eﬂicit,
1435 1040 1563 1108 quia
1597 1053 1661 1093 ea
1697 1038 1948 1105 impetum
1985 1036 2271 1104 facientia,

714 1142 770 1187 ct
800 1131 1091 1193 velitantia.
1127 1131 1342 1201 telaque
1373 1130 1642 1185 mittentia
1674 1135 2008 1184 contemnat.

883 1257 1148 1316 CCCLlll.
1179 1288 1249 1301 --
1281 1256 1634 1316 ΤΙΜΟΤΠΕΟ
1669 1254 2096 1314 CLARISSIHO.

780 1368 848 1425 Et
875 1369 919 1424 si
948 1369 1283 1432 Chaeremon,
1310 1377 1367 1423 ttt
1395 1367 1685 1437 scripsisti,
1709 1357 1825 1432 ille,
1848 1368 2089 1438 inquam,
2107 1366 2274 1422 Euse-

2389 585 2580 640 παθῶν
2609 584 2825 656 κρατῶν
2856 581 3118 644 τοιοῦτος’
3158 581 3295 636 ἀλλὰ
3343 581 3438 634 καὶ
3478 577 3678 647 φόϐων,
3712 574 3810 628 καὶ
3850 592 3966 627 κινο

2383 677 2577 743 δύνων,
2620 676 2714 730 καὶ
2753 675 3059 747 μεταϐολῆς
3093 675 3310 743 ἁπάσης
3339 671 3568 739 ἕστηκεν
3609 667 3970 736 ὑψηλότερος.

2384 767 2444 820 οὐ
2473 765 2550 836 τῷ
2586 766 2751 836 μηδὲν
2775 765 3066 835 ὑπομένειν
3094 764 3284 835 (τοῦτο
3317 761 3426 832 γὰρ
3455 762 3583 823 ἴσως
3610 756 3969 828 ἀμήχανον),

2384 857 2499 911 ἀλλ’
2543 857 2570 909 δ
2629 858 2724 911 καὶ
2763 856 2941 927 πολλῷ
2989 855 3175 925 μεῖζόν
3221 857 3338 908 ἐστι
3389 853 3484 906 καὶ
3528 848 3971 920 παραδοξότερον

2383 951 2527 1002 ποιεί
2563 948 2624 1001 τὸ
2648 949 2907 1019 τρόπαιον
2932 948 3009 1016 τῷ
3047 948 3141 1001 καὶ
3180 944 3626 1018 προσσαλλόντων
3655 940 3836 994 αὐτῶν
3875 938 3971 990 καί

2382 1040 2886 1113 ἀκροϐολιζομένων
2925 1041 3021 1094 καὶ
3056 1037 3527 1105 κατατοξευόντων
3557 1033 3950 1103 καταφρονεῖν.

2590 1261 2760 1315 TNI".
2805 1291 2875 1301 -
2915 1260 3216 1331 TtMero
3254 1255 3740 1324 ΛΔΜΠΡΟΤΑΤῼ.

2456 1371 2518 1424 Εἰ
2547 1370 2644 1424 καί⁵
2671 1371 3000 1441 Χαιρήμων,
3026 1369 3102 1433 ὡς
3128 1367 3445 1440 γέγραφας,
3475 1369 3502 1420 6
3548 1364 3810 1418 Εὐσεδίου
3867 1363 3970 1416 ὑπ-

713 1463 785 1518 bii
812 1461 1062 1532 stipator,
1091 1476 1155 1516 ex
1189 1461 1356 1530 ipsius
1383 1460 1772 1516 consuetudine
1801 1470 1963 1528 atque
1993 1458 2272 1513 familiari-

2381 1460 2672 1531 ασπιστής,
2701 1462 2764 1513 ἐκ
2796 1462 2895 1530 τῆς
2932 1459 3098 1512 αὑτοῦ
3128 1457 3415 1520 συνουσίας
3448 1455 3787 1525 ήκονημένος
3826 1453 3970 1521 πρὸς

715 1564 823 1608 tate
838 1563 1118 1616 exacutus,
1138 1554 1203 1607 ad
1221 1566 1380 1607 omne
1396 1551 1569 1608 scelus
1587 1561 1838 1620 tanquam
1857 1560 2024 1606 oestro
2041 1536 2271 1619 quodam

2380 1553 2562 1605 πᾶσαν
2589 1550 2788 1606 κακίαν
2814 1552 3036 1622 οἰστρᾷ,
3072 1551 3168 1604 καί⁵
3197 1549 3380 1602 πίστιν
3409 1547 3508 1602 ούκ
3535 1542 3697 1612 οἶδεν,
3735 1545 3850 1597 ἀλλ’
3879 1545 3968 1598 ἐπ’

715 1643 988 1708 incitatur,
1023 1658 1123 1698 nec
1159 1642 1314 1698 [idem
1352 1642 1623 1714 agnoscit,
1655 1657 1841 1698 verum
1874 1641 1944 1696 ob
1977 1639 2272 1710 iniquitatis

2380 1643 2594 1708 ἀδικίας
2632 1643 2786 1715 ἀδείᾳ
2812 1643 2922 1716 (86)
2964 1643 3228 1713 κέχρηται
3268 1641 3382 1703 τοῖς
3415 1639 3599 1708 ὅρκοις
3639 1636 3966 1707 (σπένδεται

712 1735 982 1790 licentiam
1001 1733 1349 1802 jurejurando
1371 1733 1611 1788 abutitur
1631 1731 2109 1805 (reconciliationis
2129 1731 2272 1787 enim

2380 1732 2509 1804 γὰρ,
2543 1732 2636 1786 καί¹
2687 1732 2837 1802 μένει
2888 1733 3231 1803 ἀκήρυκτος·
3279 1728 3552 1798 συνθήκας
3590 1729 3824 1780 ποιεῖται
3867 1725 3966 1780 καὶ

712 1822 1210 1907 fmderapercutit,
1241 1831 1296 1877 et
1327 1821 1683 1892 implacabilis
1713 1831 1928 1889 manet;
1959 1831 2112 1891 pacta
2142 1820 2272 1886 init,

2380 1821 2534 1874 λύειο
2585 1821 2780 1890 ὄμνυσι
2841 1824 2937 1875 καί
2988 1821 3323 1893 πανουργίας
3378 1821 3588 1891 ἐφόδιον
3655 1820 3769 1890 ἔχει
3837 1821 3968 1883 τοὺς

712 1923 765 1970 ει
803 1902 1092 1979 rescindit;
1127 1912 1297 1982 jurat,
1331 1922 1386 1968 et
1424 1912 1631 1968 fraudis
1668 1912 1949 1968 materiam
1989 1920 2150 1982 atque
2190 1912 2272 1966 in-

2381 1914 2578 1987 ὃρκους
2606 1912 2769 1984 (87))·
2819 1914 2960 1968 ἀλλά
3002 1931 3066 1983 γε
3111 1917 3140 1968 6
3182 1914 3370 1967 τοῦτον
3421 1912 3776 1984 συγκροτῶν,
3829 1913 3965 1982 παρ’

711 2014 1071 2059 stramentum
1104 2003 1414 2073 iuramenta
1445 2002 1898 2073 babet);attamen
1930 2002 2272 2071 meoiudicio

2379 2007 2503 2076 ἐμοὶ
2547 2008 2748 2077 κριτῇ,
2794 2004 2890 2059 νῦν
2928 2007 3026 2076 μὲν
3087 2003 3396 2076 καρποῦται
3444 2002 3553 2057 τῶν
3599 2002 3808 2057 κακιῶν
3858 2004 3962 2072 τὴν

711 2097 780 2158 is.
819 2096 910 2167 qui
955 2110 1078 2150 eum
1119 2103 1320 2160 tuetur,
1359 2109 1501 2149 nunc
1544 2094 1759 2165 quidem
1803 2093 2067 2148 scelerum
2114 2091 2272 2161 ipsius

2379 2098 2577 2152 αἰτίαν·
2623 2096 2850 2168 ὕστερον
2897 2097 2953 2152 δέ
2989 2096 3082 2151 καὶ
3109 2097 3212 2167 τῆς
3240 2095 3396 2167 δίκης
3437 2093 3500 2149 τὸ
3527 2094 3690 2149 πλέον
3727 2093 3960 2165 καρπώο

711 2185 919 2254 culpam
964 2185 1196 2255 percipit
1237 2204 1251 2240 :
1295 2193 1482 2255 postea
1529 2193 1710 2240 autem
1756 2184 2072 2255 ampliorem
2117 2184 2278 2240 etiam

710 2276 956 2346 supplicii
993 2287 1201 2348 partem
1236 2278 1514 2348 percipiet.

923 2405 1186 2462 CCCLIV.
1219 2437 1288 2447 —
1323 2405 1552 2462 PAULO
1588 2404 2064 2463 PBESBYTERO.

780 2515 1064 2571 Sacerdoti
1093 2530 1192 2586 pro
1218 2516 1407 2586 opibus
1433 2523 1515 2569 est
1538 2515 1750 2569 virtutis
1777 2524 2151 2571 ornamentum
2181 2530 2278 2585 pro

709 2606 981 2675 voluptate
1017 2607 1260 2670 castitas,
1298 2622 1398 2678 pro
1432 2608 1560 2664 luxu
1597 2608 1896 2678 frugalitas,
1932 2622 2027 2677 pro
2064 2607 2273 2674 laetitia,

707 2709 916 2762 eorum,
954 2696 1148 2766 quibus
1189 2706 1416 2767 praeest,
1459 2697 1526 2753 ad
1563 2699 1814 2754 virtutem
1859 2698 2274 2755 incrementum.

709 2787 861 2856 Quod
892 2788 937 2843 si
969 2789 1091 2857 quis
1117 2789 1387 2843 contraria
1419 2789 1504 2844 bis
1532 2789 1776 2844 instituta
1807 2802 2058 2857 sequens,
2093 2802 2276 2844 sacer-

709 2879 841 2932 dotii
875 2878 1095 2933 nomine
1123 2879 1408 2950 gloriatur,
1439 2880 1529 2935 hic
1558 2879 1817 2949 profanus
1845 2887 1948 2945 est,
1981 2890 2145 2950 atque
2175 2881 2277 2935 im-

709 2968 860 3039 perio
896 2969 1169 3038 indignus.

862 3095 1102 3154 CCCLV.
1136 3125 1205 3140 -~
1239 3096 1599 3155 MARTYRIO
1637 3097 2110 3156 PRESBYTERO.

1083 3208 1157 3263 De
1195 3210 1408 3264 Ariani:
1442 3218 1491 3264 et
1529 3209 1897 3266 Eunomianis.

777 3341 834 3395 Si
866 3340 1132 3395 humanas
1161 3337 1474 3394 alfectiones
1503 3337 1666 3408 (quod
1696 3351 1762 3392 ne
1788 3338 1932 3394 dictu
1964 3338 2128 3410 396
2155 3339 2275 3409 qui-

707 3436 827 3489 dem
855 3434 936 3488 fas
961 3431 1066 3503 est)
1096 3447 1189 3502 per
1213 3430 1392 3486 omnia
1422 3440 1698 3500 sequatur,
1727 3431 1819 3500 qui
1848 3430 2081 3486 divinam
2107 3447 2272 3500 gene-

705 3525 967 3580 rationem
994 3521 1271 3586 describit,
1296 3521 1424 3576 illud
1454 3521 1648 3577 merito
1674 3521 1860 3577 audire
1885 3531 2067 3591 queat.
2093 3522 2148 3577 Si
2178 3523 2272 3578 tibi

704 3618 849 3673 circa
878 3615 1279 3686 generationem
1311 3614 1523 3670 aﬂ‘cctio
1555 3615 1794 3685 llugitur,
1819 3623 1874 3670 et
1899 3617 2030 3670 mihi
2058 3631 2274 3686 quoque

704 3710 849 3764 circa
883 3707 1216 3764 creationem
1255 3725 1269 3764 :
1307 3720 1478 3774 neque
1511 3708 1654 3760 enim
1689 3709 1740 3769 id
1777 3707 1920 3777 quod
1953 3716 2170 3763 creatur
2203 3707 2271 3777 (si

704 3798 999 3855 imbecilles
1025 3798 1300 3853 hominum
1318 3797 1671 3867 cogitationes
1695 3799 1933 3868 sequar),
1963 3800 2166 3869 absque
2195 3799 2276 3854 af-

704 3891 936 3947 fectione
963 3897 1198 3945 creatur.
1230 3888 1324 3943 Sin
1357 3897 1562 3955 autem,
1592 3899 1648 3943 ut
1681 3891 1949 3944 divinitati
1984 3900 2272 3946 consenta-

702 3997 862 4036 neum
897 3990 1008 4048 est,
1044 3997 1105 4038 ea
1140 3979 1389 4051 quidem,
1423 3996 1542 4051 quae
1579 3981 1878 4051 purissimae
1911 3982 1985 4038 illi
2019 3984 2270 4039 essentia:

702 4071 1052 4134 conveniunt,
1085 4071 1364 4135 admittat,
1397 4085 1516 4141 quae
1553 4080 1735 4126 autem
1771 4072 1946 4126 aliena
1981 4082 2035 4127 et
2067 4073 2272 4128 absona

702 4171 846 4226 sunt,
885 4169 1195 4230 praetereat,
1233 4161 1382 4226 illud,
1421 4162 1464 4216 si
1509 4163 1668 4216 modo
1709 4177 1854 4217 sanae
1896 4163 2124 4219 rationis
2166 4173 2268 4232 est,

701 4251 939 4323 cogitare
964 4249 1143 4310 debet.
1172 4252 1312 4321 quod
1339 4251 1595 4321 quoniam
1623 4252 1866 4314 mortalis
1892 4251 1956 4306 ad
1983 4253 2124 4308 hunc
2150 4269 2266 4309 mo-

701 4342 827 4396 dum
864 4341 1056 4411 gignit,
1095 4341 1417 4397 immortalis
1453 4357 1559 4396 non
1599 4342 1725 4396 item
1766 4363 1779 4398 :
1814 4345 2264 4412 quemadmodum

702 4433 952 4490 videllcet
980 4434 1031 4488 in
1065 4414 1298 4488 creando
1326 4433 1414 4486 ille
1442 4447 1563 4488 cum
1594 4432 1805 4499 labore,
1834 4433 1921 4488 ltic
1955 4436 2088 4488 citra
2118 4433 2266 4490 labo-

704 4541 815 4580 rem
852 4533 1022 4578 creat.
1054 4523 1178 4578 llzec
1213 4525 1353 4578 enim
1390 4540 1574 4580 secum
1609 4534 1887 4595 reputans,
1923 4526 2015 4580 illa
2050 4542 2264 4596 quoque

701 4615 1065 4672 oculatissima
1109 4630 1280 4678 mens,
1318 4631 1380 4669 ac
1415 4617 1562 4670 velut
1601 4616 1782 4671 divino
1825 4618 2045 4673 numine
2084 4632 2266 4673 corre-

703 4699 812 4779 pta,
847 4707 1077 4763 terrenis
1107 4708 1358 4762 omnibus
1387 4709 1648 4777 exemptis
1677 4709 1985 4777 prateritis,
2017 4709 2265 4778 splendo~

704 4814 814 4854 rem
841 4799 1043 4868 glorise,
1067 4809 1120 4854 et
1148 4799 1370 4870 ﬁguram
1397 4809 1630 4869 paternae
1651 4802 1966 4858 substantiae
1984 4802 2048 4870 “,
2071 4801 2263 4856 Filium

704 4894 842 4946 haud
872 4892 1143 4948 immerito
1170 4892 1411 4947 deﬁnivit
1437 4912 1450 4946 :
1481 4907 1575 4963 per
1599 4893 1727 4947 illud
1757 4895 2008 4949 nimirum
2040 4904 2264 4948 coaeter-

2380 2207 2552 2244 σεται.

2624 2406 2794 2463 TNA'.
2842 2437 2913 2449 -—
2962 2407 3194 2480 ΠΑΥΛῼ
3232 2405 3704 2477 ΠΡΕΣΒΥΤΕΡῼ.

2448 2519 2538 2586 Τῷ
2562 2518 2846 2590 ἱερωμένῳ
2876 2516 3105 2580 πλοῦτος
3132 2517 3231 2588 μὲν
3273 2517 3302 2569 6
3340 2519 3440 2588 τῆς
3490 2515 3694 2586 ἀρετῆς
3727 2512 3959 2584 κόσμος,

2376 2610 2541 2682 ήδονὴ
2566 2611 2623 2664 δὲ
2649 2612 2684 2681 ή
2715 2608 3039 2679 σωφροσύνη
3060 2647 3074 2672 ,
3118 2608 3299 2679 τρυφὴ
3326 2608 3384 2661 δὲ
3425 2609 3458 2678 ή
3498 2607 3798 2676 αὐτάρκεια
3821 2645 3834 2668 ,
3869 2604 3963 2657 εὑ-

2378 2702 2620 2774 φροσύνη
2670 2701 2726 2755 δὲ
2767 2705 2800 2772 ή
2839 2700 2946 2755 τῶν
2985 2701 3243 2769 ὑπηκόων
3279 2699 3417 2771 πρὸς
3455 2699 3656 2771 ἀρετὴν
3691 2696 3960 2758 ἐπίδοσις·

2377 2794 2426 2845 εἰ
2469 2791 2526 2845 δέ
2565 2809 2658 2853 -τις
2701 2791 2964 2844 τάναντία
3012 2790 3219 2844 τούτων
3263 2789 3596 2859 ἐπιτηδεύων
3657 2785 3958 2858 ἱερωσύνης

2376 2881 2602 2951 ὀνόματι
2644 2881 3028 2952 ἐναϐρύνεται,
3061 2874 3219 2944 οὗτος
3261 2879 3479 2951 ἁνίερος
3513 2879 3811 2949 τυγχάνει,
3862 2875 3960 2929 καὶ

2377 2973 2475 3044 τῆς
2507 2974 2680 3045 ἀρχῆς
2722 2972 2953 3038 ἀνάξιος.

2571 3100 2742 3154 ΤΝΕ’.
2788 3131 2858 3143 -—-
2898 3102 3255 3173 ΜΛΡΤΥΡΙῼ
3295 3101 3760 3172 ΠΡΕΣΒΥΤΕΡῼ.

2640 3208 2784 3278 Περί
2838 3209 3150 3278 Ἀρειανῶν
3176 3209 3273 3264 καί
3301 3209 3689 3280 εὐνομεανῶν.

2445 3341 2510 3395 Εἰ
2559 3339 2658 3412 μὲν
2694 3342 2807 3402 τοίς
2845 3340 3207 3412 ἀνθρωπίνοις
3245 3341 3474 3396 πάθεσιν
3511 3343 3684 3414 (ὅπερ
3721 3341 3845 3398 οὐδὲ
3881 3346 3958 3399 εἰ-

2377 3434 2499 3485 πεῖν
2537 3431 2698 3502 θέμις
2738 3431 2881 3486 κατὰ
2920 3434 3094 3487 πάντα
3131 3435 3312 3504 ἓψοιτο
3338 3435 3367 3488 6
3399 3436 3499 3508 τὴν
3525 3437 3677 3489 θείαν
3701 3436 3956 3507 γέννησιν

2374 3523 2730 3596 ὑπογράφων,
2769 3523 2996 3578 ἀκοῦσαι
3024 3525 3060 3580 ἃ.
3096 3525 3180 3596 εἴη
3213 3526 3453 3594 δίκαιος,
3473 3528 3553 3580 ὅτι
3588 3528 3641 3581 ετ
3672 3546 3752 3581 σοι
3785 3528 3956 3592 πάθος

2376 3614 2668 3670 πλάττεται
2701 3617 2828 3687 περὶ
2854 3615 2953 3687 τὴν
2978 3617 3251 3688 γέννησιν,
3278 3619 3447 3688 κάμοὶ
3469 3619 3598 3690 περὶ
3627 3619 3724 3688 τὴν
3753 3621 3949 3674 κτίσιν.

2375 3708 2510 3762 Οὐδὲ
2538 3709 2643 3779 γὰρ
2667 3708 2727 3760 τὸ
2752 3709 3068 3780 κτιζόμενον
3093 3714 3109 3780 (
3132 3709 3181 3763 εἰ
3204 3713 3315 3773 τοῖς
3338 3710 3583 3764 ἀσθενέσι
3609 3711 3718 3764 τῶν
3744 3711 3952 3783 ἀνθρώ-

2375 3819 2493 3856 πων
2543 3802 2820 3874 λογισμοῖς
2871 3798 3139 3874 ἐψοίμην)
3189 3802 3415 3866 ἀπαθῶς
3471 3803 3750 3867 κτίζεται’
3806 3807 3855 3856 εἰ
3896 3805 3950 3858 δὲ

2373 3891 2725 3964 θεοπρεπῶς,
2763 3892 2833 3946 τὰ
2868 3893 2966 3964 μὲν
3023 3895 3364 3966 ἁρμόττοντα
3410 3897 3474 3966 τῇ
3517 3895 3780 3965 ἁκηράτῳ
3815 3896 3948 3966 (87’)

2370 3986 2525 4054 οὐσία
2584 3985 2968 4053 καταδέξοιτο,
3019 3985 3089 4039 τὰ
3138 3986 3194 4039 δὲ
3251 3986 3438 4057 ἁπηχῆ
3490 3985 3944 4056 παριππεύσειιν,

2371 4077 2621 4148 ἐννοῆσαι
2652 4078 2854 4145 ὀφείλει
2884 4077 3001 4146 εἴγε
3035 4078 3097 4130 τὸ
3134 4077 3439 4146 λογιστικὸν
3483 4078 3795 4150 ἐρρωμένον
3837 4077 3944 4149 ἔχει

2371 4168 2451 4222 δτι
2494 4167 2683 4239 ἐπειδὴ
2723 4168 2752 4220 6
2794 4168 2984 4238 θνητὸς
3024 4168 3196 4231 οὕτως
3243 4168 3438 4224 τίκτει.
3476 4169 3504 4222 6
3550 4168 3816 4232 ἀθάνατος
3851 4171 3945 4241 οὐχ

2369 4260 2541 4322 οὕτως
2565 4276 2576 4288 ·
2600 4257 2798 4330 ὥσπερ
2826 4255 2920 4313 οὖν
2951 4259 3045 4312 καί
3072 4263 3100 4313 6
3133 4263 3350 4324 κτίζων,
3381 4261 3409 4313 6
3444 4263 3539 4312 ιιέν
3573 4260 3710 4329 μετὰ
3744 4261 3907 4313 πόνου
3926 4302 3941 4325 ,

2368 4352 2394 4403 6
2432 4351 2486 4404 δὲ
2518 4351 2756 4420 ἀμογητὶ
2791 4349 2983 4414 κτίζει.
3019 4349 3202 4402 Ταῦτα
3232 4349 3336 4420 γὰρ
3367 4351 3624 4420 ἐννοήσας
3657 4350 3753 4404 καὶ
3779 4353 3807 4404 6
3850 4367 3940 4405 πο-

2367 4443 2674 4514 λυόμματος
2698 4440 2819 4504 νοῦς
2841 4483 2855 4508 ,
2879 4441 2973 4495 καὶ
3001 4439 3188 4511 ὥσπερ
3213 4440 3396 4504 ἔνθους
3421 4442 3706 4512 γενόμενος
3725 4485 3738 4506 ,
3771 4443 3942 4498 πάντα

2367 4537 2436 4591 τὰ
2483 4527 2644 4607 γήϊνα
2697 4534 3114 4606 παραδείγματα
3165 4535 3560 4606 παραδραμὼν,
3605 4536 3938 4608 ἀπαύγασμα

2369 4628 2467 4697 τῆς
2493 4628 2681 4697 δόξης,
2715 4628 2808 4681 καί
2832 4625 3160 4697 χαρακτῆρα
3186 4626 3287 4694 τῆς
3323 4627 3672 4690 ὑποστάσεως
3709 4627 3810 4697 τῆς
3841 4646 3939 4682 πα-

2368 4721 2590 4791 τρικῆς,
2621 4717 2712 4771 τὸν
2740 4718 2855 4771 υἱὸν
2882 4718 3107 4780 εἰκότως
3135 4717 3394 4788 ὡρίσατο·
3431 4719 3507 4787 τῷ
3536 4719 3634 4788 μὲν
3667 4719 3727 4770 τὸ
3758 4722 3935 4773 συνατ-

2364 4811 2496 4871 διον,
2530 4809 2607 4876 τῷ
2645 4808 2702 4862 δὲ
2742 4809 2804 4862 τὸ
2842 4810 3203 4862 ὲνυπόστατον
3239 4807 3527 4877 παριστὰς.
3578 4808 3794 4884 Ἐπειδὴ
3835 4810 3935 4879 γὰρ

2363 4896 2422 4950 τὸ
2461 4897 2671 4967 πρῶτον
2702 4897 3073 4951 ἀνυπόστατον
3099 4896 3400 4966 φαντασίαν
3424 4899 3552 4961 ίσως
3576 4900 3716 4950 τισὶν
3738 4898 3932 4963 ἔτικτε,

705 4985 945 5049 nitatem,
970 5000 1066 5054 per
1099 4986 1200 5041 hoc
1234 4994 1410 5040 autem
1451 4999 1571 5040 eum
1610 5001 1892 5055 personam
1935 4988 2264 5042 constituere

2374 4989 2449 5043 Ξιὰ
2480 4990 2574 5043 τοῦ
2601 4990 2852 5062 δευτέρου
2883 4991 2982 5062 τὴν
3012 4989 3360 5043 ὑποστάσεων
3386 4989 3670 5060 ποιητικὴν
3701 4991 3931 5046 ὑπόστα·

702 5076 1099 5131 demonstrans.
1134 5077 1576 5146 Quandoquidem
1607 5077 1750 5132 enim
1781 5080 1952 5147 prius,
1984 5080 2125 5148 quod
2158 5079 2260 5149 by-

2364 5097 2447 5133 σιν
2479 5082 2751 5152 ἐχαρακτή
2764 5099 2896 5151 ρισε.

701 5166 933 5235 postasis
966 5181 1157 5236 expers
1191 5180 1368 5237 esset,
1405 5173 1635 5241 speciem
1672 5169 1899 5228 fortasse
1932 5181 2093 5243 atque
2129 5174 2566 5244 imaginationem
2617 5176 2885 5232 nonnullis
2951 5177 3214 5247 pariebat,
3282 5177 3482 5232 idcirco
3510 5191 3606 5247 per
3666 5177 3929 5246 posterius

699 5263 1031 5334 ltypostasim
1064 5263 1424 5335 bypostaseon
1454 5266 1772 5323 efﬁcientem
1809 5269 2035 5324 notavit.

769 5417 989 5474 “Hebr.
1021 5436 1059 5485 ι,
1093 5420 1146 5472 5.

1788 5535 2021 5591 VARUE
2071 5537 2449 5594 LEC'l'lONES
2500 5539 2587 5594 ET
2631 5540 2859 5595 NOTAE.

767 5687 874 5753 (86)
910 5686 1012 5739 Pro
1048 5686 1202 5755 ἀδείᾳ
1232 5687 1369 5740 idem
1409 5688 1529 5740 cod.
1565 5687 1726 5742 habet
1750 5688 1855 5745 ἀεί.
1898 5690 2105 5745 Possm.

771 5757 878 5827 (37)
918 5757 1114 5813 Confer
1143 5755 1379 5812 Salvian.
1412 5759 1502 5813 lib.
1539 5757 1610 5811 De
1634 5760 1902 5826 gubernat.
1940 5762 2052 5816 Dei.
2083 5761 2244 5816 lttrr.

2419 5696 2550 5768 (87‘)
2572 5697 2672 5751 Pro
2702 5697 2958 5769 ἀκηράτῳ
2984 5698 3121 5754 idem
3151 5698 3265 5755 rod.
3290 5699 3413 5771 legit
3445 5702 3687 5774 ἑκράτῳ.
3718 5708 3919 5763 l’osstx.
