4164 6464
563 595 568 602 γ
677 523 867 592 τΝςν.
908 554 978 566 -
1011 525 1098 596 'rq
1139 524 1346 596 arm.

288 633 513 698 Ἔοικας
546 631 608 686 οὐ
645 633 876 704 συνορᾷν
910 629 1023 701 (88)
1065 630 1133 684 τὰ
1163 630 1328 702 μέχρι
1372 630 1468 686 νῦν
1506 632 1802 702 γινόμενα,

202 726 312 780 καὶ
334 725 422 780 διὰ
457 724 618 781 τοῦτο
651 724 991 795 γεγραφέναι
1010 762 1026 788 ,
1053 721 1122 776 δι’
1150 721 1219 795 ἢν
1249 723 1430 779 αίτίαν
1456 723 1688 796 Δαρείου
1710 723 1804 778 τοῦ

203 817 400 890 Μήδου
431 817 580 888 τρεῖς
623 816 915 879 τακτικοὺς
955 817 1439 887 χειροτονήσαντος
1466 809 1579 888 (ὧν
1614 809 1695 879 εἷς
1735 811 1805 886 ἦν

203 909 311 963 καὶ
328 909 360 961 ὁ
378 905 771 977 Δανιὴλ),ῶστε
788 904 981 978 ἄρχειν
1005 903 1114 958 τῶν
1141 904 1629 976 χειροτονηθέντων
1653 905 1806 976 παρά

203 999 382 1058 αὑτοῦ
425 998 621 1054 ἑκατὸν
659 997 868 1054 είκοσιν
895 996 1194 1068 ἀρχόντων,
1239 996 1612 1070 συγκρίνουσα
1641 997 1806 1050 αὐτὸν

204 1090 244 1160 ἡ
282 1087 513 1160 Γραφὴ,
547 1086 670 1142 δέον
699 1088 814 1150 τοῖς
843 1085 980 1150 (σοις
1017 1086 1177 1158 μόνον
1201 1088 1512 1166 συγκρῖναι,
1555 1086 1653 1142 καὶ
1691 1088 1806 1152 τοῖς

205 1183 399 1256 πολλῷ
430 1184 544 1255 (88)
588 1181 1003 1253 ὑποδεεστέροις
1035 1181 1370 1253 συνέκρινεν.
1422 1182 1622 1253 Ἤρκει
1657 1181 1767 1252 γὰρ
1789 1219 1804 1243 ,

205 1275 356 1348 ἔφης
374 1316 390 1342 ,
418 1277 450 1347 ὴ
473 1274 584 1330 τῶν
609 1274 1064 1343 συντεταγμένων
1096 1273 1376 1344 ὑπεροχὴ,
1410 1274 1505 1327 καὶ
1533 1272 1632 1345 τὴν
1664 1271 1808 1326 κατὰ

203 1365 330 1421 τῶν
367 1364 822 1437 ὑποτεταγμένων
849 1365 1006 1434 νίκην
1033 1364 1392 1431 ἐνδείξασθαι.
1420 1364 1536 1419 Νῦν
1557 1365 1614 1420 δέ
1647 1381 1803 1436 φησι’

211 1475 234 1509 ε
278 1458 389 1512 Καὶ
421 1453 490 1530 ἦν
520 1456 720 1529 Δανιὴλ
763 1455 902 1529 ὑπὲρ
933 1459 1063 1520 τοὺς
1086 1458 1387 1521 τακτικοὺς
1413 1457 1511 1511 καὶ
1548 1458 1674 1520 τοὺς
1708 1473 1808 1512 σα-

210 1551 450 1624 τράπας·
482 1549 626 1605 τοῦτ’
657 1549 797 1618 ἐστι,
834 1551 1142 1624 σοφώτερος
1172 1551 1495 1623 ἀπεδείχθη,
1536 1553 1632 1606 καὶ
1659 1551 1805 1607 κατά

211 1621 317 1711 τὴν
341 1621 605 1712 διοίκησιν
629 1621 1087 1715 ἐπιτηδειότερος,
1117 1642 1179 1697 οὐ
1208 1621 1373 1714 μόνον
1389 1621 1499 1696 τῶν
1528 1643 1674 1697 δυοῖν
1696 1640 1809 1698 τῶν

211 1731 453 1809 ὲξόχων,
474 1732 611 1787 ἀλλά
647 1734 743 1788 καὶ
770 1733 880 1788 τῶν
913 1734 1030 1806 μετ’
1061 1732 1283 1796 αὐτούς.
1325 1733 1393 1788 Ἦ
1425 1733 1482 1790 δὲ
1525 1733 1682 1798 λύσις
1712 1733 1813 1789 τοῦ

211 1822 554 1894 ζητουμένου
597 1824 759 1895 αῦτη.
804 1826 1023 1898 Ἐπειδὴ
1067 1826 1346 1898 ἱνεδέχετο
1369 1825 1467 1898 τὴν
1505 1825 1600 1879 τοῦ
1648 1824 1806 1897 βασι,-

1052 411 1588 473 EPISTOLARUM
1628 411 1777 475 LIB.
1815 412 1930 474 Πῐ.
1966 438 2034 450 -·
2070 415 2312 481 EPIST.
2354 413 2696 476 CCCLVIII.

3373 410 3512 481 1016

2385 527 2654 588 CCCLVI.
2688 556 2758 571 -—
2793 524 3027 583 EIDEM.

1979 636 2196 695 Videris
2229 652 2314 706 ea,
2351 654 2473 710 quae
2507 639 2573 695 ad
2612 638 2717 696 hoc
2752 651 2938 708 usque
2960 644 3175 708 tempus
3211 636 3367 706 ﬂuat,
3403 641 3502 696 mi-

1906 727 2054 787 nime
2085 738 2368 799 perspecta
2402 728 2626 794 habere,
2656 741 2719 783 ac
2753 737 3043 798 propterea
3071 740 3172 798 per
3197 726 3412 784 litteras
3441 741 3510 784 es

1907 837 1994 880 me
2014 821 2322 893 quaesiissc,
2341 834 2635 892 quamnam
2658 818 2730 877 ob
2751 833 2998 884 causam,
3024 833 3148 875 cum
3175 817 3371 874 Darius
3396 829 3512 876 tres

1907 919 2075 974 duces
2111 917 2442 975 instituisset
2473 912 2643 988 (inter
2673 927 2811 985 quos
2845 917 3014 969 etiam
3051 913 3237 969 Daniel
3271 911 3512 981 erat),ut

1906 1012 2126 1063 centum
2161 1010 2217 1062 et
2245 1003 2437 1075 viginti
2473 1001 2746 1074 prefectis
2776 1000 2846 1056 ab
2875 1016 2942 1059 eo
2975 1001 3274 1074 designatis
3309 1017 3514 1072 praees-

1907 1103 2052 1160 sent,
2078 1093 2361 1163 Scriptura
2387 1108 2512 1148 eum
2540 1105 2888 1164 comparans,
2914 1107 3015 1163 pro
3040 1107 3106 1150 eo
3134 1103 3302 1164 atque
3327 1095 3508 1166 ipsum

1908 1185 2207 1255 aequalibus
2223 1185 2488 1240 duntaxat
2505 1183 2744 1241 conferri
2761 1184 3072 1255 oportebat,
3087 1200 3211 1241 cum
3232 1186 3302 1242 iis
3318 1187 3510 1253 etiam,

1907 1276 2000 1347 qui
2021 1277 2190 1333 multo
2209 1275 2493 1332 inferiores
2508 1283 2688 1342 erant,
2702 1275 3080 1346 comparabat.
3095 1276 3326 1332 Abunde
3338 1277 3511 1344 enim,

1909 1369 2126 1439 inquis,
2161 1377 2283 1426 erat
2318 1367 2651 1439 collegarum
2685 1368 3055 1441 praecellentia
3091 1369 3160 1425 ad
3193 1369 3325 1424 illud
3361 1370 3511 1425 indi--

1908 1461 2167 1528 cand‘um,
2211 1473 2335 1515 eum
2408 1461 2670 1518 adversus
2714 1459 3001 1518 inferiores
3048 1475 3268 1532 qunque
3338 1461 3512 1517 victo-

1909 1554 2047 1610 riam
2103 1543 2430 1620 obtinuisse;
2454 1550 2610 1608 Nunc
2637 1560 2820 1621 autem
2851 1554 2927 1608 ait
2958 1571 2974 1608 :
3007 1571 3026 1606 ι
3063 1552 3131 1611 Et
3159 1563 3280 1608 erat
3319 1551 3512 1609 Daniel

1909 1660 2076 1716 super
2108 1643 2277 1702 duces
2307 1653 2362 1701 et
2395 1654 2648 1714 satrapas
2668 1644 2776 1711 ",i
2800 1646 3025 1711 hocest,
3063 1643 3384 1713 sapientior.
3423 1656 3512 1697 at-

1908 1749 2015 1807 que
2045 1735 2112 1791 ad
2141 1750 2326 1790 rerum
2357 1733 2889 1790 administrallonem
2921 1728 3252 1802 aptior'esse
3285 1732 3515 1787 demon-

1911 1835 2116 1883 stratus
2151 1835 2266 1895 est,
2305 1841 2412 1882 non
2452 1825 2614 1882 modo
2651 1822 2867 1880 duobus
2901 1822 3012 1880 illis
3046 1820 3267 1879 eximiis
3303 1837 3369 1877 ac
3403 1823 3516 1891 pri-

210 1916 355 1980 λέως
390 1915 574 1988 κρίσιν
613 1916 713 1989 οὑχ
750 1917 882 1988 ύγιῆ
916 1917 1314 1988 τυγχάνουσαν,
1370 1917 1633 1982 πολλάκις
1679 1917 1806 1982 τοὺς

1921 1921 2139 1987 utariis,
2161 1922 2257 1976 sed
2290 1919 2454 1976 etiam
2492 1918 2579 1984 iis,
2611 1916 2705 1987 qui
2735 1917 3098 1988 posteriorem
3134 1915 3202 1975 iis
3231 1913 3526 1985 dignitatis

211 2006 584 2081 φαυλοτέρους
615 2011 697 2073 είς
725 1996 901 2081 άρχῆν
936 2008 1125 2080 φέρειν
1155 2007 1175 2080 (
1192 2007 1220 2062 ὃ
1248 2007 1313 2081 δὴ
1349 2008 1496 2080 φιλεῖ
1536 2007 1806 2078 γίνεσθαι,

211 2101 278 2154 οὐ
316 2100 476 2171 μόνον
510 2102 601 2156 επὶ
628 2100 738 2156 τῶν
771 2100 1081 2173 βασιλειῶν,
1114 2099 1253 2155 ἀλλά
1284 2100 1381 2156 καὶ
1413 2100 1506 2154 ἐπὶ
1534 2100 1643 2155 τῶν
1685 2101 1809 2156 Ἐκ·

212 2193 463 2265 κλησιῶν
483 2212 496 2226 ⁸
525 2195 580 2250 τί
615 2195 726 2267 γὰρ
758 2195 839 2249 δεῖ
862 2191 1186 2266 θαυμάζειν,
1218 2193 1336 2247 είοί
1367 2192 1598 2264 βιωτικά
1623 2193 1806 2265 πράγ-

216 2303 368 2358 ματα
397 2287 863 2361 ὶγκεχειρισμένοι
895 2288 1122 2345 τοιαῦτα
1161 2287 1591 2361 ἁμαρτάνουσιν,
1642 2286 1807 2339 ὁπότε

213 2378 317 2432 καὶ
346 2379 425 2441 είς
448 2376 519 2432 τὰ
553 2377 687 2448 ἅγια
714 2376 1254 2451 είσεκώμασεναῦτη
1285 2378 1320 2446 ἡ
1355 2375 1551 2446 ἀλογία
1576 2378 1632 2443 ;)
1670 2371 1808 2431 εἶναι

210 2469 276 2524 δέ
299 2487 452 2535 τινας
485 2472 545 2524 εν
579 2469 659 2542 τῷ
693 2469 890 2542 πλήθει
924 2470 1137 2524 συνέσει
1179 2467 1387 2523 τούτων
1414 2465 1807 2540 προῦχοντας,

213 2560 531 2632 ἀναγκαίως
561 2562 660 2634 τὴν
686 2559 976 2632 σύγκρισιν
1018 2559 1116 2615 τοῦ
1158 2559 1370 2616 δικαίου
1412 2559 1476 2614 οὐ
1511 2559 1651 2632 πρὸς
1683 2559 1811 2624 τοὺς

215 2651 316 2707 δύο
347 2653 544 2725 μόνους
579 2652 877 2724 ἐποιήσατο
908 2636 1238 2716 ’τακτικοῦς,
1288 2651 1438 2707 τοῦτ’
1484 2650 1638 2715 εστι,
1684 2651 1811 2716 τοὺς

213 2741 331 2797 τῶν
361 2741 770 2814 στρατιωτικῶν
795 2741 1006 2809 τάξεων
1041 2741 1421 2815 ἡγουμένους,
1455 2741 1552 2798 καὶ
1588 2742 1812 2796 τάττον-

104 2830 110 2834 ’
214 2848 324 2896 τας
355 2831 559 2896 ταύτας
607 2832 908 2906 δποιχρὴ,
940 2831 1052 2890 εῐτε
1099 2833 1158 2887 εν
1187 2832 1434 2905 πολέμῳ,
1477 2833 1590 2888 εἴτε
1636 2833 1698 2886 ἐν
1738 2834 1813 2888 εί-

221 2925 386 2995 ρήνῃ,
413 2922 548 2978 ἀλλά
584 2923 682 2978 καὶ
715 2923 851 2997 πρὸς
882 2923 1010 2990 τοὺς
1035 2923 1230 2989 ἀλλους
1271 2922 1542 2988 ἃπαντας·
1579 2922 1681 2978 οὐκ
1703 2923 1813 2979 ἀπὸ

215 3014 326 3085 τῆς
351 3013 678 3085 κρατοῦντος
701 3016 948 3087 γνώμης,
980 3015 1081 3086 τῆς
1115 3015 1380 3079 πολλάκις
1405 3014 1813 3088 διαμαρτανού-

214 3121 362 3176 σης,
403 3104 516 3159 ἀλλ’
551 3104 659 3160 ἀπὺ
685 3107 785 3177 τῆς
811 3105 922 3160 τῶν
966 3105 1313 3178 πραγμάτων
1343 3106 1602 3179 ἀληθείας
1651 3109 1813 3164 αὐτὸν

222 3195 568 3267 στεφανοῦσα
595 3196 732 3268 (89).
779 3189 1119 3269 ’Υπερέφερε
1153 3197 1267 3271 γὰρ
1298 3198 1362 3253 οὐ
1397 3199 1558 3270 μόνον
1583 3199 1694 3254 τῶν
1721 3201 1811 3255 60-

221 3285 434 3354 ξάντων
462 3287 539 3358 τῷ
567 3287 777 3359 βασιλεῖ
804 3287 1041 3342 συνετῶν
1086 3283 1263 3360 εῖναι,
1297 3289 1438 3344 ἀλλὰ
1466 3291 1562 3343 καὶ
1589 3290 1698 3345 τῶν
1725 3290 1816 3346 δν-

221 3395 334 3442 τως
362 3379 622 3435 συνετῶν.
653 3379 746 3434 Διδ
774 3379 872 3435 καὶ
920 3377 996 3452 [ὁ]
1033 3379 1290 3451 βασιλεὺς
1327 3381 1430 3453 μὲν
1476 3379 1817 3455 κατέστησεν

222 3468 391 3523 αὐτὸν
432 3468 519 3539 ἐφ’
553 3467 684 3542 δλης
725 3469 827 3540 τῆς
856 3469 1137 3541 βασιλείας
1156 3508 1174 3537 ,
1202 3472 1272 3525 ὲκ
1307 3470 1419 3526 τῶν
1447 3471 1818 3543 πραγμάτων,

224 3559 516 3631 κρείττονα
543 3558 653 3614 τῶν
693 3559 900 3615 λοιπῶν
926 3559 1171 3633 δηλονότι
1215 3560 1473 3630 ὀφθέντας
1504 3561 1556 3616 οἱ
1589 3562 1634 3616 δ’
1666 3563 1818 3619 ἀλλοι

223 3649 410 3715 δόλους
442 3651 536 3705 καὶ
570 3651 879 3723 σκευωρίας
931 3653 1163 3723 ῥάπτειν
1208 3651 1579 3720 διεγίνωσκον.
1619 3654 1819 3720 Φθόνος

225 3746 338 3819 γὰρ
368 3749 486 3810 ταῖς
514 3745 844 3820 εὐπραγίαις
873 3749 1393 3820 ἀντιστρατεύεσθαι
1424 3749 1692 3819 πέφυκεν.

1916 2011 2095 2066 locum
2135 2009 2417 2065 tenebant.
2448 2006 2778 2076 Quaestionis
2810 2014 2993 2061 autem
3025 2004 3226 2061 solutio
3259 2005 3375 2060 lucc
3406 2013 3526 2061 est.

1918 2103 2184 2172 Quoniam
2214 2100 2330 2157 ﬁeri
2358 2109 2602 2172 poterat,
2630 2108 2691 2157 ut
2716 2097 2861 2170 regis
2879 2096 3147 2170 judicium
3179 2096 3404 2152 minime
3428 2112 3518 2152 sa-

1917 2211 2048 2252 num
2089 2203 2146 2250 et
2184 2194 2454 2264 integrum
2496 2192 2799 2249 deteriores
2838 2204 3081 2262 persaepe
3116 2190 3184 2246 ad
3225 2188 3521 2261 imperium

1917 2285 2135 2343 efferret
2171 2284 2345 2357 (quod
2383 2284 2600 2354 quidem
2640 2283 2758 2340 ﬂeri
2797 2282 3117 2349 consuevit,
3155 2295 3262 2337 non
3301 2289 3518 2337 tantum

1919 2379 1972 2436 in
2017 2379 2222 2450 regnis,
2263 2377 2356 2432 sed
2396 2377 2563 2436 etiam
2609 2377 2665 2432 in
2704 2374 2985 2432 Ecclesiis.
3031 2373 3174 2443 Quid
3215 2372 3364 2429 enim
3405 2380 3518 2439 est,

1918 2472 2274 2542 quamobrem
2310 2471 2506 2527 mirum
2540 2471 2717 2528 videri
2751 2469 2970 2536 debeat,
3008 2467 3051 2524 si
3088 2467 3150 2536 il,
3184 2466 3386 2536 quibus
3416 2465 3519 2520 ltu-

1913 2561 2068 2633 jusce
2110 2560 2235 2617 vitre
2282 2561 2496 2634 negotia
2545 2561 2838 2617 commissa
2887 2567 3048 2626 sunt,
3099 2560 3155 2614 in
3202 2553 3519 2628 huiusmodi

1919 2663 2144 2726 peccata
2179 2651 2554 2724 prolabantur,
2595 2666 2719 2708 cum
2757 2651 2924 2707 etiam
2963 2650 3016 2706 in
3054 2657 3248 2706 sancta
3282 2650 3398 2704 haec
3435 2657 3522 2701 te-

1922 2743 2144 2800 meritas
2165 2740 2496 2815 irruperiti),
2527 2728 2706 2800 essent
2729 2749 2913 2798 autem
2937 2741 2992 2798 in
3015 2739 3360 2797 multitudine
3383 2751 3522 2795 non-

1919 2835 2082 2902 nulli,
2113 2834 2206 2906 qui
2245 2833 2537 2907 prudentia
2568 2847 2665 2889 eos
2697 2833 3018 2899 anteirent,
3042 2832 3357 2890 necessario
3392 2845 3524 2902 pro-

1922 2925 2050 2982 inde
2088 2925 2218 2998 justi
2254 2923 2356 2980 viri
2399 2925 2867 2996 comparationem
2911 2938 3021 2980 non
3062 2939 3189 2981 cum
3235 2923 3370 2980 solis
3414 2921 3523 2978 illis

1922 3015 2134 3082 duobus
2159 3013 2390 3069 ducibus
2415 3012 2574 3080 fecit,
2592 3014 2698 3070 hoc
2723 3023 2830 3081 est,
2856 3014 2924 3068 iis
2950 3014 3043 3085 qui
3076 3013 3403 3069 militaribus
3430 3026 3522 3068 or—

1922 3108 2141 3164 dinibus
2164 3114 2457 3178 praeerant,
2481 3120 2705 3178 eosque,
2732 3114 2845 3161 tum
2872 3106 2925 3160 in
2953 3105 3118 3172 bello,
3144 3115 3258 3160 tum
3284 3104 3338 3158 in
3364 3119 3519 3174 pace,

1923 3197 2015 3253 ubi
2044 3196 2350 3267 oportebat,
2379 3195 2743 3264 collocabant,
2766 3197 2862 3251 sed
2894 3193 3059 3251 etiam
3092 3209 3215 3250 cum
3247 3193 3371 3249 aliis
3400 3209 3521 3250 om-

1926 3289 2087 3348 nibus
2115 3308 2129 3345 :
2159 3303 2267 3359 quo
2290 3287 2544 3344 videlicet
2567 3301 2673 3342 nou
2700 3285 3054 3357 imperatoris
3077 3285 3374 3351 sententia,
3401 3299 3524 3355 quae

1920 3381 2239 3456 plerumque
2264 3395 2296 3435 a
2325 3387 2479 3435 recto
2508 3379 2746 3444 aberrat,
2777 3378 2873 3435 sed
2901 3393 2929 3435 a
2960 3393 3144 3435 rerum
3171 3377 3403 3432 veritate
3428 3390 3524 3432 co-

1921 3489 2112 3530 ronam
2147 3471 2247 3544 ipsi
2285 3479 2549 3528 necteret.
2583 3469 2748 3542 397
2785 3469 3090 3528 Prmstabat
3123 3471 3271 3526 enim
3309 3484 3416 3525 non
3455 3468 3524 3522 iis

1919 3567 2208 3633 duntaxat,
2242 3566 2334 3636 qui
2373 3562 2489 3635 regi
2530 3565 2825 3633 prudentes
2863 3572 2920 3619 et
2960 3563 3168 3620 cordati
3210 3577 3334 3619 esse
3369 3561 3524 3617 vide-

1921 3660 2142 3725 bantur,
2161 3672 2349 3714 verum
2373 3656 2438 3711 iis
2458 3668 2677 3725 quoque
2696 3654 2789 3726 qui
2814 3669 3004 3712 revera
3025 3654 3325 3726 prudentes
3342 3662 3522 3708 erant.

1925 3748 2195 3816 Quocirca
2223 3746 2387 3803 etiam
2415 3757 2509 3800 rex
2537 3743 2756 3814 quidem
2790 3743 2960 3801 totius
2987 3742 3139 3816 regni
3170 3741 3525 3801 administra-

228 3839 361 3894 tioni
395 3853 519 3896 eum
552 3842 818 3912 pne-fecit,
847 3849 908 3896 ut
939 3841 1031 3911 qui
1063 3841 1274 3897 scilicet
1301 3857 1371 3898 ex
1403 3858 1584 3905 rerum
1617 3841 2000 3915 procuratione
2063 3840 2292 3912 reliquis
2348 3842 2601 3899 omnibus
2645 3840 3083 3911 praestantiorem
3120 3854 3180 3898 se
3248 3839 3517 3911 prabuis—

226 3939 311 3985 set
361 3947 376 3982 :
433 3928 524 3986 alii
570 3939 750 3987 autem
798 3931 948 3988 dolos
999 3946 1064 3986 ac
1112 3931 1332 3988 l'raudes
1378 3934 1644 3992 adversus
1690 3950 1816 3991 eum
1872 3932 2208 3989 concinnare
2258 3934 2312 3989 in
2363 3933 2552 3990 animo
2603 3932 2896 3989 habebant.
2979 3930 3074 3987 Sic
3121 3931 3270 3987 enim
3323 3942 3521 3988 natura

228 4030 607 4093 comparatum
655 4031 775 4090 est,
823 4031 883 4077 ut
926 4023 1067 4079 livor
1116 4023 1379 4081 adversus
1425 4039 1514 4084 res
1562 4027 1828 4084 secundas
1868 4024 2070 4084 bellum
2103 4026 2269 4082 ineat.

771 4135 932 4192 er'.
958 4167 1029 4178 —-
1054 4137 1287 4211 ΗΣΑΙᾼ.

301 4247 479 4302 Βλέπε
515 4247 590 4320 μή
654 4264 786 4303 ποτε
829 4249 864 4320 ή
913 4248 1329 4322 ἀνυπέρσλητός
1378 4267 1471 4304 σου
1531 4248 1831 4315 ἀλαζονεία

230 4339 528 4412 ἀναγκάσῃ
561 4339 662 4410 τὴν
713 4339 866 4393 θείαν
897 4341 992 4396 καὶ
1019 4341 1386 4413 ήμερωτάτην
1427 4341 1591 4413 φύσιν
1619 4342 1721 4415 τὴν
1751 4344 1822 4397 ol-

2403 4135 2690 4194 CCCLVII.
2719 4165 2791 4179 --
2819 4134 3052 4194 ISAUE.

2003 4248 2157 4314 Vide.
2185 4265 2392 4319 auerso,
2425 4265 2492 4308 ne
2520 4250 2911 4324 insuperabilis
2951 4260 3041 4307 tua
3089 4251 3398 4321 arrogantia
3437 4251 3526 4308 di-

1927 4339 2107 4394 vinam
2137 4340 2285 4395 illam
2315 4350 2370 4396 et
2397 4339 2896 4398 mansuetissimam
2923 4350 3171 4398 naturam
3201 4342 3310 4397 vim
3340 4358 3524 4406 suam,

233 4428 393 4483 κείαν
425 4427 801 4494 ὶπιδείξασθαι
850 4430 1106 4502 δύναμιν,
1147 4433 1244 4504 τὴν
1279 4432 1561 4489 κάνταῦθα
1587 4433 1820 4488 πανολε-

1931 4445 2052 4501 qua
2087 4442 2139 4488 te
2164 4440 2220 4486 et
2251 4432 2338 4489 hic
2360 4431 2606 4490 funditus
2632 4433 2816 4491 delere
2837 4477 2853 4502 ,
2885 4441 2942 4490 et
2976 4433 3092 4489 illic
3132 4434 3523 4490 acerbissimas

237 4521 397 4592 θρίαν
422 4521 534 4594 (90)
565 4538 625 4576 σε
651 4521 1014 4594 παραδοῦναι,
1039 4525 1264 4578 κάκεῖσε
1295 4525 1629 4598 πικροτάτας
1651 4529 1821 4584 ἀπαι-

233 4614 396 4684 τῆσαι
423 4612 577 4678 δίκας
606 4613 936 4686 δυναμένην.

707 4705 886 4763 TNH'.
912 4737 986 4749 —
1023 4709 1111 4781 Tn
1136 4709 1342 4781 arra.

320 4815 379 4869 '0
404 4817 706 4889 χρημάτων
736 4818 1025 4891 κρείττων,
1060 4820 1184 4874 οὔτε
1214 4823 1294 4886 είς
1323 4822 1450 4886 τοὺς
1479 4819 1694 4894 πλούτῳ
1724 4839 1818 4878 κο-

242 4903 483 4974 μῶντας,
540 4905 662 4960 οὔτε
710 4910 790 4972 είς
839 4912 966 4973 τοὺς
1030 4909 1438 4982 δυσνουθετήτῳ
1492 4910 1691 4984 θηρίῳ,
1747 4915 1816 4986 τῇ

242 4995 404 5067 πενίᾳ
448 4999 592 5067 φημὶ
629 5000 996 5071 μαχομένους,
1042 5002 1196 5074 παρὰ
1241 5003 1406 5074 νόμον
1433 5021 1486 5057 τι
1513 5003 1655 5069 ἀξιοῖ
1701 5005 1823 5060 δια-

243 5087 576 5161 πράξασθαι.
621 5090 901 5164 υῦτε’,γάρ
935 5093 1179 5158 ἐκείνους
1230 5095 1406 5148 ἀδικεῖ
1450 5092 1714 5166 ἁρπάξων
1757 5095 1828 5150 τὰ

244 5181 532 5251 χρήματαο
582 5181 708 5237 οὔτε
738 5185 984 5253 τούτους,
1038 5186 1288 5259 λήμματι
1322 5187 1714 5260 παραφθείρων
1768 5189 1828 5244 τὸ

244 5271 470 5329 δίκαιον.

317 5431 360 5463 ⁸⁸
390 5429 525 5488 Dan.
569 5446 645 5499 Vl,
679 5433 732 5487 '5.

1934 4522 2031 4579 abs
2068 4533 2120 4580 te
2157 4538 2350 4594 partes
2377 4533 2636 4597 expetere
2665 4533 2868 4596 potest,
2898 4526 3281 4583 demonstrare
3311 4536 3492 4598 cogat.

2391 4704 2704 4765 CCCLVIII.
2728 4737 2800 4750 —
2824 4706 3061 4766 EIDEM.

1998 4819 2100 4888 Qui
2133 4822 2376 4892 pecuniis
2407 4824 2656 4894 superior
2687 4832 2801 4890 est,
2852 4837 2957 4880 nec
3004 4823 3268 4878 adversus
3308 4835 3405 4877 eos
3430 4829 3523 4890 qui

1925 4916 2120 4987 Opibus
2145 4917 2449 4983 abundant,
2473 4933 2570 4974 nec
2600 4918 2861 4974 adversus
2882 4930 2978 4973 eos
3003 4917 3205 4987 quibus
3230 4931 3355 4972 cum
3386 4930 3523 4971 con-

1929 5010 2128 5064 tumaci
2161 5002 2296 5076 fera,
2333 5008 2438 5066 hoc
2466 5019 2574 5078 est,
2610 5026 2731 5066 cum
2759 5019 3083 5080 paupertate
3108 5020 3394 5064 certamen
3415 5012 3523 5072 est,

1927 5099 2131 5170 aliquid
2158 5110 2359 5169 praeter
2387 5100 2560 5171 legem
2585 5111 2898 5173 perpetrare
2925 5101 2978 5155 in
3003 5100 3244 5155 animum
3287 5098 3523 5154 inducit.

1931 5190 2065 5247 Nam
2099 5207 2198 5248 nec
2234 5193 2352 5249 illos
2387 5194 2570 5260 laedit,
2614 5194 2872 5264 pecunias
2899 5193 3137 5263 eripiens
3183 5207 3197 5246 :
3255 5203 3356 5249 nec
3403 5190 3525 5255 bos,

1926 5282 2068 5353 juris
2097 5284 2410 5354 religionem
2437 5285 2507 5340 ob
2541 5295 2770 5340 munera
2790 5291 3130 5356 pervertens.

1354 5547 1586 5603 VARUE
1625 5547 2011 5605 LECTIONILS
2047 5548 2134 5604 ΕΤ
2181 5547 2417 5605 ΝΟΤᾸΕ.

317 5693 432 5781 ςβὸ)
467 5695 602 5781 Coti.
637 5697 916 5781 V':tt._630,
948 5696 1135 5781 ἔοικας
1170 5701 1551 5781 μοι-συνορᾷν,
1588 5699 1705 5781 sine
1735 5712 1828 5781 ne-

253 5765 487 5848 gatione.
546 5765 699 5830 Vera.
747 5771 777 5823 7
834 5784 930 5839 pro
970 5772 1081 5833 τοῖς
1131 5765 1309 5840 πολλῷ
1367 5765 1518 5841 legit.
1543 5772 1654 5833 τοῖς
1698 5768 1831 5821 πολε

257 5835 385 5899 Αοῖς.
417 5834 624 5892 Pussts.

2015 5698 2128 5768 (89)
2170 5700 2314 5756 Idem
2341 5702 2490 5760 c0.i..
2523 5701 2891 5769 στεφανῶσαι.
2929 5701 2988 5756 in

2013 5772 2125 5842 (90)
2160 5769 2302 5827 Idem
2339 5774 2483 5839 cod.,
2524 5771 2889 5843 πανωλεθρίᾳ.
2926 5775 2980 5828 lu
