4164 6478
697 368 829 435 ιρις»
1885 369 1946 429 S.
1986 365 2272 427 ISIDORI
2313 365 2341 424 Ι

2326 361 2746 424 ΡΕΙᾸῙΞΙΟΤΕ
3809 345 3970 413 101C-

881 474 1148 534 CCCLIX.
1170 503 1240 518 -—
1263 474 1353 531 AU
1365 473 1566 530 SONlO
1595 471 2059 530 CORRECTORI.
2289 483 2334 537 Α

2289 483 2334 537 Α
2582 472 2754 526 ΤΝΘ¹.
2795 500 2856 512 -
2900 467 3195 536 ΑΥΣΟΝΙῼ
3238 463 3707 519 ΚΟΡΡΗΚΤΟΡΙ.

762 586 1200 656 Quandoquidem
1232 587 1300 641 ad
1333 586 1735 656 subripiendam
1768 601 1870 641 non
1907 585 2123 642 fortium
2153 595 2263 638 tan-

2449 583 2666 650 Ἐπειδὴ
2689 580 2858 634 δεινὸν
2891 582 2922 650 ἡ
2954 577 3209 632 κολακεία
3235 576 3296 629 οὐ
3331 575 3490 646 μόνον
3517 572 3625 626 τῶν
3646 570 3967 643 ἀνδρείων,

693 694 830 745 tum,
862 682 957 735 sed
993 681 1158 735 etiam
1185 680 1506 750 prudentum
1538 681 1776 734 virorum
1818 689 2048 735 mentem
2076 695 2262 734 assen-

2366 675 2499 732 ἀλλὰ
2526 674 2619 728 καὶ
2651 673 2759 724 τῶν
2797 671 3083 741 ἐμφρόνων
3119 667 3315 736 κλέψαι
3345 666 3436 719 τὸν
3464 663 3588 718 νοῦν
3610 679 3624 694 ⁶
3657 663 3749 717 διὰ
3782 661 3972 750 τρῦτο

691 776 821 826 tatio
855 786 1104 842 magnam
1134 770 1239 824 vim
1269 769 1432 824 habet
1459 788 1472 824 :
1524 771 1728 825 idcirco
1753 786 1858 825 non
1893 769 2086 838 injuria
2117 782 2262 825 metu

2367 765 2590 826 εἰκότως
2628 762 2720 816 τοῦ
2751 761 2918 830 φόϐου
2949 761 3152 828 ταύτην
3195 758 3337 828 φημὶ
3365 753 3739 824 δυνατωτέραν
3772 747 3965 806 εἶναι.

689 863 1044 918 valentiorem
1072 876 1190 917 eam
1224 876 1345 916 esse
1405 875 1610 916 assero.
1647 861 1726 916 llli
1770 863 1972 917 etenim
2023 861 2264 932 plerique

2367 858 2456 927 Τῷ
2497 857 2596 928 μὲν
2641 855 2751 924 γὰρ
2785 852 3131 923 αἰσχύνονται
3172 849 3356 902 πολλοὶ
3384 842 3555 914 εἶξαι·
3595 846 3701 915 τῆς
3727 844 3788 897 δὲ
3833 843 3966 913 (91)

690 953 884 1010 cedere
945 960 1247 1009 verentur:
1314 945 1479 1007 huie'
1513 961 1693 1008 autem
1744 951 1999 1008 libentius
2066 954 2263 1007 animis

2367 948 2536 1019 ἡδέως
2569 945 2863 1017 ἡττῶνται,
2891 944 3130 1014 ἀκρίτως
3161 941 3257 996 καὶ
3295 939 3670 1002 ἀϐασανίστως
3711 936 3969 997 ἑαυτοὺς

691 1044 1090 1110 succumbunt,
1123 1053 1329 1100 temere
1385 1043 1638 1099 videlicet
1679 1058 1744 1098 ac
1793 1042 1930 1097 citra
1961 1044 2261 1098 cruciatum

1033 1051 1090 1110 t,
1123 1053 1329 1100 temere
1385 1043 1638 1099 videlicet
1679 1058 1744 1098 ac
1793 1042 1930 1097 citra
1961 1044 2261 1098 cruciatum
2366 1040 2677 1101 ἐνδιδόντες.

691 1135 900 1205 seipsos
929 1134 1204 1189 dedentes.

1131 1238 1376 1296 CCCLX.
1401 1271 1471 1282 -
1500 1238 1827 1300 LEONTIO.
1867 1260 1873 1268 ε
2409 1225 2417 1233 ’

1791 1242 1827 1296 ›.
1867 1260 1873 1268 ~
2409 1225 2417 1233 '
2852 1234 2972 1290 τεν.
3013 1263 3084 1274 -
3120 1232 3435 1303 ΛΕΟΝἸΊῼ.

765 1347 844 1401 Ne
880 1348 1118 1414 mireris,
1153 1348 1232 1403 vir
1262 1350 1486 1417 optime,
1519 1364 1640 1415 nec,
1677 1345 1816 1402 ultra
1853 1364 2014 1420 quam
2046 1364 2142 1420 par
2169 1349 2260 1414 sit,

2436 1348 2526 1418 Μὴ
2552 1345 2818 1416 θαύμαζε,
2855 1339 2899 1397 ὧ
2929 1344 3136 1413 ἄριστε,
3193 1342 3328 1412 μηδὲ
3379 1339 3480 1405 ἔξω
3511 1337 3604 1392 τοῦ
3636 1337 3966 1408 πρέποντος

695 1438 898 1494 doloris
934 1439 1114 1509 jaculo
1150 1442 1450 1511 configatur
1486 1427 1698 1496 animtts
1748 1451 1870 1495 tuus
1902 1481 1914 1504 ,
1978 1452 2261 1509 propterea

2367 1436 2792 1504 ὲξακοντιζέσθω
2811 1452 2903 1487 σου
2928 1436 2987 1486 τὸ
3013 1434 3290 1504 φρόνημα,
3311 1434 3357 1484 εἰ
3385 1430 3779 1500 κεκλεισμένης
3811 1426 3962 1499 (92),

692 1532 872 1598 quod,
903 1545 1024 1585 cum
1057 1531 1272 1586 Zosimo
1295 1570 1308 1595 ,
1337 1541 1392 1585 ut
1417 1533 1681 1601 St'ripsisli
1704 1573 1717 1596 ,
1751 1533 1998 1602 loquendi
2047 1533 2264 1588 libertas

2366 1526 2440 1588 ὡς
2469 1525 2776 1596 γέγραφας,
2815 1524 3062 1593 Ζωσίμου
3092 1524 3193 1593 τῆς
3228 1521 3562 1594 παρρησίας,
3595 1521 3655 1573 οὺ
3697 1517 3963 1587 κιγκλίσι

693 1621 872 1676 clausa
899 1622 988 1687 sit,
1021 1636 1129 1691 non
1163 1621 1416 1676 cancellis
1447 1623 1766 1690 quibusdam
1801 1632 1854 1675 et
1879 1621 2061 1690 januis
2082 1663 2096 1687 ,
2131 1635 2264 1691 quas
2298 1670 2335 1691 η

2314 1670 2335 1691 δ
2368 1617 2461 1669 καὶ
2487 1615 2680 1684 θύραις
2709 1615 2874 1682 τισὶν,
2908 1616 2972 1677 ἇς
3007 1631 3149 1676 τινες
3177 1613 3243 1666 ἂν
3262 1614 3355 1665 καὶ
3381 1611 3788 1682 παρανοίξειαν,
3809 1608 3958 1664 ἀλλὰ

692 1712 852 1766 etiam
903 1711 1120 1781 quidam
1157 1711 1385 1766 fortasse
1423 1712 1635 1775 aperire
1673 1723 1911 1779 queant,
1954 1726 2136 1765 verum
2185 1721 2262 1764 tot
2297 1701 2336 1725 ν

2315 1701 2336 1725 ³
2364 1706 2642 1770 τοσούτοις
2674 1706 2769 1759 καὶ
2789 1705 3128 1775 τηλικούτοις
3172 1703 3533 1774 ἐγκλήμασιν,
3567 1702 3647 1754 ἔτι
3677 1701 3777 1754 καὶ
3813 1701 3959 1755 ἀθυ-

694 1817 754 1858 ac
786 1803 950 1857 tantis
971 1802 1312 1866 criminibus,
1341 1803 1517 1856 adhuc
1544 1812 1718 1858 tamen
1749 1803 1942 1872 lingua:
1965 1801 2257 1872 petulantia

2371 1795 2926 1872 ρογλωττεί.“Ὣσπερ
2972 1798 3082 1868 γὰρ
3113 1799 3224 1860 τοῖς
3267 1795 3589 1868 κατορθοῦσι
3627 1793 3960 1866 μετριάζειν

697 1893 921 1948 laboret.
952 1889 1024 1950 Ut
1050 1894 1194 1949 enim
1233 1893 1300 1948 iis
1326 1933 1341 1958 ,
1372 1894 1462 1962 qui
1494 1893 1696 1962 aliquid
1723 1909 1787 1948 ex
1819 1893 2017 1947 virtute
2043 1903 2260 1961 gerunt,

2372 1890 2510 1961 μετὰ
2539 1888 2606 1943 τὰ
2632 1887 3031 1959 κατορθώματα
3069 1887 3210 1950 ἔθος,
3239 1885 3384 1940 οὕτω
3425 1886 3517 1938 καί⁵
3555 1888 3665 1947 τοῖς
3691 1885 3959 1956 ἁμαρτά-

698 1995 978 2054 postquam
1011 1984 1224 2039 virtutis
1251 1985 1561 2038 muneribus
1606 1983 1869 2051 perfuncti
1902 1993 2052 2047 sunt,
2082 1983 2262 2037 mode-

2368 2000 2519 2034 νουσι
2559 1981 2694 2051 μετὰ
2739 1981 2807 2033 τὰ
2846 1979 3166 2049 πταίσματα
3209 1977 3549 2049 ἐπαίρεσθαι.
3580 1979 3643 2030 Εί
3675 1977 3733 2030 δὲ
3764 1977 3958 2046 βούλει

698 2079 854 2133 stiam
891 2079 1150 2134 adbibere
1171 2093 1289 2133 mos
1325 2088 1436 2132 est:
1475 2081 1554 2134 sic
1585 2079 1747 2133 etiam
1773 2079 1863 2144 iis,
1894 2078 1984 2148 qui
2012 2087 2262 2145 peccant,

2371 2070 2645 2136 ἀπόδειξιν
2679 2073 2868 2126 τούτου
2893 2071 3099 2136 λαϐεῖν,
3127 2070 3224 2123 θέα
3249 2070 3374 2133 τοὺς
3402 2072 3551 2140 τρεῖς
3582 2069 3780 2132 παῖδας
3806 2068 3960 2121 ὲκεί-

699 2180 814 2240 post
846 2170 1042 2225 delicta
1067 2171 1346 2239 superbire
1389 2180 1550 2240 atque
1583 2170 1779 2225 animis
1811 2169 2013 2225 efferri.
2043 2167 2192 2234 Quod
2218 2169 2261 2221 si

2372 2179 2494 2224 vou;
2523 2163 2647 2225 τοὺς
2673 2161 2988 2230 κρείττονας
3007 2158 3099 2212 τοῦ
3133 2159 3300 2228 πυρὸς
3323 2159 3410 2212 διὰ
3434 2158 3782 2228 δικαιοσύνην
3814 2159 3956 2211 ἀπο-

698 2259 858 2326 hujus
893 2259 968 2315 rei
994 2268 1369 2328 argumentum
1402 2275 1597 2328 capere
1619 2260 1788 2329 cupis,
1837 2259 2082 2328 perspice
2111 2258 2265 2326 quid-

2373 2252 2693 2320 φανθέντας,
2726 2251 2779 2303 τί
2831 2267 3025 2319 φασιν·
3079 2268 3097 2300 ι
3142 2251 3510 2320 Ἠμάρτομεν,
3560 2251 3951 2321 ήνομήσαμεν,

699 2365 822 2404 nam
847 2358 954 2406 tres
980 2349 1053 2404 illi
1080 2349 1253 2419 pueri,
1277 2350 1366 2421 qui
1400 2349 1471 2406 ob
1504 2352 1626 2405 vitae
1661 2351 1980 2419 probitatem
2011 2364 2074 2404 ac
2108 2349 2265 2419 justi-

2372 2343 2732 2414 ἠδικήσαμεν.
2775 2360 2792 2394 ι
2835 2344 2896 2395 Οἱ
2931 2341 2986 2394 δὲ
3029 2341 3294 2405 Ἰουδαῖοι,
3324 2337 3402 2406 οἷς
3444 2343 3595 2395 οὐδὲν
3639 2342 3956 2413 ἁμάρτημα

701 2441 829 2496 tiam
865 2441 989 2511 igne
1020 2442 1328 2512 superiores
1371 2442 1740 2507 exstiterunt,
1781 2443 1991 2497 dicant:
2027 2460 2044 2492 ‹
2071 2441 2269 2495 Pecca-

2372 2435 2671 2506 ἄπρακτον,
2704 2435 2826 2487 οὐδὲ
2865 2433 3024 2503 λόγος
3048 2435 3274 2503 αἰσχρὸς
3305 2433 3540 2505 ἄρρητός
3570 2429 3659 2504 ἦν,
3686 2433 3953 2502 ἔφασκον·

700 2526 874 2581 vimus
899 2567 914 2592 ,
945 2527 1129 2596 inique
1157 2528 1365 2599 egimus
1388 2568 1403 2594 ,
1452 2529 1768 2597 iujuslitiatn
1807 2530 2033 2586 fecimus
2052 2530 2118 2582 “.
2144 2548 2161 2579 ι
2201 2529 2269 2581 At

2379 2543 2396 2577 ι
2458 2524 2835 2596 Ἐφυλάξαμεν
2875 2525 2945 2578 τὰ
3005 2524 3404 2594 προστάγματά
3450 2540 3563 2587 σου,
3617 2525 3710 2576 καὶ
3757 2524 3830 2576 τα
3875 2524 3957 2575 δι-

698 2626 882 2672 contra
898 2616 1088 2681 Judaei,
1115 2621 1203 2686 qui
1229 2634 1326 2674 nec
1348 2620 1414 2675 ab
1434 2621 1541 2675 ullo
1565 2621 1791 2687 scelere,
1816 2636 1914 2674 nec
1943 2622 2010 2675 ab
2038 2621 2270 2675 obsceno

2379 2617 2674 2687 καιώματά
2709 2632 2836 2669 σου·
2867 2617 2959 2669 καὶ
3005 2615 3102 2670 νῦν
3146 2614 3523 2686 μακαρίζομεν
3553 2614 3894 2685 ἀλλοτρίους.
3933 2632 3952 2664 ι

701 2706 809 2762 υΙΙο
837 2721 1088 2763 sermone
1131 2708 1536 2773 abstinuerant,
1585 2711 1669 2764 his
1710 2711 1894 2765 verbis
1936 2709 2266 2765 utebantur:

2380 2710 2470 2778 Μὴ
2497 2709 2676 2761 τοίνυν
2723 2708 2859 2778 μηδὲ
2912 2706 3074 2770 αὐτὸς
3118 2705 3412 2777 ταράττον,
3467 2705 3601 2777 μηδὲ
3653 2705 3870 2775 ἀπηχὲς
3907 2721 3957 2756 τι

705 2811 724 2847 ι
759 2791 1160 2852 Custodlvimus
1196 2807 1460 2866 pmcepta
1483 2807 1573 2852 tua
1603 2798 2078 2866 etjustilicationes
2112 2807 2270 2854 tuas:

2381 2798 2620 2868 φθέγγου
2675 2798 2770 2851 καὶ
2812 2797 3047 2867 ἀπῳδὸν,
3099 2794 3381 2864 γινώσκων
3410 2797 3492 2848 ὅτι
3535 2795 3688 2848 τοῦτο
3721 2795 3960 2866 μάλιστα.

702 2900 766 2942 ac
795 2901 942 2942 nunc
963 2887 1168 2943 alienos
1195 2889 1381 2943 beatos
1405 2890 1841 2958 praedicamus".
1866 2909 1884 2943 ι
1914 2891 2272 2957 Quamobrem

2123 2891 2272 2945 breut
2382 2889 2579 2960 δεῖγμά
2610 2891 2724 2942 ἐστι
2762 2889 2859 2956 τῆς
2890 2887 3125 2956 ἐσχάτης
3153 2885 3319 2940 αὐτοῦ
3361 2885 3767 2956 παραπληξίας.

703 2991 802 3032 nec
845 2986 897 3031 tu
932 2992 1145 3048 quoque
1168 2980 1523 3048 perturberis,
1543 2993 1642 3035 nec
1669 2981 1960 3035 absurdum
1983 2982 2274 3050 quidquam
2310 2987 2363 3033 et
2432 2981 2693 3035 absonum
2770 2978 3148 3047 proloquaris:
3199 2977 3328 3032 illud
3385 2993 3482 3047 pro
3531 2987 3680 3032 certo
3727 2977 3956 3044 habens,

702 3078 960 3128 extrema:
996 3071 1166 3141 ipsius
1191 3071 1522 3140 stupiditatis
1553 3073 1651 3128 boc
1679 3074 1732 3127 in
1774 3073 1962 3144 primis
1988 3082 2361 3142 argumentum
2402 3087 2542 3128 esse.

818 3177 988 3250 398
1016 3176 1283 3235 CCCLX].
1313 3209 1382 3221 -—
1412 3178 1692 3236 HIERACI
1733 3179 2168 3236 CLARISSIMO.
2305 3168 2347 3226 C

2032 3179 2168 3236 tuo.
2305 3168 2347 3226 α
2603 3186 2765 3238 ΤΞΑν.
2803 3215 2870 3225 -.
2899 3184 3137 3238 lEPAKl
3183 3181 3676 3252 ΑΑΜΠΡοτΑτο.

771 3285 887 3341 Non
918 3302 1055 3343 :erea
1082 3296 1256 3342 statua
1289 3290 1718 3360 auro-refulgens
1747 3292 1961 3348 actione
1991 3303 2080 3347 tua
2117 3293 2274 3362 digna

2454 3295 2528 3348 Οὐ
2578 3295 2759 3365 χαλκῆ
2795 3294 2960 3348 είκὼν
2993 3294 3181 3365 χρυσῷ
3212 3293 3680 3365 ἀπαστράπτουσα
3711 3293 3815 3363 τῆς
3859 3294 3955 3363 σῆς

705 3389 823 3444 est,
850 3381 943 3436 sed
975 3381 1079 3435 vita
1121 3381 1280 3436 linem
1318 3397 1421 3437 non
1451 3383 1677 3438 habens.
1715 3381 1863 3437 lllam
1898 3383 2040 3438 enim
2070 3393 2276 3452 tempus

2384 3388 2635 3459 πράξεως
2665 3388 2812 3454 ἀξία,
2844 3388 2980 3441 ἀλλὰ
3005 3386 3118 3458 ζωὴ
3147 3386 3300 3449 τέλος
3328 3387 3427 3438 οὐκ
3469 3385 3685 3456 ἔχουσα.
3719 3386 3832 3456 Τὴν
3860 3387 3954 3457 μὲν

707 3472 846 3526 delet
872 3489 886 3527 :
917 3473 1056 3528 hanc
1080 3484 1260 3528 autem
1289 3475 1506 3541 saecula,
1540 3490 1659 3545 qua:
1685 3475 1842 3531 tinem
1877 3475 2146 3543 nesciunt,
2184 3491 2276 3531 co-

2383 3478 2490 3548 γὰρ
2521 3480 2549 3530 ό
2571 3479 2761 3550 χρόνος
2795 3479 3086 3548 ἀφανίζει·
3125 3479 3223 3550 τὴν
3268 3478 3326 3531 δὲ
3373 3477 3565 3541 αἰῶνες
3611 3479 3951 3548 στεφανοῦσι,

707 3575 922 3621 ronaut.

2384 3571 2641 3642 τελευτὴν
2665 3572 2741 3642 μὴ
2765 3572 3139 3642 ἐπιστάμενοι.

876 3671 1171 3730 CCCLX".
1192 3704 1265 3717 —-
1287 3674 1692 3732 HERMOGENI
1720 3675 2071 3734 EPISCOPO.
2611 3681 2770 3735 TSB’.
2812 3710 2880 3721 -—-
2919 3680 3310 3734 EPMOI‘ENEI
3351 3677 3720 3746 ΕΠῙΣΚΟΠῼ.

777 3781 1237 3849 Quemadmodum
1273 3799 1453 3840 sermo
1489 3784 1720 3839 actionis
1750 3799 1943 3854 expers
1978 3799 2199 3839 mancus
2228 3792 2283 3838 et

2463 3791 2674 3862 Ὠσπερ
2703 3790 2861 3857 λόγος
2888 3789 3173 3859 ἄπρακτος
3223 3787 3418 3858 ἀτελής
3439 3803 3452 3817 ·
3488 3787 3661 3850 οὕτως
3693 3787 3786 3841 καὶ
3817 3789 3948 3858 πρᾶ-

711 3871 1051 3942 imperfectus
1094 3882 1219 3928 est:
1273 3875 1346 3928 ita
1391 3875 1555 3930 etiam
1585 3877 1728 3930 actio
1758 3918 1771 3942 ,
1807 3889 1928 3945 quae
1969 3889 1998 3928 a
2033 3889 2282 3931 sermone

2390 3884 2472 3949 ξις
2496 3883 2710 3950 ἄλογος.
2752 3882 2847 3933 Ἐκ
2881 3881 3086 3934 τούτων
3116 3880 3224 3951 γὰρ
3250 3881 3473 3950 ἀμφοῖν,
3508 3880 3556 3932 εἰ
3583 3880 3678 3932 καὶ
3716 3879 3790 3949 μὴ
3831 3878 3938 3949 βού-

712 3965 997 4020 deseritur.
1043 3964 1120 4019 Ex
1153 3965 1240 4020 his
1271 3968 1414 4022 enim
1447 3967 1707 4022 ambabus
1733 3968 1913 4033 rebus,
1947 3967 2162 4022 etiamsi
2187 3984 2281 4021 uo—

2389 3971 2566 4024 λοιντο
2594 3972 2640 4022 οἱ
2665 3969 2761 4040 τὴν
2788 3969 3074 4038 ἐλλόγιμον
3107 3968 3322 4037 σοφίαν,
3352 3968 3556 4038 φαῦλόν
3582 3987 3637 4022 τι
3661 3970 3755 4022 καὶ
3785 3987 3947 4040 πεπα-

712 4057 810 4110 lint
838 4056 907 4120 ii,
939 4057 1030 4127 qui
1065 4057 1320 4113 disertam
1349 4059 1674 4127 sapientiam
1721 4059 1879 4114 vilem
1912 4059 2202 4129 quamdam
2230 4068 2286 4113 et

2389 4061 2627 4132 τημένον
2661 4038 2894 4131 πρᾶγμα
2942 4059 3268 4130 παραλόγως
3307 4061 3566 4131 οἰόμενοι,
3611 4060 3642 4112 ό
3685 4060 3838 4130 ὀρθὸς
3865 4038 3947 4114 κὰι

710 4149 997 4219 protritam
1026 4164 1138 4204 rem
1164 4162 1282 4204 esse
1309 4149 1473 4203 stulte
1497 4149 1810 4218 opinantur,
1847 4158 1996 4203 recta
2022 4157 2075 4204 et
2101 4149 2285 4218 splen-

2393 4153 2642 4225 λαμπρὸς
2672 4152 3138 4222 χαρακτηρίζεται
3169 4151 3276 4204 τῶν
3305 4151 3600 4222 ὑφηγητῶν
3632 4150 3764 4220 βίος.
3805 4172 3822 4202 ι
3862 4153 3945 4215 Ὃς

711 4239 832 4294 dida
856 4239 1231 4310 magistrorum
1258 4239 1370 4293 vita
1401 4239 1713 4310 insignitur.
1747 4238 1877 4306 «Qui
1924 4239 2068 4294 enim
2099 4239 2288 4295 fecerit

2393 4245 2501 4316 γὰρ
2527 4246 2592 4299 ἂν
2621 4245 2819 4315 ποιήσῃ
2846 4243 2940 4296 καὶ
2968 4242 3176 4314 διδάξῃ,
3222 4242 3396 4312 μέγας
3429 4243 3758 4314 κληθήσεται
3786 4244 3842 4296 ἐν
3885 4247 3942 4316 τῇ

712 4338 767 4384 et
797 4330 1059 4394 docuerit,
1085 4345 1314 4400 magnus
1341 4329 1623 4384 vocabitur
1643 4330 1696 4384 in
1722 4345 1885 4399 regno
1910 4329 2280 4385 ccelorum".p

2398 4335 2644 4406 βασιλείᾳ
2672 4336 2780 4388 τῶν
2807 4334 3073 4403 οὐρανῶν.
3103 4352 3120 4384 ι
3154 4334 3217 4386 Εἰ
3241 4333 3296 4385 δὲ
3328 4333 3431 4404 χρὴ
3458 4334 3741 4403 σύγκρισιν
3762 4336 3943 4406 ἀμφοῖν

714 4418 868 4485 Quod
909 4422 952 4473 si
986 4421 1172 4475 ambas
1214 4422 1355 4475 inter
1381 4435 1445 4475 se
1478 4436 1797 4490 comparare
1822 4430 2036 4493 oportet
2058 4463 2072 4488 ,
2104 4421 2286 4478 facere

2396 4425 2745 4498 ποιήσασθαι,
2781 4425 3005 4495 ἄμεινον
3033 4423 3296 4496 πράττειν
3331 4425 3408 4496 μὴ
3438 4424 3685 4493 λέγοντα,
3720 4425 3940 4496 ἢλέγειν

716 4524 778 4563 ac
809 4523 914 4564 non
945 4508 1103 4580 loqui.
1134 4518 1373 4580 praestat,
1408 4526 1571 4580 quam
1607 4512 1752 4582 loqui
1781 4528 1844 4568 ac
1877 4529 1983 4569 non
2011 4513 2211 4570 facere.
2315 4524 2360 4580 ι)

1221 4518 1373 4577 astat,
1408 4526 1571 4580 quam
1607 4512 1752 4582 loqui
1781 4528 1844 4568 ac
1877 4529 1983 4569 non
2011 4513 2211 4570 facere.
2315 4524 2361 4580 ι)
2395 4519 2468 4590 μὴ
2507 4516 2865 4589 πράττονται

893 4639 1207 4696 CCCLXlll.
1234 4671 1305 4682 —
1328 4640 1716 4696 APOLLONIO
1756 4640 2105 4696 EPISCOPO.

2079 4649 2105 4695 ν.
2620 4645 2782 4700 ΤΞΓ¹.
2821 4675 2892 4685 —-
2923 4644 3320 4714 ΔΠΟΛΛΩΝῘῼ
3358 4643 3723 4713 ΕΠῘΣΚΟΠῼ.

790 4769 1056 4835 Quoniam
1091 4783 1206 4832 eos,
1236 4767 1325 4837 qui
1357 4768 1428 4822 ita
1457 4769 1654 4823 conditi
1689 4777 1846 4834 sunt,
1885 4779 1944 4823 ut
1978 4769 2186 4823 arbitrii
2216 4769 2283 4822 li-

2474 4773 2688 4843 Ἐπειδὴ
2713 4772 2773 4824 τὸ
2819 4770 3102 4841 βιάζεσθαι
3148 4772 3243 4823 καὶ
3286 4770 3463 4823 ἕλκειν
3500 4769 3636 4841 πρὸς
3678 4770 3935 4824 εὐσέϐειαν

721 4863 980 4915 bertatem
1015 4858 1276 4924 habeant,
1317 4858 1515 4915 invitos
1543 4867 1595 4914 et
1629 4869 1983 4928 repugnantes
2010 4859 2076 4914 ad
2109 4860 2283 4929 pieta-

2391 4867 2516 4928 τοὺς
2564 4863 2942 4930 ἀντεξουσίους
2985 4861 3297 4931 γεγονότας,
3350 4861 3622 4933 εὐπρεπὲς
3648 4861 3759 4914 οὔτ’
3789 4863 3931 4929 ἐστὶν,

721 4959 883 5005 tatem
943 4949 1197 5015 trahere,
1248 4965 1346 5004 nec
1394 4950 1677 5004 honestum
1714 4934 1860 5014 iest,
1909 4964 2006 5004 nec
2044 4951 2284 5004 videtur:

2394 4955 2517 5008 οὔτε
2550 4955 2723 5008 δοκεῖ·
2763 4953 2841 5024 τῷ
2886 4951 3091 5005 πείθειν
3123 4945 3184 5005 οὗ
3225 4953 3413 5023 καιρός
3444 4954 3559 5005 ἐστι
3594 4952 3932 5023 χρησάμενος,

724 5041 922 5096 idcirco
939 5042 1005 5095 da
1026 5057 1268 5112 operam,
1294 5053 1350 5095 ut
1370 5043 1644 5105 suasione,
1672 5042 1759 5096 ubi
1790 5042 2003 5096 occasio
2033 5057 2090 5096 se
2117 5040 2293 5107 oﬂ‘ert,

2231 5049 2293 5107 rt,
2394 5044 2595 5116 φώτιζε
2623 5045 2698 5115 τῷ
2717 5045 2900 5116 σαυτῷ
2925 5045 3023 5116 βίῳ
3043 5045 3172 5106 τοὺς
3197 5044 3255 5097 ὲν
3289 5045 3464 5114 σκότῳ
3496 5043 3875 5116 διατρίϐοντας.

726 5134 962 5197 adhibita
990 5173 1006 5200 ,
1056 5149 1153 5202 per
1196 5143 1338 5187 tuam
1377 5136 1540 5188 vitam
1581 5151 1643 5190 ac
1673 5148 1883 5200 mores,
1931 5148 2060 5202 eos,
2115 5133 2204 5204 qui
2240 5133 2293 5189 in

730 5226 970 5282 tenebris
1000 5226 1222 5294 degunt,
1258 5225 1548 5281 illumiues.

791 5388 834 5420 "
861 5388 1013 5478 Dant
1041 5402 1122 5454 ιιι,
1153 5385 1254 5452 29;
1287 5401 1364 5451 ιι,
1390 5387 1444 5440 7.
1527 5385 1569 5418 ⁸⁷
1608 5387 1830 5442 Malach.
1880 5401 1957 5451 Ill,
1997 5385 2079 5448 13,
2112 5386 2198 5441 14.
2273 5386 2317 5418 ⁸⁸
2351 5385 2541 5441 Matth.
2571 5402 2624 5451 v,
2659 5385 2744 5440 19.

1806 5523 2036 5580 νΑιιιΑε
2080 5522 2466 5580 LECTIONES
2504 5522 2591 5577 ΕΤ
2634 5521 2865 5576 NOTAE.

799 5683 907 5746 (9i)
948 5680 1206 5735 Cotl.\’at.
1235 5680 1358 5742 650.
1388 5683 1453 5750 τῇ
1485 5679 1561 5732 δέ.
1598 5679 1798 5733 possm.
2403 5678 2443 5730 κ]

2403 5677 2677 5750 κλιμένης.
2712 5674 2887 5750 νοτε.⁸
2910 5688 3024 5750 seq.
3059 5689 3156 5750 pro
3189 5671 3481 5750 atqvi-icti
3508 5689 3808 5744 quanquam
3836 5677 3926 5735 lucc

799 5744 907 5824 (92)
949 5752 1047 5807 Pro
1080 5744 1466 5823 κεκλεισμένής
1498 5754 1614 5806 cod.
1655 5751 1825 5808 Vatic.
1875 5751 1976 5808 650
2023 5750 2149 5822 legit
2198 5767 2285 5804 κε·
2397 5766 2443 5817 ιιι

1875 5751 1976 5808 650
2023 5750 2149 5822 legit
2198 5767 2285 5804 κει
2397 5744 2630 5817 perboua
2656 5753 2734 5803 est
2770 5745 2926 5801 lectio
2958 5745 3223 5813 ἐγκλείσει
3261 5744 3402 5812 legit.
3441 5744 3514 5797 lu.
