4164 6476
233 442 372 508 1017

450 557 611 617 ΤΞΔ’.
649 591 714 601 -
752 559 1197 615 ΝΕΙΛΑΜΜΩΝΙ
1239 563 1564 634 summa.

307 669 372 722 Οί
395 669 494 748 μὲν
517 669 824 733 πταίοντες,
845 671 942 724 καὶ
964 672 1074 735 τοῖς
1112 671 1280 742 ἱεροῖς
1306 672 1630 742 μυστηρίοις
1658 689 1822 743 προσ⁹

237 759 384 813 ιὲναι
416 759 491 832 μὴ
529 760 859 830 τολμῶντες,
895 760 1239 831 εὑγνώμονές
1291 765 1422 828 εἰσι,
1459 765 1553 818 καὶ
1608 763 1820 834 ταχέως

233 851 335 904 καὶ
368 852 448 916 είς
473 851 535 905 τὸ
565 851 640 924 μὴ
682 854 1021 926 ἁμαρτάνειν
1055 856 1504 926 περιστήσονται.
1534 855 1597 909 Οἱ
1635 856 1691 908 δὲ
1731 856 1823 910 καὶ

243 943 723 1014 πλημμελοῦντες,
761 948 854 1000 καὶ
878 945 986 998 τῶν
1008 945 1299 1017 ἀχράντων
1332 947 1651 1019 μυστηρίων
1696 965 1822 1016 μια-

236 1037 364 1105 ραίς
393 1036 552 1106 χερσὶ
594 1036 902 1107 τολμῶντες
944 1035 1234 1102 ἅπτεσθαι,
1271 1031 1346 1092 ὧν
1375 1033 1476 1104 εἷς,
1512 1036 1694 1100 καθὼς
1727 1037 1824 1106 γέ-

233 1143 483 1197 γραφας,
519 1127 615 1183 καὶ
643 1128 911 1200 Ζώσιμος,
965 1131 1174 1201 μυρίων
1212 1129 1322 1183 εἰσὶ
1351 1130 1633 1200 τιμωριῶν
1660 1129 1820 1194 ἄξιοι.

248 1217 506 1288 Ἐνόχους
537 1220 647 1291 γὰρ
669 1221 896 1283 ἑαυτοὺς
926 1221 1308 1290 ἀποφαίνουσι,
1337 1218 1478 1272 κατὰ
1501 1220 1600 1290 τὴν
1618 1219 1822 1289 ἀψευδῆ

233 1308 335 1362 τοῦ
393 1311 606 1365 Παύλου
658 1313 864 1384 φωνὴν,
900 1312 994 1367 τοῦ
1030 1312 1281 1383 σώματος
1316 1313 1409 1364 καὶ
1447 1312 1542 1364 τοῦ
1591 1312 1825 1381 αἵματος

233 1399 336 1452 τοῦ
373 1402 602 1472 Κυρίου.
639 1402 731 1456 Διὺ
762 1404 827 1474 δὴ
859 1405 971 1466 τοῖς
1017 1405 1117 1474 μὲν
1163 1401 1401 1474 πρώτοις
1441 1403 1501 1456 οὗ
1532 1402 1672 1456 πάνυ
1708 1402 1826 1453 επι-

234 1491 450 1546 τίθεται
498 1496 525 1547 ὀ
563 1493 832 1559 διάϐολος,
867 1493 1022 1557 εἰδὼς
1076 1495 1159 1547 ὅτι
1196 1495 1290 1548 καὶ
1327 1477 1654 1557 πταίουσιν,
1706 1493 1824 1546 ἀλλ’

235 1579 336 1637 οὖν
367 1601 430 1652 γε
459 1583 821 1653 γινώσκοντες
848 1590 960 1649 τοῖς
985 1570 1150 1649 θείοις
1178 1587 1238 1638 τὸ
1264 1586 1427 1648 σέϐας
1458 1586 1824 1655 φυλάττουσι·

235 1677 355 1739 τοῖς
389 1675 444 1727 δὲ
490 1676 766 1749 δευτέροις
791 1679 903 1741 τοῖς
947 1677 1040 1730 καὶ¹
1084 1677 1465 1748 πλημμελοῦσι
1506 1677 1600 1730 καὶ
1643 1675 1828 1748 μὴγι-

237 1764 568 1831 νώσκουσιν,
597 1767 632 1838 ἢ
665 1767 998 1836 γινώσκουσι
1034 1769 1154 1837 μὲν,
1186 1767 1591 1840 καταφρονοῦσι
1624 1769 1703 1830 δὲ,
1737 1767 1827 1820 καὶ

233 1857 351 1912 Ιτῶν
388 1859 550 1930 ιερῶν
594 1860 910 1931 μυστηρίων
951 1861 1225 1931 τολμῶσιν
1252 1861 1515 1932 ἅψασθαι,
1561 1863 1678 1927 ὅλος
1705 1863 1828 1915 ἐπι-

1063 449 1597 510 EPISTOLARUM
1641 450 1789 511 LIB.
1831 451 1946 512 ΙΙΙ.
1979 477 2044 486 -
2085 453 2324 516 EPIST.
2366 455 2702 517 CCCLXVI.

3386 453 3521 520 1018

2118 567 2440 625 CCCLXIV.
2471 601 2541 614 —-
2568 566 2962 624 NILAMMONI
2989 566 3312 625 DIACONO.

2001 678 2102 747 Qui
2153 688 2406 750 peccant,
2449 689 2614 749 atque
2651 678 2718 734 ad
2765 693 2921 734 sacra
2960 673 3217 749 mysteria
3259 679 3524 735 accedere

1932 774 2155 828 minime
2186 774 2404 836 audent,
2430 771 2873 841 sineerojudicio
2899 773 3110 842 praediti
3137 782 3283 839 sunt,
3303 786 3367 826 ac
3401 787 3524 826 con-

1933 847 2111 912 festim
2137 873 2205 914 eo
2233 859 2602 923 adducentur,
2640 871 2697 914 ut
2724 875 2754 913 a
2791 869 3015 928 peccato
3045 861 3373 917 abstineant.
3420 860 3523 928 Qui

1932 957 2116 1004 autem
2155 959 2403 1020 peccant,
2437 960 2492 1006 et
2518 951 2950 1008 incontaminata
2986 955 3243 1025 mysteria
3274 954 3525 1010 scelestis

1933 1040 2186 1094 manibus
2213 1040 2483 1110 attingere
2505 1056 2610 1096 non
2641 1043 2888 1098 dubitant
2916 1043 2991 1115 (in
3020 1058 3251 1114 quorum
3276 1056 3525 1108 numero,

1935 1139 1991 1185 ut
2021 1131 2235 1196 scribis,
2267 1132 2523 1188 tosimus
2553 1135 2719 1188 etiam
2752 1133 2858 1200 est)
2881 1174 2895 1199 ,
2940 1136 3216 1190 sexcentis
3249 1133 3529 1203 suppliciis

1933 1220 2080 1291 digni
2109 1229 2254 1276 sunt.
2309 1221 2453 1279 Reos
2500 1224 2646 1279 enim
2673 1265 2689 1289 ,
2733 1225 2888 1294 juxta
2928 1225 3150 1280 minime
3211 1225 3525 1279 mendacem

1937 1312 2084 1367 Pauli
2114 1328 2302 1368 vocem
2328 1355 2342 1378 ,
2374 1315 2620 1383 corporis
2647 1325 2702 1370 et
2745 1315 3032 1386 sanguinis
3068 1315 3284 1370 Domini
3315 1315 3528 1384 seipsos

1937 1403 2167 1458 reddunt
2191 1403 2254 1454 ".
2302 1402 2669 1469 Quamobrem
2709 1407 2876 1461 etiam
2907 1405 3113 1476 primos
3152 1405 3371 1476 quidem
3410 1404 3528 1458 dia-

1936 1491 2092 1548 bolns
2118 1493 2262 1548 haud
2300 1494 2454 1548 valde
2484 1496 2818 1565 aggreditur,
2859 1496 3000 1565 quod
3039 1495 3249 1550 scilicet
3278 1495 3530 1563 explora-

1939 1595 2050 1640 tum
2083 1587 2308 1653 habeat,
2337 1601 2430 1642 eos
2456 1628 2469 1651 ,
2504 1589 2758 1657 quamvis
2787 1598 3037 1657 peccent,
3072 1597 3251 1642 tamen
3289 1587 3340 1641 id
3363 1600 3534 1658 agno-

1937 1684 2150 1731 scentes
2186 1675 2382 1730 divinis
2430 1676 2591 1732 rebus
2616 1678 3020 1732 venerationem
3057 1691 3390 1732 conservare
3429 1693 3443 1730 :
3479 1684 3534 1729 at

1940 1782 2068 1822 vero
2099 1766 2152 1821 in
2178 1768 2471 1833 secundos,
2499 1769 2603 1823 hoc
2634 1777 2716 1824 est
2735 1783 2852 1834 eos,
2884 1771 2976 1839 qui
3015 1779 3264 1838 peccant,
3287 1782 3388 1823 nec
3416 1782 3535 1836 pec-

1937 1868 2119 1914 catum
2148 1868 2489 1930 agnoscunt,
2523 1870 2638 1928 aut,
2665 1861 2793 1916 licet
2824 1869 3160 1931 agnoscant,
3189 1870 3372 1915 tamen
3399 1875 3535 1915 con-

236 1945 513 2016 κωμάζει,
542 1947 843 2018 τεκμήριον
873 1949 972 2018 τῆς
996 1949 1336 2021 ἀναλγησίας
1370 1952 1583 2022 καὶτῆς
1610 1950 1832 2022 διαφθο-

1942 1959 2208 2016 temnunt,
2233 1966 2297 2006 ac
2327 1962 2672 2006 sacrosancta
2694 1954 2954 2021 mysteria
2975 1954 3290 2022 contingere
3311 1951 3536 2006 minime

241 2039 346 2106 ρᾶς
380 2037 480 2108 τῆς
514 2039 838 2105 παντελοῦς,
871 2039 1018 2092 τοῦτ’
1043 2036 1182 2093 εἶναι
1213 2041 1438 2104 εἰκότως
1465 2043 1732 2111 οἰόμενος.
1769 2045 1832 2095 ’Ὁ

237 2129 302 2199 δὴ
331 2131 427 2182 καὶ
447 2111 539 2183 ἐπὶ
555 2130 649 2183 τοῦ
681 2131 937 2201 προδότου
964 2130 1284 2200 πεποίηκεν.
1319 2133 1393 2185 Ού
1433 2132 1563 2203 γὰρ,
1589 2132 1665 2196 ὡς
1701 2134 1832 2204 ἡγῇ,

235 2218 335 2272 τοῦ
386 2221 720 2275 Δεσποτικοῦ
770 2223 1131 2294 καταφρονῶν
1172 2223 1426 2293 σώματος
1468 2224 1717 2294 εἰσῆλθεν
1753 2229 1833 2288 εἰς

249 2315 440 2380 αὑτὸν,
465 2315 604 2370 ἀλλὰ
632 2316 731 2386 τῆς
763 2319 1027 2387 πονηρίας
1059 2317 1225 2370 αὑτοῦ
1258 2317 1589 2386 καταγνοὺς,
1612 2319 1694 2370 ὅτι
1724 2318 1836 2371 λοι-

237 2405 344 2460 nov
366 2407 565 2459 ἀνίατα
593 2407 777 2458 νοσεῖ·
803 2406 1098 2477 προδοῦναι
1124 2406 1225 2477 μὲν
1251 2405 1651 2475 διανοούμενος,
1673 2423 1836 2476 μετα.

238 2502 393 2570 σχεῖν
410 2500 468 2553 δὲ
493 2498 569 2570 μὴ
594 2499 1057 2569 παραιτούμενος,
1089 2498 1263 2569 ᾤχετο
1286 2498 1456 2566 ἄγων.
1484 2497 1546 2552 El
1573 2498 1678 2569 γὰρ
1697 2495 1834 2551 εἶδεν

247 2592 415 2646 αὑτὸν
444 2591 689 2654 εὐλαόῶς
717 2591 909 2660 ἔχοντα
946 2593 1074 2663 περὶ
1107 2593 1166 2645 τὸ
1202 2593 1345 2645 θεῖον
1383 2594 1704 2663 μυστήριον,
1740 2593 1835 2646 καὶ

239 2684 748 2756 παραιτησάμενον,
779 2683 910 2746 ίσως
947 2684 1012 2739 ἂν
1069 2684 1146 2747 ὡς
1177 2683 1258 2736 ἔτι
1287 2685 1528 2754 νήφοντα
1559 2682 1835 2754 παρώδευ-

240 2793 358 2829 σεν.
404 2774 557 2828 Ἐπεὶ
579 2774 622 2828 δ’
652 2769 790 2827 εἶδεν
820 2774 982 2827 αὐτὸν
1015 2774 1121 2827 ὑπὸ
1148 2775 1247 2844 τῆς
1273 2773 1710 2845 φιλοχρηματίας
1737 2792 1836 2827 κα-

243 2867 617 2940 ρηϐαροῦντα,
648 2867 742 2920 καὶ
784 2867 985 2937 μηκέτι
1018 2866 1108 2919 τὸν
1139 2867 1298 2938 ὀρθὸν
1327 2867 1519 2936 ἔχοντα
1551 2865 1833 2936 λογισμὸν,

241 2960 360 3014 ἀλλ’
399 2957 837 3028 ὲκὸακχευθέντα
877 2957 983 3014 ὑπὸ
1026 2959 1128 3026 τῆς
1175 2956 1478 3028 ἀκορέστου
1524 2955 1716 3026 μέθης.
1760 2958 1835 3010 Οὐ

247 3051 358 3122 μὴν
398 3049 476 3113 δὲ,
513 3048 648 3102 ἀλλὰ
683 3049 778 3102 καὶ
801 3047 1153 3119 τολμήσαντα
1185 3048 1448 3118 ἅψασθαι,
1482 3042 1556 3101 ὧν
1596 3047 1837 3116 ἅψασθαι

243 3144 487 3199 τοιοῦτον
513 3144 642 3198 ὄντα
667 3143 768 3196 οὐκ
801 3144 990 3213 ἐχρῆν,
1016 3143 1117 3212 τῆς
1155 3142 1494 3213 ἀναλγησίας
1531 3141 1697 3195 αὐτοῦ
1740 3160 1838 3196 κα-

243 3235 503 3304 ταγνοὺς,
525 3234 646 3298 ὅλος
673 3235 756 3298 είς
781 3232 944 3286 αὑτὸν
985 3232 1254 3304 ἐχώρησε.

1941 2050 2233 2110 verentur,
2261 2049 2406 2096 totus
2441 2056 2499 2096 se
2541 2042 2824 2110 insinuat,
2869 2042 3014 2097 istud
3046 2056 3243 2111 nempe
3277 2040 3535 2112 perfecta:

1938 2135 2271 2204 stupiditatis
2322 2145 2378 2190 et
2419 2134 2787 2203 corruptionis
2830 2144 3211 2204 argumentum
3256 2148 3378 2189 esse
3426 2149 3532 2188 non

1939 2232 2034 2286 abs
2067 2245 2125 2284 re
2163 2230 2511 2286 existimans.
2545 2229 2698 2297 Quod
2732 2230 2897 2285 etiam
2925 2230 2978 2284 in
3015 2230 3291 2299 proditore
3323 2242 3536 2298 quoque

1940 2322 2089 2376 fecit.
2131 2320 2250 2376 Non
2282 2321 2462 2386 enim,
2519 2321 2976 2388 quemadmodum
3030 2332 3083 2375 tu
3129 2331 3329 2391 putas,
3381 2320 3535 2375 eoin

1938 2414 2113 2483 ipsum
2144 2412 2425 2481 ingressus
2454 2421 2575 2478 est,
2611 2415 2755 2483 quod
2791 2413 3134 2467 Dominicum
3179 2426 3377 2481 corpus
3404 2425 3535 2466 con-

1939 2512 2230 2570 temneret,
2260 2506 2354 2559 sed
2384 2519 2507 2559 cum
2547 2505 2718 2572 ipsius
2759 2505 3163 2575 improbitatem
3192 2511 3534 2575 perspectam

1937 2597 2202 2661 haberet,
2237 2612 2430 2667 nempe
2460 2597 2604 2666 quod
2623 2595 2736 2664 jam
2768 2597 3064 2652 incurahili
3095 2597 3282 2651 morbo
3319 2605 3535 2651 tenere-

1940 2697 2056 2752 tur,
2084 2697 2144 2741 ut
2171 2689 2261 2757 qui
2289 2687 2581 2742 Dominum
2607 2688 2825 2756 quidem
2873 2688 3108 2757 prodere
3136 2687 3190 2740 in
3225 2687 3406 2740 animo
3439 2685 3536 2739 ha-

1940 2780 2113 2843 beret,
2151 2794 2249 2834 nec
2296 2791 2475 2833 tamen
2505 2778 2763 2850 mysteria
2797 2779 3080 2848 percipere
3103 2786 3413 2843 recusaret,
3447 2777 3531 2830 id-

1939 2871 2089 2925 circo
2146 2886 2269 2926 eum
2335 2872 2579 2925 abduxit.
2634 2871 2775 2924 Nam
2826 2871 2868 2926 si
2909 2885 3032 2925 cum
3099 2886 3228 2941 erga
3286 2869 3530 2924 divinum

1940 2961 2254 3031 mysterium
2298 2961 2554 3031 religiose
2598 2975 2662 3016 ac
2700 2968 3014 3014 reverenter
3042 2959 3317 3023 aliectum,
3347 2959 3399 3013 id
3440 2957 3535 3011 de—

1941 3062 2251 3121 precantem
2287 3051 2704 3120 conspexisset,
2753 3049 2989 3105 fortasse
3012 3051 3188 3117 ipsum
3216 3088 3230 3112 ,
3280 3056 3536 3116 tanquam

1941 3143 2120 3197 adhuc
2143 3157 2289 3196 sanae
2323 3157 2386 3196 ac
2417 3142 2614 3198 sobria:
2638 3142 3128 3196 mentishominem
3158 3139 3532 3210 praiteriisset.

1945 3231 2309 3300 Posteaquam
2353 3241 2533 3287 autem
2581 3247 2690 3302 pra:
2724 3233 2953 3286 avaritia
2987 3240 3244 3299 tanquam
3270 3228 3540 3299 vertigine

246 3331 612 3395 laborantem,
639 3328 864 3398 necjam
889 3327 1121 3397 amplius
1147 3329 1343 3384 mentis
1363 3337 1664 3397 compotem
1689 3342 1830 3393 esse,
1874 3343 2062 3382 verum
2098 3328 2166 3382 ab
2244 3327 2555 3398 inexplebili
2597 3327 2909 3383 temulentia
2957 3327 3010 3380 in
3047 3326 3285 3381 furorem
3354 3333 3537 3379 actum

246 3424 405 3488 vidit,
443 3429 609 3491 atque
661 3418 796 3474 adeo
827 3419 882 3474 in
913 3433 1033 3474 eam
1071 3420 1354 3476 audaciam
1385 3421 1586 3476 elatum
1613 3463 1629 3488 ,
1658 3430 1828 3486 utea,
1868 3421 2036 3493 399
2055 3437 2173 3492 quae
2197 3422 2264 3476 ab
2294 3422 2560 3491 ejusmodi
2590 3421 2811 3476 homine
2871 3419 3064 3490 attingi
3131 3419 3355 3474 minime
3381 3432 3547 3489 opor-

251 3517 417 3582 tebat,
451 3516 724 3586 attingere
763 3516 988 3574 minime
1015 3527 1318 3586 vereretur,
1358 3528 1469 3574 tum
1502 3535 1633 3577 vero
1671 3521 1842 3591 ipsius
1881 3531 2160 3593 stuporem
2195 3534 2515 3590 agnoscens,
2547 3527 2693 3573 totus
2755 3519 2809 3572 in
2847 3534 2970 3574 cum
3003 3533 3062 3572 se
3133 3516 3341 3587 injecit.

604 3632 770 3688 ΤΞΕ¹.
798 3661 872 3675 -
904 3632 1133 3704 ΤΑΥΡῼ
1177 3631 1480 3702 ΥΠΑΡΧῼ.

325 3739 460 3793 Τότε
489 3741 517 3794 ὁ
545 3740 706 3811 ὀρθὸς
733 3741 831 3811 τῆς
874 3741 1032 3811 δίκης
1075 3741 1203 3812 ὄρος
1234 3739 1492 3803 σώζεται,
1527 3734 1572 3793 ὦ
1602 3740 1841 3810 ἀρχικῆς

253 3829 459 3900 ἀρετῆς
491 3829 892 3900 ἀψευδέστατον
934 3830 1397 3902 βασανιστήριον,
1444 3831 1573 3883 ὅταν
1625 3832 1690 3901 τῇ
1743 3830 1843 3900 μὲν

249 3921 493 3976 αιτιάσει
519 3923 552 3993 ἠ
575 3922 756 3993 κρίσις
787 3922 1151 3995 ἀκολουθήσῃ,
1174 3923 1240 3992 τῇ
1270 3921 1328 3976 δὲ
1350 3923 1574 3994 κρίσειὸ
1597 3921 1840 3992 ἔλεγχος,

253 4011 330 4082 τῷ
357 4012 416 4065 δὲ
468 4012 676 4082 ἐλέγχῳ
707 4015 740 4082 ἡ
783 4011 985 4082 ψῆφος,
1017 4014 1051 4083 ἡ
1104 4013 1242 4082 πρὸς
1290 4012 1389 4083 τὴν
1435 4013 1701 4084 ποιότητα
1745 4011 1840 4067 τοῦ

254 4105 652 4175 ἁμαρτήματος
682 4103 795 4175 (95)
827 4103 926 4175 τὴν
963 4104 1237 4176 τιμωρίαν
1269 4102 1552 4178 ὁρίζουσα.

335 4229 518 4298 ΤΞςι.
559 4259 631 4272 --
667 4231 1127 4303 ΜΑΡτιΝιΑΝιι,
1165 4233 1441 4303 ΖΩΣΙΜῼ,
1481 4233 1770 4298 ΜΑΡΩΝι,

864 4301 1228 4374 ΕΥΣΤΑΘΙῼ.
1394 4301 1403 4303 '
1590 4336 1592 4338 τ

326 4410 708 4473 Κινδυνεύετε,
740 4411 818 4474 ὡς
872 4410 1240 4482 πυνθάνομαι,
1271 4413 1665 4483 πεφραγμένας
1710 4412 1844 4466 ἀπο-

257 4503 462 4572 γνώσει
492 4504 592 4566 τὰς
608 4501 778 4566 ἀκοὰς
808 4501 975 4573 ἔχειν,
1004 4504 1099 4557 καὶ
1114 4503 1190 4567 ώς
1218 4503 1284 4559 ἂν
1317 4504 1552 4559 ἔκπαλαι
1579 4504 1850 4559 καθοσιώ-

260 4611 453 4658 σαντες
497 4596 726 4658 ἑαυτοὺς
767 4598 889 4660 ταῖς
922 4596 1240 4666 τιμωρίαις,
1275 4598 1679 4668 παροξύνεσθαι
1712 4599 1852 4669 πρὸς

261 4690 383 4751 τοὺς
425 4686 832 4758 παραινοῦντας
875 4688 946 4740 τά
995 4688 1282 4742 κάλλιστα.
1328 4689 1472 4758 Ἐγὼ
1500 4691 1556 4744 δὲ
1608 4690 1847 4761 εὔχομαι

261 4780 407 4850 ὑμᾶς
457 4782 773 4847 ἀνενεγκεῖν
826 4781 892 4832 ὲκ
934 4779 1034 4850 τῆς
1085 4780 1303 4851 μανίας,
1351 4781 1449 4850 οὐχ
1505 4783 1588 4835 ὅτι
1645 4781 1849 4852 βλάϐην

262 4873 640 4941 ὑποστήσομαι
662 4870 742 4941 μὴ
772 4872 1176 4940 ἀνενεγκόντων
1204 4873 1378 4943 ὑμῶν,
1414 4873 1553 4944 πλὴν
1587 4874 1635 4926 εί
1663 4875 1736 4944 μή
1766 4891 1850 4936 τις

2201 3629 2494 3686 CCCLXV.
2522 3661 2595 3671 —
2617 3629 2858 3685 TAURO
2894 3625 3294 3684 I-lYPARCilO.

2016 3740 2154 3795 Tum
2186 3740 2420 3808 denique
2447 3750 2597 3795 recta
2624 3739 2852 3810 justitiae
2878 3737 3061 3809 regula
3087 3733 3405 3807 servatur(o
3433 3736 3543 3789 vir-

1947 3834 2078 3889 tutis
2105 3834 2246 3887 illius
2273 3873 2289 3898 ,
2331 3848 2450 3903 quae
2501 3848 2529 3886 a
2564 3832 2827 3902 praefecto
2859 3830 3156 3902 requiritur
3199 3829 3542 3883 verissimum

1946 3924 2222 3996 examen),
2279 3939 2402 3980 cum
2455 3923 2862 3979 accusationem
2914 3921 3237 3992 disceptatio
3267 3920 3540 3990 sequitur,

1949 4016 2394 4084 disceptationem
2429 4017 2696 4083 probatio,
2723 4015 3095 4084 probationem
3123 4014 3415 4077 sententia,
3442 4027 3541 4081 pro

1948 4107 2198 4163 criminis
2227 4106 2490 4176 qualitate
2523 4107 2850 4175 supplicium
2887 4106 3254 4161 constituens.

1982 4232 2301 4291 CCCLXVI.
2331 4261 2403 4272 -—
2434 4230 2888 4294 MARTINIANO,
2927 4229 3204 4297 ZOSIMO,
3245 4229 3507 4286 MARONI

2467 4302 2556 4358 ET
2591 4301 3014 4358 EUSTATillO.

2024 4415 2411 4485 Desperatione
2443 4415 2697 4482 ohseptas
2728 4428 2890 4468 aures
2921 4452 2934 4477 ,
2994 4421 3052 4466 ut
3078 4409 3242 4466 audio
3269 4450 3283 4474 ,
3339 4411 3542 4465 habere

1952 4508 2246 4571 videmini,
2285 4515 2481 4576 atque,
2531 4515 2590 4560 ut
2621 4505 2712 4575 qui
2737 4505 3067 4574 jampridem
3105 4518 3201 4556 vos
3235 4504 3383 4570 ipsos
3412 4517 3541 4570 sup-

1952 4600 2128 4670 pliciis
2167 4597 2518 4660 devoveritis,
2549 4598 2813 4651 adversus
2843 4612 2937 4650 eos
2963 4595 3053 4664 qui
3076 4596 3280 4665 optima
3311 4593 3541 4649 consilia

1951 4691 2107 4746 vobis
2135 4691 2438 4760 porrigunt,
2476 4689 2754 4743 iracundia
2786 4689 3021 4742 incitari.
3061 4688 3172 4756 Ego
3202 4701 3351 4752 vero,
3387 4696 3446 4740 ut
3474 4701 3541 4741 ex

1953 4783 2057 4838 bac
2084 4781 2292 4835 insania
2319 4780 2610 4851 emergatis
2633 4819 2646 4843 ,
2689 4786 2847 4848 opto,
2881 4793 2983 4831 non
3024 4780 3190 4848 quod,
3229 4779 3331 4831 nisi
3369 4792 3545 4833 emer-

1953 4876 2160 4941 seritis,
2216 4873 2530 4929 detrimenti
2573 4873 2870 4942 quidquam
2920 4871 3046 4925 hinc
3090 4869 3377 4925 subiturus
3440 4871 3542 4925 sim

261 4960 418 5030 λέγει
448 4959 546 5031 τὴν
573 4960 816 5030 ἀθυμίαν
845 4961 945 5033 τὴν
973 4963 1414 5034 προγιγνομένην
1438 4966 1608 5034 μοιὲκ
1628 4966 1840 5019 τούτου.

1953 4967 2079 5038 (nisi
2136 4975 2312 5021 tamen
2365 4964 2632 5033 quispiam
2666 4976 2969 5040 ‘mcerorem
2994 5003 3008 5028 ,
3052 4962 3143 5031 qui
3178 4961 3304 5017 hinc
3340 4961 3407 5015 ad
3460 4976 3546 5016 me

265 5051 358 5114 Είς
408 5050 518 5120 γὰρ
547 5049 639 5103 τὸν
670 5050 766 5103 τοῦ
796 5051 989 5120 μισθοῦ
1031 5053 1189 5120 λόγον
1232 5055 1386 5107 οὐδὲν
1422 5055 1844 5125 παραϐλαόήσο-

269 5160 386 5212 μαι.
428 5142 572 5196 Ἀλλ’
596 5143 787 5214 ἐπειδὴ
823 5144 1176 5217 ποθεινοτέρα
1203 5164 1293 5217 μοι
1329 5147 1485 5217 ὑμῶν
1516 5149 1549 5218 ἡ
1579 5149 1845 5218 σωτηρία,

266 5235 362 5305 τῆς
394 5234 507 5289 τῶν
562 5234 778 5306 μισθῶν
824 5237 1200 5303 ἀπολαύσεως.
1249 5241 1312 5292 Ei
1363 5241 1420 5293 δέ
1470 5259 1555 5304 τις
1603 5241 1843 5307 ἀπιστεῖ,

268 5324 456 5397 πόρρω
481 5326 580 5397 μὲν
607 5327 894 5397 τυγχάνων
923 5329 1142 5400 φιλικῆς
1171 5330 1339 5398 ἕξεως
1368 5331 1636 5386 ἁλώσεται
1663 5333 1756 5386 καὶ
1776 5333 1844 5387 τὰ

271 5415 462 5470 ἑαυτοῦ
504 5417 664 5487 μόνον
692 5418 872 5490 ζητῶν
896 5422 1282 5494 φωραθήσεται
1322 5423 1458 5494 (94).
1491 5425 1555 5478 Ei
1589 5424 1645 5478 δὲ
1679 5424 1838 5494 ὲλεγ⁶

344 5572 387 5606 ⁸⁸
422 5569 591 5630 lCor.
621 5587 699 5638 xi,
738 5573 830 5627 2'7.

1952 5059 2111 5124 redit,
2144 5065 2568 5114 commemoret:
2603 5070 2725 5110 nam
2759 5055 2901 5126 quod
2944 5055 3008 5108 ad
3039 5054 3246 5123 praemii
3280 5052 3542 5108 rationem

1959 5151 2184 5215 attinet,
2243 5148 2375 5204 nihil
2407 5147 2589 5205 damni
2629 5145 2860 5213 faciam)
2890 5185 2905 5212 ,
2939 5161 3126 5206 verum
3160 5143 3307 5214 quod
3341 5141 3546 5211 majore

1953 5239 2148 5295 salutis
2176 5249 2393 5303 vestrae,
2421 5253 2582 5308 quam
2611 5237 2818 5308 praemii
2844 5235 3208 5305 consequendi
3242 5233 3541 5303 cupiditate

1954 5343 2163 5389 tenear.
2191 5330 2344 5398 Quod
2377 5331 2422 5387 si
2447 5329 2569 5400 quis
2593 5329 2722 5384 mihi
2749 5328 2967 5396 difﬁdit,
3000 5327 3045 5383 is
3077 5326 3234 5396 longe
3257 5328 3324 5383 ab
3355 5326 3547 5381 amici-

1951 5426 2038 5480 tia:
2062 5423 2250 5488 habitu
2276 5432 2516 5480 remotus
2537 5437 2659 5480 esse
2685 5429 2740 5477 et
2761 5421 2846 5478 sui
2871 5428 3083 5476 tantum
3109 5417 3283 5488 ipsius
3319 5418 3544 5474 utilitati

1359 5689 1594 5746 VARle
1629 5688 2017 5747 LECTIONES
2057 5689 2148 5744 ET
2191 5689 2431 5746 ΝΟΤᾹΞ.

305 5798 604 5928 $933031:
619 5801 1014 5874 ἁμαρτήματος
1061 5801 1198 5859 idem
1245 5802 1365 5860 cod.
1402 5803 1528 5875 legit
1571 5801 1847 5874 πταίσμα-

276 5883 379 5930 τος.
416 5883 626 5928 ιόςειιι.

2029 5802 2140 5873 (94)
2168 5801 2293 5874 llam
2319 5843 2333 5864 ,
2366 5803 2461 5857 καὶ
2485 5802 2552 5858 τὰ
2581 5803 2844 5859 ἑαυτοῦ...
2881 5801 3295 5874 φωραθήσεται,
3326 5799 3547 5874 omitte—

1954 5871 2045 5929 bat
2093 5876 2220 5930 edit.
2272 5873 2472 5942 Paris,
2516 5882 2572 5931 ut
2616 5889 2767 5932 versa
2801 5871 2922 5946 post
2954 5871 3146 5945 quinto
3186 5872 3443 5940 vcrba,6
3492 5871 3549 5924 δὲ
