4164 6466
649 361 786 429 1019

1843 360 1904 422 S.
1944 354 2236 422 ISIDORI
2268 350 2709 419 PELUSIOTE

3769 332 3934 400 ιοω

646 475 933 533 consulens
976 473 1422 545 deprehenditur.
1461 473 1616 542 Quod
1644 476 1692 532 si
1730 490 1854 532 cum
1887 473 2222 546 coarguitur,

2336 471 2557 540 [άμενος
2605 467 2686 530 είς
2719 458 3104 532 ἀναισχυντίαν
3129 433 3390 530 τραπείη,
3418 453 3513 509 καὶ
3551 449 3766 546 μηδένα
3810 448 3928 546 the:

644 567 712 622 ad
734 567 1116 636 impudentiam
1141 582 1200 625 se
1218 577 1518 638 convertat,
1543 583 1607 624 ac
1628 567 1896 624 neminem
1916 565 2221 624 mortalium

2336 539 2564 630 θρώπων
2587 556 2746 610 τοῦτο
2766 548 3192 622 κατωρθωκέναι
3210 553 3369 621 φαίη,
3393 539 3926 638 ἐλεγχθήσεται-καὶ

647 660 748 715 hoc
773 674 1009 728 unquam
1039 658 1359 728 pmstitisse
1391 660 1702 726 contendat,
1735 674 1765 714 a
1798 660 1917 716 viro
1933 660 2042 715 Deo
2058 658 2224 714 charo

649 748 826 813 Mose,
862 731 1026 821 atque
1069 767 1097 805 a
1141 733 1540 818 sapientissimo
1583 751 1750 808 Paulo
1798 751 2090 808 refelletur.
2144 751 2224 807 Et

645 843 842 912 quibus
887 845 1024 906 alter
1062 844 1128 899 de
1172 844 1355 901 divino
1395 844 1532 899 libro
1556 846 1790 916 expungi
1817 844 2037 915 Optabat
2066 883 2083 910 ,
2119 843 2224 899 nisi

643 931 844 989 Iudaeis
876 934 1283 1003 ignosceretur:
1312 936 1451 992 alter
1481 937 1584 992 hac
1607 938 1913 1006 conditione
1935 936 2224 992 anathema

645 1041 766 1082 esse
786 1027 1058 1095 cupiebat,
1090 1032 1148 1080 ut
1177 1025 1350 1084 Judaei
1378 1043 1566 1085 omnes
1589 1029 1658 1086 ad
1687 1029 1851 1082 vitam
1881 1029 2221 1085 accederent.

647 1121 797 1190 Quod
828 1122 873 1194 si
906 1137 1120 1175 rursum
1151 1119 1334 1175 dicat:
1373 1120 1515 1187 Quid
1555 1119 1759 1187 igitur?
1793 1119 1997 1176 virisne
2029 1119 2137 1174 illis
2168 1127 2223 1173 te

649 1213 975 1281 comparas?
1026 1211 1153 1266 illud
1208 1212 1633 1281 responderem:
1677 1211 1820 1281 quod
1859 1226 1983 1266 cum
2017 1214 2068 1266 in
2103 1210 2225 1265 aliis

644 1303 894 1360 omnibus
923 1303 1184 1358 virtutum
1216 1303 1588 1372 praerogativis
1612 1303 1821 1358 cunctis
1845 1301 1958 1360 fere
1991 1302 2224 1357 hemini-

647 1398 746 1452 bus
769 1397 962 1453 nedum
988 1398 1075 1454 his
1106 1399 1316 1454 duobus
1340 1396 1568 1452 inferior
1600 1397 1724 1460 sim,
1755 1404 1812 1451 at
1849 1410 2015 1451 unum
2043 1404 2223 1452 tamen

647 1488 750 1543 hoc
782 1500 932 1544 arcte
962 1499 1126 1555 atque
1159 1490 1371 1544 ardenti
1402 1489 1586 1543 animo
1621 1496 1780 1544 teneo
1803 1528 1819 1552 ,
1849 1488 2026 1556 quod,
2053 1501 2224 1558 quan-

647 1589 756 1636 tum
794 1581 848 1636 in
890 1596 978 1637 me
1008 1581 1174 1638 situm
1213 1590 1332 1650 est,
1363 1596 1553 1638 omnes
1577 1580 1809 1638 salutem
1837 1579 2098 1651 consequi
2127 1594 2224 1636 cu-

644 1684 808 1739 piam.

732 1778 1074 1841 CCCLXV".
1104 1797 1176 1825 -—'-
1206 1781 1611 1837 HERMOGENI
1649 1781 1742 1846 ET
1786 1779 2139 1839 LAIIPETIO

1249 1851 1616 1910 EPISCOPIS.

713 1973 1258 2046 Quandoquidem,ut
1286 1991 1315 2031 a
1344 1978 1496 2034 vobis
1524 1977 1784 2046 scriptum
1802 1987 1904 2044 est,
1936 1977 2220 2049 Eusebius,

643 2066 734 2138 qui
769 2067 838 2122 ad
862 2067 999 2122 alios
1038 2067 1438 2137 ohjurgandos,
1465 2076 1520 2145 et
1557 2069 1624 2124 ad
1650 2069 1783 2124 falsa
1814 2069 2042 2124 crimina
2085 2069 2225 2140 obii;

642 2161 832 2216 cienda
864 2200 879 2225 ,
927 2170 982 2216 et
1028 2159 1414 2229 conﬁngendas
1453 2162 1720 2217 absurdas
1769 2162 2224 2232 reprehensiones

641 2252 1022 2308 callidissimus
1052 2267 1116 2308 ac
1149 2252 1656 2309 vehementissimus
1692 2261 1812 2320 est,
1857 2254 1972 2323 ipse
2005 2255 2227 2324 quidem

642 2346 814 2415 magis
861 2359 1023 2415 quam
1077 2343 1256 2414 quivis
1286 2343 1426 2399 alius
1455 2344 1524 2399 iis
1551 2343 1821 2401 obnoxius
1867 2356 1952 2399 est
1993 2360 2116 2416 qua:
2141 2346 2227 2401 in-

641 2445 916 2492 sectatur:
951 2451 1138 2491 verum
1171 2450 1269 2506 per
1295 2436 1398 2492 hoc
1434 2433 1725 2490 artificium
1771 2435 1825 2489 id
1854 2449 1913 2491 se
1939 2444 2228 2491 assecutu-

641 2541 764 2582 rum
788 2537 960 2598 putat,
983 2537 1045 2583 ut
1063 2529 1190 2582 vitia
1213 2541 1308 2582 sua
1335 2527 1570 2584 obseura
1595 2527 1740 2594 sint;
1770 2525 1824 2581 id
1845 2526 2006 2581 velim
2035 2526 2227 2595 discat,

2325 651 2480 722 παρὰ
2499 649 2595 704 τοῦ
2614 645 2899 717 θεοφιλοῦς
2918 644 3179 710 Μωσέως,
3192 645 3287 698 καὶ
3311 642 3460 714 παρὰ
3480 636 3575 694 τοῦ
3588 634 3927 705 σοφωτάτην

2326 739 2565 794 Παύλου.
2597 732 2698 792 Ὧν
2740 737 2769 790 ὁ
2803 738 2901 809 μὲν
2946 732 3330 804 ἐξαλειφθῆναι
3377 731 3480 801 τῆς
3535 727 3688 803 θείας
3719 723 3926 809 βίϐλου

2330 830 2548 904 ηὔξατο.
2573 832 2623 884 si
2652 829 2728 900 μὴ
2757 800 3164 896 συγγνωσθείεν
3207 800 3472 885 ’ίουδαῖοι,
3497 822 3526 875 ὁ
3550 819 3608 873 δὶ
3638 801 3736 872 καὶ
3775 800 3931 870 ἀνάὲ

2327 922 2468 994 θεμα
2487 921 2691 990 ηὔξατο
2708 916 2869 984 εῖναι,
2898 918 2986 972 ἵνα
3015 917 3262 971 Ἰουδαῖοι
3285 915 3488 976 πάντες
3509 908 3923 966 πιστεύσωσιν.

2324 1012 2388 1067 Εί
2419 1012 2474 1065 δὲ
2504 1011 2668 1067 πάλιν
2695 1010 2852 1080 φαίη·
2895 1009 3156 1071 Ἐκείνοις
3188 1003 3281 1061 οὖν
3321 1002 3686 1084 τοῖςρνδράσι
3727 1015 3925 1071 παρα-

2325 1103 2542 1167 ϐάλλεις
2564 1101 2796 1168 σαυτόν;
2835 1100 3058 1171 Είποιμ’
3085 1100 3152 1154 ἂν
3185 1099 3267 1153 δτι
3289 1099 3348 1152 ὲν
3367 1099 3481 1161 τοῖς
3514 1095 3700 1157 ἄλλοις
3735 1093 3927 1147 ἅπασι

2325 1195 2801 1266 πλεονεκτήμασιν
2824 1193 3083 1248 ἁπάντων
3108 1191 3296 1263 σχεδὸν
3324 1188 3631 1262 ἀνθρώπων
3656 1181 3931 1239 ἐλαττού-

2328 1302 2518 1358 μενος·
2551 1282 2612 1339 ob
2653 1302 2795 1356 φημι
2835 1283 3051 1339 τούτοιν
3103 1283 3270 1355 μόνον
3320 1284 3435 1336 τοῖν
3488 1279 3670 1334 δυοῖνο
3717 1274 3927 1330 τούτου

2328 1377 2491 1449 μόνου
2530 1377 2784 1450 ικθύμως
2820 1377 3172 1450 περιέχομαι,
3222 1374 3319 1430 τοῦ
3357 1371 3644 1462 βούλεσθαι
3676 1369 3925 1432 πάντας,

2324 1469 2450 1540 τάγε
2476 1468 2744 1542 ἡμέτερον
2776 1468 2888 1542 (95)
2919 1469 3110 1542 μέρος,
3145 1466 3409 1540 Mam-

2326 1787 2489 1844 TEZ'.
2541 1814 2612 1828 -
2669 1785 3250 1932 ΕΡΜΟΓΕΝξᾶΟὲἓ
3328 1783 3694 1856 ΛΔΜΠΕΤΙῼ
3765 1781 3928 1838 ΕΠΙ-

2414 1984 2655 2057 Ἑπειδὴ,
2692 1983 2771 2050 ὡς
2809 1983 3155 2058 γεγράφατε,
3199 1981 3503 2045 δεινότατος
3547 1979 3624 2035 ὢν
3657 1979 3927 2043 Εὐσέϐιος

2331 2073 2660 2145 ἐπιτιμῆσαι
2689 2075 2920 2148 ἑτέροις,
2955 2076 3051 2131 καὶ
3093 2074 3443 2130 αἰτιάσασθαι
3469 2073 3536 2128 τὰ
3567 2073 3739 2145 ψεύδη
3778 2072 3922 2143 (96),

2330 2165 2427 2218 καὶ
2456 2164 2695 2236 μέμψεις
2733 2167 2973 2232 ἀτόπους
2997 2166 3334 2238 συμπλάσαι,
3365 2165 3528 2230 αὐτὸς
3576 2165 3674 2236 μὲν
3715 2163 3927 2227 παντὸς

2336 2255 2536 2328 μᾶλλον
2580 2257 2765 2331 ἔνοχός
2796 2261 2946 2315 ἐστιν
2990 2255 3070 2325 οἷς
3107 2260 3376 2325 αἰτιᾶται,
3425 2258 3514 2314 διὰ
3555 2258 3613 2312 δὲ
3665 2258 3927 2329 μηχανῆς

2331 2348 2538 2420 ταύτης
2587 2349 2776 2422 λήσειν
2827 2351 3019 2418 οἴεται,
3083 2351 3424 2423 μανθανέτω,
3498 2350 3581 2404 δτι
3639 2350 3709 2403 τὺ
3757 2349 3928 2418 σοφὸν

2334 2439 2504 2518 αὐτῷ,
2555 2440 2764 2512 ἠλίθιον
2812 2441 2986 2497 ισται.
3040 2441 3151 2497 Καὶ
3196 2440 3342 2494 τοῦτ’
3392 2439 3526 2494 αὐτὸ
3578 2438 3819 2510 μάλιστα
3862 2438 3926 2494 οὐ

2334 2530 2605 2596 λανθάνει,
2627 2532 2710 2586 ὅτι
2739 2532 2921 2588 λαθεῖν
2948 2531 3366 2606 μηχανώμενος,
3393 2530 3592 2602 μᾶλλον
3611 2529 3927 2585 ἁλίσκεται.

641 2620 914 2677 solertiam
941 2635 1096 2675 suam
1121 2618 1408 2674 stultitiam
1433 2617 1538 2686 ipsi
1556 2616 1691 2672 fore.
1722 2614 1901 2686 Atque
1921 2616 2025 2672 hoc
2045 2617 2219 2688 ipsum
2262 2621 2499 2676 maxime
2529 2637 2628 2678 nos
2661 2623 3083 2694 haudquaquam
3119 2621 3292 2693 fugit,
3352 2623 3493 2692 quod
3523 2622 3650 2677 dum
3721 2619 3776 2674 id
3811 2619 3927 2692 agit

643 2726 707 2770 ac
738 2712 973 2776 molitur,
1007 2719 1069 2766 ut
1088 2710 1294 2782 ﬂagitia
1330 2724 1424 2765 sua
1451 2724 1550 2764 nos
1568 2706 1802 2780 fugiant,
1829 2710 2000 2778 magis
2028 2710 2454 2780 deprehenditur
2486 2723 2655 2786 atque
2684 2714 2955 2770 irretitur.

801 2839 1167 2900 CCCLXVIII.
1195 2870 1264 2883 --
1293 2837 1548 2896 ZOSIMO
1577 2837 2062 2894 PRESBYTERO.

715 2968 1062 3026 Furibundas
1092 2977 1148 3022 et
1191 2966 1408 3022 rabidas
1437 2965 1620 3022 carnis
1646 2964 1958 3020 affectiones
1988 2964 2235 3022 cicurare

649 3079 714 3120 ac
761 3062 1015 3132 mitigare
1046 3069 1102 3116 et
1143 3060 1314 3116 lenire
1353 3068 1602 3130 Oportet:
1636 3059 1780 3130 quod
1805 3059 1850 3115 si
1877 3073 1983 3113 non
2021 3059 2236 3115 obtem-

647 3163 860 3226 perent,
887 3121 1077 3218 etiam,
1109 3153 1287 3221 quoad
1321 3121 1438 3220 ejus
1469 3151 1582 3206 fieri
1623 3121 1820 3221 potest,
1849 3166 2127 3207 coercere.
2167 3152 2240 3207 At
2264 3121 2306 3179 ε

652 3257 710 3300 ιιι
732 3288 747 3310 ,
786 3243 951 3316 400
989 3244 1443 3314 quemadmodum
1474 3242 1619 3297 fama
1654 3244 1788 3310 fert,
1819 3243 2063 3298 habenas
2103 3243 2240 3314 ipsis

656 3336 980 3400 remittens,
1019 3351 1127 3406 quo
1175 3334 1278 3390 illa
1321 3333 1512 3390 volunt
1546 3332 1799 3389 duceris:
1832 3332 2021 3388 volunt
2060 3343 2240 3388 autem

657 3427 710 3480 in
755 3425 1048 3495 perniciem
1097 3435 1152 3481 et
1196 3424 1423 3480 exitium
1465 3425 1734 3481 desinere.
1771 3423 2134 3492 Quamobrem
2173 3438 2242 3478 ne

657 3517 710 3571 in
744 3516 1069 3586 profundum
1097 3515 1360 3572 malorum
1391 3502 1632 3586 praeceps
1661 3515 1890 3582 feraris,
1923 3515 1988 3570 da
2019 3529 2240 3585 operam

658 3619 718 3666 ut
742 3623 841 3667 eas
872 3618 1126 3678 tanquam
1159 3609 1358 3679 injecto
1403 3607 1556 3664 freno
1595 3610 1882 3678 reprimas.

847 3716 1171 3774 εοειχιι.
1196 3747 1265 3760 —
1291 3715 1691 3775 EUSTATHIO
1720 3715 2044 3783 DIACONO.

730 3845 786 3901 Si
815 3847 999 3902 statim
1031 3846 1101 3902 ab
1131 3847 1249 3917 ipso
1282 3857 1406 3904 ortu
1449 3837 1510 3905 ea
1550 3848 1715 3902 animi
1756 3849 1829 3901 tui
1867 3863 2013 3917 pars,
2047 3847 2100 3903 in
2135 3863 2241 3919 qua

660 3943 799 3997 ratio
833 3943 1015 3998 sedem
1049 3941 1249 4008 habet,
1281 3940 1408 3997 lassa
1458 3951 1513 3995 et
1544 3940 1731 3994 vitiata
1755 3981 1771 4007 ,
1804 3950 1896 3996 aut
1928 3940 2089 3996 etiam
2116 3955 2244 4010 pro-

662 4044 782 4103 pter
815 4033 1144 4087 incurahiles
1179 4033 1441 4100 quosdam
1479 4034 1699 4086 morbos
1742 4032 2011 4086 exstincta
2059 4039 2112 4085 et
2143 4032 2240 4088 de-

663 4125 769 4179 leta
802 4124 1012 4191 fuisset,
1037 4122 1270 4178 fortasse
1290 4124 1358 4178 ob
1382 4138 1466 4188 ea,
1491 4138 1610 4192 qua
1632 4124 1729 4178 abs
1758 4132 1810 4177 te
1836 4132 2240 4193 perpetrantur,

660 4217 873 4270 veniam
904 4214 1262 4270 ohtinuisses.
1295 4212 1430 4268 Cum
1463 4225 1639 4269 autem
1685 4215 1736 4269 id
1768 4215 1863 4270 tibi
1897 4215 2118 4271 minime
2148 4231 2243 4272 ac-

659 4308 890 4370 ciderit,
927 4321 1113 4361 verum
1151 4308 1222 4361 oh
1252 4305 1582 4377 singularem
1627 4306 1918 4377 quamdam
1950 4315 2112 4375 atque
2155 4307 2239 4362 in-

662 4398 1026 4470 superabilem
1085 4398 1388 4454 socordiam
1427 4438 1442 4464 ,
1505 4413 1624 4456 eam
1690 4397 1857 4453 animi
1927 4397 2239 4454 facultatem

2596 2840 2771 2898 TEH'.
2799 2871 2871 2883 -
2897 2842 3149 2914 zathn
3166 2841 3653 2914 upszsmpn.

2412 2974 2495 3028 Τὰ
2525 2973 2808 3046 μεμηνότα
2841 2973 2936 3026 καὶ
2966 2971 3243 3027 λυττῶντα
3280 2972 3380 3045 τῆς
3427 2971 3631 3043 σαρκδς
3662 2971 3811 3043 πάθη
3845 2989 3930 3028 τι·

2340 3061 2629 3117 θασσιύειν
2667 3062 2763 3117 καὶ
2807 3061 3113 3134 ἐξημεροῦν
3162 3063 3260 3116 καὶ
3307 3061 3573 3132 πραΰνειν
3605 3062 3733 3133 χρή.
3775 3063 3838 3117 El
3870 3062 3928 3118 δὲ

2344 3154 2420 3227 μὴ
2456 3153 2753 3219 πείθοιντο,
2799 3155 2896 3206 καὶ
2921 3153 3191 3219 κολάζειν,
3242 3151 3318 3217 ὡς
3345 3152 3581 3224 δέχεται.
3625 3154 3696 3208 Σὺ
3730 3154 3809 3221 δὲ,
3855 3155 3931 3220 ὥς

2342 3263 2495 3316 φασι,
2526 3245 2626 3310 τὰς
2651 3245 2807 3317 ⁴ίινίας
2837 3245 3024 3310 αὐτοῖς
3056 3244 3260 3309 ινδοὺς,
3287 3244 3398 3318 ἄγῃ
3427 3245 3551 3299 ὅποι
3573 3245 3618 3299 δ’
3654 3245 3722 3299 ἂν
3747 3248 3928 3300 ἐκεῖνα

2343 3339 2635 3411 βούλοιντο.
2690 3335 2981 3392 Βούλονται
3014 3336 3072 3389 δὲ
3120 3338 3202 3401 είς
3249 3334 3472 3407 θλιθρον
3513 3337 3607 3390 καὶ
3651 3335 3930 3391 ἀπώλειαν

2340 3431 2620 3502 τελευτᾷν.
2651 3429 2748 3483 Ἰν*
2801 3423 2896 3483 οὖν
2935 3428 3010 3500 μὴ
3065 3427 3147 3492 είς
3196 3426 3289 3482 τὸν
3321 3426 3572 3498 πυθμένα
3601 3426 3710 3480 τῶν
3739 3426 3928 3482 κακῶν

2341 3520 2803 3592 ἐξακοντισθείης,
2834 3520 3129 3593 φρόντισον
3154 3518 3299 3575 αὐτὰ
3323 3519 3709 3590 ἀνααιράσαι.

2343 3721 2508 3778 ΤΞΘν.
2541 3752 2613 3764 -
2639 3722 2985 3794 numero
3014 3723 3342 3794 AtsKONo.

2413 3854 2477 3907 Ei
2514 3852 2614 3925 μὲν
2671 3853 2960 3908 κεκάκωτό
2998 3869 3092 3906 σου
3137 3853 3201 3906 τὸ
3252 3850 3563 3920 λογιστικὸν
3596 3850 3697 3923 τῆς
3746 3851 3922 3924 ψυχῆς

2323 3945 2504 4008 εὐθὺς
2539 3945 2647 3999 ἀπὸ
2682 3945 2869 4016 γονῆς,
2906 3943 2939 4016 ἢ
2973 3945 3061 3998 διὰ
3091 3943 3283 4008 νόσους
3323 3943 3479 4007 τινὰς
3511 3930 3764 4009 ὰνίάτους
3793 3945 3927 4016 ἠφά-

2344 4053 2514 4100 νιστο,
2565 4035 2698 4100 ῐσως
2735 4035 2801 4089 ἂν
2843 4034 3178 4105 συγγνώμης
3226 4034 3414 4106 ἔτυχες
3458 4034 3554 4088 ἐπὶ
3583 4035 3691 4099 τοῖς
3719 4035 3926 4108 δρωμέ-

2344 4143 2476 4189 νοις.
2511 4127 2574 4180 Ei
2603 4126 2662 4178 δὲ
2694 4126 2854 4180 τοῦτο
2897 4125 2997 4196 μὲν
3033 4126 3094 4178 οὐ
3141 4125 3438 4191 πέπονθας,
3461 4125 3568 4178 ὑπὸ
3607 4125 3665 4178 δὲ
3694 4127 3926 4198 ἀνυπερο

2348 4219 2543 4290 ϐλήτου
2581 4218 2854 4290 ῥᾳθυμίας
2888 4217 3206 4289 κατέχωσας
3244 4205 3422 4282 τοῦτο,
3467 4217 3668 4288 μᾶλλον
3711 4217 3769 4271 δὲ
3811 4218 3923 4272 ἐνέ-

2345 4328 2586 4382 κρωσας,
2631 4310 2753 4365 οὐδὲ
2803 4308 3136 4380 συγγνώμης
3158 4309 3450 4380 τυγχάνεις
3478 4309 3629 4379 παρὰ
3661 4307 3768 4362 τῶν
3800 4307 3926 4362 θεω-

2351 4403 2548 4475 μένων.
2585 4402 2895 4474 Δυνάμενος
2929 4401 3039 4472 γὰρ
3084 4399 3244 4454 τοῦτο
3302 4394 3459 4464 αὖθις
3499 4399 3925 4471 ἀναζωπυρῆσαι

661 4493 907 4548 σιῒιτιιειὶε
955 4491 1041 4546 vel
1090 4493 1268 4561 potius
1318 4492 1636 4558 necaveris,
1673 4491 1879 4549 idcirco
1929 4507 1995 4546 ne
2023 4491 2235 4548 veniam

2340 4495 2462 4555 ταῖς
2495 4491 3141 4562 δεούσαις-ἐπιμελείαις,
3170 4491 3229 4544 οὐ
3282 4491 3444 4562 μόνον
3482 4491 3544 4544 οὺ
3600 4488 3920 4561 φροντίζεις,

663 4585 879 4638 uuidem
908 4583 1068 4637 ullam
1096 4584 1162 4638 ab
1190 4584 1278 4648 iis,
1316 4584 1407 4652 qui
1436 4584 1548 4638 haec
1576 4593 1841 4651 spectant,
1867 4583 2237 4652 consequeris.

663 4677 796 4733 Nam
829 4691 950 4731 cum
978 4692 1096 4731 eam
1139 4692 1236 4747 per
1267 4683 1651 4745 congruentem
1688 4689 1874 4730 curam
1918 4685 1975 4729 et
2012 4675 2238 4745 diligen-

663 4772 792 4823 tiam
823 4783 1038 4822 mrsum
1073 4769 1415 4823 exsuscitare
1461 4783 1662 4837 queas,
1717 4781 1824 4822 non
1867 4765 2061 4830 modo,
2097 4776 2157 4821 ut
2187 4766 2240 4820 id

665 4861 780 4926 fiat,
813 4859 941 4915 nihil
977 4877 1119 4915 curm
1155 4861 1407 4929 suscipis,
1447 4861 1536 4916 sed
1580 4861 1740 4916 etiam
1778 4869 1837 4915 ut
1866 4875 2142 4929 nunquam
2187 4858 2240 4914 id

665 4950 758 5005 flat
790 4992 805 5018 ,
855 4951 1087 5007 laboras.
1156 4949 1387 5005 Tantum
1431 4952 1575 5005 enim
1627 4951 1944 5020 improbitas
1986 4952 2239 5004 virtutem

669 5043 808 5111 apud
851 5055 900 5098 te
943 5047 1252 5114 superavit,
1302 5054 1359 5097 ut
1411 5059 1479 5099 ne
1513 5043 1834 5114 improbitas
1872 5044 2090 5113 quidem
2123 5056 2244 5098 esse

2347 4587 2494 4649 ὅπως
2526 4584 2685 4639 τοῦτο
2737 4585 2987 4655 γένηται,
3024 4583 3160 4636 ἀλλὰ
3196 4585 3291 4637 κα)⁵
3332 4584 3482 4647 ὅπως
3520 4581 3791 4653 μηδέποτε
3837 4582 3924 4651 τί·

2347 4694 2505 4748 νηται
2551 4677 3012 4740 κατασκευάζεις.
3067 4675 3337 4732 Τοσοῦτον
3397 4676 3507 4746 γὰρ
3552 4676 3586 4745 ἠ
3621 4673 3790 4728 κακία
3835 4673 3925 4746 τὴν

2347 4768 2547 4840 ἀρετὴν
2590 4768 2739 4839 παρὰ
2787 4771 2871 4822 σοὶ
2907 4767 3415 4840 παρηυδοκίμησεν,
3473 4767 3548 4831 ὡς
3605 4765 3740 4838 μηδὲ
3769 4766 3923 4820 κακία

2349 4855 2487 4914 είναι
2523 4860 2869 4932 νομίζεσθαι.
2931 4862 2992 4915 Ei
3033 4861 3214 4916 τοίνυν
3275 4858 3456 4930 βούλει
3489 4859 3588 4930 τῆς
3643 4857 3924 4928 κωμῳδίας

2347 4954 2750 5025 ἀπαλλαγῆναι,
2803 4953 3099 5008 ἀνάνευσον
3155 4952 3372 5025 μικρὸν,
3421 4953 3510 5006 ῐνα
3556 4953 3718 5021 γνοὺς
3744 4946 3799 5006 οἴ
3824 4951 3920 5006 τῶν

2351 5045 2538 5098 κακῶν
2568 5047 2980 5119 ἑξηκοντίσθης,
3015 5046 3374 5109 σπουδάσειας
3400 5045 3759 5117 ἀναδραμεῖν.

668 5145 974 5192 censeatur.
1020 5135 1284 5204 Quocirca
1337 5135 1383 5190 si
1424 5135 1490 5190 ab
1520 5136 1798 5191 hominum
1832 5137 2071 5191 dicteriis
2099 5138 2318 5194 liberari
2346 5141 2539 5209 cupis,
2595 5142 2781 5196 oculos
2847 5139 3067 5209 paulum
3135 5139 3324 5208 erige:
3402 5146 3484 5205 ut,
3512 5152 3620 5208 quo
3673 5129 3919 5192 malorum

670 5223 1007 5301 prorupefis,
1045 5229 1375 5301 intelligens,
1403 5231 1594 5300 pedem
1625 5230 1836 5286 referre
1865 5231 2105 5286 studeas.

1800 5403 2035 5460 VAliUE
2065 5405 2447 5465 LECTIONES
2484 5406 2573 5463 ET
2608 5405 2840 5462 NOTAE.

669 5564 763 5617 sui
792 5563 1045 5634 ἀνάθημα
1070 5560 1272 5634 ηὔξατο
1297 5557 1412 5615 sive
1428 5578 1464 5623 ι,
1481 5561 1589 5634 ἐξνα-
1614 5561 1878 5634 Ἰουδαίοι.
1907 5561 2085 5634 Locus
2106 5570 2249 5634 uter-

671 5649 772 5702 que
806 5631 1101 5704 suppletur
1129 5649 1192 5689 ex
1239 5634 1430 5688 codice
1477 5632 1735 5688 Vaticano
1772 5631 1875 5688 650
1902 5648 2012 5704 sap.
2059 5631 2246 5688 Possi-

673 5719 820 5756 num.
855 5705 1013 5759 Entr.

2349 5557 2499 5634 ἧκόν
2521 5581 2609 5633 μοι
2643 5561 2768 5634 μέρ.
2796 5561 3007 5634 Possm.

2424 5629 2535 5704 (96)
2564 5629 2854 5704 Co'dJVat.
2887 5632 3011 5698 650,
3051 5630 3223 5702 ψευδῆ
3245 5673 3258 5695 ,
3283 5639 3336 5685 et
3392 5645 3536 5685 vers.
3573 5629 3606 5682 4
3639 5644 3759 5704 p_ro_
3785 5631 3912 5704 iactv

2355 5699 2718 5774 habetis-cat.
2757 5704 2995 5774 Denique
3023 5699 3162 5759 vers.
3202 5711 3454 5772 antepen.
3493 5716 3591 5770 pro
3621 5699 3771 5770 αὐτῷ
3799 5701 3907 5774 legit

750 5773 860 5844 (95)
899 5774 998 5829 Iro
1036 5775 1095 5827 τό
1133 5792 1194 5844 γε
1226 5775 1491 5847 ἡμέτερον
1521 5773 1638 5831 cod.
1684 5775 1822 5832 idem
1862 5775 2048 5831 ltaliet'
2079 5775 2157 5838 είς
2192 5773 2235 5827 τί

2363 5773 2548 5828 αὑτοῦ.
2583 5774 2658 5828 In.
