4164 6456
205 413 359 482 1021

581 523 703 578 τα.
738 555 807 564 -
841 526 1106 599 ΕΡΜΙΝῼ
1143 527 1442 582 ΚΟΜΗῚἸ.

304 653 493 706 Πολλοὶ
522 653 622 723 μὲν
655 655 1008 726 τροπαιοῦχοι
1035 655 1258 726 ἀνδρίαν
1301 657 1656 727 κτησάμενοι,
1699 656 1818 726 φιλ-

201 743 517 816 ανθρωπίᾳ
543 747 668 808 τοὺς
709 746 985 817 ὑπηκόους
1022 747 1370 800 διεσώσαντο.
1400 749 1509 801 Καὶ
1531 747 1624 810 οὒς
1660 749 1818 804 ἀκον-

205 851 332 898 τας
368 835 865 903 κατεδουλώσαντο,
912 839 1139 902 τούτους
1171 840 1398 902 ἑκόντας
1432 838 1814 909 ἐχειρώσαντο.

214 927 303 981 Ἠ
339 929 440 998 μὲν
463 929 572 1000 γὰρ
599 930 786 1001 ἀνδρία
815 931 960 1000 δεινὴ
1008 932 1067 982 τὺ
1103 930 1178 1001 μὴ
1219 931 1466 1002 ὑπάρχον
1488 929 1818 998 κτήσασθαι,

198 1019 243 1088 ἡ
292 1019 352 1071 δὲ
379 1020 622 1089 πραότης
660 1021 790 1073 αὐτὸ
827 1020 889 1072 τὸ
934 1019 1130 1090 κτηθὲν
1168 1022 1407 1090 ἀμείνων
1449 1018 1704 1089 φυλάξαι.
1753 1021 1818 1072 Οἱ

196 1107 285 1163 δὲ’
312 1110 407 1163 τοῦ
436 1113 611 1182 πράου
644 1112 1009 1182 τροπαιούχου
1043 1112 1342 1184 αὐχοῦντες
1368 1108 1509 1166 εἶναι
1540 1106 1815 1183 φοιτηταί,

200 1201 325 1254 acati.
357 1201 453 1255 τοῦ
479 1204 732 1275 οὐρανίου
768 1203 1034 1273 βασιλέως
1069 1205 1424 1276 στρατιῶται,
1458 1202 1552 1266 οὒς
1585 1203 1635 1256 οί
1666 1201 1818 1272 παρά

199 1291 326 1364 τὴν
377 1295 550 1365 ἀρχὴν
587 1295 930 1349 ὑπασπισταὶ
971 1297 1238 1367 πραότητι
1298 1297 1524 1358 ἑκόντας
1585 1293 1818 1366 ἐχειρώ-

203 1401 410 1448 σαντο,
438 1385 659 1450 τούτους
692 1387 982 1460 ἀλαζονείᾳ
1021 1391 1252 1452 ἄκοντας
1284 1389 1671 1443 ἀποσοϐοῦσιν.
1707 1386 1818 1451 Οὒς

203 1475 339 1546 γὰρ
377 1477 577 1530 ἐκεῖνοι
619 1478 847 1541 ἑκόντας
891 1481 973 1542 είς
1003 1480 1103 1550 τὴν
1142 1479 1319 1551 ἀρχὴν
1372 1481 1814 1552 παρεστήσαντο,

202 1567 454 1633 τούτους
483 1573 578 1622 καὶ
612 1571 687 1639 μὴ
722 1569 1081 1642 βουλομένους
1103 1571 1190 1625 διὰ
1207 1572 1306 1642 τῆς
1323 1572 1536 1626 ἑαυτῶν
1563 1572 1817 1642 τυραννί-

203 1657 316 1722 δος
350 1659 765 1716 ἀπελαύνουσιν.
803 1661 892 1725 Ὠς
918 1663 1026 1733 γὰρ
1059 1662 1338 1733 λυμεῶνες
1369 1663 1462 1715 καὶ
1491 1663 1815 1732 ἀλάστορες,

204 1751 326 1819 οὐχ
362 1751 438 1814 ὡς
487 1752 748 1823 ποιμένες
808 1756 922 1816 τοῖς
970 1755 1234 1825 ὑπηκόοις
1282 1754 1706 1826 προσφέρονται.
1750 1753 1816 1807 Τί

202 1838 319 1896 οὖν
345 1847 615 1914 ποιητέον,
649 1845 786 1916 ἔφης
808 1863 823 1912 ;
849 1847 1015 1900 Οὐδὲν
1039 1847 1169 1901 ἀλλο
1195 1847 1227 1917 ἢ
1252 1847 1455 1918 ἀρετὴν
1485 1845 1812 1912 ἀσκοῦντας,

203 1934 283 1988 τὸ
324 1935 468 1989 θεῖον
491 1937 784 2006 ἀναμένειν
815 1937 1167 2009 δικαστήριον
1195 1938 1330 2008 (97).

1007 418 1552 480 EPISTOLARUM
1589 419 1738 480 LIB.
1779 420 1895 480 III.
1934 447 2004 459 --
2042 421 2280 482 EPIST.
2319 420 2727 482 ‘CCCLXXIII.

1844 539 1891 594 Δ

3378 413 3516 481 1022

2199 528 2501 586 CCCLXX.
2528 559 2603 573 --
2634 523 2950 584 llERMlNO
2977 523 3239 583 COMITI.

1994 660 2144 714 Multi
2193 659 2409 729 quidem
2445 659 2704 719 victores
2730 698 2744 722 ,
2801 673 2896 712 eos
2929 672 3066 726 quos
3101 659 3305 713 virtute
3352 667 3515 728 atque

1920 750 2088 803 animi
2123 749 2492 818 magnitudine
2516 748 2694 814 adepti
2726 756 2905 809 erant,
2931 746 3268 803 humanitate
3293 762 3518 803 conser-

1919 850 2153 896 varunt:
2191 851 2246 895 et
2279 856 2416 910 quos
2456 840 2657 894 invitos
2695 839 2750 893 in
2791 839 3110 894 servitutem
3161 840 3512 909 rcdegcrant,

1920 933 2136 988 eosdem
2177 931 2407 985 libentes
2432 938 2744 984 tenuerunt.
2787 927 2998 980 Etenim
3027 926 3285 982 fortitudo
3313 928 3380 981 ad
3439 928 3514 992 id,

1919 1027 2064 1096 quod
2102 1040 2205 1078 non
2234 1023 2467 1086 habeas,
2499 1019 2959 1089 comparandum,
3002 1033 3250 1089 magnam
3284 1019 3388 1072 vim
3420 1019 3520 1072 hac

1919 1117 2047 1171 bet:
2096 1113 2382 1171 clementia
2409 1121 2590 1165 autem
2626 1121 2680 1166 et
2703 1109 2958 1170 facilitas.
2987 1109 3053 1163 ad
3084 1110 3158 1174 id,
3195 1110 3338 1179 quod
3371 1122 3518 1177 qua:-

1919 1205 2084 1260 situm
2113 1213 2231 1267 est,
2272 1202 2535 1257 tuendum
2573 1208 2738 1269 atque
2777 1199 3214 1254 conservandum
3249 1199 3514 1265 majorem

1918 1296 2152 1350 obtinet.
2182 1295 2251 1347 At
2284 1301 2475 1347 contra
2507 1290 2574 1356 ii,
2599 1293 2691 1360 qui
2717 1291 2854 1346 lenis
2888 1300 2944 1346 et
2973 1290 3246 1344 mansueti
3285 1288 3515 1344 victoris

1919 1382 2245 1453 discipulos,
2292 1398 2355 1438 ac
2390 1381 2632 1436 caelestis
2677 1380 2819 1450 regis
2859 1380 3056 1436 milites
3103 1396 3165 1436 se
3214 1393 3336 1435 esse
3390 1394 3516 1450 pro-

1921 1477 2146 1530 ﬁtentur
2173 1515 2189 1539 ,
2225 1490 2321 1530 eos
2347 1513 2364 1539 ,
2397 1472 2720 1546 quosprimi
2775 1471 3037 1527 satellites
3091 1487 3190 1542 per
3232 1472 3513 1526 lenitatem

1918 1577 2112 1638 Sponte
2144 1574 2424 1636 ceperunt,
2473 1579 2571 1634 per
2607 1563 2803 1617 fastum
2832 1572 2886 1616 et
2917 1564 3286 1631 arrogantiam
3317 1563 3517 1618 invitos

1919 1659 2262 1713 submovent.
2294 1653 2430 1709 Nam
2466 1668 2601 1723 quos
2647 1654 2718 1708 illi
2757 1652 3054 1708 libentibus
3111 1653 3309 1709 animis
3343 1655 3517 1723 impe-

1922 1751 2004 1806 rio
2051 1762 2154 1804 suo
2186 1764 2252 1804 ac
2298 1748 2487 1803 ditioni
2547 1745 2932 1816 subjcccrunt:
2976 1746 3095 1812 hos,
3137 1746 3301 1800 etiam
3350 1762 3515 1816 repn-

1920 1851 2181 1913 gnantes,
2215 1855 2308 1910 per
2342 1839 2684 1911 tyrannidem
2716 1853 2868 1891 suam
2899 1838 3197 1906 expellunt.
3234 1835 3514 1907 Siquidem

1920 1941 1980 1988 ut
2019 1933 2330 2002 perditorcs
2373 1936 2428 1984 et
2466 1929 2775 1992 carnifices,
2807 1944 2918 1982 non
2947 1938 3128 1982 autem
3159 1941 3218 1983 ut
3245 1938 3515 1999 pastores,

205 2039 365 2091 eos,
413 2027 608 2095 quibus
638 2040 916 2096 praesunt,
961 2039 1218 2086 tractant.
1279 2030 1417 2098 Quid
1462 2030 1629 2102 igitur
1679 2031 1826 2085 facto
1864 2043 2001 2100 Opus
2037 2034 2155 2092 est,
2202 2022 2427 2094 inquis?
2481 2021 2628 2077 Nihil
2693 2021 2874 2086 aliud,
2954 2036 3117 2092 quam
3155 2031 3214 2078 ut
3255 2023 3517 2078 virtutem

207 2118 472 2174 colentes
504 2119 742 2174 divinum
783 2120 1019 2194 tribunal
1062 2133 1461 2192 exspectemus.

366 2231 538 2286 TUA'.
561 2261 632 2272 —
659 2233 992 2306 ΘΕΟΔΟΣΙῼ
1017 2237 1471 2312 ΠΡΕΣΒΥΤΕΡῼ
1502 2240 1665 2314 (9·ιο).

311 2363 375 2420 ’0
407 2365 508 2436 μὲν
536 2368 625 2422 τὸν
648 2369 1088 2440 ἐγκρατέστατον
1112 2373 1208 2426 καὶ
1233 2375 1675 2446 αὐταρκέστατον
1704 2375 1815 2447 βίον

208 2456 501 2528 ἀλόμενος,
531 2461 598 2530 τῇ
636 2460 738 2530 μὲν
761 2461 906 2532 ψυχῇ
940 2462 1194 2534 λαμπρός
1223 2466 1339 2519 ἐστι
1367 2468 1461 2521 καὶ
1504 2467 1702 2538 μέγας,
1736 2467 1816 2538 τῷ

204 2550 274 2604 δὲ
311 2550 414 2621 βίῳ
467 2552 716 2622 εὐτελής.
767 2553 972 2607 Πολλοῦ
1030 2555 1138 2625 γὰρ
1179 2555 1331 2620 ἀξιος
1377 2556 1474 2622 ὢν,
1528 2558 1814 2613 ἀναλίσκει

202 2641 398 2708 ὀλίγα.
445 2641 504 2695 ’0
529 2641 586 2696 δὲ
633 2643 725 2696 τὸν
773 2644 1117 2716 ἁϐροδίαιτον
1165 2646 1278 2718 βίον
1325 2650 1522 2720 τιμῶν,
1559 2653 1656 2705 καὶ
1711 2653 1814 2724 τὴν

207 2732 668 2804 φλεγμαίνουσαν
699 2737 982 2806 τράπεζαν
1013 2737 1246 2807 διώκων,
1289 2743 1358 2812 τῇ
1408 2743 1507 2812 μὲν
1538 2743 1682 2813 ψυχῇ
1717 2761 1814 2797 τα-

208 2823 407 2885 πεινός
434 2824 550 2878 ἐστι
590 2825 686 2878 καὶ
733 2828 950 2896 μικρὸς,
985 2830 1080 2881 καὶ
1114 2831 1355 2901 χαρίτων
1381 2831 1610 2904 ἔρημος,
1643 2834 1722 2904 τῷ
1756 2835 1814 2887 δὲ

210 2911 673 2984 βίῳπολυτελής.
713 2915 944 2980 Οὐδενὸς
979 2918 1090 2990 γάρ
1119 2919 1271 2984 ἀξιος
1312 2918 1389 2972 ὣν
1425 2922 1656 2976 πλεῖστα
1681 2924 1814 2976 ἀνα-

208 3003 419 3057 λίσκει.
467 3005 559 3057 Διὸ
610 3007 822 3070 ἐκεῖνος
880 3009 981 3079 μὲν
1044 3010 1138 3062 ἆτε
1191 3010 1395 3078 ὀλίγοις
1449 3011 1810 3084 ἀρκούμενος,

211 3094 632 3150 πλουσιώτατον
663 3098 854 3150 ἑαυτὸν
885 3095 1026 3153 εἶναι
1073 3103 1318 3172 ἡγεῖται·
1366 3096 1523 3168 οὗτος
1553 3104 1611 3157 δὲ
1641 3105 1815 3159 πολλὰ

209 3185 557 3251 ἀναλίσκων,
615 3189 695 3253 είς
732 3189 832 3252 τάς
862 3189 972 3244 τῶν
1000 3191 1171 3256 πέλας
1229 3194 1418 3259 οὐσίας
1459 3195 1562 3259 τὰς
1608 3195 1814 3269 μιαράς

213 3276 426 3330 ἑαυτοῦ
475 3278 660 3349 ῥίπτει
689 3283 902 3351 χεῖρας.
960 3282 1052 3336 Διὸ
1101 3284 1197 3338 καὶ
1244 3286 1573 3340 πενέστατον
1623 3287 1814 3342 ἑαυτὸν

217 3367 372 3426 εἶναι
395 3374 633 3444 ἡγεῖται.
668 3376 765 3440 Τίς
815 3374 910 3430 οῦν
947 3377 1055 3431 τῶν
1087 3380 1395 3452 ὲχεφρόνων
1423 3381 1515 3434 τὸν
1554 3381 1655 3452 μὲν
1676 3382 1814 3456 πρό-

216 3483 278 3519 τε
290 3480 382 3537 ρον
412 3467 472 3520 οὐ
517 3465 774 3539 ζηλώσει,
797 3469 889 3524 τὸν
915 3471 972 3524 δὲ
995 3470 1249 3543 δεύτερον
1270 3473 1332 3527 οὐ
1358 3475 1614 3544 μισήσεις

499 3669 668 3723 TOB'.
707 3698 777 3709 -—-
814 3670 1021 3725 ΘΕΩΝῘ
1061 3673 1530 3747 ΠΡΕΣΒΥΤΕΡῼ.

777 3762 916 3830 Περὶ
949 3762 1232 3831 Μάρωνος
1243 3803 1258 3819 .

287 3888 433 3944 Δίαν
459 3891 634 3960 ἥσθην
670 3892 976 3964 πυθόμενος
998 3898 1078 3950 ὅτι
1108 3899 1136 3950 ὁ
1171 3897 1262 3961 σὸς
1305 3899 1542 3965 διάδικυς
1581 3899 1812 3972 ὥρμησε

223 3983 328 4052 μιν
381 3981 522 4035 κατά
557 3982 652 4036 σοῦ
686 3984 762 4047 ώς
806 3987 1052 4040 αὐτοϐοεὶ
1108 3989 1513 4061 περιεσόμενος.
1565 3992 1809 4065 Ἐρῤἀγη

216 4070 278 4124 δὲ
304 4069 556 4140 καθάπερ
589 4073 646 4124 έν
680 4075 795 4136 τοῖς
843 4075 1193 4147 Ὀλυμπικοῖς
1223 4078 1430 4148 ἀγῶσιν
1463 4081 1568 4134 ὑπὸ
1587 4083 1686 4154 τῆς
1711 4083 1812 4154 σῆς

218 4161 540 4232 φιλοσοφίας
577 4165 955 4234 νενικημένος.

220 4367 390 4422 τοτ’.
429 4399 500 4408 -
536 4367 1178 4444 EPMINpLAQPero,
1209 4375 1444 4431 mpm
1477 4377 1810 4435 AAMIIPO-

826 4441 1004 4512 ΤΑΤῼ
1046 4441 1180 4515 (98).

302 4555 364 4608 Ὀ
417 4553 517 4624 μὲν
559 4553 760 4626 ἀρετὴν
798 4555 1007 4619 ἀσκῶν,
1047 4557 1310 4627 στέφανον
1359 4561 1474 4632 ἔχει
1520 4562 1804 4633 λαμπρόνο

219 4647 248 4700 ὀ
306 4648 364 4701 δὲ
399 4646 681 4717 κατορθῶν
729 4647 850 4717 μὲν,
883 4648 958 4716 μὴ
1003 4651 1304 4722 ἡγούμενος
1356 4655 1806 4725 κατωρθωκέναι,

219 4737 316 4790 καὶ
347 4736 513 4789 αὐτοῦ
541 4737 630 4789 τοῦ
668 4736 812 4790 οὕτω
846 4739 1150 4794 διακεῖσθαι
1181 4745 1364 4814 χάριν,
1401 4745 1666 4815 στέφανον
1698 4746 1807 4814 ἕξει

2039 2233 2364 2294 CCCLXXI.
2387 2265 2456 2276 —
2481 2229 2880 2288 TllEODOSIO
2922 2229 3403 2289 PRESBYTEBO.

1992 2371 2094 2440 Qui
2131 2372 2298 2425 vitam
2343 2369 2579 2423 maxime
2621 2367 2992 2423 continentem
3027 2376 3083 2422 et
3121 2367 3380 2438 frugalem
3413 2369 3514 2424 sibi

1923 2465 2349 2520 consrctandam
2381 2461 2682 2532 proposuit,
2716 2461 2903 2514 animo
2934 2474 3165 2527 magnus
3194 2470 3248 2514 et
3275 2460 3517 2528 splendi-

1918 2559 2020 2613 dus
2047 2565 2168 2624 cst,
2201 2556 2380 2611 victus
2425 2564 2605 2608 autem
2653 2552 2802 2608 cultu
2837 2551 3037 2607 tenuis.
3080 2550 3214 2606 Nam
3243 2568 3367 2607 cum
3398 2553 3518 2622 ipse

1917 2647 2099 2720 magni
2137 2646 2300 2716 pretii
2339 2645 2432 2710 sit,
2461 2657 2633 2714 pauca
2661 2641 2938 2712 eapeudit.
2983 2641 3169 2712 Atqui
3200 2643 3323 2698 vita:
3353 2643 3518 2698 lauti-

1919 2740 2047 2793 tiam
2099 2740 2150 2791 in
2202 2737 2375 2805 pretio
2407 2737 2570 2790 habet
2615 2748 2680 2787 ac
2719 2732 2990 2804 turgidam
3045 2749 3293 2788 mensam
3323 2749 3518 2790 conse-

1917 2838 2118 2892 ctatur,
2150 2830 2333 2882 animo
2357 2827 2576 2896 quidem
2606 2841 2807 2896 parvus
2851 2835 2906 2882 et
2942 2827 3187 2894 abiectus
3229 2837 3346 2893 cst,
3391 2844 3516 2896 gra-

1919 2922 2116 2985 tiisque
2145 2935 2370 2985 vacuus,
2402 2920 2545 2973 victu
2579 2927 2757 2973 autem
2778 2917 3048 2989 profusus.
3069 2916 3203 2972 Nam
3235 2935 3359 2974 cum
3391 2919 3507 2988 ipse

1916 3009 2118 3066 nullius
2147 3011 2307 3080 pretii
2339 3010 2444 3076 sit,
2477 3009 2709 3079 plurima
2743 3010 2989 3064 insumit.
3035 3009 3156 3077 Quo
3195 3008 3276 3074 lit,
3306 3018 3364 3064 ut
3399 3010 3511 3076 ille,

1916 3102 2108 3172 paucis
2143 3110 2453 3166 contentus.
2486 3101 2926 3169 copiosissimum
2951 3116 3013 3154 se
3043 3115 3165 3155 esse
3194 3101 3511 3158 existimet:

1918 3195 2006 3251 hic
2042 3204 2223 3248 autem
2254 3194 2503 3263 ingentes
2533 3190 2694 3264 5.01
2721 3203 2970 3260 sumptus
2995 3189 3224 3256 faciens,
3257 3193 3310 3247 in
3338 3193 3517 3263 proxi-

1917 3299 2132 3338 morum
2191 3282 2332 3338 bona
2384 3282 2680 3337 sceleratas
2735 3295 2865 3336 suas
2911 3297 3104 3337 manus
3149 3282 3357 3351 injiciat
3387 3324 3402 3346 ,
3451 3299 3515 3338 ac

1918 3376 2148 3447 proinde
2180 3375 2586 3444 pauperrimum
2623 3387 2682 3427 se
2731 3386 2853 3428 esse
2896 3374 3212 3429 arbitretur.
3251 3376 3512 3442 Quisnam

1838 3481 1885 3542 ο
1918 3468 2080 3538 igitur
2109 3482 2256 3521 sana:
2288 3466 2485 3521 mentis
2530 3468 2767 3536 priorem
2823 3469 3045 3524 beatum
3077 3482 3180 3523 non
3211 3469 3514 3538 praedicet;

1916 3559 2211 3614 secundum
2244 3568 2423 3612 autem
2460 3560 2633 3614 oderit
2669 3577 2732 3616 ac
2763 3562 3104 3618 detestetur?

2092 3673 2518 3730 CCCLXXIl.---
2548 3674 2802 3731 TllEONI
2842 3673 3330 3732 PRESBYTERO.

2535 3765 2609 3819 De
2642 3764 2880 3820 Marone.

1985 3899 2178 3970 Magna
2225 3899 2503 3969 voluptate
2535 3898 2763 3954 aﬂ'ectus
2796 3915 2946 3966 sum,
2982 3915 3102 3956 cum
3137 3901 3264 3956 illud
3295 3901 3508 3971 audivi,

1914 3991 2288 4045 adversarium
2327 4001 2476 4045 tuum
2499 4031 2513 4054 ,
2551 3991 2604 4045 in
2649 4001 2699 4044 te
2725 3990 2944 4059 quidem
2985 3994 3243 4062 impetum
3281 3995 3507 4062 fecisse,

1916 4093 2170 4152 tanquam
2205 4093 2254 4137 te
2285 4084 2469 4137 statim
2503 4085 2841 4152 superiorem
2889 4085 3162 4152 futurum;
3201 4085 3510 4156 disruptum

1914 4185 2093 4228 autem
2154 4175 2350 4243 fuisse,
2407 4190 2513 4230 non
2570 4191 2726 4231 secus
2772 4186 2937 4246 atque
2968 4178 3020 4231 In
3055 4176 3351 4248 Olympicis
3393 4193 3512 4234 cer-

1913 4265 2229 4331 taminibus,
2261 4281 2290 4320 a
2329 4274 2380 4321 te
2415 4266 2681 4335 sapientia
2716 4267 2916 4321 victum
2947 4278 3111 4337 atque
3150 4279 3508 4339 prostratum.

1911 4378 2282 4436 CCCLXXIII.
2319 4409 2389 4421 --
2429 4378 2764 4441 HERMINO,
2797 4380 3191 4444 DOROTHEO,
3227 4380 3509 4437 HIEBACI

2482 4449 2928 4506 CLARISSIMO.

1981 4565 2032 4622 Is
2058 4566 2297 4635 quidem,
2327 4566 2418 4636 qui
2446 4567 2697 4622 virtutem
2723 4567 2874 4630 colit,
2903 4567 3219 4636 praeclaram
3253 4581 3508 4621 coronam

1913 4657 2110 4722 habet;
2146 4665 2200 4712 at
2234 4658 2323 4726 qui
2357 4658 2577 4713 virtutis
2612 4655 2788 4713 omcia
2832 4669 3128 4730 prtestans,
3170 4658 3392 4713 minime
3428 4667 3513 4712 ta-

1913 4762 2035 4801 men
2072 4762 2130 4802 se
2172 4748 2491 4816 praestitisse
2523 4749 2819 4814 existimat,
2859 4751 2959 4803 hoc
2986 4750 3150 4803 etiam
3188 4748 3335 4817 ipso,
3367 4746 3510 4816 quod

220 4827 620 4898 λαμπρότερον.
665 4829 1016 4901 Ἀντίῤῥοπον
1046 4833 1154 4903 γὰρ
1197 4835 1304 4889 τῶν
1363 4838 1807 4908 κατορθωμάτων

1915 4840 1987 4892 ita
2017 4838 2239 4894 affectus
2257 4841 2350 4906 sit,
2373 4841 2789 4911 splendidiorem
2817 4856 3070 4897 coronam
3093 4840 3376 4894 habiturus
3404 4847 3512 4898 est.

223 4918 359 4978 ἐστὶ,
416 4919 476 4971 τὸ
532 4921 898 4990 κατορθοῦντα
940 4923 1014 4994 μὴ
1061 4927 1313 4994 ἡγεῖσθαι
1362 4929 1807 4998 κατωρθωκέναι.

222 5007 437 5061 Μᾶλλον
471 5006 527 5060 δὲ
576 5009 732 5062 τοῦτο
783 5011 957 5081 παρὸν
1015 5013 1115 5080 μὲν
1165 5016 1391 5069 κάκεῖνα
1437 5017 1674 5071 δείκνυσι
1713 5007 1813 5089 με-

223 5099 385 5166 γάλα,
431 5101 569 5154 ἀπὸν
601 5102 658 5155 δὲ
711 5103 806 5156 καὶ
849 5105 918 5156 τὰ
968 5107 1200 5176 μέγιστα
1251 5113 1708 5183 κατασμικρύνει.
1753 5115 1812 5168 Ὀ

227 5190 549 5262 βουλόμενος
595 5195 889 5267 τοιγαροῦν
941 5199 1156 5267 μεγάλα
1211 5202 1407 5256 ἑαυτοῦ
1455 5205 1680 5277 ποιῆσαι
1742 5207 1812 5261 τά

1913 4929 2030 4984 Non
2064 4931 2290 4986 minoris
2318 4934 2496 4996 enim,
2539 4947 2698 5002 quam
2740 4934 2969 4987 virtutes
3005 4933 3154 5001 ἱρείη,
3190 4931 3364 4985 laudis
3398 4940 3507 4996 est.

1917 5038 2038 5077 cum
2093 5037 2160 5077 ex
2214 5023 2414 5077 virtute
2455 5024 2659 5094 aliquid
2705 5040 2896 5096 geras,
2947 5025 3170 5078 minime
3225 5031 3408 5079 tamen
3455 5033 3510 5080 te

1917 5114 2153 5184 gessisse
2183 5115 2461 5171 arbitrari.
2498 5116 2634 5181 Iino,
2672 5127 2728 5170 ut
2759 5116 2962 5171 rectius
2997 5117 3208 5184 loquar,
3252 5116 3354 5172 hoc
3384 5132 3507 5171 cum

1920 5206 2098 5275 adest,
2132 5207 2222 5261 illa
2256 5222 2475 5279 quoque
2505 5223 2701 5280 magna
2731 5225 2854 5268 esse
2889 5211 3096 5268 iudicat
3124 5230 3139 5268 :
3174 5227 3297 5267 cum
3325 5220 3509 5268 autem

1321 5376 1554 5434 νΑΒιᾸς
1606 5379 1994 5440 LECTIONES
2042 5385 2132 5441 ET
2168 5384 2405 5445 NOTAE.

297 5521 408 5607 (97A)
440 5519 588 5607 ⁸Ῡίιξὶσ
644 5527 933 5599 Augustin.
997 5544 1161 5586 serm.
1196 5532 1266 5588 '54
1310 5543 1364 5590 et
1409 5549 1525 5607 seq.
1555 5539 1620 5591 de
1646 5542 1797 5595 verb.

233 5589 495 5658 Apostoli.
530 5592 698 5652 Rt'n.

296 5662 430 5746 (97")
463 5661 683 5746 Duobus
748 5670 938 5746 simul_
971 5671 1459 5746 haac_insc_ribitur
1483 5678 1707 5746 epistola
1742 5681 1793 5735 in
1905 5661 2760 5743 ἀῑὲἐὲέηὲ’Ξίῗέιιῖίὶἷέίῖἓέἴῖ

382 5731 502 5817 Vat.
549 5733 678 5817 ﬁt),
732 5755 838 5817 non
863 5742 1038 5817 solum
1057 5740 1393 5817 uTheodgsio
1449 5731 1791 5817 prcsbyte‘ro,

232 5803 320 5854 sed
387 5801 480 5856 καὶ
549 5801 836 5881 Ἐλισσαίῳ
913 5811 1215 5883 μονάζοντι,
1277 5801 1467 5872 Elisa’o
1515 5801 1788 5878 "immrito:

1907 5541 2121 5600 Possm.

1980 5612 2092 5683 (98)
2129 5612 2342 5688 Titulus
2363 5616 2521 5686 hujus
2544 5619 2806 5688 epistolae,
2842 5619 2893 5674 in
2925 5619 3044 5674 cod.
3078 5601 3196 5676 Vat.
3219 5619 3325 5674 650
3354 5617 3514 5674 valde

2822 5691 3080 5763 Ἀρχοντι
3117 5690 3501 5763 πρεσϐυτέρῳ.

1908 5754 2064 5828 Vers.
2097 5753 2300 5828 Smpost
2330 5757 2631 5828 ἡγούμενος
2671 5759 2815 5814 idem
2847 5753 2969 5818 cod.
3007 5753 3249 5818 additos
3283 5773 3339 5819 et
3381 5753 3506 5818 ἑξὸ

1903 5833 2025 5892 post
2044 5825 2298 5893 ἡγεῖσθαι
2324 5825 2566 5894 adiungit
2598 5829 2678 5886 τό.
2714 5828 2793 5886 in.
