  <div class='ocr_page' id='page_1' title='image "/cluster/home/n/w/nwhite01/storage/ocr_20150623/78/pst.000005712779/522.png"; bbox 0 0 4164 6454; ppageno 0'>
   <div class='ocr_carea' id='block_1_1' title="bbox 221 428 387 496">
    <p class='ocr_par' dir='ltr' id='par_1_1' title="bbox 221 428 387 496">
     <span class='ocr_line' id='line_1_1' title="bbox 221 428 387 496; baseline 0.018 -3"><span class='ocrx_word' id='word_1_1' title='bbox 221 428 387 496; x_wconf 76' lang='lat'><strong>1025</strong></span> 
     </span>
    </p>
   </div>
   <div class='ocr_carea' id='block_1_2' title="bbox 1061 418 2804 488">
    <p class='ocr_par' dir='ltr' id='par_1_2' title="bbox 1061 418 2804 488">
     <span class='ocr_line' id='line_1_2' title="bbox 1061 418 2804 488; baseline -0.006 0"><span class='ocrx_word' id='word_1_2' title='bbox 1061 422 1599 488; x_wconf 87' lang='lat' dir='ltr'><strong>EPISTOLARUM</strong></span> <span class='ocrx_word' id='word_1_3' title='bbox 1637 422 1784 482; x_wconf 89' lang='lat' dir='ltr'><strong>LIB.</strong></span> <span class='ocrx_word' id='word_1_4' title='bbox 1827 422 1943 482; x_wconf 90' lang='lat' dir='ltr'><strong>III.</strong></span> <span class='ocrx_word' id='word_1_5' title='bbox 1981 445 2051 456; x_wconf 87' lang='lat'><em>-</em></span> <span class='ocrx_word' id='word_1_6' title='bbox 2090 419 2329 481; x_wconf 86' lang='lat' dir='ltr'><strong>EPIST.</strong></span> <span class='ocrx_word' id='word_1_7' title='bbox 2371 418 2804 481; x_wconf 74' lang='lat' dir='ltr'><strong>CCCLXXXII.</strong></span> 
     </span>
    </p>
   </div>
   <div class='ocr_carea' id='block_1_3' title="bbox 3402 412 3539 480">
    <p class='ocr_par' dir='ltr' id='par_1_3' title="bbox 3402 412 3539 480">
     <span class='ocr_line' id='line_1_3' title="bbox 3402 412 3539 480; baseline 0.007 -1"><span class='ocrx_word' id='word_1_8' title='bbox 3402 412 3539 480; x_wconf 70' lang='lat'><strong>1026</strong></span> 
     </span>
    </p>
   </div>
   <div class='ocr_carea' id='block_1_4' title="bbox 215 528 1807 613">
    <p class='ocr_par' dir='ltr' id='par_1_4' title="bbox 215 535 1801 613">
     <span class='ocr_line' id='line_1_4' title="bbox 215 535 1801 613; baseline -0.006 -16"><span class='ocrx_word' id='word_1_9' title='bbox 215 542 432 613; x_wconf 71' lang='grc' dir='ltr'>εὐχαῖς</span> <span class='ocrx_word' id='word_1_10' title='bbox 463 539 699 594; x_wconf 88' lang='grc' dir='ltr'>σαλεύει.</span> <span class='ocrx_word' id='word_1_11' title='bbox 734 537 910 609; x_wconf 79' lang='grc' dir='ltr'>Εὖχου</span> <span class='ocrx_word' id='word_1_12' title='bbox 939 539 1119 594; x_wconf 77' lang='grc' dir='ltr'>τοίνυν</span> <span class='ocrx_word' id='word_1_13' title='bbox 1151 539 1244 593; x_wconf 81' lang='grc' dir='ltr'>καὶ</span> <span class='ocrx_word' id='word_1_14' title='bbox 1273 536 1435 601; x_wconf 79' lang='grc' dir='ltr'>αὐτὸς</span> <span class='ocrx_word' id='word_1_15' title='bbox 1465 537 1616 600; x_wconf 83' lang='grc' dir='ltr'>ὅπως</span> <span class='ocrx_word' id='word_1_16' title='bbox 1644 535 1801 607; x_wconf 82' lang='grc' dir='ltr'>κρείτ</span> 
     </span>
    </p>
   </div>
   <div class='ocr_carea' id='block_1_5' title="bbox 1911 528 3536 613">
    <p class='ocr_par' dir='ltr' id='par_1_5' title="bbox 1940 528 3536 604">
     <span class='ocr_line' id='line_1_5' title="bbox 1940 528 3536 604; baseline -0.003 -16"><span class='ocrx_word' id='word_1_17' title='bbox 1940 535 2007 590; x_wconf 92' lang='lat' dir='ltr'><strong>tis</strong></span> <span class='ocrx_word' id='word_1_18' title='bbox 2034 549 2097 590; x_wconf 91' lang='lat' dir='ltr'><strong>ac</strong></span> <span class='ocrx_word' id='word_1_19' title='bbox 2145 534 2400 604; x_wconf 81' lang='lat' dir='ltr'><strong>precibus</strong></span> <span class='ocrx_word' id='word_1_20' title='bbox 2451 531 2698 587; x_wconf 83' lang='lat' dir='ltr'><strong>ﬂuctuat.</strong></span> <span class='ocrx_word' id='word_1_21' title='bbox 2744 528 3109 597; x_wconf 82' lang='lat' dir='ltr'><strong>Quamobrem</strong></span> <span class='ocrx_word' id='word_1_22' title='bbox 3167 528 3284 600; x_wconf 90' lang='lat' dir='ltr'><strong>ipse</strong></span> <span class='ocrx_word' id='word_1_23' title='bbox 3317 542 3536 599; x_wconf 85' lang='lat' dir='ltr'><strong>quoque</strong></span> 
     </span>
    </p>
   </div>
   <div class='ocr_carea' id='block_1_6' title="bbox 211 632 923 704">
    <p class='ocr_par' dir='ltr' id='par_1_6' title="bbox 211 632 923 704">
     <span class='ocr_line' id='line_1_6' title="bbox 211 632 923 704; baseline 0 -18"><span class='ocrx_word' id='word_1_24' title='bbox 211 649 352 688; x_wconf 78' lang='grc' dir='ltr'>των</span> <span class='ocrx_word' id='word_1_25' title='bbox 381 633 647 704; x_wconf 84' lang='grc' dir='ltr'>χειμῶνος</span> <span class='ocrx_word' id='word_1_26' title='bbox 675 632 923 703; x_wconf 76' lang='grc' dir='ltr'>γένηται.</span> 
     </span>
    </p>
   </div>
   <div class='ocr_carea' id='block_1_7' title="bbox 466 724 1598 818">
    <p class='ocr_par' dir='ltr' id='par_1_7' title="bbox 466 724 1598 818">
     <span class='ocr_line' id='line_1_7' title="bbox 466 724 1598 818; baseline -0.005 -16"><span class='ocrx_word' id='word_1_27' title='bbox 466 749 644 805; x_wconf 78' lang='grc' dir='ltr'><strong>Τοθσ.</strong></span> <span class='ocrx_word' id='word_1_28' title='bbox 682 779 753 791; x_wconf 89' lang='grc'><strong><em>-</em></strong></span> <span class='ocrx_word' id='word_1_29' title='bbox 789 747 1097 818; x_wconf 69' lang='grc' dir='ltr'>οΕοΔοΡο</span> <span class='ocrx_word' id='word_1_30' title='bbox 1137 724 1598 814; x_wconf 73' lang='grc' dir='ltr'><strong>ΣΧΟΛΑΣΤΙΚῼ.</strong></span> 
     </span>
    </p>
   </div>
   <div class='ocr_carea' id='block_1_8' title="bbox 310 853 1830 930">
    <p class='ocr_par' dir='ltr' id='par_1_8' title="bbox 310 853 1830 930">
     <span class='ocr_line' id='line_1_8' title="bbox 310 853 1830 930; baseline -0.004 -16"><span class='ocrx_word' id='word_1_31' title='bbox 310 859 452 914; x_wconf 81' lang='grc' dir='ltr'>Οὔτε</span> <span class='ocrx_word' id='word_1_32' title='bbox 494 860 728 925; x_wconf 82' lang='grc' dir='ltr'><strong>ἀλαζόνα</strong></span> <span class='ocrx_word' id='word_1_33' title='bbox 757 854 896 914; x_wconf 80' lang='grc' dir='ltr'>εῖναι</span> <span class='ocrx_word' id='word_1_34' title='bbox 942 858 1070 930; x_wconf 77' lang='grc' dir='ltr'>χρὴ,</span> <span class='ocrx_word' id='word_1_35' title='bbox 1116 855 1241 912; x_wconf 75' lang='grc' dir='ltr'>οὔτε</span> <span class='ocrx_word' id='word_1_36' title='bbox 1286 855 1530 910; x_wconf 78' lang='grc' dir='ltr'>κόλακαο</span> <span class='ocrx_word' id='word_1_37' title='bbox 1560 853 1677 909; x_wconf 86' lang='grc' dir='ltr'>ἀλλ’</span> <span class='ocrx_word' id='word_1_38' title='bbox 1717 855 1830 922; x_wconf 82' lang='grc' dir='ltr'>άμ-</span> 
     </span>
    </p>
   </div>
   <div class='ocr_carea' id='block_1_9' title="bbox 208 943 1831 1020">
    <p class='ocr_par' dir='ltr' id='par_1_9' title="bbox 208 943 1831 1020">
     <span class='ocr_line' id='line_1_9' title="bbox 208 943 1831 1020; baseline -0.006 -16"><span class='ocrx_word' id='word_1_39' title='bbox 208 950 489 1020; x_wconf 82' lang='grc' dir='ltr'>φοτέρων</span> <span class='ocrx_word' id='word_1_40' title='bbox 535 949 644 1003; x_wconf 83' lang='grc' dir='ltr'><strong>τῶν</strong></span> <span class='ocrx_word' id='word_1_41' title='bbox 688 949 898 1003; x_wconf 88' lang='grc' dir='ltr'>κακιῶν</span> <span class='ocrx_word' id='word_1_42' title='bbox 924 947 1004 1018; x_wconf 78' lang='grc'>(4)</span> <span class='ocrx_word' id='word_1_43' title='bbox 1029 944 1238 1000; x_wconf 80' lang='grc' dir='ltr'>τούτων</span> <span class='ocrx_word' id='word_1_44' title='bbox 1279 946 1379 1016; x_wconf 82' lang='grc' dir='ltr'>τὴν</span> <span class='ocrx_word' id='word_1_45' title='bbox 1415 943 1685 1016; x_wconf 74' lang='grc' dir='ltr'><strong>ἀμετρίαν</strong></span> <span class='ocrx_word' id='word_1_46' title='bbox 1734 958 1831 995; x_wconf 88' lang='grc' dir='ltr'>κο-</span> 
     </span>
    </p>
   </div>
   <div class='ocr_carea' id='block_1_10' title="bbox 207 1034 1830 1112">
    <p class='ocr_par' dir='ltr' id='par_1_10' title="bbox 207 1034 1830 1112">
     <span class='ocr_line' id='line_1_10' title="bbox 207 1034 1830 1112; baseline -0.002 -20"><span class='ocrx_word' id='word_1_47' title='bbox 207 1039 508 1105; x_wconf 78' lang='grc' dir='ltr'>λάζοντα,</span> <span class='ocrx_word' id='word_1_48' title='bbox 571 1040 878 1112; x_wconf 73' lang='grc' dir='ltr'>ἐλευθέριον</span> <span class='ocrx_word' id='word_1_49' title='bbox 935 1035 1113 1104; x_wconf 76' lang='grc' dir='ltr'>εἶναι,</span> <span class='ocrx_word' id='word_1_50' title='bbox 1189 1039 1326 1108; x_wconf 86' lang='grc' dir='ltr'>μήτε</span> <span class='ocrx_word' id='word_1_51' title='bbox 1396 1037 1480 1099; x_wconf 83' lang='grc' dir='ltr'><strong>είς</strong></span> <span class='ocrx_word' id='word_1_52' title='bbox 1541 1034 1830 1089; x_wconf 76' lang='grc' dir='ltr'>αὐθάδειαν</span> 
     </span>
    </p>
   </div>
   <div class='ocr_carea' id='block_1_11' title="bbox 208 1125 1829 1204">
    <p class='ocr_par' dir='ltr' id='par_1_11' title="bbox 208 1125 1829 1204">
     <span class='ocr_line' id='line_1_11' title="bbox 208 1125 1829 1204; baseline -0.005 -18"><span class='ocrx_word' id='word_1_53' title='bbox 208 1132 636 1201; x_wconf 77' lang='grc' dir='ltr'><strong>ἀποκλίνοντα,</strong></span> <span class='ocrx_word' id='word_1_54' title='bbox 696 1133 834 1204; x_wconf 81' lang='grc' dir='ltr'>μήτε</span> <span class='ocrx_word' id='word_1_55' title='bbox 925 1131 1009 1195; x_wconf 82' lang='grc' dir='ltr'><strong>είς</strong></span> <span class='ocrx_word' id='word_1_56' title='bbox 1079 1127 1508 1201; x_wconf 79' lang='grc' dir='ltr'>δουλοπρέπειαν</span> <span class='ocrx_word' id='word_1_57' title='bbox 1591 1125 1829 1180; x_wconf 86' lang='grc' dir='ltr'>καταπί-</span> 
     </span>
    </p>
   </div>
   <div class='ocr_carea' id='block_1_12' title="bbox 207 1238 462 1277">
    <p class='ocr_par' dir='ltr' id='par_1_12' title="bbox 207 1238 462 1277">
     <span class='ocr_line' id='line_1_12' title="bbox 207 1238 462 1277; baseline 0.012 -3"><span class='ocrx_word' id='word_1_58' title='bbox 207 1239 265 1274; x_wconf 83' lang='grc' dir='ltr'><strong>π</strong></span> <span class='ocrx_word' id='word_1_59' title='bbox 272 1238 440 1277; x_wconf 81' lang='grc' dir='ltr'>τοντα</span> <span class='ocrx_word' id='word_1_60' title='bbox 447 1261 462 1277; x_wconf 81' lang='grc'><strong>.</strong></span> 
     </span>
    </p>
   </div>
   <div class='ocr_carea' id='block_1_13' title="bbox 479 1303 1576 1387">
    <p class='ocr_par' dir='ltr' id='par_1_13' title="bbox 479 1303 1576 1387">
     <span class='ocr_line' id='line_1_13' title="bbox 479 1303 1576 1387; baseline -0.002 -17"><span class='ocrx_word' id='word_1_61' title='bbox 479 1316 608 1370; x_wconf 81' lang='lat' dir='ltr'><strong>TlI&#39;.</strong></span> <span class='ocrx_word' id='word_1_62' title='bbox 649 1344 719 1355; x_wconf 89' lang='lat'>—</span> <span class='ocrx_word' id='word_1_63' title='bbox 756 1313 1066 1387; x_wconf 79' lang='grc' dir='ltr'><strong>ΤΙΜΟΘΕῼ</strong></span> <span class='ocrx_word' id='word_1_64' title='bbox 1115 1303 1576 1385; x_wconf 73' lang='grc' dir='ltr'><strong>ΣΧΟᾹΔΣΤΙΚῼ.</strong></span> 
     </span>
    </p>
   </div>
   <div class='ocr_carea' id='block_1_14' title="bbox 299 1418 1824 1496">
    <p class='ocr_par' dir='ltr' id='par_1_14' title="bbox 299 1418 1824 1496">
     <span class='ocr_line' id='line_1_14' title="bbox 299 1418 1824 1496; baseline -0.001 -17"><span class='ocrx_word' id='word_1_65' title='bbox 299 1425 580 1491; x_wconf 86' lang='grc' dir='ltr'>Μάνθανε,</span> <span class='ocrx_word' id='word_1_66' title='bbox 631 1418 677 1480; x_wconf 81' lang='grc' dir='ltr'>ὧ</span> <span class='ocrx_word' id='word_1_67' title='bbox 726 1424 1026 1495; x_wconf 81' lang='grc' dir='ltr'><strong>σοφώτατε,</strong></span> <span class='ocrx_word' id='word_1_68' title='bbox 1078 1426 1174 1480; x_wconf 78' lang='grc' dir='ltr'>καὶ</span> <span class='ocrx_word' id='word_1_69' title='bbox 1225 1425 1655 1496; x_wconf 80' lang='grc' dir='ltr'>ρητορικὼτατε,</span> <span class='ocrx_word' id='word_1_70' title='bbox 1685 1425 1824 1496; x_wconf 85' lang='grc' dir='ltr'>ὅπερ</span> 
     </span>
    </p>
   </div>
   <div class='ocr_carea' id='block_1_15' title="bbox 205 1513 1824 1586">
    <p class='ocr_par' dir='ltr' id='par_1_15' title="bbox 205 1513 1824 1586">
     <span class='ocr_line' id='line_1_15' title="bbox 205 1513 1824 1586; baseline -0.002 -15"><span class='ocrx_word' id='word_1_71' title='bbox 205 1516 587 1583; x_wconf 83' lang='grc' dir='ltr'><strong>κινδυνεύεις,</strong></span> <span class='ocrx_word' id='word_1_72' title='bbox 618 1516 695 1580; x_wconf 82' lang='grc' dir='ltr'>ὡς</span> <span class='ocrx_word' id='word_1_73' title='bbox 740 1515 938 1580; x_wconf 76' lang='grc' dir='ltr'>ἔοικεν.</span> <span class='ocrx_word' id='word_1_74' title='bbox 970 1519 1205 1584; x_wconf 77' lang='grc' dir='ltr'><strong>ἀγνοεῖν,</strong></span> <span class='ocrx_word' id='word_1_75' title='bbox 1239 1515 1324 1568; x_wconf 84' lang='grc' dir='ltr'>ὅτι</span> <span class='ocrx_word' id='word_1_76' title='bbox 1370 1517 1420 1569; x_wconf 88' lang='grc' dir='ltr'><strong>εί</strong></span> <span class='ocrx_word' id='word_1_77' title='bbox 1457 1514 1702 1586; x_wconf 76' lang='grc' dir='ltr'>συμϐαίη</span> <span class='ocrx_word' id='word_1_78' title='bbox 1733 1513 1824 1584; x_wconf 85' lang='grc' dir='ltr'>φί-</span> 
     </span>
    </p>
   </div>
   <div class='ocr_carea' id='block_1_16' title="bbox 203 1605 1824 1679">
    <p class='ocr_par' dir='ltr' id='par_1_16' title="bbox 203 1605 1824 1679">
     <span class='ocr_line' id='line_1_16' title="bbox 203 1605 1824 1679; baseline -0.002 -18"><span class='ocrx_word' id='word_1_79' title='bbox 203 1609 344 1671; x_wconf 87' lang='grc' dir='ltr'>λοις</span> <span class='ocrx_word' id='word_1_80' title='bbox 399 1607 536 1679; x_wconf 78' lang='grc' dir='ltr'>πρὸς</span> <span class='ocrx_word' id='word_1_81' title='bbox 589 1606 854 1678; x_wconf 85' lang='grc' dir='ltr'>ἀλλήλους</span> <span class='ocrx_word' id='word_1_82' title='bbox 909 1605 1285 1677; x_wconf 81' lang='grc' dir='ltr'>διενεχθῆναι,</span> <span class='ocrx_word' id='word_1_83' title='bbox 1339 1606 1374 1676; x_wconf 75' lang='grc' dir='ltr'><strong>ἢ</strong></span> <span class='ocrx_word' id='word_1_84' title='bbox 1430 1605 1666 1675; x_wconf 71' lang='grc' dir='ltr'>ἐχθροῖς,</span> <span class='ocrx_word' id='word_1_85' title='bbox 1723 1605 1824 1676; x_wconf 85' lang='grc' dir='ltr'>οὐχ</span> 
     </span>
    </p>
   </div>
   <div class='ocr_carea' id='block_1_17' title="bbox 201 1694 1821 1769">
    <p class='ocr_par' dir='ltr' id='par_1_17' title="bbox 201 1694 1821 1769">
     <span class='ocr_line' id='line_1_17' title="bbox 201 1694 1821 1769; baseline -0.002 -18"><span class='ocrx_word' id='word_1_86' title='bbox 201 1698 431 1769; x_wconf 85' lang='grc' dir='ltr'>ὁμοίως</span> <span class='ocrx_word' id='word_1_87' title='bbox 472 1694 882 1765; x_wconf 80' lang='grc' dir='ltr'>διαγωνιοῦνται</span> <span class='ocrx_word' id='word_1_88' title='bbox 906 1713 920 1727; x_wconf 90' lang='grc'><strong>·</strong></span> <span class='ocrx_word' id='word_1_89' title='bbox 966 1695 1079 1756; x_wconf 77' lang='grc' dir='ltr'>ἀλλ’</span> <span class='ocrx_word' id='word_1_90' title='bbox 1128 1697 1177 1747; x_wconf 82' lang='grc' dir='ltr'>οἱ</span> <span class='ocrx_word' id='word_1_91' title='bbox 1214 1694 1312 1765; x_wconf 79' lang='grc' dir='ltr'>μὲν</span> <span class='ocrx_word' id='word_1_92' title='bbox 1342 1696 1418 1758; x_wconf 87' lang='grc' dir='ltr'>ὼς</span> <span class='ocrx_word' id='word_1_93' title='bbox 1460 1695 1821 1765; x_wconf 83' lang='grc' dir='ltr'>διαλλαγησό-</span> 
     </span>
    </p>
   </div>
   <div class='ocr_carea' id='block_1_18' title="bbox 203 1785 1820 1862">
    <p class='ocr_par' dir='ltr' id='par_1_18' title="bbox 203 1785 1820 1862">
     <span class='ocr_line' id='line_1_18' title="bbox 203 1785 1820 1862; baseline 0.001 -22"><span class='ocrx_word' id='word_1_94' title='bbox 203 1804 382 1862; x_wconf 68' lang='grc' dir='ltr'>μενοι</span> <span class='ocrx_word' id='word_1_95' title='bbox 427 1787 749 1855; x_wconf 69' lang='grc' dir='ltr'>διοίσονται,</span> <span class='ocrx_word' id='word_1_96' title='bbox 785 1788 833 1839; x_wconf 85' lang='grc' dir='ltr'><strong>οί</strong></span> <span class='ocrx_word' id='word_1_97' title='bbox 874 1785 931 1839; x_wconf 75' lang='grc' dir='ltr'>δὲ</span> <span class='ocrx_word' id='word_1_98' title='bbox 983 1786 1058 1848; x_wconf 82' lang='grc' dir='ltr'>ὡς</span> <span class='ocrx_word' id='word_1_99' title='bbox 1108 1787 1421 1858; x_wconf 80' lang='grc' dir='ltr'>ἀκήρυκτον</span> <span class='ocrx_word' id='word_1_100' title='bbox 1471 1785 1683 1853; x_wconf 79' lang='grc' dir='ltr'>ἕξοντες</span> <span class='ocrx_word' id='word_1_101' title='bbox 1726 1787 1820 1842; x_wconf 79' lang='grc' dir='ltr'><strong>τὸν</strong></span> 
     </span>
    </p>
   </div>
   <div class='ocr_carea' id='block_1_19' title="bbox 201 1880 481 1951">
    <p class='ocr_par' dir='ltr' id='par_1_19' title="bbox 201 1880 481 1951">
     <span class='ocr_line' id='line_1_19' title="bbox 201 1880 481 1951; baseline 0.007 -17"><span class='ocrx_word' id='word_1_102' title='bbox 201 1880 481 1951; x_wconf 77' lang='grc' dir='ltr'>πόλεμον.</span> 
     </span>
    </p>
   </div>
   <div class='ocr_carea' id='block_1_20' title="bbox 436 1963 1644 2039">
    <p class='ocr_par' dir='ltr' id='par_1_20' title="bbox 436 1963 1644 2039">
     <span class='ocr_line' id='line_1_20' title="bbox 436 1963 1644 2039; baseline 0.002 -18"><span class='ocrx_word' id='word_1_103' title='bbox 436 1967 609 2022; x_wconf 79' lang='lat' dir='ltr'><strong>THA&#39;.</strong></span> <span class='ocrx_word' id='word_1_104' title='bbox 648 1997 720 2008; x_wconf 90' lang='lat'><strong>—</strong></span> <span class='ocrx_word' id='word_1_105' title='bbox 754 1967 1059 2039; x_wconf 73' lang='lat' dir='ltr'><strong>anPero</strong></span> <span class='ocrx_word' id='word_1_106' title='bbox 1097 1963 1592 2039; x_wconf 77' lang='grc' dir='ltr'><strong>ΛΑΜΠΡΟΤΑΤῼ.</strong></span> <span class='ocrx_word' id='word_1_107' title='bbox 1640 1977 1644 1981; x_wconf 58' lang='grc'><strong><em>’</em></strong></span> 
     </span>
    </p>
   </div>
   <div class='ocr_carea' id='block_1_21' title="bbox 305 2078 1811 2153">
    <p class='ocr_par' dir='ltr' id='par_1_21' title="bbox 305 2078 1811 2153">
     <span class='ocr_line' id='line_1_21' title="bbox 305 2078 1811 2153; baseline 0.002 -21"><span class='ocrx_word' id='word_1_108' title='bbox 305 2079 450 2147; x_wconf 84' lang='grc' dir='ltr'>Ἐγὼ</span> <span class='ocrx_word' id='word_1_109' title='bbox 480 2078 573 2132; x_wconf 80' lang='grc' dir='ltr'>καὶ</span> <span class='ocrx_word' id='word_1_110' title='bbox 600 2081 968 2153; x_wconf 65' lang='grc' dir='ltr'>μτριόφρονα</span> <span class='ocrx_word' id='word_1_111' title='bbox 992 2080 1143 2135; x_wconf 88' lang='grc' dir='ltr'>καλῶ</span> <span class='ocrx_word' id='word_1_112' title='bbox 1168 2082 1263 2134; x_wconf 77' lang='grc' dir='ltr'>καὶ</span> <span class='ocrx_word' id='word_1_113' title='bbox 1295 2082 1697 2153; x_wconf 84' lang='grc' dir='ltr'>μεγαλόφρονα,</span> <span class='ocrx_word' id='word_1_114' title='bbox 1719 2082 1811 2136; x_wconf 81' lang='grc' dir='ltr'><strong>τὸν</strong></span> 
     </span>
    </p>
   </div>
   <div class='ocr_carea' id='block_1_22' title="bbox 202 2162 1811 2245">
    <p class='ocr_par' dir='ltr' id='par_1_22' title="bbox 202 2162 1811 2245">
     <span class='ocr_line' id='line_1_22' title="bbox 202 2162 1811 2245; baseline 0.003 -22"><span class='ocrx_word' id='word_1_115' title='bbox 202 2172 462 2242; x_wconf 81' lang='grc' dir='ltr'>μέγιστα</span> <span class='ocrx_word' id='word_1_116' title='bbox 511 2172 612 2242; x_wconf 74' lang='grc' dir='ltr'>μὲν</span> <span class='ocrx_word' id='word_1_117' title='bbox 658 2171 1047 2244; x_wconf 80' lang='grc' dir='ltr'>κατορθοῦντα,</span> <span class='ocrx_word' id='word_1_118' title='bbox 1084 2162 1182 2242; x_wconf 78' lang='grc' dir='ltr'>τῆς</span> <span class='ocrx_word' id='word_1_119' title='bbox 1230 2173 1288 2226; x_wconf 83' lang='grc' dir='ltr'>δὲ</span> <span class='ocrx_word' id='word_1_120' title='bbox 1339 2173 1433 2226; x_wconf 71' lang='grc' dir='ltr'><strong>ἐπὶ</strong></span> <span class='ocrx_word' id='word_1_121' title='bbox 1467 2172 1544 2244; x_wconf 82' lang='grc' dir='ltr'>τῷ</span> <span class='ocrx_word' id='word_1_122' title='bbox 1596 2175 1811 2245; x_wconf 86' lang='grc' dir='ltr'>μεγάλα</span> 
     </span>
    </p>
   </div>
   <div class='ocr_carea' id='block_1_23' title="bbox 200 2262 1810 2339">
    <p class='ocr_par' dir='ltr' id='par_1_23' title="bbox 200 2262 1810 2339">
     <span class='ocr_line' id='line_1_23' title="bbox 200 2262 1810 2339; baseline 0.002 -22"><span class='ocrx_word' id='word_1_123' title='bbox 200 2263 487 2335; x_wconf 83' lang='grc' dir='ltr'>πράττειν</span> <span class='ocrx_word' id='word_1_124' title='bbox 514 2262 588 2334; x_wconf 83' lang='grc' dir='ltr'>μὴ</span> <span class='ocrx_word' id='word_1_125' title='bbox 623 2263 1070 2336; x_wconf 83' lang='grc' dir='ltr'>ἀντιποιούμενον</span> <span class='ocrx_word' id='word_1_126' title='bbox 1096 2265 1275 2336; x_wconf 78' lang='grc' dir='ltr'>δόξης,</span> <span class='ocrx_word' id='word_1_127' title='bbox 1299 2265 1436 2320; x_wconf 87' lang='grc' dir='ltr'><strong>ἀλλά</strong></span> <span class='ocrx_word' id='word_1_128' title='bbox 1465 2269 1644 2339; x_wconf 77' lang='grc' dir='ltr'>σιωπῇ</span> <span class='ocrx_word' id='word_1_129' title='bbox 1676 2267 1810 2338; x_wconf 86' lang='grc' dir='ltr'>κρύ-</span> 
     </span>
    </p>
   </div>
   <div class='ocr_carea' id='block_1_24' title="bbox 200 2353 1810 2431">
    <p class='ocr_par' dir='ltr' id='par_1_24' title="bbox 200 2353 1810 2431">
     <span class='ocr_line' id='line_1_24' title="bbox 200 2353 1810 2431; baseline 0.003 -22"><span class='ocrx_word' id='word_1_130' title='bbox 200 2372 427 2409; x_wconf 79' lang='grc' dir='ltr'>πτοντα</span> <span class='ocrx_word' id='word_1_131' title='bbox 453 2353 523 2408; x_wconf 83' lang='grc' dir='ltr'>τὰ</span> <span class='ocrx_word' id='word_1_132' title='bbox 551 2356 1025 2428; x_wconf 85' lang='grc' dir='ltr'>πλεονεκτήματα,</span> <span class='ocrx_word' id='word_1_133' title='bbox 1061 2357 1157 2412; x_wconf 79' lang='grc' dir='ltr'>καὶ</span> <span class='ocrx_word' id='word_1_134' title='bbox 1203 2357 1344 2412; x_wconf 87' lang='grc' dir='ltr'><strong>κατά</strong></span> <span class='ocrx_word' id='word_1_135' title='bbox 1380 2357 1490 2412; x_wconf 86' lang='grc' dir='ltr'><strong>τῶν</strong></span> <span class='ocrx_word' id='word_1_136' title='bbox 1530 2358 1700 2422; x_wconf 81' lang='grc' dir='ltr'>πέλας</span> <span class='ocrx_word' id='word_1_137' title='bbox 1735 2359 1810 2431; x_wconf 83' lang='grc' dir='ltr'>μὴ</span> 
     </span>
    </p>
   </div>
   <div class='ocr_carea' id='block_1_25' title="bbox 199 2447 1811 2522">
    <p class='ocr_par' dir='ltr' id='par_1_25' title="bbox 199 2447 1811 2522">
     <span class='ocr_line' id='line_1_25' title="bbox 199 2447 1811 2522; baseline 0.002 -22"><span class='ocrx_word' id='word_1_138' title='bbox 199 2447 608 2517; x_wconf 67' lang='grc' dir='ltr'>ἐπιφυόμενον.</span> <span class='ocrx_word' id='word_1_139' title='bbox 639 2447 729 2518; x_wconf 84' lang='grc' dir='ltr'><strong>Τῷ</strong></span> <span class='ocrx_word' id='word_1_140' title='bbox 760 2448 862 2518; x_wconf 86' lang='grc' dir='ltr'>μὲν</span> <span class='ocrx_word' id='word_1_141' title='bbox 891 2449 1001 2520; x_wconf 88' lang='grc' dir='ltr'><strong>γάρ</strong></span> <span class='ocrx_word' id='word_1_142' title='bbox 1042 2448 1249 2520; x_wconf 80' lang='grc' dir='ltr'>πρᾶξαι</span> <span class='ocrx_word' id='word_1_143' title='bbox 1287 2449 1518 2520; x_wconf 88' lang='grc' dir='ltr'>μεγάλα,</span> <span class='ocrx_word' id='word_1_144' title='bbox 1559 2451 1811 2522; x_wconf 80' lang='grc' dir='ltr'>μεγάλως</span> 
     </span>
    </p>
   </div>
   <div class='ocr_carea' id='block_1_26' title="bbox 200 2537 1810 2614">
    <p class='ocr_par' dir='ltr' id='par_1_26' title="bbox 200 2537 1810 2614">
     <span class='ocr_line' id='line_1_26' title="bbox 200 2537 1810 2614; baseline 0.003 -24"><span class='ocrx_word' id='word_1_145' title='bbox 200 2537 511 2608; x_wconf 64' lang='grc' dir='ltr'>ἐφρόνησε,</span> <span class='ocrx_word' id='word_1_146' title='bbox 539 2537 619 2608; x_wconf 85' lang='grc' dir='ltr'><strong>τῷ</strong></span> <span class='ocrx_word' id='word_1_147' title='bbox 663 2538 722 2591; x_wconf 76' lang='grc' dir='ltr'>δὲ</span> <span class='ocrx_word' id='word_1_148' title='bbox 766 2538 992 2610; x_wconf 75' lang='grc' dir='ltr'>κρύψαι,</span> <span class='ocrx_word' id='word_1_149' title='bbox 1048 2539 1322 2610; x_wconf 86' lang='grc' dir='ltr'>μετρίως·</span> <span class='ocrx_word' id='word_1_150' title='bbox 1366 2540 1446 2612; x_wconf 81' lang='grc' dir='ltr'><strong>τῷ</strong></span> <span class='ocrx_word' id='word_1_151' title='bbox 1475 2541 1586 2613; x_wconf 89' lang='grc' dir='ltr'><strong>γάρ</strong></span> <span class='ocrx_word' id='word_1_152' title='bbox 1619 2543 1810 2614; x_wconf 83' lang='grc' dir='ltr'>μικρό-</span> 
     </span>
    </p>
   </div>
   <div class='ocr_carea' id='block_1_27' title="bbox 201 2629 1810 2704">
    <p class='ocr_par' dir='ltr' id='par_1_27' title="bbox 201 2629 1810 2704">
     <span class='ocr_line' id='line_1_27' title="bbox 201 2629 1810 2704; baseline 0.004 -23"><span class='ocrx_word' id='word_1_153' title='bbox 201 2646 380 2700; x_wconf 77' lang='grc' dir='ltr'>φρονι</span> <span class='ocrx_word' id='word_1_154' title='bbox 411 2629 504 2682; x_wconf 77' lang='grc' dir='ltr'>τὸν</span> <span class='ocrx_word' id='word_1_155' title='bbox 537 2629 919 2701; x_wconf 86' lang='grc' dir='ltr'>μεγαλόφρονα</span> <span class='ocrx_word' id='word_1_156' title='bbox 945 2631 1345 2696; x_wconf 80' lang='grc' dir='ltr'>ἀντισταλτέον,</span> <span class='ocrx_word' id='word_1_157' title='bbox 1377 2633 1474 2686; x_wconf 75' lang='grc' dir='ltr'>καὶ</span> <span class='ocrx_word' id='word_1_158' title='bbox 1501 2633 1564 2687; x_wconf 85' lang='grc' dir='ltr'><strong>ού</strong></span> <span class='ocrx_word' id='word_1_159' title='bbox 1606 2634 1686 2704; x_wconf 81' lang='grc' dir='ltr'><strong>τῷ</strong></span> <span class='ocrx_word' id='word_1_160' title='bbox 1716 2652 1810 2689; x_wconf 88' lang='grc' dir='ltr'>τα-</span> 
     </span>
    </p>
   </div>
   <div class='ocr_carea' id='block_1_28' title="bbox 200 2719 1810 2795">
    <p class='ocr_par' dir='ltr' id='par_1_28' title="bbox 200 2719 1810 2795">
     <span class='ocr_line' id='line_1_28' title="bbox 200 2719 1810 2795; baseline 0.002 -21"><span class='ocrx_word' id='word_1_161' title='bbox 200 2719 553 2791; x_wconf 80' lang='grc' dir='ltr'>πεινόφρονι.</span> <span class='ocrx_word' id='word_1_162' title='bbox 601 2719 794 2790; x_wconf 84' lang='grc' dir='ltr'>Μικρά</span> <span class='ocrx_word' id='word_1_163' title='bbox 837 2719 946 2792; x_wconf 84' lang='grc' dir='ltr'>γὰρ</span> <span class='ocrx_word' id='word_1_164' title='bbox 992 2724 1200 2792; x_wconf 76' lang='grc' dir='ltr'>φρονεῖ,</span> <span class='ocrx_word' id='word_1_165' title='bbox 1233 2723 1262 2774; x_wconf 98' lang='lat'><strong>6</strong></span> <span class='ocrx_word' id='word_1_166' title='bbox 1308 2723 1577 2794; x_wconf 75' lang='grc' dir='ltr'>τάγήῖνα</span> <span class='ocrx_word' id='word_1_167' title='bbox 1606 2724 1810 2795; x_wconf 84' lang='grc' dir='ltr'>ὀνειρο-</span> 
     </span>
    </p>
   </div>
   <div class='ocr_carea' id='block_1_29' title="bbox 198 2807 1807 2887">
    <p class='ocr_par' dir='ltr' id='par_1_29' title="bbox 198 2807 1807 2887">
     <span class='ocr_line' id='line_1_29' title="bbox 198 2807 1807 2887; baseline 0.002 -20"><span class='ocrx_word' id='word_1_168' title='bbox 198 2811 417 2867; x_wconf 78' lang='grc' dir='ltr'>πολῶν.</span> <span class='ocrx_word' id='word_1_169' title='bbox 467 2811 699 2880; x_wconf 80' lang='grc' dir='ltr'>Μεγάλα</span> <span class='ocrx_word' id='word_1_170' title='bbox 737 2807 816 2876; x_wconf 66' lang='grc' dir='ltr'>δὲ,</span> <span class='ocrx_word' id='word_1_171' title='bbox 844 2813 872 2865; x_wconf 88' lang='lat'><strong>6</strong></span> <span class='ocrx_word' id='word_1_172' title='bbox 912 2811 980 2865; x_wconf 89' lang='grc' dir='ltr'><strong>τά</strong></span> <span class='ocrx_word' id='word_1_173' title='bbox 1013 2813 1359 2886; x_wconf 85' lang='grc' dir='ltr'>ὑπερκόσμια</span> <span class='ocrx_word' id='word_1_174' title='bbox 1393 2813 1593 2885; x_wconf 77' lang='grc' dir='ltr'>ζητῶν.</span> <span class='ocrx_word' id='word_1_175' title='bbox 1626 2817 1717 2869; x_wconf 81' lang='grc' dir='ltr'><strong>Διὸ</strong></span> <span class='ocrx_word' id='word_1_176' title='bbox 1743 2817 1807 2887; x_wconf 83' lang='grc' dir='ltr'>δὴ</span> 
     </span>
    </p>
   </div>
   <div class='ocr_carea' id='block_1_30' title="bbox 200 2904 1807 2977">
    <p class='ocr_par' dir='ltr' id='par_1_30' title="bbox 200 2904 1807 2977">
     <span class='ocr_line' id='line_1_30' title="bbox 200 2904 1807 2977; baseline 0.001 -17"><span class='ocrx_word' id='word_1_177' title='bbox 200 2907 310 2960; x_wconf 74' lang='grc' dir='ltr'>καὶ</span> <span class='ocrx_word' id='word_1_178' title='bbox 335 2905 444 2958; x_wconf 78' lang='grc' dir='ltr'><strong>ἀπὸ</strong></span> <span class='ocrx_word' id='word_1_179' title='bbox 474 2905 718 2974; x_wconf 80' lang='grc' dir='ltr'>μεγάλης</span> <span class='ocrx_word' id='word_1_180' title='bbox 752 2904 852 2975; x_wconf 83' lang='grc' dir='ltr'>μὲν</span> <span class='ocrx_word' id='word_1_181' title='bbox 885 2906 980 2958; x_wconf 77' lang='grc' dir='ltr'>καὶ</span> <span class='ocrx_word' id='word_1_182' title='bbox 1013 2905 1224 2977; x_wconf 77' lang='grc' dir='ltr'>ὑψηλῆς</span> <span class='ocrx_word' id='word_1_183' title='bbox 1260 2907 1499 2971; x_wconf 86' lang='grc' dir='ltr'>διανοίας</span> <span class='ocrx_word' id='word_1_184' title='bbox 1526 2908 1807 2962; x_wconf 87' lang='grc' dir='ltr'>τίκτεσθαι</span> 
     </span>
    </p>
   </div>
   <div class='ocr_carea' id='block_1_31' title="bbox 201 2995 1806 3070">
    <p class='ocr_par' dir='ltr' id='par_1_31' title="bbox 201 2995 1806 3070">
     <span class='ocr_line' id='line_1_31' title="bbox 201 2995 1806 3070; baseline 0.003 -21"><span class='ocrx_word' id='word_1_185' title='bbox 201 2995 504 3068; x_wconf 80' lang='grc' dir='ltr'>συμσαίνει</span> <span class='ocrx_word' id='word_1_186' title='bbox 533 2995 631 3068; x_wconf 81' lang='grc' dir='ltr'><strong>τήν</strong></span> <span class='ocrx_word' id='word_1_187' title='bbox 666 2996 1188 3068; x_wconf 83' lang='grc' dir='ltr'>ταπεινοφροσύνην,</span> <span class='ocrx_word' id='word_1_188' title='bbox 1225 2997 1333 3052; x_wconf 81' lang='grc' dir='ltr'><strong>ἀπὸ</strong></span> <span class='ocrx_word' id='word_1_189' title='bbox 1378 2999 1435 3052; x_wconf 83' lang='grc' dir='ltr'>δὲ</span> <span class='ocrx_word' id='word_1_190' title='bbox 1472 3002 1679 3070; x_wconf 79' lang='grc' dir='ltr'>μικρᾶς</span> <span class='ocrx_word' id='word_1_191' title='bbox 1709 3001 1806 3054; x_wconf 81' lang='grc' dir='ltr'>καὶ</span> 
     </span>
    </p>
   </div>
   <div class='ocr_carea' id='block_1_32' title="bbox 203 3081 1807 3159">
    <p class='ocr_par' dir='ltr' id='par_1_32' title="bbox 203 3081 1807 3159">
     <span class='ocr_line' id='line_1_32' title="bbox 203 3081 1807 3159; baseline 0.002 -17"><span class='ocrx_word' id='word_1_192' title='bbox 203 3087 429 3159; x_wconf 80' lang='grc' dir='ltr'>φαύλης</span> <span class='ocrx_word' id='word_1_193' title='bbox 470 3088 568 3159; x_wconf 82' lang='grc' dir='ltr'>τὴν</span> <span class='ocrx_word' id='word_1_194' title='bbox 597 3081 936 3152; x_wconf 77' lang='grc' dir='ltr'>ἀλαζονείαν.</span> <span class='ocrx_word' id='word_1_195' title='bbox 989 3087 1328 3159; x_wconf 84' lang='grc' dir='ltr'>Εύγνώμονα</span> <span class='ocrx_word' id='word_1_196' title='bbox 1356 3090 1413 3144; x_wconf 82' lang='grc' dir='ltr'>δὲ</span> <span class='ocrx_word' id='word_1_197' title='bbox 1458 3093 1519 3144; x_wconf 86' lang='grc' dir='ltr'>οὐ</span> <span class='ocrx_word' id='word_1_198' title='bbox 1553 3091 1807 3145; x_wconf 84' lang='grc' dir='ltr'>ταπεινό-</span> 
     </span>
    </p>
   </div>
   <div class='ocr_carea' id='block_1_33' title="bbox 1938 623 3178 694">
    <p class='ocr_par' dir='ltr' id='par_1_33' title="bbox 1938 623 3178 694">
     <span class='ocr_line' id='line_1_33' title="bbox 1938 623 3178 694; baseline -0.004 -13"><span class='ocrx_word' id='word_1_199' title='bbox 1938 635 2057 682; x_wconf 90' lang='lat' dir='ltr'><strong>vota</strong></span> <span class='ocrx_word' id='word_1_200' title='bbox 2090 626 2194 692; x_wconf 87' lang='lat' dir='ltr'><strong>fac,</strong></span> <span class='ocrx_word' id='word_1_201' title='bbox 2239 635 2297 680; x_wconf 92' lang='lat' dir='ltr'><strong>ut</strong></span> <span class='ocrx_word' id='word_1_202' title='bbox 2329 634 2650 694; x_wconf 79' lang='lat' dir='ltr'><strong>tempestate</strong></span> <span class='ocrx_word' id='word_1_203' title='bbox 2684 626 2936 692; x_wconf 83' lang='lat' dir='ltr'><strong>superior</strong></span> <span class='ocrx_word' id='word_1_204' title='bbox 2963 623 3178 676; x_wconf 88' lang='lat' dir='ltr'><strong>evadat.</strong></span> 
     </span>
    </p>
   </div>
   <div class='ocr_carea' id='block_1_34' title="bbox 2006 733 3458 796">
    <p class='ocr_par' dir='ltr' id='par_1_34' title="bbox 2006 733 3458 796">
     <span class='ocr_line' id='line_1_34' title="bbox 2006 733 3458 796; baseline -0.003 0"><span class='ocrx_word' id='word_1_205' title='bbox 2006 737 2380 796; x_wconf 80' lang='lat' dir='ltr'><strong>CCCLXXIX.</strong></span> <span class='ocrx_word' id='word_1_206' title='bbox 2416 768 2486 782; x_wconf 81' lang='lat'><strong>--</strong></span> <span class='ocrx_word' id='word_1_207' title='bbox 2525 734 2905 794; x_wconf 82' lang='lat' dir='ltr'><strong>THEODORO</strong></span> <span class='ocrx_word' id='word_1_208' title='bbox 2957 733 3458 792; x_wconf 39' lang='lat' dir='ltr'><strong>SCI‘IOLASTICO.</strong></span> 
     </span>
    </p>
   </div>
   <div class='ocr_carea' id='block_1_35' title="bbox 2002 850 3534 924">
    <p class='ocr_par' dir='ltr' id='par_1_35' title="bbox 2002 850 3534 924">
     <span class='ocr_line' id='line_1_35' title="bbox 2002 850 3534 924; baseline -0.003 -14"><span class='ocrx_word' id='word_1_209' title='bbox 2002 855 2113 912; x_wconf 80' lang='lat' dir='ltr'><strong>Nec</strong></span> <span class='ocrx_word' id='word_1_210' title='bbox 2140 870 2338 910; x_wconf 82' lang='lat' dir='ltr'><strong>vanum</strong></span> <span class='ocrx_word' id='word_1_211' title='bbox 2368 863 2424 910; x_wconf 90' lang='lat' dir='ltr'><strong>et</strong></span> <span class='ocrx_word' id='word_1_212' title='bbox 2451 863 2802 924; x_wconf 79' lang='lat' dir='ltr'><strong>arrogantem</strong></span> <span class='ocrx_word' id='word_1_213' title='bbox 2842 866 2962 907; x_wconf 89' lang='lat' dir='ltr'><strong>esse</strong></span> <span class='ocrx_word' id='word_1_214' title='bbox 2989 859 3229 920; x_wconf 91' lang='lat' dir='ltr'><strong>oportet,</strong></span> <span class='ocrx_word' id='word_1_215' title='bbox 3265 864 3366 906; x_wconf 91' lang='lat' dir='ltr'><strong>nec</strong></span> <span class='ocrx_word' id='word_1_216' title='bbox 3393 850 3534 906; x_wconf 87' lang='lat' dir='ltr'><strong>adu-</strong></span> 
     </span>
    </p>
   </div>
   <div class='ocr_carea' id='block_1_36' title="bbox 1930 941 3528 1014">
    <p class='ocr_par' dir='ltr' id='par_1_36' title="bbox 1930 941 3528 1014">
     <span class='ocr_line' id='line_1_36' title="bbox 1930 941 3528 1014; baseline -0.004 -12"><span class='ocrx_word' id='word_1_217' title='bbox 1930 947 2187 1012; x_wconf 89' lang='lat' dir='ltr'><strong>latorem,</strong></span> <span class='ocrx_word' id='word_1_218' title='bbox 2217 960 2401 1001; x_wconf 81' lang='lat' dir='ltr'><strong>verum</strong></span> <span class='ocrx_word' id='word_1_219' title='bbox 2435 947 2720 1014; x_wconf 89' lang='lat' dir='ltr'><strong>utriusque</strong></span> <span class='ocrx_word' id='word_1_220' title='bbox 2755 943 2866 1000; x_wconf 80' lang='lat' dir='ltr'><strong>vitii</strong></span> <span class='ocrx_word' id='word_1_221' title='bbox 2899 957 3181 998; x_wconf 80' lang='lat' dir='ltr'><strong>excessum</strong></span> <span class='ocrx_word' id='word_1_222' title='bbox 3212 941 3528 1012; x_wconf 73' lang='lat' dir='ltr'><strong>fugientem,</strong></span> 
     </span>
    </p>
   </div>
   <div class='ocr_carea' id='block_1_37' title="bbox 1931 1033 3533 1105">
    <p class='ocr_par' dir='ltr' id='par_1_37' title="bbox 1931 1033 3533 1105">
     <span class='ocr_line' id='line_1_37' title="bbox 1931 1033 3533 1105; baseline -0.006 -11"><span class='ocrx_word' id='word_1_223' title='bbox 1931 1041 2162 1095; x_wconf 89' lang='lat' dir='ltr'><strong>liberum</strong></span> <span class='ocrx_word' id='word_1_224' title='bbox 2189 1053 2314 1094; x_wconf 89' lang='lat' dir='ltr'><strong>esse</strong></span> <span class='ocrx_word' id='word_1_225' title='bbox 2356 1053 2370 1090; x_wconf 91' lang='lat'>:</span> <span class='ocrx_word' id='word_1_226' title='bbox 2405 1038 2485 1093; x_wconf 88' lang='lat' dir='ltr'><strong>sic</strong></span> <span class='ocrx_word' id='word_1_227' title='bbox 2514 1052 2712 1105; x_wconf 86' lang='lat' dir='ltr'><strong>nempe</strong></span> <span class='ocrx_word' id='word_1_228' title='bbox 2740 1046 2802 1091; x_wconf 92' lang='lat' dir='ltr'><strong>ut</strong></span> <span class='ocrx_word' id='word_1_229' title='bbox 2831 1050 2930 1091; x_wconf 89' lang='lat' dir='ltr'><strong>nec</strong></span> <span class='ocrx_word' id='word_1_230' title='bbox 2972 1035 3025 1089; x_wconf 92' lang='lat' dir='ltr'><strong>in</strong></span> <span class='ocrx_word' id='word_1_231' title='bbox 3057 1034 3332 1089; x_wconf 81' lang='lat' dir='ltr'><strong>fastidium</strong></span> <span class='ocrx_word' id='word_1_232' title='bbox 3362 1043 3417 1088; x_wconf 91' lang='lat' dir='ltr'><strong>et</strong></span> <span class='ocrx_word' id='word_1_233' title='bbox 3447 1033 3533 1085; x_wconf 88' lang='lat' dir='ltr'><strong>in-</strong></span> 
     </span>
    </p>
   </div>
   <div class='ocr_carea' id='block_1_38' title="bbox 1929 1124 3531 1200">
    <p class='ocr_par' dir='ltr' id='par_1_38' title="bbox 1929 1124 3531 1200">
     <span class='ocr_line' id='line_1_38' title="bbox 1929 1124 3531 1200; baseline -0.006 -13"><span class='ocrx_word' id='word_1_234' title='bbox 1929 1131 2214 1188; x_wconf 86' lang='lat' dir='ltr'><strong>solentiam</strong></span> <span class='ocrx_word' id='word_1_235' title='bbox 2240 1130 2508 1200; x_wconf 88' lang='lat' dir='ltr'><strong>quispiam</strong></span> <span class='ocrx_word' id='word_1_236' title='bbox 2531 1128 2788 1192; x_wconf 87' lang='lat' dir='ltr'><strong>declinet,</strong></span> <span class='ocrx_word' id='word_1_237' title='bbox 2817 1142 2918 1182; x_wconf 90' lang='lat' dir='ltr'><strong>nec</strong></span> <span class='ocrx_word' id='word_1_238' title='bbox 2951 1128 3004 1182; x_wconf 94' lang='lat' dir='ltr'><strong>in</strong></span> <span class='ocrx_word' id='word_1_239' title='bbox 3039 1124 3294 1182; x_wconf 83' lang='lat' dir='ltr'><strong>servilem</strong></span> <span class='ocrx_word' id='word_1_240' title='bbox 3334 1139 3531 1195; x_wconf 83' lang='lat' dir='ltr'><strong>quam-</strong></span> 
     </span>
    </p>
   </div>
   <div class='ocr_carea' id='block_1_39' title="bbox 1929 1219 2997 1289">
    <p class='ocr_par' dir='ltr' id='par_1_39' title="bbox 1929 1219 2997 1289">
     <span class='ocr_line' id='line_1_39' title="bbox 1929 1219 2997 1289; baseline -0.005 -11"><span class='ocrx_word' id='word_1_241' title='bbox 1929 1223 2050 1279; x_wconf 97' lang='lat' dir='ltr'><strong>dam</strong></span> <span class='ocrx_word' id='word_1_242' title='bbox 2084 1222 2251 1274; x_wconf 91' lang='lat' dir='ltr'><strong>animi</strong></span> <span class='ocrx_word' id='word_1_243' title='bbox 2286 1219 2630 1277; x_wconf 70' lang='lat' dir='ltr'><strong>affectionem</strong></span> <span class='ocrx_word' id='word_1_244' title='bbox 2662 1219 2997 1289; x_wconf 90' lang='lat' dir='ltr'><strong>prolabatur.</strong></span> 
     </span>
    </p>
   </div>
   <div class='ocr_carea' id='block_1_40' title="bbox 2035 1305 3420 1370">
    <p class='ocr_par' dir='ltr' id='par_1_40' title="bbox 2035 1305 3420 1370">
     <span class='ocr_line' id='line_1_40' title="bbox 2035 1305 3420 1370; baseline -0.006 0"><span class='ocrx_word' id='word_1_245' title='bbox 2035 1311 2389 1370; x_wconf 80' lang='lat' dir='ltr'><strong>CCCLXXX.</strong></span> <span class='ocrx_word' id='word_1_246' title='bbox 2412 1335 2482 1353; x_wconf 64' lang='grc' dir='ltr'><strong>-ι-</strong></span> <span class='ocrx_word' id='word_1_247' title='bbox 2512 1309 2878 1367; x_wconf 78' lang='lat' dir='ltr'><strong>TlMOTHEO</strong></span> <span class='ocrx_word' id='word_1_248' title='bbox 2918 1305 3420 1366; x_wconf 81' lang='lat' dir='ltr'><strong>SCHOLASTICO.</strong></span> 
     </span>
    </p>
   </div>
   <div class='ocr_carea' id='block_1_41' title="bbox 2000 1412 3522 1497">
    <p class='ocr_par' dir='ltr' id='par_1_41' title="bbox 2000 1412 3522 1497">
     <span class='ocr_line' id='line_1_41' title="bbox 2000 1412 3522 1497; baseline -0.007 -14"><span class='ocrx_word' id='word_1_249' title='bbox 2000 1428 2180 1492; x_wconf 86' lang='lat' dir='ltr'><strong>Disce,</strong></span> <span class='ocrx_word' id='word_1_250' title='bbox 2221 1442 2255 1482; x_wconf 93' lang='grc' dir='ltr'><strong>ο</strong></span> <span class='ocrx_word' id='word_1_251' title='bbox 2301 1412 2709 1497; x_wconf 81' lang='lat' dir='ltr'><strong>sapientissime</strong></span> <span class='ocrx_word' id='word_1_252' title='bbox 2744 1433 2799 1495; x_wconf 83' lang='lat' dir='ltr'><strong>et</strong></span> <span class='ocrx_word' id='word_1_253' title='bbox 2839 1422 3223 1484; x_wconf 79' lang='lat' dir='ltr'><strong>disertissime,</strong></span> <span class='ocrx_word' id='word_1_254' title='bbox 3267 1420 3318 1475; x_wconf 87' lang='lat' dir='ltr'><strong>id</strong></span> <span class='ocrx_word' id='word_1_255' title='bbox 3359 1419 3522 1490; x_wconf 92' lang='lat' dir='ltr'><strong>quod,</strong></span> 
     </span>
    </p>
   </div>
   <div class='ocr_carea' id='block_1_42' title="bbox 1927 1505 3526 1588">
    <p class='ocr_par' dir='ltr' id='par_1_42' title="bbox 1927 1505 3526 1588">
     <span class='ocr_line' id='line_1_42' title="bbox 1927 1505 3526 1588; baseline -0.01 -14"><span class='ocrx_word' id='word_1_256' title='bbox 1927 1530 1988 1574; x_wconf 90' lang='lat' dir='ltr'><strong>ut</strong></span> <span class='ocrx_word' id='word_1_257' title='bbox 2020 1528 2272 1588; x_wconf 83' lang='lat' dir='ltr'><strong>apparet,</strong></span> <span class='ocrx_word' id='word_1_258' title='bbox 2302 1517 2546 1588; x_wconf 87' lang='lat' dir='ltr'><strong>ignoras,</strong></span> <span class='ocrx_word' id='word_1_259' title='bbox 2589 1528 2784 1585; x_wconf 90' lang='lat' dir='ltr'><strong>nempe</strong></span> <span class='ocrx_word' id='word_1_260' title='bbox 2813 1513 2956 1582; x_wconf 91' lang='lat' dir='ltr'><strong>quod</strong></span> <span class='ocrx_word' id='word_1_261' title='bbox 2984 1511 3030 1565; x_wconf 88' lang='lat' dir='ltr'><strong>si</strong></span> <span class='ocrx_word' id='word_1_262' title='bbox 3077 1508 3270 1563; x_wconf 88' lang='lat' dir='ltr'><strong>amicis</strong></span> <span class='ocrx_word' id='word_1_263' title='bbox 3303 1518 3396 1561; x_wconf 84' lang='lat' dir='ltr'><strong>aut</strong></span> <span class='ocrx_word' id='word_1_264' title='bbox 3421 1505 3526 1561; x_wconf 83' lang='lat' dir='ltr'><strong>ini—</strong></span> 
     </span>
    </p>
   </div>
   <div class='ocr_carea' id='block_1_43' title="bbox 1927 1596 3525 1674">
    <p class='ocr_par' dir='ltr' id='par_1_43' title="bbox 1927 1596 3525 1674">
     <span class='ocr_line' id='line_1_43' title="bbox 1927 1596 3525 1674; baseline -0.01 -8"><span class='ocrx_word' id='word_1_265' title='bbox 1927 1611 2086 1666; x_wconf 87' lang='lat' dir='ltr'><strong>micis</strong></span> <span class='ocrx_word' id='word_1_266' title='bbox 2155 1611 2298 1664; x_wconf 89' lang='lat' dir='ltr'><strong>inter</strong></span> <span class='ocrx_word' id='word_1_267' title='bbox 2321 1624 2381 1664; x_wconf 91' lang='lat' dir='ltr'><strong>se</strong></span> <span class='ocrx_word' id='word_1_268' title='bbox 2401 1607 2666 1662; x_wconf 84' lang='lat' dir='ltr'><strong>dissidere</strong></span> <span class='ocrx_word' id='word_1_269' title='bbox 2681 1606 2979 1674; x_wconf 80' lang='lat' dir='ltr'><strong>contingat,</strong></span> <span class='ocrx_word' id='word_1_270' title='bbox 3006 1617 3115 1658; x_wconf 89' lang='lat' dir='ltr'><strong>non</strong></span> <span class='ocrx_word' id='word_1_271' title='bbox 3141 1600 3333 1654; x_wconf 82' lang='lat' dir='ltr'><strong>eodem</strong></span> <span class='ocrx_word' id='word_1_272' title='bbox 3364 1596 3525 1652; x_wconf 88' lang='lat' dir='ltr'><strong>modo</strong></span> 
     </span>
    </p>
   </div>
   <div class='ocr_carea' id='block_1_44' title="bbox 1925 1691 3522 1764">
    <p class='ocr_par' dir='ltr' id='par_1_44' title="bbox 1925 1691 3522 1764">
     <span class='ocr_line' id='line_1_44' title="bbox 1925 1691 3522 1764; baseline -0.011 -7"><span class='ocrx_word' id='word_1_273' title='bbox 1925 1700 2324 1757; x_wconf 82' lang='lat' dir='ltr'><strong>concertabunt</strong></span> <span class='ocrx_word' id='word_1_274' title='bbox 2354 1713 2575 1754; x_wconf 84' lang='lat' dir='ltr'><strong>:vcrum</strong></span> <span class='ocrx_word' id='word_1_275' title='bbox 2599 1697 2675 1752; x_wconf 88' lang='lat' dir='ltr'><strong>illi</strong></span> <span class='ocrx_word' id='word_1_276' title='bbox 2707 1696 2945 1764; x_wconf 79' lang='lat' dir='ltr'><strong>quidem,</strong></span> <span class='ocrx_word' id='word_1_277' title='bbox 2972 1702 3029 1748; x_wconf 91' lang='lat' dir='ltr'><strong>ut</strong></span> <span class='ocrx_word' id='word_1_278' title='bbox 3055 1691 3109 1746; x_wconf 92' lang='lat' dir='ltr'><strong>in</strong></span> <span class='ocrx_word' id='word_1_279' title='bbox 3137 1699 3378 1745; x_wconf 88' lang='lat' dir='ltr'><strong>mutuam</strong></span> <span class='ocrx_word' id='word_1_280' title='bbox 3401 1702 3522 1757; x_wconf 80' lang='lat' dir='ltr'><strong>gra-</strong></span> 
     </span>
    </p>
   </div>
   <div class='ocr_carea' id='block_1_45' title="bbox 1926 1779 3524 1856">
    <p class='ocr_par' dir='ltr' id='par_1_45' title="bbox 1926 1779 3524 1856">
     <span class='ocr_line' id='line_1_45' title="bbox 1926 1779 3524 1856; baseline -0.008 -9"><span class='ocrx_word' id='word_1_281' title='bbox 1926 1794 2058 1848; x_wconf 87' lang='lat' dir='ltr'><strong>tiam</strong></span> <span class='ocrx_word' id='word_1_282' title='bbox 2086 1792 2334 1856; x_wconf 90' lang='lat' dir='ltr'><strong>redituri,</strong></span> <span class='ocrx_word' id='word_1_283' title='bbox 2376 1791 2744 1854; x_wconf 84' lang='lat' dir='ltr'><strong>contendent;</strong></span> <span class='ocrx_word' id='word_1_284' title='bbox 2779 1790 2833 1844; x_wconf 73' lang='lat' dir='ltr'><strong>lii</strong></span> <span class='ocrx_word' id='word_1_285' title='bbox 2861 1797 3067 1852; x_wconf 87' lang='lat' dir='ltr'><strong>autem,</strong></span> <span class='ocrx_word' id='word_1_286' title='bbox 3105 1793 3164 1838; x_wconf 93' lang='lat' dir='ltr'><strong>ut</strong></span> <span class='ocrx_word' id='word_1_287' title='bbox 3195 1779 3524 1852; x_wconf 87' lang='lat' dir='ltr'><strong>inexpiabile</strong></span> 
     </span>
    </p>
   </div>
   <div class='ocr_carea' id='block_1_46' title="bbox 1843 1885 2413 1957">
    <p class='ocr_par' dir='ltr' id='par_1_46' title="bbox 1843 1885 2413 1957">
     <span class='ocr_line' id='line_1_46' title="bbox 1843 1885 2413 1957; baseline -0.007 -14"><span class='ocrx_word' id='word_1_288' title='bbox 1843 1900 1887 1957; x_wconf 83' lang='grc' dir='ltr'><strong>Β</strong></span> <span class='ocrx_word' id='word_1_289' title='bbox 1920 1887 2118 1942; x_wconf 74' lang='lat' dir='ltr'><strong>bellum</strong></span> <span class='ocrx_word' id='word_1_290' title='bbox 2148 1885 2413 1940; x_wconf 86' lang='lat' dir='ltr'><strong>habituri.</strong></span> 
     </span>
    </p>
   </div>
   <div class='ocr_carea' id='block_1_47' title="bbox 2017 1963 3414 2032">
    <p class='ocr_par' dir='ltr' id='par_1_47' title="bbox 2017 1963 3414 2032">
     <span class='ocr_line' id='line_1_47' title="bbox 2017 1963 3414 2032; baseline -0.011 0"><span class='ocrx_word' id='word_1_291' title='bbox 2017 1972 2394 2032; x_wconf 76' lang='lat' dir='ltr'><strong>CCCLXXXI.</strong></span> <span class='ocrx_word' id='word_1_292' title='bbox 2433 2003 2506 2014; x_wconf 92' lang='lat'><strong>-—</strong></span> <span class='ocrx_word' id='word_1_293' title='bbox 2552 1968 2935 2026; x_wconf 82' lang='lat' dir='ltr'><strong>DOROTHEO</strong></span> <span class='ocrx_word' id='word_1_294' title='bbox 2971 1963 3414 2024; x_wconf 78' lang='lat' dir='ltr'><strong>CLARISSIMO.</strong></span> 
     </span>
    </p>
   </div>
   <div class='ocr_carea' id='block_1_48' title="bbox 1983 2081 3519 2161">
    <p class='ocr_par' dir='ltr' id='par_1_48' title="bbox 1983 2081 3519 2161">
     <span class='ocr_line' id='line_1_48' title="bbox 1983 2081 3519 2161; baseline -0.01 -16"><span class='ocrx_word' id='word_1_295' title='bbox 1983 2090 2096 2161; x_wconf 82' lang='lat' dir='ltr'><strong>Ego</strong></span> <span class='ocrx_word' id='word_1_296' title='bbox 2121 2100 2175 2146; x_wconf 93' lang='lat' dir='ltr'><strong>et</strong></span> <span class='ocrx_word' id='word_1_297' title='bbox 2207 2089 2510 2145; x_wconf 86' lang='lat' dir='ltr'><strong>modestum</strong></span> <span class='ocrx_word' id='word_1_298' title='bbox 2537 2097 2592 2142; x_wconf 85' lang='lat' dir='ltr'><strong>et</strong></span> <span class='ocrx_word' id='word_1_299' title='bbox 2621 2085 2786 2139; x_wconf 88' lang='lat' dir='ltr'><strong>animi</strong></span> <span class='ocrx_word' id='word_1_300' title='bbox 2838 2081 3215 2153; x_wconf 76' lang='lat' dir='ltr'><strong>magnitudine</strong></span> <span class='ocrx_word' id='word_1_301' title='bbox 3251 2085 3519 2148; x_wconf 66' lang='lat' dir='ltr'><strong>praestan-</strong></span> 
     </span>
    </p>
   </div>
   <div class='ocr_carea' id='block_1_49' title="bbox 1911 2169 3512 2248">
    <p class='ocr_par' dir='ltr' id='par_1_49' title="bbox 1911 2169 3512 2248">
     <span class='ocr_line' id='line_1_49' title="bbox 1911 2169 3512 2248; baseline -0.01 -10"><span class='ocrx_word' id='word_1_302' title='bbox 1911 2194 2018 2239; x_wconf 86' lang='lat' dir='ltr'><strong>tem</strong></span> <span class='ocrx_word' id='word_1_303' title='bbox 2045 2198 2168 2237; x_wconf 90' lang='lat' dir='ltr'><strong>eum</strong></span> <span class='ocrx_word' id='word_1_304' title='bbox 2199 2196 2354 2246; x_wconf 79' lang='lat' dir='ltr'><strong>voco,</strong></span> <span class='ocrx_word' id='word_1_305' title='bbox 2383 2181 2473 2248; x_wconf 88' lang='lat' dir='ltr'><strong>qui</strong></span> <span class='ocrx_word' id='word_1_306' title='bbox 2499 2194 2622 2234; x_wconf 91' lang='lat' dir='ltr'><strong>cum</strong></span> <span class='ocrx_word' id='word_1_307' title='bbox 2659 2175 2914 2231; x_wconf 79' lang='lat' dir='ltr'><strong>maximis</strong></span> <span class='ocrx_word' id='word_1_308' title='bbox 2946 2172 3165 2227; x_wconf 84' lang='lat' dir='ltr'><strong>virtutis</strong></span> <span class='ocrx_word' id='word_1_309' title='bbox 3190 2169 3512 2224; x_wconf 81' lang='lat' dir='ltr'><strong>muneribus</strong></span> 
     </span>
    </p>
   </div>
   <div class='ocr_carea' id='block_1_50' title="bbox 1911 2263 3514 2354">
    <p class='ocr_par' dir='ltr' id='par_1_50' title="bbox 1911 2263 3514 2354">
     <span class='ocr_line' id='line_1_50' title="bbox 1911 2263 3514 2354; baseline -0.007 -26"><span class='ocrx_word' id='word_1_310' title='bbox 1911 2275 2188 2346; x_wconf 89' lang='lat' dir='ltr'><strong>fungatur,</strong></span> <span class='ocrx_word' id='word_1_311' title='bbox 2218 2289 2322 2328; x_wconf 91' lang='lat' dir='ltr'><strong>non</strong></span> <span class='ocrx_word' id='word_1_312' title='bbox 2350 2282 2527 2354; x_wconf 74' lang='lat' dir='ltr'><strong>tamen</strong></span> <span class='ocrx_word' id='word_1_313' title='bbox 2562 2271 2632 2326; x_wconf 90' lang='lat' dir='ltr'><strong>ob</strong></span> <span class='ocrx_word' id='word_1_314' title='bbox 2665 2282 2886 2338; x_wconf 88' lang='lat' dir='ltr'><strong>magnas</strong></span> <span class='ocrx_word' id='word_1_315' title='bbox 2909 2275 2965 2321; x_wconf 90' lang='lat' dir='ltr'><strong>et</strong></span> <span class='ocrx_word' id='word_1_316' title='bbox 3002 2263 3294 2335; x_wconf 72' lang='lat' dir='ltr'><strong>prmclaras</strong></span> <span class='ocrx_word' id='word_1_317' title='bbox 3337 2264 3514 2317; x_wconf 79' lang='lat' dir='ltr'><strong>actio-</strong></span> 
     </span>
    </p>
   </div>
   <div class='ocr_carea' id='block_1_51' title="bbox 1911 2349 3522 2435">
    <p class='ocr_par' dir='ltr' id='par_1_51' title="bbox 1911 2349 3522 2435">
     <span class='ocr_line' id='line_1_51' title="bbox 1911 2349 3522 2435; baseline -0.011 -15"><span class='ocrx_word' id='word_1_318' title='bbox 1911 2379 2006 2420; x_wconf 83' lang='lat' dir='ltr'><strong>nes</strong></span> <span class='ocrx_word' id='word_1_319' title='bbox 2071 2364 2298 2435; x_wconf 80' lang='lat' dir='ltr'><strong>gloriam</strong></span> <span class='ocrx_word' id='word_1_320' title='bbox 2351 2349 2592 2428; x_wconf 78' lang='lat' dir='ltr'><strong>affectat,</strong></span> <span class='ocrx_word' id='word_1_321' title='bbox 2653 2372 2840 2414; x_wconf 88' lang='lat' dir='ltr'><strong>verum</strong></span> <span class='ocrx_word' id='word_1_322' title='bbox 2883 2357 3110 2410; x_wconf 81' lang='lat' dir='ltr'><strong>virtutes</strong></span> <span class='ocrx_word' id='word_1_323' title='bbox 3140 2366 3270 2406; x_wconf 87' lang='lat' dir='ltr'><strong>suas</strong></span> <span class='ocrx_word' id='word_1_324' title='bbox 3301 2349 3522 2406; x_wconf 79' lang='lat' dir='ltr'><strong>silentio</strong></span> 
     </span>
    </p>
   </div>
   <div class='ocr_carea' id='block_1_52' title="bbox 1912 2444 3516 2527">
    <p class='ocr_par' dir='ltr' id='par_1_52' title="bbox 1912 2444 3516 2527">
     <span class='ocr_line' id='line_1_52' title="bbox 1912 2444 3516 2527; baseline -0.011 -15"><span class='ocrx_word' id='word_1_325' title='bbox 1912 2458 2061 2527; x_wconf 80' lang='lat' dir='ltr'><strong>tegit,</strong></span> <span class='ocrx_word' id='word_1_326' title='bbox 2097 2471 2198 2511; x_wconf 90' lang='lat' dir='ltr'><strong>nec</strong></span> <span class='ocrx_word' id='word_1_327' title='bbox 2225 2456 2276 2510; x_wconf 91' lang='lat' dir='ltr'><strong>in</strong></span> <span class='ocrx_word' id='word_1_328' title='bbox 2303 2455 2586 2526; x_wconf 82' lang='lat' dir='ltr'><strong>proximos</strong></span> <span class='ocrx_word' id='word_1_329' title='bbox 2627 2450 2876 2506; x_wconf 83' lang='lat' dir='ltr'><strong>insultat.</strong></span> <span class='ocrx_word' id='word_1_330' title='bbox 2911 2447 3194 2515; x_wconf 80' lang='lat' dir='ltr'><strong>Quatenus</strong></span> <span class='ocrx_word' id='word_1_331' title='bbox 3224 2444 3370 2498; x_wconf 91' lang='lat' dir='ltr'><strong>enim</strong></span> <span class='ocrx_word' id='word_1_332' title='bbox 3402 2456 3516 2496; x_wconf 84' lang='lat' dir='ltr'><strong>ma-</strong></span> 
     </span>
    </p>
   </div>
   <div class='ocr_carea' id='block_1_53' title="bbox 1910 2544 3516 2620">
    <p class='ocr_par' dir='ltr' id='par_1_53' title="bbox 1910 2544 3516 2620">
     <span class='ocr_line' id='line_1_53' title="bbox 1910 2544 3516 2620; baseline -0.011 -16"><span class='ocrx_word' id='word_1_333' title='bbox 1910 2565 2011 2620; x_wconf 85' lang='lat' dir='ltr'><strong>gna</strong></span> <span class='ocrx_word' id='word_1_334' title='bbox 2035 2548 2219 2610; x_wconf 80' lang='lat' dir='ltr'><strong>efﬁcit,</strong></span> <span class='ocrx_word' id='word_1_335' title='bbox 2251 2546 2534 2617; x_wconf 74' lang='lat' dir='ltr'><strong>magnifice</strong></span> <span class='ocrx_word' id='word_1_336' title='bbox 2561 2544 2762 2611; x_wconf 85' lang='lat' dir='ltr'><strong>sensit;</strong></span> <span class='ocrx_word' id='word_1_337' title='bbox 2798 2551 3068 2612; x_wconf 84' lang='lat' dir='ltr'><strong>quatenus</strong></span> <span class='ocrx_word' id='word_1_338' title='bbox 3094 2547 3273 2592; x_wconf 88' lang='lat' dir='ltr'><strong>autem</strong></span> <span class='ocrx_word' id='word_1_339' title='bbox 3312 2550 3373 2591; x_wconf 86' lang='lat' dir='ltr'><strong>ea</strong></span> <span class='ocrx_word' id='word_1_340' title='bbox 3419 2548 3516 2590; x_wconf 89' lang='lat' dir='ltr'><strong>oc-</strong></span> 
     </span>
    </p>
   </div>
   <div class='ocr_carea' id='block_1_54' title="bbox 1910 2626 3504 2705">
    <p class='ocr_par' dir='ltr' id='par_1_54' title="bbox 1910 2626 3504 2705">
     <span class='ocr_line' id='line_1_54' title="bbox 1910 2626 3504 2705; baseline -0.011 -9"><span class='ocrx_word' id='word_1_341' title='bbox 1910 2641 2155 2700; x_wconf 91' lang='lat' dir='ltr'><strong>cultavit,</strong></span> <span class='ocrx_word' id='word_1_342' title='bbox 2207 2638 2471 2693; x_wconf 89' lang='lat' dir='ltr'><strong>modeste.</strong></span> <span class='ocrx_word' id='word_1_343' title='bbox 2519 2635 2801 2705; x_wconf 87' lang='lat' dir='ltr'><strong>Siquidem</strong></span> <span class='ocrx_word' id='word_1_344' title='bbox 2854 2634 2920 2699; x_wconf 77' lang='lat' dir='ltr'><strong>is,</strong></span> <span class='ocrx_word' id='word_1_345' title='bbox 2959 2632 3053 2702; x_wconf 90' lang='lat' dir='ltr'><strong>qui</strong></span> <span class='ocrx_word' id='word_1_346' title='bbox 3106 2642 3274 2700; x_wconf 87' lang='lat' dir='ltr'><strong>parvo</strong></span> <span class='ocrx_word' id='word_1_347' title='bbox 3319 2626 3504 2681; x_wconf 89' lang='lat' dir='ltr'><strong>animo</strong></span> 
     </span>
    </p>
   </div>
   <div class='ocr_carea' id='block_1_55' title="bbox 1909 2718 3510 2802">
    <p class='ocr_par' dir='ltr' id='par_1_55' title="bbox 1909 2718 3510 2802">
     <span class='ocr_line' id='line_1_55' title="bbox 1909 2718 3510 2802; baseline -0.011 -13"><span class='ocrx_word' id='word_1_348' title='bbox 1909 2745 2014 2800; x_wconf 90' lang='lat' dir='ltr'><strong>est,</strong></span> <span class='ocrx_word' id='word_1_349' title='bbox 2051 2731 2395 2802; x_wconf 79' lang='lat' dir='ltr'><strong>magnanimo</strong></span> <span class='ocrx_word' id='word_1_350' title='bbox 2422 2728 2621 2800; x_wconf 70' lang='lat' dir='ltr'><strong>opponi</strong></span> <span class='ocrx_word' id='word_1_351' title='bbox 2655 2726 2853 2782; x_wconf 86' lang='lat' dir='ltr'><strong>debet:</strong></span> <span class='ocrx_word' id='word_1_352' title='bbox 2886 2739 2992 2780; x_wconf 93' lang='lat' dir='ltr'><strong>non</strong></span> <span class='ocrx_word' id='word_1_353' title='bbox 3016 2731 3200 2778; x_wconf 90' lang='lat' dir='ltr'><strong>autem</strong></span> <span class='ocrx_word' id='word_1_354' title='bbox 3231 2718 3510 2776; x_wconf 85' lang='lat' dir='ltr'><strong>submisso</strong></span> 
     </span>
    </p>
   </div>
   <div class='ocr_carea' id='block_1_56' title="bbox 1908 2809 3513 2892">
    <p class='ocr_par' dir='ltr' id='par_1_56' title="bbox 1908 2809 3513 2892">
     <span class='ocr_line' id='line_1_56' title="bbox 1908 2809 3513 2892; baseline -0.011 -12"><span class='ocrx_word' id='word_1_355' title='bbox 1908 2834 1966 2880; x_wconf 90' lang='lat' dir='ltr'><strong>et</strong></span> <span class='ocrx_word' id='word_1_356' title='bbox 1996 2823 2208 2879; x_wconf 87' lang='lat' dir='ltr'><strong>humili.</strong></span> <span class='ocrx_word' id='word_1_357' title='bbox 2242 2821 2452 2892; x_wconf 84' lang='lat' dir='ltr'><strong>Exigue</strong></span> <span class='ocrx_word' id='word_1_358' title='bbox 2477 2819 2624 2876; x_wconf 87' lang='lat' dir='ltr'><strong>enim</strong></span> <span class='ocrx_word' id='word_1_359' title='bbox 2647 2818 2838 2885; x_wconf 87' lang='lat' dir='ltr'><strong>sentit,</strong></span> <span class='ocrx_word' id='word_1_360' title='bbox 2865 2816 2957 2887; x_wconf 91' lang='lat' dir='ltr'><strong>qui</strong></span> <span class='ocrx_word' id='word_1_361' title='bbox 2991 2823 3210 2870; x_wconf 88' lang='lat' dir='ltr'><strong>terrena</strong></span> <span class='ocrx_word' id='word_1_362' title='bbox 3254 2809 3513 2865; x_wconf 91' lang='lat' dir='ltr'><strong>insomnii</strong></span> 
     </span>
    </p>
   </div>
   <div class='ocr_carea' id='block_1_57' title="bbox 1908 2902 3512 2983">
    <p class='ocr_par' dir='ltr' id='par_1_57' title="bbox 1908 2902 3512 2983">
     <span class='ocr_line' id='line_1_57' title="bbox 1908 2902 3512 2983; baseline -0.011 -13"><span class='ocrx_word' id='word_1_363' title='bbox 1908 2929 2094 2970; x_wconf 88' lang='lat' dir='ltr'><strong>errore</strong></span> <span class='ocrx_word' id='word_1_364' title='bbox 2120 2915 2223 2969; x_wconf 90' lang='lat' dir='ltr'><strong>sibi</strong></span> <span class='ocrx_word' id='word_1_365' title='bbox 2265 2913 2452 2983; x_wconf 82' lang='lat' dir='ltr'><strong>fingit;</strong></span> <span class='ocrx_word' id='word_1_366' title='bbox 2487 2923 2682 2981; x_wconf 86' lang='lat' dir='ltr'><strong>magne</strong></span> <span class='ocrx_word' id='word_1_367' title='bbox 2711 2919 2890 2964; x_wconf 88' lang='lat' dir='ltr'><strong>autem</strong></span> <span class='ocrx_word' id='word_1_368' title='bbox 2919 2915 2974 2962; x_wconf 90' lang='lat' dir='ltr'><strong>et</strong></span> <span class='ocrx_word' id='word_1_369' title='bbox 3009 2905 3253 2969; x_wconf 87' lang='lat' dir='ltr'><strong>excelse,</strong></span> <span class='ocrx_word' id='word_1_370' title='bbox 3293 2902 3386 2972; x_wconf 91' lang='lat' dir='ltr'><strong>qui</strong></span> <span class='ocrx_word' id='word_1_371' title='bbox 3426 2915 3512 2968; x_wconf 85' lang='lat' dir='ltr'><strong>ea,</strong></span> 
     </span>
    </p>
   </div>
   <div class='ocr_carea' id='block_1_58' title="bbox 1907 2994 3514 3076">
    <p class='ocr_par' dir='ltr' id='par_1_58' title="bbox 1907 2994 3514 3076">
     <span class='ocr_line' id='line_1_58' title="bbox 1907 2994 3514 3076; baseline -0.007 -19"><span class='ocrx_word' id='word_1_372' title='bbox 1907 3021 2028 3076; x_wconf 65' lang='lat' dir='ltr'><strong>qua:</strong></span> <span class='ocrx_word' id='word_1_373' title='bbox 2050 3006 2252 3060; x_wconf 84' lang='lat' dir='ltr'><strong>mundo</strong></span> <span class='ocrx_word' id='word_1_374' title='bbox 2283 3002 2604 3058; x_wconf 89' lang='lat' dir='ltr'><strong>sublimiora</strong></span> <span class='ocrx_word' id='word_1_375' title='bbox 2643 3010 2792 3065; x_wconf 89' lang='lat' dir='ltr'><strong>sunt,</strong></span> <span class='ocrx_word' id='word_1_376' title='bbox 2839 2999 3058 3069; x_wconf 69' lang='lat' dir='ltr'><strong>qua-rit.</strong></span> <span class='ocrx_word' id='word_1_377' title='bbox 3097 2995 3251 3051; x_wconf 89' lang='lat' dir='ltr'><strong>Unde</strong></span> <span class='ocrx_word' id='word_1_378' title='bbox 3289 2994 3455 3048; x_wconf 85' lang='lat' dir='ltr'><strong>etiam</strong></span> <span class='ocrx_word' id='word_1_379' title='bbox 3482 3006 3514 3045; x_wconf 82' lang='lat' dir='ltr'><strong>a</strong></span> 
     </span>
    </p>
   </div>
   <div class='ocr_carea' id='block_1_59' title="bbox 1911 3086 3511 3168">
    <p class='ocr_par' dir='ltr' id='par_1_59' title="bbox 1911 3086 3511 3168">
     <span class='ocr_line' id='line_1_59' title="bbox 1911 3086 3511 3168; baseline -0.008 -17"><span class='ocrx_word' id='word_1_380' title='bbox 1911 3113 2107 3168; x_wconf 85' lang='lat' dir='ltr'><strong>magna</strong></span> <span class='ocrx_word' id='word_1_381' title='bbox 2135 3097 2350 3166; x_wconf 81' lang='lat' dir='ltr'><strong>quidem</strong></span> <span class='ocrx_word' id='word_1_382' title='bbox 2367 3103 2426 3148; x_wconf 85' lang='lat' dir='ltr'><strong>et</strong></span> <span class='ocrx_word' id='word_1_383' title='bbox 2447 3092 2665 3150; x_wconf 90' lang='lat' dir='ltr'><strong>sublimi</strong></span> <span class='ocrx_word' id='word_1_384' title='bbox 2693 3101 2874 3148; x_wconf 88' lang='lat' dir='ltr'><strong>mente</strong></span> <span class='ocrx_word' id='word_1_385' title='bbox 2895 3090 3062 3145; x_wconf 90' lang='lat' dir='ltr'><strong>animi</strong></span> <span class='ocrx_word' id='word_1_386' title='bbox 3087 3086 3511 3144; x_wconf 88' lang='lat' dir='ltr'><strong>submissionem</strong></span> 
     </span>
    </p>
   </div>
   <div class='ocr_carea' id='block_1_60' title="bbox 201 3177 1807 3264">
    <p class='ocr_par' dir='ltr' id='par_1_60' title="bbox 201 3177 1803 3253">
     <span class='ocr_line' id='line_1_60' title="bbox 201 3177 1803 3253; baseline 0.001 -20"><span class='ocrx_word' id='word_1_387' title='bbox 201 3197 388 3253; x_wconf 85' lang='grc' dir='ltr'>φρονα</span> <span class='ocrx_word' id='word_1_388' title='bbox 419 3179 665 3250; x_wconf 83' lang='grc' dir='ltr'>κλητέον,</span> <span class='ocrx_word' id='word_1_389' title='bbox 702 3179 791 3232; x_wconf 83' lang='grc' dir='ltr'>τὸν</span> <span class='ocrx_word' id='word_1_390' title='bbox 842 3177 1104 3233; x_wconf 87' lang='grc' dir='ltr'>πταίοντα</span> <span class='ocrx_word' id='word_1_391' title='bbox 1164 3180 1284 3250; x_wconf 84' lang='grc' dir='ltr'>μὲν,</span> <span class='ocrx_word' id='word_1_392' title='bbox 1333 3181 1702 3250; x_wconf 82' lang='grc' dir='ltr'>ὁμολογοῦντα</span> <span class='ocrx_word' id='word_1_393' title='bbox 1745 3182 1803 3234; x_wconf 82' lang='grc' dir='ltr'>δὲ</span> 
     </span>
    </p>
   </div>
   <div class='ocr_carea' id='block_1_61' title="bbox 1911 3177 3513 3264">
    <p class='ocr_par' dir='ltr' id='par_1_61' title="bbox 1911 3183 3513 3264">
     <span class='ocr_line' id='line_1_61' title="bbox 1911 3183 3513 3264; baseline -0.009 -21"><span class='ocrx_word' id='word_1_394' title='bbox 1911 3204 1975 3243; x_wconf 86' lang='lat' dir='ltr'><strong>ac</strong></span> <span class='ocrx_word' id='word_1_395' title='bbox 2002 3189 2324 3244; x_wconf 87' lang='lat' dir='ltr'><strong>modestiam</strong></span> <span class='ocrx_word' id='word_1_396' title='bbox 2354 3186 2631 3264; x_wconf 77' lang='lat' dir='ltr'><strong>procreari</strong></span> <span class='ocrx_word' id='word_1_397' title='bbox 2673 3183 2979 3254; x_wconf 85' lang='lat' dir='ltr'><strong>contingit;</strong></span> <span class='ocrx_word' id='word_1_398' title='bbox 3040 3195 3070 3236; x_wconf 90' lang='lat' dir='ltr'><strong>a</strong></span> <span class='ocrx_word' id='word_1_399' title='bbox 3109 3194 3279 3249; x_wconf 88' lang='lat' dir='ltr'><strong>parva</strong></span> <span class='ocrx_word' id='word_1_400' title='bbox 3330 3183 3513 3231; x_wconf 88' lang='lat' dir='ltr'><strong>autem</strong></span> 
     </span>
    </p>
   </div>
   <div class='ocr_carea' id='block_1_62' title="bbox 202 3269 1800 3347">
    <p class='ocr_par' dir='ltr' id='par_1_62' title="bbox 202 3269 1800 3347">
     <span class='ocr_line' id='line_1_62' title="bbox 202 3269 1800 3347; baseline -0.001 -16"><span class='ocrx_word' id='word_1_401' title='bbox 202 3273 308 3331; x_wconf 72' lang='grc' dir='ltr'>καὶ</span> <span class='ocrx_word' id='word_1_402' title='bbox 341 3275 812 3346; x_wconf 82' lang='grc' dir='ltr'>γνωσιμαχοῦντα,</span> <span class='ocrx_word' id='word_1_403' title='bbox 861 3269 972 3336; x_wconf 76' lang='grc' dir='ltr'>οἷος</span> <span class='ocrx_word' id='word_1_404' title='bbox 1016 3271 1086 3345; x_wconf 81' lang='grc' dir='ltr'>ἦν</span> <span class='ocrx_word' id='word_1_405' title='bbox 1125 3276 1155 3328; x_wconf 89' lang='lat'><strong>6</strong></span> <span class='ocrx_word' id='word_1_406' title='bbox 1196 3275 1457 3347; x_wconf 85' lang='grc' dir='ltr'>τελώνης.</span> <span class='ocrx_word' id='word_1_407' title='bbox 1503 3276 1800 3344; x_wconf 75' lang='grc' dir='ltr'>Κενόδοξον</span> 
     </span>
    </p>
   </div>
   <div class='ocr_carea' id='block_1_63' title="bbox 201 3365 1797 3441">
    <p class='ocr_par' dir='ltr' id='par_1_63' title="bbox 201 3365 1797 3441">
     <span class='ocr_line' id='line_1_63' title="bbox 201 3365 1797 3441; baseline -0.001 -18"><span class='ocrx_word' id='word_1_408' title='bbox 201 3371 290 3435; x_wconf 72' lang='grc' dir='ltr'>δὲ,</span> <span class='ocrx_word' id='word_1_409' title='bbox 321 3369 413 3422; x_wconf 81' lang='grc' dir='ltr'><strong>τὸν</strong></span> <span class='ocrx_word' id='word_1_410' title='bbox 449 3371 532 3439; x_wconf 72' lang='grc' dir='ltr'><strong>ἐφ’</strong></span> <span class='ocrx_word' id='word_1_411' title='bbox 564 3365 645 3429; x_wconf 81' lang='grc' dir='ltr'>οἷς</span> <span class='ocrx_word' id='word_1_412' title='bbox 679 3365 754 3438; x_wconf 76' lang='grc' dir='ltr'>μὴ</span> <span class='ocrx_word' id='word_1_413' title='bbox 791 3368 1022 3437; x_wconf 85' lang='grc' dir='ltr'>πράττει</span> <span class='ocrx_word' id='word_1_414' title='bbox 1069 3367 1386 3432; x_wconf 76' lang='grc' dir='ltr'>δοξάζεσθαι</span> <span class='ocrx_word' id='word_1_415' title='bbox 1439 3368 1762 3441; x_wconf 85' lang='grc' dir='ltr'>βουλόμενον</span> <span class='ocrx_word' id='word_1_416' title='bbox 1783 3386 1797 3402; x_wconf 90' lang='grc'><strong>·</strong></span> 
     </span>
    </p>
   </div>
   <div class='ocr_carea' id='block_1_64' title="bbox 203 3460 1800 3535">
    <p class='ocr_par' dir='ltr' id='par_1_64' title="bbox 203 3460 1800 3535">
     <span class='ocr_line' id='line_1_64' title="bbox 203 3460 1800 3535; baseline 0.001 -19"><span class='ocrx_word' id='word_1_417' title='bbox 203 3460 487 3532; x_wconf 82' lang='grc' dir='ltr'>φιλόδοξον</span> <span class='ocrx_word' id='word_1_418' title='bbox 534 3462 620 3526; x_wconf 83' lang='grc' dir='ltr'>δὲ,</span> <span class='ocrx_word' id='word_1_419' title='bbox 655 3461 748 3514; x_wconf 85' lang='grc' dir='ltr'>τὸν</span> <span class='ocrx_word' id='word_1_420' title='bbox 784 3462 868 3530; x_wconf 78' lang='grc' dir='ltr'><strong>ἐφ’</strong></span> <span class='ocrx_word' id='word_1_421' title='bbox 920 3460 1003 3525; x_wconf 70' lang='grc' dir='ltr'>οἷς</span> <span class='ocrx_word' id='word_1_422' title='bbox 1053 3463 1284 3533; x_wconf 86' lang='grc' dir='ltr'>πράττει</span> <span class='ocrx_word' id='word_1_423' title='bbox 1331 3463 1800 3535; x_wconf 78' lang='grc' dir='ltr'>ὲναόρυνόμενονο</span> 
     </span>
    </p>
   </div>
   <div class='ocr_carea' id='block_1_65' title="bbox 205 3554 1802 3629">
    <p class='ocr_par' dir='ltr' id='par_1_65' title="bbox 205 3554 1802 3629">
     <span class='ocr_line' id='line_1_65' title="bbox 205 3554 1802 3629; baseline 0.003 -20"><span class='ocrx_word' id='word_1_424' title='bbox 205 3558 566 3628; x_wconf 83' lang='grc' dir='ltr'>ὑπερήφανον</span> <span class='ocrx_word' id='word_1_425' title='bbox 606 3555 685 3619; x_wconf 71' lang='grc' dir='ltr'>δὲ,</span> <span class='ocrx_word' id='word_1_426' title='bbox 735 3554 828 3608; x_wconf 84' lang='grc' dir='ltr'>τὸν</span> <span class='ocrx_word' id='word_1_427' title='bbox 861 3555 1172 3627; x_wconf 84' lang='grc' dir='ltr'>πράττοντα</span> <span class='ocrx_word' id='word_1_428' title='bbox 1219 3556 1352 3627; x_wconf 79' lang='grc' dir='ltr'>μὲν,</span> <span class='ocrx_word' id='word_1_429' title='bbox 1403 3559 1802 3629; x_wconf 78' lang='grc' dir='ltr'>σεμνυνόμενον</span> 
     </span>
    </p>
   </div>
   <div class='ocr_carea' id='block_1_66' title="bbox 202 3643 1800 3718">
    <p class='ocr_par' dir='ltr' id='par_1_66' title="bbox 202 3643 1800 3718">
     <span class='ocr_line' id='line_1_66' title="bbox 202 3643 1800 3718; baseline 0.003 -21"><span class='ocrx_word' id='word_1_430' title='bbox 202 3645 290 3710; x_wconf 83' lang='grc' dir='ltr'>δὲ,</span> <span class='ocrx_word' id='word_1_431' title='bbox 341 3646 435 3698; x_wconf 69' lang='grc' dir='ltr'>καὶ</span> <span class='ocrx_word' id='word_1_432' title='bbox 483 3647 610 3708; x_wconf 74' lang='grc' dir='ltr'>τοὺς</span> <span class='ocrx_word' id='word_1_433' title='bbox 659 3643 854 3708; x_wconf 79' lang='grc' dir='ltr'>ἄλλους</span> <span class='ocrx_word' id='word_1_434' title='bbox 895 3645 1259 3709; x_wconf 76' lang='grc' dir='ltr'>ὀνειδίζοντα·</span> <span class='ocrx_word' id='word_1_435' title='bbox 1295 3647 1671 3718; x_wconf 73' lang='grc' dir='ltr'>μεγαλόψυχον</span> <span class='ocrx_word' id='word_1_436' title='bbox 1721 3649 1800 3716; x_wconf 79' lang='grc' dir='ltr'>δὲ,</span> 
     </span>
    </p>
   </div>
   <div class='ocr_carea' id='block_1_67' title="bbox 204 3736 1796 3810">
    <p class='ocr_par' dir='ltr' id='par_1_67' title="bbox 204 3736 1796 3810">
     <span class='ocr_line' id='line_1_67' title="bbox 204 3736 1796 3810; baseline 0 -20"><span class='ocrx_word' id='word_1_437' title='bbox 204 3736 303 3790; x_wconf 81' lang='grc' dir='ltr'>τὸν</span> <span class='ocrx_word' id='word_1_438' title='bbox 339 3738 434 3790; x_wconf 77' lang='grc' dir='ltr'>καὶ</span> <span class='ocrx_word' id='word_1_439' title='bbox 461 3737 558 3808; x_wconf 83' lang='grc' dir='ltr'>τὴν</span> <span class='ocrx_word' id='word_1_440' title='bbox 585 3737 889 3808; x_wconf 85' lang='grc' dir='ltr'>εὐημερίαν</span> <span class='ocrx_word' id='word_1_441' title='bbox 916 3737 1172 3807; x_wconf 83' lang='grc' dir='ltr'>μετρίως,</span> <span class='ocrx_word' id='word_1_442' title='bbox 1203 3741 1298 3790; x_wconf 73' lang='grc' dir='ltr'><strong>καὶ</strong></span> <span class='ocrx_word' id='word_1_443' title='bbox 1325 3741 1425 3808; x_wconf 76' lang='grc' dir='ltr'>τὴν</span> <span class='ocrx_word' id='word_1_444' title='bbox 1449 3739 1796 3810; x_wconf 78' lang='grc' dir='ltr'>δυσπραγίαν</span> 
     </span>
    </p>
   </div>
   <div class='ocr_carea' id='block_1_68' title="bbox 204 3823 1801 3899">
    <p class='ocr_par' dir='ltr' id='par_1_68' title="bbox 204 3823 1801 3899">
     <span class='ocr_line' id='line_1_68' title="bbox 204 3823 1801 3899; baseline 0 -19"><span class='ocrx_word' id='word_1_445' title='bbox 204 3827 476 3895; x_wconf 81' lang='grc' dir='ltr'>γενναίως</span> <span class='ocrx_word' id='word_1_446' title='bbox 508 3826 741 3896; x_wconf 71' lang='grc' dir='ltr'>φέροντα</span> <span class='ocrx_word' id='word_1_447' title='bbox 762 3841 776 3855; x_wconf 81' lang='lat'><strong><em>°</em></strong></span> <span class='ocrx_word' id='word_1_448' title='bbox 806 3823 1144 3897; x_wconf 75' lang='grc' dir='ltr'>μικρόψυχον</span> <span class='ocrx_word' id='word_1_449' title='bbox 1173 3826 1249 3890; x_wconf 87' lang='grc' dir='ltr'>δὲ,</span> <span class='ocrx_word' id='word_1_450' title='bbox 1290 3826 1380 3879; x_wconf 84' lang='grc' dir='ltr'>τὸν</span> <span class='ocrx_word' id='word_1_451' title='bbox 1428 3827 1685 3881; x_wconf 88' lang='grc' dir='ltr'>τάναντία</span> <span class='ocrx_word' id='word_1_452' title='bbox 1721 3827 1801 3899; x_wconf 83' lang='grc' dir='ltr'>τῷ</span> 
     </span>
    </p>
   </div>
   <div class='ocr_carea' id='block_1_69' title="bbox 207 3921 1481 3994">
    <p class='ocr_par' dir='ltr' id='par_1_69' title="bbox 207 3921 1481 3994">
     <span class='ocr_line' id='line_1_69' title="bbox 207 3921 1481 3994; baseline 0 -18"><span class='ocrx_word' id='word_1_453' title='bbox 207 3922 578 3994; x_wconf 81' lang='grc' dir='ltr'>μεγαλοψύχῳ</span> <span class='ocrx_word' id='word_1_454' title='bbox 609 3921 919 3992; x_wconf 87' lang='grc' dir='ltr'>πράττοντά</span> <span class='ocrx_word' id='word_1_455' title='bbox 951 3939 1010 3973; x_wconf 88' lang='grc' dir='ltr'><strong>τε</strong></span> <span class='ocrx_word' id='word_1_456' title='bbox 1048 3922 1142 3974; x_wconf 71' lang='grc' dir='ltr'>καὶ</span> <span class='ocrx_word' id='word_1_457' title='bbox 1183 3923 1481 3992; x_wconf 85' lang='grc' dir='ltr'>πάσχοντα.</span> 
     </span>
    </p>
   </div>
   <div class='ocr_carea' id='block_1_70' title="bbox 1829 3239 1873 3298">
    <p class='ocr_par' dir='ltr' id='par_1_70' title="bbox 1829 3239 1873 3298">
     <span class='ocr_line' id='line_1_70' title="bbox 1829 3239 1873 3298; baseline 0 -3"><span class='ocrx_word' id='word_1_458' title='bbox 1829 3239 1873 3298; x_wconf 82' lang='grc' dir='ltr'><strong>ο</strong></span> 
     </span>
    </p>
   </div>
   <div class='ocr_carea' id='block_1_71' title="bbox 1909 3269 3514 3350">
    <p class='ocr_par' dir='ltr' id='par_1_71' title="bbox 1909 3269 3514 3350">
     <span class='ocr_line' id='line_1_71' title="bbox 1909 3269 3514 3350; baseline -0.008 -13"><span class='ocrx_word' id='word_1_459' title='bbox 1909 3292 1963 3338; x_wconf 89' lang='lat' dir='ltr'><strong>et</strong></span> <span class='ocrx_word' id='word_1_460' title='bbox 1989 3283 2105 3348; x_wconf 89' lang='lat' dir='ltr'><strong>vili,</strong></span> <span class='ocrx_word' id='word_1_461' title='bbox 2132 3282 2522 3350; x_wconf 88' lang='lat' dir='ltr'><strong>arrogantiam.</strong></span> <span class='ocrx_word' id='word_1_462' title='bbox 2547 3279 2615 3331; x_wconf 89' lang='lat' dir='ltr'><strong>At</strong></span> <span class='ocrx_word' id='word_1_463' title='bbox 2640 3278 2920 3331; x_wconf 87' lang='lat' dir='ltr'><strong>enimvero</strong></span> <span class='ocrx_word' id='word_1_464' title='bbox 2953 3288 3075 3329; x_wconf 90' lang='lat' dir='ltr'><strong>eum</strong></span> <span class='ocrx_word' id='word_1_465' title='bbox 3105 3270 3295 3343; x_wconf 89' lang='lat' dir='ltr'><strong>judicii</strong></span> <span class='ocrx_word' id='word_1_466' title='bbox 3335 3269 3514 3325; x_wconf 59' lang='lat' dir='ltr'><strong>since.</strong></span> 
     </span>
    </p>
   </div>
   <div class='ocr_carea' id='block_1_72' title="bbox 1911 3362 3513 3442">
    <p class='ocr_par' dir='ltr' id='par_1_72' title="bbox 1911 3362 3513 3442">
     <span class='ocr_line' id='line_1_72' title="bbox 1911 3362 3513 3442; baseline -0.007 -14"><span class='ocrx_word' id='word_1_467' title='bbox 1911 3375 2072 3428; x_wconf 86' lang='lat' dir='ltr'><strong>ritate</strong></span> <span class='ocrx_word' id='word_1_468' title='bbox 2091 3373 2520 3442; x_wconf 65' lang='lat' dir='ltr'><strong>prmditum,non</strong></span> <span class='ocrx_word' id='word_1_469' title='bbox 2553 3378 2736 3423; x_wconf 89' lang='lat' dir='ltr'><strong>autem</strong></span> <span class='ocrx_word' id='word_1_470' title='bbox 2766 3369 3096 3430; x_wconf 87' lang='lat' dir='ltr'><strong>modestum,</strong></span> <span class='ocrx_word' id='word_1_471' title='bbox 3131 3377 3325 3418; x_wconf 85' lang='lat' dir='ltr'><strong>vocare</strong></span> <span class='ocrx_word' id='word_1_472' title='bbox 3348 3362 3513 3417; x_wconf 76' lang='lat' dir='ltr'><strong>debe-</strong></span> 
     </span>
    </p>
   </div>
   <div class='ocr_carea' id='block_1_73' title="bbox 1909 3452 3513 3537">
    <p class='ocr_par' dir='ltr' id='par_1_73' title="bbox 1909 3452 3513 3537">
     <span class='ocr_line' id='line_1_73' title="bbox 1909 3452 3513 3537; baseline -0.01 -15"><span class='ocrx_word' id='word_1_473' title='bbox 1909 3482 2053 3532; x_wconf 87' lang='lat' dir='ltr'><strong>mus,</strong></span> <span class='ocrx_word' id='word_1_474' title='bbox 2088 3464 2179 3537; x_wconf 88' lang='lat' dir='ltr'><strong>qui</strong></span> <span class='ocrx_word' id='word_1_475' title='bbox 2209 3479 2330 3518; x_wconf 86' lang='lat' dir='ltr'><strong>cum</strong></span> <span class='ocrx_word' id='word_1_476' title='bbox 2365 3468 2572 3531; x_wconf 88' lang='lat' dir='ltr'><strong>peccet,</strong></span> <span class='ocrx_word' id='word_1_477' title='bbox 2614 3459 2664 3512; x_wconf 90' lang='lat' dir='ltr'><strong>id</strong></span> <span class='ocrx_word' id='word_1_478' title='bbox 2707 3456 3019 3522; x_wconf 78' lang='lat' dir='ltr'><strong>confitetur,</strong></span> <span class='ocrx_word' id='word_1_479' title='bbox 3069 3469 3134 3509; x_wconf 91' lang='lat' dir='ltr'><strong>ac</strong></span> <span class='ocrx_word' id='word_1_480' title='bbox 3168 3452 3513 3522; x_wconf 63' lang='lat' dir='ltr'><strong>paenitudine</strong></span> 
     </span>
    </p>
   </div>
   <div class='ocr_carea' id='block_1_74' title="bbox 1909 3545 3514 3623">
    <p class='ocr_par' dir='ltr' id='par_1_74' title="bbox 1909 3545 3514 3623">
     <span class='ocr_line' id='line_1_74' title="bbox 1909 3545 3514 3623; baseline -0.009 -11"><span class='ocrx_word' id='word_1_481' title='bbox 1909 3558 2148 3619; x_wconf 86' lang='lat' dir='ltr'><strong>ducitur,</strong></span> <span class='ocrx_word' id='word_1_482' title='bbox 2188 3563 2246 3608; x_wconf 93' lang='lat' dir='ltr'><strong>ut</strong></span> <span class='ocrx_word' id='word_1_483' title='bbox 2292 3552 2640 3623; x_wconf 90' lang='lat' dir='ltr'><strong>publicanus.</strong></span> <span class='ocrx_word' id='word_1_484' title='bbox 2679 3549 2975 3614; x_wconf 76' lang='grc' dir='ltr'>Κενόδοξον</span> <span class='ocrx_word' id='word_1_485' title='bbox 3029 3555 3242 3610; x_wconf 90' lang='lat' dir='ltr'><strong>autem,</strong></span> <span class='ocrx_word' id='word_1_486' title='bbox 3282 3545 3386 3599; x_wconf 88' lang='lat' dir='ltr'><strong>boc</strong></span> <span class='ocrx_word' id='word_1_487' title='bbox 3429 3551 3514 3597; x_wconf 89' lang='lat' dir='ltr'><strong>est</strong></span> 
     </span>
    </p>
   </div>
   <div class='ocr_carea' id='block_1_75' title="bbox 1909 3635 3512 3716">
    <p class='ocr_par' dir='ltr' id='par_1_75' title="bbox 1909 3635 3512 3716">
     <span class='ocr_line' id='line_1_75' title="bbox 1909 3635 3512 3716; baseline -0.009 -12"><span class='ocrx_word' id='word_1_488' title='bbox 1909 3649 2086 3704; x_wconf 86' lang='lat' dir='ltr'><strong>inanis</strong></span> <span class='ocrx_word' id='word_1_489' title='bbox 2112 3647 2296 3716; x_wconf 84' lang='lat' dir='ltr'><strong>gloriae</strong></span> <span class='ocrx_word' id='word_1_490' title='bbox 2322 3645 2512 3700; x_wconf 89' lang='lat' dir='ltr'><strong>morbo</strong></span> <span class='ocrx_word' id='word_1_491' title='bbox 2541 3642 2898 3703; x_wconf 86' lang='lat' dir='ltr'><strong>laborantem,</strong></span> <span class='ocrx_word' id='word_1_492' title='bbox 2921 3639 3016 3710; x_wconf 88' lang='lat' dir='ltr'><strong>qui</strong></span> <span class='ocrx_word' id='word_1_493' title='bbox 3057 3639 3126 3694; x_wconf 94' lang='lat' dir='ltr'><strong>ob</strong></span> <span class='ocrx_word' id='word_1_494' title='bbox 3159 3653 3243 3702; x_wconf 87' lang='lat' dir='ltr'><strong>ea,</strong></span> <span class='ocrx_word' id='word_1_495' title='bbox 3267 3651 3388 3706; x_wconf 63' lang='lat' dir='ltr'><strong>quae</strong></span> <span class='ocrx_word' id='word_1_496' title='bbox 3411 3635 3512 3690; x_wconf 83' lang='lat' dir='ltr'><strong>mi-</strong></span> 
     </span>
    </p>
   </div>
   <div class='ocr_carea' id='block_1_76' title="bbox 1910 3728 3508 3808">
    <p class='ocr_par' dir='ltr' id='par_1_76' title="bbox 1910 3728 3508 3808">
     <span class='ocr_line' id='line_1_76' title="bbox 1910 3728 3508 3808; baseline -0.009 -13"><span class='ocrx_word' id='word_1_497' title='bbox 1910 3742 2054 3795; x_wconf 91' lang='lat' dir='ltr'><strong>nime</strong></span> <span class='ocrx_word' id='word_1_498' title='bbox 2093 3740 2224 3808; x_wconf 88' lang='lat' dir='ltr'><strong>agit,</strong></span> <span class='ocrx_word' id='word_1_499' title='bbox 2253 3737 2477 3807; x_wconf 86' lang='lat' dir='ltr'><strong>gloriam</strong></span> <span class='ocrx_word' id='word_1_500' title='bbox 2537 3735 2794 3804; x_wconf 90' lang='lat' dir='ltr'><strong>consequi</strong></span> <span class='ocrx_word' id='word_1_501' title='bbox 2829 3734 3007 3802; x_wconf 90' lang='lat' dir='ltr'><strong>cupit;</strong></span> <span class='ocrx_word' id='word_1_502' title='bbox 3040 3728 3316 3801; x_wconf 77' lang='grc' dir='ltr'>φιλόδοξον</span> <span class='ocrx_word' id='word_1_503' title='bbox 3358 3741 3508 3794; x_wconf 83' lang='lat' dir='ltr'><strong>vero,</strong></span> 
     </span>
    </p>
   </div>
   <div class='ocr_carea' id='block_1_77' title="bbox 1911 3821 3501 3900">
    <p class='ocr_par' dir='ltr' id='par_1_77' title="bbox 1911 3821 3501 3900">
     <span class='ocr_line' id='line_1_77' title="bbox 1911 3821 3501 3900; baseline -0.008 -14"><span class='ocrx_word' id='word_1_504' title='bbox 1911 3834 1964 3886; x_wconf 89' lang='lat' dir='ltr'><strong>id</strong></span> <span class='ocrx_word' id='word_1_505' title='bbox 1994 3842 2077 3888; x_wconf 90' lang='lat' dir='ltr'><strong>est</strong></span> <span class='ocrx_word' id='word_1_506' title='bbox 2119 3832 2307 3900; x_wconf 75' lang='lat' dir='ltr'><strong>glorise</strong></span> <span class='ocrx_word' id='word_1_507' title='bbox 2348 3840 2646 3892; x_wconf 88' lang='lat' dir='ltr'><strong>amantem,</strong></span> <span class='ocrx_word' id='word_1_508' title='bbox 2694 3843 2840 3893; x_wconf 91' lang='lat' dir='ltr'><strong>eum,</strong></span> <span class='ocrx_word' id='word_1_509' title='bbox 2880 3828 2972 3896; x_wconf 90' lang='lat' dir='ltr'><strong>qui</strong></span> <span class='ocrx_word' id='word_1_510' title='bbox 3009 3825 3078 3880; x_wconf 90' lang='lat' dir='ltr'><strong>ob</strong></span> <span class='ocrx_word' id='word_1_511' title='bbox 3110 3839 3170 3880; x_wconf 86' lang='lat' dir='ltr'><strong>ea</strong></span> <span class='ocrx_word' id='word_1_512' title='bbox 3213 3837 3335 3893; x_wconf 67' lang='lat' dir='ltr'><strong>quae</strong></span> <span class='ocrx_word' id='word_1_513' title='bbox 3367 3821 3501 3892; x_wconf 88' lang='lat' dir='ltr'><strong>agit,</strong></span> 
     </span>
    </p>
   </div>
   <div class='ocr_carea' id='block_1_78' title="bbox 1911 3914 3510 3993">
    <p class='ocr_par' dir='ltr' id='par_1_78' title="bbox 1911 3914 3510 3993">
     <span class='ocr_line' id='line_1_78' title="bbox 1911 3914 3510 3993; baseline -0.009 -13"><span class='ocrx_word' id='word_1_514' title='bbox 1911 3925 2012 3980; x_wconf 88' lang='lat' dir='ltr'><strong>sibi</strong></span> <span class='ocrx_word' id='word_1_515' title='bbox 2049 3924 2256 3993; x_wconf 85' lang='lat' dir='ltr'><strong>placet:</strong></span> <span class='ocrx_word' id='word_1_516' title='bbox 2296 3921 2624 3977; x_wconf 87' lang='lat' dir='ltr'><strong>insolentem</strong></span> <span class='ocrx_word' id='word_1_517' title='bbox 2662 3921 2813 3984; x_wconf 88' lang='lat' dir='ltr'><strong>item,</strong></span> <span class='ocrx_word' id='word_1_518' title='bbox 2849 3919 2942 3988; x_wconf 90' lang='lat' dir='ltr'><strong>qui</strong></span> <span class='ocrx_word' id='word_1_519' title='bbox 2979 3916 3108 3971; x_wconf 88' lang='lat' dir='ltr'><strong>facit</strong></span> <span class='ocrx_word' id='word_1_520' title='bbox 3137 3915 3381 3987; x_wconf 90' lang='lat' dir='ltr'><strong>quidem,</strong></span> <span class='ocrx_word' id='word_1_521' title='bbox 3413 3914 3510 3966; x_wconf 86' lang='lat' dir='ltr'><strong>sed</strong></span> 
     </span>
    </p>
   </div>
   <div class='ocr_carea' id='block_1_79' title="bbox 199 4011 3506 4088">
    <p class='ocr_par' dir='ltr' id='par_1_79' title="bbox 199 4011 3506 4088">
     <span class='ocr_line' id='line_1_79' title="bbox 199 4011 3506 4088; baseline -0.002 -20"><span class='ocrx_word' id='word_1_522' title='bbox 199 4015 525 4069; x_wconf 79' lang='lat' dir='ltr'><strong>eonomine</strong></span> <span class='ocrx_word' id='word_1_523' title='bbox 567 4013 853 4085; x_wconf 78' lang='lat' dir='ltr'><strong>gloriatur,</strong></span> <span class='ocrx_word' id='word_1_524' title='bbox 904 4012 1148 4083; x_wconf 88' lang='lat' dir='ltr'><strong>aliosque</strong></span> <span class='ocrx_word' id='word_1_525' title='bbox 1221 4017 1436 4083; x_wconf 89' lang='lat' dir='ltr'><strong>probris</strong></span> <span class='ocrx_word' id='word_1_526' title='bbox 1481 4015 1674 4082; x_wconf 81' lang='lat' dir='ltr'><strong>aﬂicit;</strong></span> <span class='ocrx_word' id='word_1_527' title='bbox 1755 4018 2160 4088; x_wconf 87' lang='lat' dir='ltr'><strong>magnanimum</strong></span> <span class='ocrx_word' id='word_1_528' title='bbox 2206 4030 2390 4084; x_wconf 90' lang='lat' dir='ltr'><strong>porro,</strong></span> <span class='ocrx_word' id='word_1_529' title='bbox 2420 4030 2574 4079; x_wconf 87' lang='lat' dir='ltr'><strong>eum,</strong></span> <span class='ocrx_word' id='word_1_530' title='bbox 2613 4013 2708 4083; x_wconf 89' lang='lat' dir='ltr'><strong>qui</strong></span> <span class='ocrx_word' id='word_1_531' title='bbox 2743 4022 2799 4068; x_wconf 89' lang='lat' dir='ltr'><strong>et</strong></span> <span class='ocrx_word' id='word_1_532' title='bbox 2836 4027 2925 4068; x_wconf 90' lang='lat' dir='ltr'><strong>res</strong></span> <span class='ocrx_word' id='word_1_533' title='bbox 2981 4012 3252 4066; x_wconf 87' lang='lat' dir='ltr'><strong>secundas</strong></span> <span class='ocrx_word' id='word_1_534' title='bbox 3322 4011 3506 4064; x_wconf 81' lang='lat' dir='ltr'><strong>mode-</strong></span> 
     </span>
    </p>
   </div>
   <div class='ocr_carea' id='block_1_80' title="bbox 205 4103 3509 4182">
    <p class='ocr_par' dir='ltr' id='par_1_80' title="bbox 205 4103 3509 4182">
     <span class='ocr_line' id='line_1_80' title="bbox 205 4103 3509 4182; baseline 0 -22"><span class='ocrx_word' id='word_1_535' title='bbox 205 4115 346 4171; x_wconf 88' lang='lat' dir='ltr'><strong>rate,</strong></span> <span class='ocrx_word' id='word_1_536' title='bbox 387 4117 441 4162; x_wconf 87' lang='lat' dir='ltr'><strong>et</strong></span> <span class='ocrx_word' id='word_1_537' title='bbox 485 4107 734 4162; x_wconf 87' lang='lat' dir='ltr'><strong>sinistras</strong></span> <span class='ocrx_word' id='word_1_538' title='bbox 772 4104 988 4160; x_wconf 82' lang='lat' dir='ltr'><strong>fortiter</strong></span> <span class='ocrx_word' id='word_1_539' title='bbox 1029 4119 1092 4162; x_wconf 86' lang='lat' dir='ltr'><strong>ac</strong></span> <span class='ocrx_word' id='word_1_540' title='bbox 1133 4115 1358 4162; x_wconf 87' lang='lat' dir='ltr'><strong>strenue</strong></span> <span class='ocrx_word' id='word_1_541' title='bbox 1406 4107 1540 4173; x_wconf 87' lang='lat' dir='ltr'><strong>fert;</strong></span> <span class='ocrx_word' id='word_1_542' title='bbox 1595 4109 1932 4182; x_wconf 76' lang='grc' dir='ltr'>μικρόψυχον</span> <span class='ocrx_word' id='word_1_543' title='bbox 1967 4110 2221 4179; x_wconf 83' lang='lat' dir='ltr'><strong>denique,</strong></span> <span class='ocrx_word' id='word_1_544' title='bbox 2283 4109 2386 4162; x_wconf 84' lang='lat' dir='ltr'><strong>hoc</strong></span> <span class='ocrx_word' id='word_1_545' title='bbox 2410 4106 2573 4180; x_wconf 56' lang='lat'><strong>503</strong></span> <span class='ocrx_word' id='word_1_546' title='bbox 2605 4116 2687 4163; x_wconf 88' lang='lat' dir='ltr'><strong>est</strong></span> <span class='ocrx_word' id='word_1_547' title='bbox 2753 4106 2907 4176; x_wconf 78' lang='lat' dir='ltr'><strong>parvi</strong></span> <span class='ocrx_word' id='word_1_548' title='bbox 2972 4106 3136 4166; x_wconf 83' lang='lat' dir='ltr'><strong>animi</strong></span> <span class='ocrx_word' id='word_1_549' title='bbox 3205 4103 3509 4160; x_wconf 67' lang='lat' dir='ltr'><strong>hominem.</strong></span> 
     </span>
    </p>
   </div>
   <div class='ocr_carea' id='block_1_81' title="bbox 206 4197 1640 4284">
    <p class='ocr_par' dir='ltr' id='par_1_81' title="bbox 206 4197 1640 4267">
     <span class='ocr_line' id='line_1_81' title="bbox 206 4197 1640 4267; baseline 0.003 -16"><span class='ocrx_word' id='word_1_550' title='bbox 206 4197 303 4267; x_wconf 88' lang='lat' dir='ltr'><strong>qui</strong></span> <span class='ocrx_word' id='word_1_551' title='bbox 339 4197 610 4252; x_wconf 85' lang='lat' dir='ltr'><strong>contraria</strong></span> <span class='ocrx_word' id='word_1_552' title='bbox 655 4197 1006 4265; x_wconf 81' lang='lat' dir='ltr'><strong>magnanimo</strong></span> <span class='ocrx_word' id='word_1_553' title='bbox 1035 4197 1187 4264; x_wconf 90' lang='lat' dir='ltr'><strong>facit,</strong></span> <span class='ocrx_word' id='word_1_554' title='bbox 1218 4213 1281 4252; x_wconf 91' lang='lat' dir='ltr'><strong>ac</strong></span> <span class='ocrx_word' id='word_1_555' title='bbox 1308 4200 1640 4256; x_wconf 88' lang='lat' dir='ltr'><strong>moderatur.</strong></span> 
     </span>
    </p>
   </div>
   <div class='ocr_carea' id='block_1_82' title="bbox 674 4287 1334 4361">
    <p class='ocr_par' dir='ltr' id='par_1_82' title="bbox 674 4287 1334 4361">
     <span class='ocr_line' id='line_1_82' title="bbox 674 4287 1334 4361; baseline 0.008 -21"><span class='ocrx_word' id='word_1_556' title='bbox 674 4287 842 4343; x_wconf 61' lang='lat' dir='ltr'><strong>mea</strong></span> <span class='ocrx_word' id='word_1_557' title='bbox 885 4319 956 4329; x_wconf 88' lang='lat'>—</span> <span class='ocrx_word' id='word_1_558' title='bbox 993 4289 1080 4360; x_wconf 79' lang='lat' dir='ltr'><strong>Tp</strong></span> <span class='ocrx_word' id='word_1_559' title='bbox 1127 4290 1334 4361; x_wconf 82' lang='grc' dir='ltr'><strong>ΑΥΤῼ.</strong></span> 
     </span>
    </p>
   </div>
   <div class='ocr_carea' id='block_1_83' title="bbox 2315 4287 3095 4348">
    <p class='ocr_par' dir='ltr' id='par_1_83' title="bbox 2315 4287 3095 4348">
     <span class='ocr_line' id='line_1_83' title="bbox 2315 4287 3095 4348; baseline -0.004 -1"><span class='ocrx_word' id='word_1_560' title='bbox 2315 4288 2718 4348; x_wconf 74' lang='lat' dir='ltr'><strong>CCCLXXXII.</strong></span> <span class='ocrx_word' id='word_1_561' title='bbox 2755 4320 2829 4336; x_wconf 89' lang='lat'>-</span> <span class='ocrx_word' id='word_1_562' title='bbox 2856 4287 3095 4345; x_wconf 78' lang='lat' dir='ltr'><strong>EIDEM.</strong></span> 
     </span>
    </p>
   </div>
   <div class='ocr_carea' id='block_1_84' title="bbox 281 4401 1807 4478">
    <p class='ocr_par' dir='ltr' id='par_1_84' title="bbox 281 4401 1794 4478">
     <span class='ocr_line' id='line_1_84' title="bbox 281 4401 1794 4478; baseline 0.003 -23"><span class='ocrx_word' id='word_1_563' title='bbox 281 4402 345 4455; x_wconf 83' lang='grc' dir='ltr'><strong>Εἰ</strong></span> <span class='ocrx_word' id='word_1_564' title='bbox 385 4403 501 4465; x_wconf 75' lang='grc' dir='ltr'>καὶ,</span> <span class='ocrx_word' id='word_1_565' title='bbox 538 4402 612 4466; x_wconf 82' lang='grc' dir='ltr'><strong>ὡς</strong></span> <span class='ocrx_word' id='word_1_566' title='bbox 643 4401 948 4472; x_wconf 80' lang='grc' dir='ltr'>γέγραφας,</span> <span class='ocrx_word' id='word_1_567' title='bbox 979 4405 1006 4456; x_wconf 89' lang='lat'><strong>6</strong></span> <span class='ocrx_word' id='word_1_568' title='bbox 1036 4403 1193 4474; x_wconf 84' lang='grc' dir='ltr'>λόγος</span> <span class='ocrx_word' id='word_1_569' title='bbox 1225 4405 1316 4458; x_wconf 79' lang='grc' dir='ltr'>τὸν</span> <span class='ocrx_word' id='word_1_570' title='bbox 1351 4406 1544 4476; x_wconf 89' lang='grc' dir='ltr'>κρότον</span> <span class='ocrx_word' id='word_1_571' title='bbox 1573 4405 1794 4478; x_wconf 74' lang='grc' dir='ltr'>ἐγέννη-</span> 
     </span>
    </p>
   </div>
   <div class='ocr_carea' id='block_1_85' title="bbox 1911 4401 3505 4478">
    <p class='ocr_par' dir='ltr' id='par_1_85' title="bbox 1972 4403 3505 4474">
     <span class='ocr_line' id='line_1_85' title="bbox 1972 4403 3505 4474; baseline 0 -15"><span class='ocrx_word' id='word_1_572' title='bbox 1972 4405 2111 4472; x_wconf 86' lang='lat' dir='ltr'><strong>Etsi,</strong></span> <span class='ocrx_word' id='word_1_573' title='bbox 2139 4415 2197 4460; x_wconf 94' lang='lat' dir='ltr'><strong>ut</strong></span> <span class='ocrx_word' id='word_1_574' title='bbox 2228 4406 2326 4461; x_wconf 90' lang='lat' dir='ltr'><strong>abs</strong></span> <span class='ocrx_word' id='word_1_575' title='bbox 2366 4415 2419 4460; x_wconf 91' lang='lat' dir='ltr'><strong>te</strong></span> <span class='ocrx_word' id='word_1_576' title='bbox 2446 4406 2709 4474; x_wconf 88' lang='lat' dir='ltr'><strong>scriptum</strong></span> <span class='ocrx_word' id='word_1_577' title='bbox 2748 4414 2854 4472; x_wconf 90' lang='lat' dir='ltr'><strong>est,</strong></span> <span class='ocrx_word' id='word_1_578' title='bbox 2894 4403 3070 4460; x_wconf 88' lang='lat' dir='ltr'><strong>oratio</strong></span> <span class='ocrx_word' id='word_1_579' title='bbox 3111 4403 3361 4473; x_wconf 89' lang='lat' dir='ltr'><strong>plausum</strong></span> <span class='ocrx_word' id='word_1_580' title='bbox 3412 4418 3505 4474; x_wconf 91' lang='lat' dir='ltr'><strong>pe-</strong></span> 
     </span>
    </p>
   </div>
   <div class='ocr_carea' id='block_1_86' title="bbox 209 4489 1803 4570">
    <p class='ocr_par' dir='ltr' id='par_1_86' title="bbox 209 4489 1803 4570">
     <span class='ocr_line' id='line_1_86' title="bbox 209 4489 1803 4570; baseline 0.005 -26"><span class='ocrx_word' id='word_1_581' title='bbox 209 4509 306 4546; x_wconf 84' lang='grc' dir='ltr'><strong>σεν</strong></span> <span class='ocrx_word' id='word_1_582' title='bbox 327 4511 339 4523; x_wconf 88' lang='grc'><strong>·</strong></span> <span class='ocrx_word' id='word_1_583' title='bbox 372 4493 491 4546; x_wconf 81' lang='grc' dir='ltr'>ἀλλ’</span> <span class='ocrx_word' id='word_1_584' title='bbox 521 4489 614 4547; x_wconf 89' lang='grc' dir='ltr'><strong>οῦν</strong></span> <span class='ocrx_word' id='word_1_585' title='bbox 642 4511 706 4564; x_wconf 88' lang='grc' dir='ltr'><strong>γε</strong></span> <span class='ocrx_word' id='word_1_586' title='bbox 753 4496 846 4547; x_wconf 78' lang='grc' dir='ltr'>καὶ</span> <span class='ocrx_word' id='word_1_587' title='bbox 885 4497 914 4548; x_wconf 92' lang='lat'><strong>6</strong></span> <span class='ocrx_word' id='word_1_588' title='bbox 941 4498 1132 4567; x_wconf 86' lang='grc' dir='ltr'>κρότος</span> <span class='ocrx_word' id='word_1_589' title='bbox 1163 4498 1255 4551; x_wconf 82' lang='grc' dir='ltr'>τὸν</span> <span class='ocrx_word' id='word_1_590' title='bbox 1298 4498 1457 4567; x_wconf 89' lang='grc' dir='ltr'>λόγον</span> <span class='ocrx_word' id='word_1_591' title='bbox 1487 4499 1803 4570; x_wconf 74' lang='grc' dir='ltr'>ἐπέρρωσεν</span> 
     </span>
    </p>
   </div>
   <div class='ocr_carea' id='block_1_87' title="bbox 209 4584 1802 4662">
    <p class='ocr_par' dir='ltr' id='par_1_87' title="bbox 209 4584 1802 4662">
     <span class='ocr_line' id='line_1_87' title="bbox 209 4584 1802 4662; baseline 0.005 -26"><span class='ocrx_word' id='word_1_592' title='bbox 209 4584 440 4656; x_wconf 73' lang='grc' dir='ltr'>ἔρεισμα</span> <span class='ocrx_word' id='word_1_593' title='bbox 463 4585 541 4656; x_wconf 86' lang='grc' dir='ltr'>τῷ</span> <span class='ocrx_word' id='word_1_594' title='bbox 577 4587 793 4640; x_wconf 87' lang='grc' dir='ltr'>τεκόντι</span> <span class='ocrx_word' id='word_1_595' title='bbox 836 4589 1046 4655; x_wconf 85' lang='grc' dir='ltr'>φανείς.</span> <span class='ocrx_word' id='word_1_596' title='bbox 1094 4589 1234 4642; x_wconf 80' lang='grc' dir='ltr'>Ἀλλ’</span> <span class='ocrx_word' id='word_1_597' title='bbox 1267 4589 1454 4662; x_wconf 78' lang='grc' dir='ltr'>ἐπειδὴ</span> <span class='ocrx_word' id='word_1_598' title='bbox 1487 4591 1744 4654; x_wconf 87' lang='grc' dir='ltr'>πολλάκις</span> <span class='ocrx_word' id='word_1_599' title='bbox 1774 4591 1802 4644; x_wconf 93' lang='lat'><strong>6</strong></span> 
     </span>
    </p>
   </div>
   <div class='ocr_carea' id='block_1_88' title="bbox 209 4677 1804 4755">
    <p class='ocr_par' dir='ltr' id='par_1_88' title="bbox 209 4677 1804 4755">
     <span class='ocr_line' id='line_1_88' title="bbox 209 4677 1804 4755; baseline 0.003 -26"><span class='ocrx_word' id='word_1_600' title='bbox 209 4678 406 4746; x_wconf 86' lang='grc' dir='ltr'>κρότος</span> <span class='ocrx_word' id='word_1_601' title='bbox 434 4677 525 4732; x_wconf 72' lang='grc' dir='ltr'><strong>τὸν</strong></span> <span class='ocrx_word' id='word_1_602' title='bbox 575 4679 673 4748; x_wconf 84' lang='grc' dir='ltr'>μὲν</span> <span class='ocrx_word' id='word_1_603' title='bbox 701 4680 860 4748; x_wconf 88' lang='grc' dir='ltr'>λόγον</span> <span class='ocrx_word' id='word_1_604' title='bbox 909 4682 1112 4755; x_wconf 76' lang='grc' dir='ltr'>νευροῖ,</span> <span class='ocrx_word' id='word_1_605' title='bbox 1144 4681 1234 4735; x_wconf 85' lang='grc' dir='ltr'>τὸν</span> <span class='ocrx_word' id='word_1_606' title='bbox 1267 4681 1323 4734; x_wconf 79' lang='grc' dir='ltr'>δὲ</span> <span class='ocrx_word' id='word_1_607' title='bbox 1362 4683 1562 4754; x_wconf 85' lang='grc' dir='ltr'>τρόπον</span> <span class='ocrx_word' id='word_1_608' title='bbox 1593 4682 1685 4735; x_wconf 88' lang='grc' dir='ltr'><strong>τοῦ</strong></span> <span class='ocrx_word' id='word_1_609' title='bbox 1719 4681 1804 4734; x_wconf 81' lang='grc' dir='ltr'><strong>λέ-</strong></span> 
     </span>
    </p>
   </div>
   <div class='ocr_carea' id='block_1_89' title="bbox 209 4761 1800 4848">
    <p class='ocr_par' dir='ltr' id='par_1_89' title="bbox 209 4761 1800 4848">
     <span class='ocr_line' id='line_1_89' title="bbox 209 4761 1800 4848; baseline 0.005 -27"><span class='ocrx_word' id='word_1_610' title='bbox 209 4783 401 4836; x_wconf 85' lang='grc' dir='ltr'>γοντος</span> <span class='ocrx_word' id='word_1_611' title='bbox 429 4770 772 4841; x_wconf 78' lang='grc' dir='ltr'>λυμαίνεται,</span> <span class='ocrx_word' id='word_1_612' title='bbox 799 4772 880 4833; x_wconf 89' lang='grc' dir='ltr'><strong>είς</strong></span> <span class='ocrx_word' id='word_1_613' title='bbox 901 4761 1206 4843; x_wconf 61' lang='grc' dir='ltr'>’ὑπτιότητα</span> <span class='ocrx_word' id='word_1_614' title='bbox 1227 4775 1390 4838; x_wconf 64' lang='grc' dir='ltr'>αὑτὸν</span> <span class='ocrx_word' id='word_1_615' title='bbox 1417 4774 1800 4848; x_wconf 84' lang='grc' dir='ltr'>χειραγωγῶν,</span> 
     </span>
    </p>
   </div>
   <div class='ocr_carea' id='block_1_90' title="bbox 211 4861 1803 4939">
    <p class='ocr_par' dir='ltr' id='par_1_90' title="bbox 211 4861 1803 4939">
     <span class='ocr_line' id='line_1_90' title="bbox 211 4861 1803 4939; baseline 0.008 -27"><span class='ocrx_word' id='word_1_616' title='bbox 211 4861 464 4933; x_wconf 83' lang='grc' dir='ltr'>παραινῶ</span> <span class='ocrx_word' id='word_1_617' title='bbox 508 4865 575 4934; x_wconf 76' lang='grc' dir='ltr'>τῇ</span> <span class='ocrx_word' id='word_1_618' title='bbox 625 4867 689 4935; x_wconf 83' lang='grc' dir='ltr'><strong>σῇ</strong></span> <span class='ocrx_word' id='word_1_619' title='bbox 740 4863 973 4928; x_wconf 85' lang='grc' dir='ltr'>συνέσει,</span> <span class='ocrx_word' id='word_1_620' title='bbox 1021 4864 1254 4934; x_wconf 86' lang='grc' dir='ltr'>μάλιστα</span> <span class='ocrx_word' id='word_1_621' title='bbox 1301 4867 1398 4938; x_wconf 81' lang='grc' dir='ltr'>μὲν</span> <span class='ocrx_word' id='word_1_622' title='bbox 1435 4867 1514 4938; x_wconf 83' lang='grc' dir='ltr'>τῷ</span> <span class='ocrx_word' id='word_1_623' title='bbox 1561 4867 1679 4939; x_wconf 85' lang='grc' dir='ltr'><strong>Θεῷ</strong></span> <span class='ocrx_word' id='word_1_624' title='bbox 1726 4871 1803 4924; x_wconf 87' lang='grc' dir='ltr'>εί-</span> 
     </span>
    </p>
   </div>
   <div class='ocr_carea' id='block_1_91' title="bbox 212 4950 1799 5040">
    <p class='ocr_par' dir='ltr' id='par_1_91' title="bbox 212 4950 1799 5040">
     <span class='ocr_line' id='line_1_91' title="bbox 212 4950 1799 5040; baseline 0.007 -36"><span class='ocrx_word' id='word_1_625' title='bbox 212 4950 361 5040; x_wconf 82' lang='grc' dir='ltr'>δὲναι</span> <span class='ocrx_word' id='word_1_626' title='bbox 389 4952 571 5024; x_wconf 88' lang='grc' dir='ltr'>χάριν,</span> <span class='ocrx_word' id='word_1_627' title='bbox 601 4955 679 5026; x_wconf 85' lang='grc' dir='ltr'>τῷ</span> <span class='ocrx_word' id='word_1_628' title='bbox 727 4955 820 5008; x_wconf 76' lang='grc' dir='ltr'>καὶ</span> <span class='ocrx_word' id='word_1_629' title='bbox 849 4955 1109 5028; x_wconf 85' lang='grc' dir='ltr'>τοιαύτην</span> <span class='ocrx_word' id='word_1_630' title='bbox 1152 4957 1405 5013; x_wconf 89' lang='grc' dir='ltr'>δεδωκότι</span> <span class='ocrx_word' id='word_1_631' title='bbox 1439 4960 1600 5032; x_wconf 89' lang='grc' dir='ltr'>χάριν</span> <span class='ocrx_word' id='word_1_632' title='bbox 1623 4977 1635 4990; x_wconf 88' lang='grc'>·</span> <span class='ocrx_word' id='word_1_633' title='bbox 1665 4962 1712 5014; x_wconf 81' lang='grc' dir='ltr'><strong>εί</strong></span> <span class='ocrx_word' id='word_1_634' title='bbox 1741 4961 1799 5015; x_wconf 82' lang='grc' dir='ltr'>δὲ</span> 
     </span>
    </p>
   </div>
   <div class='ocr_carea' id='block_1_92' title="bbox 211 5043 1794 5121">
    <p class='ocr_par' dir='ltr' id='par_1_92' title="bbox 211 5043 1794 5121">
     <span class='ocr_line' id='line_1_92' title="bbox 211 5043 1794 5121; baseline 0.008 -28"><span class='ocrx_word' id='word_1_635' title='bbox 211 5043 307 5096; x_wconf 72' lang='grc' dir='ltr'>καὶ</span> <span class='ocrx_word' id='word_1_636' title='bbox 349 5043 592 5097; x_wconf 71' lang='grc' dir='ltr'>ἐπαινεῖν</span> <span class='ocrx_word' id='word_1_637' title='bbox 646 5043 824 5114; x_wconf 86' lang='grc' dir='ltr'>βούλει</span> <span class='ocrx_word' id='word_1_638' title='bbox 871 5043 970 5116; x_wconf 85' lang='grc' dir='ltr'><strong>(ὼς</strong></span> <span class='ocrx_word' id='word_1_639' title='bbox 1018 5045 1128 5116; x_wconf 83' lang='grc' dir='ltr'><strong>γάρ</strong></span> <span class='ocrx_word' id='word_1_640' title='bbox 1177 5047 1312 5118; x_wconf 75' lang='grc' dir='ltr'>ἔφης</span> <span class='ocrx_word' id='word_1_641' title='bbox 1362 5048 1646 5115; x_wconf 88' lang='grc' dir='ltr'>ἀδύνατον,</span> <span class='ocrx_word' id='word_1_642' title='bbox 1720 5051 1794 5121; x_wconf 80' lang='grc' dir='ltr'>μὴ</span> 
     </span>
    </p>
   </div>
   <div class='ocr_carea' id='block_1_93' title="bbox 211 5131 1794 5208">
    <p class='ocr_par' dir='ltr' id='par_1_93' title="bbox 211 5131 1794 5208">
     <span class='ocr_line' id='line_1_93' title="bbox 211 5131 1794 5208; baseline 0.008 -27"><span class='ocrx_word' id='word_1_643' title='bbox 211 5131 426 5201; x_wconf 84' lang='grc' dir='ltr'>κρότοις</span> <span class='ocrx_word' id='word_1_644' title='bbox 457 5133 548 5184; x_wconf 81' lang='grc' dir='ltr'>τὸν</span> <span class='ocrx_word' id='word_1_645' title='bbox 579 5131 734 5202; x_wconf 89' lang='grc' dir='ltr'>λόγον</span> <span class='ocrx_word' id='word_1_646' title='bbox 787 5134 1157 5208; x_wconf 79' lang='grc' dir='ltr'>ἀμείϐεσθαι),</span> <span class='ocrx_word' id='word_1_647' title='bbox 1186 5139 1277 5192; x_wconf 85' lang='grc' dir='ltr'>τὸν</span> <span class='ocrx_word' id='word_1_648' title='bbox 1326 5139 1486 5208; x_wconf 84' lang='grc' dir='ltr'>λόγον</span> <span class='ocrx_word' id='word_1_649' title='bbox 1535 5141 1794 5206; x_wconf 75' lang='grc' dir='ltr'>ἐπαινῶν,</span> 
     </span>
    </p>
   </div>
   <div class='ocr_carea' id='block_1_94' title="bbox 208 5221 1788 5302">
    <p class='ocr_par' dir='ltr' id='par_1_94' title="bbox 208 5221 1788 5302">
     <span class='ocr_line' id='line_1_94' title="bbox 208 5221 1788 5302; baseline 0.008 -28"><span class='ocrx_word' id='word_1_650' title='bbox 208 5221 283 5285; x_wconf 80' lang='grc' dir='ltr'>ὡς</span> <span class='ocrx_word' id='word_1_651' title='bbox 318 5222 517 5294; x_wconf 83' lang='grc' dir='ltr'>βούλει,</span> <span class='ocrx_word' id='word_1_652' title='bbox 573 5225 646 5294; x_wconf 80' lang='grc' dir='ltr'>μὴ</span> <span class='ocrx_word' id='word_1_653' title='bbox 674 5226 889 5298; x_wconf 77' lang='grc' dir='ltr'>ἄμετρα</span> <span class='ocrx_word' id='word_1_654' title='bbox 943 5225 1137 5296; x_wconf 76' lang='grc' dir='ltr'>ὕφαινε</span> <span class='ocrx_word' id='word_1_655' title='bbox 1169 5229 1288 5284; x_wconf 85' lang='grc' dir='ltr'>κατ’</span> <span class='ocrx_word' id='word_1_656' title='bbox 1323 5231 1462 5302; x_wconf 80' lang='grc' dir='ltr'>ἐμοῦ</span> <span class='ocrx_word' id='word_1_657' title='bbox 1512 5231 1788 5302; x_wconf 78' lang='grc' dir='ltr'>ἐγκώμια,</span> 
     </span>
    </p>
   </div>
   <div class='ocr_carea' id='block_1_95' title="bbox 211 5311 840 5387">
    <p class='ocr_par' dir='ltr' id='par_1_95' title="bbox 211 5311 840 5387">
     <span class='ocr_line' id='line_1_95' title="bbox 211 5311 840 5387; baseline 0.008 -23"><span class='ocrx_word' id='word_1_658' title='bbox 211 5311 298 5366; x_wconf 89' lang='grc' dir='ltr'><strong>ἴνα</strong></span> <span class='ocrx_word' id='word_1_659' title='bbox 329 5315 403 5386; x_wconf 89' lang='grc' dir='ltr'><strong>μή</strong></span> <span class='ocrx_word' id='word_1_660' title='bbox 441 5332 509 5385; x_wconf 87' lang='grc' dir='ltr'><strong>με</strong></span> <span class='ocrx_word' id='word_1_661' title='bbox 543 5315 840 5387; x_wconf 77' lang='grc' dir='ltr'>ὑπτιώσῃς.</span> 
     </span>
    </p>
   </div>
   <div class='ocr_carea' id='block_1_96' title="bbox 1906 4497 3501 4570">
    <p class='ocr_par' dir='ltr' id='par_1_96' title="bbox 1906 4497 3501 4570">
     <span class='ocr_line' id='line_1_96' title="bbox 1906 4497 3501 4570; baseline -0.003 -15"><span class='ocrx_word' id='word_1_662' title='bbox 1906 4499 2050 4570; x_wconf 89' lang='lat' dir='ltr'><strong>perit</strong></span> <span class='ocrx_word' id='word_1_663' title='bbox 2086 4514 2101 4553; x_wconf 90' lang='lat'><strong>:</strong></span> <span class='ocrx_word' id='word_1_664' title='bbox 2131 4507 2187 4552; x_wconf 90' lang='lat' dir='ltr'><strong>at</strong></span> <span class='ocrx_word' id='word_1_665' title='bbox 2213 4499 2380 4554; x_wconf 85' lang='lat' dir='ltr'><strong>etiam</strong></span> <span class='ocrx_word' id='word_1_666' title='bbox 2411 4497 2647 4552; x_wconf 88' lang='lat' dir='ltr'><strong>orationi</strong></span> <span class='ocrx_word' id='word_1_667' title='bbox 2679 4497 2900 4568; x_wconf 90' lang='lat' dir='ltr'><strong>plausus</strong></span> <span class='ocrx_word' id='word_1_668' title='bbox 2930 4499 3098 4552; x_wconf 91' lang='lat' dir='ltr'><strong>robur</strong></span> <span class='ocrx_word' id='word_1_669' title='bbox 3144 4497 3501 4568; x_wconf 88' lang='lat' dir='ltr'><strong>comparavit,</strong></span> 
     </span>
    </p>
   </div>
   <div class='ocr_carea' id='block_1_97' title="bbox 1906 4587 3504 4662">
    <p class='ocr_par' dir='ltr' id='par_1_97' title="bbox 1906 4587 3504 4662">
     <span class='ocr_line' id='line_1_97' title="bbox 1906 4587 3504 4662; baseline -0.001 -18"><span class='ocrx_word' id='word_1_670' title='bbox 1906 4591 2104 4662; x_wconf 90' lang='lat' dir='ltr'><strong>quippe</strong></span> <span class='ocrx_word' id='word_1_671' title='bbox 2133 4590 2224 4658; x_wconf 88' lang='lat' dir='ltr'><strong>qui</strong></span> <span class='ocrx_word' id='word_1_672' title='bbox 2265 4589 2478 4660; x_wconf 86' lang='lat' dir='ltr'><strong>parenti</strong></span> <span class='ocrx_word' id='word_1_673' title='bbox 2530 4587 2848 4643; x_wconf 88' lang='lat' dir='ltr'><strong>adminiculi</strong></span> <span class='ocrx_word' id='word_1_674' title='bbox 2888 4587 3002 4643; x_wconf 92' lang='lat' dir='ltr'><strong>loco</strong></span> <span class='ocrx_word' id='word_1_675' title='bbox 3042 4587 3223 4643; x_wconf 90' lang='lat' dir='ltr'><strong>fuerit.</strong></span> <span class='ocrx_word' id='word_1_676' title='bbox 3263 4589 3336 4643; x_wconf 73' lang='lat' dir='ltr'><strong>At</strong></span> <span class='ocrx_word' id='word_1_677' title='bbox 3366 4603 3504 4659; x_wconf 88' lang='lat' dir='ltr'><strong>quo-</strong></span> 
     </span>
    </p>
   </div>
   <div class='ocr_carea' id='block_1_98' title="bbox 1907 4677 3501 4748">
    <p class='ocr_par' dir='ltr' id='par_1_98' title="bbox 1907 4677 3501 4748">
     <span class='ocr_line' id='line_1_98' title="bbox 1907 4677 3501 4748; baseline 0 -15"><span class='ocrx_word' id='word_1_678' title='bbox 1907 4679 2052 4734; x_wconf 91' lang='lat' dir='ltr'><strong>niam</strong></span> <span class='ocrx_word' id='word_1_679' title='bbox 2103 4692 2479 4748; x_wconf 68' lang='lat' dir='ltr'><strong>saepenumero</strong></span> <span class='ocrx_word' id='word_1_680' title='bbox 2531 4692 2631 4732; x_wconf 92' lang='lat' dir='ltr'><strong>usu</strong></span> <span class='ocrx_word' id='word_1_681' title='bbox 2674 4677 2844 4743; x_wconf 84' lang='lat' dir='ltr'><strong>venit,</strong></span> <span class='ocrx_word' id='word_1_682' title='bbox 2890 4687 2945 4730; x_wconf 93' lang='lat' dir='ltr'><strong>ut</strong></span> <span class='ocrx_word' id='word_1_683' title='bbox 2995 4677 3216 4746; x_wconf 86' lang='lat' dir='ltr'><strong>plausus</strong></span> <span class='ocrx_word' id='word_1_684' title='bbox 3268 4679 3501 4734; x_wconf 88' lang='lat' dir='ltr'><strong>orationi</strong></span> 
     </span>
    </p>
   </div>
   <div class='ocr_carea' id='block_1_99' title="bbox 1903 4769 3504 4841">
    <p class='ocr_par' dir='ltr' id='par_1_99' title="bbox 1903 4769 3504 4841">
     <span class='ocr_line' id='line_1_99' title="bbox 1903 4769 3504 4841; baseline 0 -17"><span class='ocrx_word' id='word_1_685' title='bbox 1903 4771 2120 4841; x_wconf 90' lang='lat' dir='ltr'><strong>quidem</strong></span> <span class='ocrx_word' id='word_1_686' title='bbox 2144 4769 2310 4825; x_wconf 90' lang='lat' dir='ltr'><strong>robur</strong></span> <span class='ocrx_word' id='word_1_687' title='bbox 2325 4777 2622 4838; x_wconf 88' lang='lat' dir='ltr'><strong>comparet,</strong></span> <span class='ocrx_word' id='word_1_688' title='bbox 2643 4785 2828 4823; x_wconf 87' lang='lat' dir='ltr'><strong>verum</strong></span> <span class='ocrx_word' id='word_1_689' title='bbox 2846 4771 3078 4824; x_wconf 91' lang='lat' dir='ltr'><strong>oratoris</strong></span> <span class='ocrx_word' id='word_1_690' title='bbox 3101 4784 3281 4825; x_wconf 89' lang='lat' dir='ltr'><strong>mores</strong></span> <span class='ocrx_word' id='word_1_691' title='bbox 3298 4769 3504 4826; x_wconf 83' lang='lat' dir='ltr'><strong>inficiat</strong></span> 
     </span>
    </p>
   </div>
   <div class='ocr_carea' id='block_1_100' title="bbox 1903 4859 3501 4931">
    <p class='ocr_par' dir='ltr' id='par_1_100' title="bbox 1903 4859 3501 4931">
     <span class='ocr_line' id='line_1_100' title="bbox 1903 4859 3501 4931; baseline 0 -14"><span class='ocrx_word' id='word_1_692' title='bbox 1903 4871 1958 4917; x_wconf 89' lang='lat' dir='ltr'><strong>et</strong></span> <span class='ocrx_word' id='word_1_693' title='bbox 1990 4861 2304 4926; x_wconf 85' lang='lat' dir='ltr'><strong>labefactet,</strong></span> <span class='ocrx_word' id='word_1_694' title='bbox 2329 4861 2393 4914; x_wconf 90' lang='lat' dir='ltr'><strong>ad</strong></span> <span class='ocrx_word' id='word_1_695' title='bbox 2418 4861 2767 4931; x_wconf 88' lang='lat' dir='ltr'><strong>supinitatcm</strong></span> <span class='ocrx_word' id='word_1_696' title='bbox 2814 4859 3065 4914; x_wconf 89' lang='lat' dir='ltr'><strong>videlicet</strong></span> <span class='ocrx_word' id='word_1_697' title='bbox 3090 4876 3153 4916; x_wconf 89' lang='lat' dir='ltr'><strong>ac</strong></span> <span class='ocrx_word' id='word_1_698' title='bbox 3197 4863 3501 4917; x_wconf 88' lang='lat' dir='ltr'><strong>socordiam</strong></span> 
     </span>
    </p>
   </div>
   <div class='ocr_carea' id='block_1_101' title="bbox 1903 4953 3500 5026">
    <p class='ocr_par' dir='ltr' id='par_1_101' title="bbox 1903 4953 3500 5026">
     <span class='ocr_line' id='line_1_101' title="bbox 1903 4953 3500 5026; baseline -0.001 -15"><span class='ocrx_word' id='word_1_699' title='bbox 1903 4970 2026 5011; x_wconf 87' lang='lat' dir='ltr'><strong>eum</strong></span> <span class='ocrx_word' id='word_1_700' title='bbox 2074 4966 2329 5026; x_wconf 88' lang='lat' dir='ltr'><strong>tanquam</strong></span> <span class='ocrx_word' id='word_1_701' title='bbox 2363 4963 2610 5024; x_wconf 82' lang='lat' dir='ltr'><strong>porrecta</strong></span> <span class='ocrx_word' id='word_1_702' title='bbox 2669 4968 2832 5007; x_wconf 90' lang='lat' dir='ltr'><strong>manu</strong></span> <span class='ocrx_word' id='word_1_703' title='bbox 2876 4953 3103 5018; x_wconf 87' lang='lat' dir='ltr'><strong>ducens,</strong></span> <span class='ocrx_word' id='word_1_704' title='bbox 3155 4954 3500 5022; x_wconf 88' lang='lat' dir='ltr'><strong>prudentiam</strong></span> 
     </span>
    </p>
   </div>
   <div class='ocr_carea' id='block_1_102' title="bbox 1904 5045 3503 5118">
    <p class='ocr_par' dir='ltr' id='par_1_102' title="bbox 1904 5045 3503 5118">
     <span class='ocr_line' id='line_1_102' title="bbox 1904 5045 3503 5118; baseline 0 -15"><span class='ocrx_word' id='word_1_705' title='bbox 1904 5059 2052 5103; x_wconf 90' lang='lat' dir='ltr'><strong>tuam</strong></span> <span class='ocrx_word' id='word_1_706' title='bbox 2098 5062 2314 5114; x_wconf 90' lang='lat' dir='ltr'><strong>moneo,</strong></span> <span class='ocrx_word' id='word_1_707' title='bbox 2347 5048 2585 5102; x_wconf 86' lang='lat' dir='ltr'><strong>maxime</strong></span> <span class='ocrx_word' id='word_1_708' title='bbox 2622 5047 2842 5116; x_wconf 88' lang='lat' dir='ltr'><strong>quidem</strong></span> <span class='ocrx_word' id='word_1_709' title='bbox 2879 5055 2938 5100; x_wconf 92' lang='lat' dir='ltr'><strong>ut</strong></span> <span class='ocrx_word' id='word_1_710' title='bbox 2985 5045 3115 5110; x_wconf 88' lang='lat' dir='ltr'><strong>Deo,</strong></span> <span class='ocrx_word' id='word_1_711' title='bbox 3171 5048 3262 5118; x_wconf 92' lang='lat' dir='ltr'><strong>qui</strong></span> <span class='ocrx_word' id='word_1_712' title='bbox 3310 5047 3503 5117; x_wconf 78' lang='lat' dir='ltr'><strong>hujus-</strong></span> 
     </span>
    </p>
   </div>
   <div class='ocr_carea' id='block_1_103' title="bbox 1903 5137 3498 5210">
    <p class='ocr_par' dir='ltr' id='par_1_103' title="bbox 1903 5137 3498 5210">
     <span class='ocr_line' id='line_1_103' title="bbox 1903 5137 3498 5210; baseline -0.001 -15"><span class='ocrx_word' id='word_1_713' title='bbox 1903 5140 2046 5195; x_wconf 91' lang='lat' dir='ltr'><strong>modi</strong></span> <span class='ocrx_word' id='word_1_714' title='bbox 2082 5140 2308 5210; x_wconf 87' lang='lat' dir='ltr'><strong>gratiam</strong></span> <span class='ocrx_word' id='word_1_715' title='bbox 2339 5139 2568 5209; x_wconf 79' lang='lat' dir='ltr'><strong>largitus</strong></span> <span class='ocrx_word' id='word_1_716' title='bbox 2599 5146 2700 5204; x_wconf 88' lang='lat' dir='ltr'><strong>est,</strong></span> <span class='ocrx_word' id='word_1_717' title='bbox 2738 5139 2967 5206; x_wconf 88' lang='lat' dir='ltr'><strong>gratiam</strong></span> <span class='ocrx_word' id='word_1_718' title='bbox 3013 5137 3235 5207; x_wconf 84' lang='lat' dir='ltr'><strong>habeas,</strong></span> <span class='ocrx_word' id='word_1_719' title='bbox 3279 5140 3422 5207; x_wconf 93' lang='lat' dir='ltr'><strong>quod</strong></span> <span class='ocrx_word' id='word_1_720' title='bbox 3453 5140 3498 5194; x_wconf 90' lang='lat' dir='ltr'><strong>si</strong></span> 
     </span>
    </p>
   </div>
   <div class='ocr_carea' id='block_1_104' title="bbox 1904 5231 3501 5304">
    <p class='ocr_par' dir='ltr' id='par_1_104' title="bbox 1904 5231 3501 5304">
     <span class='ocr_line' id='line_1_104' title="bbox 1904 5231 3501 5304; baseline -0.003 -15"><span class='ocrx_word' id='word_1_721' title='bbox 1904 5234 2070 5289; x_wconf 89' lang='lat' dir='ltr'><strong>ctiam</strong></span> <span class='ocrx_word' id='word_1_722' title='bbox 2114 5232 2336 5288; x_wconf 88' lang='lat' dir='ltr'><strong>laudare</strong></span> <span class='ocrx_word' id='word_1_723' title='bbox 2371 5233 2454 5287; x_wconf 82' lang='lat' dir='ltr'><strong>vis</strong></span> <span class='ocrx_word' id='word_1_724' title='bbox 2486 5233 2690 5304; x_wconf 88' lang='lat' dir='ltr'><strong>(negas</strong></span> <span class='ocrx_word' id='word_1_725' title='bbox 2727 5233 2872 5287; x_wconf 88' lang='lat' dir='ltr'><strong>enim</strong></span> <span class='ocrx_word' id='word_1_726' title='bbox 2913 5231 3027 5286; x_wconf 84' lang='lat' dir='ltr'><strong>fieri</strong></span> <span class='ocrx_word' id='word_1_727' title='bbox 3069 5246 3232 5302; x_wconf 88' lang='lat' dir='ltr'><strong>posse</strong></span> <span class='ocrx_word' id='word_1_728' title='bbox 3269 5239 3328 5284; x_wconf 93' lang='lat' dir='ltr'><strong>ut</strong></span> <span class='ocrx_word' id='word_1_729' title='bbox 3375 5246 3501 5285; x_wconf 90' lang='lat' dir='ltr'><strong>ora-</strong></span> 
     </span>
    </p>
   </div>
   <div class='ocr_carea' id='block_1_105' title="bbox 1901 5323 3494 5396">
    <p class='ocr_par' dir='ltr' id='par_1_105' title="bbox 1901 5323 3494 5396">
     <span class='ocr_line' id='line_1_105' title="bbox 1901 5323 3494 5396; baseline -0.001 -16"><span class='ocrx_word' id='word_1_730' title='bbox 1901 5325 2033 5380; x_wconf 90' lang='lat' dir='ltr'><strong>tioni</strong></span> <span class='ocrx_word' id='word_1_731' title='bbox 2085 5325 2308 5396; x_wconf 86' lang='lat' dir='ltr'><strong>plausus</strong></span> <span class='ocrx_word' id='word_1_732' title='bbox 2358 5325 2576 5379; x_wconf 88' lang='lat' dir='ltr'><strong>tandem</strong></span> <span class='ocrx_word' id='word_1_733' title='bbox 2607 5338 2710 5379; x_wconf 82' lang='lat' dir='ltr'><strong>non</strong></span> <span class='ocrx_word' id='word_1_734' title='bbox 2756 5323 3140 5395; x_wconf 85' lang='lat' dir='ltr'><strong>rependatur),</strong></span> <span class='ocrx_word' id='word_1_735' title='bbox 3191 5324 3494 5378; x_wconf 88' lang='lat' dir='ltr'><strong>orationem</strong></span> 
     </span>
    </p>
   </div>
   <div class='ocr_carea' id='block_1_106' title="bbox 213 5410 3496 5492">
    <p class='ocr_par' dir='ltr' id='par_1_106' title="bbox 213 5410 3496 5492">
     <span class='ocr_line' id='line_1_106' title="bbox 213 5410 3496 5492; baseline 0.003 -30"><span class='ocrx_word' id='word_1_736' title='bbox 213 5410 425 5478; x_wconf 90' lang='lat' dir='ltr'><strong>quidem</strong></span> <span class='ocrx_word' id='word_1_737' title='bbox 454 5412 716 5468; x_wconf 88' lang='lat' dir='ltr'><strong>arbitratu</strong></span> <span class='ocrx_word' id='word_1_738' title='bbox 751 5424 842 5470; x_wconf 92' lang='lat' dir='ltr'><strong>tuo</strong></span> <span class='ocrx_word' id='word_1_739' title='bbox 886 5416 1132 5484; x_wconf 89' lang='lat' dir='ltr'><strong>laudans,</strong></span> <span class='ocrx_word' id='word_1_740' title='bbox 1176 5432 1243 5473; x_wconf 90' lang='lat' dir='ltr'><strong>ne</strong></span> <span class='ocrx_word' id='word_1_741' title='bbox 1277 5417 1470 5473; x_wconf 86' lang='lat' dir='ltr'><strong>nimias</strong></span> <span class='ocrx_word' id='word_1_742' title='bbox 1498 5419 1784 5476; x_wconf 87' lang='lat' dir='ltr'><strong>adversum</strong></span> <span class='ocrx_word' id='word_1_743' title='bbox 1827 5437 1914 5478; x_wconf 90' lang='lat' dir='ltr'><strong>me</strong></span> <span class='ocrx_word' id='word_1_744' title='bbox 1960 5421 2152 5477; x_wconf 84' lang='lat' dir='ltr'><strong>laudes</strong></span> <span class='ocrx_word' id='word_1_745' title='bbox 2209 5429 2495 5486; x_wconf 86' lang='lat' dir='ltr'><strong>coutexas,</strong></span> <span class='ocrx_word' id='word_1_746' title='bbox 2531 5429 2684 5475; x_wconf 89' lang='lat' dir='ltr'><strong>utne</strong></span> <span class='ocrx_word' id='word_1_747' title='bbox 2726 5435 2811 5476; x_wconf 85' lang='lat' dir='ltr'><strong>me</strong></span> <span class='ocrx_word' id='word_1_748' title='bbox 2850 5419 3100 5491; x_wconf 88' lang='lat' dir='ltr'><strong>supinum</strong></span> <span class='ocrx_word' id='word_1_749' title='bbox 3140 5428 3307 5492; x_wconf 87' lang='lat' dir='ltr'><strong>atque</strong></span> <span class='ocrx_word' id='word_1_750' title='bbox 3342 5418 3496 5488; x_wconf 87' lang='lat' dir='ltr'><strong>igua-</strong></span> 
     </span>
    </p>
   </div>
   <div class='ocr_carea' id='block_1_107' title="bbox 213 5500 579 5557">
    <p class='ocr_par' dir='ltr' id='par_1_107' title="bbox 213 5500 579 5557">
     <span class='ocr_line' id='line_1_107' title="bbox 213 5500 579 5557; baseline 0.014 -5"><span class='ocrx_word' id='word_1_751' title='bbox 213 5514 333 5554; x_wconf 86' lang='lat' dir='ltr'><strong>vum</strong></span> <span class='ocrx_word' id='word_1_752' title='bbox 363 5500 579 5557; x_wconf 86' lang='lat' dir='ltr'><strong>reddas.</strong></span> 
     </span>
    </p>
   </div>
   <div class='ocr_carea' id='block_1_108' title="bbox 1311 5659 2383 5722">
    <p class='ocr_par' dir='ltr' id='par_1_108' title="bbox 1311 5659 2383 5722">
     <span class='ocr_line' id='line_1_108' title="bbox 1311 5659 2383 5722; baseline 0.005 -5"><span class='ocrx_word' id='word_1_753' title='bbox 1311 5659 1553 5717; x_wconf 69' lang='lat' dir='ltr'><strong>VARIAE</strong></span> <span class='ocrx_word' id='word_1_754' title='bbox 1593 5661 1979 5718; x_wconf 82' lang='lat' dir='ltr'><strong>LECTIONES</strong></span> <span class='ocrx_word' id='word_1_755' title='bbox 2015 5664 2105 5718; x_wconf 84' lang='lat' dir='ltr'>ET</span> <span class='ocrx_word' id='word_1_756' title='bbox 2151 5665 2383 5722; x_wconf 71' lang='grc' dir='ltr'><strong>ΝΟΤᾹΞ.</strong></span> 
     </span>
    </p>
   </div>
   <div class='ocr_carea' id='block_1_109' title="bbox 287 5812 2135 5893">
    <p class='ocr_par' dir='ltr' id='par_1_109' title="bbox 287 5812 2135 5893">
     <span class='ocr_line' id='line_1_109' title="bbox 287 5812 2135 5893; baseline 0.006 -26"><span class='ocrx_word' id='word_1_757' title='bbox 287 5813 362 5884; x_wconf 50' lang='grc'><strong>,4)</strong></span> <span class='ocrx_word' id='word_1_758' title='bbox 394 5812 496 5869; x_wconf 85' lang='lat' dir='ltr'><strong>Pro</strong></span> <span class='ocrx_word' id='word_1_759' title='bbox 533 5821 639 5869; x_wconf 80' lang='grc' dir='ltr'>τῶν</span> <span class='ocrx_word' id='word_1_760' title='bbox 674 5813 880 5869; x_wconf 83' lang='grc' dir='ltr'>κακιῶν</span> <span class='ocrx_word' id='word_1_761' title='bbox 919 5814 1034 5870; x_wconf 90' lang='lat' dir='ltr'><strong>cod.</strong></span> <span class='ocrx_word' id='word_1_762' title='bbox 1081 5813 1195 5870; x_wconf 75' lang='lat' dir='ltr'><strong>Vat.</strong></span> <span class='ocrx_word' id='word_1_763' title='bbox 1233 5817 1338 5872; x_wconf 84' lang='lat'><strong>650</strong></span> <span class='ocrx_word' id='word_1_764' title='bbox 1381 5822 1511 5893; x_wconf 87' lang='lat' dir='ltr'><strong>legit</strong></span> <span class='ocrx_word' id='word_1_765' title='bbox 1549 5823 1659 5876; x_wconf 84' lang='grc' dir='ltr'>τῶν</span> <span class='ocrx_word' id='word_1_766' title='bbox 1689 5823 1894 5878; x_wconf 80' lang='grc' dir='ltr'>κακῶν.</span> <span class='ocrx_word' id='word_1_767' title='bbox 1926 5822 2135 5880; x_wconf 78' lang='lat' dir='ltr'><strong>Possm.</strong></span> 
     </span>
    </p>
   </div>
  </div>
