4164 6468
273 440 413 508 1029

1021 441 1566 507 EPISTOLAR‘UM
1606 442 1754 503 LIB.
1799 441 1915 503 Ill.
1937 469 2006 479 —
2028 443 2268 507 EPIST.
2307 445 2762 508 CCCLXXXIX.

3445 444 3584 515 1030

267 572 452 626 χηκας
509 553 703 609 Πολλοὶ
739 554 839 628 μὲν
885 554 995 629 γὰρ
1027 557 1168 629 αὐτῇ
1199 554 1572 625 ὲπεκώμασαν
1612 554 1713 608 οὐκ
1748 555 1878 608 εὐα-

1989 569 2334 614 consecutus.
2373 557 2525 613 Multi
2556 559 2702 614 enim
2729 559 2798 614 ad
2821 572 2942 615 eam
2970 559 3290 631 dignitatem
3326 559 3468 617 haud
3497 563 3587 634 pie

268 647 423 716 γῶςο
475 650 521 700 oi
557 645 614 699 δὲ
647 646 878 712 εἰκότως
911 646 1278 720 τετυχηκότες
1304 648 1405 716 τῆς
1432 643 1622 716 τιμῆς,
1655 645 1752 699 καὶ
1786 643 1873 698 διὰ

266 741 462 804 τέλους
504 741 733 805 ἑαυτοὺς
775 742 836 793 ού
877 742 1039 812 μόνον
1076 737 1340 808 μέμψεως
1384 739 1690 808 κρείττους,
1737 736 1876 791 ἀλλὰ

267 833 371 887 καὶ
431 831 717 904 θαύματος
777 833 964 899 ἀξίους
1025 834 1426 903 ἀποφήναντες,
1502 823 1651 884 οὗτοι
1681 889 1687 904 ν
1723 829 1876 903 παρὰ

268 924 494 977 πάντων
547 903 928 995 ἀναρρηθῆναι
973 924 1040 978 ἂν
1073 918 1185 976 εἷεν
1239 922 1462 977 δίκαιοι.
1509 913 1612 974 Ὧν
1650 917 1731 984 εἷς
1783 921 1878 1006 και

267 1015 437 1079 αὐτὸς
466 1017 776 1086 τυγχάνων,
815 1017 1035 1086 μυρίοις
1064 1014 1365 1085 ὀφθαλμοῖς
1402 1014 1470 1070 τὰ
1509 1015 1652 1068 κατὰ
1681 1011 1886 1069 σαυτὸν·

268 1110 640 1180 περισκόπει·
680 1110 753 1181 μή
790 1111 924 1162 ποτέ
953 1125 1006 1161 τι
1035 1106 1341 1178 παροφθὲν,
1377 1109 1444 1177 τῇ
1493 1105 1740 1180 τοσαύτῃ
1787 1105 1879 1158 λυ-

271 1201 515 1272 μήνηται
548 1203 739 1273 ἀρετῇ.

538 1398 718 1452 THII'.
759 1427 825 1438 ——
867 1397 1098 1453 IEPAKI
1141 1396 1617 1470 ΠΡΕΣΒΥΤΕΡῼ.

268 1493 421 1570 Περὶ.
456 1491 892 1570 ἀναγνιέὶσεᾳζς,
949 1495 1102 1570 κατὰ
1179 1490 1510 1570 Ἐφρὴν·ωῇ
1563 1489 1705 1570 ΙΙερζ
1768 1489 1880 1570 τῆς

345 1562 594 1632 χάριτος,
629 1561 750 1615 τῶν
790 1565 1214 1616 θεοπνεύστων
1258 1561 1555 1632 Ι’ραφών,
1609 1561 1709 1615 καὶ
1767 1561 1880 1630 τῆς

348 1635 418 1698 ἐξ
453 1631 654 1687 αὐτῶν
689 1632 1005 1702 ὠφελείας.

348 1727 409 1780 Oi
445 1726 577 1779 θεῖοι
609 1727 702 1779 καὶ
731 1728 973 1796 οὐράνιοι
1000 1727 1240 1796 χρησμοὶ
1279 1727 1389 1789 τοῖς
1424 1726 1525 1796 μὲν
1549 1725 1660 1780 τῶν
1689 1723 1893 1779 καλῶν

268 1819 596 1889 ἁνεράστοις
625 1819 701 1890 (6)
725 1819 1032 1889 γράμματα
1066 1819 1223 1889 μόνον
1273 1814 1410 1872 εἶναι
1439 1818 1657 1872 δοκοῦσι
1682 1821 1796 1881 τοῖς
1823 1818 1880 1872 δὲ

1977 658 2274 720 sancteque
2328 651 2646 722 irruperunt
2705 672 2717 708 :
2785 654 2877 724 qui
2935 663 3118 708 autem
3177 668 3296 708 eam
3353 653 3584 710 honesna

1977 742 2192 797 ratione
2219 743 2598 812 obtinuerunt,
2627 761 2691 801 ac
2724 757 2988 816 perpetuo
3028 747 3240 816 seipsos
3277 761 3384 802 non
3425 749 3586 804 modo

1977 835 2124 888 omni
2176 838 2605 905 reprehensione
2647 839 2982 908 superiores,
3019 839 3112 893 sed
3150 840 3315 895 etiam
3351 829 3589 896 admira-

1981 923 2130 980 tione
2160 925 2354 994 dignos
2381 929 2776 995 praestiterunt,
2807 929 2860 984 hi
2892 931 3137 985 onmiuin
3167 930 3327 985 laude
3357 947 3422 996 ac
3445 948 3588 1001 prte-

1981 1014 2257 1073 dicatiOne
2292 1017 2476 1073 eﬂ‘erri
2504 1029 2803 1078 merentur.
2830 1021 3071 1090 Quorum
3107 1023 3163 1078 in
3201 1039 3428 1079 numero
3462 1039 3586 1079 cum

1980 1105 2098 1172 ipse
2122 1121 2342 1178 quoque
2369 1111 2474 1175 sis,
2498 1111 2780 1167 sexcentis
2804 1112 2979 1168 oculis
3007 1113 3171 1166 vitam
3213 1123 3358 1166 tuam
3385 1129 3447 1168 ac
3470 1129 3585 1169 mo-

1980 1212 2068 1250 res
2093 1198 2492 1268 circumspice:
2526 1217 2627 1256 nec
2648 1202 2849 1273 alioqui
2879 1203 3186 1270 neglectum
3217 1205 3314 1259 abs
3357 1214 3409 1259 te
3435 1204 3588 1274 quid-

1980 1287 2129 1356 piam
2193 1297 2360 1344 tanta:
2388 1292 2576 1347 virtuti
2605 1294 2781 1348 labem
2825 1308 2890 1348 ac
2925 1294 3225 1363 perniciem
3262 1292 3476 1349 aﬂerat.

2078 1401 2556 1459 CCCLXXXVIH.
2589 1437 2660 1446 —
2683 1405 2969 1462 HIEBACI
3005 1406 3498 1464 PKESBYTERO.

1984 1489 2330 1568 De_lect_ione,
2365 1506 2553 1568 contra
2600 1498 2838 1566 gentiles.
2891 1528 2964 1538 —
3007 1499 3084 1552 De
3125 1501 3299 1568 gratia
3331 1501 3588 1557 divinitus

2053 1563 2440 1631 impiratarum
2471 1563 2965 1635 Scripturarum,“
2997 1563 3248 1626 utililate.

2054 1724 2247 1780 Divina
2277 1735 2337 1782 et
2380 1725 2629 1782 etelcstia
2668 1728 2913 1792 oracula,
2946 1729 3012 1784 iis
3051 1730 3294 1800 quidem,
3339 1733 3430 1803 qui
3470 1733 3590 1804 pul-

1981 1818 2237 1872 chrarum
2269 1833 2452 1872 rerum
2488 1819 2709 1874 fastidio
2743 1830 3019 1886 tenentur,
3043 1822 3238 1877 litterae
3267 1827 3443 1879 solum
3467 1840 3592 1882 esse

270 1912 671 1984 ὑπερκοσμίοις
714 1910 858 1984 [καὶ]
891 1912 1270 1982 φιλοθεάμοσι,
1311 1911 1578 1982 λειμῶνές
1620 1913 1756 1964 εἰσιν
1786 1911 1875 1964 εύ-

1989 1909 2275 1965 videntur:
2314 1910 2380 1964 iis
2409 1920 2618 1975 autem,
2653 1912 2743 1980 qui
2777 1927 2938 1980 supra
2979 1914 3240 1968 mundum
3267 1931 3587 1972 assurrexe-

270 2006 479 2069 ανθεῖς,
510 2005 702 2074 ὥσπερ
735 2003 795 2069 ἐξ
824 2005 1076 2074 οὐρανίου
1127 2006 1391 2076 νέκταρος
1425 2004 1685 2076 βρύοντες
1736 2005 1875 2075 ἀκηο

276 2099 465 2168 ρὰτοις
494 2096 732 2152 ἄνθεσιν.
780 2097 1105 2169 Ἐξαρκοῦσι
1160 2099 1259 2167 μὲν
1307 2098 1417 2168 γὰρ
1450 2099 1543 2152 καὶ
1573 2097 1734 2167 μόνον
1776 2099 1876 2168 ρη-

262 2191 465 2254 θέντες
498 2191 632 2260 πρὸς
666 2189 964 2260 ἔκπληξιν·
1015 2190 1340 2244 κατανοοῦσι
1389 2190 1446 2242 δὲ
1491 2189 1686 2260 σχολὴν
1723 2190 1876 2256 ἄγειν

271 2284 379 2338 οὐκ
413 2284 820 2351 ἐπιτρέπουσιν,
867 2283 1003 2336 ἀλλὰ
1035 2285 1515 2353 παρασκευάζωσι
1560 2285 1742 2337 πᾶσαν
1782 2282 1878 2352 τὴν

269 2375 468 2446 νοερὸω
498 2375 751 2445 αἴσθησιν
779 2375 1002 2446 τρέπειν
1039 2378 1114 2447 (7)
1144 2377 1224 2439 εἰς
1269 2377 1514 2438 ἑαυτοὺς,
1549 2377 1624 2437 ὡς
1656 2375 1786 2447 πρὶν
1819 2375 1879 2428 τὸ

272 2468 453 2538 παρὸν
489 2467 733 2540 ἀκριὸῶς
764 2457 1083 2534 θεάσασθαι,
1133 2470 1320 2521 ποθεῖν
1355 2469 1413 2522 τὸ
1453 2469 1580 2540 ἑξῆς
1605 2485 1616 2498 ·
1656 2471 1879 2522 κάκεῖνο

273 2561 671 2633 θεασαμένους,
713 2562 850 2632 ὅπερ
897 2563 1165 2615 ἀπέλιπον
1214 2563 1418 2632 ζητεῖν,
1477 2562 1662 2614 καὶτὸ
1694 2562 1878 2632 τρίτον

278 2655 511 2718 ἰδόντας,
550 2657 650 2708 οὐκ
685 2655 827 2725 ἔχειν
872 2655 952 2708 ὅτι
990 2654 1388 2724 θαυμάσουσιν.
1442 2655 1587 2708 Εῐσω
1639 2655 1748 2726 γὰρ
1784 2654 1878 2707 τοῦ

273 2748 603 2821 γράμματος
637 2747 1102 2818 παραπέμποντες
1132 2746 1224 2800 τὸν
1256 2747 1404 2814 νοῦν,
1439 2748 1698 2801 τοσούτου
1745 2748 1881 2818 πίμ-

274 2841 511 2892 πλανται
557 2838 858 2906 θαύματος,
893 2840 988 2891 καὶ
1033 2840 1304 2909 τοσαύτης
1337 2840 1674 2910 πληροῦνται
1723 2840 1883 2910 χάρι-

272 2950 389 2996 τος,
421 2931 562 2985 ὥστε
591 2933 760 3003 μηδὲν
791 2932 871 2984 ἔτι
906 2932 1156 3002 χωρῆσαι
1195 2933 1304 2985 τῶν
1331 2934 1589 2998 ἐπιγείων
1619 2934 1880 3003 πραγμά-

272 3043 386 3078 των
431 3026 712 3091 δύνασθαι,
753 3025 890 3096 μηδὲ
938 3024 1004 3076 ἂν
1037 3025 1217 3078 πάντα
1263 3026 1399 3095 πρὸς
1434 3027 1630 3087 αὐτοὺς
1671 3027 1880 3097 συρρέῃ

275 3119 346 3172 τὰ
384 3120 759 3190 περιμάχητα,
790 3119 959 3189 λήθης
993 3112 1068 3172 ὧν
1118 3119 1387 3188 πρότερον
1428 3113 1738 3189 ἐθαύμαζον
1789 3120 1882 3171 έκ-

276 3228 603 3281 νικησασης.

1980 2011 2132 2070 runt,
2153 2018 2215 2058 ac
2240 2004 2568 2073 Spectaculis
2588 2007 2846 2074 gaudent,
2875 2005 3112 2062 virentes
3139 2019 3192 2063 et
3219 2013 3420 2063 amoeni
3440 2024 3591 2078 sunt,

1982 2104 2240 2166 tanquam
2273 2112 2339 2151 ex
2373 2097 2585 2153 cmlesti
2614 2110 2837 2153 nectare
2867 2101 3175 2169 purissimis
3211 2101 3436 2158 lim-ibus
3467 2117 3591 2159 sca-

1983 2197 2182 2244 tentes.
2218 2187 2457 2257 Etenim,
2491 2191 2574 2246 vel
2640 2194 2989 2256 pronuntiata
3040 2196 3328 2260 duntaxat,
3371 2197 3436 2250 ad
3475 2197 3595 2251 ani-

1983 2296 2101 2336 mos
2135 2283 2499 2338 admiratione
2541 2283 2856 2353 deligendos
2915 2285 3194 2341 snlliciunt
3227 2306 3239 2341 :
3271 2289 3339 2342 iis
3385 2299 3595 2359 autem,

1983 2373 2076 2442 qui
2126 2388 2189 2427 ea
2244 2375 2596 2430 considerant
2627 2386 2682 2429 et
2713 2378 3197 2442 animadvertunt,
3241 2378 3429 2433 leriari
3486 2394 3593 2435 non

1984 2468 2308 2536 permittunt
2355 2485 2367 2522 :
2427 2483 2616 2522 verum
2661 2470 2763 2524 hoc
2806 2468 3069 2538 eﬂiciunt,
3119 2481 3176 2524 ut
3205 2486 3395 2526 Omnes
3427 2471 3596 2528 animi

1984 2576 2176 2615 sensus
2205 2562 2271 2614 ad
2303 2577 2365 2615 ea
2401 2577 2462 2616 Se
2509 2574 2834 2618 convertant
2869 2581 2884 2616 :
2914 2566 3049 2620 adeo
3076 2577 3133 2619 ut
3174 2566 3490 2635 priusquam
3521 2567 3595 2631 ld,

1984 2652 2130 2721 quod
2178 2669 2419 2722 praesens
2456 2663 2562 2719 est,
2611 2658 3020 2725 conspexerint,
3057 2657 3107 2712 id
3160 2661 3303 2727 quod
3350 2661 3600 2728 sequitur

1984 2755 2244 2812 exlietant
2288 2763 2302 2802 :
2347 2759 2399 2799 et
2427 2763 2550 2800 cum
2588 2748 2720 2802 illud
2767 2753 3168 2820 perspexerint,
3198 2751 3249 2804 id
3291 2751 3436 2820 quod
3470 2751 3598 2806 relic

1985 2839 2206 2906 querint
2234 2851 2482 2908 quanam
2515 2857 2528 2891 :
2561 2851 2616 2894 et
2644 2859 2770 2895 cum
2797 2844 2848 2896 id
2881 2845 3027 2912 quod
3062 2845 3283 2897 tertium
3315 2848 3420 2908 e‘st,
3453 2844 3600 2898 vide-

1986 2933 2118 2998 rint,
2169 2934 2312 3000 quod
2371 2933 2718 3002 potissimum
2780 2936 3122 2988 admirentur
3166 2951 3272 2989 non
3334 2936 3596 2989 habeant.

1985 3022 2130 3079 Intra
2167 3027 2314 3078 enim
2399 3027 2594 3080 litterae
2642 3027 2943 3094 penetralia
3005 3040 3245 3084 tuentem
3298 3030 3598 3094 mittentes,

1988 3125 2138 3169 tanta
2179 3115 2540 3169 admiratione
2573 3117 2888 3184 implentur,
2923 3132 2989 3172 ac
3031 3129 3178 3173 tanta
3210 3120 3384 3188 gratia
3411 3134 3602 3172 cmnu-

1985 3209 2187 3270 lantur,
2211 3204 2396 3273 utjam
2424 3218 2764 3259 terrenarum
2795 3223 2975 3261 rerum
2999 3209 3132 3261 nihil
3159 3224 3355 3275 capere
3377 3216 3600 3277 queant,

279 3322 347 3360 nc
378 3307 422 3358 si
455 3305 636 3358 omnia
665 3303 886 3374 quidem
930 3318 993 3357 ea
1039 3316 1160 3370 quae
1221 3300 1471 3355 certatim
1534 3300 1783 3355 homines
1825 3310 2109 3371 appetunt,
2187 3300 2254 3353 ad
2300 3304 2444 3369 ipsos
2525 3300 2800 3355 conﬂuant
2841 3319 2854 3355 :
2895 3303 3041 3372 quod
3111 3302 3366 3357 videlicet
3411 3317 3603 3359 earum

276 3413 487 3459 rerum,
537 3410 671 3463 quas
721 3394 871 3464 prius
946 3392 1305 3444 admiratione
1349 3393 1842 3460 prosequebantur,
1883 3387 2086 3458 oblivio
2113 3391 2308 3445 vietrix
2338 3391 2629 3445 exstiterit.

485 3504 661 3559 TﬂG’.
704 3535 775 3548 --
811 3501 1133 3556 ΔΙΟΓΕΝΕΙ
1175 3501 1670 3572 ΜΑΓΙΣΤΡΙΑΝῼ.

276 3602 386 3666 Εις
428 3599 493 3652 τὸ
542 3595 980 3667 γεγραμμένον,
1019 3613 1036 3645 ι
1105 3594 1248 3647 Ἐὰν
1285 3594 1419 3665 ἴδῃς
1451 3595 1516 3667 τὸ
1559 3593 1886 3667 ὑποζΰγιον

333 3665 458 3724 τοῦ
493 3665 861 3738 ἐχθροῡίάου
895 3667 1213 3728 πεπτωκὸς
1248 3668 1369 3718 ὑπὸ
1410 3666 1516 3717 τὸν
1556 3665 1766 3733 γόμον,
1812 3667 1885 3718 οὐ

352 3737 698 3806 «apell-:00"
741 3738 902 3791 ἀλλὰ
936 3737 1316 3804 συνετείρῃς.
1368 3754 1384 3786 ι

353 3849 466 3901 Καὶ
512 3849 568 3899 ἐν
611 3849 678 3918 τῇ
725 3845 944 3914 Παλαιᾷ
995 3842 1265 3913 Διαθήκῃ,
1304 3835 1348 3894 ὦ
1396 3841 1549 3909 σοφὲ,
1586 3842 1886 3912 ἐπειδήπερ

280 3940 393 3994 ἀπὸ
437 3937 642 4006 ταύτης
697 3936 864 4005 μόνης
905 3936 1038 4003 ἡμῖν
1074 3933 1319 4002 διαλέγῃ,
1352 3931 1451 4003 τὴν
1481 3931 1631 3983 Νέαν
1666 3933 1883 4002 παρεὶς,

279 4035 340 4085 el'
377 4034 470 4083 καὶ
508 4031 583 4101 (8)
634 4031 709 4100 μὴ
753 4027 1004 4097 φανερῶς
1042 4025 1175 4095 μηδὲ
1209 4024 1528 4099 διαρρήδην,
1567 4024 1679 4077 ἀλλ’
1711 4027 1887 4091 αἰνιγ-

283 4124 549 4197 ματωδῶς
594 4126 727 4192 ἡμῖν
797 4119 1190 4189 ἐνομοθέτησεν
1233 4121 1266 4188 ἡ
1317 4117 1648 4188 ἡμερωτάτη
1702 4117 1884 4184 φύσις,

281 4215 747 4272 καταλλάττεσθαι
785 4213 862 4283 τῷ
912 4211 1112 4282 ἐχθρῷ,
1149 4215 1406 4282 φήσασα·
1453 4228 1470 4260 ι
1525 4211 1651 4263 Ἐὰν
1685 4210 1798 4280 ἴδῃς
1829 4210 1888 4262 τὸ

285 4310 588 4377 ὑποζύγιον
609 4307 702 4361 τοῦ
737 4305 934 4377 ἐχθροῦ
970 4321 1063 4356 σου
1100 4303 1389 4365 πεπτωκὸς
1425 4303 1530 4356 ὑπὸ
1567 4303 1658 4356 τὸν
1694 4305 1884 4373 γόμον,

281 4407 346 4456 οὐ
377 4390 713 4472 παρελεύσῃ,
767 4399 904 4451 ἀλλὰ
939 4397 1263 4468 συνεγείρῃς
1320 4397 1474 4450 αὑτό.
1525 4415 1542 4445 ι
1591 4397 1655 4448 Ei
1686 4397 1742 4449 δὲ
1790 4397 1890 4449 οὐκ

283 4499 484 4566 ἐφικνῇ
512 4495 755 4547 ἀτενίσαι
788 4493 924 4564 πρὸς
958 4492 1017 4544 τὸ
1049 4490 1211 4561 βάθος
1238 4489 1329 4542 τοῦ
1360 4487 1637 4561 χρησμοῦ,
1668 4489 1780 4558 ἐγώ
1807 4506 1889 4542 σοι

286 4588 475 4642 τοῦτον
514 4584 878 4658 ἑρμηνεῦσαι,
911 4586 1005 4638 καὶ
1032 4585 1124 4637 τοῦ
1157 4584 1449 4651 νομοθέτου
1484 4583 1788 4647 ἀναπτύξαι
1829 4584 1890 4636 τὸ

286 4681 540 4752 βούλημα
596 4680 950 4749 πειράσομαι.
1009 4678 1084 4730 Ού
1131 4677 1241 4747 γὰρ
1295 4674 1390 4728 τοῦ
1443 4675 1582 4738 ζώου
1634 4676 1889 4729 τοσοῦτον

287 4772 608 4842 κηδόμενος,
642 4771 755 4824 ἀλλ’
786 4771 965 4824 αὐτῶν
994 4771 1158 4823 ἕνεκα
1186 4770 1423 4840 μάλιστα
1446 4769 1554 4821 τῶν
1585 4768 1889 4840 ἀνθρώπων

2101 3500 2526 3557 CCCLXXXIX.
2557 3531 2629 3543 —-
2660 3501 2939 3557 DIOGENI
2980 3503 3488 3564 MAGISTBIANO.

1995 3589 2060 3644 In
2097 3591 2255 3653 illud,
2313 3608 2330 3640 ι
2368 3589 2428 3645 St"
2464 3592 2971 3658 viderisjuntentunt
3000 3594 3203 3647 inimici
3232 3598 3484 3651 cecidisse
3507 3602 3603 3654 sub

2066 3677 2220 3725 onua,
2242 3678 2345 3714 non
2372 3663 2690 3730 prceteribis,
2719 3669 2807 3716 sed
2842 3666 3008 3733 erige:
3041 3666 3214 3733 ipsum
3250 3667 3318 3718 ‘°.
3364 3688 3382 3720 ι

2066 3841 2134 3895 Ει
2166 3841 2216 3894 in
2244 3837 2428 3895 Veteri
2459 3856 2675 3911 quoque
2707 3840 3079 3911 Testamento,
3110 3845 3194 3898 vir
3217 3847 3429 3901 erudite
3448 3847 3606 3919 (quo-

1997 3933 2146 3987 niam
2184 3938 2249 3986 ah
2276 3950 2341 3988 eo
2370 3939 2638 3987 duntaxat
2665 3935 2948 3990 nobiscum
2984 3939 3250 4006 disputas,
3285 3940 3435 3994 Novo
3466 3956 3605 4011 prte-

1998 4029 2361 4096 tertnisso),si
2389 4044 2494 4080 non
2519 4039 2781 4096 aperteac
2804 4029 3196 4101 disertisms
3218 4034 3486 4097 \'etl)is,at
3517 4035 3609 4086 οι..

1997 4133 2156 4174 scure
2178 4119 2394 4183 saltem,
2421 4119 2575 4171 nobis
2605 4120 3044 4174 mansuetissima
3062 4125 3145 4174 illa
3164 4135 3380 4187 natura,
3404 4132 3461 4176 ut
3482 4138 3604 4178 c'tm

1997 4209 2220 4264 inimico
2253 4211 2304 4263 in
2334 4210 2568 4279 gratiam
2612 4210 2899 4262 redeamus
2932 4212 3288 4280 praescripsit,
3316 4213 3401 4266 his
3424 4213 3609 4267 verbis

1997 4312 2196 4355 utens:
2227 4318 2244 4351 ι
2289 4301 2348 4354 Si
2392 4302 2592 4355 videris
2637 4299 2946 4368 jumentum
2985 4302 3228 4355 inimici
3278 4303 3354 4356 tui
3419 4305 3606 4373 prola-

2005 4411 2162 4465 psum
2229 4393 2284 4448 in
2327 4393 2565 4459 foveam,
2605 4410 2714 4447 non
2783 4395 3178 4463 pertransibis,
3252 4399 3346 4450 sed
3427 4403 3610 4466 eriges

2002 4489 2178 4559 ipsum
2214 4488 2280 4540 ⁵¹.
2321 4506 2340 4539 ›
2378 4487 2533 4553 Quod
2568 4491 2612 4539 si
2651 4497 2703 4539 tu
2738 4487 2788 4539 in
2823 4488 3053 4556 hujusce
3085 4489 3292 4543 oraculi
3332 4495 3612 4560 penetrale

1999 4580 2280 4636 oculorum
2311 4580 2481 4632 aciem
2518 4579 2801 4633 intendere
2829 4583 3043 4648 "cquis,
3093 4595 3192 4650 ego
3234 4584 3327 4636 tibi
3363 4583 3492 4636 illud
3527 4585 3612 4638 in-

2000 4673 2317 4741 terprctari,
2354 4686 2419 4725 ac
2481 4671 2813 4740 legislatoris
2863 4684 3098 4728 mentem
3136 4676 3411 4743 explicare
3445 4691 3611 4730 cona-

1999 4765 2123 4820 bor.
2153 4763 2271 4819 Non
2297 4765 2443 4817 enim
2477 4767 2621 4832 quod
2664 4767 2963 4818 animantis
3003 4781 3134 4818 cura
3167 4776 3452 4837 tantopere
3488 4777 3611 4822 lan-

285 4865 434 4918 τοῦτ’
486 4864 794 4917 ἐθέσπισεν.
837 4863 894 4916 '0
941 4863 1053 4933 γὰρ
1104 4862 1297 4932 ἐχθρὸς
1355 4861 1648 4931 ἐρχόμενος
1702 4863 1780 4919 εἰς
1830 4861 1883 4912 τὲ

2003 4873 2242 4933 geretur,
2287 4859 2384 4914 sed
2441 4863 2680 4928 ipsorum
2748 4860 3052 4929 praesertim
3105 4861 3386 4915 hominum
3441 4878 3610 4917 causa

291 4959 603 5027 συνεγεῖραι
635 4959 692 5008 τὸ
745 4957 1032 5017 πεπτωκὸς
1061 4954 1222 5022 ζῶον,
1272 4956 1491 5016 πάντως
1523 4955 1777 5024 ὁμιλήσει
1825 4953 1893 5024 τῷ

287 5046 493 5117 ἐχθρῷ,
521 5047 616 5098 καὶ
645 5045 812 5111 λέξει,
840 5045 1051 5098 ἐκεῖθεν
1081 5048 1144 5097 σὺ
1174 5046 1408 5114 ἓγειρον,
1439 5043 1595 5112 κὰγῲ
1619 5044 1888 5099 ἐντεῦθεν.

301 5140 521 5208 ὐμιλία
563 5138 620 5192 δὲ
649 5139 935 5209 προοίμιόν
971 5141 1087 5191 ἐστι
1117 5138 1492 5207 καταλλαγῆς,
1525 5138 1622 5189 καὶ
1655 5137 1772 5200 ὁδὸς
1799 5139 1894 5191 ἐπὶ

289 5234 475 5303 φιλίαν
533 5233 766 5301 ἄγουσα.
827 5234 967 5304 Τρία
1031 5234 1213 5285 τοίνυν
1269 5233 1531 5285 κάλλιστα
1591 5233 1894 5286 ἐσπούδασε

2004 4955 2144 5006 hanc
2168 4953 2337 5021 legem
2377 4952 2519 5004 tulit.
2547 4952 2686 5004 Nam
2723 4952 3002 5020 inimicus,
3039 4957 3104 5008 ad
3149 4954 3460 5024 prolapsum
3487 4961 3609 5010 aui-

2005 5046 2112 5098 mal
2163 5044 2480 5113 erigendum
2531 5045 2822 5109 accedens,
2877 5044 3156 5099 iuimicutn
3202 5050 3428 5102 omnino
3471 5049 3610 5103 allo-

2004 5151 2229 5209 quetur,
2298 5154 2363 5194 ac
2419 5138 2564 5192 dicet
2622 5151 2639 5191 :
2707 5135 2785 5189 Tu
2861 5141 3023 5194 istinc
3079 5141 3250 5208 erige,
3294 5156 3394 5209 ego
3461 5143 3611 5197 hinc.

2008 5232 2354 5300 Colloquium
2402 5245 2568 5300 porro
2622 5229 3090 5285 reconciliationis
3134 5231 3456 5300 prmludium
3504 5245 3611 5297 est,

294 5326 710 5396 κατορθωθῆναι
757 5327 788 5395 ἡ
840 5326 958 5379 θεία
1023 5312 1370 5395 γαληνότης,
1421 5325 1478 5378 ἓν
1533 5324 1654 5395 μὲν,
1715 5323 1776 5377 τὸ
1827 5325 1883 5396 μί

2012 5339 2076 5378 ac
2132 5326 2221 5378 via
2275 5326 2346 5403 pd
2382 5324 2680 5379 amicitiam
2735 5325 2963 5381 ducens.
3007 5325 3372 5392 Quamobrem
3415 5326 3613 5381 divina:

351 5484 398 5517 ⁸⁸
425 5484 596 5541 Exod.
629 5500 782 5550 χχιιι,
818 5483 946 5548 4,5.

1473 5593 1708 5650 VARIAE
1735 5593 2121 5651 LECTIONES
2151 5593 2238 5647 ET
2266 5592 2494 5651 NOTAE.

334 5755 579 5846 ‘(6)nEd.
610 5755 810 5819 Paris.,
837 5759 894 5809 ὲν
922 5754 1184 5827 ἀρίστοις.
1218 5753 1446 5808 Emend.
1475 5764 1544 5804 ex
1565 5750 1687 5806 eod.
1717 5747 1890 5805 Vatic.

293 5829 614 5968 ϐῧῗῖξὲθθί
643 5896 819 5957 Vatic.
863 5897 967 5954 650
1000 5897 1190 5954 scribit
1217 5896 1451 5970 πρέπειν
1486 5904 1540 5952 et
1575 5905 1721 5952 vers.
1755 5856 1890 5962 [itm-

2006 5749 2217 5822 ultiimoi
2240 5758 2370 5822 post
2389 5751 2749 5822 περιμάχητα
2781 5751 2932 5806 addit
2957 5752 3095 5807 ἀλλὰ
3128 5754 3242 5806 καί.
3281 5752 3503 5807 Pensm.

2076 5821 2161 5893 (8)
2198 5821 2302 5876 Pro
2330 5821 2375 5873 εἰ
2403 5822 2520 5885 καί,
2558 5821 2678 5877 cod.
2717 5821 2840 5877 Vat.
2873 5823 2977 5878 65-0
3013 5825 3114 5895 leg.
3154 5827 3278 5880 κάν.
3310 5825 3387 5877 In.
