4164 6472
216 405 384 482 1033
1063 419 1544 481 EPISTOLARU.

539 524 698 582 TLF'.
738 553 806 566 -—
839 522 1170 598 ΑΡΙΙΟΚΡᾼ
1210 522 1544 600 ΣΟΦΙΣΤῌἍ

304 661 376 716 Ol
416 662 516 726 τὰς
539 661 648 716 τῶν
674 659 848 730 λόγων
896 662 1154 732 δυνάμεις
1187 663 1708 736 ἀποδοκιμάζοντες,
1763 664 1827 736 οὐ

213 751 566 807 λανθάνουσι
603 751 664 805 τὸ
696 753 796 822 τῆς
829 753 1036 816 οἰκείας
1066 753 1293 821 ἀλογίας
1327 754 1530 819 ὄνειδος
1572 757 1667 810 ἐπὶ
1684 755 1828 810 Arati-

216 862 338 908 τας
369 843 706 916 μεταφέρειν
719 845 1052 914 τολμῶντες.
1080 846 1144 899 Oi
1166 846 1221 899 δὲ
1255 847 1460 912 ταύτας
1483 848 1826 919 ἀποδεχόμε-

213 953 316 990 νοι
353 935 473 1006 μὲν,
503 937 632 989 ὅταν
652 937 718 1008 τῇ
748 935 977 1006 ἀληθεία
1000 938 1474 1006 συναγωνίζοιντο,
1503 942 1828 1007 κακίζοντες

209 1026 283 1079 δὲ
319 1028 450 1081 ὅταν
484 1029 550 1098 τῇ
599 1026 771 1097 κακίᾳ
803 1028 1209 1098 συμπράττοιεν
1230 1046 1243 1062 ·
1273 1022 1420 1084 οὗτοι
1457 1035 1552 1086 καὶ
1596 1033 1696 1104 τὴν
1726 1035 1826 1106 τῆς

213 1119 661 1191 ἀνθρωπότητος
691 1118 977 1186 εὐγένειαν
1010 1120 1211 1187 ἴσασιν,
1237 1121 1318 1174 ὅτι
1337 1117 1482 1194 λόγῳ
1501 1126 1822 1196 τετίμηται,

212 1205 460 1280 καὶ’τὴν
488 1209 590 1278 τῆς
621 1208 960 1279 κακουργίας
995 1209 1103 1263 τῶν
1145 1211 1248 1264 οὐκ
1278 1211 1456 1283 ὀρθῶς
1490 1217 1602 1277 τοῖς
1642 1215 1826 1284 λόγοις

211 1301 536 1372 χρωμένων
561 1299 662 1354 οὐκ
694 1299 950 1367 ἀγνοοῦσι
987 1301 1307 1373 σκαιότητα.

445 1502 609 1572 Tw.
649 1534 713 1546 --
741 1499 1049 1574 ΔΩΡΟΘΕῼ
1087 1503 1586 1576 ΛΑΜΠΡΟΤΑΤῼ.

307 1641 592 1696 ’Δπιστετν
625 1641 724 1712 μέν
752 1657 833 1694 σοι
865 1641 965 1694 οὐκ
1001 1639 1110 1710 ἔχω
1130 1657 1142 1671 ·
1178 1641 1434 1712 παραινῶ
1466 1641 1524 1696 δὲ
1552 1642 1629 1715 μὴ
1654 1661 1821 1698 σκαν-

206 1733 566 1800 ’δαλίζεσθαι,
604 1733 719 1787 ἀλλ’
759 1732 1055 1802 ἀναμένειν
1110 1732 1209 1804 τὴν
1259 1734 1562 1789 ἀδέκαστον
1613 1736 1818 1807 κρίσιν.

214 1825 338 1878 Καὶ
367 1823 480 1894 γὰρ
524 1822 860 1894 παραινέσας
905 1822 1157 1892 τοιαῦτα,
1189 1825 1286 1878 καὶ
1318 1826 1477 1880 ἄλλον
1525 1827 1696 1898 ἄνδρα
1733 1841 1824 1897 μσ-

1063 419 1596 481 EPISTOLARUM
1631 419 1780 482 LIB.
1821 418 1936 482 ΙΙΙ.
1980 444 2049 459 --
2084 419 2324 482 EPIST.
2363 421 2694 486 CCCXCIV.

1859 535 1908 590 Α
2099 525 2413 584 CCCXClll.
2431 559 2502 571 -—-
2517 527 2921 589 HARPOCR/E
2974 530 3364 591 SOPHISTE.

3396 425 3534 494 1034

2005 662 2106 730 Qui
2132 664 2403 720 sermonis
2436 664 2748 723 facultatem
2802 667 3137 738 improbant,
3166 685 3276 726 non
3308 681 3393 728 est
3429 676 3532 729 ob-

1931 767 2150 808 scurum
2177 753 2308 823 quin
2369 755 2601 811 inscitiae
2646 772 2762 813 suae
2811 758 3142 814 acinfantiae
3171 764 3433 831 probrum
3473 763 3527 818 in

1928 859 2049 898 cam
2099 843 2352 902 derivare
2395 847 2658 904 audeant.
2708 848 2814 914 Qui
2863 860 3045 906 autem
3104 866 3226 906 eam
3271 854 3528 924 probant,

1928 951 2052 990 cum
2090 935 2339 992 veritatis
2390 939 2764 1008 patrocinium
2796 941 3046 1010 suscipit,
3085 943 3400 1014 vituperant
3427 961 3531 1002 au-

1929 1034 2058 1092 tem,
2090 1043 2216 1082 cum
2274 1028 2610 1099 improbitati
2675 1045 2898 1101 operam
2950 1042 3135 1099 navat,
3173 1035 3231 1091 bi
3272 1036 3527 1092 nimirum

1926 1126 1981 1173 et
2019 1120 2273 1175 humanae
2331 1127 2544 1176 natura:
2592 1121 2962 1191 nobilitatem,
2998 1134 3057 1180 ut
3110 1143 3231 1197 qua:
3270 1143 3529 1186 sermone

1927 1210 2128 1265 donata
2154 1210 2247 1277 sit,
2277 1212 2554 1282 cognitam
2611 1223 2776 1286 atque
2838 1226 3183 1288 perspectam
3216 1221 3445 1289 habent,
3477 1231 3536 1279 et.

1927 1301 2281 1372 malignitatis
2307 1319 2497 1360 eorum
2532 1307 2625 1376 qui
2658 1310 3009 1366 sermonibus
3042 1327 3149 1366 non
3184 1322 3334 1370 recte
3363 1324 3535 1371 utun-

1930 1401 2034 1456 tur,
2064 1393 2456 1450 absurditatem
2494 1396 2921 1470 haudquaquam
2959 1401 3238 1472 ignorant.

2067 1518 2871 1585 CCCXCIV.—-DOROTHEO
2929 1531 3383 1594 CLARISSIMO.

2001 1656 2188 1714 Fidem
2245 1661 2499 1731 equidem
2559 1664 2656 1721 tibi
2709 1667 2978 1736 abrogare
3035 1683 3286 1741 nequeo,
3335 1686 3528 1730 verum

1927 1750 2056 1806 illud
2092 1760 2143 1808 te
2178 1767 2394 1821 moneo,
2427 1764 2487 1810 ut
2517 1771 2584 1812 ne
2629 1756 2949 1828 oﬂ'endaris,
2994 1763 3092 1818 sed
3138 1763 3528 1836 incorruptum

1921 1842 2185 1911 judicium
2253 1856 2561 1916 exspectes.
2626 1849 2762 1906 Nam
2815 1854 2982 1909 etiam
3055 1869 3158 1927 per
3212 1856 3527 1927 bujusmodi

220 1915 537 1986 σοπόνηρον
577 1914 886 1981 ἁνέστειλα,
928 1915 1106 1969 ταὺτά
1151 1932 1232 1970 σοι
1265 1919 1554 1987 φράσαντα
1582 1919 1676 1972 καὶ
1718 1935 1821 1971 κα-

1925 1935 2354 1992 admonitionem
2382 1940 2549 1996 alium
2583 1944 2878 2011 quemdam
2901 1945 3078 2001 virum
3141 1949 3525 2019 improborum

213 2006 748 2080 ταρρητορεύσαντα
779 2006 974 2077 αὐτὴν,
1009 2007 1102 2061 καὶ
1123 2009 1379 2079 φήσαντα
1404 2024 1418 2041 ο
1448 2010 1512 2064 Ol
1547 2010 1645 2082 μὲν
1678 2011 1817 2065 ἁπό-

220 2098 434 2164 υτολοι,
471 2097 567 2151 ἅτε
589 2097 668 2169 τῷ
693 2097 824 2168 θείῳ
855 2097 1136 2169 Πνεύματι
1159 2102 1563 2172 σεσοφισμένοι,
1599 2103 1696 2157 καὶ
1719 2104 1818 2169 τὴν

230 2189 590 2260 Ἐκκλησίαν,
632 2188 708 2252 ὡς
737 2188 1066 2261 δεσποτικὴν
1105 2191 1326 2265 νύμφην
1359 2192 1503 2247 οὕτω
1525 2194 1819 2267 διεκόσμη-

216 2290 348 2346 σαν,
382 2281 461 2344 ὡς
490 2281 629 2352 μήτε
667 2279 776 2333 τῶν
815 2281 1077 2353 χειρόνων
1117 2283 1256 2354 αὐτῇ
1299 2285 1467 2356 μηδὲν
1498 2286 1813 2358 διενοχλεῖν,

217 2375 351 2446 μήτ’
388 2370 530 2428 εἷναί
550 2391 605 2427 τι
639 2373 880 2438 κάλλιον,
915 2373 940 2426 ὃ
972 2374 1076 2446 χρὴ
1101 2373 1179 2444 τῷ
1205 2376 1397 2447 θεσμῷ
1419 2379 1814 2451 προστεθῆναι.

215 2464 383 2528 Τινὲς
426 2464 485 2517 δὲ
530 2463 640 2518 τῶν
687 2461 784 2517 νῦν
824 2462 916 2518 τὸν
964 2464 1346 2522 διδασκαλικὸν
1392 2468 1494 2522 οὐκ
1538 2465 1636 2523 οἷδ’
1667 2473 1816 2536 ὅπως

218 2555 761 2625 ὲμπεπιστευμένων
803 2554 1016 2626 θρόνον,
1039 2557 1282 2627 τολμῶσι
1310 2559 1675 2632 νεωτερίζειν,
1720 2565 1814 2618 καὶ

219 2643 318 2697 τὸν
351 2643 484 2716 παρ’
504 2642 730 2696 ἐκείνων
747 2642 992 2714 κοσμίως
1016 2645 1112 2699 καὶ
1138 2648 1377 2713 εὐσεϐῶς
1409 2648 1814 2722 θεμελιωθέντα

219 2733 429 2805 Θεσμὸν
459 2734 854 2804 ἀτιμάσαντες,
888 2736 959 2790 τὰ
984 2739 1162 2792 οίκεῖα
1216 2742 1593 2814 προκρίνουσι,
1627 2745 1722 2799 τὸν
1753 2744 1815 2812 ἐξ

215 2823 399 2894 ἀρχῆς
427 2824 632 2894 κόσμον
657 2825 1007 2899 ἀτιμότερον,
1032 2828 1103 2882 δι’
1131 2822 1207 2884 ὧν
1241 2832 1455 2887 ποιοῦσι
1471 2834 1809 2907 νομίζοντες.

220 2918 343 2970 Ἵνα
360 2915 470 2988 γὰρ
489 2916 558 2972 τὰ
588 2916 724 2972 ἄλλα
749 2919 932 2990 παρῶ,
958 2919 1017 2974 ἓν
1046 2922 1126 2984 είς
1149 2922 1178 2975 ὃ
1209 2923 1390 2978 πάντα
1436 2927 1604 2981 τείνει
1635 2927 1808 2995 “Eur

217 3007 416 3078 txsivtp
457 3008 564 3079 γὰρ
607 3009 718 3079 (15)
750 3009 830 3079 τῷ
852 3011 1134 3082 χρήμασιν
1156 3013 1473 3083 ὠνήσασθαι
1503 3020 1811 3093 προσδοκή-

219 3117 376 3154 σαντι
405 3100 504 3171 τὴν
530 3100 899 3173 ἀποστολικὴν
925 3102 1103 3169 ἀξίαν,
1131 3105 1552 3179 ὲπιπληξάντων
1584 3115 1680 3166 καὶ
1705 3128 1811 3184 φη-

220 3193 458 3258 σάντων,
491 3211 510 3244 ‹
535 3191 607 3245 Τὸ
626 3191 891 3264 ἀργύριόν
922 3211 1017 3248 σου
1051 3197 1147 3251 σὺν
1176 3200 1258 3251 σοὶ
1280 3200 1365 3271 εἴη
1390 3200 1472 3266 είς
1505 3202 1805 3272 ἀπώλειαν,

1924 2025 2048 2080 odio
2075 2024 2414 2098 flagrantem,
2443 2032 2700 2102 repressi,
2725 2034 2820 2104 qui
2849 2035 3060 2100 eadem,
3095 2053 3215 2108 qua
3248 2049 3302 2094 tu
3335 2040 3527 2110 loque-

1925 2117 2106 2182 batur,
2141 2129 2307 2188 atque
2346 2123 2613 2180 adversus
2671 2123 2804 2180 illud
2835 2126 3200 2196 declamabat,
3231 2133 3527 2204 verbisque

1924 2208 2239 2278 hujusmodi
2309 2215 2621 2270 utebatur:
2661 2219 2891 2287 apostoli
2962 2221 3203 2292 quidem,
3269 2234 3457 2296 utpme
3495 2241 3526 2281 a

1920 2302 2108 2357 divino
2154 2304 2361 2374 Spiritu
2397 2309 2680 2378 sapienter
2723 2313 3010 2380 instructi,
3047 2312 3348 2373 Ecclesiam
3381 2333 3525 2388 quo-

1919 2409 2026 2464 que
2059 2407 2117 2451 ut
2140 2397 2352 2454 Domini
2384 2403 2742 2471 sponsam-ita
2764 2417 3132 2476 exornarunt,
3159 2419 3218 2465 ut
3249 2427 3353 2468 nec
3386 2413 3524 2468 mali

1918 2487 2215 2559 quidquam
2244 2489 2347 2560 ipsi
2383 2493 2715 2552 molestiam
2748 2498 3057 2567 exhiberet,
3087 2514 3190 2558 nec
3218 2504 3518 2574 quidquam

1920 2577 2112 2633 melius
2144 2591 2311 2649 esset,
2346 2585 2490 2653 quod
2524 2585 2592 2640 ad
2633 2587 2805 2656 ipsius
2831 2601 3086 2647 ornatum
3124 2594 3341 2667 adjungi
3394 2611 3523 2667 pos-

1924 2675 2028 2719 set.
2072 2668 2143 2721 At
2171 2671 2418 2726 nonnulli
2449 2688 2518 2729 ex
2568 2675 2678 2743 his,
2706 2679 2905 2748 quibus
2935 2697 3081 2738 nunc
3128 2686 3430 2756 magisterii
3456 2701 3524 2743 ac

1917 2757 2186 2817 doctrinae
2249 2763 2481 2822 thronus
2526 2767 2673 2824 haud
2711 2771 2827 2826 scio
2878 2787 3118 2842 quonam
3153 2789 3313 2847 pacto
3372 2795 3526 2836 com-

1916 2849 2119 2907 missus
2155 2862 2257 2919 est,
2287 2870 2377 2911 res
2422 2873 2593 2916 novas
2645 2861 2827 2917 moliri
2875 2865 3097 2931 audent,
3133 2883 3198 2923 ac
3221 2869 3393 2941 legem
3420 2873 3521 2927 bo-

1916 2951 2071 2997 neste
2095 2942 2292 3014 pieque
2319 2947 2388 3003 ab
2422 2947 2530 3005 illis
2567 2949 2851 3008 fundatam
2879 2971 2978 3026 pro
3019 2956 3189 3016 nihilo
3230 2962 3517 3032 ducentes,

1914 3048 2012 3089 sua
2057 3035 2370 3106 proferunt,
2429 3050 2670 3100 veterem
2727 3046 2942 3104 scilicet
2995 3060 3270 3120 ornatum,
3301 3069 3401 3125 per
3450 3073 3518 3113 ea

1915 3138 2034 3196 quae
2086 3137 2272 3197 agunt,
2328 3131 2575 3189 viliorem
2652 3146 2819 3208 atque
2870 3147 3332 3214 contemptiorem
3395 3164 3521 3208 esse

1901 3215 2238 3286 iudicantes.
2280 3221 2350 3277 Et
2418 3235 2477 3281 ιιι
2531 3228 2636 3283 alia
2695 3234 2947 3303 exempla
3003 3239 3281 3304 omittam.
3349 3258 3518 3298 unum

217 3284 302 3336 ὅτι
347 3283 446 3354 τὴν
484 3282 696 3353 δωρεὰν
733 3282 830 3336 τοῦ
874 3282 1011 3338 Θεοῦ
1045 3285 1306 3357 ἐνόμισας
1358 3289 1446 3344 διὰ
1506 3293 1808 3364 χρημάτων

1916 3282 1927 3286 _
2589 3282 2634 3283 μ
2709 3282 2947 3303 -__-_--,__
3007 3282 3281 3304 -......_....
3350 3282 3516 3298 .........

1916 3314 2361 3370 commemorabo
2423 3317 2567 3386 quod
2631 3323 2815 3377 omnia
2893 3328 3330 3396 comprehendit.
3377 3329 3516 3386 Nam

219 3372 474 3441 κτᾶσθαι,
505 3374 605 3427 οὐκ
637 3373 756 3428 ἐστι
783 3392 864 3428 σοι
892 3376 1050 3447 μερὶς
1083 3378 1207 3432 οὔτε
1233 3381 1437 3454 κλῆρος
1466 3384 1525 3435 ὲν
1549 3385 1628 3455 τῷ
1662 3385 1806 3457 λόγῳ

217 3465 430 3535 τούτῳο
476 3483 491 3516 ι
528 3460 673 3519 οὗτοι
695 3465 904 3530 τούτοις
938 3469 1173 3538 μάλιστα
1212 3473 1324 3535 τοῖς
1375 3474 1677 3546 ἱερωσύνην
1720 3478 1808 3529 ὲν-

222 3539 517 3626 ιχείρισαν,
543 3559 658 3620 τοῖς
677 3556 868 3630 ῶσπερ
891 3559 948 3626 ἐξ
975 3560 1182 3633 ἀγορᾶς
1204 3565 1374 3635 αὐτὴν
1397 3539 1800 3639 ὧνησαμένοις.

219 3649 332 3703 Καὶ
360 3649 419 3701 οὺ
454 3647 612 3702 τοῦτό
637 3667 722 3701 πω
746 3649 940 3714 δεινὸν,
969 3652 1171 3724 καίπερ
1200 3655 1259 3708 ὃν
1282 3657 1455 3710 δεινόν
1476 3674 1489 3687 ο
1525 3659 1664 3712 ἀλλὰ
1705 3661 1802 3714 καὶ

225 3741 407 3812 μεῖζον
443 3741 736 3811 φρονοῦσιν
761 3743 854 3795 ἐπὶ
892 3743 1127 3817 τούτῳῆ
1161 3748 1339 3819 ἕτεροι
1374 3751 1466 3802 ἐπὶ
1505 3753 1805 3823 καλοκάγα-

224 3832 314 3903 θίᾳ
334 3833 430 3886 καὶ
461 3831 840 3904 ἁκτημοσύνῃ.
877 3835 989 3887 Καὶ
1021 3837 1151 3890 ὅταν
1182 3839 1279 3908 μὲν
1301 3839 1494 3905 δόξωσι
1530 3844 1682 3914 παρά
1718 3862 1804 3898 τιε-

222 3940 326 3977 νων
386 3921 782 3993 λοιδορεῖσθαι,
837 3924 1000 3989 εὐθὺς
1052 3926 1113 3980 τὸ
1164 3930 1520 3986 ἀποστολικὺν
1581 3935 1803 4006 ἀξίωμα

223 4012 592 4082 προφέρουσιν
625 4011 708 4083 (οὗ
736 4013 845 4084 γὰρ
869 4016 1036 4084 ἡμᾶς,
1070 4019 1255 4085 φασιν,
1283 4021 1421 4074 ἀλλὰ
1452 4023 1550 4095 τὴν
1581 4028 1802 4081 ἐπισκοο

218 4101 324 4172 πὴν
353 4099 602 4171 ὓὸρισαν)
635 4115 647 4130 ⁸
684 4101 811 4156 ὅταν
849 4102 907 4155 δὲ
933 4104 1029 4178 δέῃ
1067 4123 1120 4159 τι
1164 4109 1371 4178 πρᾶξαι
1399 4112 1508 4165 τῶν
1546 4115 1798 4185 δεόντων,

218 4194 313 4249 οὐκ
341 4193 422 4247 ἔτι
449 4192 605 4247 τοῦτο
641 4197 1030 4267 προφέρουσιν,
1057 4199 1132 4263 ὡς
1158 4201 1277 4265 ἐξὸν
1311 4204 1498 4268 αὐτοῖς
1531 4211 1797 4278 τιμᾶσθαι

221 4286 313 4357 μὲν
346 4286 420 4351 ὠς
453 4287 804 4353 ἀποστόλους,
836 4289 912 4359 μὴ
951 4290 1211 4360 πράττειν
1241 4294 1295 4347 δὲ
1323 4295 1400 4360 ὼς
1435 4299 1792 4368 ἀποστόλους.

221 4378 425 4447 Ὥσπερ
450 4379 630 4432 τοίνυν
652 4381 860 4442 ἐκεῖνος
891 4381 1137 4446 πεισθεὶς
1168 4388 1235 4454 τῇ
1254 4387 1501 4460 ἡμετέρᾳ
1532 4390 1796 4463 παραινέ-

221 4485 318 4532 σει,
354 4470 450 4524 καὶ
494 4470 737 4535 ἀκούσας
770 4472 852 4525 ὃτι
883 4473 1234 4530 ἀτοπώτατόν
1291 4481 1407 4534 ἐστι
1466 4483 1535 4537 τὰ
1584 4487 1794 4542 ἑαυτῶν

219 4559 485 4632 παρέντας
536 4562 702 4629 κακὰ,
773 4563 840 4617 τὰ
904 4565 1014 4620 τῶν
1076 4565 1252 4622 ἄλλων
1308 4577 1792 4650 περιεργάζεσθαι,

218 4652 420 4723 ἀπῆλθε
447 4654 663 4725 χαλινὸν
690 4654 946 4727 ὲμόαλὼν
974 4662 1039 4730 τῇ
1080 4661 1273 4717 ἑαυτοῦ
1311 4665 1549 4740 γλώττῃ,
1581 4672 1675 4726 καὶ
1709 4691 1792 4727 σι-
1825 4658 1871 4713 D

219 4745 312 4816 τὴν
327 4745 524 4800 ἑαυτοῦ
546 4749 1072 4822 καταψηφισάμενος
1099 4769 1112 4782 ·
1134 4753 1278 4810 οὕτω
1299 4759 1396 4813 καὶ
1419 4762 1482 4815 σὺ
1510 4765 1784 4837 πείσθητι,

222 5127 278 5171 ac
303 5118 478 5188 seipse
498 5121 716 5178 silentio
767 5125 997 5183 multato
1053 5131 1188 5187 abiit
1217 5152 1231 5188 :
1263 5135 1453 5193 eodem
1510 5141 1673 5199 modo
1721 5153 1776 5199 tu
1818 5162 1886 5216 qu

210 5213 433 5286 jusmodi
459 5220 946 5286 perscrutationem
983 5240 1259 5286 converte.

271 5409 312 5443 "
339 5410 456 5469 Act.
478 5429 598 5480 vm,
628 5415 718 5472 20.

1917 3417 2041 3458 cum
2072 3403 2162 3460 ille
2206 3409 2298 3477 qui
2355 3411 2713 3480 apostolicam
2765 3417 3090 3486 dignitatem
3147 3425 3376 3491 pecunia
3401 3439 3519 3481 em-

1915 3503 2132 3565 pturum
2164 3514 2225 3554 se
2263 3515 2610 3572 speraverat,
2663 3509 2987 3582 objurgatus
3023 3515 3186 3570 fuerit
3222 3533 3287 3573 ac
3318 3521 3509 3577 audie-

1916 3589 2009 3656 rit,
2048 3611 2066 3645 ‹
2108 3591 2344 3650 PeCunia
2376 3605 2467 3652 tua
2496 3607 2677 3656 tecum
2734 3603 2808 3657 sit
2863 3604 2916 3660 in
2952 3609 3338 3679 perditionem,
3375 3630 3514 3684 quo-

1914 3681 2060 3738 niam
2119 3684 2320 3740 donum
2375 3687 2471 3744 Dei
2517 3693 2845 3752 existimasti
2907 3700 3141 3768 pecunia
3196 3706 3507 3773 possideri-

1915 3787 2022 3827 non
2074 3782 2158 3829 est
2215 3777 2312 3832 tibi
2349 3793 2476 3848 pars
2534 3798 2638 3839 nec
2687 3801 2810 3844 sors
2841 3788 2895 3844 in
2932 3791 3037 3847 hoc
3082 3807 3342 3853 sermone
3372 3799 3454 3855 ηε
3485 3820 3505 3853 ι

1910 3855 1999 3913 isti
2026 3868 2214 3917 contra
2246 3869 2543 3926 sacerdotii
2574 3887 2771 3931 munus
2791 3877 2859 3933 iis
2877 3883 3183 3949 praesertim
3213 3889 3509 3946 commise-

1913 3959 2059 4017 runt,
2100 3954 2195 4023 qui
2257 3965 2517 4029 tanquam
2570 3964 2624 4019 in
2685 3965 2806 4023 [οτο
2863 3971 3040 4040 ipsum
3093 3988 3369 4036 emerunt.
3395 3980 3508 4039 Nec

1912 4054 2042 4098 vero
2073 4045 2178 4102 hoc
2204 4049 2385 4107 adhuc
2419 4068 2586 4122 grave
2639 4069 2743 4126 est,
2775 4066 3026 4128 quamvis
3069 4068 3272 4140 alioqui
3310 4087 3501 4143 grave,

1910 4146 2098 4190 verum
2132 4138 2296 4195 etiam
2346 4142 2450 4200 hoc
2489 4150 2713 4206 nomine
2764 4155 2936 4225 magis
2978 4138 3299 4232 efferuntur,
3327 4181 3491 4234 quam

1912 4224 2007 4280 alii
2064 4228 2132 4284 ob
2179 4233 2514 4301 probitatem
2559 4255 2624 4298 ac
2675 4224 3038 4306 voluntariam
3099 4224 3503 4325 paupertatem.

1905 4317 2082 4387 Atque
2111 4336 2235 4377 cum
2262 4340 2291 4379 a
2326 4329 2654 4396 quibusdam
2703 4340 2971 4397 conviciis
3002 4317 3190 4414 impeti
3211 4317 3500 4423 uidentur,

1904 4410 2088 4466 statim
2122 4417 2473 4484 apostolicam
2509 4424 2835 4494 dignitatem
2869 4410 3158 4503 proferunt
3181 4439 3321 4512 (non
3352 4410 3502 4503 enim

1905 4516 2024 4569 nos,
2058 4505 2329 4579 inquiunt,
2374 4514 2471 4570 sed
2501 4519 2874 4590 episcopatum
2923 4505 3253 4589 contumelia
3292 4537 3496 4598 affece-

1905 4597 2087 4667 runt),
2120 4613 2244 4654 cum
2277 4613 2461 4660 autem
2489 4609 2698 4680 aliquid
2742 4629 2956 4688 eorum,
2985 4635 3106 4690 quae
3137 4623 3296 4682 olIicii
3349 4643 3493 4699 sunt,

1903 4687 2172 4754 agendum
2206 4701 2312 4761 est,
2343 4708 2452 4751 non
2488 4700 2724 4771 amplius
2767 4708 2872 4762 hoc
2921 4687 3228 4781 proferunt,
3270 4687 3499 4788 perinde

1901 4785 2065 4847 atque
2097 4783 2200 4838 hoc
2261 4785 2392 4856 ipsis
2435 4788 2623 4858 liceat,
2652 4793 2846 4852 honori
2896 4799 3084 4860 haberi
3116 4814 3174 4861 ut
3237 4783 3493 4885 apostoli,

1900 4885 2003 4925 non
2033 4883 2214 4930 autem
2248 4877 2428 4937 facere
2452 4891 2512 4938 ut
2545 4889 2794 4956 apostoli.
2833 4877 3304 4959 Quemadmodum
3329 4877 3498 4975 igitur

1903 4962 2017 5028 ille,
2073 4981 2201 5021 cum
2260 4973 2492 5030 consilio
2543 4988 2732 5036 nostro
2809 4988 3105 5059 paruisset,
3138 5001 3304 5065 atque
3349 4962 3492 5057 illud

1312 5584 1542 5649 νΑιιιιΕ
1576 5595 1966 5661 LEC'l‘lONES
1999 5607 2089 5664 ΕΤ
2130 5609 2373 5670 ΝΟΤιΕ.

293 5732 398 5802 (15)
449 5733 599 5802 Qum-
624 5748 716 5802 seq

215 5745 921 5858 “ﬁmﬁgoumgaerquuntur
975 5751 1096 5808 post
1155 5745 1239 5800 ἵνα
1296 5751 1424 5822 γὰρ,
1463 5762 1730 5827 usquead
1784 5764 1835 5816 ὲ).

1916 5784 1978 5840 np
2010 5770 2137 5841 γάρ,
2169 5775 2455 5832 omittebat
2512 5780 2596 5836 ed.
2655 5781 2833 5839 Paris.
2891 5786 3179 5843 Adduntur
3239 5804 3299 5845 ex
3352 5793 3472 5848 cod.

509 5918 784 5980 Ρηιιοι.
831 5922 946 5984 Gn.
1010 5925 1332 5997 LXXVIII.

3037 5967 3113 6024 33
