4164 6432
769 381 833 436 ,”
1908 381 1965 433 S.
2014 381 2068 433 LE

703 381 838 444 imo
911 483 1199 543 CCCXCV.
1221 477 1535 538 -ΡΕΤΙὶϐ
1570 479 2068 574 SCIIQLASTICO.

770 602 1001 657 Sacrum
1039 609 1368 655 conventum
1428 598 1679 668 equidem
1729 576 1846 668 ipse
1883 613 2005 653 eum
2065 598 2283 668 proprie

699 707 820 749 esse
847 691 1103 760 dixerim,
1132 691 1223 759 qui
1264 703 1293 744 a
1324 690 1471 745 nulla
1520 690 1664 758 turpi
1705 690 2059 760 permistione
2093 698 2283 745 conta-

704 782 958 847 minatur,
993 795 1178 835 verum
1203 781 1459 836 castitate
1491 789 1657 850 atq-ue
1682 780 1808 835 aliis
1839 779 2098 835 virtutum
2119 791 2283 850 gene-

706 875 850 930 ribus
869 872 1122 929 exsultat.

895 986 1124 1044 CCCXC
1128 985 1212 1044 νι.
1228 1017 1297 1028 —
1312 981 1615 1044 AUSONIO
1653 981 2117 1041 CORRECTOBI.

772 1097 1093 1161 Prudentia,
1142 1113 1293 1158 cum.
1329 1098 1687 1166 pecuniarum
1755 1110 1994 1152 amorem
2054 1096 2281 1167 expulit,

688 1189 1003 1245 ueertissima
1047 1197 1103 1243 et
1163 1188 1446 1244 verissima
1501 1204 1589 1245 res
1631 1197 1736 1254 est,
1767 1189 1833 1244 ad
1870 1204 2033 1259 quam
2072 1189 2281 1258 justitia

700 1281 1024 1353 exploretur.
1068 1280 1137 1335 At
1164 1280 1210 1336 si
1254 1282 1401 1337 hunc
1457 1282 1766 1349 admiserit,
1798 1283 1888 1353 jus
1917 1282 2148 1352 qumstui
2181 1282 2281 1337 ha-

699 1373 829 1428 bere
853 1387 919 1426 ac
943 1370 1268 1427 sententiam
1311 1368 1621 1427 adulterare
1659 1371 1885 1427 minimc
1913 1371 2205 1427 recusabit.

854 1505 1192 1564 CCCXCVII.
1219 1504 1694 1565 -ΤΗΕΟΒΟΞΙΟ
1765 1504 2122 1564 EPISCOPO.

770 1619 896 1678 Scio
929 1635 1015 1676 me
1057 1633 1299 1690 persaepe
1360 1620 1492 1678 mihi
1536 1621 1638 1692 ipsi
1672 1620 1978 1690 hujusmodi
2005 1619 2278 1690 quoddam

698 1710 981 1767 consilium
1006 1710 1303 1781 praebuisse
1336 1727 1351 1764 :
1378 1708 1430 1766 0
1462 1709 1689 1777 Isidore,
1722 1710 1981 1781 quoniam
2028 1724 2120 1767 res
2167 1724 2283 1765 ma-

1908 373 1965 433 S.
2013 374 2108 433 {Si
2123 374 2301 434 DORI
2345 367 2784 434 PELUSIUTE

3829 374 3993 442 1035

2667 483 2830 552 mea
2872 513 2942 525 --
2981 484 3212 559 Herm
3249 487 3701 560 ΣΧΟΛΑΣΤίΚᾳ.

2459 593 2778 667 Πανήγυριν
2811 595 2988 665 ἔγωγε
3011 597 3216 667 κυρίως
3241 590 3383 651 εἷναί
3407 615 3576 668 φημι,
3597 597 3698 667 τὴν
3728 597 3836 650 ὑπὸ
3864 616 3984 670 μην

2386 686 2576 775 sema;
2628 691 2868 760 αἰσχρᾶς
2924 689 3210 761 ἐπιμιξίας
3263 693 3653 763 χραινομὲνην,
3711 691 3847 747 ἀλλὰ
3904 697 3980 765 τῇ

2388 782 2579 854 ἁγνείᾳ
2611 783 2705 836 καὶ
2725 786 2847 848 ταῖς
2867 784 3090 854 ἀρεταῖς
3119 784 3577 859 ἐναϐρυνομένην.

2609 993 2790 1062 ΤιιΕΓ.
2831 1024 2903 1034 --
2941 994 3241 1066 ΑΥΣΟΝῙῼ
3279 995 3758 1050 ΚΟΡΡΗΚΤΩΡΙ.

2469 1105 2534 1158 Ἦ
2564 1105 2800 1171 σύνεσις,
2837 1107 2968 1162 ὅταν
3000 1108 3092 1162 τὸν
3127 1108 3236 1162 τῶν
3267 1107 3568 1179 χρημάτων
3601 1106 3984 1181 ὲξοστρακίσῃ

2390 1197 2590 1266 ἔρωτα,
2622 1196 3050 1269 βασανιστήριόν
3090 1200 3211 1253 ἐστι
3241 1199 3591 1269 δικαιοσύνης
3628 1198 3985 1269 ἀψευδέστα-

2385 1305 2497 1341 τον.
2527 1287 2591 1343 El
2624 1288 2681 1341 δὲ
2719 1287 2912 1341 τοῦτον
2938 1290 3238 1360 προσίοιτο,
3264 1288 3608 1360 muniebant
3648 1290 3713 1343 τὸ
3738 1289 3981 1356 δίκαιον,

2387 1379 2480 1432 καὶ
2506 1377 2756 1432 νοθεύσαι
2782 1379 2882 1450 τὴν
2910 1379 3091 1451 ψῆφον
3112 1381 3173 1434 οὐ
3205 1383 3623 1455 παραιτήσοιτο.

2654 1513 2815 1580 ΤιιΖπ
2857 1542 2927 1552 -
2964 1512 3300 1586 ΘΕΟΔΟΣΙῼ
3334 1514 3705 1588 ΕΠΙΣΚΟΠῼ.

2458 1619 2591 1677 Οἶδα
2630 1623 2897 1688 πολλάκις
2927 1625 3152 1696 ἐμαυτῷ
3182 1624 3773 1697 παραινέσαςτοιαῦτά
3810 1646 3937 1683 τινα
3963 1645 3977 1658 ’

2388 1705 2461 1764 Ὦ
2498 1710 2758 1785 Ἰσίδωρε,
2787 1715 2976 1786 ἐπειδὴ
3006 1716 3074 1768 τά
3118 1716 3330 1785 μεγάλα
3371 1719 3677 1789 πράγματα
3712 1721 3980 1790 μεγαλοις

697 1819 814 1874 gnte
841 1803 1053 1873 magnis
1083 1803 1336 1872 periculis
1389 1801 1584 1859 conﬁci
1629 1802 1830 1871 solent,
1853 1817 1941 1869 ea,
1962 1817 2070 1874 qua
2100 1801 2278 1871 decet,

2386 1802 2654 1867 κινδύνοις
2707 1805 2856 1874 φιλεῖ
2895 1805 3315 1877 κατορθοῦσθαι,
3349 1809 3550 1878 χρῆσαι
3582 1812 3647 1880 τῇ
3681 1809 3981 1882 πρεπούσῃ

706 1895 954 1966 loquendi
1001 1895 1256 1951 libertate
1308 1903 1484 1951 utere.
1524 1893 1801 1951 Fortassis
1843 1897 2174 1953 erubescent
2218 1897 2279 1966 ii,

703 1990 793 2056 qui
830 1989 882 2041 in
911 1988 1147 2056 peccatis
1173 1990 1499 2044 erubescere
1547 1988 1775 2043 minime
1806 1996 2026 2044 norunt.
2050 1987 2130 2044 Ac
2157 1991 2281 2060 qui-

699 2083 823 2134 dem
896 2078 1131 2134 fortasse
1187 2079 1393 2149 aliquid
1449 2078 1676 2135 eﬁicies.
1707 2078 1802 2135 Sin
1852 2090 2036 2137 autem
2074 2083 2281 2153 aliquid

695 2171 858 2225 etiam
896 2169 1170 2241 injucundi
1199 2170 1446 2240 patiaris,
1465 2186 1589 2227 cum
1615 2170 1897 2242 prophetis
1920 2182 1973 2229 et
1997 2176 2278 2244 apostolis,

699 2274 860 2334 atque
891 2263 1012 2318 aliis
1041 2265 1246 2319 sanctis
1289 2264 1427 2319 viris
1482 2265 1730 2335 patieris,
1757 2280 1880 2321 cum
1930 2268 2127 2336 quibus
2157 2269 2280 2336 tibi,

696 2358 788 2425 qui
817 2371 959 2412 unus
986 2371 1017 2410 e
1044 2356 1204 2424 vulgo
1226 2371 1306 2420 es,
1341 2357 1641 2426 optandqu
1689 2366 1792 2423 est,
1822 2359 2036 2413 etiamsi
2083 2375 2188 2415 non
2225 2360 2276 2415 in

699 2448 1010 2511 virtutibus,
1064 2459 1120 2502 at
1165 2459 1317 2503 certe
1379 2449 1433 2504 in
1498 2449 1940 2520 perpessionibus
1982 2454 2276 2510 numerari.

702 2539 896 2594 Verum
921 2538 986 2592 ad
1019 2539 1160 2594 hunc
1193 2541 1408 2595 modum
1434 2550 1625 2597 contra
1658 2541 1787 2596 mihi
1825 2541 1940 2612 ipse
1977 2544 2230 2614 respondi
2261 2563 2274 2599 :

697 2630 829 2685 Aliis
858 2629 1078 2700 quidem
1119 2630 1173 2684 in
1221 2632 1384 2686 rebus
1437 2632 1703 2703 praeclare
1765 2633 2026 2703 loqueris,
2062 2651 2127 2691 ac
2187 2638 2282 2692 tibi

699 2737 902 2778 morem
929 2735 1118 2792 gerere
1151 2733 1374 2791 paratus
1393 2738 1534 2779 sum.
1554 2723 1626 2778 At
1648 2739 1886 2795 quonam
1921 2737 2082 2795 pacto
2112 2727 2282 2785 libere

700 2812 1016 2884 loquemur?
1040 2811 1204 2868 Sicne
1233 2823 1292 2867 ut
1327 2828 1538 2869 meram
1554 2813 1865 2871 libertatem
1903 2818 2283 2887 adhibeamus,

698 2920 766 2959 an
798 2912 857 2958 ut
887 2904 1060 2972 ipsam
1090 2902 1359 2957 suavitate
1402 2904 1810 2972 temperemus?
1839 2903 2115 2971 Quosdam
2138 2907 2283 2962 enim

697 2996 956 3066 uovi,qul
987 2995 1101 3050 acri
1165 3009 1231 3050 ac
1291 2995 1601 3051 vehementi
1640 2995 2038 3066 objurgationis
2085 3012 2286 3068 genere

694 3089 869 3143 sanati
901 3098 1070 3143 sunt:
1111 3087 1372 3157 quosdam
1401 3102 1638 3153 rursum,
1675 3088 1767 3158 qui
1795 3103 1862 3144 eo
1911 3089 2100 3146 obtriti
2125 3101 2278 3156 sunt,

697 3193 861 3253 atque
889 3181 956 3236 ad
1013 3181 1321 3252 graviorem
1378 3180 1787 3252 improbitatem
1844 3182 2050 3238 eruditi
2087 3199 2103 3238 :
2146 3185 2283 3241 alios
2309 3204 2353 3263 ο

701 3271 954 3340 denique,
997 3269 1088 3340 qui
1114 3271 1444 3326 moderatam
1469 3271 1897 3328 admonitionem
1933 3281 2100 3344 atque
2150 3289 2278 3330 ora-

703 3362 864 3419 tionis
921 3362 1229 3422 libertatem
1276 3361 1510 3419 ludibrio
1569 3363 1897 3430 habuerunt,
1925 3378 2158 3436 eamque
2184 3381 2284 3437 pro

702 3452 871 3508 nihilo
894 3460 1172 3522 putarunt.
1203 3449 1450 3516 Quonam
1486 3450 1654 3519 igitur
1688 3453 1852 3508 modo
1901 3453 2169 3524 quispiam
2207 3464 2286 3509 tot

702 3543 905 3604 morbis
937 3558 1103 3599 unum
1135 3543 1438 3598 remedium
1479 3542 1712 3599 adoret?
1750 3559 2094 3614 quonamque
2125 3547 2284 3602 modo

699 3652 793 3694 eos
856 3637 1095 3704 curabit,
1129 3653 1252 3693 cum
1309 3652 1488 3693 causa:
1517 3651 1586 3693 ex
1617 3639 1849 3695 diversis
1905 3639 2281 3697 all‘ectionibus

699 3732 985 3787 oriuntur?
1028 3729 1196 3802 Ergo,
1234 3730 1303 3786 ad
1348 3733 1613 3800 meipsum
1669 3731 1781 3787 dixi
1827 3733 1880 3788 id
1930 3736 2071 3803 quod
2115 3735 2280 3790 etiam

701 3836 846 3877 nunc
874 3822 942 3877 ad
961 3832 1013 3877 te
1038 3821 1160 3878 dico
1191 3837 1206 3875 :
1236 3820 1294 3876 Si
1342 3831 1397 3875 tu
1422 3821 1573 3878 solus
1601 3820 1819 3878 futurus
1843 3837 2014 3890 esses,
2043 3824 2133 3894 qui
2156 3839 2283 3893 ope-

702 3928 817 3968 ram
861 3913 1096 3980 luderes,
1147 3912 1609 3982 cuuctari,atque
1665 3913 1718 3967 id
1776 3928 1976 3968 munus
2027 3914 2282 3988 defugere

701 4014 998 4075 oporteret.
1031 4005 1168 4061 Cum
1191 4013 1373 4060 autem
1421 4013 1478 4060 et
1503 4004 1681 4060 Moses
1710 4014 1765 4060 et
1787 4003 1932 4061 Elias
1953 4004 2278 4074 etJoannes,

704 4099 777 4167 pii
811 4113 874 4153 ac
906 4097 1018 4154 Deo
1069 4097 1223 4153 cbari
1249 4097 1376 4164 viri,
1412 4111 1590 4166 neque
1631 4097 1883 4162 consilio,
1917 4112 2091 4167 neque
2114 4100 2280 4153 libera

703 4188 1130 4260 reprehensione
1164 4188 1285 4244 illos
1327 4188 1598 4259 juverint,
1631 4202 1731 4243 nec
1765 4196 1944 4243 tamen
1998 4200 2279 4259 propterea

703 4283 814 4338 suis
833 4284 996 4353 rebus
1021 4282 1267 4338 deterius
1321 4281 1718 4349 consuluerint,
1744 4281 2011 4337 sermonis
2061 4283 2278 4354 quidem

2388 1896 2710 1970 παρρησίᾳ·
2742 1897 2886 1968 τάχα
2929 1914 3046 1961 πως
3094 1896 3551 1969 ὲρυθριὰσουσιν,
3597 1901 3644 1952 οἱ
3681 1902 3821 1970 μηδὲ
3850 1903 3983 1972 ἐρυ-

2389 1987 2548 2059 θριᾷν
2577 1989 2636 2042 ὲν
2658 1990 2770 2052 τοῖς
2793 1988 3137 2061 πταίσμασιν
3165 1988 3276 2063 (l6)
3303 1990 3525 2054 εἰδότες.
3552 1991 3712 2054 Ἴσως
3745 1991 3846 2063 μὲν
3863 1992 3981 2064 γὰρ

2387 2078 2815 2149 κατορθώσειας.
2843 2079 2906 2133 Ei
2935 2080 2996 2133 δέ
3025 2097 3078 2134 τι
3113 2081 3208 2135 καὶ
3240 2081 3455 2136 πείσαιο
3477 2081 3664 2154 ἄχαρι,
3703 2084 3841 2154 μετά
3863 2084 3980 2137 τῶν

2386 2173 2708 2243 προφητῶν,
2730 2172 2827 2226 καὶ
2851 2171 2959 2225 τῶν
2980 2170 3320 2238 ἀποστόλων,
3346 2173 3571 2226 καὶτῶν
3601 2174 3775 2228 ἀλλων
3800 2174 3980 2243 ἁγίων

2360 2263 2571 2335 πείσῃ,
2603 2261 2722 2333 μεθ’
2755 2255 2830 2316 ὧν
2867 2280 2950 2317 σοι
2998 2264 3252 2318 εὐκταῖόν
3297 2265 3445 2317 ἐστιν
3487 2265 3568 2318 ἐνὶ
3615 2265 3726 2318 τῶν
3757 2266 3977 2321 πολλῶν

2383 2352 2518 2418 ὄντι,
2543 2356 2594 2405 εί
2625 2353 2718 2406 καὶ
2750 2352 2828 2424 μὴ
2858 2354 2917 2406 ὲν
2944 2355 3058 2416 τοῖς
3081 2354 3529 2426 κατορθώμασιν,
3561 2355 3676 2409 ἀλλ’
3706 2353 3804 2411 οὖν
3826 2374 3889 2428 γε
3914 2361 3977 2410 ἐν

2383 2447 2499 2508 τοῖς
2552 2445 2875 2517 παθήμασιν
2925 2446 3304 2519 ἀριθμεῖσθαι.
3367 2447 3510 2502 Ἀλλ’
3560 2449 3977 2522 ἀνταπεκρίθην

2384 2537 2610 2607 ἐμαυτῷ
2647 2536 2845 2607 λέγων,
2877 2539 2960 2592 ὅτι
2989 2538 3061 2593 τά
3109 2539 3209 2611 μὲν
3238 2540 3374 2593 ἄλλα
3414 2537 3474 2593 εὖ
3504 2540 3706 2609 λέγεις,
3739 2544 3834 2597 καί
3886 2561 3975 2596 σοι

2382 2628 2602 2698 ἕτοιμός
2626 2629 2745 2696 είμι
2776 2629 3084 2686 πείθεσθαι.
3114 2631 3242 2695 Πῶς
3259 2632 3318 2684 δὲ
3346 2632 3410 2702 δὴ
3437 2635 3973 2706 παρῤησιασόμεθα;

2383 2711 2535 2787 τι’ίριπ.
2565 2719 2790 2789 ἀκράτῳ
2814 2723 2882 2791 τῇ
2924 2721 3212 2794 παρρησίᾳ
3243 2724 3602 2796 χρησάμενοι,
3633 2726 3666 2796 ἦ
3695 2729 3975 2796 κεράσαν-

2387 2826 2478 2873 τες
2518 2809 2687 2879 αὐτὴν
2728 2814 3063 2884 προσηνείᾳς
3103 2810 3236 2870 Οἶδα
3263 2816 3370 2886 γὰρ
3393 2819 3547 2881 τινὰς
3595 2818 3696 2889 μὲν
3740 2819 3975 2892 ὑπὸτῆς

2389 2899 2626 2970 σφοδρᾶς
2662 2903 3037 2971 ἐπιτιμήσεως
3065 2905 3315 2968 ἰαθέντας
3340 2923 3352 2936 ·
3387 2907 3540 2971 τινὰς
3567 2909 3624 2962 δὲ
3659 2910 3976 2981 ὲπιτριῦἐν-

2386 3005 2506 3054 τας,
2539 2994 2634 3041 καὶ
2666 2993 2746 3054 είς
2781 2992 3168 3065 χαλεπωτέραν
3190 2995 3713 3070 ¹ιταιδοτριὸηθένοιςας
3735 3004 3934 3059 κακίαν
3954 3024 3973 3037 ο

2386 3076 2579 3144 ἄλλους
2624 3080 2684 3133 δὲ
2735 3082 2833 3152 τῆς
2869 3085 3101 3156 μετρίας
3146 3086 3462 3161 συμϐουλῆς
3512 3092 3609 3146 καὶ
3654 3097 3976 3166 παρρησίας

2387 3175 2900 3243 καταγελάσαντας,
2956 3182 3052 3233 καὶ
3100 3183 3258 3238 οὐδὲν
3301 3187 3475 3259 αὐτὴν
3508 3185 3650 3245 εἶναι
3681 3195 3973 3267 ἡγησαμέ-

2386 3281 2531 3330 νους.
2567 3268 2693 3332 Πῶς
2719 3264 2814 3322 οὖν
2852 3287 2937 3335 τις
2963 3273 3240 3340 τοσούτοις
3279 3278 3506 3337 πάθεσιν
3531 3282 3590 3336 ἓν
3625 3264 3972 3364 προσενέγκῃ

2387 3359 2713 3447 φάρμακον;
2743 3362 2868 3426 Πῶς
2896 3363 2952 3417 δὲ
2990 3365 3343 3437 θεραπεύσει,
3370 3373 3479 3427 τῶν
3510 3378 3699 3432 αἰτιῶν
3725 3381 3786 3447 ἐξ
3814 3359 3972 3440 évav:

2385 3445 2516 3542 τίων
2551 3449 2740 3504 παθῶν
2775 3455 3064 3524 φυουσῶν;
3108 3459 3318 3514 Οὐκοῦν
3370 3462 3510 3535 ἔφην
3540 3467 3678 3538 πρὸς
3708 3445 3971 3542 ἐμαυτὸν,

2384 3539 2520 3634 οπερ
2570 3543 2665 3634 κα¹ι
2709 3544 2844 3614 πρὸς
2892 3546 2950 3599 σὲ
2982 3547 3076 3601 νῦν
3113 3566 3290 3622 φημιο
3339 3554 3422 3607 ὅτι
3461 3555 3525 3610 El
3564 3560 3664 3628 μὲν
3711 3539 3776 3615 ei:
3802 3539 3965 3634 μόνος
4028 3547 4033 3552 Ι

2385 3628 2782 3727 ἀποτυγχάνειν
2796 3634 3041 3706 ἔμελλες,
3065 3640 3247 3697 ὀκνεῖν
3268 3646 3457 3718 ἐχρῆν,
3474 3650 3523 3702 εί
3545 3656 3639 3706 καὶ
3654 3628 3860 3727 Marci];

2401 3721 2588 3822 ἶΗλίας
2615 3727 2710 3780 καὶ
2747 3728 3022 3800 Ἰωάννης,
3051 3733 3102 3785 oi
3134 3735 3402 3806 θεοφιλεῖς
3427 3741 3638 3814 ἄνδρες,
3669 3747 3794 3802 οὔτε
3814 3721 3960 3822 συμ-

2388 3815 2802 3887 6ουλεύσαντες,
2845 3822 2967 3876 οὔτε
3013 3831 3533 3903 παρρησιασάμενοι
3564 3836 3783 3909 ὤνησαν
3819 3815 3965 3899 ἐκεί-

2387 3929 2512 4012 νους
2583 3917 2645 3968 οὐ
2676 3915 2785 4012 μην
2811 3919 2888 4012 cdt
2906 3919 3029 3972 καθ’
3066 3926 3298 3991 εαυτοὺς
3327 3931 3509 3999 χεῖρον
3546 3931 3815 4004 διέθεσαν,
3857 3941 3964 4012 χρὴ

2388 4006 2470 4102 τῇ.
2494 4006 2618 4102 μην
2644 4010 2930 4084 παρρησίᾳ
2974 4015 3234 4084 μιγνύναι
3277 4019 3378 4090 τὴν
3409 4026 3774 4095 προσήνειαν·

2389 4094 2511 4197 θείᾳ.
2540 4099 2686 4197 δεξιᾷ
2737 4104 3051 4197 ἐπιτρέπειν
3096 4110 3500 4184 τὴνίατρείαν·
3559 4094 3630 4173 τά
3674 4094 3966 4197 κακάγάρ

2393 4187 2540 4243 ἴσασι
2572 4193 2772 4258 πάντες
2801 4195 3079 4267 ἄνθρωποι
3113 4203 3301 4271 σχεδὸν
3340 4207 3435 4276 ἀφ’
3465 4209 3706 4265 ἑαυτῶν·
3736 4213 3807 4268 τὰ
3827 4187 3966 4270 καλά

2388 4284 2464 4348 δὲ,
2514 4285 2634 4339 οὐδὲ
2677 4289 2810 4358 παρ’
2853 4288 3029 4343 ἀλλων
3070 4292 3383 4366 ἀκούοντες,
3435 4302 3626 4372 μαθεῖν
3670 4305 3962 4366 ἐθέλουσιν.

706 4375 942 4429 ιιὺοτιιιιί
1030 4376 1354 4431 suavitatem
1421 4377 1730 4432 admiscere
1801 4388 1974 4448 οροτιι
1999 4390 2043 4450 ι,
2098 4377 2294 4432 divi-ua:
2328 4388 2509 4434 autem
2569 4380 2778 4455 ἀέξω-αι
2863 4385 3202 4442 sanationem
3289 4393 3625 4462 permittere.
3648 4398 3784 4454 Mala
3821 4402 3963 4456 enim

706 4467 1092 4536 prapemodum
1127 4484 1194 4523 ex
1243 4467 1435 4540 seipsis
1481 4482 1671 4525 omnes
1721 4470 1962 4526 homines
1998 4480 2196 4526 norunt
2233 4489 2248 4526 :
2292 4472 2431 4528 bona
2465 4483 2670 4544 autem,
2698 4489 2798 4530 nec
2832 4468 2902 4530 ab
2936 4477 3057 4532 aliis
3097 4481 3318 4550 quidem
3359 4487 3660 4558 audientes,
3689 4493 3967 4552 addiscere

711 4564 760 4611 iu
787 4559 1027 4614 animum
1063 4559 1346 4615 inducunt.

1042 4673 1210 4747 nos
1235 4675 1595 4733 cccxcvm.
1611 4677 1955 4736 _At,mo.

888 4766 962 4820 De
989 4783 1048 4820 eo
1073 4769 1158 4820 cui
1184 4768 1384 4822 credita
1411 4779 1530 4823 sunt
1562 4771 1789 4841 quinque
1822 4771 2020 4826 talenta
2039 4771 2087 4802 ⁸³

782 4881 1033 4937 Pecuniae
1076 4883 1644 4948 numerationem,vir
1698 4887 1920 4955 optime,
1977 4886 2287 4940 divinarum

715 4973 1117 5042 Scripturarum
1150 4975 1450 5032 doctrinam
1485 4993 1549 5033 ac
1579 4973 1993 5047 proceeptionetn
2033 4970 2287 5047 appellat,

714 5065 1006 5120 auditionis
1044 5073 1223 5120 autem
1276 5066 1708 5139 fenus,operum
1744 5072 2283 5123 demonstrationem.

713 5153 856 5208 Nihil
887 5156 1030 5210 enim
1065 5156 1316 5212 utilitatis
1366 5175 1433 5213 cx
1496 5161 1773 5214 auditione
1814 5162 2130 5230 percipitur,
2165 5177 2284 5214 cum

712 5259 937 5311 operum
973 5244 1368 5302 demonstratio
1414 5262 1534 5303 cum
1582 5250 1670 5315 iis,
1695 5263 1817 5320 qua:
1867 5250 2142 5312 dicuntur,
2181 5264 2285 5303 non

795 5421 841 5453 ⁸³
864 5419 1054 5482 Matth.
1083 5440 1211 5490 xxv,
1249 5425 1338 5480 15.

2321 4671 2368 4727 D

2897 4686 3066 4754 Τιιιιι.
3105 4719 3176 4730 -
3213 4693 3490 4770 suum.

2563 4775 2705 4845 Περὶ
2736 4776 2846 4832 τοῦ
2877 4783 3307 4850 πιστευθέντος
3327 4786 3400 4842 τὰ
3435 4789 3482 4840 s'
3513 4791 3801 4850 τάλαντα.

2464 4886 2807 4982 ίςαταϐολὴν,
2849 4884 2895 4944 ὦ
2931 4890 3195 4961 βέλτιστε,
3230 4897 3492 4971 ἀργυρίου
3524 4902 3692 4974 λέγει,
3730 4910 3831 4982 τὴν
3861 4914 3962 4967 τῶν

2391 4972 2554 5076 θείων
2583 4977 3189 5076 Γραφίῦνξιδασκαλίαν
3209 5004 3223 5018 °
3251 4989 3408 5044 τόκον
3434 4993 3493 5047 δὲ
3514 4972 3846 5070 ἀκροάσεως,
3869 5007 3961 5076 τὴν

2388 5063 2499 5162 ⁸τῶν
2530 5063 2707 5162 ἔργω-ν
2738 5069 3020 5139 ἐπίδειξιν.
3051 5074 3283 5145 Ὀφελος
3304 5082 3412 5152 γὰρ
3444 5063 3604 5138 οὐδὲν.
3627 5063 3957 5162 ἀκροάσεως,

2387 5155 2518 5253 οταν
2553 5158 2700 5253 qm
2762 5163 2871 5214 τῶν
2912 5165 3090 5236 ἔργων
3125 5172 3387 5239 ἐπίδειξις
3422 5176 3494 5246 μὴ
3540 5155 3828 5247 συμὸαίνει
3856 5155 3959 5253 τοῖς

2390 5246 2722 5317 λεγομένοις.
2758 5253 2880 5308 ’Ὁτι
2906 5256 2964 5308 δὲ
2986 5259 3128 5312 τοῦτ’
3165 5262 3311 5318 ἔστιν
3337 5267 3553 5340 ἀληθὲς,
3575 5276 3816 5347 τιμωρία
3842 5246 3959 5334 ius;

1813 5541 2050 5598 VARUE
2082 5541 2467 5600 LECTIONES
2518 5543 2605 5599 ΕΤ
2639 5545 2871 5605 ΝΟΤίΕ.

787 5695 896 5765 (16)
933 5694 1035 5751 Pro
1069 5699 1403 5771 πταίσμασιν
1434 5700 1556 5755 cod.
1587 5699 1648 5753 V.
1683 5700 1784 5755 630
1810 5693 1995 5756 scribit
2023 5703 2281 5771 πράγμα-

787 5721 896 5765 μυ)
933 5721 1035 5751 rru
1069 5721 1403 5769 πταισμασιν
1434 5721 1556 5755 cou.
1594 5721 1648 5753 ν.
1683 5721 1784 5755 nou
1810 5721 1995 5756 scrtmt
2023 5721 2170 5771 πραγ
2221 5722 2280 5754 α·

721 5781 824 5829 σιν,
860 5777 909 5819 ct
956 5783 1094 5824 vers.
1132 5780 1249 5840 post
1290 5769 1344 5836 2,
1384 5786 1479 5839 pro
1519 5772 1682 5842 ἄχαρι
1717 5775 1873 5829 habet
1923 5777 2123 5844 χεῖρον.
2179 5721 2280 5829 Bc-

2387 5705 2727 5829 ἱξξςὲῖκνυτε.
2789 5709 2882 5763 ult.
2928 5726 3013 5780 ep.
3068 5727 3164 5783 pro
3219 5715 3411 5784 μαθεῖν
3466 5721 3596 5792 legit
3658 5731 3953 5800 μανθάνειν,
