4164 6434
672 404 806 474 1039

1832 452 1835 455 ,
1864 392 1923 453 S.
1964 384 2254 452 ISIDOR'I
2293 378 2733 446 PELUSIOTE

3790 363 3932 428 luit)

673 514 1070 589 quodammodo
1095 462 1431 578 copulentur,
1468 513 1579 560 tum
1633 502 1866 571 denique
1908 499 2150 572 perlecta
2183 504 2236 551 et

2346 494 2466 547 τινὰ
2492 493 2744 563 ἐνωθείη,
2784 489 2902 543 τότε
2932 486 3017 558 δὴ,
3063 485 3184 539 τότε
3220 485 3252 555 ἡ
3285 479 3464 535 τελεία
3499 478 3592 534 καὶ
3643 478 3930 548 ἀκροτάτη

669 622 921 682 suprema
978 602 1150 677 gloria
1183 598 1382 666 elucet,
1418 598 1622 670 pietate
1659 593 1919 651 nimirum
1950 600 2015 648 et
2038 590 2241 647 virtute

669 703 725 759 in
759 716 921 758 unum
947 692 1416 757 concurrentibus.

1152 807 1333 869 οων.
1354 835 1421 847 -
1446 802 1731 863 MARONI.

738 925 1180 997 Quandoquidem
1213 921 1422 991 exigua
1451 931 1628 974 causa
1656 911 1893 986 ingentia
1926 906 2067 964 bella
2116 918 2243 997 per-

666 996 811 1090 saepe
839 996 1161 1081 accendunt,
1187 1010 1444 1068 dehortor
1474 1018 1526 1064 te
1559 1020 1628 1061 ne
1665 1001 2071 1087 contentionum
2106 996 2245 1069 igni-

669 1084 1071 1178 culosinjicias.
1098 1103 1236 1160 Nam
1286 1116 1408 1159 cum
1440 1111 1629 1169 pugna:
1681 1084 2008 1157 excitantur,
2061 1087 2241 1145 omnia

666 1206 806 1260 bona
836 1215 902 1256 ex
931 1213 1142 1265 eorum,
1173 1196 1265 1268 qui
1312 1196 1454 1251 inter
1503 1206 1565 1248 se
1590 1188 1876 1254 dissident,
1928 1181 2125 1240 animis
2156 1192 2244 1235 ra-

665 1294 867 1353 dicitus
896 1291 1150 1349 evellunt.

950 1403 1107 1462 CBV.
1141 1393 1572 1458 —PALLADIO
1627 1383 1948 1446 DlACONO.

2343 584 2694 654 εὐδοκίμησις
2728 579 3080 650 ἀναφαίνεται
3105 576 3240 647 (29.),
3282 572 3562 636 εὐσεϐείας
3596 571 3691 625 καὶ
3721 570 3931 641 ἀρετῆς

2343 678 2425 740 είς
2462 675 2657 730 ταύτὸν
2699 671 3133 744 συνδραμούσης.

2858 782 2977 835 ΥΔ’,
3004 808 3076 821 --
3105 777 3388 833 ΜΛΡΩΝΙ.

2446 896 2664 968 Ἐπειδὴ
2715 896 2902 968 μικρακ
2967 893 3136 947 αίτίαι
3191 890 3459 962 μεγάλους
3516 885 3778 947 πολλάκις
3828 882 3929 937 άν-

2349 990 2580 1046 ἀπτουσι
2610 987 2905 1057 πολέμους,
2941 982 3192 1054 παραινῶ
3228 999 3319 1045 σοι,
3343 979 3417 1050 μὴ
3448 978 3749 1046 σπινθῆρας
3775 972 3931 1043 φιλο-

2346 1080 2565 1136 νεικιῶν
2597 1079 2907 1150 ἐμϐάλλειν.
2952 1073 3471 1146 Ἀναρῤιπιζὸμεναι
3517 1068 3624 1140 γὰρ
3649 1070 3704 1121 ai
3730 1066 3929 1136 μάχαι,

2343 1174 2523 1229 πάντα
2555 1174 2623 1228 τὰ
2648 1170 2792 1225 καλὰ
2824 1173 2889 1223 ἐκ
2926 1169 3027 1240 τῆς
3056 1168 3165 1220 τῶν
3199 1163 3611 1235 διαφερομένων
3647 1156 3931 1230 ἐκριζοῦσι

2342 1266 2541 1338 ψυχῆς.

2627 1375 2753 1431 Υεν.
2796 1404 2866 1414 --
2902 1372 3251 1442 ΠΑΛΛΑΔῘῼ
3290 1366 3614 1438 ΔιΑκυΝῼ.

667 1503 890 1562 Μίκκα
915 1543 930 1571 ,
957 1453 1255 1571 ῑ-Ιέεοριειἶ
1277 1453 1382 1545 reos
1424 1483 1815 1571 blasphematur
1856 1488 2044 1531 nomen
2072 1484 2243 1527 meum

2346 1470 2443 1537 Ε’ίς
2479 1468 2566 1536 τὸ,
2595 1486 2613 1520 ι
2643 1466 2721 1521 Δι’
2747 1459 3380 1571 ὐμᾶςῃξέαὲνῇᾞεξται
3410 1460 3473 1512 τὸ
3499 1453 3687 1525 ὄνομά
3710 1470 3830 1523 μου
3860 1454 3935 1507 ἐν

1190 1566 1329 1620 inter
1359 1553 1548 1632 gentes
1581 1553 1649 1607 ⁸⁸.
1689 1570 1710 1604 ι

736 1685 1008 1756 Quoniam
1038 1694 1138 1752 per
1166 1677 1378 1732 litteras
1420 1686 1489 1728 ex
1518 1682 1603 1725 me
1628 1660 1952 1736 quaesivisti,
1987 1655 2239 1756 quidnam

664 1744 794 1837 illud
820 1776 920 1833 sibi
980 1744 1108 1827 velit
1142 1787 1156 1824 :
1198 1786 1218 1819 ι
1250 1766 1474 1833 Propter
1514 1771 1610 1813 vos
1643 1768 1838 1810 nomen
1871 1744 2242 1837 meum-blas-

663 1832 969 1943 Pilikmalur,
1004 1881 1030 1916 -ι
1069 1862 1172 1917 hoc
1217 1832 1535 1925 respondeo,
1580 1844 1722 1917 quod
1751 1836 2085 1943 quiadudati
2118 1832 2241 1903 qui-

2889 1534 3015 1600 τοῖς
3052 1534 3319 1587 ἔθνεσιν.

2424 1647 2645 1719 Ἐπειδὴ
2666 1642 2953 1717 γέγραφας
2977 1644 3028 1697 τί
3051 1645 3189 1707 ἐστι,
3221 1661 3238 1693 ι
3265 1640 3337 1693 To
3358 1638 3530 1709 ὄνομά
3565 1654 3666 1708 μου
3688 1635 3756 1687 δι’
3784 1634 3933 1706 ὑμᾶς

2345 1741 2761 1813 βλασφημεῖται·
2790 1758 2809 1791 ι
2843 1739 3004 1809 φημὶ,
3030 1738 3110 1790 ὅτι
3137 1733 3323 1804 ἐπειδὴ
3359 1732 3599 1785 Ἰουδαῖοι
3625 1729 3723 1797 μὲν
3749 1730 3934 1799 ἀμαρ-

2343 1834 2594 1896 τάνοντες
2624 1873 2640 1900 ,
2672 1830 3075 1901 αἰχμαλωσίαις
3119 1827 3505 1898 παρεδίδοντο’
3553 1825 3600 1876 οἱ
3640 1822 3683 1875 δ’
3722 1823 3934 1891 αίχμα-

704 1902 937 1927 num-w-
1011 1902 1030 1916 -
1070 1902 1172 1917 -νν
1219 1902 1302 1913 -ν-
1348 1902 1534 1916 ---ννη
1598 1902 1613 1917 _
1767 1902 1785 1913 _
2137 1902 2147 1903 ί

670 1902 815 2030 sem,
847 1904 969 2016 cun;
997 1902 1335 2026 peccabant,r
1353 1947 1408 2000 in
1432 1940 1772 2013 captivitates
1800 1931 2234 1990 adducebantur:

2346 1925 2685 1991 λωτεύοντες,
2714 1925 2776 1977 οὐ
2809 1925 2875 1995 τῇ
2898 1922 2989 1977 τοῦ
3012 1920 3147 1974 Θεοῦ
3172 1917 3469 1989 (ap-mam
3491 1918 3557 1987 τῇ
3586 1902 3698 1969 τῶν
3714 1912 3937 1968 οἰκείων

670 2054 764 2126 qui
789 2018 968 2107 autem
999 2018 1093 2101 eos
1115 2042 1356 2112 captivos
1382 2032 1740 2093 abducebant,
1768 2041 1872 2080 non
1904 2021 2097 2078 divinae
2125 2018 2238 2084 irae,

666 2109 761 2205 .ὶά
798 2109 1209 2199 simulacrorum
1231 2119 1447 2189 suorum
1477 2121 1729 2197 potentite
1758 2116 2041 2174 victoriam
2071 2109 2242 2167 ascri-

666 2240 876 2300 bentes,
902 2244 1083 2289 rerum
1111 2224 1349 2282 omnium
1373 2222 1758 2291 praepotentem
1788 2210 2034 2264 dextram
2070 2203 2243 2259 imbe-

667 2326 905 2385 cillitatis
962 2320 1295 2378 damnabant
1340 2333 1355 2370 :
1409 2325 1531 2369 eam
1582 2307 1650 2363 ob
1679 2315 1894 2359 causam
1948 2298 2034 2353 his
2055 2293 2240 2350 verbis

670 2433 797 2475 usus
824 2423 927 2471 est.
979 2411 1241 2466 Auctorcs
1277 2404 1418 2459 enim
1449 2407 1622 2461 erant,
1672 2396 1795 2450 dum
1822 2392 2130 2459 peccarent,
2163 2391 2244 2435 at-

667 2521 773 2580 que
825 2504 1071 2561 hostibus
1120 2498 1469 2556 dederentur,
1501 2482 1807 2557 huiusmodi
1854 2474 2127 2549 Opinionis
2179 2485 2243 2525 ac

667 2571 1034 2670 blasphemiae.
1058 2592 1313 2649 Fortasse
1340 2586 1502 2641 etiam
1528 2581 1652 2651 quia
1704 2571 1998 2647 pugnantia
2022 2578 2244 2670 quoque

668 2652 922 2753 ἑὶιῖἐιῖις,
954 2697 1073 2755 quas
1105 2692 1264 2751 agere
1290 2674 1638 2747 jubebantur,
1672 2661 1995 2723 eﬂiciehant.
2022 2655 2079 2711 id
2101 2652 2245 2722 quod

668 2783 830 2840 etiam
860 2752 1002 2850 apud
1032 2790 1130 2831 uos
1155 2785 1299 2827 nunc
1343 2783 1443 2822 usu
1472 2764 1660 2817 venire
1686 2759 1917 2813 videtur.
1942 2752 2079 2807 Nam
2116 2760 2243 2804 cum

669 2869 824 2925 nobis
853 2848 1176 2932 imperatum
1213 2859 1283 2914 sit
1316 2864 1373 2910 ut
1399 2852 1644 2910 inimicos
1668 2860 1927 2907 amemus,
1963 2853 2146 2896 tamen
2178 2848 2246 2890 ne

667 2961 871 3017 amicos
898 2956 1116 3027 quidem
1166 2962 1454 3014 amamus;
1483 2956 1604 2999 cum
1640 2944 2012 3010 paupertatem
2040 2929 2244 2992 coiere,
2308 3000 2311 3001 γ

665 3067 765 3109 nos
792 3058 978 3106 contra
1031 3058 1137 3100 non
1185 3040 1343 3096 modo
1384 3036 1467 3092 his
1521 3048 1641 3103 qua:
1700 3030 1962 3084 habemus
1994 3019 2241 3078 contenti

665 3158 773 3199 non
804 3152 1008 3203 sumus,
1029 3134 1123 3192 sed
1156 3133 1321 3190 etiam
1353 3143 1421 3186 ex
1451 3125 1643 3181 alienis
1688 3115 2090 3177 calamitatibus
2109 3124 2241 3179 opes

665 3242 879 3290 nostras
901 3240 1193 3301 augemus;
1225 3237 1346 3278 cum
1378 3218 1535 3276 nobis
1573 3216 1849 3271 inductum
1876 3209 1967 3271 sit,
2002 3213 2061 3258 ut
2090 3203 2241 3301 (μή-ο·
2270 3243 2313 3299 C

668 3336 772 3378 tem
801 3332 1023 3391 agamus
1050 3355 1066 3381 ,
1111 3330 1209 3370 nos
1256 3322 1447 3368 contra
1492 3307 1832 3377 negotiorum
1891 3304 2135 3354 amantes
2175 3290 2243 3345 iis

662 3388 860 3480 etiam,
904 3408 995 3480 qui
1027 3406 1261 3477 quietem
1318 3409 1516 3473 agunt,
1547 3397 1848 3452 molestiam
1898 3388 2241 3444 exhibemus.

725 3502 843 3559 Nec
906 3477 1081 3555 solum
1138 3497 1254 3550 haec
1286 3493 1535 3555 facimus,
1572 3490 1663 3544 sed
1695 3487 1857 3541 etiam
1894 3481 2028 3535 alios
2057 3477 2251 3531 docere

664 3591 1029 3665 aggredimur,
1054 3602 1172 3658 quae
1204 3586 1304 3655 ipsi
1336 3584 1516 3638 lacere
1555 3579 1823 3634 nolumus.
1851 3572 2076 3639 Reliqua
2103 3562 2247 3619 enim

666 3684 1017 3756 praetermitto
1039 3723 1053 3747 ,
1074 3657 1219 3734 nihil
1252 3676 1419 3739 enim,
1450 3673 1591 3741 quod
1624 3670 1834 3725 animos
1866 3664 2129 3727 oﬂ’endat,
2165 3657 2247 3713 di-

664 3791 789 3833 cere
811 3775 992 3843 cupio.
1026 3770 1147 3825 llaec
1171 3769 1334 3838 igitur
1360 3780 1481 3820 cum
1509 3763 1756 3819 homines
1780 3758 2025 3824 audiunt,
2054 3771 2114 3812 ac
2144 3769 2241 3810 nos

667 3868 769 3921 alia
806 3864 1022 3933 quidem
1065 3861 1261 3915 docere
1292 3856 1501 3920 conari,
1536 3854 1638 3907 alia
1665 3860 1844 3906 autem
1897 3864 2060 3919 agere
2109 3864 2241 3903 con-

2345 2021 2547 2087 ξοάνων
2573 2018 2803 2089 δυνάμει
2825 2018 2926 2088 τὴν
2949 2015 3109 2085 νίκην
3135 2012 3534 2083 ἐπιγράφοντες
3556 2009 3653 2078 τῆς
3676 2021 3937 2077 παγκρα-

2341 2112 2543 2185 τούσης
2572 2110 2753 2177 δεξιᾶς
2783 2108 3073 2167 ἀσθένειαν
3121 2102 3592 2176 κατεψηφίζοντοσ
3624 2099 3715 2154 διὰ
3746 2098 3931 2163 τοῦτο,

2342 2206 2502 2261 τοῦτο
2530 2205 2655 2275 ἔφη.
2684 2205 2856 2258 Αίτιοι
2890 2202 2999 2272 γάρ
3029 2216 3090 2252 τε
3129 2198 3369 2268 ἐγίνοντο
3398 2193 3808 2266 ἁμαρτάνοντες
3835 2192 3931 2245 καὶ

2344 2297 2764 2369 παραδιδόμενοι
2796 2296 2895 2364 τῆς
2911 2294 3164 2361 τοιαύτης
3201 2291 3458 2351 ὑπονοίας
3485 2304 3545 2340 τε
3572 2288 3665 2340 καὶ
3682 2286 3933 2356 βλασφη-

2348 2390 2669 2461 μίας.”ισως
2695 2388 2750 2440 δέ
2776 2387 2965 2456 ἐπειδὴ
2982 2385 3077 2438 καὶ
3100 2381 3359 2437 τάναντία
3387 2374 3461 2435 ὧν
3494 2379 3929 2451 προσετάττοντο

2344 2484 2522 2534 ποιεῖν
2552 2480 2844 2551 ἔπραττον,
2869 2479 3009 2548 ὅπερ
3048 2476 3142 2531 καὶ
3170 2475 3254 2544 ἐφ’
3279 2477 3310 2544 ἡ
3320 2472 3436 2544 μῶν
3473 2473 3593 2527 νυνὶ
3622 2468 3928 2524 κινδυνεύει

2348 2549 2710 2644 συμϐαίνεινο
2762 2568 3145 2630 κελευσθέντες
3199 2566 3306 2636 γὰρ
3341 2565 3467 2627 τοὺς
3517 2562 3744 2633 ἐχθροὺς
3793 2549 3938 2629 ἀγαξ

2346 2664 2477 2734 πᾷν,
2511 2661 2631 2715 οὐδὲ
2658 2661 2787 2724 τοὺς
2821 2659 3011 2728 φίλους
3040 2655 3344 2727 ἀγαπῶμεν
3369 2672 3383 2686 ·
3417 2655 3511 2707 καὶ
3539 2651 3932 2722 ἀκτημοσύνην

2346 2754 2559 2816 ἀσκεῖν,
2577 2752 2639 2804 οὑ
2668 2750 2828 2821 μόνον
2851 2747 2930 2812 οἷς
2952 2748 3149 2819 ἔχομεν
3180 2747 3279 2800 οὐκ
3314 2742 3807 2816 ἀρκούμεθα,ὰλλά
3836 2745 3934 2797 καὶ

2348 2845 2412 2897 ἐκ
2450 2843 2558 2897 τῶν
2607 2842 2902 2912 ἀλλοτρίων
2956 2837 3412 2911 χρηματιζόμεθα
3459 2836 3757 2906 συμφορῶν
3786 2853 3799 2868 ·
3835 2837 3936 2889 καὶ

2346 2934 2574 3005 ἠρεμεῖν
2607 2930 3064 3002 προσταχθέντες,
3098 2924 3672 2996 φιλοπραγμονοῦντες
3699 2925 3795 2977 καὶ
3819 2926 3934 2986 τοῖς

2346 3022 2677 3095 ⁴ἡσυχάζουσι
2699 3020 3161 3092 παρενοχλοῦμεν.
3191 3020 3301 3073 Καὶ
3327 3019 3386 3071 οὐ
3414 3018 3570 3088 μόνον
3592 3015 3765 3069 ταῦτα
3791 3015 3933 3087 δρῶ-

2347 3134 2477 3187 μεν,
2529 3114 2665 3169 ἀλλὰ
2713 3113 2808 3167 καὶ
2859 3113 3132 3168 διδάσκειν
3187 3111 3382 3173 ἄλλους
3431 3108 3840 3180 ἐπιχειροῦμεν,
3896 3107 3935 3163 ἃ.

2347 3211 2519 3260 ποιεῖν
2552 3207 2653 3259 οὐκ
2688 3205 2943 3276 ἐθέλομεν
2967 3220 2981 3234 ·
3013 3203 3082 3257 τὰ
3135 3202 3245 3274 γὰρ
3284 3203 3419 3256 ἄλλα
3469 3201 3707 3273 παρίημι
3735 3217 3746 3231 ·
3780 3200 3933 3254 οὐδὲν

2346 3298 2454 3367 γὰρ
2482 3296 2739 3366 βούλομαι
2762 3295 3021 3365 δυσχερὲς
3043 3296 3235 3349 είπείν.
3259 3292 3427 3346 Ταῦτ’
3450 3288 3543 3347 οὖν
3570 3292 3858 3355 ἀκούοντες
3882 3293 3932 3345 oi

2347 3394 2644 3465 ἄνθρωποι,
2682 3393 2776 3444 καὶ
2821 3391 3094 3461 ὁρῶντες,
3153 3388 3288 3443 ἄλλα
3325 3387 3422 3458 μὲν
3471 3388 3615 3456 ὑμᾶς
3656 3386 3931 3440 διδάσκειν

2346 3484 2757 3555 ἐπιχειροῦντας
2784 3524 2798 3547 ,
2835 3481 2971 3536 ἄλλα
3002 3482 3059 3534 δὲ
3088 3480 3333 3552 δρῶντας
3360 3519 3374 3545 ,
3411 3478 3600 3549 ὥσπερ
3639 3477 3930 3547 εἰρωνεύε-

2350 3577 2473 3630 σθαι
2520 3577 2669 3646 ἡμᾶς
2706 3575 2803 3626 καὶ
2848 3572 3066 3635 παίζειν
3104 3574 3160 3625 ὲν
3211 3571 3274 3623 οὐ
3312 3572 3565 3631 παικτοῖς
3616 3567 3927 3637 ἡγούμενοι,

2348 3669 2492 3721 κατὰ
2544 3670 2641 3737 τῆς
2696 3666 2848 3728 θείας
2889 3663 3145 3735 προνοίας
3202 3661 3440 3715 ἁκονῶσι
3495 3660 3593 3722 τὰς
3643 3658 3927 3727 γλώττας·

2348 3760 2471 3830 ἥτις
2507 3758 2602 3810 καὶ
2640 3757 2836 3818 αὐτοὺς
2872 3756 2992 3826 μὲν,
3022 3756 3167 3824 ἡμᾶς
3199 3752 3257 3806 δέ
3292 3752 3451 3805 πλέον
3480 3751 3932 3820 ἁμυνεῖται,τοὺς

2351 3851 2559 3912 αἰτίους
2582 3848 2677 3917 τῆς
2699 3846 2951 3917 τοιαύτης
2979 3844 3324 3917 βλασφημίας
3348 3842 3681 3912 γινομένους.

666 3958 922 4028 spiciunt,
974 3969 1074 4010 nos
1136 3962 1392 4020 tanquam
1428 3947 1777 4004 simulatione
1834 3945 1933 4010 uti,
1980 3956 2143 4016 atque
2196 3948 2246 4001 in
2289 3944 2450 3999 rebus
2482 3943 2702 3995 minime
2731 3940 2955 3995 ludicris
3015 3939 3204 3993 ludere
3260 3937 3638 3994 existimantes
3671 3936 3933 3993 adversus

667 4054 903 4107 divinam
944 4046 1337 4119 providentiam
1390 4043 1601 4111 linguas
1637 4050 1835 4095 acuunt
1872 4058 1885 4095 :
1916 4056 2035 4110 qnze
2072 4041 2232 4094 etiam
2275 4039 2489 4108 quidem
2524 4038 2576 4090 in
2610 4037 2776 4105 ipsos,
2815 4050 2999 4089 verum
3036 4035 3089 4089 in
3150 4048 3269 4100 nos,
3320 4033 3411 4104 qui
3443 4026 3754 4098 bujusmodi
3784 4030 3934 4088 blas-

673 4147 901 4215 phemia:
953 4154 1173 4196 causam
1212 4138 1537 4208 prmbemus,
1575 4134 1794 4204 gravius
1824 4134 2242 4188 animadvertet.

947 4232 1128 4288 CDVI.
1155 4261 1225 4272 —
1247 4228 1499 4285 ZOSIMO
1550 4228 1635 4283 ET
1672 4226 1958 4286 MARONI.

738 4350 794 4403 Si
819 4362 904 4411 ea,
934 4361 1054 4416 qua:
1108 4353 1417 4399 nostrarum
1467 4342 1700 4411 partium
1738 4351 1903 4410 sunt,
1966 4343 2085 4398 sine
2135 4342 2237 4395 ulla

2661 4241 2802 4307 Υιῖι.
2834 4269 2901 4279 .-
2931 4240 3183 4312 ΖΩΣιΜο
3214 4240 3335 4293 ιω
3362 4241 3648 4294 meum.

2422 4350 2482 4404 Εἰ
2524 4351 2621 4421 μὲν
2655 4352 2722 4404 τὰ
2754 4354 2883 4422 παρ’
2923 4351 3079 4422 ἡμῶν
3130 4350 3582 4421 άπαραλείπτως,
3634 4353 3729 4406 καὶ
3791 4354 3930 4423 μετά

669 4438 1125 4511 praetermissione
1162 4451 1224 4490 ac
1263 4449 1385 4488 cum
1432 4433 1577 4487 omni
1630 4433 1808 4489 studio
1858 4441 1911 4488 et
1972 4433 2245 4502 diligentia

2354 4442 2534 4511 πάσης
2580 4441 2815 4511 σπουδῆς
2849 4440 3089 4511 γίγνοιτο
3112 4483 3125 4506 ,
3155 4444 3278 4495 τότε
3324 4443 3417 4495 καὶ
3446 4443 3547 4513 τὴν
3583 4442 3731 4497 θείαν
3758 4446 3926 4515 ῥοπὴν

672 4486 1123 4511 ,...,,------.------,
1164 4486 1221 4490 η
1633 4486 1647 4487 η
1868 4486 1907 4488 η
1984 4486 1989 4487 ,
2070 4486 2122 4502 υ-

671 4533 826 4594 llant,
860 4540 970 4584 tum
1000 4527 1213 4580 demum
1246 4523 1412 4578 divini
1452 4536 1665 4592 quoque
1696 4523 1879 4576 auxilii
1908 4533 2235 4577 momentum

2362 4486 2532 4511 ...ην
2583 4486 2764 4493 -.η-η
2792 4486 2813 4503 ,
2892 4486 2930 4509 -,
2958 4486 3125 4506 .--.-,
3166 4486 3277 4495 η--
3326 4486 3417 4495 η-.
3457 4486 3498 4496 ..
3528 4486 3543 4495 .
3586 4486 3728 4497 --ηπ
3796 4486 3880 4498 -...
3908 4486 3925 4498 ,

2346 4537 2566 4606 κλητέον
2596 4538 2672 4598 εἰς
2704 4486 3020 4605 συμμαχίαν
3044 4550 3056 4561 ·
3098 4532 3218 4603 ἥξει
3252 4536 3361 4605 γὰρ
3394 4486 3555 4587 παντὶ
3603 4486 3789 4607 τρόπις)
3831 4492 3927 4607 την

673 4617 1065 4689 implorandum
1108 4623 1210 4672 est.
1254 4614 1448 4671 Veniet
1493 4614 1637 4668 enim
1675 4613 1914 4680 omnino,
1955 4614 2238 4668 victoriam

669 4710 997 4766 concilians.
1024 4707 1082 4763 Si
1115 4718 1295 4763 autem
1330 4705 1461 4760 nihil
1496 4720 1707 4771 eorum,
1742 4719 1859 4774 quae
1884 4704 2040 4760 cilicii
2074 4706 2240 4759 nostri

668 4815 815 4869 sunt,
854 4802 970 4867 ﬂat,
1009 4801 1209 4856 frustra
1262 4799 1432 4869 ipsius
1479 4798 1735 4852 auxilium
1764 4796 2101 4866 imploratur.
2134 4795 2240 4851 Ne-

668 4909 770 4964 que
802 4893 943 4949 cnim
977 4892 1375 4948 simulationem
1403 4889 1654 4960 perferet,
1672 4903 1779 4944 nec
1805 4890 1873 4943 ad
1893 4903 1986 4943 eos
2004 4887 2241 4951 accedet,

671 4986 762 5056 qui
792 4986 845 5041 in
867 4986 1188 5055 profundum
1239 4984 1392 5041 exitii
1442 4982 1661 5054 pelagus
1690 4980 1881 5037 libenti
1911 4981 2091 5035 animo
2126 4994 2247 5037 sese

669 5077 981 5150 projiciunt.

864 5168 1029 5241 410
1050 5166 1251 5225 CDVll.
1280 5198 1346 5208 —
1374 5164 1650 5222 DlOGENl
1702 5163 2021 5222 DlACONO.

740 5283 1031 5339 Peccatum
1057 5282 1214 5338 venia
1234 5280 1448 5351 gravius
1479 5279 1735 5347 admittis,
1756 5280 1843 5337 'vir
1867 5281 2091 5351 Optime,
2122 5278 2249 5335 dum

672 5373 891 5433 Eusebii
938 5375 1286 5445 tyrannidem
1344 5375 1514 5444 magis
1542 5387 1703 5445 quam
1747 5371 2060 5443 aequitatem
2115 5369 2248 5428 colis

731 5536 779 5569 ’⁸
802 5536 907 5594 isa.
936 5551 1034 5602 ιιι,
1070 5537 1123 5591 5.

2347 4629 2507 4698 νίκην
2540 4627 2975 4698 πρυτανεύουσα.
3006 4625 3069 4678 Εἰ
3105 4624 3157 4675 δὲ
3193 4624 3356 4693 μηδὲν
3388 4626 3494 4678 τῶν
3529 4626 3761 4679 δεόντων
3796 4635 3925 4698 παρ’

2348 4718 2503 4789 ἡμῶν
2539 4718 2795 4786 γίγνοιτο,
2820 4717 3049 4784 περιττή
3073 4716 3165 4766 καὶ
3200 4716 3233 4784 ἡ
3265 4715 3453 4784 κλῆσις
3473 4733 3485 4746 ·
3515 4718 3798 4786 εἰρωνείας
3822 4720 3925 4791 γὰρ

2347 4810 2449 4862 οὐκ
2477 4809 2725 4871 ἀνέξεται
2751 4847 2764 4871 ,
2802 4806 2909 4858 οὐδ’
2956 4805 3296 4875 ἐπιφοιτήσει
3339 4808 3451 4869 τοῖς
3497 4808 3723 4871 ἑαυτοὺς
3761 4812 3840 4874 είς
3870 4814 3927 4863 τὸ

2352 4901 2549 4971 ἀχανὲς
2586 4900 2686 4969 τῆς
2711 4898 2986 4963 ἀπωλείας
3012 4899 3265 4969 ἀσμένως
3292 4899 3543 4969 ῥίπτουσι
3576 4900 3831 4968 πέλαγος.

2679 5171 2775 5221 ΥΖι
2810 5199 2877 5208 -
2918 5171 3230 5224 AlOl‘ENEl
3271 5172 3590 5243 ΔιΑκοΝῃ.

2431 5281 2763 5353 Συγγνώμης
2802 5284 3044 5353 μείζονα,
3078 5282 3120 5338 ὣ
3152 5283 3414 5354 βέλτιστε,
3444 5286 3802 5357 ἁμαρτάνεις,
3833 5289 3925 5360 τὴν

2357 5372 2617 5425 Εὑσεὸίου
2649 5376 2940 5444 τυραννίδα
2972 5376 3079 5445 πρὸ
3107 5375 3201 5429 τοῦ
3244 5376 3453 5431 δικαίου
3481 5376 3827 5448 θεραπεύων.
3859 5378 3924 5432 Ἦ

1760 5644 1994 5703 VARLE
2022 5645 2411 5705 LECTIONES
2450 5648 2540 5703 ΕΤ
2584 5647 2817 5706 NOTAE.

744 5803 854 5874 (22)
889 5801 1037 5863 Vers.
1078 5807 1278 5877 penult.
1310 5821 1395 5879 ep.
1429 5804 1533 5864 Pro
1558 5805 1914 5876 ἀναφαίνεται
1946 5805 2087 5865 idem
2115 5804 2241 5864 cod.

2346 5812 2402 5861 tl.
2437 5804 2599 5864 habet
2629 5807 3003 5877 ἀναφανεῖται.
3034 5807 3243 5863 Possm.
