4164 6454
270 405 408 473 1041

1215 405 1758 473 EPISTOLARUM
1797 407 1946 470 LIB.
2003 406 2148 469 III.'.
2187 433 2226 443 -
2259 409 2498 470 EPIST.
2533 409 2702 471 CDX.

3439 397 3586 467 1042

269 518 455 576 τοίνυν
487 521 685 592 συνὼν,
716 524 972 596 αἴσθησιν
996 523 1142 594 αύτῷ
1180 521 1402 594 δμποίει
1431 521 1532 593 τῆς
1565 517 1858 592 ἀνηκέστοι

1979 525 2143 589 atque
2161 518 2441 575 observas.
2476 517 2848 586 Quamobrem
2901 523 2996 572 aut
3038 527 3163 573 cum
3193 528 3258 571 eo
3285 525 3578 570 consuetu-

269 610 459 680 νόσου,
487 613 520 686 ἢ
552 614 844 688 ἀπόστηθι,
879 614 1181 689 ιπιτρίόων
1212 613 1381 670 αὑτοῦ
1409 613 1509 684 τὴν
1535 611 1757 668 κακίαν.

558 913 688 968 γαί.
718 943 789 953 --
825 910 1084 966 zuNuNt
1115 910 1410 981 ΜΟΝΑΧῼ
1444 909 1580 977 (εδ).

349 1001 468 1056 Ὀτι
501 1004 602 1074 μὲν
635 1003 994 1076 ἀκμαζούσης
1035 1002 1136 1074 τῆς
1178 1002 1532 1074 Ἐκκλησίας,
1576 1000 1671 1053 καὶ
1697 1000 1868 1070 μήπω

270 1094 657 1164 νενοσηκυίας,
684 1097 754 1148 τὰ
779 1096 894 1148 θεῖα
923 1096 1051 1166 περί
1080 1094 1252 1165 αὐτὴν
1274 1095 1496 1165 ἐχύρευε
1527 1093 1866 1164 χαρίσματα,

270 1185 368 1242 τοῦ
402 1186 558 1254 ἁγίου
590 1189 907 1258 Πνεύματος
940 1187 1423 1257 δημαγωγοῦντος,
1457 1189 1551 1240 καὶ
1584 1186 1692 1240 τῶν
1733 1203 1869 1258 προ-

242 1318 249 1325 .
271 1275 527 1331 εστὼτων
552 1277 780 1331 ἕκαστον
805 1276 1101 1342 κινοῦντος,
1134 1278 1227 1330 καὶ
1253 1277 1482 1344 ούρανὺν
1505 1276 1605 1346 τὴν
1637 1276 1870 1348 Ἐκκλη-

276 1374 400 1427 σίαν
432 1375 713 1438 ποιοῦντος
739 1419 753 1442 ,
796 1376 928 1428 πᾶσι
965 1373 1124 1443 δῆλόν
1156 1375 1328 1426 ἐστιν.
1367 1373 1492 1425 Ὅτι
1535 1371 1592 1424 δὲ
1627 1369 1868 1440 νοσησά-

274 1481 378 1534 σης
422 1465 516 1528 καὶ
566 1466 961 1534 στασιασάσης,
991 1463 1214 1532 ἀπέπτη
1263 1464 1442 1518 πάντα
1502 1465 1710 1526 ὲκεῖνα,
1765 1460 1862 1514 καὶ

271 1559 645 1628 ἀπεπήδησεν,
678 1559 740 1610 οὐ
764 1557 832 1610 τὰ
855 1556 1172 1627 χαρίσματα
1204 1556 1385 1622 μόνον⁹
1419 1556 1479 1608 ού
1509 1555 1620 1626 γὰρ
1637 1549 1705 1626 ἦν
1722 1553 1868 1609 οὔτω

271 1650 446 1703 δεινὸν
481 1653 527 1704 εί
557 1649 716 1703 τοῦτο
757 1649 916 1721 μόνον
935 1644 1003 1720 ἦν
1029 1665 1042 1679 ·
1076 1648 1211 1701 ἀλλὰ
1250 1649 1346 1701 καὶ
1379 1647 1493 1716 βίος
1537 1647 1634 1700 καὶ
1665 1645 1861 1718 ἁρετὴ,

273 1744 369 1795 καὶ
408 1742 565 1795 τοῦτο
613 1744 748 1797 πᾶσι
787 1741 968 1810 δῆλον.
1007 1740 1128 1796 Ἷνα
1183 1739 1294 1810 γὰρ
1339 1739 1509 1792 τᾶλλα
1563 1737 1726 1810 παρῶ
1755 1777 1769 1802 ,
1806 1737 1867 1803 ἐξ

1977 611 2162 666 dinem
2196 610 2403 666 habens
2431 609 2744 681 gravissimi
2774 623 2838 665 ac
2863 621 3001 678 pene
3046 605 3368 663 incurabilis
3397 602 3577 660 morbi

1975 717 2196 757 sensum
2227 702 2330 772 ipsi
2364 704 2622 772 ingenera
2660 721 2676 758 :
2707 710 2799 756 aut
2834 700 3005 771 ipsius
3037 698 3444 769 improbitatem
3474 695 3577 752 ob-

1975 803 2178 860 terens,
2216 794 2284 850 ab
2310 809 2375 848 eo
2407 803 2459 848 te
2493 807 2734 849 remove.

2258 909 2579 965 CDVill'.—
2618 908 2872 965 ZENONI
2909 906 3266 965 MONACHO.

2047 1001 2198 1069 Quod
2232 1003 2456 1058 ﬂorente
2513 1002 2779 1066 Ecclesia,
2829 1010 2885 1057 et
2941 1002 3178 1056 nondum
3213 1001 3404 1056 morbo
3427 999 3576 1056 laboo

1975 1102 2128 1147 rante
2157 1091 2355 1146 divina:
2384 1091 2572 1164 gratia:
2597 1093 2806 1147 circum
2837 1107 2954 1148 eam
2985 1092 3135 1147 velut
3179 1093 3410 1148 chorum
3444 1107 3575 1163 age-

1977 1197 2114 1249 rent,
2171 1198 2364 1240 sancto
2416 1185 2664 1242 videlicet
2717 1185 2925 1256 Spiritu
2989 1200 3075 1241 res
3117 1185 3564 1251 administrante,

1973 1287 2136 1347 atque
2197 1279 2503 1334 antistitum
2565 1293 3007 1350 unumquemque
3039 1278 3324 1346 incitante,
3355 1294 3420 1334 ae
3471 1277 3575 1334 Ec-

1971 1369 2192 1423 clesiam
2235 1369 2288 1423 in
2342 1370 2543 1425 coalum
2582 1379 2969 1436 convertente,
3003 1372 3257 1427 omnibus
3300 1381 3488 1426 notum
3518 1380 3575 1426 et

1969 1463 2317 1531 perspicuum
2345 1471 2446 1518 est.
2484 1462 2637 1530 Quod
2663 1472 2866 1531 autem,
2897 1472 3249 1535 posteaquam
3283 1479 3345 1520 ea
3379 1465 3573 1521 morbo

1973 1552 2163 1609 ali'ecta
2197 1563 2303 1619 est,
2335 1569 2398 1610 ac
2429 1555 2698 1611 seditione
2743 1554 3034 1621 laboravit,
3075 1561 3258 1612 omnia
3316 1556 3406 1612 illa
3443 1572 3573 1614 avo-

1971 1643 2157 1710 larint,
2192 1653 2359 1714 atque
2390 1659 2499 1698 non
2552 1645 2740 1715 gratim
2799 1645 3063 1700 duntaxat
3090 1648 3291 1717 (neque
3317 1647 3464 1701 enim
3495 1645 3570 1703 ita

1970 1737 2151 1809 gravis
2177 1751 2263 1793 res
2294 1747 2462 1802 esset,
2491 1736 2534 1792 si
2563 1738 2666 1793 hoc
2710 1738 2885 1793 solum
2916 1738 3043 1793 mali
3069 1740 3237 1808 esset)
3281 1739 3378 1794 sed
3403 1739 3571 1794 etiam

273 1835 395 1898 ἑνὸς
429 1836 757 1906 πράγματος
794 1834 887 1886 καὶ
918 1833 1045 1904 περὶ
1078 1833 1188 1885 τῶν
1228 1832 1433 1884 λοιπῶν
1460 1830 1757 1900 αἰνίξομαι.
1792 1830 1858 1882 Τὸ

1973 1830 2080 1884 vita
2106 1839 2160 1884 et
2190 1829 2361 1885 virtus
2387 1831 2780 1897 absceSserint,
2803 1831 2855 1887 id
2878 1845 3100 1902 quoque
3133 1832 3336 1887 nemini
3368 1831 3570 1888 obscu-

279 1926 383 1997 μὲν
414 1927 523 1997 γὰρ
553 1926 652 1996 τῆς
694 1926 921 1995 εἰρήνης
949 1925 1144 1993 ὄνομα,
1169 1922 1445 1994 πανταχοῦ
1474 1939 1487 1953 ·
1514 1921 1575 1974 τὸ
1603 1922 1660 1975 δὲ
1685 1922 1866 1994 πρᾶγ-

275 2033 374 2088 μα,
429 2016 689 2086 οὐδαμοῦ.
736 2016 876 2068 Ἀλλ’
920 2015 1095 2068 ἔοικεν
1141 2015 1441 2086 Ἐκκλησία
1483 2014 1704 2084 γυναικί
1757 2032 1864 2067 τινι

267 2107 373 2178 τῆς
399 2107 631 2179 ἀρχαίας
662 2109 962 2177 εὐημερίας
998 2106 1310 2180 ἐκπεσούσῃ
1338 2148 1351 2172 ,
1388 2107 1482 2160 καὶ
1513 2107 1581 2159 τὰ
1618 2106 1864 2178 σύμϐολα

274 2197 438 2267 μόνον
493 2198 715 2268 ἐχούσῃ.
782 2197 892 2260 Τὰς
933 2199 1031 2268 μὲν
1090 2198 1200 2268 γὰρ
1248 2197 1423 2266 θήκας
1466 2197 1576 2251 τῶν
1609 2196 1860 2267 κοσμίων

270 2287 383 2359 ἔχει
424 2289 519 2342 καὶ
559 2289 626 2342 τὰ
664 2288 934 2342 κιόιῦτιαο
989 2288 1084 2342 τοῦ
1138 2289 1194 2342 δὲ
1250 2289 1484 2342 πλούτου
1537 2289 1855 2360 ἐστέρηται,

266 2381 330 2434 ού
361 2381 513 2451 παρὰ
562 2381 661 2450 τὴν
692 2381 786 2432 τοῦ
826 2382 886 2446 ἐξ
916 2380 1092 2450 ἀρχῆς
1140 2383 1519 2452 κοσμήσαντος
1573 2381 1860 2450 ἀμέλειαν,

267 2468 405 2523 ἀλλὰ
444 2468 596 2538 παρὰ
625 2471 725 2539 τὴν
764 2469 875 2522 τῶν
908 2472 968 2522 ού
1003 2469 1233 2535 δεόντως
1261 2469 1328 2524 τὰ
1360 2473 1665 2542 πράγματα
1700 2488 1864 2542 μετα-

265 2557 659 2630 χειριζομένων
690 2560 908 2617 κακίαν.
938 2561 1002 2612 Oi
1040 2561 1139 2630 μὲν
1168 2561 1280 2630 γὰρ
1313 2561 1536 2626 πωλεῖν,
1567 2563 1616 2614 οί
1641 2560 1698 2613 δὲ
1735 2561 1864 2629 ἁγο-

266 2649 455 2722 ρὰζειν
484 2650 582 2721 τὴν
623 2649 930 2722 ἱερωσύνην,
956 2651 1252 2721 τολμῶσιν.
1281 2654 1344 2704 Οί
1375 2654 1472 2722 μὲν
1502 2653 1860 2722 πράττουσιν,

265 2739 302 2794 ἃ
338 2740 474 2811 μηδὲ
510 2740 690 2808 λέγειν
731 2741 914 2812 τολμῶ
958 2741 1078 2807 ἐξόν
1106 2758 1118 2771 ο
1156 2743 1207 2796 οί
1253 2743 1311 2796 δὲ
1347 2743 1619 2812 λέγουσιν,
1661 2743 1696 2796 ἃ
1732 2743 1859 2814 μηδ’

261 2834 463 2886 ἐννοεῖν
495 2831 948 2900 θέμις.Ἐίκότως
974 2829 1067 2888 οὖν
1097 2834 1365 2905 ἠπείλησε
1393 2837 1507 2898 τοῖς
1537 2833 1803 2898 τοιούτοις
1833 2835 1862 2888 ό

260 2923 361 2991 τῆς
406 2920 736 2991 Ἐκκλησίας
781 2922 1065 2985 Δεσπότης
1110 2923 1204 2975 καὶ
1253 2923 1488 2993 νυμφίος
1539 2922 1687 2976 τοῦθ’
1721 2924 1860 2994 ὅπερ

265 3013 457 3084 μαθεῖν
482 3014 773 3084 ἐζήτησας,
801 3014 882 3067 ὅτι
906 3014 1068 3080 Ἥξει
1092 3015 1120 3066 ὁ
1142 3013 1349 3086 Κύριος
1371 3015 1466 3070 τοῦ
1491 3015 1680 3069 δούλου
1710 3016 1859 3069 ὲκεί-

261 3122 392 3169 νου,
427 3106 522 3158 καὶ
567 3106 919 3177 διχοτομήσει
965 3107 1152 3170 αὑτὸν,
1215 3108 1311 3160 καὶ
1355 3109 1418 3161 τὸ
1465 3109 1634 3179 μέρος
1689 3108 1855 3164 αὑτοῦ

1971 1937 2090 1976 rum
2121 1931 2223 1977 est.
2260 1921 2330 1977 Ut
2361 1923 2504 1978 enim
2535 1922 2638 1977 alia
2675 1923 2947 1990 omittam,
2997 1939 3065 1980 ex
3117 1941 3223 1980 una
3283 1940 3342 1980 re
3369 1935 3572 1981 caetera

1968 2015 2132 2068 etiam
2163 2012 2498 2084 significabo.
2541 2013 2758 2070 Etenim
2785 2015 2935 2084 pacis
2959 2015 3180 2086 quidem
3213 2030 3413 2070 nomen
3447 2015 3570 2072 ubi-

1967 2118 2073 2172 que
2099 2113 2182 2158 est
2214 2123 2228 2160 :
2263 2119 2351 2160 res
2381 2115 2562 2160 autem
2596 2106 2712 2177 ipsa
2740 2123 3012 2176 nusquam
3046 2124 3060 2161 :
3101 2091 3291 2162 verum
3323 2106 3571 2163 Ecclesia

1967 2195 2184 2253 femina:
2216 2199 2453 2263 cuidam,
2490 2215 2612 2269 qua;
2653 2215 2720 2254 ex
2756 2201 2983 2270 antiqua
3032 2199 3298 2256 felicitate
3342 2199 3568 2266 excidit,

1967 2302 2034 2344 ac
2067 2289 2218 2361 signa
2253 2297 2462 2344 tantum
2505 2292 2693 2360 habet,
2729 2291 2923 2348 similis
2969 2302 3072 2347 est.
3104 2291 3571 2347 Ornamentorum

1966 2382 2109 2438 enim
2143 2397 2364 2438 suorum
2399 2384 2585 2439 thecas
2609 2394 2665 2440 et
2690 2384 2904 2440 arculas
2955 2383 3139 2448 habet,
3168 2385 3361 2454 opibus
3387 2391 3572 2438 autem

1967 2473 2197 2543 spoliata
2230 2481 2315 2528 est
2342 2489 2357 2528 ε
2391 2489 2496 2528 non
2521 2475 2590 2529 ob
2623 2474 2762 2543 ejus,
2790 2475 2881 2544 qui
2909 2489 3028 2530 eam
3056 2476 3296 2546 primum
3337 2487 3573 2529 exorna-

1968 2565 2064 2631 vit,
2097 2566 2364 2620 incuriam
2395 2583 2458 2622 ac
2506 2568 2923 2637 negligentiam,
2961 2568 3056 2624 sed
3111 2567 3181 2622 ob
3229 2581 3444 2633 eorum,
3475 2564 3574 2635 qui

1965 2672 2095 2724 non,
2133 2668 2192 2711 ut
2217 2659 2497 2727 convenit,
2556 2675 2645 2714 res
2684 2660 3094 2726 administrant,
3126 2659 3565 2728 improbitatem.

1964 2749 2069 2803 Alii
2103 2748 2250 2803 enirn
2284 2751 2548 2816 vendere,
2580 2751 2672 2805 alii
2708 2765 2893 2806 emere
2934 2752 3305 2806 sacerdotium
3339 2751 3565 2805 audent.

1963 2840 2070 2895 Alii
2103 2857 2165 2896 ea
2200 2853 2391 2913 agunt,
2427 2859 2549 2913 quae
2571 2845 2786 2900 etiamsi
2809 2844 2997 2908 liceat,
3032 2845 3217 2900 dicere
3245 2853 3422 2898 tamen
3457 2857 3568 2902 non

1965 2934 2141 2988 audeo
2169 2950 2186 2998 ;
2221 2936 2312 2989 alii
2347 2945 2529 2990 autem
2557 2950 2621 2991 ea
2676 2935 2885 2999 dicunt,
2919 2949 3040 3004 qua:
3076 2951 3145 2990 ne
3173 2935 3420 3005 cogitare
3441 2935 3566 3005 qui-

1971 3025 2092 3078 dem
2125 3024 2208 3079 fas
2237 3035 2344 3079 est.
2371 3027 2570 3082 Merito
2616 3027 2846 3097 proinde
2876 3027 3194 3097 hujusmodi
3250 3027 3567 3084 hominibus

1963 3117 2225 3173 Ecclesia:
2249 3117 2516 3176 Dominus
2539 3135 2605 3176 ac
2637 3119 2884 3190 Sponsus
2909 3122 3013 3176 hoc
3045 3122 3431 3194 interminatus
3457 3130 3564 3186 est,

264 3197 402 3268 μετὰ
440 3197 548 3250 τῶν
599 3201 846 3252 ἀπίστων
903 3198 1080 3269 θήσει.
1136 3199 1300 3253 Ἀλλὰ
1355 3199 1523 3270 μῦθος
1583 3201 1769 3265 αὐτοῖς
1821 3204 1854 3273 ἡ

1967 3211 2112 3279 quod
2155 3210 2250 3265 tibi
2290 3225 2318 3266 a
2358 3225 2445 3266 me
2494 3212 2692 3283 exponi
2740 3213 3001 3284 quaesiisti
3026 3229 3042 3268 :
3069 3212 3266 3269 Veniet
3306 3214 3567 3271 Dominus

261 3287 487 3359 τοιαύτη
520 3289 742 3362 ἀπειλὴ,
781 3293 877 3343 καὶ
915 3291 1276 3361 ήάπόφασις,
1328 3292 1601 3364 ἀγυρτικὴ
1636 3292 1856 3364 νομίζε-

258 3396 352 3435 ται
392 3381 719 3448 λογοποιία·
762 3381 940 3435 καίτοι
982 3382 1170 3435 λοιπὸν
1211 3383 1308 3436 τοῦ
1337 3383 1545 3452 κόσμου
1591 3387 1672 3448 είς
1703 3385 1857 3449 τέλος

260 3471 645 3540 ὲπειγομένου,
679 3472 773 3525 καὶ
801 3471 900 3542 τὴν
921 3472 1192 3544 τιμωρίαν
1218 3473 1528 3537 ὠδίνοντος.
1573 3474 1736 3529 Ἀλλὰ
1764 3476 1854 3542 σὺ,

257 3552 305 3614 ὦ
344 3560 449 3630 τῆς
507 3560 838 3632 Ἑκκλησίας
883 3561 1108 3632 θρέμμα
1163 3563 1553 3634 περίϐλεπτον,
1604 3565 1681 3636 μὴ
1736 3568 1853 3628 τοῖς

259 3652 561 3722 ναυαγοῦσι
594 3654 858 3724 πρόσεχε,
898 3655 1033 3725 μηδὲ
1057 3655 1168 3718 τοῖς
1196 3656 1499 3727 ῥαθυμοῦσι
1533 3657 1854 3730 παράϐαλλε

261 3744 512 3811 σεαυτὸν,
566 3745 703 3799 ἀλλὰ
757 3747 816 3798 τὸ
864 3745 982 3812 φῶς
1014 3747 1112 3818 τῆς
1161 3746 1417 3815 γνώσεως
1468 3747 1854 3820 λαμπρότερον

259 3835 642 3901 κατασκεύαζε
667 3877 682 3902 ,
717 3837 953 3900 ποτίζων
1004 3838 1118 3909 (Ξό)
1160 3839 1293 3890 αὐτὸ
1322 3839 1410 3892 διὰ
1438 3840 1539 3910 τῆς
1584 3841 1728 3894 κατὰ
1756 3843 1849 3897 τὸν

264 3928 378 3999 βίον
415 3929 643 3999 ἀρετῆς.
679 3929 788 3982 Καὶ
818 3928 910 3981 τὸν
939 3929 1174 3998 νυμφίον
1204 3930 1469 4001 περίμενε
1490 3971 1504 3995 ,
1545 3933 1856 3987 είσελευσό-

263 4036 426 4093 μενον
456 4020 554 4091 μὲν
587 4018 730 4090 μετὰ
748 4018 857 4073 τῶν
879 4019 1170 4091 παρθένων
1192 4019 1395 4090 ψυχαῖς
1411 4037 1471 4072 τε
1496 4021 1588 4074 καὶ
1614 4022 1850 4094 σώμασι·

266 4111 732 4185 μετελευσόμενον
765 4111 821 4163 δὲ
860 4107 988 4174 τοῖἱς
1020 4111 1082 4164 τδ
1109 4113 1212 4181 τῆς
1257 4112 1561 4184 παρθενίας
1605 4115 1700 4168 καὶ
1743 4116 1846 4186 τῆς

259 4202 564 4274 ἱερωσύνης
596 4202 815 4273 ἀξίωμα
836 4241 853 4271 ,
899 4202 967 4256 δι’
996 4195 1074 4259 ὢν
1113 4203 1442 4276 δεδράκασιν
1471 4245 1488 4274 ,
1526 4205 1848 4278 ὲνυόρίσαν-

260 4312 381 4360 τας.

549 4573 673 4630 rex
698 4601 770 4613 —
797 4571 1156 4647 ΛᾹΜΠΕΤΙῼ
1182 4577 1556 4650 ΕΠΙΣΚΟΠῼ.

341 4661 650 4729 Ἑξανύσων
689 4663 749 4717 τὸ
780 4664 934 4734 παρὰ
981 4664 1076 4718 σοῦ
1115 4668 1671 4740 προσταχθησόμενον
1704 4670 1842 4742 (25),

257 4751 492 4822 ἄσμενος
532 4744 667 4822 ἧκεν
713 4752 743 4803 ὁ
785 4751 968 4819 φίλος,
1021 4748 1081 4808 εὖ
1131 4755 1288 4818 εἰδὼς
1315 4757 1399 4810 ὅτι
1445 4756 1516 4810 τὰ
1550 4749 1703 4828 παρὰ
1747 4759 1843 4814 σοῦ

258 4841 620 4913 κελευόμενα,
657 4844 737 4907 είς
791 4844 1076 4900 εύσέὸειαν
1109 4849 1204 4901 καὶ
1241 4848 1592 4921 δικαιοσύνην
1634 4851 1846 4922 βλέπει.

271 4931 559 5000 Ἀγασθεὶς
586 4927 680 4986 οὖν
703 4931 798 5004 τὴν
839 4934 1170 5006 προθυμίαν,
1196 4939 1429 5010 ἄμειψαι
1455 4943 1522 5012 τῇ
1557 4941 1846 5015 εὐμενείᾳ.

363 5132 484 5202 mu
519 5164 588 5177 —
625 5135 1060 5212 MAPTINIANQ
1092 5139 1206 5212 (εδ)
1239 5141 1717 5218 ΠΡΕΣΒΥΤΕΡῼ.

342 5245 485 5315 Ἐγὼ
511 5246 637 5302 οὔτε
665 5250 964 5318 ἄπταιστός
995 5256 1110 5327 εἰμι
1128 5297 1143 5325 ,
1171 5255 1298 5311 οὗτε
1319 5257 1657 5324 ἀπταίστους
1689 5259 1840 5332 ζητῶ

335 5400 382 5434 ⁸⁷
421 5400 672 5472 Luc.xu,
713 5407 801 5462 46.

1960 3300 2102 3354 servi
2132 3299 2295 3366 illius,
2325 3309 2380 3355 et
2406 3302 2610 3358 dividet
2641 3318 2789 3369 eum,
2836 3313 2892 3358 et
2921 3312 3133 3372 partem
3165 3303 3286 3374 ejus
3312 3319 3441 3364 cum
3477 3304 3564 3361 in-

1961 3393 2212 3449 fidelibus
2253 3404 2420 3466 ponet
2448 3395 2516 3448 ⁸⁷.
2550 3396 2750 3450 Verum
2806 3393 3116 3463 huiusmodi
3177 3396 3564 3454 comminatio-

1960 3502 2083 3542 nem
2111 3502 2210 3558 pro
2239 3487 2418 3543 fabula
2456 3489 2682 3555 ducunt,
2719 3496 2884 3558 atque
2924 3488 3066 3543 hanc
3092 3489 3426 3545 sententiam
3460 3506 3561 3561 pro

1959 3578 2303 3635 circulatoris
2363 3578 2646 3647 cujusdam
2713 3579 2977 3651 ﬁgmento
3010 3598 3024 3635 :
3063 3581 3280 3637 etiamsi
3330 3582 3564 3640 mundus

1955 3671 2073 3742 jam
2119 3672 2186 3726 ad
2231 3673 2392 3727 linem
2445 3682 2724 3743 properet,
2768 3687 2836 3729 ac
2890 3673 3216 3744 supplicium
3269 3675 3560 3745 parturiat.

1958 3763 2031 3816 At
2061 3770 2138 3828 tu,
2168 3777 2202 3818 ο
2236 3764 2530 3834 conSpicue
2555 3763 2816 3822 Ecclesiae
2849 3765 3088 3832 alumne,
3129 3780 3198 3822 ne
3219 3767 3285 3821 ad
3318 3782 3436 3835 eos,
3471 3769 3562 3836 qui

1959 3851 2250 3922 naufragio
2294 3862 2544 3922 pereunt,
2583 3856 2826 3910 animum
2879 3856 3154 3919 attendas,
3193 3871 3292 3911 nec
3315 3870 3440 3912 cum
3474 3872 3562 3912 se-

1959 3943 2157 4014 gnibus
2193 3953 2247 3998 et
2274 3944 2486 4015 ignavis
2526 3947 2757 4015 teipsum
2787 3962 3077 4018 compares
3111 3967 3124 4004 :
3156 3963 3346 4004 verum
3378 3950 3563 4006 scien-

1958 4032 2047 4086 tia:
2075 4033 2262 4087 lumen
2286 4033 2622 4103 Splendidius
2659 4037 2894 4092 subinde
2937 4037 3124 4102 redde,
3164 4053 3262 4109 per
3279 4039 3404 4094 vitae
3434 4055 3563 4110 pre-

1958 4124 2184 4179 bitatem
2243 4125 2419 4195 ipsum
2459 4127 2716 4197 irrigans.
2759 4128 2940 4197 Atque
2990 4144 3252 4198 sponsum
3298 4140 3559 4201 exspecta

1957 4215 2335 4287 ingressurum
2381 4219 2600 4288 quidem
2628 4233 2750 4272 cum
2786 4219 2879 4286 ils,
2917 4219 3006 4290 qui
3037 4220 3238 4277 animis
3273 4232 3329 4276 et
3359 4238 3560 4293 corpo-

1957 4308 2109 4364 ribus
2141 4309 2380 4380 virgines
2410 4321 2537 4368 sunt
2572 4331 2585 4368 :
2617 4313 2682 4368 de
2730 4313 2800 4368 iis
2844 4322 3050 4380 autem,
3083 4314 3174 4386 qui
3221 4315 3558 4384 virginitatis

1956 4409 2012 4457 et
2038 4403 2335 4457 sacerdotii
2383 4403 2636 4474 dignitati
2667 4419 2766 4475 per
2794 4404 3001 4473 ﬂagitia
3034 4419 3134 4460 sua
3167 4408 3558 4464 contumeliam

1957 4491 2279 4558 intulerunt,
2309 4494 2637 4563 supplicium
2670 4503 3035 4565 sumpturum.

2230 4581 2416 4637 CDIX.
2439 4614 2507 4623 —
2529 4583 2883 4641 LAMPETIO
2920 4583 3281 4644 EPISCOPO.

2032 4672 2247 4730 Libenti
2281 4676 2484 4744 animo,
2516 4685 2575 4730 ut
2599 4677 2745 4746 quod
2775 4678 2873 4733 abs
2921 4688 2974 4734 te
3009 4678 3338 4750 imperatum
3370 4679 3556 4746 fuerit,

1959 4773 2320 4836 exsequatur,
2375 4766 2586 4821 amicus
2629 4767 2801 4834 venit,
2846 4782 2947 4837 pro
2989 4779 3142 4825 certo
3184 4763 3438 4826 videlicet
3463 4771 3560 4827 ha-

1952 4855 2088 4910 bene
2131 4871 2219 4922 ea,
2261 4871 2383 4926 quae
2435 4859 2534 4914 abs
2565 4867 2619 4914 te
2669 4859 3031 4928 imperantur,
3089 4861 3158 4916 ad
3209 4861 3465 4932 pietatem
3503 4875 3556 4919 e'

1949 4945 2218 5017 justitiam
2246 4962 2518 5018 spectare.
2569 4950 2938 5017 Quamobrem
2971 4951 3142 5007 animi
3171 4955 3559 5025 promptitudi-

1955 5055 2080 5097 nem
2111 5041 2436 5110 admiratus,
2474 5043 2914 5099 benevolentiam
2970 5043 3072 5114 ipsi
3109 5050 3375 5120 repende.

2021 5151 2183 5228 41].
2222 5153 2384 5210 CDX.
2418 5182 2490 5195 --
2524 5151 2962 5211 MARTINIANO
2992 5125 3486 5216 PRESBiTERO.

2020 5262 2134 5335 Ego
2161 5278 2263 5321 nec
2302 5265 2463 5336 culpa
2507 5280 2689 5335 careo,
2738 5279 2842 5324 nec
2872 5265 3099 5334 amicos,
3128 5267 3223 5338 qui
3273 5266 3431 5338 culpa
3458 5281 3554 5324 ca-

1361 5531 1598 5588 VARhE
1625 5534 2012 5594 LECTIONES
2051 5536 2141 5592 ET
2181 5536 2416 5596 ΝΟΤλΕ.

335 5676 448 5762 βξ)
475 5682 534 5734 lu
568 5679 651 5762 tit.
689 5681 846 5753 hujus
871 5697 956 5752 cp.
989 5690 1352 5762 _pr0_uovaxt'§)
1380 5693 1501 5750 cod.
1533 5692 1710 5752 Vatic.
1747 5695 1852 5753 650

258 5748 448 5823 habet,
478 5748 1066 5823 vaudpxtpfnardrclto.
1101 5748 1305 5815 P‘ossnl':

330 5819 443 5885 ('2‘)
480 5819 788 5888 Idem'cb—d”
823 5824 1006 5892 φωτίζο
1043 5847 1087 5881 ν.
1121 5828 1198 5883 in.

2185 5698 2510 5774 idem__cod.,
2552 5704 2918 5774 προσταχθέν.
2951 5702 3029 5762 In.

2036 5770 2148 5837 (26)
2183 5769 2298 5850 Non
2325 5769 2818 5850 Μαρτ-ινιανῷη
2863 5773 3185 5850 Μαρτυρίῳ.
3226 5775 3552 5838 lnscribitur

1961 5839 2072 5894 ἣξεις
2111 5855 2203 5911 ep.
2233 5841 2284 5895 in
2317 5839 2435 5897 cod.
2477 5841 2592 5897 Vat.
2635 5839 2757 5899 650.
2797 5845 2872 5900 lo.
