4164 6430
711 364 846 432 1043

711 570 971 640 plurimas
989 579 1042 623 et
1070 569 1332 625 maximas
1360 569 1589 624 virtutes
1620 570 1875 636 habeant,
1901 588 2065 642 pauca
2099 586 2279 627 autem

707 672 762 717 et
791 660 968 732 exigui
1004 659 1262 715 momenti
1293 660 1422 716 vitia
1459 659 1597 733 (lieri
1629 664 1771 717 enim
1804 666 2026 720 omnino
2058 682 2161 720 non
2190 680 2282 734 po-

710 761 835 815 test,
868 751 997 819 quin
1025 750 1076 803 in
1127 764 1216 815 eo,
1251 752 1340 821 qui
1373 752 1534 807 homo
1565 762 1668 818 est,
1713 755 1899 808 vitium
1937 755 2150 825 ali‘quod
2184 756 2279 811 dc-

706 843 1087 911 prehendaturi
1120 845 1170 898 in
1203 844 1499 899 amicorum
1536 845 1715 900 album
1751 848 1981 902 ascribo.
2018 847 2152 901 Nam
2187 852 2276 916 qui

704 936 774 988 ob
809 935 1061 1005 exiguum
1094 936 1284 990 vitium
1319 938 1610 992 maximam
1632 940 1796 993 etiam
1835 941 2087 993 virtutem
2116 942 2269 1010 parvi

705 1027 970 1094 pendunt,
1005 1042 1106 1083 nec
1147 1042 1233 1084 res
1277 1029 1543 1084 humanas
1597 1030 1973 1095 considerant,
2008 1046 2108 1087 nec
2147 1046 2278 1100 apo-

705 1113 845 1168 stolo
891 1113 1055 1169 Paulo
1085 1129 1290 1170 morem
1331 1124 1545 1187 gerunt,
1576 1120 1643 1173 ad
1671 1120 1810 1175 hunc
1842 1121 2058 1175 modum
2091 1122 2279 1179 admo-

706 1209 853 1260 nenti
889 1223 902 1260 :
944 1225 964 1259 ι
990 1204 1143 1262 Alter
1186 1207 1410 1264 alterius
1447 1224 1612 1266 onera
1666 1222 1896 1283 portate,
1930 1222 1983 1269 et
2004 1214 2083 1271 sic
2106 1218 2279 1272 adim-

706 1294 921 1366 plebitis
946 1296 1120 1369 legem
1147 1296 1350 1356 Christi
1375 1300 1442 1356 ⁸⁸.
1490 1320 1511 1355 ι
1544 1301 1678 1359 Nam
1706 1304 1797 1373 qui
1828 1319 2054 1375 parvum
2087 1307 2275 1364 vitium

704 1389 925 1445 minime
950 1390 1161 1458 suﬂert,
1210 1392 1257 1449 is
1302 1409 1401 1451 uec
1449 1396 1680 1452 maxima
1711 1398 1910 1453 virtute
1941 1398 2274 1467 perfruetur,

707 1495 807 1537 nec
865 1480 1068 1540 Christi
1132 1485 1329 1558 legem,
1370 1487 1473 1543 hoc
1511 1499 1595 1545 est
1645 1490 1968 1549 charitatem
2019 1493 2273 1562 explebit.

705 1571 853 1638 Quod
884 1573 930 1629 si
961 1574 1163 1632 dixeris
1191 1577 1243 1631 in
1291 1575 1468 1634 Veteri
1517 1579 1865 1637 Testamento
1912 1582 2133 1639 minime
2162 1582 2215 1637 di
2246 1611 2274 1623 -

703 1673 848 1718 ctum
895 1666 1059 1722 fuisse
1099 1685 1113 1723 :
1156 1687 1176 1721 ι
1218 1668 1417 1741 Diliges
1449 1672 1752 1741 proximum
1782 1684 1929 1729 tuum
1968 1673 2110 1729 sicut
2139 1674 2273 1743 teip-

1903 370 1961 430 S.
2010 371 2296 433 ISlDORl
2337 373 2627 434 PELUSll
2639 376 2776 435 )Tzli

711 486 892 546 reant,
916 490 1122 548 quaero.
1150 490 1249 532 nec
1276 478 1416 532 enim
1451 478 1737 533 nanciscar
1766 499 1778 534 :
1823 493 2009 535 verum
2056 497 2169 549 cos,
2193 481 2284 550 qui
2315 484 2357 540 Α
2387 483 2575 552 φίλους
2600 502 2612 516 ο

3835 372 3969 438 1041

2652 487 2712 538 οὐ
2768 484 2878 556 γὰρ
2915 483 3164 555 εὑρήσω·
3226 484 3363 539 ἀλλὰ
3412 484 3533 549 τοὺς
3584 484 3813 539 πλεῖστα
3864 487 3968 556 μὲν

2383 576 2605 646 ἔχοντας
2654 578 2749 630 καὶ
2802 576 3013 647 μεγάλα
3064 575 3488 647 κατορθώματα,
3541 577 3699 645 ὀλίγα
3748 578 3807 630 δὲ
3868 582 3965 631 καὶ

2382 667 2575 735 εὐτελῆ
2616 666 2974 737 ἐλαττώματα
3024 668 3125 739 (δεῖ
3178 669 3286 738 γὰρ
3342 670 3560 732 πάντως
3609 671 3701 721 τὸν
3745 669 3957 740 ἅνθρω-

2383 775 2483 812 πον
2536 760 2871 828 τυγχάνοντα
2929 760 3286 830 ἐλεγχθῆναι)
3335 760 3415 822 εἰς
3450 760 3577 823 τοὺς
3625 760 3811 828 φίλους
3862 763 3959 827 i7-

2379 850 2595 920 γράφω.
2640 852 2701 903 Οί
2756 850 2864 920 γὰρ
2893 851 2980 902 διὰ
3015 851 3210 921 μικρὸν
3265 851 3556 922 ἐλάττωμα
3580 893 3596 917 ,
3640 853 3735 904 καὶ
3764 852 3825 904 τὸ
3858 854 3959 921 μὲ-

2380 959 2567 1009 γιστον
2596 941 2981 1011 πλεονέκτημα
3027 941 3141 1011 (27)
3171 941 3600 1007 ὲξευτελίζοντες
3620 982 3634 1004 ,
3668 942 3792 995 οὔτε
3822 944 3955 996 τιέιν⁵

2381 1033 2629 1104 θρὼπινα
2669 1033 2989 1099 σκοποῦσιν,
3047 1032 3171 1086 οὔτε
3219 1034 3297 1105 τῷ
3346 1035 3633 1105 ἀποττόλῳ
3677 1035 3961 1088 πείθονται

2380 1123 2576 1195 Παύλῳ
2605 1124 2954 1195 παραινοῦντι
2972 1140 2985 1153 ’
3036 1123 3307 1195 Ἀλλήλων
3335 1128 3403 1178 τὰ
3434 1125 3591 1197 βέιρηΝ
3611 1125 3913 1196 βαστάζετε
3936 1169 3952 1192 ,

2379 1217 2474 1271 καὶ
2490 1214 2664 1279 οὕτως
2688 1216 2753 1270 ἂν
2772 1216 3207 1287 ἀναπληρώσατε
3232 1217 3326 1269 τὸν
3349 1217 3513 1289 νόμον
3531 1218 3626 1273 τοῦ
3642 1218 3905 1290 Χριστοῦ.
3939 1239 3954 1268 ι

2389 1309 2448 1363 ’0
2477 1308 2587 1379 γὰρ
2627 1309 2701 1379 μὴ
2752 1308 2935 1379 φέρων
2970 1309 3031 1361 τὸ
3078 1308 3276 1381 μικρὸν
3306 1308 3592 1380 ἐλάττωμα
3618 1349 3633 1373 ,
3685 1309 3811 1363 οὔτε
3862 1311 3957 1364 τοῦ

2380 1400 2638 1471 μεγίστου
2674 1399 3101 1472 κατορθώματος
3130 1401 3427 1456 ἀπολαύσει
3451 1442 3467 1466 ,
3513 1402 3635 1455 οὔτε
3662 1403 3757 1456 τὸν
3787 1403 3955 1473 νόμον

2373 1492 2468 1547 τοῦ
2496 1493 2770 1566 Χριστοῦ,
2800 1493 2946 1547 τοῦτ’
2980 1492 3118 1556 ἐστι,
3146 1494 3247 1563 τὴν
3280 1495 3503 1565 ἀγάπην
3542 1494 3847 1566 πληρώσει.
3891 1497 3956 1548 Εἰ

2373 1584 2430 1639 δὲ
2459 1584 2626 1655 φαίης
2647 1624 2663 1651 ,
2696 1588 2754 1639 ὲν
2791 1587 2855 1655 τῇ
2900 1576 3115 1656 Παλαιᾷ
3146 1580 3240 1638 οὖν
3271 1585 3543 1659 Διαθήκῃ,
3570 1587 3668 1639 οὐκ
3698 1587 3918 1658 εἴρηται
3941 1606 3952 1617 ·

2382 1696 2402 1729 ι
2450 1678 2785 1749 Ἀγαπήσεις
2822 1678 2916 1731 τὸν
2961 1677 3190 1749 πλησίον
3239 1694 3332 1731 σου
3362 1678 3437 1741 ὡς
3467 1680 3685 1732 ἑαυτόν·
3727 1698 3745 1731 ι
3782 1680 3953 1748 φαίην

703 1771 857 1826 sum,
917 1778 939 1812 ι
1003 1761 1107 1818 hoc
1164 1763 1560 1831 responderim,
1612 1766 1846 1821 maxime
1894 1765 2111 1835 quidem
2148 1780 2265 1822 eum

2376 1772 2459 1824 ὅτι
2495 1770 2730 1841 μάλιστα
2768 1769 2867 1839 μὲν
2899 1770 3161 1842 κάκείνην
3190 1771 3354 1831 αὐτὸς
3397 1771 3706 1835 ἐθέσπισεν,
3759 1770 3958 1824 ἔπειτα

702 1846 846 1901 illam
875 1849 1038 1904 etlam
1094 1853 1374 1920 sanxisse;
1405 1855 1596 1910 deinde
1638 1865 1818 1912 autem
1854 1858 1907 1912 in
1939 1856 2143 1913 carnali
2170 1873 2265 1914 sua

2374 1860 2433 1914 δὲ
2462 1831 2519 1914 εὖ
2546 1864 2612 1931 τῇ
2644 1831 2918 1932 παρουσίᾳ
2949 1831 3209 1931 αὑτοῦ-τῇ
3235 1860 3379 1915 κατά
3408 1860 3612 1931 σάρκα,
3644 1831 3956 1929 προσέθηκὲ

701 1940 985 2005 praesentia
1014 1941 1219 2011 aliquid
1249 1945 1486 2016 amplius
1534 1947 1865 2016 adiunxisse,
1905 1964 2027 2005 cum
2083 1950 2218 2006 dixit
2250 1969 2264 2006 :

704 2044 723 2078 ι
756 2028 1060 2088 Mandatum
1088 2051 1287 2091 novum
1329 2039 1398 2094 do
1431 2039 1602 2105 vobis,
1645 2049 1703 2094 ut
1749 2042 1981 2113 diligatis
2012 2043 2264 2108 invicem,

699 2123 841 2176 sicut
902 2139 1004 2193 ego
1074 2128 1238 2185 dilexi
1266 2142 1361 2183 vos
1387 2126 1809 2187 "-“otEtenim
1870 2132 2091 2204 diligere
2148 2136 2267 2204 qni-

590 2260 591 2263 η
694 2215 814 2269 dem
850 2215 901 2269 in
948 2215 1132 2274 Veteri
1188 2218 1541 2276 Testamento
1572 2222 1735 2287 situm
1795 2232 1927 2280 est:
1962 2225 2063 2280 hoc
2113 2240 2263 2291 vero,

702 2323 718 2356 ι
747 2306 884 2362 sicut
908 2322 1007 2378 ego
1029 2308 1194 2365 dilexi
1228 2327 1379 2376 vos,»
1424 2311 1639 2382 adjecit.
1658 2314 1841 2385 quue
1872 2317 2093 2371 nomine
2118 2334 2266 2372 man-

634 2443 639 2449 .
692 2399 877 2452 datum
914 2416 1102 2455 novum
1131 2402 1303 2471 ipsum
1348 2405 1659 2474 appellavit.
1689 2405 1846 2461 Aliud
1891 2408 2033 2462 enim
2066 2418 2149 2463 est
2182 2410 2267 2465 di-

693 2488 860 2559 ligere
900 2492 1204 2561 proximum
1280 2508 1436 2549 sumn
1476 2498 1619 2551 sicut
1666 2496 1899 2565 scipsum
1937 2515 1951 2550 :
1988 2498 2132 2554 aliud
2163 2516 2260 2556 sua

694 2583 988 2654 negligere,
1032 2595 1092 2640 ut
1138 2587 1510 2656 proximorum
1551 2591 1851 2646 commodis
1898 2592 2164 2648 consulat.
2197 2592 2266 2649 Ut

695 2675 838 2729 enim
876 2678 995 2746 ipse
1031 2692 1141 2733 non
1191 2692 1343 2734 suam
1393 2680 1799 2748 sublimitatem,
1842 2684 1936 2738 sed
1984 2683 2262 2740 hominum

691 2766 975 2822 utilitatem
1006 2768 1108 2825 sibi
1136 2769 1206 2825 ob
1243 2769 1434 2826 oculos
1467 2773 1767 2841 proposuit,
1799 2788 1863 2829 ac
1908 2775 2143 2845 seipsum
2168 2776 2269 2831 hu-

692 2858 907 2913 miliaus
946 2856 1175 2931 formam
1226 2862 1369 2916 servi
1410 2864 1689 2933 suscipere
1749 2865 1971 2918 minime
2012 2877 2266 2936 gravatus

691 2957 796 3013 est,
852 2957 910 3003 ut
956 2960 1145 3006 servos
1208 2954 1276 3007 ad
1313 2951 1545 3009 filiorum
1607 2955 1952 3024 adoptionem
1994 2957 2259 3012 duceret:

688 3039 877 3095 eodem
939 3045 1097 3099 modo
1140 3045 1306 3099 etiam
1360 3059 1795 3116 unumquemque
1830 3056 2096 3113 nostrum,
2157 3062 2266 3104 non

690 3134 961 3203 privatum
989 3135 1357 3205 commodum,
1410 3138 1505 3194 sed
1554 3137 1925 3208 proximorum
1973 3138 2261 3195 utilitatem

693 3239 946 3297 spectare
967 3227 1151 3298 jussit.
1185 3230 1336 3295 Quod
1379 3232 1424 3287 si
1456 3232 1726 3304 quispiam
1770 3241 1877 3298 est,
1921 3233 2012 3304 qui
2062 3249 2123 3290 sc
2168 3249 2265 3305 per

691 3318 995 3387 huiusmodi
1021 3322 1399 3377 demissionem
1436 3324 1764 3382 detrimento
1795 3324 1931 3381 allici
1965 3326 2262 3396 existimet,

690 3410 819 3465 illud
850 3410 1037 3466 audiat
1089 3411 1396 3479 huiusmodi
1429 3415 1812 3473 demissionem
1849 3419 1916 3473 ad
1946 3418 2123 3489 ipsum
2156 3420 2255 3475 hu-

691 3500 841 3557 noris
864 3501 1123 3558 verticem
1154 3518 1277 3560 eum
1308 3505 1634 3562 subvehere.

1202 3632 1380 3691 CDXI.
1403 3667 1472 3678 --
1495 3635 1744 3693 PETRO.

688 3726 796 3781 Cur
818 3727 903 3782 lex
924 3728 1173 3795 leprosos,
1202 3739 1249 3782 et
1289 3731 1425 3784 alios
1468 3730 1838 3784 invotuntariis
1865 3733 2058 3787 morbis
2110 3734 2259 3791 labo-

792 3808 988 3864 rantes,
1012 3808 1161 3853 extra
1189 3816 1340 3853 sacra
1372 3810 1515 3869 septa
1542 3801 1741 3854 versari
1778 3804 2024 3871 praecepit
2058 3803 2126 3856 ⁶¹.

755 3988 907 4056 Quod
940 4003 1007 4043 ex
1046 3995 1329 4059 parentum
1362 3987 1682 4059 intemperie
1717 3990 1893 4058 proles
1935 4006 2151 4062 quoque
2176 3991 2259 4047 in-

687 4079 1001 4152 temperiem
1031 4079 1335 4145 contrahat,
1369 4080 1564 4135 rationi
1598 4093 2019 4137 consentaneum
2061 4091 2254 4154 etper-

682 4174 925 4243 spicuum
957 4180 1038 4226 est
1078 4189 1092 4226 :
1126 4154 1270 4241 quod
1296 4179 1474 4226 autem
1499 4186 1563 4226 ex
1614 4173 2045 4243 intemperantia,
2080 4176 2257 4230 incer-

684 4276 795 4319 tum
818 4264 1058 4335 quidem,
1089 4263 1183 4318 sed
1230 4264 1524 4319 verisimile
1569 4274 1674 4319 est.
1708 4263 1841 4318 Nam
1871 4268 2009 4334 quod
2047 4282 2111 4321 ex
2165 4267 2254 4334 iis,

2344 1970 2427 2005 ’ct
2460 1952 2637 2014 πλέον,
2685 1951 2852 2005 είπὼν
2896 1953 2977 2006 ὅτι
3002 1970 3021 2005 ι
3065 1952 3314 2021 Ἐντολὴν
3352 1953 3545 2023 καινὴν
3576 1951 3767 2022 δίδωμι
3806 1953 3953 2021 ὑμῖν,

2376 2042 2738 2109 ἵναοάγαπᾶτε
2768 2041 3051 2113 ἀλλήλους,
3089 2040 3272 2104 καθὼς
3305 2042 3415 2110 ἐγὼ
3437 2043 3701 2116 ἠγάπησα
3731 2042 3898 2110 ὑμᾶς.
3932 2063 3948 2089 ι

2373 2136 2445 2188 Τὸ
2480 2136 2581 2206 μὲν
2614 2136 2724 2204 γὰρ
2752 2134 3039 2205 ἀγαπῆσαι
3070 2135 3161 2187 καὶ
3190 2135 3249 2189 ὲν
3288 2137 3354 2206 τῇ
3387 2133 3619 2205 Παλαιᾷι
3639 2136 3821 2187 κεῖται
3849 2150 3861 2163 ·
3894 2134 3955 2184 τὸ

2370 2228 2448 2294 δὲ,
2480 2227 2710 2292 «Καθὼς
2737 2227 2849 2296 ἐγὼ
2877 2227 3138 2297 ἠγάπησα
3166 2228 3358 2297 ὑμᾶς,ι
3394 2226 3831 2299 προσέθηκε.Διδ
3862 2226 3953 2278 καὶ

2373 2320 2593 2389 καινὴν
2611 2319 2873 2388 ἐντολὴν
2901 2319 3067 2390 αὐτὴν
3091 2320 3368 2373 ἐκάλεσεν.
3403 2318 3566 2372 Ἀλλο
3586 2319 3693 2389 γὰρ
3725 2319 3785 2371 τὸ
3813 2321 3953 2385 ἀγα-

2373 2414 2544 2484 πῆσαι
2600 2413 2688 2466 τὸν
2726 2412 2895 2475 πέλας
2947 2412 3022 2476 ὡς
3066 2412 3299 2465 ὲαυτὸνο
3347 2410 3476 2465 ἄλλο
3524 2411 3620 2486 καὶ
3659 2409 3729 2463 τά
3774 2413 3950 2463 οἰκεῖα

2373 2505 2642 2578 παριδεῖν,
2676 2505 2762 2557 ἵνα
2786 2504 2854 2558 τὰ
2877 2504 2986 2557 τῶν
3010 2503 3178 2567 πέλας
3198 2502 3582 2578 ἑπανορθώσῃ.
3607 2501 3822 2573 Ὥσπερ
3844 2504 3953 2572 γὰρ
3982 2542 3985 2545 ς

2371 2597 2534 2661 αὐτὸς
2575 2596 2636 2649 οὐ
2666 2598 2805 2667 πρὸς
2836 2596 2898 2650 τὺ
2941 2598 3142 2650 οἰκεῖον
3174 2594 3308 2666 ὕψος
3330 2637 3344 2661 ,
3389 2595 3525 2650 ἀλλά
3568 2588 3713 2665 πρὸς
3749 2596 3811 2648 τὸ
3845 2590 3951 2647 τῶν

2370 2690 2675 2761 ἀνθρώπων
2704 2690 2897 2760 ὄφελος
2928 2684 3055 2755 εἶδε,
3085 2690 3181 2743 καὶ
3204 2686 3549 2752 ταπεινώσας
3579 2687 3793 2749 ἑαυτὸν,
3827 2704 3953 2758 μορ·

2371 2783 2479 2854 φὴν
2510 2781 2697 2835 δούλου
2734 2779 3043 2851 κατηξίωσε
3076 2780 3283 2845 λαῦεῖν,
3326 2778 3414 2832 ἵνα
3451 2772 3581 2841 τοὺς
3606 2776 3830 2840 δούλους
3870 2778 3947 2840 εἰς

2372 2874 2645 2927 υἱοθεσίαν
2680 2875 2861 2944 ἀγάγῃ
2890 2888 2904 2903 ·
2936 2872 3080 2926 οὕτω
3106 2874 3200 2925 καὶ
3222 2872 3452 2925 ἕκαστον
3471 2869 3630 2941 ἡμῶν
3660 2868 3944 2929 ἐκέλευσε,

2376 2967 2452 3037 μὴ
2483 2966 2622 3037 πρὸς
2656 2966 2717 3019 τὸ
2752 2967 2952 3019 οἰκεῖον
2993 2964 3184 3036 κέρδος
3221 2965 3374 3035 ὀρᾷν,
3415 2961 3551 3015 ἀλλά
3577 2960 3712 3031 πρὸς
3752 2960 3815 3014 τὸ
3838 2960 3949 3014 τῶν

2371 3058 2545 3119 πέλας
2569 3056 2758 3126 ὄφελος
2795 3055 3035 3126 βλέπειν.
3069 3054 3131 3108 Et
3161 3055 3217 3108 δὲ
3249 3052 3460 3126 νομίζει
3496 3071 3579 3117 τις
3612 3052 3949 3123 βλάπτεσθαι

2374 3146 2859 3217 συγκαταϐαίνων,
2917 3145 3236 3218 μανθανέτω
3262 3188 3276 3212 ,
3330 3146 3412 3198 ὅτι
3453 3145 3487 3215 ἡ
3540 3145 3951 3213 συγκαταϐασις

2366 3240 2505 3312 αὕτη
2547 3242 2627 3303 είς
2671 3239 2841 3310 αὐτὴν
2882 3237 3045 3292 αὑτὸν
3085 3236 3277 3306 ἀνάγει
3313 3236 3411 3307 τῆς
3442 3235 3608 3308 τιμῆς
3643 3233 3745 3307 τὴν
3776 3252 3942 3306 κορυ-

2365 3337 2498 3405 φήν.

2885 3648 3037 3702 rm.
3069 3676 3139 3686 —
3174 3644 3419 3717 ΠΕΤΡῼ.
3790 3654 3829 3673 ί

2361 3742 2464 3797 Διά
2495 3741 2552 3795 τί
2582 3741 2825 3815 ὁῇγόμος
2850 3739 2993 3804 τοὺς
3013 3736 3382 3815 λεπρῶντας,
3406 3735 3445 3804 ἢ
3468 3733 3731 3815 ,ἐτέρους
3752 3736 3942 3815 ιςοσῄ-

2426 3827 2586 3879 ματα
2607 3801 2867 3863 ἀκόὐσὶα
2896 3801 3263 3879 νοσοῦντας,
3293 3801 3409 3872 ἔξω
3432 3801 3589 3862 εῖναι
3613 3804 3734 3859 τῶν
3770 3806 3943 3875 ιερῶν

2433 3876 2767 3949 περιϐόλων
2796 3876 3158 3947 προσέταξε.

2432 3991 2504 4044 Τὸ
2539 3991 2638 4062 μὲν
2668 3993 2733 4044 ἐκ
2768 3990 3105 4065 δυσκρασίας
3144 3990 3249 4044 τῶν
3287 3990 3491 4060 γονέων
3535 3991 3628 4045 καὶ
3660 3989 3726 4044 τὰ
3760 3991 3939 4045 τικτό-

2363 4099 2499 4154 μενα
2542 4082 2823 4154 δύσκρατα
2862 4079 3023 4148 εἶναι,
3056 4084 3149 4136 καὶ
3175 4082 3323 4147 εἰκὸς
3369 4083 3464 4136 καὶ
3496 4082 3689 4153 δῆλονπ
3717 4082 3780 4135 τὸ
3803 4083 3848 4136 δ’
3882 4084 3938 4149 ἐξ

2359 4175 2627 4246 ἀκρασίας
2649 4216 2664 4242 ,
2694 4177 2888 4248 ἄδηλον
2926 4178 3054 4247 μὲν,
3087 4174 3232 4240 είκδς
3259 4175 3337 4230 δέ.
3375 4176 3449 4228 Τὸ
3484 4175 3585 4246 μὲν
3624 4174 3733 4251 γὰρ
3763 4177 3828 4228 ὲκ
3854 4193 3939 4229 νο-

2365 4266 2647 4331 σούντων,
2705 4268 2799 4323 καὶ
2865 4268 3062 4322 πάθεσι
3120 4268 3275 4341 [τισὶ]
3344 4268 3937 4340 προσκαταληφθὲντων

683 4356 777 4424 qui
813 4356 1037 4411 adversa
1088 4355 1393 4411 valetudine
1431 4354 1697 4421 laborant,
1746 4367 1907 4428 atque
1937 4359 2254 4429 aegritudine

2370 4357 2557 4429 ἀσθενῆ
2587 4360 2888 4427 τίκτεσθαι,
2914 4362 3015 4413 οὐκ
3042 4359 3271 4423 ἀπεικός
3290 4376 3303 4391 ·
3327 4360 3386 4413 τὸ
3410 4360 3466 4412 δὲ
3494 4360 3553 4426 ἐξ
3586 4361 3937 4429 ὑγιαινόντων

686 4447 861 4517 aliqua
894 4446 1139 4515 occupati
1163 4455 1311 4513 sunt,
1363 4446 1659 4503 imbecilles
1695 4447 1790 4502 lilii
1818 4459 2130 4516 nascuntur,
2165 4466 2252 4504 ra-

2360 4451 2479 4523 μὲν,
2515 4452 2759 4523 ἀκρασίᾳ
2796 4452 2853 4505 δὲ
2883 4454 3282 4523 προσεχόντων,
3316 4452 3463 4516 εἰκὸς
3490 4453 3610 4524 μὲν,
3636 4453 3830 4524 ἄδηλον
3856 4454 3932 4509 δέ.

686 4539 817 4593 ιίοιιί
862 4538 1260 4594 dissentaneurn
1314 4554 1418 4595 non
1464 4550 1546 4596 est
1584 4543 1760 4611 :quod
1808 4552 1985 4597 autem
2015 4559 2079 4598 ex
2110 4543 2257 4599 sanis

2370 4543 2474 4608 Διὸ,
2506 4543 2581 4605 ὡς
2619 4536 2809 4614 οἶμαι,
2836 4544 2931 4597 καὶ
2970 4548 2998 4597 ὁ
3035 4544 3321 4615 προφήτης
3362 4542 3624 4615 Ἰεξεχιὴλ
3652 4543 3790 4615 μετὰ
3828 4545 3935 4598 τῶν

682 4631 923 4701 quidem,
977 4646 1162 4686 verum
1207 4631 1634 4702 intemperantiae
1689 4634 1915 4700 deditis,
1962 4636 2253 4691 verisimile

684 4722 899 4791 quidem
925 4730 1031 4787 est,
1082 4737 1189 4777 non
1250 4731 1426 4777 tamen
1472 4726 1829 4795 perspicuum.
1871 4725 2020 4781 Unde
2063 4726 2252 4792 etiam,

686 4823 741 4867 ut
769 4813 980 4883 opinor,
1017 4812 1278 4883 propheta
1328 4811 1578 4871 Ezechiel
1611 4815 1769 4871 simul
1818 4831 1938 4870 cum
1972 4815 2091 4872 aliis
2122 4831 2250 4887 pec—

686 4903 821 4957 catis
852 4902 978 4958 illud
1012 4902 1175 4957 etiam
1198 4903 1496 4970 collocavit,
1539 4908 1681 4974 quod
1732 4916 1981 4975 peccator
2019 4909 2087 4961 ad
2133 4923 2247 4962 mu-

688 4993 873 5049 lierem
922 5000 1199 5049 menstruo
1235 4993 1498 5064 proﬂuvio
1554 4996 1885 5052 laborantem
1935 4999 2249 5055 accesserit.

688 5078 847 5156 412
880 5084 1201 5155 Quanquam
1230 5087 1371 5142 enim
1398 5088 1738 5158 potissimum
1784 5090 1883 5145 hoc
1929 5090 2135 5148 idcirco
2165 5092 2247 5147 di-

2359 4635 2535 4691 ἄλλων
2582 4636 3001 4707 ἁμαρτημάτων
3034 4636 3190 4700 ἔταξε
3219 4636 3277 4689 τὸ
3301 4636 3397 4690 καὶ
3446 4637 3584 4707 πρὸς
3613 4638 3848 4705 γυναῖκα
3878 4639 3933 4689 ἐν

2358 4728 2579 4799 ἁφέδρῳ
2623 4723 2791 4781 οὖσαν
2831 4727 3236 4798 εἰσεληλυθέναι
3296 4728 3389 4782 τὸν
3435 4727 3781 4800 ἁμαρτωλόν.
3814 4728 3933 4781 Μά-

2358 4821 2516 4873 λιστα
2553 4823 2651 4893 μὲν
2694 4822 2803 4892 γὰρ
2835 4820 2983 4873 τοῦτ’
3015 4820 3120 4891 ἔφη
3148 4858 3163 4885 ,
3197 4818 3258 4871 τὸ
3296 4820 3508 4891 πρέπον
3534 4823 3602 4891 τῇ
3640 4818 3800 4888 φύσει
3834 4836 3927 4888 φυ-

2358 4912 2584 4977 λάττων,
2634 4914 2725 4967 καὶ
2760 4912 3168 4986 καθαιρομένην
3210 4911 3382 4982 αὐτὴν
3420 4910 3773 4981 ἐνοχλεῖσθαι,
3808 4913 3930 4965 ἁτε·

2360 5004 2611 5058 πώτατον
2638 5002 2774 5060 εἶναι
2806 5006 3110 5076 ἡγούμενος
3133 5020 3147 5034 ·
3185 5005 3378 5059 ἔπειτα
3404 5004 3460 5057 δὲ
3491 5004 3577 5058 ἵνα
3611 5003 3685 5075 μὴ
3709 5004 3805 5056 καὶ
3822 5006 3931 5066 τοῖς

2358 5098 2701 5168 τικτομένοις
2722 5098 3045 5170 νοσημάτων
3070 5096 3323 5168 είδεχθῶν
3341 5095 3505 5152 αἴτιοι
3527 5095 3770 5167 γένοιντο
3795 5094 3924 5167 (‘28).

743 5261 791 5292 ¹¹³
819 5260 989 5316 Galat.
1019 5277 1095 5329 vr,
1118 5262 1172 5318 2.
1231 5253 1349 5294 ⁸⁹’⁶⁰
1377 5252 1532 5313 Joan.
1559 5273 1655 5327 ιιι,
1686 5258 1773 5313 ⁸54.
1846 5259 1889 5290 ⁸¹
1921 5256 2096 5313 Levit.
2137 5272 2265 5320 χιιι,

2370 5300 2371 5309 χ
2411 5254 2571 5311 Num.
2604 5273 2655 5323 ν,
2689 5258 2742 5313 2.

1782 5413 2008 5468 VARle
2049 5413 2437 5471 LECTIONES
2475 5416 2560 5471 ΕΤ
2594 5412 2829 5471 ΝΟΤᾹΞ.

900 5572 1035 5654 αριι.
1072 5570 1191 5654 Vat.
1213 5645 1223 5654 _
1248 5572 1375 5654 65_O,
1402 5572 1765 5654 εὐεργέτημα.
1805 5572 2015 5653 Possm.

2360 5592 2499 5639 που,
2523 5587 2575 5630 et
2606 5577 2945 5632 Prmdictiou.
2974 5576 3065 5632 lib.
3087 5594 3145 5641 ιι,
3170 5578 3432 5633 Gnieuum
3457 5577 3529 5632 De
3544 5580 3699 5633 sonit.
3729 5583 3928 5644 luem-1.,-

761 5644 870 5720 (“28)
930 5643 1003 5696 De
1059 5645 1255 5720 morbis
1296 5643 1688 5720 inereditariis,
1738 5645 1829 5720 qui
1877 5660 1903 5693 a
1942 5645 2251 5720 parentibus
2355 5648 2515 5720 .lnatt.
2550 5647 2761 5720 Fernel.
2792 5650 3040 5701 Ambian.
3072 5648 3354 5720 Pntlwlgg.
3389 5649 3423 5701 Ι.
3453 5648 3663 5720 λῆρος).
3694 5648 3766 5713 2ς
3815 5643 3928 5720 quae

694 5728 795 5766 non
848 5716 981 5765 bene
1015 5713 1161 5765 sanis
1192 5714 1243 5766 in
1295 5714 1491 5767 liberos
1525 5715 1814 5767 transmitti
1840 5717 2251 5781 ‘prupagarique

692 5783 882 5845 solent,
914 5784 1027 5835 vide
1060 5781 1429 5852 Hippocratem
1468 5785 1558 5837 iii).
1597 5785 1728 5851 Περὶ
1759 5786 1995 5851 φύσεως
2027 5784 2247 5849 ἀνθρὼ-

2357 5719 2473 5769 ιοιη
2506 5718 2758 5771 indicavit
2794 5721 2919 5771 mihi
2960 5720 3039 5771 vir
3069 5721 3134 5772 cl.
3171 5720 3234 5774 Ο.
3267 5717 3487 5773 [ἰαιιιιιε.
3520 5718 3683 5773 Rt'r'l‘.
