4164 6460
216 430 373 496 1045

1136 417 1674 484 EPISTOLARUM
1714 417 1862 477 LIB.
1904 416 2020 476 III.
2087 441 2130 450 -
2166 414 2405 474 EPIST.
2441 411 2707 472 CDXIII.

3395 398 3533 463 1046

219 543 586 614 Μὶγνύμενον
619 538 727 611 γὰρ
766 537 824 591 τὸ
853 535 947 590 τοῦ
981 535 1174 606 ἀνδρὸς
1208 534 1431 605 σπέρμα
1468 531 1548 603 τῷ
1578 530 1824 601 ἀκαθάρ-

1934 529 2026 595 rit,
2061 535 2120 583 ut
2165 529 2504 583 honestatem
2547 532 2760 578 natura:
2808 511 3219 583 custodiret,'et
3248 514 3374 584 quia
3407 514 3530 586 ipsi,

222 655 312 707 τῳ
342 635 440 706 τῆς
469 631 690 705 θηλείας
717 631 933 700 αἵματι,
967 628 1195 700 σώματα
1227 625 1514 680 ἀποτίκτει
1551 624 1821 693 νοσήμασι

223 725 518 795 διαφόροις
549 720 907 791 ὑποκείμενα.
945 715 1454 786 Ἐναπομάσσονται
1476 711 1590 784 γὰρ
1617 713 1821 784 τρόπον

224 817 360 872 τινά
403 815 632 888 τὴντῶν
683 813 888 884 γονέων
937 808 1229 883 ἀκρασίαν.
1271 807 1336 860 El.
1395 805 1611 869 τοίνυν,
1663 801 1821 872 φησὶ,

229 904 553 978 φροντίζετε
594 904 694 974 τῆς
743 902 854 956 τῶν
899 897 1242 968 τικτομένων
1283 894 1588 967 εὐκρασίας
1618 908 1681 946 τε
1726 891 1823 944 καὶ

229 997 487 1065 ὑγιείας,
516 994 612 1048 καὶ
651 993 712 1046 ού
759 990 1014 1063 βούλεσθε
1065 988 1205 1043 αύτά
1240 986 1572 1056 Ἐκκλησίας
1608 981 1824 1055 Κυρίας

231 1086 590 1165 χωρίζεσθαι,
620 1082 977 1156 φυλάττεσθε,
1009 1083 1104 1136 καὶ
1133 1082 1324 1152 καιρὸν
1348 1078 1635 1140 συνουσίας
1663 1075 1825 1145 γινώ-

236 1195 426 1242 σκετε,
462 1180 552 1234 ἵνα
577 1178 654 1250 μὴ
685 1177 780 1232 καὶ
807 1175 877 1230 τά
912 1173 1079 1229 τέκνα
1109 1174 1211 1245 τῆς
1238 1171 1537 1234 ἀκολασίας
1568 1169 1724 1240 ὑμῶν
1753 1168 1824 1222 τά

239 1271 308 1326 σύ
315 1271 491 1342 μσολα
519 1271 879 1343 περιφέρωσι.

1922 619 2049 673 dum
2078 617 2134 672 in
2164 615 2488 688 purgatione
2519 620 2795 677 versatur,
2820 608 3096 680 negotium
3128 605 3402 672 exhiberi,
3435 605 3530 659 ab-

1923 708 2306 764 surdissimum
2331 704 2544 760 facinus
2579 717 2702 760 esse
2741 701 2985 764 duceret,
3027 706 3209 753 tamen
3240 696 3404 751 etiam
3431 697 3531 750 hoc

1923 815 1985 856 ea
2018 801 2235 856 ratione
2273 797 2434 864 dixit,
2467 804 2527 851 ut
2578 809 2647 852 ne
2687 794 2814 849 liliis
2863 807 3082 864 quoque
3116 791 3231 847 suis
3262 787 3530 845 losdorum

1930 892 2246 954 morborum
2300 903 2464 945 causa
2514 887 2866 944 exsisterent.
2918 884 3200 956 Siquidem
3255 881 3413 937 virile
3445 895 3532 938 se-

1929 1001 2053 1040 men
2093 998 2217 1040 cum
2246 983 2459 1052 impuro
2497 979 2716 1041 feminae
2742 979 3010 1048 sanguine
3038 975 3387 1032 commistnm
3411 986 3532 1029 cor-

1928 1091 2061 1146 pora
2088 1075 2255 1130 variis
2283 1071 2598 1128 morborum
2645 1069 2939 1141 generibus
2971 1068 3203 1124 obnoxia
3259 1075 3531 1138 procreat.

1933 1169 2144 1223 Etenim
2177 1174 2459 1238 parentum
2491 1162 2970 1235 intemperantiam
3000 1169 3058 1217 et
3083 1159 3367 1215 libidinem
3401 1174 3536 1229 quo-

1933 1261 2219 1316 dammodo
2260 1259 2595 1328 exprimunt.
2626 1252 3020 1324 Quamobrem,
3050 1253 3250 1318 innuit,
3287 1254 3337 1308 si
3377 1251 3532 1322 probi

243 1363 482 1421 ﬁliorum
513 1374 816 1422 vestrorum
851 1361 1287 1433 temperamenti,
1318 1370 1373 1416 et
1406 1358 1660 1414 sanitatis
1691 1370 1820 1412 cura
1861 1371 1958 1410 vos
1997 1357 2188 1428 tangit,
2227 1370 2327 1411 nec
2381 1355 2550 1409 vultis
2605 1362 2663 1406 ut
2699 1367 2768 1406 cx
2820 1349 3104 1406 Dominica
3165 1349 3417 1405 Ecclesia
3444 1364 3534 1405 se-

235 1458 554 1528 jungantur,
600 1466 808 1523 cavete,
844 1465 1008 1527 atque
1053 1468 1385 1525 congressus
1418 1451 1640 1507 feminei
1688 1461 1902 1521 tempus
1958 1452 2261 1521 agnoscite,
2293 1465 2362 1506 ne
2415 1447 2620 1518 alioqui
2659 1445 2756 1500 lilii
2821 1458 3040 1514 quoque
3100 1440 3538 1512 intemperantia:

239 1565 404 1623 atque
443 1554 789 1623 impudicitia
816 1561 1009 1608 vestrae
1029 1559 1188 1607 notas
1222 1549 1634 1608 circumferant.

364 1663 510 1718 ne.
541 1694 613 1705 —
633 1664 1068 1737 ΜΑΡΤΙΝΙΑΝῼ
1105 1664 1228 1718 KAI
1266 1663 1546 1754 ΜΑΡοΝι
1560 1643 1696 1736 (29).

312 1776 376 1831 El
405 1779 501 1831 καὶ
535 1776 598 1830 τδ
624 1773 766 1840 εἶδος
792 1776 895 1846 τῆς
918 1774 1091 1847 μέθης
1134 1775 1244 1830 τῶν
1280 1776 1376 1830 hri
1407 1755 1664 1848 0tvtp\xai.
1685 1777 1824 1848 χρή-

241 1886 378 1940 μασι
408 1867 727 1924 λυττώντων
751 1869 868 1922 ἐστὶ
891 1868 1153 1941 διάφορον
1187 1868 1270 1941 (τὸ
1296 1869 1395 1940 μὲν
1434 1869 1543 1940 γὰρ
1574 1868 1634 1936 ἐξ
1655 1869 1820 1934 οἴνου,

2128 1659 2420 1719 CDXll.--
2441 1655 2880 1715 MARTINIANO
2909 1657 3000 1714 ET
3033 1652 3327 1722 MARONI.

2005 1778 2119 1833 Etsi
2141 1776 2471 1833 temulentis:
2521 1789 2733 1840 eorum,
2772 1773 2867 1842 qui
2920 1771 3032 1827 vini
3091 1779 3146 1825 et
3176 1767 3532 1838 pecuniarum

1935 1866 2088 1922 rabie
2139 1873 2414 1927 tenentur,
2461 1864 2673 1935 species
2721 1863 2936 1916 diversa
2967 1867 3053 1915 est
3079 1859 3098 1928 (
3129 1856 3298 1912 altera
3326 1855 3476 1912 enim
3503 1873 3530 1908 a

236 1961 300 2014 τὸ
351 1961 410 2014 δὲ
457 1960 566 2016 ἀπὸ
615 1960 913 2032 χρημάτων
955 1961 1242 2032 γίνεται),
1275 1960 1412 2016 ἀλλά
1455 1977 1522 2030 γε
1551 1959 1616 2014 τὸ
1654 1959 1827 2023 πάθος

1934 1958 2078 2024 vino,
2113 1957 2284 2012 altera
2311 1970 2440 2012 vero
2477 1970 2508 2009 a
2549 1953 2795 2024 pecuniis
2832 1950 3250 2021 proficiscitur),
3293 1958 3352 2003 at
3391 1946 3525 2003 atl‘e-

235 2055 444 2125 ὅμοιον.
475 2051 587 2108 Καὶ
619 2053 728 2123 γὰρ
755 2052 1052 2123 ἀμφότεροι
1100 2051 1301 2124 ὁμοίως
1332 2050 1604 2124 ἐπιθυμίᾳ
1635 2052 1828 2123 ἀτόπῳ

239 2140 616 2210 κειείρωνται.
651 2141 718 2193 '0
742 2156 803 2193 τε
826 2141 936 2212 γὰρ
981 2141 1215 2210 φίλοινος
1253 2143 1363 2214 ὅσῳ
1397 2141 1465 2197 ἂν
1499 2142 1717 2206 πλείους
1741 2143 1832 2196 ἐκ·

253 2231 356 2303 πίῃ
387 2231 650 2299 κύλικας,
681 2232 923 2304 τοσούτῳ
947 2233 1210 2287 πλειόνων
1237 2233 1488 2304 ὀρέγεται
1509 2251 1524 2265 ο
1551 2236 1581 2288 δ
1607 2251 1667 2288 τε
1695 2235 1832 2305 ἐρα-

241 2325 618 2394 σιχρήματος,
671 2325 887 2398 ὅσῳπερ
946 2326 1014 2380 ἀν
1063 2327 1234 2380 πλείω
1283 2333 1490 2400 συνάγη
1517 2369 1532 2392 ,
1588 2329 1829 2399 τοσούτῳ

243 2415 448 2485 μᾶλλον
488 2416 718 2470 ἀνάπτει
750 2417 850 2487 τῆς
892 2417 1191 2490 ἐπιθυμίας
1227 2419 1327 2491 τὴν
1354 2420 1608 2491 κάμινον.
1640 2422 1829 2492 Τούτῳ

242 2507 344 2576 μὲν
367 2501 462 2560 οὖν
485 2507 660 2559 ἔοικεν
687 2521 699 2536 ⁶
738 2505 910 2579 ἑτέρῳ
933 2509 990 2562 δὲ
1019 2510 1182 2564 πάλιν
1211 2510 1250 2580 όΙ
1271 2511 1609 2582 φιλάργυρος
1639 2511 1830 2566 πλεον·

235 2601 406 2650 εκτεϊ.
449 2599 690 2662 Ἐκεῖνος
732 2599 835 2669 μὲν
875 2601 1006 2672 γὰρ,
1042 2603 1091 2655 εί
1119 2602 1214 2654 καὶ⁵
1258 2602 1440 2672 πάσης
1490 2604 1608 2656 ἐστὶ
1653 2621 1829 2658 κατα-

239 2687 496 2756 γνώσεως
519 2689 688 2757 άξιος,
711 2689 828 2747 ἀλλ’
851 2688 946 2746 οὖν
971 2709 1036 2760 γε
1059 2693 1296 2764 πρᾶγμα
1322 2693 1525 2766 πάσχει
1557 2695 1701 2748 κατά
1727 2693 1830 2762 φύ-

239 2797 327 2835 σιν
377 2783 442 2851 (ό
470 2782 581 2853 γάρ
616 2778 760 2846 οἶνος
813 2783 1018 2853 θερμὸς
1050 2782 1128 2837 ὢν
1157 2785 1252 2837 καὶ
1293 2784 1527 2856 διακαὴς
1551 2823 1566 2850 ,
1599 2787 1697 2839 καὶ
1727 2784 1828 2855 τὴν

237 2871 481 2942 ἔμφυτον
524 2874 813 2928 ἐπιτείνων
844 2873 1120 2945 ξηρότητα
1140 2913 1156 2939 ,
1185 2875 1313 2938 τοὺς
1353 2875 1655 2946 μεθύοντας
1682 2879 1830 2930 ποιεῖ

231 2962 433 3034 διψῆν)
454 2979 470 2993 ο
503 2957 660 3028 οὗτος
685 2964 741 3018 δὲ
772 2965 936 3019 πόθεν
983 2964 1074 3018 ἀεὶ
1106 2964 1371 3020 πλειόνων
1418 2966 1698 3037 ὀρέγεται,
1726 2968 1830 3022 οὐκ

242 3056 350 3128 ἔχω
369 3057 548 3126 λέγειν
574 3059 760 3113 πόθεν.
789 3059 1048 3112 Ἐπειδὰν
1072 3058 1183 3130 γάρ
1213 3059 1478 3130 μειζόνως
1513 3060 1823 3134 πλουτήσει.

237 3151 363 3204 τότε
393 3151 630 3222 μάλιστά
664 3153 813 3204 ἐστιν
843 3151 902 3205 ὲν
933 3151 1118 3222 πενίᾳ.
1155 3153 1398 3222 Ἀπορον
1442 3153 1554 3224 γὰρ
1575 3153 1735 3208 τοῦτο
1767 3153 1828 3206 τὸ

239 3241 493 3314 νόσημα,
532 3242 626 3296 καὶ
679 3242 967 3312 αἰνίγματι
1013 3243 1214 3313 μᾶλλον
1265 3245 1464 3308 ἐοικός.
1521 3245 1734 3299 Οὐκοῦν
1776 3247 1826 3298 εί

1933 2060 2054 2108 ctus
2081 2057 2264 2105 tamen
2292 2046 2486 2105 similis
2501 2054 2603 2106 est.
2639 2044 2777 2103 Nam
2818 2044 3037 2113 utrique
3084 2043 3276 2099 eodem
3309 2042 3469 2096 modo
3497 2057 3522 2093 a

1934 2142 2077 2214 turpi
2110 2150 2165 2198 et
2199 2139 2437 2197 absurda
2487 2136 2786 2207 cupiditate
2825 2135 3036 2190 subacti
3066 2141 3214 2188 sunt.
3247 2131 3529 2200 Siquidem

1931 2246 1990 2294 et
2020 2235 2115 2307 qui
2142 2235 2253 2291 vini
2285 2233 2477 2289 avidus
2514 2239 2618 2298 est,
2653 2243 2762 2301 quo
2791 2228 2978 2298 plures
3010 2225 3209 2282 calices
3253 2225 3529 2281 exhause-

1933 2327 2024 2396 rit,
2077 2342 2145 2384 eo
2198 2325 2381 2396 plures
2434 2311 2679 2394 appetit:
2710 2329 2766 2376 et
2807 2334 2900 2391 qm
2951 2318 3311 2390 pecuniarum
3345 2330 3532 2371 amore

1933 2426 2170 2482 tenetur,
2209 2431 2319 2487 quo
2366 2415 2519 2485 plura
2546 2411 2852 2482 collegerit,
2892 2426 2960 2466 eo
3000 2409 3172 2480 magis
3218 2407 3536 2479 cupiditatis

1933 2514 2209 2568 fornacem
2236 2509 2504 2565 accendit.
2542 2508 2722 2575 Atque
2773 2506 2892 2562 haec
2919 2505 3138 2574 quidem
3176 2517 3240 2556 ea
3269 2516 3328 2558 re
3357 2500 3434 2556 illi
3467 2502 3535 2555 si-

1933 2603 2077 2657 milis
2107 2610 2211 2657 est.
2239 2602 2309 2655 At
2340 2614 2468 2655 vero
2511 2587 2616 2653 alia
2655 2613 2872 2654 rursum
2925 2596 3141 2651 ratione
3173 2595 3222 2650 is
3254 2594 3346 2664 qui
3369 2607 3537 2664 pecu-

1933 2696 2034 2750 nia:
2059 2695 2238 2750 studio
2288 2691 2500 2764 ﬂagrat,
2525 2691 2842 2763 superiores
2877 2689 3004 2745 fert.
3042 2686 3185 2742 Nam
3224 2701 3351 2743 cum
3375 2685 3534 2749 alter,

1931 2793 1986 2842 et
2020 2787 2067 2840 si
2095 2787 2244 2839 omni
2286 2783 2710 2852 reprehensione
2752 2791 2918 2852 atque
2967 2779 3425 2837 condemnatione
3455 2779 3538 2834 di-

1932 2893 2072 2949 gnus
2121 2877 2217 2943 εἱι,
2253 2885 2433 2930 tamen
2471 2888 2585 2929 rem
2633 2883 2843 2930 natura:
2875 2857 3301 2932 consentaneam
3339 2886 3535 2943 perpe-

1935 2970 2098 3025 tiatur
2131 2966 2362 3040 (vinum
2394 2967 2598 3037 quippe
2651 2982 2775 3021 cum
2834 2964 3106 3021 fervidum
3129 2974 3185 3021 et
3213 2965 3413 3020 ardens
3443 2964 3539 3032 sit,

1933 3075 1996 3115 ac
2031 3061 2341 3116 naturalem
2375 3059 2685 3114 siccitatem
2715 3067 2932 3128 augeat,
2964 3057 3132 3114 ebriis
3164 3057 3313 3114 sitim
3348 3069 3536 3112 accer-

1933 3152 2069 3223 sit);
2104 3153 2193 3206 hic
2218 3160 2434 3214 contra,
2471 3164 2577 3220 qua
2623 3151 2692 3206 de
2721 3164 2884 3205 causa
2914 3151 3067 3219 plura
3099 3162 3317 3218 semper
3366 3164 3536 3218 appe-

1937 3254 2034 3311 tat,
2081 3246 2266 3300 dicere
2309 3258 2542 3314 nequeo.
2587 3241 2725 3298 Nam
2762 3258 2890 3298 cum
2921 3240 3217 3310 ampliores
3245 3255 3382 3311 opes
3411 3256 3539 3296 con-

240 3333 693 3405 θεραπευόμενον
718 3335 1092 3406 ἑπιτρίϐεται,
1143 3337 1242 3388 καὶ
1289 3334 1368 3406 τῷ
1410 3337 1824 3408 ἐπινενοημένῳ

1934 3346 2154 3391 secutus
2181 3345 2291 3400 est,
2328 3346 2441 3389 tum
2465 3336 2686 3390 demum
2711 3334 2949 3390 maxime
2980 3333 3032 3387 in
3061 3342 3384 3403 paupertate
3416 3349 3540 3388 ver-

241 3428 522 3498 φαρμάκῳ
574 3427 954 3499 χαλεπώτερον
997 3429 1248 3497 γίνεται,
1303 3427 1643 3500 παυσώμεθα
1692 3429 1826 3500 ὓλην

1935 3438 2109 3482 satur.
2161 3427 2570 3496 lnexplicabilis
2609 3428 2757 3483 enim
2802 3427 2897 3482 hic
2953 3425 3180 3482 morbus
3213 3437 3319 3496 est,
3377 3435 3540 3498 atque

242 3519 578 3591 παρέχοντες
605 3518 685 3590 τῷ
707 3519 937 3592 τοιούτῳ
961 3523 1129 3592 πυρὶ,
1165 3521 1261 3575 καὶ
1295 3521 1393 3591 τὴν
1429 3520 1828 3592 προῦπάρχου-

243 3627 340 3662 σαν
376 3610 409 3678 ἢ
435 3609 675 3681 ἁθρόως,
716 3611 750 3682 ἢ
789 3610 928 3664 κατά
966 3611 1165 3681 μικρὸν
1200 3611 1590 3682 ὑπεξέλωμεν·
1625 3611 1713 3664 ἵνα
1751 3611 1825 3682 μὴ

237 3700 506 3755 ἄσϐεστον
543 3702 837 3773 γενόμενον
878 3703 1160 3758 κάνταῦθα
1201 3704 1348 3774 ἡμᾶς
1389 3703 1646 3775 τεφρώσῃ
1673 3744 1685 3767 ,
1731 3705 1830 3757 κά·

241 3795 388 3846 κεῖσε
417 3790 497 3861 τῷ
526 3792 779 3864 ἀσϐέστῳ
801 3793 1150 3867 παραπέμψῃ
1183 3793 1337 3865 πυρί.

1933 3519 2210 3590 aznigmati
2233 3520 2448 3577 similis.
2475 3519 2842 3587 Quamobrem
2869 3519 2916 3574 si
2948 3533 3070 3573 cum
3109 3528 3342 3575 curatur
3365 3519 3545 3591 ingra-

1937 3610 2131 3675 vcscit,
2164 3625 2229 3666 ac
2260 3625 2357 3680 per
2386 3611 2760 3681 excogitatum
2804 3611 3105 3666 remedium
3132 3611 3377 3667 atrocior
3408 3613 3534 3666 rell-

1939 3701 2109 3767 ditur,
2143 3702 2431 3757 materiam
2461 3701 2734 3772 ejusmodi
2761 3701 2873 3772 igni
2919 3701 3166 3770 praebere
3197 3701 3537 3765 desinamus,

1940 3810 2004 3849 ac
2039 3794 2328 3865 pristinam
2355 3794 2439 3850 vel
2463 3796 2648 3851 subito
2675 3795 2762 3850 vel
2794 3793 3060 3864 paulatim
3095 3794 3488 3849 subtrahamus
3524 3812 3535 3845 :

242 3895 309 3936 ne
332 3881 530 3951 alioqui
603 3881 968 3940 inexstinctus
1015 3882 1262 3972 eﬂectps,
1301 3895 1358 3940 ct
1404 3885 1494 3941 hic
1557 3899 1660 3941 nos
1691 3887 1746 3941 ln
1775 3885 2015 3942 cinerem
2083 3886 2313 3959 redigat,
2366 3898 2420 3943 et
2444 3886 2554 3942 illic
2633 3887 2701 3942 ad
2739 3900 3018 3956 nunquam
3083 3883 3539 3955 exstinguendum

241 3972 420 4044 ignem
472 3975 826 4031 transmittat.

489 4091 636 4144 ΥΙΓν.
675 4122 749 4135 -
780 4094 1096 4148 ΔΙΟΓΕΝΕΙ
1137 4095 1612 4166 ΠΡΕΣΒΥΤΕΡῼ.

323 4201 597 4274 Ἦγοῦμαι
639 4205 721 4258 ὅτι
759 4204 993 4271 ἕκαστος
1027 4207 1086 4274 ea
1129 4203 1205 4262 ὧν
1260 4208 1492 4280 πράττει
1520 4249 1534 4274 ,
1567 4210 1662 4264 καὶ
1698 4211 1828 4281 περὶ

239 4293 347 4348 τῶν
379 4295 685 4366 μελλόντων
710 4298 1093 4367 ἀποφαίνεται.
1121 4301 1312 4364 Οὐδεὶς
1349 4299 1480 4369 γοῦν
1512 4303 1622 4355 τῶν
1653 4302 1832 4373 ὀρθῶς

243 4387 338 4439 καὶ
368 4386 582 4457 σεμνῶς
613 4386 983 4458 βεϐιωκότων,
1015 4390 1113 4444 καὶ
1144 4390 1424 4445 πολιτείαν
1455 4393 1687 4463 ἀρίστην
1712 4396 1831 4448 ἐπι⁵

240 4480 611 4550 δειξαμένων,
641 4484 863 4536 ἀπιστεῖ
899 4485 965 4554 τῇ
1000 4483 1201 4554 κρίσει.
1245 4485 1309 4537 υἱ
1351 4486 1408 4538 δὲ
1443 4485 1710 4558 ῥᾴθυμοι,
1753 4486 1832 4556 τῷ

244 4572 466 4643 πονηρῷ
495 4574 791 4645 ἀγχόμενοι
834 4577 1128 4640 συνειδότι,
1153 4575 1278 4629 οὔτε
1317 4577 1501 4646 κρίσιν
1520 4616 1535 4640 ,
1566 4575 1692 4628 οὔτε
1733 4574 1830 4626 ἀν-

243 4663 442 4716 τίδοσιν
479 4659 621 4718 εῖναι
664 4665 939 4730 ἐθέλοντες
963 4709 978 4734 ,
1007 4667 1035 4720 ὃ
1079 4667 1391 4738 βούλονται,
1438 4669 1533 4720 καὶ
1565 4665 1827 4735 δογματί-

247 4754 448 4819 ζουσιν,
482 4756 542 4808 ού
576 4757 674 4828 τὴν
699 4757 963 4827 ἀλήθειαν
999 4759 1352 4826 σκοποῦντες,
1383 4760 1519 4814 ἀλλά
1551 4760 1649 4829 τὴν
1687 4757 1826 4811 ἰδίαν

247 4845 501 4916 βούλησιν
530 4849 824 4919 κυρούντες
854 4850 989 4922 (50).
1009 4852 1165 4905 Ἐπεὶ
1190 4852 1371 4905 τοίνυν
1395 4852 1495 4924 τὴν
1523 4852 1706 4921 κρίσιν
1733 4849 1829 4903 καὶ

245 4940 486 5010 ποιητῶν
517 4942 611 4995 καὶ
641 4941 890 5012 ρητόρων
938 4944 1033 4995 καὶ
1066 4945 1430 5014 συγγραφέων
1466 4944 1562 4997 καὶ
1610 4941 1830 5013 φιλοσό-

247 5048 363 5100 φων
389 5033 439 5086 οἱ
484 5034 818 5098 ἐνδοξότατοι
850 5034 1216 5105 κηρύττουσιν
1249 5037 1363 5107 (51)
1397 5036 1472 5107 (ἡ
1515 5036 1624 5106 γὰρ
1668 5051 1830 5105 μερι-

2155 4090 2383 4148 αῡΧιιι.
2407 4121 2478 4133 -
2512 4088 2788 4149 DIOGENI
2839 4089 3320 4149 PRESBYTERO.

2014 4201 2107 4258 Sic
2149 4202 2410 4258 existimo
2463 4217 2912 4273 unumquemque
2965 4218 3034 4256 ex
3090 4183 3194 4267 his:
3231 4215 3354 4271 quae
3389 4201 3536 4266 facit,

1941 4295 2008 4347 de
2035 4291 2232 4349 futuris
2256 4307 2477 4364 quoque
2504 4292 2882 4363 pronuntiare.
2915 4291 3088 4346 Nemo
3115 4292 3316 4347 etenim
3349 4307 3540 4348 eorum

1939 4387 2030 4455 qui
2065 4394 2210 4441 recte
2275 4397 2440 4457 atque
2492 4386 2730 4444 honeste
2776 4387 3054 4452 vixerunt,
3103 4395 3265 4456 atque
3322 4387 3541 4455 Optima:

1935 4479 2147 4533 vivendi
2187 4479 2420 4534 rationis
2458 4480 2739 4548 specimen
2787 4481 3106 4544 ediderunt,
3146 4479 3355 4548 judicio
3380 4480 3538 4534 [idem

1935 4572 2183 4638 abrogat.
2215 4571 2283 4625 At
2309 4585 2509 4642 segnes
2531 4581 2586 4626 et
2643 4572 2844 4642 ignavi,
2897 4573 3042 4641 quod
3107 4573 3357 4641 improha
3411 4589 3540 4628 con-

1939 4664 2170 4718 scientia
2208 4663 2682 4734 constringantur,
2737 4678 2841 4719 nec
2885 4663 3177 4732 judicium,
3216 4678 3316 4719 nec
3363 4680 3543 4720 remu-

1943 4756 2281 4810 ncrationem
2310 4769 2434 4810 esse
2481 4755 2787 4825 cupientes,
2840 4757 2985 4825 quod
3042 4757 3290 4824 cupiunt,
3323 4755 3375 4810 id
3408 4772 3543 4825 quo-

1943 4865 2048 4919 que
2080 4857 2358 4916 astruunt,
2384 4863 2490 4903 non
2518 4849 2805 4906 veritatem
2859 4856 3195 4918 spectantes,
3223 4848 3317 4904 sed
3351 4849 3545 4905 volun-

1945 4953 2108 4996 tatem
2140 4957 2294 4997 suam
2318 4941 2731 4997 conﬁrmantes.
2759 4940 2926 5012 413
2956 4939 3240 5007 Quoniam
3271 4940 3434 5010 igitur
3457 4940 3542 5010 ju-

1945 5035 2145 5089 dicium
2177 5043 2231 5090 et
2261 5045 2570 5105 poetarum,
2601 5043 2654 5090 et
2683 5043 2988 5099 oratorum,
3021 5041 3076 5088 et
3118 5031 3537 5094 historicorum,

1348 5187 1587 5243 VARle
1617 5187 2007 5242 LECTIONES
2051 5186 2138 5243 ET
2180 5187 2417 5244 NOTAE.

319 5343 431 5413 (29)
463 5343 666 5399 Confer
691 5343 846 5413 epist.
894 5344 1016 5409 146,
1054 5345 1148 5400 lib.
1173 5360 1237 5411 ιι,
1270 5354 1326 5400 et
1349 5344 1501 5399 Stob.
1531 5358 1695 5398 serm.
1731 5343 1816 5408 5‘5,

250 5417 317 5471 54
340 5425 390 5469 et
411 5430 550 5484 seq.,
579 5414 910 5485 Spjnaz.rlib.
943 5431 980 5468 ι.
1013 5416 1086 5470 De
1108 5415 1422 5485 tranquillit.
1446 5416 1632 5468 animi.
1660 5414 1825 5468 Rtrr.

340 5430 390 5469 et
411 5430 550 5484 seq.,
580 5430 783 5534 bellum.
817 5430 910 5468 ιιυ.
943 5431 980 5468 1.
1013 5430 1354 5496 ue_tranqmu

319 5485 428 5557 {50)
463 5485 596 5557 Cod.
645 5484 908 5557 ⁸³13650,
937 5503 1252 5557 τηρουντες.
1284 5487 1360 5539 In.

320 5553 428 5625 (51)
469 5557 532 5608 Ol
566 5553 944 5626 ἐνδοξότατοι
993 5553 1416 5623 κηρύττουσιν.
1456 5555 1550 5610 Sic
1587 5556 1829 5626 Chryso-

251 5635 495 5695 stontns:
543 5625 657 5676 Οὐκ
693 5625 819 5695 ,ἐστι
867 5625 1033 5694 μῦθος
1074 5628 1200 5695 περὶ
1233 5627 1332 5695 τῆς
1381 5628 1605 5694 γεέννης
1635 5625 1826 5692 λόγος,

251 5695 362 5766 ἀλλ’
397 5693 567 5756 οὕτως
595 5694 749 5766 ἐστὶν
778 5693 1012 5766 ἀληθὴς,
1056 5693 1458 5766 ὅτιούχήμεῖς
1495 5697 1656 5766 μόνον
1694 5697 1827 5748 ἀλλὰ

255 5735 346 5746 .......
400 5735 566 5756 --.η
597 5735 738 5746 π...
778 5735 935 5747 κη.-.
1058 5735 1138 5748 -..
1173 5735 1229 5748 ν..
1304 5735 1314 5747 .
1413 5735 1429 5748 .
1537 5735 1653 5748 π..
1694 5735 1824 5748 ...μω

255 5764 595 5836 καλ-ποιηταὶ
617 5803 631 5826 ,
673 5765 766 5816 καὶ
807 5735 1117 5833 φιλόέῖἔροι,
1147 5735 1547 5834 καὶλλόγῖπὶιτόὶ
1571 5768 1698 5836 περὶ
1731 5769 1830 5835 τῆς

257 5833 556 5906 μελλούσης
577 5835 983 5899 ἀνταποδύτεως
1016 5837 1432 5906 ἐφιλοσόφησαν,
1481 5838 1576 5890 καὶ
1610 5833 1666 5889 ὲν
1701 5833 1827 5908 ᾂδου

1941 5343 2268 5425 κολάζεσθαι
2292 5346 2418 5425 τοὺς
2443 5344 2715 5425 πονηρους
2739 5345 2996 5425 είρῄκασι
3018 5360 3031 5374 ’
3049 5345 3108 5425 ἐξ
3130 5345 3242 5425 γάρ
3271 5347 3368 5400 καὶ
3398 5349 3541 5425 μιξτά

1941 5414 2199 5484 ἀληθείας
2232 5415 2307 5476 ὼς
2337 5414 2450 5484 ἔχει
2488 5414 2682 5480 ταῦτα,
2705 5414 2884 5468 εἰπεῖν
2918 5415 3020 5467 οὑκ
3041 5414 3412 5484 ἠδυνήθησαν,
3441 5417 3535 5470 ἀτε

1936 5485 2047 5537 ἀπὸ
2067 5485 2722 5555 λογισμῶννκινηθέντες,
2747 5486 2844 5538 καὶ
2869 5486 3004 5554 παρ’
3033 5486 3398 5554 ἀκουσμάτων
3429 5489 3537 5539 τῶν

1937 5556 2068 5624 παρ’
2100 5556 2256 5622 ἡμῖν’
2289 5554 2404 5608 ἀλλ’
2447 5554 2598 5624 ὅμως
2631 5556 2820 5609 εἰκόνα
2869 5555 2994 5608 τινά
3036 5555 3274 5624 κρίσεως
3318 5556 3533 5608 ἔλαϐονσ

1937 5626 2235 5686 Κωκυτοὺς
2267 5627 2377 5695 γάρ
2409 5625 2539 5692 φασί
2563 5643 2750 5690 τινας,
2779 5627 2876 5679 καὶ
2904 5625 3411 5695 πυριφλεγέθοντα,
3441 5644 3536 5677 πο·

1935 5697 2144 5781 ταμοὺς
2168 5696 2260 5775 καὶ
2288 5694 2483 5781 eiuro;
2519 5695 2808 5781 ὕδωρηκαὶ
2820 5696 3111 5781 ,τάρταρον
3142 5694 3540 5781 τοσοῦτονχάπ-

1938 5765 2132 5836 έχοντα
2164 5766 2262 5834 τῆς
2295 5767 2400 5834 γῆς
2430 5766 2555 5818 ὅσον
2583 5764 2724 5836 αὑτὴ
2753 5764 2846 5818 τοῦ
2876 5764 3132 5833 ούρανοῦ,
3170 5765 3285 5836 κα.ὶᾷ
3304 5765 3535 5836 πολλοὺς

1938 5835 2213 5898 κολάσεως
2255 5837 2512 5907 τρόπους.
2565 5836 2676 5892 Καὶ
2712 5834 2888 5889 πάλιν
2935 5836 3155 5902 nocte»;
3198 5834 3399 5900 πεδίον,
3438 5834 3535 5887 καὶ
