4164 6434
725 351 856 420 1051

1919 357 1977 416 S.
2025 357 2118 416 IS]
2132 357 2316 418 DORI
2355 356 2796 419 PELUSIOTE

3845 337 3990 406 1952

725 468 868 520 enim
893 474 977 522 cst
1008 464 1146 522 istud
1182 477 1383 533 votum,
1429 467 1519 538 qui
1548 469 1853 523 meretricis
1898 473 2102 526 retibus
2144 474 2275 528 altiu

2409 474 2634 544 ῥίπτων,
2661 476 2994 544 ἀντιϐολοίης
3024 469 3264 538 σωθῆναι
3296 464 3645 566 ὲμὸρὸντἼτε,

725 556 907 610 volant
948 574 960 611 :
1008 572 1112 611 non
1153 572 1362 621 eorum,
1409 559 1496 627 qui
1547 559 1714 628 ipsius
1760 563 2109 631 compedibus
2159 565 2277 618 uitri

2406 565 2761 631 τασκεύαζων
2805 569 2897 622 τὸν
2927 565 3202 627 κίνδυνον,
3244 560 3377 630 εὐχῇ
3423 555 3662 626 σωθῆναι
3703 552 3840 624 ('58).
3869 550 3987 605 Καὶ

723 645 1047 717 semetipsos
1080 647 1326 703 induunt.
1341 647 1436 702 Vel
1459 649 1699 717 perinde,
1722 651 1874 718 quasi
1907 666 1974 706 ex
2001 654 2119 706 navi
2143 662 2197 708 te
2218 654 2296 722 ip—

721 747 841 788 sum
875 735 930 789 in
958 735 1275 792 immensum
1299 739 1520 808 pelagus
1547 741 1856 807 projiciens,
1878 752 1931 796 et
1962 744 2101 798 ultro
2127 754 2179 800 te
2199 760 2295 814 pe-

721 824 892 879 riculo
915 825 1195 893 ohjiciens,
1224 843 1322 898 pro
1343 830 1514 884 salute
1542 839 1596 884 et
1619 833 2036 889 conservatione
2060 836 2136 889 tui
2167 851 2294 905 sup-

721 914 966 981 plicares.
999 917 1065 972 Et
1089 934 1201 988 quo
1226 931 1408 988 pacto,
1436 936 1638 992 quaso,
1671 922 1812 978 hunc
1839 924 1996 980 talem
2023 927 2294 983 hominem

720 1005 857 1073 ipsa,
883 1006 927 1060 si
960 1007 1111 1073 velit,
1143 1008 1294 1064 salus
1313 1025 1533 1065 scrvare
1549 1013 1759 1081 possit?
1785 1013 1920 1070 Nam
1952 1016 2038 1080 iis,
2063 1017 2152 1087 qui
2177 1033 2296 1074 om-

721 1097 806 1148 nia
842 1114 960 1166 qttte
991 1099 1042 1152 in
1075 1114 1132 1152 se
1162 1109 1307 1166 sunt,
1345 1103 1586 1170 implent,
1617 1107 1818 1174 quique
1841 1119 2013 1163 artem
2049 1124 2201 1164 suam
2242 1110 2293 1164 in

719 1185 971 1238 auxilium
1023 1199 1232 1252 vocant,
1283 1204 1356 1245 ne
1397 1205 1430 1244 ει
1491 1199 1811 1262 tempestate
1852 1198 2292 1267 submergantur,

715 1276 979 1343 ejusmodi
1028 1283 1276 1336 convenit
1322 1284 1607 1352 precatio:
1653 1301 1990 1358 nequaquam
2034 1303 2163 1342 vero
2198 1289 2285 1354 iis,

2405 658 2522 722 πῶς
2550 652 2661 710 οἷόν
2700 675 2795 724 τε;
2837 658 2958 712 Τῶν
2991 656 3100 726 γὰρ
3130 654 3305 708 πάντα
3334 651 3401 703 τὰ
3431 649 3559 720 παρ’
3597 644 3807 701 ἑαυτῶν
3843 641 3986 712 πλη-

2406 745 2674 816 ρούντων,
2725 747 2818 799 καὶ
2869 743 3324 816 παρακαλούντων
3361 739 3434 810 μὴ
3467 733 3829 807 βαπτισθῆναι
3883 734 3983 800 ἢν

2399 833 2607 888 οἰκείαν
2638 834 2834 904 τέχνην
2861 835 2965 888 ὑπὸ
2995 833 3086 886 τοῦ
3122 830 3408 920 χειμῶνος,
3444 825 3591 879 ἐστὶν
3622 822 3763 920 dum
3857 819 3983 920 δίης

2394 942 2516 990 σις’
2551 925 2612 979 οὐ
2658 927 2765 979 τῶν
2809 927 3041 988 ἑαυτοὺς
3086 925 3166 986 εἰς
3201 924 3263 974 τὺ
3308 919 3543 986 πέλαγος
3595 916 3688 967 καὶ
3729 913 3837 986 πρὸ
3884 929 3980 963 του

2392 1015 2662 1079 κλύδωνος
2689 1017 3047 1087 ῥιπτούντων.
3074 1011 3285 1068 [Ιαῦσαι
3317 1009 3496 1064 τοίνυν
3518 1006 3759 1079 τρυφῶν.
3785 1005 3847 1058 El
3871 1004 3982 1073 γὰρ

2391 1105 2630 1176 γαστρὸς
2654 1108 2904 1179 περιέστι,
2935 1107 3029 1158 καὶ
3055 1104 3163 1157 τῶν
3196 1104 3332 1174 μετὰ
3367 1099 3610 1169 γαστέρα
3649 1098 3976 1168 κρατήσεις,

2393 1197 2488 1249 καὶ
2516 1196 2727 1265 γέλωτα
2755 1197 2852 1249 ούκ
2873 1196 3155 1266 ὀφλήσεις,
3183 1193 3260 1256 ὡς
3282 1190 3541 1246 τάναντία
3569 1182 3646 1244 ὧν
3670 1188 3980 1258 διαπρᾶτηχ

2394 1288 2579 1341 λαϐεῖν
2615 1288 3071 1358 προσευχόμενος.

721 1371 808 1439 Qui
865 1373 1026 1427 etiam
1085 1385 1374 1446 antequam
1432 1389 1619 1433 coorta
1659 1381 1713 1435 in
1763 1383 1898 1436 mari
1936 1382 2098 1436 fuerit
2156 1389 2472 1450 tempestas,
2531 1383 2738 1451 seipsos
2790 1381 2842 1435 iu
2885 1382 3106 1452 pelagus
3158 1380 3516 1451 praecipitant.
3567 1377 3760 1432 Desine
3809 1373 3975 1443 igitur

717 1465 936 1520 delicias
965 1467 1158 1524 facere.
1184 1469 1316 1524 Nam
1353 1472 1400 1526 si
1435 1483 1674 1530 ventrem
1712 1477 2287 1544 perdomueris,etiam
2342 1477 2410 1530 iis
2452 1492 2572 1546 quae
2616 1478 2715 1532 sub
2763 1487 2952 1532 ventre
3013 1487 3158 1542 sunt,
3190 1477 3300 1532 eris
3338 1476 3585 1546 superior
3618 1491 3632 1527 :
3694 1484 3795 1526 nec
3839 1467 3980 1523 ultra

716 1555 997 1612 ridiculum
1031 1567 1081 1613 te
1112 1561 1396 1629 praebebis,
1431 1573 1486 1617 ut
1516 1566 1608 1634 qui
1633 1570 1906 1621 contraria
1951 1579 2002 1623 te
2031 1558 2286 1636 consequi
2325 1581 2483 1636 posse
2512 1575 2665 1636 optes
2700 1567 2764 1618 iis
2804 1582 2924 1636 quae
2959 1567 3096 1636 agis.

1283 1693 1375 1750 III.
1402 1723 1474 1736 --
1503 1695 1732 1753 EIDEM.

1340 1781 1418 1836 De
1463 1785 1665 1840 eodem.

783 1895 1043 1958 Quoniam
1087 1910 1181 1964 per
1217 1896 1426 1953 litteras
1452 1913 1518 1954 ex
1563 1916 1649 1957 me
1686 1903 2000 1972 quaesivisti,
2041 1905 2168 1976 quid
2186 1908 2287 1963 sibi

711 1984 840 2038 velit
885 1985 1012 2040 illud
1051 2005 1065 2041 :
1099 2005 1118 2039 ι
1153 1987 1372 2061 Contlge
1426 1991 1619 2046 timore
1678 2003 1768 2048 tuo
1819 2010 2011 2052 carnes
2060 2013 2209 2052 meas
2263 2018 2282 2051 ι

711 2073 981 2142 (fortassis
1012 2079 1152 2133 enim
1187 2081 1493 2148 imprudens
1531 2084 1580 2137 id
1603 2085 1827 2153 petiisti,
1879 2087 2022 2156 quod
2043 2090 2287 2157 accipere

710 2163 946 2232 noluisti)
985 2167 1247 2223 ausculta.
1289 2167 1417 2240 Fige
1447 2171 1609 2239 ipsas,
1644 2174 1931 2240 tuortilica,
1983 2178 2284 2234 immobiles

710 2252 796 2307 fac
827 2256 890 2308 ad
928 2255 1254 2338 voluptatem
1285 2277 1298 2312 :
1335 2275 1433 2328 pro
1456 2261 1622 2316 clavis
1653 2263 1813 2319 timor
1851 2269 1922 2320 tui
1961 2267 2106 2335 ipsas
2134 2269 2282 2338 figat,

707 2351 764 2395 et
810 2354 978 2400 morte
1005 2329 1220 2414 alliciat,
1265 2359 1322 2405 et
1367 2351 1418 2404 in
1454 2366 1670 2408 crucem
1716 2364 1861 2424 agat,
1895 2366 1949 2410 et
1980 2358 2284 2416 immobiles

710 2444 871 2503 atque
897 2436 1195 2495 inefficaces
1223 2441 1288 2494 ad
1318 2451 1596 2510 peccatum
1630 2443 1810 2502 faciat.
1858 2447 2080 2517 Cognita
2120 2452 2282 2521 igitur

708 2523 1168 2593 interpretatione,
1231 2538 1286 2584 tu
1347 2533 1437 2602 qui
1490 2533 1697 2591 deliciis
1748 2537 2012 2609 indulges,
2061 2556 2131 2596 ne
2175 2544 2278 2598 hoc

705 2620 855 2682 petas
891 2638 902 2671 :
936 2628 1027 2672 aut
1073 2619 1118 2673 si
1170 2622 1328 2690 petis,
1377 2624 1613 2679 deliciari
1646 2642 1711 2680 ac
1744 2627 2018 2686 luxuriare
2045 2633 2232 2689 desine
2260 2654 2273 2689 :

705 2709 1024 2774 praesertim,
1056 2724 1180 2764 cum
1215 2728 1282 2766 ne
1313 2713 1527 2782 quidem
1566 2716 1709 2771 domi
1756 2727 1858 2774 tua:
1913 2722 2006 2775 tibi
2049 2726 2274 2778 materia

703 2794 1015 2851 deliciarum
1062 2801 1454 2868 suppeditetur,
1495 2806 1588 2859 sed
1629 2807 1819 2863 alienis
1868 2814 2070 2866 mensis
2103 2814 2274 2882 impu-

701 2883 892 2938 denter
929 2886 1172 2944 insiliens
1211 2890 1376 2960 (quod
1404 2909 1566 2948 unum
1596 2910 1663 2949 ex
1699 2898 1857 2952 rebus
1898 2903 2271 2959 abominandis

700 2991 766 3030 ac
815 2979 1027 3035 miseris
1070 2996 1190 3038 esse
1236 2987 1606 3052 pronuntiavit
1653 2988 1931 3061 Salomon)
1983 3011 1997 3046 :
2051 3010 2268 3051 carnem

701 3081 925 3134 prorsus
952 3071 1205 3126 indecore
1234 3075 1617 3144 pinguefacias.
1643 3077 1759 3133 Non
1791 3083 1933 3135 enim
1962 3087 2268 3140 necessitati
2296 3079 2340 3136 C

703 3168 754 3211 te
774 3161 1172 3230 accommodas;
1204 3164 1299 3219 sed
1325 3174 1380 3220 et
1409 3168 1709 3224 satietatem
1733 3173 2057 3228 contumelia
2081 3174 2271 3231 afficis.

1148 3276 1309 3349 415
1351 3277 1436 3334 tv.
1480 3311 1548 3320 —
1578 3281 1810 3338 EIDEM.

1297 3388 1375 3444 De
1399 3392 1578 3445 eadem
1601 3409 1672 3446 re.

767 3520 817 3576 ls
845 3523 1081 3591 quidem,
1109 3526 1197 3594 qui
1227 3527 1477 3583 virtutem
1508 3532 1841 3599 germanitus
1864 3543 2024 3603 atque
2055 3550 2122 3590 ex
2154 3535 2273 3591 ani-

695 3626 786 3666 mo
823 3614 1055 3681 adamat,
1100 3618 1263 3671 etiam
1296 3619 1536 3674 divinum
1583 3637 1780 3677 numen
1807 3625 1932 3686 iure
1971 3631 2278 3703 meritoque

696 3702 908 3757 invocet
944 3705 1009 3758 ad
1044 3721 1196 3775 opem
1245 3708 1541 3778 ferendam,
1591 3728 1700 3782 quo
1744 3714 2010 3788 desideria
2052 3733 2148 3772 sua
2198 3719 2268 3775 ad

694 3800 936 3859 optatum
966 3796 1167 3849 exitum
1203 3799 1481 3864 perducat.
1509 3802 1576 3866 At
1599 3804 1688 3871 qui
1718 3818 1839 3858 cum
1865 3821 1924 3860 ea
1952 3819 2266 3876 perpetuum

693 3883 888 3938 bellum
918 3887 1076 3955 gerit,
1110 3890 1154 3944 is
1179 3905 1245 3943 ne
1275 3892 1488 3960 quidem
1517 3895 1561 3947 si
1597 3894 1764 3950 Deum
1798 3898 1848 3950 in
1875 3900 2131 3954 auxilium
2170 3919 2264 3955 vo-

694 3976 850 4039 carit,
893 3979 1177 4046 propitium
1213 3981 1451 4038 habebit.
1482 3982 1613 4050 Qua:
1656 4001 1783 4056 ergo
1817 3988 1932 4042 haec
1971 4001 2057 4044 est
2081 4008 2266 4047 amen-

696 4065 788 4127 tia,
815 4069 954 4134 quod
983 4085 1105 4123 cum
1135 4085 1348 4127 carnem
1384 4083 1529 4129 tuam
1561 4079 1777 4145 crapula
1796 4088 1854 4134 et
1883 4081 2143 4138 ebrietate
2178 4101 2265 4139 as-

689 4153 845 4208 sidua
881 4156 1244 4223 pinguefacias
1265 4175 1332 4215 ac
1358 4163 1596 4232 sagines,
1622 4165 1907 4236 ignemque
1939 4169 2048 4239 igni
2071 4172 2260 4236 addas,

688 4252 742 4299 et
766 4245 966 4299 nullam
998 4263 1102 4301 non
1131 4250 1418 4319 voluptatis
1449 4254 1589 4307 viam
1620 4269 1811 4310 novant
1841 4258 2082 4322 rimeris,
2116 4270 2169 4314 et
2200 4262 2263 4315 li-

687 4334 924 4391 bidinem
971 4340 1197 4406 sopitum
1227 4357 1442 4413 quoque
1483 4346 1685 4402 excites
1732 4357 1786 4402 et
1833 4348 2056 4417 instiges
2097 4351 2258 4419 ultro,

692 4433 869 4479 tamen
915 4429 964 4481 in
1001 4432 1248 4497 precibus
1297 4435 1475 4489 dicere
1516 4437 1703 4492 ausis:
1745 4455 1761 4490 t
1794 4436 2013 4509 Coniige
2065 4443 2258 4502 timore
2291 4421 2334 4475 Β

689 4525 781 4568 ιυο
810 4532 998 4572 carnes
1029 4535 1175 4574 meas
1201 4522 1275 4574 ‘5'?
1302 4541 1321 4575 ι
1345 4523 1478 4578 Nam
1511 4525 1559 4580 ei
1585 4528 1820 4595 quidem,
1848 4531 1938 4598 qui
1964 4531 2184 4600 jejuniis
2203 4543 2257 4588 et

691 4605 834 4659 Intmi
862 4610 1231 4666 cubationibus
1251 4622 1305 4667 et
1326 4629 1420 4683 per
1441 4617 1648 4684 vigilias
1669 4634 1886 4674 carnem
1915 4636 2070 4676 suam
2097 4625 2248 4678 tabe-

687 4692 835 4761 facit,
864 4706 917 4750 et
946 4700 1162 4767 spiritus
1197 4704 1420 4760 habenis
1461 4708 1849 4776 obsequentem
1888 4712 2057 4780 ipsam
2105 4717 2256 4770 exhi-

689 4784 798 4849 bet,
834 4789 1110 4854 aptissitnu
1145 4795 1761 4869 convenientissimaque
1790 4811 1872 4857 est
1918 4803 2035 4859 haec
2060 4819 2254 4874 preca-

689 4875 781 4929 tio.
815 4878 914 4941 Qui
947 4894 1095 4946 vero,
1128 4882 1176 4935 id
1211 4887 1352 4952 quod
1385 4895 1439 4942 tu
1471 4889 1624 4954 facis,
1665 4891 1739 4946 ita
1775 4904 1929 4962 parat
1967 4907 2023 4951 et
2069 4913 2255 4954 assue-

692 4964 1070 5035 lacitcarnem,
1105 4982 1159 5026 ut
1188 4975 1397 5031 luxuria
1421 4981 1671 5047 exsultet,
1703 4987 1907 5054 quique
1947 4986 2254 5047 luxuriosas

687 5059 1103 5116 comessationes
1147 5075 1198 5118 et
1233 5069 1598 5127 temulentiam
1630 5086 1889 5145 perpetuo
1930 5092 2250 5149 assectatur,

757 5233 802 5264 ⁸³
829 5232 966 5290 Psal.
996 5251 1184 5304 cxvm,
1219 5239 1338 5295 120.

2903 1698 2975 1754 f".
3019 1729 3086 1737 —-
3125 1700 3212 1770 το
3249 1697 3450 1767 ano.

2982 1793 3086 1857 Εις
3125 1792 3190 1844 τὸ
3221 1783 3390 1844 αὐτό.

2474 1907 2689 1976 Ἐπειδὴ
2725 1908 3032 1976 γέγραφας,
3079 1908 3128 1958 τί
3174 1909 3287 1959 ἐστι
3332 1905 3428 1959 τόο
3479 1925 3495 1956 t
3541 1905 3876 1976 Καθήλωσον
3911 1906 3974 1956 ὲκ

2388 1997 2483 2050 τοῦ
2524 1999 2686 2065 φόϐου
2720 2017 2812 2052 σου
2860 2001 2956 2061 τὰς
2987 1999 3197 2067 σάρκας
3234 2016 3332 2067 μου
3361 2021 3379 2048 ι
3425 1999 3578 2068 (ἴσως
3622 1997 3733 2067 γὰρ
3760 1994 3973 2063 ἀγνοῶν

2387 2087 2593 2157 ᾔτειςὸ
2642 2089 2715 2158 μὴ
2763 2088 2984 2140 ἐϐούλου
3023 2087 3274 2155 ).α6εῖν)·
3323 2089 3508 2142 ἄκουε.
3558 2087 3734 2158 Πῆξον
3767 2084 3969 2147 αὐτὰς,

2389 2178 2679 2247 νέκρωσον,
2709 2180 2994 2249 ἀκινήτους
3025 2179 3247 2250 ποίησον
3274 2179 3410 2250 πρὸς
3443 2178 3652 2248 ἡδονὴν,
3680 2178 3801 2231 ἀντὶ
3828 2177 3972 2248 ἧλων

2387 2271 2412 2320 ὁ
2451 2269 2612 2337 φόϐος
2654 2273 2677 2320 ὁ
2721 2271 2807 2331 σὸς
2856 2271 3113 2338 πηγνύτω
3161 2271 3349 2335 αὑτὰς,
3395 2272 3486 2324 καὶ
3528 2269 3826 2340 νεκρούτω,
3876 2270 3970 2323 καὶ

2387 2359 2738 2429 σταυρούτω,
2780 2361 2872 2412 καὶ
2918 2362 3207 2433 ἀκινήτους
3258 2362 3350 2412 καὶ
3387 2363 3777 2431 ἀνενεργήτους
3835 2361 3971 2429 πρὸς

2383 2453 2658 2521 ἁμαρτίαν
2682 2454 3167 2523 παρασκευαζέτω.
3192 2455 3356 2518 Γνοὺς
3379 2451 3472 2508 οὖν
3493 2455 3588 2525 τὴν
3618 2454 3918 2524 ἑρμηνείαν
3943 2457 3970 2506 ὁ

2379 2541 2623 2610 τρυφῶν,
2660 2542 2815 2594 τοῦτο
2866 2543 2940 2613 μὴ
2985 2542 3166 2596 after
3204 2544 3235 2614 ἢ
3282 2544 3448 2598 αἰτῶν
3505 2543 3580 2614 μὴ
3630 2541 3839 2613 τρύφα·
3876 2545 3970 2595 καὶ

2382 2635 2636 2701 μάλιστα,
2658 2635 2739 2688 ὅτι
2759 2637 2865 2689 οὐδ’
2888 2639 2919 2707 ἡ
2943 2639 3123 2709 τρυφὴ
3146 2637 3326 2691 οἴκαδέ
3351 2655 3432 2691 σοι
3463 2638 3966 2708 παρασκευάζεται,

2378 2725 2494 2777 ἀλλ’
2547 2725 2855 2796 ἀλλοτρίαις
2899 2728 3269 2798 ἀναισχύντως
3303 2729 3582 2800 ἐπιπηδῶν
3625 2729 3963 2801 τραπέζαις·

2376 2817 2513 2886 ὅπερ
2546 2817 2603 2870 ἒν
2629 2819 2739 2870 τῶν
2769 2820 3114 2873 ἀπευκταίων
3152 2822 3246 2873 καὶ
3272 2822 3470 2876 ἀθλίων
3493 2821 3730 2892 ὡρίσατο
3757 2818 3898 2874 εἶναι
3938 2825 3965 2873 ὁ

2376 2907 2660 2979 Σολομὼν·
2698 2911 2794 2979 τὴν
2828 2912 3008 2982 σάρκα
3049 2914 3111 2966 οὗ
3155 2914 3382 2974 δεόντως
3420 2913 3555 2975 ὅλως
3595 2913 3850 2976 πιαίνεις.
3889 2913 3964 2966 Ού

2373 3001 2482 3071 γὰρ
2509 3002 2608 3071 τῆς
2636 3003 2825 3072 χρείας
2854 3004 2979 3074 γίνῃ
2999 3019 3012 3033 ·
3042 3005 3178 3058 ἀλλὰ
3207 3005 3411 3058 καὶτὸν
3444 3004 3602 3075 κόρον
3626 3004 3892 3073 ὑϐρίζεις.

2881 3299 2953 3348 at.
3001 3326 3072 3337 -.
3119 3297 3205 3367 το
3249 3297 3449 3370 arm.

2955 3408 3056 3472 Εὶς
3091 3405 3157 3459 τὸ
3191 3406 3358 3461 αὐτό.

2455 3533 2513 3587 '0
2548 3534 2648 3604 μὲν
2675 3535 2771 3603 τῆς
2800 3537 3001 3607 ἀρετῆς
3026 3539 3249 3607 γνήσιος
3281 3537 3550 3610 ἐραστὴς,
3587 3539 3678 3593 καὶ
3707 3537 3770 3592 τὸ
3795 3539 3950 3594 Θεῖον

2372 3627 2450 3688 είς
2484 3625 2544 3678 τὸ
2585 3627 2817 3694 ἀγαγεῖν
2856 3627 2917 3680 τὸ
2952 3627 3286 3698 ποθούμενον
3324 3631 3402 3692 είς
3443 3631 3620 3700 πέρας
3655 3629 3861 3695 δίκαιος
3891 3631 3956 3685 ἂν

2372 3717 2454 3786 εἴη
2491 3716 2710 3769 καλεῖν·
2749 3719 2777 3768 ὁ
2817 3717 2875 3769 δὲ
2927 3718 3190 3779 ἄσπονδος
3235 3720 3464 3789 ἐχθρὸς,
3512 3720 3631 3773 οὐδὲ
3680 3719 3745 3774 ἂν
3799 3722 3955 3776 καλέ·

2372 3821 2470 3869 σας
2518 3807 2628 3876 (39)
2675 3808 2908 3878 ἐπήκοον
2951 3806 3062 3870 ἔξει
3122 3807 3384 3863 τὺΘείον.
3441 3809 3506 3862 Τί
3543 3811 3828 3881 τοιγαροῦν
3857 3811 3955 3882 τὴν

2370 3897 2548 3968 σάρκα
2579 3897 2680 3968 τὴν
2713 3895 2908 3950 σαυτοῦ
2949 3896 3278 3967 κραιπάλαις
3305 3897 3399 3951 καὶ
3435 3897 3627 3969 μέθαις
3657 3905 3951 3955 καταπιαί-

2367 4004 2493 4053 νων,
2527 3985 2762 4056 καὶπῦρ
2792 3987 2884 4039 ἐπὶ
2926 3985 3035 4056 πῦρ
3079 3987 3370 4056 ὀχετεύων,
3410 3987 3504 4041 καὶ
3551 3989 3733 4042 πᾶσαν
3772 4007 3954 4045 καινο-

2365 4079 2547 4150 τομῶν
2573 4080 2689 4133 ὁδὸν
2709 4079 2923 4150 ἡδονῆς,
2957 4081 3052 4133 καὶ
3074 4081 3135 4134 τὸ
3164 4081 3463 4139 ἀκόλαστον
3488 4083 3581 4136 καὶ
3603 4083 3949 4155 κοιμώμενον

2365 4172 2648 4242 διεγείρων
2683 4173 2866 4225 τεκαὶ
2899 4172 3252 4243 παρακαλῶν,
3287 4175 3347 4227 ὲν
3371 4178 3492 4238 ταῖς
3517 4177 3703 4246 εὐχαῖς
3726 4177 3906 4246 λέγεις
3933 4197 3945 4208 ·

2372 4281 2391 4314 ι
2434 4263 2764 4333 Καθήλωσον
2800 4265 2863 4316 ἐκ
2897 4263 2990 4316 τοῦ
3039 4265 3202 4333 φόϐου
3239 4282 3332 4319 σου
3371 4266 3470 4331 τὰς
3511 4267 3717 4339 σάρκας
3749 4287 3891 4340 μου;
3924 4292 3940 4324 ι

2367 4355 2458 4422 Τῷ
2488 4355 2586 4426 μὲν
2613 4354 2719 4426 γὰρ
2746 4355 3019 4424 νηστείαις
3046 4356 3141 4410 καὶ
3173 4359 3518 4428 χαμευνίαις,
3542 4362 3634 4414 καὶ
3661 4366 3944 4434 παννυχίσι

2366 4451 2464 4517 τὴν
2505 4450 2713 4501 οἰκείαν
2745 4451 3111 4522 κα-τατήκοντι
3154 4450 3369 4519 σάρκα,
3400 4453 3491 4505 καὶ
3527 4453 3739 4524 εὐήνιον
3779 4457 3947 4526 αὐτὴν

2367 4537 2442 4606 τῷ
2472 4537 2743 4608 πνεύματι
2771 4540 3255 4604 κατασκευάζοντι,
3287 4541 3712 4612 πρεπωδεστάτη
3745 4542 3884 4614 αὕτη
3913 4545 3944 4614 ἡ

2364 4629 2526 4700 εὐχή·
2574 4628 2649 4699 τῷ
2681 4631 2770 4695 δὲ,
2814 4630 3004 4702 ὥσπερ
3045 4633 3109 4684 σὺ
3138 4671 3152 4696 ,
3204 4635 3429 4705 σκιρτᾷν
3472 4635 3944 4704 παρασκευάζοντι

2364 4721 2461 4792 τὴν
2501 4723 2716 4792 σάρκα,
2750 4723 2844 4776 καὶ
2878 4724 2977 4785 τὰς
3015 4723 3258 4786 ἀσώτους
3303 4726 3672 4790 συνεστιάσεις
3714 4728 3811 4780 καὶ
3849 4728 3941 4790 τὰς

2365 4813 2674 4881 κραιπάλας
2699 4812 2970 4879 διώκοντι,
3000 4814 3058 4880 ἐξ
3079 4809 3154 4868 ὧν
3175 4816 3361 4884 ἡδοναὶ
3384 4817 3664 4887 βρύουσιν,
3692 4820 3752 4870 οὐ
3782 4821 3939 4890 μόνον

2363 4901 2615 4972 ἀπρεπὴς
2645 4901 2781 4971 αὓτη
2813 4904 2843 4971 ἡ
2881 4902 3044 4973 εὐχὴ,
3077 4902 3214 4955 ἀλλὰ
3245 4904 3340 4956 καὶ
3385 4907 3699 4975 εἰρωνείας,
3745 4907 3939 4976 μᾶλλον

2361 4992 2418 5046 δὲ
2468 4992 2709 5046 κινδύνου
2746 4997 2915 5065 μεστή
2963 4994 3098 5065 (40}.
3156 4997 3322 5049 Ὅταν
3372 4998 3481 5068 γὰρ
3517 4998 3628 5058 τὸν,
3661 4999 3934 5072 ἀκήρατον

2362 5082 2486 5136 νοῦν
2515 5084 2682 5137 ταῦτα
2714 5089 2836 5156 αἰτῇ
2858 5127 2872 5150 ,
2900 5086 2935 5141 ἃ
2964 5087 3138 5140 ποιεῖν
3168 5089 3228 5141 ού
3260 5087 3423 5155 θέλει,
3456 5089 3517 5143 οὺ
3545 5088 3703 5161 μόνον
3732 5091 3933 5160 ἀνθρώ-

1773 5383 2012 5441 VARUE
2051 5387 2434 5452 LECTIONES
2472 5395 2560 5452 ET
2600 5396 2835 5453 ΝΟΤΔΕ.

757 5526 864 5609 (38)
903 5525 1058 5609 ila},
1082 5530 1422 5609 ,ἐμϐρόντητε
1467 5537 1738 5609 σαυτῇ...
1783 5538 2056 5609 σωθῆναι,
2088 5546 2250 5600 omit-

689 5594 942 5666 tebat'ed.
970 5594 1144 5653 Paris'.
1189 5594 1241 5655 ét
1271 5594 1434 5657 habet
1462 5608 1578 5657 cod.
1615 5594 1733 5661 Vat.
1769 5608 1891 5663 650.
1922 5594 2086 5666 iam.

2359 5547 2683 5701 “$0333:
2711 5622 2906 5701 μεστή,
2933 5639 3050 5693 quae
3077 5627 3128 5686 in
3164 5629 3250 5687 ed.
3275 5627 3448 5688 Paris.
3479 5635 3685 5701 deerat,
3717 5635 3926 5695 additur

755 5665 865 5762 £39)
881 5667 1022 5762 Χ(10(1.
1050 5670 1222 5753 V'atic.
1247 5672 1368 5738 650,
1402 5674 1627 5762 κριλέσῃ,
1658 5686 1710 5731 et
1739 5694 1878 5762 vers.
1903 5693 2024 5748 post
2054 5693 2246 5762 quarto

2377 5665 2564 5745 εχῈὸἷι.
2586 5665 2977 5750 ’νὲιῆνῖὲὸἰί

691 5747 786 5798 pro
815 5736 904 5790 καὶ
943 5739 1294 5810 κοιμώμενων
1325 5736 1513 5800 Scribit
1549 5736 1652 5802 υἶιύ
1699 5752 1862 5806 verbo
1894 5736 2246 5822 κεκοιᾴημέ-
