4164 6466
251 425 390 496 1057

1237 424 1777 488 EPISTOLARUM
1821 423 1969 486 LIB.
2006 423 2106 489 Ιν.
2146 455 2215 463 -
2257 429 2497 491 EPIST.
2545 429 2646 490 XI.

3423 426 3565 495 1058

246 544 409 612 Θεὸν,
443 542 548 615 Ιδία
577 544 651 616 τῷ
676 545 875 615 Δανιὴλ
927 541 1538 615 παρεκελεύσαντο(50).
1565 541 1713 612 Φημὶ
1743 541 1846 594 τοί-

1959 543 2384 599 benedicendum
2443 545 2636 607 Deum,
2702 542 2955 614 privatim
3025 544 3299 598 Danlelem
3360 544 3562 599 hortati

247 653 368 700 νυν,
395 640 477 692 ὅτι
510 635 622 708 (Si)
650 635 834 705 ἐπειδὴ
867 637 915 688 ei
943 637 1041 706 μὲν
1078 635 1263 705 κοινῆς
1294 635 1575 705 προνοίας,
1595 636 1642 687 οί
1663 632 1720 687 δὲ
1752 635 1847 687 καὶ

249 731 428 802 ιδικῆς
459 730 552 784 καὶ
582 727 864 798 ὲξαιρέτου
905 726 1244 798 προστασίας
1291 726 1636 796 ἀπήλαυσαν·
1673 725 1768 778 καὶ
1796 725 1845 778 oi

252 823 356 895 μὲν
396 823 486 877 τὸν
514 822 753 892 ἔμφυτον
787 814 953 890 εἶχον·
1004 821 1052 874 οἱ
1095 819 1150 872 δὲ
1190 819 1286 874 καὶ
1323 818 1414 873 τὸν
1447 817 1696 889 γραπτὸν
1731 818 1847 872 ἐδέ-

252 911 414 982 ξαντο
435 917 622 985 νόμον.

618 1191 678 1243 1'.
718 1219 789 1229 —
821 1187 1082 1258 ῙΣῘΔΩΡῼ
1113 1184 1487 1256 ΕΠΙΣΚΟΠῼ.

249 1282 392 1354 Περὶ
438 1282 546 1338 τοῦ
581 1282 776 1352 ῥητοῦ
817 1279 929 1360 τῇς
967 1277 1302 1360 ἐπιστολῆς
1366 1275 1668 1334 Ἰακώϐου·
1714 1294 1734 1328 ι
1782 1274 1850 1331 ’Β

795 1355 1052 1420 γλῶσσα
1089 1355 1231 1416 πῦρ,
1275 1369 1296 1401 ε

332 1448 560 1518 Διττήν,
594 1463 683 1516 μοι
735 1444 914 1512 ξδοκεῖ,
979 1442 1079 1513 τὴν
1119 1443 1237 1513 κμὲν
1296 1437 1696 1512 πιθανωτέραν,
1749 1439 1850 1511 τὴν

247 1535 304 1590 δὲ
335 1537 447 1608 (5‘2)
485 1534 816 1607 πικροτέραν
850 1533 1149 1604 ἑρμηνείαν
1177 1531 1322 1602 ἔχειν
1349 1532 1410 1584 τὸ
1437 1531 1589 1602 παρά
1625 1530 1719 1583 σοῦ
1749 1528 1851 1600 ζη-

245 1629 432 1700 τηθέν·
453 1646 473 1680 ι
498 1628 560 1682 Ἡ
589 1627 810 1695 γλῶσσα
845 1625 978 1696 πῦρ,
1009 1626 1035 1676 6
1063 1624 1266 1693 κόσμος
1299 1623 1414 1696 (ὕὸ)
1443 1625 1542 1693 τῆς
1577 1623 1846 1685 ἀδικίας.)

244 1721 499 1777 Μάλιστα
536 1719 636 1791 μὲν
669 1717 860 1789 ἐπειδὴ
888 1717 1190 1788 εῦστροερος
1225 1711 1360 1769 οὖσα
1409 1717 1504 1769 καὶ
1554 1715 1730 1788 ῥᾴστη
1760 1714 1852 1767 s6-

244 1813 426 1886 χερῶς
452 1811 623 1866 πολλά
651 1810 888 1864 λαλοῦσαι
919 1811 1084 1864 κακά.
1119 1808 1231 1862 Καὶ
1263 1808 1370 1879 γὰρ
1402 1809 1496 1861 καὶ
1530 1809 1849 1877 κατηγορεῖ,

1953 635 2155 690 fuerint
2193 636 2283 708 (ad
2322 637 2462 690 idem
2506 636 2790 702 cilicium).
2830 637 2927 692 Aio
2968 637 3154 706 itaque
3205 638 3369 707 (hanc
3424 636 3560 691 mihi

1951 729 2071 799 ejus
2106 730 2182 784 rei
2209 745 2427 783 Causam
2465 729 2633 783 videri
2675 730 2889 799 fuisst').
2930 731 3184 799 Quoniam
3224 730 3298 784 illi
3343 731 3561 798 quidem

1952 825 2225 898 generalis
2265 824 2653 892 Providentia},
2697 826 2750 880 hi
2783 841 2912 880 vero
2940 827 3104 880 etiam
3139 826 3361 894 insuper
3398 841 3563 894 pecu-

1952 918 2105 972 liaris
2139 928 2300 987 atque
2346 917 2562 972 eximite
2597 917 2880 986 cujusdam
2922 919 3280 988 prdtectionis
3323 918 3560 972 fructum

1952 1018 2345 1082 perceperunt;
2391 1020 2446 1065 et
2483 1011 2560 1065 illi
2603 1013 2820 1081 quidem
2862 1023 3052 1066 natura
3093 1011 3314 1066 insitam
3355 1012 3561 1065 habue—

1955 1113 2103 1170 runt,
2137 1103 2189 1157 hi
2220 1119 2346 1158 vero
2382 1105 2544 1158 etiam
2569 1106 2826 1172 scriptam
2863 1104 3032 1174 legem
3065 1111 3415 1173 acceperunt.

2313 1196 2383 1250 Χ.
2429 1227 2500 1237 -
2535 1195 2814 1252 lSlDORO
2853 1195 3212 1251 EPISCOPO.

2044 1285 2121 1343 De
2174 1291 2319 1344 dicto
2363 1288 2621 1359 Epistola’
2670 1289 2901 1353 Jacobi,
2970 1308 2987 1341 ι
3029 1287 3232 1359 Lingua
3280 1299 3354 1342 est
3403 1290 3481 1356 ig-

2550 1363 2631 1414 nis
2661 1362 2736 1426 "°,
2761 1380 2780 1412 ι
2825 1371 2933 1415 etc.

2025 1449 2309 1506 Geminam
2345 1451 2478 1504 mihi
2525 1450 2739 1505 videtur
2789 1451 3323 1520 interpretationem,
3364 1447 3560 1518 partim

1954 1543 2397 1611 probabiliorem,
2434 1543 2630 1613 partim
2669 1558 2801 1597 vero
2849 1544 3215 1607 acerbiorem,
3257 1543 3459 1596 habere
3494 1541 3564 1596 ila

1955 1635 2049 1690 lud
2096 1637 2194 1690 abs
2243 1645 2293 1690 te
2335 1637 2620 1705 quat-situm
2670 1651 2684 1690 :
2729 1656 2746 1688 ι
2773 1635 2978 1706 Lingua
3018 1637 3157 1707 ignis
3185 1647 3288 1701 est,
3329 1636 3562 1690 mundus

1957 1724 2293 1794 iniquitatis;
2329 1746 2348 1779 ›
2376 1727 2613 1781 maxime
2639 1727 2880 1797 quidem,
2909 1729 3035 1796 quia
3077 1728 3351 1781 versatilis
3385 1737 3439 1781 et
3479 1726 3564 1781 lu-

1955 1818 2107 1872 brica
2149 1829 2267 1886 cst,
2311 1820 2590 1888 multaque
2632 1821 2796 1876 facile
2849 1821 2990 1876 mala
3031 1821 3294 1892 loquitur.
3335 1819 3468 1875 Nam
3508 1828 3565 1874 et

242 1907 342 1960 καὶ
394 1906 732 1976 κακηγορεῖ,
795 1903 888 1956 καὶ
943 1905 1228 1973 ἐπιορκεῖ,
1286 1902 1376 1954 καὶ
1425 1900 1720 1970 ψεύδεται,
1755 1901 1846 1953 καὶ

1954 1919 2197 1974 accusat,
2231 1920 2284 1964 et
2319 1912 2616 1975 maledicit,
2638 1924 2691 1967 et
2717 1912 2947 1981 pejerat,
2980 1922 3036 1968 et
3069 1913 3346 1971 mentitur.
3385 1921 3439 1964 et
3465 1909 3564 1965 fal-

241 1997 686 2069 ψευδομαρτυρεῖ
711 2037 724 2060 ,
761 1995 858 2048 καὶ
891 1994 1121 2056 πολλοὺς
1152 1992 1354 2056 ἀδίκως
1386 1995 1466 2056 είς
1497 1993 1610 2063 πῦρ
1640 1992 1846 2063 ὲμίῖἁλ⁴

242 2089 324 2143 λει
347 2131 361 2154 ,
399 2090 492 2142 καὶ
519 2090 597 2152 εἰς
628 2086 802 2154 ξίφος,
831 2086 927 2139 καὶ
960 2088 1038 2150 είς
1065 2085 1304 2154 πέλαγος
1350 2085 1501 2139 ὠθεῖ.
1538 2085 1760 2156 Κόσμον
1789 2083 1846 2137 δὲ

243 2180 354 2238 οἶδε
382 2183 570 2237 καλεῖν
607 2184 639 2252 ἡ
675 2179 868 2251 Γραφὴ
906 2179 969 2232 τὸ
1016 2179 1242 2250 πλῆθος.
1283 2197 1302 2231 ι
1357 2179 1418 2230 '0
1452 2177 1657 2248 κόσμος
1690 2177 1802 2250 γὰρ
1826 2216 1840 2241 ,

243 2277 442 2347 φησὶν,
475 2274 637 2328 αὐτὸν
665 2273 940 2342 ούκιέγνω
961 2290 973 2303 ·
1006 2291 1023 2324 ι
1059 2272 1208 2326 τοῦτ’
1230 2271 1367 2334 ἔστι,
1402 2271 1464 2324 τὸ
1502 2271 1729 2342 πλῆθος.
1781 2270 1848 2324 Ἡ

244 2367 470 2438 γλῶσσα
495 2363 608 2427 οὖν,
640 2367 826 2436 φησὶν,
856 2365 888 2436 ἢ
933 2364 1045 2434 πῦρ
1082 2366 1199 2417 ἐστι
1220 2403 1235 2426 ,
1273 2362 1479 2434 πλῆθος
1512 2363 1716 2426 ἀδίκως
1750 2380 1848 2416 κα-

243 2459 568 2521 τακαίουσα,
595 2460 628 2529 ἢ
666 2458 906 2528 πλήθους
939 2457 1110 2526 πυρὸς
1141 2455 1328 2508 ἀδίκου
1361 2455 1585 2524 δοχεῖον.
1629 2453 1848 2523 Ἐπειδὴ

242 2553 304 2606 δὲ
329 2552 515 2605 πολλοὶ
549 2555 614 2623 τῇ
648 2551 815 2621 κακίᾳ
855 2549 1305 2620 συμπράττοντες
1329 2587 1344 2610 ,
1382 2547 1474 2600 καὶ
1501 2547 1601 2618 τὴν
1630 2545 1848 2599 ἀδικίαν

247 2644 604 2715 σεμνύνοντες
629 2686 643 2708 ,
676 2643 971 2697 δεινότατοι
1014 2642 1165 2704 ὄντες
1196 2640 1516 2714 ῥητορεύειν
1557 2639 1652 2691 ἐπὶ
1700 2639 1848 2710 πρά-

245 2737 362 2804 ξεσι
406 2737 671 2806 πονηραῖς
707 2735 802 2787 καὶ
856 2732 1194 2803 παρανόμοις
1223 2771 1236 2794 ,
1285 2730 1458 2798 λόγων
1509 2728 1848 2799 εὐπρέπειαν

243 2828 480 2898 ἑχόντων
527 2828 627 2880 οὐκ
681 2825 1058 2896 ἀποροῦντες,
1107 2823 1431 2877 λανθάνουσι
1480 2822 1604 2875 καθ’
1637 2821 1849 2876 ὲ-αυτῶν

242 2921 348 2992 τὴν
380 2920 560 2988 ψῆφον
591 2918 892 2988 τιθέμενοι,
930 2917 1027 2969 καὶ
1059 2917 1256 2984 δεῖγμα
1285 2915 1382 2983 τῆς
1409 2914 1619 2967 ὲαυτῶν
1656 2931 1844 2982 προαιο

247 3013 451 3084 ρέσεως
498 3012 598 3081 τῆς
626 3012 717 3062 ἐπὶ
748 3010 817 3062 τὰ
853 3010 1031 3078 φαῦλα
1067 3006 1338 3078 ῥεπούσης
1385 3007 1474 3058 διὰ
1518 3005 1628 3059 τῶν
1674 3005 1847 3074 λόγων

241 3089 450 3158 τούτων
495 3104 846 3174 ἐκφέρουσιν,
896 3099 1026 3164 ῖσως
1078 3099 1410 3168 στηλιτεύων
1451 3098 1648 3160 αὐτοὺς
1699 3097 1846 3150 τοῦτ’

244 3195 374 3265 ἔφη·
416 3213 434 3245 ι
481 3195 546 3247 Ἦ
576 3194 798 3262 γλῶσσα
832 3193 940 3265 πῦρ
963 3233 975 3256 ,
1006 3195 1033 3246 6
1066 3192 1269 3262 κόσμος
1302 3195 1401 3262 τῆς
1433 3192 1676 3254 ἀδικίας·
1715 3211 1732 3243 ›
1771 3191 1846 3255 ὼς

243 3290 312 3344 ἂν
349 3290 396 3342 εί
445 3288 652 3356 ἔλεγεν,
704 3289 785 3341 ὅτι
825 3288 853 3339 6
889 3287 988 3356 τῆς
1042 3285 1375 3354 εὐγλωττίας
1418 3284 1625 3356 πυρσὸς
1650 3325 1664 3349 ,

243 3384 370 3445 τοὺς
408 3382 619 3452 μεγάλα
651 3381 942 3443 πταίοντας
973 3382 1152 3449 κοσμῇ
1179 3419 1193 3441 ,
1225 3379 1662 3447 ἐγκαλλώπισμα
1691 3379 1845 3431 δοκεῖ

243 3475 343 3544 τῆς
377 3473 656 3544 ἀληθείας.
690 3472 811 3544 Χρὴ
837 3472 1129 3543 τοιγαροῦν
1153 3473 1218 3541 τῇ
1244 3471 1510 3540 δεινότητι
1540 3470 1843 3541 κεχρῆσθαι

242 3567 305 3619 οὗ
354 3566 492 3636 πρὸς
539 3567 601 3618 τὸ
632 3565 729 3637 τὴν
774 3565 972 3618 κακίαν
1021 3567 1268 3634 κοσμεῖν,
1306 3564 1441 3617 ἀλλὰ
1487 3564 1622 3634 πρὸς
1653 3563 1712 3616 τὸ
1745 3565 1844 3635 τὴν

243 3659 447 3728 ἀρετὴν
488 3657 798 3727 σεμνύνειν,
846 3658 944 3727 τὴν
972 3656 1064 3710 καὶ
1105 3659 1274 3726 χωρὶς
1323 3657 1497 3723 λόγων
1547 3656 1836 3726 ὑπέρλαμ-

243 3767 405 3822 προν.

1954 2017 2074 2058 sum
2113 2002 2244 2056 dicit
2289 2001 2685 2070 testimonium,
2724 2013 2779 2057 ct
2810 2004 3011 2057 multos
3050 2005 3102 2058 in
3147 2004 3325 2073 ignem
3364 2003 3563 2073 injuste

1953 2093 2198 2163 conjicit,
2232 2094 2358 2148 etin
2387 2093 2625 2164 gladium
2659 2102 2712 2149 ct
2745 2096 2797 2148 in
2823 2110 2976 2148 mare
3015 2096 3263 2165 impellit.
3296 2095 3560 2151 Mundam

1953 2193 2134 2239 autem
2177 2184 2314 2238 solet
2357 2200 2554 2256 vocare
2604 2182 2884 2254 Scriptura
2938 2187 3365 2242 multitudinem.
3425 2186 3562 2241 Nam

1955 2274 2290 2347 (ctJoannes
2316 2277 2673 2349 evangelista)
2706 2278 2880 2346 inquit
2915 2296 2927 2331 :
2969 2297 2987 2330 ι
3036 2278 3267 2334 Mundus
3296 2294 3418 2334 eum
3455 2296 3562 2336 non

1953 2370 2209 2437 COguovit
2243 2370 2320 2433 '“;
2364 2387 2382 2420 ι
2423 2369 2526 2423 Ιιοε
2567 2379 2652 2424 εει
2703 2371 3018 2436 multitudo,
3059 2386 3155 2426 seu
3204 2373 3376 2441 plebs.
3429 2374 3562 2429 Lin-

1952 2476 2057 2532 gua
2083 2461 2266 2531 igitur,
2299 2462 2496 2532 inquit,
2523 2470 2616 2515 aut
2645 2462 2785 2532 ignis
2805 2472 2913 2528 est,
2943 2464 3346 2519 multitudinem
3382 2467 3566 2536 inique

1953 2553 2300 2620 comburens,
2340 2564 2434 2609 aut
2463 2556 2869 2622 receptaculum
2905 2557 3445 2633 multitudinisignis
3477 2560 3564 2615 in-

1947 2647 2107 2716 iusti.
2147 2645 2284 2713 Quia
2320 2663 2450 2702 vero
2491 2649 2647 2702 multi
2688 2649 2937 2704 faventes
2973 2650 3332 2718 improbitati,
3373 2663 3428 2706 et
3461 2653 3565 2706 ini-

1951 2741 2214 2811 quitatem
2251 2741 2476 2796 bonesta
2510 2741 2694 2810 specie
2735 2750 3089 2806 exornantes,
3126 2743 3338 2797 diccndi
3376 2744 3562 2799 rheto-

1953 2831 2065 2885 rica
2099 2829 2359 2883 facultate
2396 2831 2612 2898 egregie
2639 2829 2884 2884 valentes
2922 2829 2972 2881 in
3018 2829 3327 2884 actionibus
3360 2831 3566 2900 impro-

1952 2923 2034 2978 bis
2059 2935 2114 2978 et
2147 2922 2390 2990 injustis,
2423 2938 2605 2992 neque
2644 2922 2895 2978 destituti
2928 2923 3242 2976 orationum
3281 2923 3564 2991 pulchram

1950 3016 2187 3084 speciem
2224 3014 2537 3068 habentium
2572 3014 2748 3082 c0pia,
2783 3028 2890 3066 non
2935 3015 3377 3068 animadvertunt
3420 3016 3565 3084 quod

1952 3106 2216 3159 adversus
2258 3105 2586 3173 semetipsos
2614 3103 2884 3157 calculum
2919 3103 3117 3167 ferant,
3157 3115 3212 3158 et
3254 3104 3563 3160 istiusmodi

1952 3197 2292 3250 orationibus
2321 3197 2594 3266 specimen
2629 3211 2738 3249 snze
2771 3195 3079 3248 animorum
3124 3196 3461 3251 inductionis
3495 3201 3564 3255 ad

1717 3286 1845 3338 ὅταν
1873 3279 1916 3337 C
1952 3303 2040 3342 res
2071 3286 2244 3340 malas
2285 3300 2565 3354 propensa:
2601 3285 2920 3352 proferunt;
2957 3285 3162 3341 idcirco
3204 3286 3453 3343 fortassis
3485 3290 3565 3360 ip-

1953 3397 2045 3436 sos
2079 3379 2513 3449 reprehemleudi
2563 3394 2724 3432 causa
2765 3380 2869 3432 hoc
2903 3379 3058 3432 dixit.
3098 3399 3115 3431 ‹
3165 3379 3373 3450 Lingua
3427 3382 3566 3451 ignis

1950 3480 2052 3536 est,
2087 3470 2322 3523 mundus
2369 3469 2693 3537 iniquitatis.
2734 3487 2754 3521 ι
2790 3469 2956 3535 Quasi
2997 3470 3246 3525 diceret:
3292 3471 3567 3542 Eloquenc

1951 3563 2040 3616 tiae
2089 3570 2143 3615 et
2199 3570 2408 3614 ornatte
2459 3559 2712 3613 dictionis
2761 3557 2851 3613 fax
2906 3561 2994 3614 ubi
3045 3576 3139 3615 eos
3179 3562 3270 3631 qui
3324 3564 3569 3631 graviter

1950 3655 2081 3723 lapsi
2098 3662 2226 3709 sunt
2241 3661 2494 3718 exornat,
2514 3653 2697 3705 fucum
2719 3651 2902 3706 facere
2923 3653 3138 3707 videtur
3157 3655 3569 3728 veritatiﬁlg

1949 3744 2129 3810 Quare
2163 3744 2378 3797 dicendi
2412 3743 2677 3798 facultate
2708 3759 2814 3798 non
2845 3754 3062 3812 oportet
3093 3746 3240 3799 abuti
3276 3747 3342 3800 ad
3375 3751 3574 3817 impro-

243 3839 468 3894 bitatcm
506 3839 831 3902 ornandam,
860 3840 952 3893 sed
985 3839 1049 3893 ad
1083 3839 1334 3892 virtutem
1380 3837 1745 3894 decorandam
1780 3851 1842 3891 ea
1891 3836 2267 3892 transferenda
2301 3843 2403 3900 est,
2432 3850 2552 3904 qua-
2585 3836 2802 3904 quidem
2847 3837 3016 3891 etiam
3094 3839 3300 3907 absque
3363 3840 3566 3895 oratio-

245 3933 486 3988 tionibus
518 3945 709 4003 suopte
731 3934 1018 4000 splendore
1043 3933 1345 4001 praefulget.

445 4025 547 4079 lA'.
581 4055 648 4064 -ς
683 4025 988 4096 emanet}
1031 4025 1142 4095 (δι)
1192 4023 1648 4096 ΣΧΟΛΑΣΤΙΚῼ.

248 4116 352 4180 Εἰς
395 4113 494 4166 τό·
559 4133 574 4163 t
647 4114 787 4166 Ἐὰν
844 4111 1093 4235 πειιςᾶόό
1150 4113 1365 4180 ἐχθρός
1415 4127 1572 4178 σου,
1629 4109 1852 4181 ψώμιζε·

907 4200 1020 4235 αυτ
1059 4201 1115 4235 ν.
1158 4202 1175 4232 ι

907 4200 1115 4236 αυτον.
1158 4202 1175 4232 ι

330 4274 597 4341 Ἀγνοεῖς,
646 4273 719 4336 ὡς
760 4273 952 4338 ἔοικεν,
1001 4275 1082 4326 ὅτι
1131 4274 1162 4344 ὴ
1200 4271 1297 4326 νέα
1327 4271 1614 4340 φιλοσοφία
1642 4273 1740 4341 τῆς
1773 4277 1849 4334 ὡς

247 4368 462 4438 νηπίοις
511 4366 956 4436 διαγορευοείσης
1009 4367 1109 4434 τῆς
1173 4365 1412 4428 παλαιᾶς
1465 4365 1846 4434 παραινέσεως

248 4461 395 4514 ἔστιν
453 4461 781 4530 ὑψηλοτέρα.
841 4460 915 4511 T6
979 4459 1088 4527 γὰρ
1143 4456 1463 4527 Θαυμαοθὲν
1517 4457 1671 4528 παρὰ
1728 4457 1845 4522 σοῦ,

2177 4018 2272 4072 XI.
2309 4049 2370 4058 —
2415 4016 2800 4073 TlllﬂODORO
2845 4017 3345 4076 SCIlOLASTlCO.

1959 4113 2028 4167 In
2064 4113 2220 4179 illud,
2259 4132 2276 4163 ι
2315 4111 2373 4167 Si
2398 4113 2644 4165 esurierit
2673 4113 2922 4166 inimicus
2965 4125 3111 4181 tuus,
3143 4117 3257 4169 ciba
3295 4132 3414 4169 eum
3446 4119 3513 4172 ⁷⁸.
3543 4138 3562 4172 ι

2035 4277 2249 4332 Videris
2288 4276 2544 4345 ignorare
2593 4276 2735 4345 quod
2772 4292 2910 4331 nova
2957 4277 3284 4350 (Evangelii)
3325 4279 3572 4346 philoso-

1959 4370 2085 4438 phia
2115 4370 2402 4422 sublimior
2437 4371 2507 4424 sit
2547 4371 2718 4424 veteri
2751 4371 2836 4425 illa
2868 4373 3259 4440 praeceptione,
3301 4390 3420 4443 quae
3445 4387 3567 4429 tan-

1959 4470 2124 4524 quant
2168 4456 2467 4511 infantibus
2493 4459 2638 4511 edita
2669 4469 2771 4513 est.
2816 4457 2951 4514 Nam
2987 4461 3115 4514 illud
3158 4463 3381 4532 dictum,
3424 4467 3566 4534 quod

254 4571 273 4603 ι
317 4551 443 4604 Ἐὰν
488 4553 649 4622 πεινᾷ
695 4554 722 4604 6
770 4550 964 4620 ἐχθρός
1006 4568 1098 4602 σου
1127 4591 1140 4614 ,
1196 4549 1446 4619 ψώμισον
1499 4549 1697 4603 αὐτόν·
1754 4550 1846 4603 ἐὰν

1963 4549 2058 4603 tibi
2097 4550 2448 4603 admirationi
2482 4559 2611 4605 est:
2653 4570 2671 4602 ι
2717 4551 2774 4604 Si
2807 4553 3069 4607 esurierit
3114 4555 3374 4611 inimicus
3417 4568 3564 4623 tuus,

247 4642 377 4714 διψᾷ
404 4683 418 4708 ,
461 4644 651 4706 πότιζε
702 4643 898 4695 αὐτόν·
941 4661 958 4694 ι
1005 4643 1064 4694 ού
1106 4642 1227 4694 λίαν
1268 4643 1409 4712 μέγα
1449 4643 1542 4695 καὶ
1575 4643 1843 4710 νεανικὸν,

245 4734 362 4787 ἀλλ’
392 4733 555 4805 εὐχῆς
595 4733 754 4802 ἔργον
801 4732 935 4785 ἐστί.
971 4733 1044 4785 Τὸ
1087 4732 1196 4804 γὰρ
1235 4733 1314 4795 είς
1356 4732 1629 4800 τοσαύτην
1677 4733 1850 4802 ἐμπε-

250 4826 364 4880 σεῖν
395 4826 602 4879 ἐκεῖνον
634 4825 878 4894 ἀνάγκην
907 4823 982 4888 ὡς
1014 4824 1124 4876 τῶν
1159 4825 1475 4891 ἀναγκαίων
1511 4824 1623 4894 (55)
1653 4825 1849 4896 δεηθῆ-

1959 4642 2079 4697 ciba
2111 4657 2274 4708 eum;
2307 4644 2351 4697 si
2385 4643 2606 4708 sitierit,
2655 4655 2840 4713 potum
2884 4647 2957 4699 illi
3009 4649 3218 4716 pra-be;
3264 4667 3282 4700 ι
3333 4665 3439 4704 non
3484 4664 3569 4707 cst

1961 4734 2100 4787 adeo
2133 4749 2219 4787 res
2245 4734 2503 4802 praeclara
2529 4745 2583 4789 et
2606 4738 2830 4801 eximia,
2870 4739 2962 4792 sed
2981 4740 3273 4808 ejusmodi,
3305 4757 3424 4810 qua:
3447 4759 3566 4798 ma-

1965 4826 2048 4894 gis
2083 4827 2321 4895 optanda
2357 4827 2449 4894 sit,
2490 4836 2548 4882 ut
2581 4830 2882 4900 contingat.
2913 4829 3049 4885 Nam
3080 4846 3201 4887 cum
3235 4833 3324 4890 ille
3355 4833 3409 4890 in
3448 4843 3569 4891 tan-

342 4983 389 5014 "
410 4982 529 5038 Jac.
558 4997 643 5048 ut,
668 4980 722 5036 6.
801 4982 846 5012 '”
878 4980 1036 5036 Joan.
1087 4996 1123 5047 ι,
1162 4981 1247 5035 l0.
1328 4982 1372 5012 ’²
1404 4980 1565 5034 Prov.
1602 4996 1732 5047 xxv,
1761 4979 1822 5032 2i

1954 4997 2074 5036 .om.
2109 4999 2207 5051 xtl,
2239 4983 2331 5038 20.
2415 5054 2419 5058 γ

1372 5135 1613 5190 VARIA'Z
1654 5135 2044 5192 LECTIONES
2085 5137 2173 5191 ET
2213 5138 2445 5196 ΝΟΤᾹΣ.

320 5296 435 5368 (50)
501 5297 586 5364 Τῷ
628 5296 875 5368 Δανιὴλ
911 5295 1465 5368 παρεκελεύσαντο.
1523 5294 1582 5346 in
1637 5293 1854 5368 cantico

247 5364 423 5424 trium
443 5384 753 5436 puerorum,
790 5364 880 5436 qui
914 5364 1195 5432 vocantur,
1227 5366 1463 5420 Danielis
1490 5379 1621 5436 cap.
1650 5379 1727 5427 In,
1760 5364 1843 5436 hic

245 5440 400 5492 locus
430 5434 588 5506 quem
640 5434 848 5502 innuit,
901 5438 1057 5491 hodie
1091 5453 1195 5492 nou
1239 5444 1415 5491 exStat
1447 5454 1461 5490 :
1513 5434 1661 5489 nulla
1697 5435 1844 5488 enim

246 5508 323 5564 ibi
356 5507 589 5562 Danielis
625 5510 850 5571 mentio,
884 5508 1046 5562 iit'n'.

317 5579 430 5647 (51)
463 5579 598 5632 Cod.
630 5578 802 5632 Vatic.
834 5577 937 5631 650
969 5578 1143 5630 omitti
1168 5579 1268 5631 ὅτι.
1298 5577 1507 5631 Possm.

321 5646 432 5718 (52)
460 5647 605 5702 Inter
629 5650 684 5719 δὲ
709 5659 763 5702 et
798 5648 1126 5719 πικροτέραν
1157 5650 1298 5702 idem
1326 5648 1445 5701 cod.
1474 5648 1700 5719 inserit,
1726 5646 1838 5719 δει-

247 5717 472 5789 νοτέραν
501 5719 611 5772 καί.
652 5717 915 5773 Similiter
943 5735 1062 5773 vers
1094 5719 1126 5771 5
1156 5720 1294 5772 inter
1326 5718 1498 5770 πολλὰ
1523 5729 1576 5774 ει
1600 5717 1838 5771 λαλοῦσα

249 5790 391 5859 idem
420 5789 632 5842 ittlittdit
653 5790 775 5859 δρᾷ.
805 5790 877 5842 lt).

321 5857 435 5929 (53)
478 5853 991 5930 Confer'Cltrysost.
1024 5858 1208 5914 homil.
1243 5859 1335 5927 22,
1369 5859 1433 5915 ad
1467 5859 1664 5928 Epiros.
1712 5853 1833 5910 Οἵδε

1956 5294 2297 5428 ’ἒῖἴςκςίἱςιμῐοινο
2313 5297 2502 5352 τοῦτον
2525 5299 2715 5357 καλεῖν
2742 5303 2776 5374 ἡ
2809 5302 3001 5377 Γραφὴ
3024 5303 3122 5370 τὰς
3155 5308 3401 5379 πονηρὰς
3426 5309 3569 5383 πράο

1997 5381 2096 5425 εις.
2129 5381 2297 5421 ιιι-[τ.

1952 5506 1965 5518 .
2026 5434 2138 5518 (54)
2163 5435 2316 5518 .Non
2339 5437 2759 5518 Theodorosed
2797 5445 3164 5518 Ἀδαμίαντίῳ,
3197 5448 3560 5518 Adamantio,

1951 5508 2270 5583 inscribitur
2306 5509 2420 5583 lucc
2455 5512 2685 5581 cpistola
2720 5515 2771 5567 in
2806 5508 2944 5570 cod:
2966 5508 3308 5583 Vinici-650,
3342 5536 3485 5576 vers.
3534 5508 3568 5575 ά

1954 5593 2041 5646 ep.
2089 5579 2232 5654 quod
2274 5589 2357 5654 est
2398 5581 2449 5634 in
2483 5579 2630 5654 edito
2653 5625 2664 5644 ,
2694 5585 2817 5654 τῆς,
2853 5590 3006 5641 abest
3039 5605 3068 5640 ιι
3108 5579 3313 5644 codice.
3345 5606 3487 5646 vers.
3534 5593 3567 5646 5

1955 5649 2246 5726 postferatv
2284 5651 2425 5726 idem
2456 5653 2608 5726 addit
2637 5649 2838 5725 πολλῷ.
2872 5656 3087 5712 Possm.

1978 5786 1996 5800 ,
2025 5719 2135 5800 (5,55)
2165 5719 2549 5800 Ηειξερλὼςφῶν
2573 5719 2891 5793 ἀναγκαίων
2921 5732 3244 5800 supplentur
3277 5745 3342 5786 ex
3372 5731 3566 5788 codice

1953 5787 2217 5847 Vaticano
2237 5790 2361 5847 650.
2396 5792 2559 5848 Eutr.
