4164 6432
743 402 879 468 1Π5

1931 416 1990 474 S.
2026 414 2315 474 ISIDORI
2355 415 2791 477 PELUSIOTJS

3859 413 3985 477 1076

739 529 843 569 non
878 516 1037 570 modo
1077 517 1267 582 risum,
1309 533 1495 573 verum
1539 518 1701 574 etiam
1733 535 1946 576 omnem
1987 524 2294 594 indignatio-

2413 542 2505 592 μιν
2525 527 2796 593 καὶδόξαν
2815 525 3172 597 πηγάζοντος,
3193 523 3520 596 συγγνώμης
3549 521 3752 594 μεῖζον.
3780 524 3983 576 οὐκοῦν

737 621 860 661 nem
890 617 1181 662 mereatur.
1219 608 1390 664 Porro
1417 627 1536 665 cum
1564 610 1747 667 volens
1783 612 2062 684 libensque
2093 617 2300 670 hostem

736 701 948 766 generis
977 700 1196 756 humani
1234 717 1462 774 sequare
1489 707 1684 776 (neque
1722 709 1867 763 enim
1909 723 2004 778 per
2044 710 2173 774 vim,
2206 723 2302 764 ne-

735 802 840 858 que
869 804 965 859 per
1003 795 1365 864 tyrannidem,
1398 799 1492 853 sed
1527 797 1646 852 dolo
1674 814 1738 854 ac
1772 801 1960 856 fraude
1997 801 2165 856 nostri
2200 816 2297 871 po-

735 881 1154 950 titur),dicere:
1189 903 1209 936 ι
1239 883 1341 941 Sed
1391 886 1556 942 libera
1606 905 1703 945 nos
1743 906 1773 945 a
1819 892 1988 957 malo;
2022 910 2042 942 ι
2085 904 2300 947 omnem

732 982 1022 1040 exsuperat
1092 974 1416 1034 illusionem.
1480 980 1721 1051 Denique
1787 984 1963 1038 dicere
2020 984 2297 1052 quidem:

740 1081 757 1111 ι
791 1061 923 1128 Quia
955 1073 1108 1119 tuum
1152 1078 1236 1122 est
1290 1084 1535 1139 regnum,
1581 1081 1635 1125 et
1672 1073 1910 1141 potentia
1959 1083 2008 1127 et
2051 1072 2240 1143 gloria,
2275 1091 2294 1125 ι

729 1154 824 1207 sed
868 1169 989 1209 eum
1024 1157 1238 1213 interim
1295 1177 1391 1232 pro
1441 1163 1604 1217 nihilo
1650 1173 1863 1232 putare,
1905 1178 1934 1218 a
1973 1179 2081 1234 quo
2125 1164 2302 1218 omnis

731 1246 967 1312 potentia
1014 1256 1068 1303 et
1098 1249 1267 1319 gloria
1317 1263 1568 1322 tauquam
1611 1268 1677 1307 ex
1719 1254 1869 1310 fonte
1909 1253 2152 1325 proﬂuit,
2196 1253 2302 1310 tale

727 1343 839 1399 est,
891 1345 948 1391 ut
991 1339 1147 1393 venia
1207 1339 1379 1407 majus
1431 1343 1482 1396 in
1533 1357 1592 1398 se
1637 1345 1839 1399 crimen
1892 1345 2296 1413 complectatur.

729 1420 1070 1493 Quapropter
1120 1425 1198 1482 illi
1250 1428 1348 1483 soli
1399 1439 1518 1498 post
1559 1431 1935 1488 admirandum
1981 1432 2154 1500 illum,
2206 1436 2298 1504 qui

727 1513 780 1565 in
823 1513 1004 1569 divino
1034 1513 1358 1586 baptismate
1390 1522 1637 1593 contigit,
1674 1534 1910 1593 partum,
1943 1533 1998 1579 et
2036 1534 2155 1590 post
2199 1539 2298 1579 no-

729 1616 850 1658 vam
883 1619 946 1660 ac
976 1609 1315 1678 peregrinam
1347 1613 1754 1683 puerperiorum
1785 1612 1978 1682 legem,
2007 1615 2144 1670 hanc
2177 1631 2300 1672 ora-

726 1693 921 1749 tionem
961 1696 1063 1759 rite
1097 1713 1163 1755 ac
1197 1698 1323 1768 jure
1370 1705 1601 1760 recitare
1637 1711 1946 1772 potuerunt,
1984 1704 2147 1761 Deum
2193 1707 2298 1762 Pa-

725 1789 860 1840 trem
909 1788 1256 1859 appellantes,
1289 1793 1380 1863 qui
1427 1794 1655 1850 flliorum
1705 1809 2017 1866 germanam
2065 1797 2298 1854 indolem

2413 618 2610 672 ἐκεῖνοι
2651 621 2727 689 (Ι)
2783 619 2932 690 μόνοι
2983 622 3120 689 μετά
3152 621 3252 681 τὰς
3293 616 3627 686 θαυμασίους
3662 615 3863 676 ὠδῖνας
3889 616 3983 678 τὰς

2412 709 2471 760 ἐν
2489 707 2566 778 τῷ
2588 708 2718 779 θείῳ
2749 709 3111 778 βαπτίσματι,
3145 706 3345 761 καὶτὸν
3378 704 3524 768 ξένον
3557 706 3654 758 καὶ
3685 703 3984 775 παράδοξον

2411 797 2760 868 λοχευμάτων
2783 799 2968 869 νόμον,
2994 799 3192 852 δίκαιοι
3207 797 3274 850 ἀν
3300 793 3412 850 εἶεν
3427 795 3486 849 τὸ
3510 815 3527 846 ι
3555 797 3740 866 Πάτερ
3785 794 3942 865 ήμῶν
3963 814 3980 845 ›

2410 888 2604 956 λέγειν,
2656 889 2788 943 υἱῶν
2838 890 3274 960 ἐπιδεικνύμενοι
3329 888 3691 961 γνίισιόττιτιι⁸
3745 888 3840 940 καὶ
3902 886 3981 948 τὸ,

2413 971 2436 1032 ἱ
2477 981 2821 1052 Ἁγιασθήτω
2858 981 2919 1034 τὸ
2945 968 3118 1051 ὄνομά
3157 998 3273 1045 σου,
3312 999 3331 1032 ι
3371 981 3420 1032 oi
3465 980 3633 1051 μηδὲν
3657 979 3849 1046 ἐναγὲς
3868 979 3985 1034 δια·

2410 1072 2772 1142 πραττόμενοι
2797 1091 2810 1104 ο
2846 1073 2940 1127 καὶ
2980 1073 3060 1136 τὸ,
3099 1090 3119 1124 ι
3162 1071 3456 1141 Ἐλθέτωή
3509 1071 3754 1141 βασιλεία
3790 1087 3908 1132 σου,
3962 1088 3980 1123 ι

2408 1164 2455 1214 oi
2493 1162 2789 1230 φεύγοντες
2831 1162 2902 1216 τὰ
2947 1162 3027 1232 τῷ
3062 1162 3309 1234 τυράννῳ
3343 1162 3538 1232 ἡδονὴν
3582 1161 3860 1214 τίκτονταδ
3897 1162 3986 1215 καὶ.

2407 1250 2486 1313 τὴ,
2523 1267 2541 1301 ι
2580 1250 2867 1322 Γενηθήτω
2882 1252 2942 1303 τὸ
2960 1251 3177 1322 θέλημά
3205 1265 3322 1313 σου,
3348 1269 3367 1302 s
3401 1250 3451 1302 oi
3481 1248 3568 1302 διὰ
3598 1249 3707 1301 τῶν
3734 1248 3987 1319 πράξεων

2406 1338 2564 1393 τοῦτο
2597 1341 2883 1411 δηλοῦντες
2903 1358 2916 1374 ·
2947 1343 3063 1406 καὶ,
3111 1360 3129 1394 ι
3163 1341 3264 1394 Τὸν
3293 1342 3456 1410 άρτον
3486 1341 3575 1393 τὸν
3602 1338 3878 1393 ἐπιούσιον
3901 1339 3987 1401 δὸς

2405 1431 2539 1501 ἡμῖν
2569 1432 2828 1504 σήμερον,
2864 1451 2881 1485 ι
2916 1433 2966 1485 oi
3003 1433 3241 1502 τρυφαῖς
3269 1431 3364 1484 καὶ
3406 1432 3666 1494 ἀσωτίαις
3696 1430 3988 1483 ἀποταττό-

2411 1537 2561 1591 μενοι
2584 1540 2600 1554 ο
2629 1523 2724 1577 καὶ
2744 1522 2826 1590 τὸ,
2867 1542 2883 1576 ι
2924 1524 3096 1594 Ἀφες
3124 1525 3260 1595 ήμῖν
3287 1523 3359 1577 τὰ
3391 1523 3733 1593 ὀφειλήματα
3751 1523 3932 1593 ἡμῶν,
3963 1541 3980 1572 ι

2405 1614 2455 1667 oi
2485 1616 2601 1679 τοῖς
2630 1616 2711 1679 είς
2740 1615 2936 1679 αὐτοὺς
2959 1617 3223 1668 πταίσασι
3248 1613 3746 1682 συγγινώσκοντες·
3785 1612 3984 1676 καὶτὸ,

2412 1723 2432 1756 ε
2480 1704 2571 1776 Μὴ
2621 1706 2938 1778 εἰσενέγκῃς
2984 1707 3133 1777 ἡμᾶς
3180 1707 3262 1768 είς
3303 1704 3626 1774 πειρασμὸν,
3673 1721 3694 1755 ι
3743 1703 3795 1755 oi
3845 1703 3984 1772 μήτε

2406 1794 2634 1859 ἑαυτοὺς
2665 1796 2802 1866 μήτε
2825 1795 3020 1859 ἄλλους
3043 1797 3124 1859 είς
3146 1793 3334 1849 τοῦτον
3366 1793 3726 1864 ἐμϐάλλοντες
3745 1809 3760 1822 ·
3789 1792 3982 1857 καὶτὸ,

720 1875 1030 1933 ostendunt.
1071 1877 1150 1934 Illi
1177 1891 1428 1950 poterunt
1457 1884 1639 1941 dicere
1671 1903 1684 1940 :
1727 1905 1746 1938 ι
1781 1886 2162 1943 Sanctiticetur
2203 1905 2294 1944 no-

2405 1903 2425 1937 t
2472 1883 2660 1940 Ῥῦσαι
2696 1887 2844 1957 ἡμᾶς
2890 1886 2998 1940 ἀπὸ
3025 1885 3118 1939 τοῦ
3155 1885 3416 1957 πονηροῦ,
3453 1904 3471 1937 s
3505 1885 3556 1938 οί
3591 1883 3728 1954 πρὸς
3760 1884 3850 1937 τὸν
3884 1885 3986 1936 Σα-

721 1977 841 2018 men
872 1973 1040 2034 tuum,
1077 1986 1097 2021 ›
1134 1969 1224 2039 qui
1255 1971 1388 2026 nihil
1418 1973 1665 2029 scelerati
1694 1975 2079 2044 committunt;
2111 1976 2210 2042 illi,
2243 1986 2299 2032 et

722 2054 825 2110 hoc
859 2072 874 2110 :
904 2073 924 2108 ι
953 2057 1221 2116 Adveniet
1247 2077 1468 2134 regnum
1501 2074 1668 2132 tuum,
1700 2085 1718 2118 ι
1744 2067 1835 2136 qui
1861 2082 1924 2122 ea
1951 2067 2159 2139 fugiunt
2179 2085 2298 2139 quze

719 2151 952 2212 tyranno
985 2148 1314 2218 voluptatem
1347 2153 1586 2222 pariunt;
1621 2155 1697 2210 illi
1742 2166 1797 2212 et
1837 2156 1958 2224 hoc,
1997 2176 2017 2209 ι
2049 2157 2174 2214 Fiat
2199 2174 2298 2214 vo-

717 2231 898 2289 luntas
930 2243 1043 2301 tua,
1077 2254 1097 2290 s
1145 2238 1236 2309 qui
1274 2242 1407 2310 ipsis
1452 2244 1612 2301 factis
1654 2245 1757 2303 hoc
1802 2261 1861 2302 se
1902 2262 2124 2318 operam
2167 2250 2298 2306 dare

715 2323 1021 2395 declarant;
1066 2329 1142 2386 illi
1177 2333 1362 2401 etiam,
1399 2355 1419 2388 ι
1453 2335 1652 2392 Panem
1685 2339 2059 2408 quotidianum
2097 2342 2161 2396 da
2197 2357 2297 2396 no-

717 2415 800 2472 bis
835 2417 1015 2487 hodie,
1047 2439 1067 2474 s
1103 2424 1193 2492 qui
1231 2425 1380 2480 luxui
1426 2442 1490 2483 ac
1523 2429 1733 2485 deliciis
1773 2433 2024 2487 nuntium
2067 2435 2294 2489 remise-

2395 1978 2566 2031 τανᾶν
2611 1977 2878 2032 ἄσπονδον
2914 1979 3131 2050 ἔχοντες
3162 1981 3263 2050 τὴν
3309 1980 3524 2050 μάχηνυ
3556 1975 3651 2030 καὶ
3679 1976 3761 2038 τὺ,
3799 1994 3819 2027 ι
3862 1976 3982 2028 Ὅτι

2397 2065 2491 2120 σοῦ
2523 2069 2671 2123 ἐστιν
2697 2072 2729 2141 ή
2756 2069 3006 2140 βασιλεία
3035 2069 3132 2124 καὶ¹
3159 2071 3192 2140 ὴ
3222 2068 3476 2138 δύναμις,
3509 2068 3605 2121 καὶ
3632 2068 3664 2137 ή
3699 2066 3850 2132 δόξα,
3884 2083 3905 2118 s
3933 2065 3983 2118 oi

2397 2160 2695 2231 τρέμοντες
2719 2161 2885 2218 αὑτοῦ
2910 2163 3039 2228 τοὺς
3068 2162 3282 2232 λόγους,
3315 2162 3410 2215 καὶ
3428 2160 3612 2232 ἔργοις
3640 2160 3840 2222 αὐτοὺς
3864 2160 3985 2212 ἐπι-

2399 2253 2761 2326 δεικνύμενοι.
2792 2256 2866 2310 Οὒ
2897 2255 3007 2325 γάρ
3035 2253 3292 2308 τοσοῦτον
3321 2255 3565 2321 πέφυκεν
3597 2252 3781 2307 ἀνύειν
3823 2251 3856 2321 ἠ
3885 2251 3984 2321 τῆς

2401 2344 2569 2415 εὐχῆς
2599 2346 2902 2417 ἐπιστήμη,
2933 2347 3056 2401 δσον
3086 2348 3116 2401 ὀ
3147 2346 3345 2416 τρόπος
3376 2345 3471 2400 καὶ
3505 2347 3532 2398 ὀ
3559 2343 3673 2414 βίος
3706 2341 3801 2396 τοῦ
3831 2343 3981 2412 εὐχο-

2402 2437 2591 2508 μένου.

715 2518 881 2603 runt;
922 2513 998 2568 illi
1027 2523 1082 2569 et
1114 2515 1238 2582 hoc,
1275 2537 1294 2570 ι
1324 2518 1560 2577 Remitte
1590 2523 1746 2580 nobis
1787 2525 1970 2580 debita
2012 2538 2222 2592 nostra,
2255 2548 2275 2582 ι
2321 2533 2410 2599 qui
2477 2532 2690 2589 veniam
2733 2531 2802 2588 iis
2841 2533 3102 2599 tribuunt,
3143 2531 3235 2603 qui
3281 2531 3335 2586 in
3382 2532 3528 2602 ipsos
3585 2531 3976 2600 deliquerunt;

828 2613 883 2659 ει
914 2607 1040 2699 [³00.
1077 2611 1096 2660 ί
1129 2607 1206 2665 Νο
1247 2611 1473 2670 inducas
1518 2631 1616 2673 nos
1661 2619 1714 2673 in
1750 2620 2126 2688 lenlalionem.
2160 2642 2178 2676 ι
2213 2604 2304 2696 qui
2345 2641 2521 2698 neque
2558 2629 2905 2699 semetipsos,
2953 2643 3130 2699 neque
3161 2602 3296 2683 alios
3329 2627 3382 2680 in
3428 2626 3566 2681 hanc
3627 2625 3925 2695 conjiciunt
3962 2641 3978 2692 ;

715 2689 789 2745 illi
829 2700 884 2746 et
921 2692 1042 2761 hoc,
1085 2713 1104 2747 ι
1135 2694 1328 2754 Libera
1377 2716 1530 2758 nosa
1556 2704 1718 2772 malo,
1748 2725 1766 2758 ι
1801 2709 2048 2776 quicum
2090 2689 2292 2768 Satana
2335 2689 2656 2785 perpetuum
2706 2689 2775 2773 et.
2809 2689 3264 2774 irreconeiliabile
3317 2725 3512 2787 gerunt
3589 2715 3828 2782 bellum;
3899 2715 3975 2787 illi

714 2784 947 2854 denique
974 2801 1104 2844 vere
1135 2791 1317 2847 dicere
1355 2803 1629 2862 poterunt,
1670 2817 1688 2849 ι
1718 2797 1853 2865 Quia
1885 2809 2035 2856 tuum
2083 2812 2168 2859 est
2203 2784 2449 2875 regnum,
2486 2817 2542 2862 et
2571 2809 2810 2876 potentia
2851 2819 2907 2863 et
2944 2807 3135 2880 gloria,
3204 2827 3224 2861 ι
3262 2784 3357 2878 qui
3430 2807 3499 2864 ad
3565 2807 3736 2878 ipsius
3803 2784 3970 2864 verba

713 2876 1161 2944 contremiscunt,
1213 2895 1385 2952 eaque
1426 2898 1486 2938 re
1525 2894 1578 2940 et
1611 2901 1776 2956 opere
1819 2893 2132 2948 ostendunt.
2183 2893 2300 2950 Non
2340 2899 2484 2953 enim
2534 2907 2743 2955 tantum
2790 2876 3006 2957 edicere
3050 2900 3193 2957 valet
3244 2876 3358 2970 ipsa
3431 2876 3598 2969 hujus:
3634 2902 3972 2972 precationis

715 2967 930 3032 nmitia,
963 2978 1222 3039 quantum
1257 2987 1436 3029 mores
1467 2985 1520 3031 et
1553 2977 1660 3032 vita
1693 2983 1989 3049 precantis.

794 3098 963 3173 ‘26
989 3101 1156 3158 XXV.
1186 3133 1256 3146 -
1288 3105 1679 3167 ATHANASIO
1717 3109 2199 3175 PBESBYTERO.

2620 3121 2752 3179 κε’.
2792 3153 2863 3168 -
2891 3123 3233 3196 ΔΘΑΝΑΣῙῼ
3280 3123 3746 3197 ΠΡΕΣΒΥΤΕΡῼ.

707 3210 969 3306 Iulii-Iud
1021 3216 1242 3283 (Christi
1286 3220 1529 3306 dictum),
1572 3223 1770 3306 «‘Qujd
1815 3237 1998 3306 autent
2035 3232 2292 3306 conspicis

2401 3237 2493 3303 Εις
2542 3237 2612 3292 τό
2636 3255 2650 3268 ·
2687 3240 2817 3306 «λΤί
2865 3238 2933 3291 δὲ
2976 3237 3234 3304 ,βλέπεις
3291 3237 3356 3290 τὸ
3409 3236 3640 3305 κάρφος
3675 3236 3743 3306 τὸ
3791 3237 3864 3290 ἐν
3900 3237 3981 3306 τῷ

781 3284 1060 3377 festucam,
1107 3299 1345 3377 quar’est
1390 3292 1444 3377 in
1486 3284 1668 3346 oculow
1688 3297 1876 3377 fratris
1919 3300 2035 3377 tuli;
2092 3284 2292 3377 (refigi;

2401 3284 2890 3377 "assensor;
2904 3284 3370 3375 ὶιὲῖςᾷἱξόἴσᾰιῖ.
3409 3284 3633 3375 ξῆἵῖἑέ
3673 3284 3745 3362 ἐξ·
3781 3284 3864 3375 ἐῶ
3889 3284 3980 3374 ea;

780 3364 980 3422 autem,
1003 3373 1119 3427 quis
1140 3368 1216 3412 est
1241 3361 1293 3414 in
1323 3362 1473 3416 oculo
1497 3375 1610 3429 tuo,
1636 3361 1740 3419 nun
1767 3361 2139 3426 animadvertis
2159 3371 2245 3427 ὀἳ
2267 3393 2288 3427 ι

2793 3361 2981 3433 eom-
3000 3361 3087 3432 οὑ”
3113 3361 3428 3444 κατανοεῖς
3444 3361 3513 3442 ;’›

781 3503 1086 3562 Commune
1119 3509 1225 3566 hoc
1266 3526 1398 3568 sane
1429 3515 1626 3568 malum
1670 3530 1790 3572 esse
1824 3517 2062 3587 videtur,
2103 3528 2163 3577 ut
2194 3522 2292 3580 ho-

709 3596 887 3652 mines
935 3614 1040 3654 non
1108 3601 1280 3656 solum
1342 3604 1394 3659 in
1463 3607 1624 3662 rebus
1687 3611 1924 3678 propriis
1979 3615 2290 3681 cmcutiant,

709 3688 1080 3755 proximorum
1113 3701 1291 3748 autem
1321 3695 1512 3780 delicta
1547 3709 1704 3754 acute
1730 3712 1976 3780 cernant,
2004 3704 2097 3759 sed
2130 3707 2291 3760 etiam

709 3779 813 3834 sibi
837 3780 970 3850 ipsis
985 3785 1202 3851 quidem
1228 3771 1606 3844 excusa-tiones
1631 3771 2080 3864 defensidnesque
2102 3811 2295 3866 quam-

710 3870 840 3926 libet
890 3875 1087 3929 invitas
1155 3889 1469 3946 arcessant,
1529 3882 1828 3939 alienorum
1881 3895 2056 3941 autem
2111 3889 2292 3945 acerbi

710 3971 872 4032 atque
917 3965 1280 4025 inexorabiles
1327 3972 1549 4027 sedeant
1591 3975 1822 4042 iudices.
1874 3977 1976 4044 Qui
2028 3994 2156 4034 vero
2207 3981 2292 4036 sui

709 4054 947 4124 ipsorum
983 4073 1222 4116 amorem
1258 4077 1441 4118 revera
1477 4067 1862 4134 deposuerunt,
1891 4079 1945 4124 et
1980 4071 2059 4126 sic
2102 4072 2292 4127 existi-

710 4158 859 4200 utaut
904 4147 1170 4219 justitiam
1215 4152 1461 4208 obtinere
1504 4168 1772 4224 Oportere,
1817 4163 2063 4215 eumdem
2100 4164 2292 4218 adver-

707 4252 800 4292 sus
833 4253 892 4293 se
932 4238 1101 4308 ipsos,
1136 4242 1179 4296 si
1219 4245 1436 4313 quando
1466 4249 1763 4315 peccarint,
1797 4250 1978 4305 ferunt
2004 4253 2292 4320 calculum,

707 4345 867 4400 quem
918 4334 1081 4388 etiam
1129 4348 1319 4391 contra
1362 4340 1638 4408 proximos
1694 4342 1929 4407 ferrent;
1979 4344 2086 4399 imo
2131 4346 2186 4400 in
2235 4362 2293 4402 se

2469 3529 2661 3583 Κοινὺν
2707 3529 2806 3600 μὲν
2849 3527 3022 3592 πάθος
3069 3526 3210 3583 εἶναι
3254 3529 3421 3592 δοκεῖ,
3457 3528 3518 3582 οὐ
3582 3528 3745 3599 μόνον
3775 3527 3840 3582 τὸ
3887 3545 3981 3583 τυ-

2395 3621 2658 3690 φλώττειν
2707 3621 2808 3691 μὲν
2851 3622 2980 3693 περὶ
3013 3621 3080 3674 τά
3113 3620 3244 3685 ἴδια,
3284 3620 3452 3686 ὀξέως
3485 3620 3530 3674 δ’
3565 3622 3697 3691 όρᾷν
3763 3620 3832 3674 τά
3870 3622 3978 3676 τῶν

2396 3711 2564 3774 πέλας
2584 3710 2920 3780 πταίσματα,
2949 3710 3085 3764 ἀλλά
3104 3711 3196 3764 καὶ
3214 3711 3274 3763 τὸ
3291 3713 3506 3775 ἑαυτοῖς
3524 3711 3623 3781 μὲν
3646 3712 3740 3764 καὶ
3758 3712 3858 3774 τὰς
3879 3712 3978 3766 οὐκ

2395 3795 2560 3860 οὔσας
2594 3798 2668 3866 (2)
2697 3798 2995 3866 ἀπολογίας
3021 3797 3360 3868 πορίζεσθαι,
3394 3799 3454 3853 τὺ
3481 3800 3527 3852 δ’
3560 3801 3860 3871 ἀλλοτρίων
3895 3802 3970 3874 (5)

2398 3890 2585 3962 πικροὶ
2616 3891 2710 3944 καί
2743 3891 3112 3962 ἀπαραίτητοι
3142 3892 3412 3963 καθῆσθαι
3435 3893 3707 3946 δικασταί.
3736 3896 3798 3946 υί
3824 3894 3880 3947 δέ
3902 3895 3979 3966 τῷ

2395 3981 2507 4036 ὀντι
2535 3981 2820 4051 φιλαυτίας
2851 3981 3285 4052 ἀπηλλαγμένοι,
3320 3983 3491 4035 καὶτὸ
3516 3983 3720 4036 δίκαιον
3743 3984 3976 4053 οἰόμενοι

2395 4074 2504 4126 δεῖν
2537 4076 2776 4144 κρατεῖν,
2800 4075 2898 4146 τὴν
2925 4073 3097 4146 αὐτὴν
3127 4074 3352 4145 φέρουσι
3385 4075 3505 4128 καθ’
3546 4076 3755 4129 ἑαυτῶν
3794 4077 3976 4145 ἁμαρ-

2396 4162 2648 4222 τάνοντες
2669 4162 2866 4231 ψῆφον,
2894 4163 3071 4233 ἥνπερ
3100 4162 3165 4214 ἂν
3192 4162 3286 4215 καὶ
3330 4162 3472 4216 κατά
3503 4161 3610 4215 τῶν
3639 4161 3806 4225 πέλας
3831 4161 3979 4227 ἐνέγ-

2399 4269 2544 4305 κοιεν
2568 4269 2580 4284 ο
2619 4253 2711 4305 καὶ
2748 4251 2949 4320 μᾶλλον
2974 4253 3204 4314 ἑαυτοὺς
3239 4253 3327 4306 διὰ
3357 4253 3455 4322 τῆς
3496 4253 3784 4323 μετανοίας
3818 4251 3978 4305 κολά-

2402 4343 2573 4406 ζουσι,
2593 4342 2682 4394 τὸν
2701 4342 2998 4395 ἀκόλαστον
3029 4342 3249 4412 ὀλεθρον
3271 4342 3468 4406 εἰδότες
3493 4345 3618 4414 (3').
3652 4342 3745 4406 Εἰς
3772 4343 3977 4415 ταύτην

712 4424 856 4490 ipsos
890 4437 988 4491 per
1023 4428 1395 4493 penitentiam
1427 4431 1614 4486 durius
1662 4434 2120 4502 animadvertunt,
2167 4453 2290 4492 cum

2401 4433 2510 4503 γὰρ
2535 4435 2680 4504 ἡμᾶς
2706 4434 2806 4502 τὴν
2845 4433 3047 4504 ἀκριϐῆ
3092 4434 3324 4503 βάσανον
3353 4434 3638 4505 ἐμϐάλλων
3663 4435 3690 4487 ὀ
3716 4434 3973 4506 Χριστὸς,

710 4517 906 4580 sciant,
950 4517 998 4570 ei
1035 4519 1122 4586 qui
1161 4524 1335 4588 pcenis
1380 4538 1485 4576 non
1534 4525 1870 4591 emendetur,
1917 4526 2141 4582 exitium
2187 4527 2288 4583 im-

709 4608 962 4675 pendere.
1017 4608 1075 4662 ln
1126 4611 1226 4666 hoc
1265 4612 1427 4682 igitur
1472 4626 1782 4669 accuratum
1821 4632 2045 4672 examen
2088 4620 2290 4674 immit-

713 4709 832 4752 tens
875 4716 971 4756 nos
1009 4701 1284 4766 Christus,
1329 4705 1505 4760 dixit:
1545 4726 1562 4758 ι
1594 4708 1731 4772 Quid
1758 4707 1907 4763 vides
1939 4710 2196 4764 festucam
2229 4711 2282 4765 in

707 4789 860 4842 oculo
895 4786 1079 4846 fratris
1118 4792 1223 4858 tui;
1256 4793 1460 4850 trabem
1508 4805 1708 4862 autem,
1751 4813 1870 4868 quze
1917 4798 1970 4854 in
2002 4799 2158 4855 oculo
2191 4808 2282 4854 tuo

2398 4525 2534 4595 ἔφη·
2574 4546 2591 4577 ι
2621 4527 2685 4578 Τί
2717 4525 2934 4596 βλέπεις
2971 4527 3032 4579 τὸ
3068 4528 3280 4600 κάρφος
3315 4526 3376 4580 τὸ
3400 4529 3456 4580 ἐν
3480 4526 3556 4598 τῷ
3591 4526 3856 4596 ὀφθαλμῷ
3883 4526 3973 4580 τοῦ

2399 4615 2626 4684 ἀδελφοῦ
2665 4632 2790 4668 σου·
2843 4617 2939 4687 τὴν
2986 4616 3041 4669 δὲ
3086 4619 3142 4669 ἐν
3183 4617 3260 4687 τῷ
3293 4617 3369 4689 σῷ
3414 4615 3674 4692 ὀφθαλμῷ
3712 4616 3868 4669 δοκὸν
3913 4616 3971 4667 οὐ

2396 4708 2712 4773 κατανοείς;
2757 4727 2776 4759 ›
2812 4707 2886 4760 Οὐ
2919 4707 3027 4778 γάρ
3057 4708 3327 4778 προσήκει
3371 4706 3477 4761 τῶν
3509 4707 3682 4760 ἄλλων
3713 4701 3855 4759 εἶναι
3886 4721 3971 4758 πι-

2395 4799 2526 4869 κρὸν
2565 4798 2826 4870 δικαστὴν
2859 4799 2950 4851 τὸν
2978 4798 3045 4850 τά
3077 4800 3252 4852 οἰκεῖα
3281 4797 3632 4870 παρορῶντα.

706 4890 808 4944 est,
841 4896 946 4935 non
990 4883 1419 4942 animadvertis?
1449 4907 1466 4940 ι
1507 4887 1691 4958 Neque
1724 4891 1868 4945 enim
1923 4893 2192 4958 convenit,
2226 4899 2284 4948 ut
2324 4893 2554 4947 aliorum
2584 4891 2810 4946 acerbus
2877 4891 2943 4946 sit
2977 4891 3167 4961 jutlcx,
3211 4891 3301 4960 qui
3333 4889 3554 4960 propria
3586 4887 3810 4958 (errata)
3879 4900 3971 4942 ne-

705 4971 876 5042 gligit.

773 5150 818 5183 ⁹⁰
835 5150 964 5206 Luc.
1003 5154 1184 5221 Vt,5l.

1804 5335 2032 5389 VARUE
2065 5335 2448 5393 LECTIONES
2495 5339 2578 5392 ΕΤ
2623 5337 2854 5394 NOTAE.

777 5507 850 5575 (ί)
884 5506 1026 5561 inter
1057 5509 1253 5561 ἐκεῖνοι
1283 5520 1335 5562 et
1370 5510 1514 5577 μόνοι
1537 5512 1671 5563 idem
1709 5515 1829 5566 cod.
1856 5514 2044 5565 inserit
2073 5530 2181 5580 ttat,
2219 5524 2271 5567 et

708 5588 1018 5652 yet-saipost
1059 5581 1216 5652 tertio
1241 5621 1256 5644 ,
1291 5582 1431 5634 inter
1477 5582 1792 5650 παραδόξων
1827 5593 1877 5636 et
1926 5584 2274 5652 λοχευμάτων

711 5646 921 5701 inliudit
953 5647 1080 5702 τῶν.
1121 5648 1328 5704 Possm.

782 5718 857 5778 (2)
900 5716 994 5773 Ed.
1031 5719 1227 5781 Paris,
1259 5719 1516 5784 ἀκούσας.
1554 5721 1710 5778 Ευιτ.

785 5787 861 5857 t5)
890 5787 991 5844 Pro
1020 5791 1073 5844 τὸ
1104 5791 1147 5844 δ’
1175 5790 1468 5859 ἀλλοτρίων
1510 5794 1624 5848 cod.
1665 5793 1782 5849 Vat.
1817 5795 1940 5863 legit
1974 5795 2077 5848 τῶν
2106 5797 2148 5850 δ’
2180 5796 2272 5848 ἀλ-

2384 5516 2630 5582 λοτρίων.
2667 5515 2875 5569 Possm.

2451 5587 2544 5654 (3‘)
2576 5585 2677 5638 Pro
2707 5587 2796 5637 τὸν
2829 5585 2983 5638 άκολ.
3031 5585 3109 5636 ὀλ.
3155 5584 3294 5638 idem
3331 5584 3519 5639 set-ibit
3555 5582 3618 5635 τδ
3665 5583 3960 5639 ἀκόλαστον

2378 5657 2618 5776 ὀλέθριοῖ
2668 5665 2914 5778 et'vers.
2947 5657 3150 5725 penult.
3191 5669 3274 5726 ep.
3313 5671 3409 5726 pro
3442 5654 3548 5707 τῶν
3597 5654 3770 5708 ἄλλων
3804 5656 3964 5712 habet

2378 5745 2478 5778 των
2521 5745 2583 5778 πν
2611 5744 2682 5778 ας
2769 5744 2817 5778 u.

2376 5745 2478 5778 των
2521 5744 2682 5788 rte/.1;
2745 5744 2817 5779 tu.
