4164 6430
694 402 828 464 1079

1897 400 1961 461 S.
2004 400 2301 460 ISIDOHI
2341 400 2793 463 PELUSIOT/E

3828 398 3959 462 1030

690 513 1081 578 desiderabat.)
1113 511 1294 568 Primo
1323 514 1538 584 quidem
1571 528 1691 569 eum
1731 529 1837 569 non
1872 514 2115 569 dedisset
2140 529 2269 584 ope-

2397 532 2528 569 ιατο.
2556 516 2620 568 El
2646 517 2757 587 γὰρ
2787 516 2881 571 καὶ
2913 514 3013 579 τὰς
3035 515 3305 585 εὐλογίας,
3337 516 3401 580 ἃς
3427 514 3731 586 πέπρακεν,
3764 515 3960 569 ἀνακο-

694 621 807 659 ram
852 606 1060 673 virtuti,
1090 618 1144 663 et
1187 616 1368 661 tamen
1408 608 1839 663 benedictionem
1875 610 2020 663 velut
2051 609 2273 663 haredi-

692 702 805 747 tate
846 707 1040 763 capere
1071 695 1353 761 voluisset,
1393 710 1496 765 qua
1532 710 1590 751 se
1622 696 1898 765 indignum
1926 697 2267 767 praebuerat;

692 783 885 839 deinde
944 799 1074 842 vero
1126 802 1249 841 cum
1299 787 1463 842 etiam
1519 786 1572 840 id
1621 790 1863 842 muneris
1903 786 2267 852 vendidisset;

2385 604 2650 676 μίσασθαι
2672 605 2771 676 οὐχ
2796 600 2906 670 οἷός
2937 607 2983 659 τ’
3015 600 3103 676 ἦν,
3141 604 3256 658 ἀλλ’
3292 600 3387 659 οὖν
3413 621 3476 674 γε
3508 604 3687 665 ἄλλοις
3726 603 3794 657 ἂν
3836 620 3956 655 σεε-

2384 695 2577 765 φάνοις
2616 696 2897 768 ἐκοσμήθη
2920 713 2935 727 ο
2962 698 3055 750 καὶ
3085 695 3301 768 πρῶτον
3327 696 3428 766 μὲν
3457 695 3535 766 τῷ
3559 691 3652 749 τὸν
3674 693 3809 747 Θεδν
3834 693 3960 745 ἵλεω

2382 785 2548 857 ἔχειν.
2597 788 2819 859 Ἐπειδὴ
2850 787 2907 841 δὲ
2938 788 3135 858 ἀρετῆς
3169 787 3266 857 μὲν
3300 787 3400 841 οὐκ
3433 785 3770 858 ἐφρόντιζεν,
3807 784 3963 837 εὐλο-

694 875 852 930 tertio
880 875 1042 932 etiam
1070 893 1099 932 a
1130 886 1371 946 tempore
1399 877 1592 932 merito
1615 878 1866 933 exclusus
1895 877 2102 965 fuisset.
2134 874 2271 959 ﬁam

2397 878 2511 944 mino
2555 878 2601 932 δ’
2627 879 2964 932 ἀντεποιεῖτο
3002 876 3109 932 τῶν
3156 880 3222 949 τῇ
3270 877 3437 949 ἀρετῇ
3479 873 3962 948 χρεωστουμένων,

691 964 736 1018 si
770 979 959 1022 revera
1009 982 1073 1025 ac
1115 969 1257 1025 serio
1297 968 1672 1039 paenitentiam
1717 970 1933 1039 egisset,
1977 979 2030 1023 et
2062 967 2273 1038 priores

2397 969 2603 1032 ιίκότως
2636 970 2924 1039 ἀπέτυχεν.

710 1068 875 1125 apsus
934 1072 1123 1113 omnes
1179 1057 1465 1127 posteriori
1526 1058 1849 1113 strenuitate
1904 1056 2273 1124 correxisset,
2319 1074 2427 1113 non
2472 1057 2665 1114 fuisset
2716 1074 2744 1113 a
2811 1058 2921 1113 Deo
2975 1057 3271 1127 neglectus.
3343 1056 3503 1113 Dives
3544 1059 3686 1113 enim
3737 1072 3858 1113 cum
3895 1056 3965 1110 sit

695 1147 856 1215 Deus,
886 1157 942 1204 et
968 1149 1090 1205 aliis
1128 1150 1368 1206 abundet
1400 1150 1639 1221 pluribus
1673 1151 1910 1217 coronis,
1951 1150 2112 1206 aliter
2136 1166 2353 1223 quoque
2397 1152 2571 1222 ipsum
2641 1166 2839 1208 ornare
2906 1152 3187 1220 potuisset.
3255 1152 3495 1207 Tametsi
3548 1154 3692 1207 enim
3738 1152 3959 1206 benedi-

694 1237 923 1304 ctiones,
954 1253 1088 1310 quas
1141 1240 1498 1305 vendiderat,
1552 1254 1872 1308 recuperare
1908 1255 2015 1295 non
2062 1240 2348 1310 potuisset,
2379 1242 2501 1296 aliis
2552 1249 2733 1297 tamen
2766 1240 2982 1297 coronis
3045 1252 3271 1298 ornatus
3335 1243 3560 1298 fuisset:
3594 1257 3658 1297 ac
3727 1243 3959 1312 primum

698 1330 914 1398 quidem
960 1331 1070 1394 illa,
1100 1333 1244 1401 quod
1276 1333 1562 1402 propitium
1594 1333 1874 1388 habuisset
1909 1334 2097 1387 Deum.
2176 1332 2311 1400 Quia
2392 1348 2524 1389 vero
2574 1334 2789 1389 virtutis
2844 1332 2990 1388 nulla
3044 1334 3365 1405 tangebatur
3412 1350 3563 1399 cura,
3605 1334 3697 1389 sed
3749 1344 3955 1389 tantum

700 1423 1106 1479 benedictioncs
1132 1424 1234 1478 sibi
1272 1424 1601 1487 vindicabat,
1648 1438 1764 1493 qu:c
1808 1434 1987 1478 tamen
2032 1440 2141 1479 non
2178 1425 2279 1480 nisi
2347 1425 2537 1480 virtuti
2590 1425 2888 1491 debentur,

700 1526 785 1567 tus
818 1520 921 1567 est.

1056 1622 1269 1679 XXV”.
1304 1653 1371 1665 —
1402 1621 1919 1679 OLYMPIODORO.

698 1735 908 1809 Graecos
951 1753 1043 1809 per
1085 1753 1147 1791 ea
1190 1738 1314 1809 ipsa
1359 1748 1690 1809 argumenta,
1734 1753 1828 1803 per
1874 1752 1993 1804 qua:
2040 1737 2281 1790 videnlur

2971 1425 3167 1482 merito
3226 1428 3339 1481 suis
3388 1425 3672 1480 desideriis
3729 1424 3957 1480 frustra-

2776 1627 2901 1682 KZ'.
2940 1657 3010 1666 —
3049 1626 3557 1697 ΟΛΥΜΠΙΟΔΩΡῼ.

2388 1740 2509 1793 Ὀτι
2579 1740 2898 1807 Ἕλληνες,
2945 1740 3019 1793 δι’
3045 1732 3133 1793 ὧν
3173 1740 3244 1794 τὰ
3294 1739 3666 1807 Χριστιανῶν
3710 1740 3961 1794 δοκοῦσι

769 1804 1089 1877 Christique:
1123 1807 1390 1876 religionis
1424 1804 1673 1878 dogmata
1705 1816 2013 1875 extenuare,
2050 1816 2280 1863 auaantet

2459 1804 2984 1879 σμικρύνεινίδιὰ
3029 1811 3257 1865 τούτων
3303 1804 3376 1864 τῖι
3421 1810 3653 1865 ἑαυτῶν
3700 1812 3945 1879 ἀνατρέ-

768 1893 848 1930 res
875 1886 1124 1932 evertere.

772 2010 937 2065 Miror
961 2011 1236 2083 equidem,
1265 2013 1353 2083 qui
1392 2012 1505 2080 flat,
1532 2011 1675 2083 quod
1724 2025 1828 2066 non
1876 2014 2052 2067 solum
2099 2012 2156 2075 ii,
2188 2011 2281 2081 qui

704 2103 844 2157 inter
869 2101 1086 2159 Graecos
1112 2103 1273 2159 rudes
1303 2114 1431 2159 sunt
1453 2115 1617 2174 atque
1637 2113 1890 2173 expertes
1918 2103 2273 2168 eruditionis,

706 2207 894 2247 verum
933 2195 1095 2250 etiam
1134 2195 1210 2249 illi
1246 2198 1337 2266 qui
1364 2197 1687 2266 sapientiam
1720 2196 2063 2264 profitentur,
2094 2206 2146 2251 et
2189 2211 2281 2250 or-

702 2296 828 2341 nate
853 2286 1063 2343 dicendi
1103 2288 1294 2358 peritia
1332 2304 1389 2345 se
1410 2289 1645 2357 jactant,
1675 2297 1729 2343 et
1756 2287 2056 2343 dialecticae
2087 2286 2279 2357 cogni-

704 2377 850 2431 tione
887 2376 1206 2448 gloriantur,
1246 2391 1301 2434 et
1344 2380 1671 2451 syllogismis
1697 2379 2025 2442 innituntur,
2058 2390 2113 2434 et
2158 2394 2280 2434 cum

704 2481 767 2523 ea
802 2483 921 2538 qua
972 2469 1476 2526 ratiocinationibus
1526 2472 1887 2527 adversantur
1921 2471 2162 2535 videant,
2208 2485 2288 2525 re-

704 2571 823 2611 rum
861 2568 1040 2613 tamen
1081 2560 1487 2630 repugnantiam
1520 2576 1623 2615 non
1665 2560 2145 2627 animadvertunt;
2194 2560 2283 2630 qni

705 2646 820 2713 ﬂat,
856 2647 1100 2717 inquam,
1141 2651 1285 2717 quod
1325 2650 1376 2705 hi
1424 2666 1529 2705 non
1573 2650 1835 2715 sentiant,
1871 2666 1950 2715 se,
1980 2650 2107 2706 dum
2139 2651 2283 2705 divi-

704 2754 832 2792 num
874 2738 1202 2808 praeconium
1234 2739 1511 2811 Evangelii
1552 2751 1885 2813 oppugnant,
1924 2758 1989 2798 eo
2026 2742 2142 2813 ipso
2173 2759 2285 2797 ma-

704 2828 788 2898 gis
838 2830 1160 2901 semetipsos
1190 2830 1539 2902 pudefacere.
1582 2831 1747 2887 Aﬂ'ert
1798 2833 1945 2887 enim
1985 2833 2141 2888 victis
2186 2832 2281 2887 ali-

704 2919 830 2988 quid
871 2920 1187 2978 ambitionis
1232 2930 1289 2976 et
1330 2922 1579 2988 bonoris,
1621 2938 1809 2979 eorum
1857 2941 1887 2979 a
1934 2926 2131 2997 quibus
2161 2923 2289 2979 victi

702 3018 829 3065 sunt
850 3011 1190 3068 excellentia.
1218 3013 1286 3067 At
1310 3012 1411 3083 ipsi
1442 3015 1591 3070 aiunt
1614 3024 1887 3070 mortuum
1918 3032 2040 3072 esse
2080 3015 2287 3081 Jesum,

708 3110 765 3155 ut
829 3102 1016 3174 ingens
1060 3103 1287 3160 deorum
1336 3106 1623 3174 gentilium
1689 3105 1976 3162 multitudo
2025 3108 2127 3162 hoc
2172 3108 2289 3177 ipso

2459 1896 2701 1935 πουσιν.

2459 2009 2757 2079 Θαυμάζω,
2804 2010 2953 2072 ὅπως
2982 2009 3044 2061 οὐ
3094 2008 3253 2079 μόνον
3286 2009 3335 2061 οἱ
3368 2007 3703 2071 παιδεύσεως
3749 2009 3965 2079 ἄμοιροι

2388 2100 2496 2154 τῶν
2535 2100 2830 2171 Ἑλλήνων,
2876 2100 3013 2153 ἀλλὰ
3052 2100 3148 2153 καὶ
3180 2101 3229 2152 οί
3267 2100 3461 2169 σοφίαν
3485 2100 3963 2169 ἐπαγγελλόμενοι,

2388 2192 2482 2245 καὶ
2506 2193 2551 2245 οἱ
2586 2193 2678 2245 ἐπὶ
2711 2191 3020 2263 εὐγλωττίᾳ
3052 2190 3499 2261 ὲναϐρυνόμενοι,
3541 2193 3633 2243 ἐπὶ
3658 2190 3964 2261 διαλεκτικῇ

2388 2299 2447 2333 τε
2493 2282 2805 2351 αὐχοῦντες,
2849 2282 2944 2335 καὶ
2989 2280 3372 2350 συλλογισμοῖς
3412 2279 3836 2350 ὲπερειδὸμενοι,
3874 2282 3969 2335 καὶ

2388 2374 2488 2438 τὰς
2524 2374 2625 2444 μὲν
2651 2372 2999 2436 ἐναντιώσεις
3027 2373 3133 2425 τῶν
3170 2372 3448 2442 λογισμῶν
3492 2371 3745 2441 δρῶντες,
3784 2372 3884 2434 τὰς
3913 2372 3970 2426 δὲ

2389 2467 2496 2521 τῶν
2528 2469 2870 2541 πραγμάτων
2891 2467 2967 2538 μὴ
2994 2466 3358 2539 καθορῶντες,
3382 2466 3481 2520 οὐκ
3504 2466 3873 2532 αἰσθάνονται,
3903 2468 3969 2521 δι’

2388 2551 2462 2611 ὧν
2494 2558 2553 2611 τὸ
2592 2559 2856 2630 κήρυγμα
2890 2558 2949 2613 τὸ
2984 2558 3125 2611 θεῖον
3156 2558 3603 2623 κατατοξεύουσι,
3650 2558 3738 2611 διὰ
3766 2559 3972 2612 τούτων

2393 2650 2593 2720 μᾶλλον
2622 2650 2849 2712 ἑαυτοὺς
2881 2648 3357 2719 καταισχύνοντες.
3382 2650 3541 2731 φέρει
3574 2652 3681 2721 γάρ
3706 2668 3827 2703 τινα
3855 2652 3967 2719 (Η)

2393 2744 2707 2811 φιλοτιμίαν
2731 2743 2845 2805 τοῖς
2870 2741 3324 2812 κεκρατημένοις,
3359 2743 3390 2811 ἠ
3418 2742 3524 2794 τῶν
3553 2742 3973 2812 κεκρατηκότων

2393 2834 2658 2904 ὑπεροχή.
2690 2834 2855 2886 Αὐτοὶ
2889 2832 2945 2885 δὲ
2978 2833 3249 2903 φάσκουσι
3281 2831 3471 2903 νεκρὸν
3506 2832 3596 2885 τὸν
3637 2831 3862 2901 Ἰησοῦν,
3890 2833 3975 2886 ἵνα

2396 2923 2593 2996 νεκροῦ
2642 2925 2933 2996 ἀποφανθῇ
2990 2925 3099 2977 τῶν
3152 2924 3283 2995 παρ’
3323 2923 3508 2985 αὐτοῖς
3559 2922 3695 2976 θεῶν
3740 2924 3766 2976 δ
3807 2924 3976 2994 δῆμος

2395 3018 2807 3088 ἁδρανέστερος.
2856 3015 3200 3087 κωμῳδοῦσι
3231 3015 3323 3069 τὸν
3356 3016 3608 3088 σταυρὸν,
3645 3015 3731 3069 ἵνα
3783 3034 3977 3088 κωμῳ-

2392 3108 2595 3178 δηθῶσι
2626 3108 3005 3179 σφοδρότερον,
3035 3107 3247 3179 ἀτίμως
3284 3108 3690 3180 πεπορθημένοι
3719 3108 3814 3161 καὶ
3841 3125 3979 3163 νενι-

703 3192 1013 3249 declaretur
1034 3194 1198 3251 etiam
1224 3206 1438 3251 mortuo
1465 3195 1807 3251 imbecillior.
1835 3195 2074 3253 llludunt
2101 3196 2283 3263 cruci,

2397 3201 2623 3271 κημένοι
2686 3199 2928 3271 σταυρῷ.
2992 3198 3315 3253 Σκὼπτουσι
3358 3199 3456 3271 τὴν
3506 3199 3617 3253 τῶν
3668 3200 3979 3253 ἀποστόλων

708 3292 768 3337 ιιι
794 3282 895 3352 ipsi
925 3285 1101 3355 magis
1127 3285 1291 3342 etiam
1326 3286 1682 3343 traducantur
1708 3296 1762 3342 et
1786 3288 2021 3345 ludibrio
2044 3288 2285 3345 habean-

711 3386 818 3440 tur,
853 3375 1052 3446 quippe
1091 3377 1181 3449 qui
1221 3379 1561 3449 ignomiuose
1610 3395 1638 3431 ιι
1682 3395 1842 3436 cruce
1879 3383 2169 3452 expugnati
2216 3381 2289 3435 vi-

708 3467 891 3535 ctique
942 3468 1069 3523 sint.
1104 3468 1273 3541 428
1318 3470 1658 3541 Ειριοιιιίιιιι
1716 3472 1871 3527 nobis
1922 3472 2287 3541 apostolorum

712 3558 1026 3624 ruditatem,
1060 3569 1119 3615 ut
1166 3570 1314 3615 tanto
1345 3562 1688 3632 conspectius
1718 3563 1787 3617 sit
1832 3564 2111 3631 probrum,
2148 3564 2290 3631 quod

712 3646 1085 3705 celeberrimis
1143 3650 1382 3721 ipsorum
1442 3654 1781 3723 sapientibus
1826 3653 2136 3724 ingeritur,
2199 3656 2289 3723 qui

714 3739 1048 3808 plebeiorum
1082 3742 1362 3798 hominum
1394 3744 1654 3800 doctrinae
1679 3760 1870 3801 manus
1891 3744 2158 3800 dederint.
2189 3745 2291 3801 Ve-

716 3832 1013 3888 uerandutn
1051 3832 1252 3890 Christi
1278 3834 1585 3906 sepulcrum
1621 3838 1907 3893 cachinnis
1928 3838 2295 3907 petulantibus

715 3924 1012 3993 excipiunt,
1057 3936 1115 3980 ut
1148 3942 1213 3982 eo
1246 3928 1417 3997 magis
1449 3928 1557 3983 risu
1592 3928 1752 3995 digna
1792 3928 1923 3982 ﬁant
1960 3929 2197 3997 ipsorum
2235 3927 2296 3981 il-

720 4014 906 4069 lustria
941 4017 1157 4086 templa,
1190 4020 1386 4090 quippe
1412 4035 1534 4089 qua:
1578 4020 1758 4073 deriso
1782 4020 1848 4075 ab
1874 4020 2003 4089 ipsis
2032 4020 2295 4075 cesserint

2395 3292 2672 3363 ἀμαθίαν,
2724 3291 2809 3343 ἵνα
2865 3290 3247 3361 λαμπρότερον
3295 3291 3341 3343 οἱ
3397 3289 3783 3361 θρυλλούμενοι
3850 3290 3977 3356 παρ’

2399 3382 2581 3436 αὐτῶν
2608 3380 3004 3452 στηλιτευθῶσι
3037 3381 3215 3450 σοφοὶ,
3246 3380 3468 3434 ἰδιωτῶν
3495 3380 3705 3450 ἀνδρῶν
3724 3380 3983 3436 διδασκα-

2400 3474 2490 3547 λίᾳ
2535 3473 2878 3546 ἡττηθέντες.
2935 3472 3039 3525 Τὸν
3073 3472 3168 3525 τοῦ
3217 3470 3457 3543 Χριστοῦ
3506 3468 3979 3543 προσκυνούμενον

2400 3569 2721 3638 χλευάζουσι
2752 3566 2943 3634 τάφον,
2971 3565 3039 3617 ἶν’
3062 3565 3112 3618 οί
3140 3567 3271 3636 παρ’
3288 3564 3471 3627 αὐτοῖς
3502 3566 3822 3635 περιφανεῖς
3842 3564 3977 3627 ναοὶ,

2402 3652 2619 3720 γέλωτα
2655 3651 2916 3721 δφλείωσι
2950 3649 3062 3721 (ιε)
3122 3650 3366 3720 μείζονα,
3399 3648 3780 3719 χλευαζομένῳ
3807 3664 3982 3718 παρα-

2402 3746 2758 3816 χωρήσαντες
2786 3743 2965 3812 τάφῳ.
2996 3741 3206 3804 Παντὸς
3236 3740 3697 3811 ἐπιλαμϐάνονται
3729 3739 3803 3801 ὼς
3829 3741 3981 3793 εὐτε-

2403 3833 2530 3897 λοῦς
2550 3834 2644 3887 τοῦ
2677 3832 3056 3906 κηρύγματος,
3085 3833 3175 3886 ἶνα
3204 3832 3275 3885 τὰ
3317 3832 3449 3901 παρ’
3492 3832 3677 3896 αὐτοῖς
3711 3831 3982 3901 περιφανῆ

2405 3924 2568 3979 πλέον
2596 3924 2735 3994 ὀφθῇ
2764 3922 3298 3992 καταγελαστότερα,
3330 3924 3395 3993 τῇ
3436 3922 3545 3975 τῶν
3571 3921 3805 3975 εὐτελῶν
3851 3922 3982 3975 ὐπο-

2405 4014 2653 4085 κύψαντα
2680 4014 2863 4083 φύσει.

718 4106 989 4175 sepulcro.
1024 4106 1220 4176 Atque,
1250 4118 1308 4163 ut
1338 4111 1525 4178 paucis
1566 4110 1863 4174 absolvam,
1935 4119 2108 4165 totum
2153 4108 2557 4179 reprehendunt
2604 4106 2939 4175 praeconium
3008 4104 3309 4174 Evangelii,
3365 4112 3423 4159 ιιι
3453 4120 3565 4161 rem
3598 4105 3789 4179 vilemx
3824 4116 3983 4176 atque

3754 4168 3813 4205 χ

720 4198 1008 4266 abjectam,
1045 4209 1105 4254 ut
1152 4201 1414 4272 quidquid
1446 4202 1587 4272 apud
1632 4202 1781 4271 ipsos
1824 4213 1910 4258 est
1948 4203 2179 4268 illustre,
2234 4203 2285 4258 id
2325 4216 2484 4259 omne
2531 4200 2702 4271 magis
2750 4200 2997 4254 videatur
3047 4197 3424 4262 deridendum,
3500 4200 3755 4268 quoniam
3800 4197 3985 4251 rerum

721 4291 907 4346 vilium
947 4292 1027 4359 (ut
1062 4291 1161 4361 ipsi
1199 4292 1369 4361 aiunt)
1409 4303 1617 4349 naturze
1649 4294 2021 4352 succubuerit.

899 4402 1138 4458 XXVIII.
1171 4435 1239 4443 —
1272 4403 1677 4461 )ESCULAPIO
1718 4404 2100 4461 SOPHIST/E.

1323 4512 1395 4567 De
1428 4514 1607 4568 eadem
1640 4531 1709 4567 re.

797 4644 957 4715 Fugit
988 4646 1129 4700 ratio
1176 4645 1414 4709 Graecos,
1448 4647 1537 4716 qui
1589 4661 1693 4700 non
1744 4648 2205 4711 animadvertunt,
2250 4663 2309 4703 se

728 4750 820 4801 per
855 4746 917 4786 ea
958 4747 1076 4802 quae
1114 4734 1340 4804 (contra
1388 4733 1751 4805 Christianos)
1793 4735 2066 4800 afferunt,
2107 4747 2301 4793 semet-

2731 4403 2868 4457 KH'.
2901 4432 2969 4443 —
3004 4401 3366 4470 ΑΣΚΛΗΠΙῼ
3400 4399 3708 4470 ΣΟΦΙΣΤῌ.

2946 4514 3081 4580 Περὶ
3113 4511 3221 4566 τοῦ
3252 4510 3460 4566 αὑτοῦ.

2485 4648 2855 4703 Λανθάνουσιν
2918 4648 3189 4718 Ἑλλήνων
3236 4645 3445 4709 παῖδες,
3490 4646 3557 4699 δι’
3596 4639 3671 4699 ὧν
3720 4644 3986 4712 λέγουσιν,

2414 4740 2641 4803 ἑαυτοὺς
2671 4739 3093 4809 ἀνατρέποντες.
3140 4736 3561 4801 Ἐξευτελίζουσι
3588 4736 3695 4806 γὰρ
3722 4735 3821 4805 τὴν
3844 4734 3990 4788 θείαν

732 4825 874 4892 ipsos
923 4835 1185 4878 evertere.
1242 4822 1379 4879 Nam
1434 4840 1531 4895 pro
1590 4825 1757 4881 nihilo
1809 4826 2108 4884 habendam
2157 4829 2281 4884 aiun

2415 4830 2657 4901 ι’ραφὴν,
2690 4831 2765 4892 ὡς
2793 4828 3218 4901 βαρϐαρόφωνον
3258 4829 3394 4898 (15),
3427 4828 3521 4881 καὶ
3550 4826 3986 4898 ὀνοματοποιίαις

1835 5003 2069 5060 VARI!!!
2105 5006 2492 5063 LECTIONES
2533 5007 2619 5063 ΕΤ
2663 5005 2893 5062 NOTAE.

807 5160 917 5226 (ll)
954 5158 1230 5214 Sententia
1262 5161 1621 5228 pulcherrima
1645 5203 1658 5226 ,
1690 5176 1756 5216 ex
1790 5178 1895 5231 qua
1930 5162 2059 5216 illud
2108 5180 2291 5219 mana-

736 5231 810 5283 vit
841 5244 868 5282 a
908 5245 1117 5302 summa
1149 5240 1300 5297 poeta
1338 5232 1540 5285 dictum
1566 5248 1661 5302 pro
1690 5234 1885 5289 solatio
1920 5246 2044 5287 Leti
2077 5249 2091 5285 :

909 5299 1098 5369 {ﬂuere
1130 5302 1308 5369 magni
1329 5302 1511 5369 dextra
1541 5299 1710 5358 cadis.

805 5367 914 5447 (lg)
940 5367 1041 5447 Pio
1062 5367 1317 5447 ὀφλείιυσι
1341 5372 1461 5447 eqd.
1488 5368 1607 5447 Vat.
1629 5374 2062 5447 ιεείιόφλήσωσι.
2093 5375 2299 5429 Possis.

809 5438 920 5517 (ιρ)
980 5438 1100 5517 Thr
1147 5440 1345 5517 θείανΔ
1362 5440 1639 5517 Γραφῇ-ις,
1680 5438 2298 5517 βαρϐαρόφωνον.

737 5507 939 5587 Confer
964 5510 1122 5575 epist.
1178 5510 1269 5587 67_,
1318 5509 1377 5563 9|
1418 5507 2297 5587 et140:Vulgatissiuiuiunlint

738 5579 1073 5650 convicium,
1104 5582 1247 5650 quod
1298 5581 1467 5634 sacris
1520 5590 1574 5635 et
1626 5579 1822 5638 divinis
1850 5585 2075 5641 Litteris
2128 5584 2293 5640 facie-

739 5648 869 5719 bant
922 5648 1137 5719 pagaui
1174 5659 1229 5705 et
1288 5650 1561 5714 infideles,
1632 5650 1757 5707 illud
1817 5665 1965 5719 erat,
2023 5655 2298 5710 barbaris-

744 5718 847 5797 mis
885 5733 963 5797 _ac
1004 5718 1350 5797 solmcisgiis
1405 5734 1497 5797 eas
1530 5731 1777 5797 _sc:ttere.
1815 5724 1917 5797 _Ab
1956 5718 2073 5780 hoc
2137 5727 2300 5794 igitur

742 5788 970 5845 crimine
996 5800 1198 5848 veteres
1229 5790 1481 5847 Ecclesizc
1513 5790 1760 5849 doetores
1808 5788 2296 5856 Scripturam'divi.

2406 5167 2552 5221 nitus
2608 5164 2929 5233 inspiratam
2982 5176 3037 5219 ut
3094 5166 3416 5229 liberarent,
3476 5167 3642 5221 multa
3698 5168 3991 5223 attulerunt

2404 5252 2522 5301 quae
2556 5252 2618 5291 cx
2655 5238 2890 5304 ipsorum
2929 5235 3079 5307 libris
3124 5248 3208 5290 εει
3238 5246 3440 5303 petere.
3476 5234 3608 5307 Yide
3644 5251 3763 5291 cum
3806 5239 3990 5307 primis

2408 5307 2704 5359 Arunbium
2733 5307 2825 5359 lib.
2864 5306 3154 5359 tailveraus
3186 5315 3382 5373 genter.
3414 5317 3467 5360 et
3496 5306 3839 5361 Lactantiuui
3870 5308 3988 5361 Fir-

2415 5376 2652 5429 mianum
2688 5376 2778 5430 lib.
2816 5392 2888 5435 νι,
2926 5390 3045 5442 cap.
3078 5376 3165 5429 21.
3200 5384 3253 5429 et
3283 5378 3333 5429 in
3380 5376 3620 5442 Epitouta
3650 5376 3828 5430 Dii-iu.
3880 5379 3989 5430 ius-

2410 5448 2518 5509 ιιι,
2550 5462 2670 5511 cap.
2706 5446 2759 5508 5.
2800 5446 2888 5499 ubi
2924 5461 3020 5514 pro
3048 5446 3236 5506 dubia,
3283 5445 3425 5509 quod
3473 5448 3524 5500 in
3551 5448 3805 5499 omnibus
3857 5464 3987 5516 quas

2408 5516 2517 5570 vidi
2546 5515 2875 5570 editionibus
2905 5524 2986 5569 est
3012 5558 3026 5579 ,
3057 5516 3245 5586 procul
3270 5515 3434 5569 dubio
3464 5516 3747 5586 legendum
3772 5515 3987 5582 dulcia;

2407 5600 2568 5653 quam
2603 5587 2971 5653 conjecturam
3003 5602 3177 5639 meam
3211 5585 3367 5641 facile
3390 5585 3657 5654 probabit.
3688 5588 3777 5655 qui
3818 5598 3982 5642 totum

2410 5655 2583 5709 locum
2616 5657 2924 5727 accuratius
2955 5657 3279 5727 inspexerit.
3321 5668 3373 5709 et
3403 5656 3694 5713 contulerit
3744 5673 3868 5713 cum
3902 5657 3982 5727 al-

2407 5733 2522 5849 ltego
2554 5726 2661 5849 qu‘i‘
2679 5736 2758 5780 est
2789 5730 2878 5781 ub.
2914 5742 2962 5781 vt
3020 5726 3067 5783 τί.
3096 5727 3183 5782 τι.
3220 5726 3416 5788 Confer
3443 5728 3631 5788 Isidor.
3666 5743 3754 5800 ep.
3793 5728 3823 5783 3
3849 5738 3903 5784 et
3929 5726 3981 5793 5,

2430 5814 2442 5849 l
2492 5812 2592 5849 .n.
2671 5813 2787 5849 nr.

2430 5812 2497 5850 ιι).
2534 5812 2592 5853 ιι.
2624 5812 2717 5851 11ιῖ
2736 5814 2787 5853 τ.
