4164 6514
255 533 389 599 IO'iI

1145 535 1685 599 EPISTOLARUM
1730 536 1877 596 LIB.
1923 535 2021 595 IV.
2064 560 2131 568 --
2173 534 2414 595 EPIST.
2451 532 2632 593 XXX.

3407 533 3546 592 1082

253 644 430 710 ξέναις
459 645 920 717 συντεταγμένην,
953 662 1011 698 et
1027 645 1272 716 νδέσμων
1300 645 1355 697 δὲ
1395 643 1712 713 ἀναγκαίων
1753 644 1841 697 ἑλ-

1970 642 2292 712 icripturam
2327 644 2587 710 divinam,
2627 653 2881 713 tanquam
2914 641 3122 697 scilicet
3168 639 3418 696 barbaris
3453 656 3550 697 vo-

251 736 543 788 λείποοσαν
577 735 714 807 (14),
744 739 840 791 καὶ
894 737 1170 808 περιττῶν
1220 735 1547 808 παρενθήκη
1588 737 1679 789 τὸν
1714 735 1852 790 νοῦν

250 827 358 881 τῶν
397 827 709 900 λεγομένων
765 831 1224 901 ἐκταράττουσαν.
1293 827 1435 881 Ἀλλ’
1486 828 1596 882 ἀπὸ
1634 829 1841 883 τούτων

252 920 677 990 μανθανέτωσαν
725 921 829 992 τῆς
888 921 1146 992 ἀληθείας
1199 919 1295 989 τὴν
1348 920 1524 990 ἰσχύν.
1575 922 1698 984 Πῶς
1734 921 1841 993 γὰρ

253 1007 475 1062 ἔπεισεν
508 1012 540 1081 ὴ
577 1010 1006 1082 ἀγροικιζομένη
1031 1008 1130 1080 τὴν
1156 1009 1528 1078 εὺγγλωττίαν
1559 1013 1575 1078 (
1586 1011 1712 1080 I5);
1749 1012 1843 1065 Ei-

252 1102 513 1156 πάτωσαν
539 1107 587 1157 οἱ
633 1104 810 1174 σοφοὶ,
862 1104 978 1166 πῶς
1031 1101 1444 1175 βαρϐαρίζουσα
1496 1105 1844 1176 κατακράτος

253 1193 346 1246 καὶ
380 1194 760 1260 σολοικίζουσα
780 1195 1032 1264 νενίκηκε
1063 1193 1159 1265 τὴν
1178 1195 1564 1259 ἁττικίζουσαν
1595 1195 1808 1267 πλάνην
1827 1215 1840 1227 ·

254 1284 371 1349 πῶς
419 1286 644 1340 Πλάτων
688 1287 808 1359 μὲν,
858 1285 968 1339 τῶν
1019 1285 1220 1352 ἔξωθεν
1253 1285 1562 1356 φιλοσόφων
1608 1289 1638 1341 ὁ
1677 1305 1845 1360 κορυσ-

254 1377 433 1444 φαίος,
456 1377 669 1441 οὐδενὸς
700 1377 1050 1449 περιεγένετο
1077 1377 1338 1450 τυράννου
1363 1395 1376 1410 ·
1407 1377 1546 1450 αὕτη
1577 1380 1634 1435 δὲ
1657 1381 1759 1452 γῆν
1787 1402 1843 1437 τε
1874 1387 1887 1446 ς

253 1464 350 1517 καὶ
375 1465 648 1521 Θάλατταν
687 1468 1006 1538 ἐπηγάγετο
1032 1484 1046 1534 ;

1948 738 2102 793 cibus
2138 747 2503 797 constantem.
2546 748 2600 790 et
2635 733 2938 805 peregrinis
2985 731 3266 786 nominum
3314 729 3548 785 lietioni-

1950 830 2050 884 bus
2089 827 2475 897 compositam,
2505 834 2558 880 et
2606 824 2935 880 necessariis
2965 820 3443 892 conjunctionibus
3487 834 3551 874 ac

1950 921 2101 975 velut
2159 920 2393 975 vinculis
2437 916 2708 972 orationis
2755 914 3092 974 destitutam,
3147 923 3201 966 et
3249 909 3550 980 superﬂuo-

1951 1029 2069 1068 rmu
2109 1011 2472 1067 inculcatioue
2512 1023 2732 1064 sensum
2780 1021 2966 1060 eorum
2997 1019 3120 1074 qua:
3146 1004 3400 1057 dicuntur
3427 1016 3549 1071 per-

1955 1105 2285 1159 turbantem.
2345 1102 2452 1156 Sed
2500 1100 2568 1154 ab
2615 1100 2700 1154 bis
2733 1099 2946 1153 discant
2991 1099 3097 1149 vim
3135 1096 3401 1148 veritatis.
3447 1093 3552 1159 Qui

1961 1200 2105 1253 enim
2157 1196 2360 1251 factum
2397 1205 2500 1256 est,
2548 1206 2609 1248 ut
2658 1194 2860 1248 rustica
2900 1194 2963 1245 a'c
3009 1190 3240 1260 simplex
3283 1189 3397 1257 ipsa
3441 1185 3552 1240 elo-

1953 1291 2191 1360 quentiae
2244 1288 2584 1359 persuaserit
2636 1285 2961 1341 assensum?
3006 1285 3195 1339 Dicant
3238 1281 3550 1349 sapientes,

1953 1383 2223 1453 quomodo
2251 1383 2365 1452 ipsa
2402 1381 2568 1435 tantis
2597 1380 2853 1435 laborans
2895 1387 2950 1434 et
2983 1376 3340 1431 harbarismis
3380 1382 3433 1427 et
3464 1385 3555 1425 so-

1956 1477 2239 1540 lmcismis,
2285 1485 2464 1530 tamen
2503 1474 2724 1528 vincere
2763 1472 3001 1542 potuerit
3037 1484 3283 1527 errorem
3314 1477 3364 1520 et
3406 1465 3556 1518 falsi-

254 1568 420 1615 tatem
465 1571 572 1616 tam
621 1564 798 1618 Attica
872 1565 1198 1618 instructam
1253 1564 1603 1633 eloquentia?
1646 1564 1747 1634 Qui
1824 1568 2024 1624 factum
2082 1572 2184 1635 slt,
2243 1577 2302 1621 ut
2365 1564 2545 1632 Plato,
2595 1566 2688 1620 ille
2745 1564 3028 1634 gentilium
3110 1561 3554 1634 philosmihorum

253 1653 410 1713 facile
441 1655 710 1724 princeps,
743 1670 810 1710 ne
835 1670 999 1709 unum
1023 1655 1242 1725 quidem
1277 1655 1497 1711 vincere
1537 1667 1591 1711 et
1656 1657 1709 1712 iu
1785 1674 1914 1715 snas
1957 1669 2139 1728 partes
2200 1659 2488 1715 traducere
2535 1659 2771 1727 potuerit
2810 1668 3138 1728 tyrannum;
3193 1655 3314 1711 haec
3349 1667 3553 1719 autem,

255 1749 456 1805 rustica
501 1749 710 1805 scilicet
760 1763 826 1804 ac
872 1748 1123 1814 barbam,
1173 1758 1228 1805 et
1259 1758 1338 1805 tot
1378 1750 1721 1808 soloecismos
1752 1753 1984 1821 faciens,
2019 1754 2220 1810 veritas
2280 1763 2483 1808 terram
2513 1761 2569 1807 et
2613 1765 2763 1831 mare
2797 1750 2901 1804 sibi
2929 1749 3269 1818 adiunxerit?

607 1862 737 1920 KO'.
774 1894 844 1905 -
871 1865 1141 1939 ΕΡΜΙΝῼ
1188 1868 1488 1922 KOMHTI.

780 1959 922 2025 Περὶ
954 1958 1062 2014 τοῦ
1097 1959 1306 2014 αὐτοῦ.

340 2064 402 2120 Ὀ
433 2068 690 2138 σταυρὸς,
720 2063 765 2122 ὦ
795 2070 1061 2141 βέλτιστε,
1093 2073 1121 2125 ὁ
1151 2072 1257 2125 ὑπὸ
1295 2073 1403 2126 τῶν
1438 2074 1851 2146 εἰδωλολατρῶν

257 2157 713 2229 κωμῳδούμενος,
735 2159 834 2232 τὴν
863 2162 1124 2216 πολύθεον
1151 2166 1468 2238 ὲσταύρωσε
1494 2167 1707 2238 πλάνην
1729 2186 1741 2199 ·
1760 2170 1854 2222 καὶ

255 2242 319 2301 τὸ
349 2249 520 2313 πάθος
554 2252 682 2315 τοὺς
706 2252 1020 2324 ἀλιτηρίους
1045 2256 1396 2326 ἑστηλίτευσε
1429 2260 1690 2331 δαίμονας
1714 2277 1726 2290 ·
1761 2261 1855 2314 καὶ

255 2340 286 2393 ὁ
326 2339 556 2406 θάνατος
607 2344 698 2398 τὸν
734 2345 966 2399 Θάνατον
1008 2348 1333 2402 ἀπέκτεινε·
1393 2351 1487 2403 καὶ
1521 2355 1553 2423 ή
1587 2352 1856 2424 νέκρωσις

256 2434 360 2503 τῆς
391 2436 616 2505 σαρκὸς,
640 2435 739 2499 τὰς
763 2437 871 2490 τῶν
901 2440 1337 2509 σταυρωσάντων
1369 2442 1675 2513 ὲνέκρωσεν
1705 2442 1858 2496 ἐλπί-

257 2526 361 2590 δας
386 2541 398 2555 ⁸
437 2528 534 2580 καὶ
579 2528 607 2579 ὁ
633 2531 804 2598 τάφος
839 2530 931 2583 τὸν
965 2529 1065 2600 μὲν
1099 2531 1350 2585 διάϐολον
1380 2532 1680 2602 κατέθαψε,
1722 2535 1856 2588 πᾶσι

257 2617 316 2671 δὲ
350 2618 534 2690 πηγὴν
570 2616 719 2691 ζωῆς
770 2622 1126 2695 άνώμὸρησε.
1178 2624 1271 2678 Διὸ
1307 2626 1400 2678 καὶ
1430 2626 1459 2679 ὁ
1506 2625 1647 2689 θεῖος
1679 2626 1858 2697 κήρυξ

262 2709 364 2781 pra;
390 2726 402 2740 ο
428 2730 446 2763 ι
477 2712 551 2765 Οὐ
583 2713 692 2784 γὰρ
719 2715 1124 2787 ἐπαισχύνομαι
1146 2716 1206 2769 τὸ
1234 2717 1590 2786 Εὐαγγέλιον.
1626 2736 1642 2769 i
1675 2717 1859 2790 Εὐχῆς

259 2801 371 2873 γὰρ
397 2804 530 2874 ἡμῖν
571 2805 982 2875 εὐαγγελίζεται
1007 2806 1318 2878 κρείττονα.

620 3105 700 3160 Λ’.
753 3135 819 3150 φ-
865 3106 1168 3180 ΔΟΜΕΤΙῼ
1205 3107 1501 3163 ΚΟΜΗΊΊ.

797 3198 934 3266 Περὶ
966 3198 1074 3252 τοῦ
1107 3199 1317 3254 αὑτοῦ.

2281 1868 2475 1926 XXIX.
2514 1899 2584 1910 —
2610 1864 2924 1921 HERMINO
2967 1863 3226 1921 COMITI.

2558 1961 2636 2017 De
2667 1961 2847 2014 eadem
2880 1976 2955 2014 re.

2028 2081 2170 2136 Crux
2225 2077 2337 2145 illa,
2392 2093 2424 2134 ο
2474 2079 2640 2142 bone,
2687 2091 2808 2147 qum
2857 2077 2925 2128 ab
2972 2072 3273 2129 idololatris
3321 2071 3559 2125 ludibrio

1960 2174 2210 2237 habetur,
2244 2186 2488 2227 errorem
2523 2170 2726 2224 multos
2764 2167 3034 2223 colentem
3065 2165 3196 2219 deos
3234 2164 3510 2218 cruciﬁxit
3540 2181 3554 2216 :

1958 2275 2014 2319 et
2075 2263 2257 2332 passio
2313 2260 2518 2316 Christi
2583 2259 2777 2326 noxios
2832 2255 3110 2311 daemones
3162 2251 3398 2308 confecit
3448 2269 3461 2305 :
3503 2261 3558 2306 et

1961 2372 2107 2411 mors
2141 2355 2384 2424 ejusdem
2428 2351 2628 2406 occidit
2659 2358 2889 2404 mortem
2921 2366 2934 2402 :
2971 2358 3023 2400 et
3055 2345 3401 2399 mortiﬁcatio
3433 2359 3556 2396 car-

1961 2451 2066 2513 uis,
2103 2461 2293 2501 eorum
2335 2445 2427 2516 qni
2463 2445 2638 2513 ipsam
2688 2439 3108 2510 cruciﬁxeruut,
3158 2452 3282 2504 spes
3317 2445 3560 2490 mortuas

1965 2540 2203 2596 reddidit
2234 2556 2249 2593 :
2280 2548 2335 2593 et
2376 2535 2684 2606 sepulcrum
2729 2531 3001 2587 diabolum
3041 2529 3259 2598 quidem
3287 2527 3556 2596 sepelivit,

1961 2631 2218 2687 onmihus
2275 2639 2458 2684 autem
2527 2626 2774 2700 (Christi
2835 2619 3117 2694 ﬁdelibus)
3170 2620 3376 2674 fontem
3435 2621 3561 2672 vita:

1962 2723 2241 2793 produxit.
2293 2721 2466 2788 Quam
2516 2721 2588 2775 ob
2625 2733 2846 2773 causam
2881 2717 3098 2772 divinus
3135 2728 3349 2783 quoque
3382 2727 3562 2782 ιιι-τυςο

1962 2814 2234 2871 exclamat
2286 2830 2302 2871 :
2356 2833 2373 2865 ι
2407 2811 2524 2866 Non
2576 2811 2722 2866 enim
2775 2809 2942 2880 pudet
2989 2822 3073 2862 me
3121 2804 3496 2875 Evangelii";
3537 2821 3557 2856 ι

1962 2921 2065 2962 nec
2113 2906 2387 2960 immerito
2423 2924 2436 2959 :
2467 2919 2592 2959 nam
2640 2903 2782 2958 bona
2827 2900 2984 2955 nobis
3030 2898 3318 2953 annuntiat
3357 2895 3565 2966 majora

1964 3013 2128 3069 quam
2162 3000 2448 3069 quisquam
2481 3009 2646 3052 ausus
2680 2995 2872 3050 luisset
2901 3001 3111 3060 Optare.

2314 3112 2479 3166 XXX.
2515 3143 2586 3154 -—-
2620 3109 2907 3166 DOMITIO
2949 3103 3207 3163 COMITI.

2560 3202 2762 3257 Eadem
2799 3203 2861 3256 de
2899 3217 2971 3254 re.

339 3307 482 3360 Αὐτὸ
512 3307 690 3370 τοῦτο,
709 3309 736 3362 ὃ
758 3309 1020 3381 νομίζεις,
1038 3305 1084 3365 ὦ
1111 3310 1378 3382 βέλτιστε,
1405 3313 1684 3380 ἀπόδειξιν
1718 3312 1862 3372 εἶναι

2043 3314 2160 3371 Hoc
2206 3315 2408 3386 ipsum,
2446 3316 2588 3384 quod
2633 3325 2708 3379 tu,
2753 3314 2892 3369 bone
2927 3313 3033 3376 vir,
3084 3319 3242 3380 putas
3280 3321 3574 3378 argumen-

264 3395 367 3451 τοῦ
400 3399 473 3468 μὴ
506 3394 645 3452 ιίναι
671 3399 814 3453 Θεῖον
848 3401 909 3454 τὸ
941 3401 1227 3474 κήρυγμα,
1251 3401 1525 3456 δείκνυσιν
1552 3405 1686 3458 αὐτὸ
1720 3405 1864 3460 θεῖον

269 3483 366 3538 καὶ
405 3486 704 3556 ὑπερφυές.
739 3488 860 3541 Ἵνα
890 3489 1000 3560 γὰρ
1046 3490 1208 3561 παρῶ
1253 3489 1517 3544 Πλάτωνα
1555 3491 1630 3556 ὡς
1682 3495 1869 3566 ὑπερ-

267 3575 529 3630 σαίνοντά
555 3593 647 3630 σου
677 3576 777 3641 τὰς
800 3580 989 3646 ἀκοὰς,
1021 3581 1292 3650 φήσαντα,
1323 3581 1406 3635 ὅτι
1431 3583 1741 3652 φιλοσόφων
1767 3587 1868 3656 μὲν

269 3666 489 3732 ἀνάξιον
549 3670 580 3740 ὴ
629 3669 958 3739 εὖγλωττία,
1015 3672 1318 3744 μειρακίων
1365 3674 1423 3729 δὲ
1475 3677 1783 3741 παιζόντων
1833 3682 1866 3751 ή

272 3760 590 3830 φιλοτιμία·
634 3767 692 3815 ἐν
741 3757 822 3826 οἷς
865 3763 958 3817 τὸν
1000 3764 1320 3821 διδάσκαλον
1357 3766 1552 3819 ἑαυτοῦ
1602 3768 1869 3839 εἰσήγαγε

269 3851 530 3919 λεγοντα·
570 3872 588 3904 ι
632 3854 707 3908 Οὑ
735 3854 844 3926 γὰρ
879 3854 945 3908 ἂν
969 3855 1141 3928 δήπου
1175 3857 1378 3928 πρέποι
1407 3857 1541 3929 (16),
1579 3852 1623 3912 ὦ
1652 3860 1868 3931 ἄνδρες,

270 3947 402 4017 τῇδε
435 3951 502 4018 τῇ
556 3949 766 4021 ἡλικίᾳ,
821 3950 1010 4020 ὥσπερ
1066 3953 1387 4023 μειρακείῳ,
1419 3954 1726 4010 πλάττοντα
1758 3955 1872 4026 (I7)

272 4035 493 4106 λόγους,
539 4040 619 4103 είς
670 4041 815 4110 ὑμᾶς
862 4042 1113 4096 εἰσιέναι.
1172 4061 1191 4094 ι
1231 4043 1482 4114 Ὅμηρον
1525 4044 1605 4110 δὲ,
1662 4046 1721 4098 ὃν
1778 4046 1872 4099 ἐπὶ

273 4127 526 4199 γλώττης
550 4129 694 4199 ἔχεις
717 4173 730 4196 ,
761 4131 1018 4202 μάρτυρα
1043 4131 1446 4203 προϐαλοῦμαι,
1469 4134 1722 4204 λέγοντα·

1976 3417 2088 3462 tum
2130 3420 2275 3470 esse,
2331 3422 2440 3476 quo
2479 3407 2857 3472 convincatur,
2905 3407 3239 3471 prmconium
3292 3398 3572 3468 Evangelii

1978 3511 2088 3552 non
2115 3511 2240 3552 esse
2269 3496 2536 3560 divinum,
2583 3496 2826 3551 ostendit
2871 3495 3044 3563 ipsum
3076 3493 3298 3547 omnino
3343 3506 3464 3545 esse
3493 3490 3574 3543 di-

1979 3586 2166 3641 vinum
2199 3594 2254 3640 et
2294 3596 2485 3640 natura
2523 3585 2895 3655 praestantius.
2933 3582 3068 3636 Nam
3107 3594 3163 3636 ut
3199 3585 3448 3636 omittam
3482 3595 3576 3633 au-

1977 3679 2291 3731 ctoritatem
2329 3677 2595 3742 Platonis,
2644 3685 2698 3729 ut
2738 3677 2827 3746 qui
2869 3675 2974 3729 tuis
3009 3674 3238 3728 auribus
3288 3674 3358 3724 sit
3408 3670 3579 3723 subli-

1983 3769 2143 3832 mior,
2187 3769 2443 3835 dicentis,
2486 3769 2654 3841 429
2683 3779 2958 3838 comptam
3005 3768 3313 3822 orationem
3343 3762 3580 3832 philoso-

1979 3862 2275 3931 phantibus
2335 3863 2553 3931 quidem
2615 3862 2763 3916 serio
2829 3859 3105 3929 indignam
3176 3872 3330 3920 esse,
3393 3853 3579 3908 adole-

1979 3954 2261 4008 scentibus
2315 3964 2499 4009 autem
2562 3952 2867 4007 ambitiosis
2931 3959 2987 4004 et
3043 3949 3354 4004 ludentibus
3406 3945 3580 4015 magis

1981 4046 2303 4111 convenire;
2375 4045 2501 4098 dum
2572 4043 2819 4098 videlicet
2886 4042 3204 4112 magistrum
3261 4054 3417 4094 suum
3456 4038 3580 4106 (So-

1981 4138 2229 4208 cratem)
2287 4139 2366 4193 sie
2423 4137 2720 4192 introducit
2776 4135 3088 4204 loquentem
3131 4150 3144 4186 :
3195 4149 3212 4181 ι
3259 4130 3582 4184 lndecornm

276 4238 514 4294 namque
555 4225 647 4290 sit,
679 4241 710 4279 ο
740 4228 860 4288 viri,
905 4227 1028 4282 huic
1069 4230 1215 4282 mtati
1252 4244 1384 4283 uicae
1416 4246 1523 4299 qua
1596 4248 1737 4286 nuuc
1772 4248 1919 4301 sum,
1961 4241 2020 4287 ut
2071 4236 2245 4288 instar
2317 4232 2681 4288 adolescentis
2755 4232 2879 4285 licta
2953 4240 3277 4297 comptaque
3335 4225 3585 4279 oratione

278 4326 422 4379 utar,
463 4318 590 4372 dum
616 4317 682 4372 ad
723 4333 817 4374 vos
852 4320 1037 4374 sister.
1077 4338 1095 4372 ι
1134 4319 1450 4389 Homerum,
1489 4339 1649 4393 quem
1687 4325 1738 4378 iu
1771 4325 1954 4396 lingua
1989 4335 2254 4398 perpetuo
2279 4327 2469 4390 habes,
2509 4335 2700 4380 testem
2737 4323 3054 4395 producam,
3089 4321 3214 4374 dum
3246 4317 3365 4372 ait:

277 4431 718 4496 Δὺτοδίδακτός
747 4432 856 4504 (l8)
893 4436 1044 4504 ειμι·
1093 4435 1230 4502 θεὸς
1275 4434 1343 4489 δέ
1370 4452 1469 4506 μοι
1529 4437 1600 4490 ἐν
1656 4438 1877 4506 φρεσὶν

283 4574 579 4639 Παντοίας
604 4572 913 4641 ἐνέθηκεν,
1679 4508 1879 4580 tam“

1995 4440 2083 4494 Me
2110 4443 2266 4495 docui
2305 4443 2412 4510 ipse
2445 4457 2464 4494 .'
2489 4442 2616 4494 deus
2642 4458 2760 4494 vero
2787 4448 2863 4493 est
2896 4439 3026 4491 mihi
3070 4433 3320 4510 carminis
3341 4440 3537 4510 lautior
3563 4445 3582 4482 :

1988 4510 2154 4565 Omne
2185 4503 2367 4583 genus,
2403 4529 2505 4583 quo
2541 4528 2760 4566 mentem
2809 4510 2973 4564 animi
3004 4505 3305 4579 pra’cellere
3331 4503 3479 4572 fecit,

281 4689 453 4760 ἠγουν
473 4689 696 4742 ὤπασεν
721 4687 924 4759 ὀμφάς.
950 4690 1012 4742 Ei
1047 4690 1224 4745 τοίνυν
1252 4691 1278 4744 ὁ
1301 4689 1715 4762 ὲκΘειαζὸμενος
1733 4692 1862 4764 παρὲ

1989 4693 2105 4748 sive
2146 4695 2359 4750 divinas
2407 4694 2538 4749 mihi
2590 4709 2754 4749 voces
2809 4691 3057 4763 prmbuit.
3113 4688 3267 4756 Quod
3323 4685 3369 4742 si
3423 4683 3586 4754 igitur

384 4848 429 4879 ’³
460 4844 618 4901 Rom.
651 4862 692 4913 ι,
730 4845 810 4901 I6.

1393 4958 1629 5015 VARIA‘J
1671 4958 2055 5016 LECTIONES
2094 4961 2180 5016 ET
2229 4961 2462 5018 NOT/E.

360 5121 476 5190 (Η)
515 5119 618 5173 Pro
646 5117 699 5171 δὲ
730 5115 1424 5190 ἀναγκαίᾳ)νῄἐλλείπουσαν
1456 5118 1576 5171 cod.
1615 5117 1734 5174 Val.
1769 5116 1876 5171 650

292 5186 539 5248 habere:
570 5190 886 5256 ἀναγκαίων
914 5187 1169 5256 ἐλλείψει.
1211 5186 1418 5241 Posux.

363 5261 478 5333 (I5)
504 5259 609 5313 Pro
633 5254 967 5333 εὑ-γλωττίαν
997 5254 1134 5333 idem
1169 5259 1288 5311 cod.
1327 5257 1444 5333 _Vat_.
1484 5257 1611 5326 legit
1641 5254 1878 5325 εὔγλωτ-

290 5327 382 5395 τος
417 5327 553 5385 vers.
596 5337 716 5396 post
748 5330 800 5389 '5.
840 5341 966 5382 ante
1001 5327 1108 5380 τῶν
1143 5327 1389 5398 apponit,
1413 5329 1461 5390 ὁ,
1494 5333 1546 5381 et
1582 5343 1720 5382 vers.
1754 5344 1870 5398 seq.

293 5412 417 5456 ante
444 5401 741 5468 κορυφαῖος
775 5400 912 5453 delet
946 5401 992 5451 ὁ.
1034 5399 1086 5450 lt)

365 5470 478 5542 (I6)
501 5465 606 5542 7'00-
642 5471 751 5542 γὰρ
769 5469 861 5542 ’ἂν
898 5468 1104 5542 δήπου.
1132 5465 1385 5542 πρέποι,
1419 5475 1523 5542 etc.
1555 5469 1719 5542 verba
1749 5478 1876 5542 sunt

297 5537 543 5595 Socratis
589 5541 729 5608 apud
769 5538 1048 5594 Platonem
1090 5539 1144 5591 iu
1197 5537 1420 5590 exordio
1458 5538 1747 5604 Apologiw,
1781 5540 1872 5594 ubi

298 5620 476 5666 tamen
514 5611 783 5678 paululum
815 5611 990 5662 variat
1020 5609 1177 5662 lcetio
1205 5609 1502 5662 editionum
1534 5610 1599 5660 ab
1632 5608 1732 5663 hac
1771 5610 1876 5662 lsi.

298 5682 416 5734 dari
453 5677 742 5745 citatione;
793 5695 915 5733 nam
955 5694 1050 5746 pro
1084 5680 1148 5731 οὐ
1179 5678 1310 5746 γάρ,
1356 5678 1481 5731 editi
1513 5677 1636 5746 libri
1675 5678 1876 5733 habent

296 5751 418 5805 οὐδὲ
467 5751 577 5822 γάρ
624 5757 676 5804 et
719 5765 816 5822 pro
860 5745 1723 5822 πλάττονται,πλάττοντιηΝοια
1769 5750 1881 5822 hic,

299 5818 571 5890 comptam
614 5821 916 5875 orationem
976 5821 1153 5888 potius
1205 5821 1398 5872 decere
1453 5818 1878 5890 adolescentiam

299 5888 461 5962 quam
495 5900 847 5962 sisttectutem,
879 5901 969 5944 aut
1003 5891 1206 5962 virilem
1234 5897 1445 5962 mutem
1515 5888 1678 5962 Βιτῑ.

375 5962 488 6016 (I7)
519 5960 622 6016 I‘ro
669 5960 971 6014 πλάττοντι
1010 5962 1132 6015 cod.
1167 5961 1285 6014 Vat.
1338 5959 1442 6014 650
1477 5961 1666 6016 scribit
1712 5958 1879 6013 πλάτ-

1983 5135 2150 5172 τοντι.
2185 5134 2323 5174 vers.
2369 5127 2488 5188 post
2517 5117 2552 5170 2
2596 5117 2976 5188 προϐαλοῦμαι
3015 5125 3189 5170 mutat
3230 5119 3280 5172 iu
3337 5117 3583 5186 προϐάλ-

1984 5189 2147 5258 λομαι
2176 5233 2189 5254 ,
2219 5199 2273 5244 et
2315 5205 2458 5243 vers.
2498 5201 2619 5256 post
2658 5188 2848 5251 tertio,
2900 5188 3179 5258 évéonxsv
3215 5190 3265 5241 iu
3303 5191 3585 5256 ἐνέφυσεν,

1983 5257 2106 5312 mox
2142 5276 2247 5330 que
2291 5261 2474 5330 ὀμφάς
2515 5262 2566 5313 iu
2596 5260 2782 5330 ὀμφήν
2821 5273 2876 5314 et
2928 5275 3068 5312 vers.
3103 5261 3136 5311 2
3172 5257 3250 5311 Iit.
3287 5259 3325 5310 B
3368 5261 3498 5329 ἡμῖν
3534 5261 3586 5314 in

1984 5331 2167 5400 ἡμῶν.
2207 5329 2420 5385 Possis.

2058 5401 2168 5471 (l8)
2201 5403 2355 5472 Apud
2393 5401 2685 5455 Homerum
2721 5399 2914 5470 Odyss.
2955 5398 3122 5464 XXII,
3155 5413 3205 5453 ν.
3247 5399 3372 5465 547,
3413 5409 3496 5455 est

1982 5514 2426 5579 Λὺτοδίδακτος
2446 5513 2498 5566 δ’
2529 5512 2670 5581 εἰμὶ.
2699 5512 2834 5579 θεὸς
2864 5511 2930 5565 δέ
2952 5529 3056 5580 μοι
3075 5511 3146 5565 ἐν
3165 5510 3389 5580 φρεσίν
3411 5511 3590 5580 οῑμας

1984 5586 2284 5650 Marto/ac
2313 5584 2637 5653 ἐνέφυσεν.

1985 5675 2054 5730 Ει
2094 5677 2136 5730 si
2175 5688 2268 5729 aut
2304 5677 2388 5730 hic
2421 5677 2539 5730 fons
2573 5676 2918 5743 ingeniorum
2957 5682 3010 5729 et
3037 5687 3236 5743 parens
3266 5672 3591 5728 eruditionis

1997 5748 2143 5802 iStud
2162 5747 2393 5816 elogium
2421 5749 2734 5816 pronuntiat
2762 5747 2863 5800 sub
2884 5759 3110 5816 persona
3137 5743 3344 5798 Phemii
3370 5743 3588 5816 musici,

1988 5821 2078 5886 qui
2107 5820 2158 5871 in
2189 5813 2439 5870 convivio
2459 5833 2745 5885 procorum
2773 5819 2822 5870 in
2847 5813 3010 5869 :edib.
3037 5813 3244 5886 Ulpyssis
3275 5831 3368 5882 per
3393 5816 3496 5867 vim
3519 5815 3588 5868 ah

1991 5885 2122 5957 ipsis
2153 5887 2337 5952 jussus
2368 5903 2584 5951 cauere,
2617 5887 2926 5941 interfectis
2957 5885 3138 5955 procis
3167 5885 3375 5957 Ulyssis
3405 5886 3586 5941 lactus

1989 5959 2215 6032 supplex
2249 5959 2318 6013 ita
2354 5973 2412 6014 sc
2442 5958 2786 6015 couuueudat
2810 5999 2823 6021 .
2860 5959 3157 6013 obsecrans
3187 5970 3350 6018 atoue
3398 5960 3588 6013 obtes-
