4164 6456
308 466 444 533 I085

1191 467 1727 532 EPISTOLARIIM
1771 466 1913 526 LIB.
1958 465 2055 524 IV.
2088 488 2156 497 -
2195 460 2433 521 EPIST.
2463 456 2694 517 XXXV.

3469 445 3605 510 1036

304 585 432 654 γῆς,
479 582 616 637 ἀλλά
655 582 748 638 καὶ
790 583 1020 655 οὐρανοῦ
1072 583 1306 656 ἔρεισμα
1340 601 1398 637 τε
1457 584 1551 637 καὶ
1579 583 1884 652 ἀγλάϊσμα.

1993 577 2196 647 pellare
2227 591 2331 630 non
2357 572 2532 628 solum
2562 581 2744 634 terrae,
2785 565 2882 623 sed
2903 575 2960 623 et
2982 563 3104 622 ειεΙί
3142 564 3376 618 fulcrum
3414 571 3466 616 et
3501 561 3607 614 ful-

305 674 418 745 Τὴν
440 674 547 746 γάρ
578 675 752 731 κτίσιν
784 678 964 731 πᾶσαν
988 676 1205 747 ἀνέσχε,
1231 678 1345 739 τοῖς
1374 674 1471 745 μὲν
1495 673 1887 746 ὑπερκοσμίοις

1997 685 2202 741 gorem.
2235 666 2372 721 Nam
2399 674 2706 719 creaturam
2759 674 2979 715 omnem
3028 656 3380 723 sustentavit,
3415 668 3608 724 supra-

302 766 502 836 καρέιν,
523 769 637 831 τοῖς
657 768 701 820 δ’
728 768 993 836 ἐπιγείοις
1023 767 1335 839 ἐλευθερίαν
1363 765 1767 838 πρυτανεύσας,
1798 763 1887 817 καὶ

1996 761 2285 818 mundanis
2361 757 2580 828 quidem
2660 753 2962 825 gaudium,
3011 748 3369 805 terrestribus
3419 756 3602 800 autem

302 853 374 908 τὰ
395 855 662 914 διεστῶτα
703 859 968 930 συνάψας.

565 1056 688 1110 AI".
722 1087 792 1099 —
829 1057 1137 1129 ΘΕΟΔΩΡῼ
1167 1057 1625 1128 ΣΧΟΛΑΣΤΙΚῼ.

838 1147 974 1214 Περὶ
1013 1147 1344 1214 πολιτείας.

372 1238 436 1292 Ei
464 1239 825 1310 εὐγνωμόνως
854 1240 947 1292 καὶ
999 1239 1266 1310 νουνεχῶς
1302 1241 1544 1310 ἐντυχεῖν
1569 1234 1891 1309 ἐθελήσειας

299 1333 420 1394 ταῖς
464 1332 635 1402 ἱεραῖς
675 1333 940 1403 Γραφαίς,
977 1332 1047 1395 οὐ
1079 1332 1214 1404 πρὸς
1241 1331 1332 1385 τὸν
1365 1330 1547 1404 ἔρωτα
1594 1331 1696 1402 τῆς
1740 1331 1892 1394 θείας

301 1418 620 1490 φιλοσοφίας
667 1423 969 1494 όρμήσειας
1000 1423 1181 1494 μόνον,
1229 1422 1367 1477 ἀλλὰ
1410 1422 1676 1495 καὶπρὸς
1720 1420 1891 1494 αὐτὴν

299 1509 407 1562 τῶν
429 1508 714 1582 δογμάτων
752 1514 852 1583 τὴν
881 1508 1198 1583 ἐπιθυμίαν,
1225 1513 1319 1582 ἀφ’
1352 1506 1420 1585 ἦς
1444 1513 1476 1584 ἡ
1505 1512 1724 1585 οὐρανῷ
1754 1512 1889 1584 πρέ-

300 1618 478 1656 πουσα
507 1603 756 1658 πολιτεία
783 1604 897 1676 ἔχει
926 1604 1026 1677 τὴν
1051 1604 1330 1661 ὑπόθεσιν.

835 1778 958 1836 Δι’.
998 1811 1068 1822 -
1102 1781 1357 1853 nano.

443 1871 583 1938 Περὶ
609 1871 716 1926 τοῦ
745 1872 934 1927 αὐτοῦ
961 1872 1049 1944 (id
1077 1885 1180 1939 est,
1207 1875 1343 1943 περὶ
1368 1875 1724 1946 πολιτείας).

372 1928 584 2036 Ὠσπερ
607 1964 725 2017 ’τὸν
755 1928 1047 2036 φιλόσοιρον
1085 1928 1184 2037 οὐχ
1225 1968 1259 2038 ἡ
1279 1928 1590 2039 ’στοληκαλ
1611 1928 1890 2042 βακτηρία
1922 1928 1965 1988 Β

294 2049 590 2115 δείκνυσιν,
641 2053 757 2106 ἀλλ’
796 2055 828 2126 ἡ
862 2055 1150 2127 παρρησία
1199 2055 1292 2109 καὶ
1334 2059 1367 2127 ἡ
1427 2057 1712 2112 πολιτεία·
1747 2056 1890 2113 οὕτω

296 2143 390 2197 καὶ
421 2143 513 2198 τὸν
533 2145 860 2217 Χριστιανὸν
887 2148 947 2200 οὐ
981 2149 1167 2220 σχῆμα
1193 2148 1285 2203 καὶ
1312 2149 1492 2220 λόγος,
1524 2152 1662 2206 ἀλλὰ
1687 2153 1890 2225 τρόπος

293 2234 389 2289 καὶ
419 2235 535 2306 βίος
563 2237 640 2309 τῷ
672 2237 818 2310 ὀρθῷ
851 2238 994 2310 λόγῳ
1019 2239 1338 2311 ἐφάμιλλος.

578 2330 703 2385 AE'.
737 2360 809 2372 -—
837 2331 1047 2387 EPQNI
1083 2333 1547 2408 ΣΧΟΛΑΣΤῙΚῼ.

291 2417 434 2498 Περὶ
474 2418 851 2498 ζωοέρθορίας.
887 2418 962 2493 ἧς
992 2426 1024 2477 ό
1066 2425 1396 2498 νομοθέτης
1440 2427 1749 2498 ἐμνήσθη·
1786 2430 1886 2485 καὶ

360 2493 450 2572 εις
474 2491 544 2545 τό
569 2508 582 2522 ·
615 2511 633 2544 ι
675 2491 1018 2572 ’Ἀποστητε
1045 2491 1610 2572 άπξιέμοῦζπάἱιτες·
1636 2491 1883 2572 σι’ἐργα·

362 2557 596 2629 (operor
629 2562 745 2630 τὴν
774 2557 1034 2633 ἀνομίαν
1066 2557 1216 2638 (22).’
1256 2585 1275 2619 ι
1342 2557 1353 2563 ’
1510 2608 1514 2612 »

367 2653 579 2725 Ὥσπερ
629 2656 663 2726 ὴ
719 2654 1062 2729 μυθευομένη
1113 2656 1225 2711 τῶν
1280 2659 1614 2730 ἑτερογενῶν
1665 2661 1883 2729 σύνοδος

294 2742 557 2797 ἀλλόκοτα
585 2743 767 2798 ἔτικτε
807 2744 1056 2816 σώματα,
1095 2745 1455 2819 Μινιῦταυρόν
1476 2767 1597 2804 τινα
1627 2751 1725 2805 καὶ
1757 2769 1882 2806 κεν-

291 2833 524 2904 ταύρους
545 2849 559 2864 ·
595 2827 669 2888 ὧν
701 2838 730 2889 ό
759 2836 862 2906 μὲν
894 2836 1021 2898 τοὺς
1075 2837 1355 2902 ’Δττικοὺς
1385 2838 1630 2894 ἐθοινᾶτο
1662 2843 1880 2909 παῖδας,

286 2927 336 2978 oi
357 2924 414 2979 δὲ
454 2925 555 2989 τὰς
586 2925 873 2997 ἀλλοτρίας
896 2928 1148 3000 ἥρπαζον
1188 2928 1484 2997 γυναῖκας·
1517 2930 1691 2998 οὕτως
1724 2935 1819 2988 καὶ
1848 2935 1882 3005 ἡ

283 3016 395 3071 τῶν
416 3017 692 3071 κακίστων
719 3017 929 3089 ἀνδρῶν
960 3020 1242 3085 συνουσία,
1273 3020 1544 3077 ἀλλόκοτα
1573 3025 1670 3078 καὶ
1700 3026 1881 3081 ἄτοπα

285 3107 390 3180 ῇθη
441 3108 636 3174 τίκτει,
688 3108 891 3181 μικροῦ
940 3109 1012 3164 τὰ
1043 3111 1152 3164 τῶν
1209 3113 1525 3185 κενταύριον
1566 3115 1881 3188 μιμούμενα

283 3200 634 3271 τολμήματα.
670 3199 750 3255 Δι’
778 3201 806 3255 ὃ
844 3201 939 3256 καὶ
966 3202 996 3255 ὀ
1024 3202 1280 3274 Μελῳδὺς
1311 3205 1534 3272 τούτους
1566 3209 1880 3279 ἀπήλαυνεν

283 3291 364 3356 ὡς
409 3293 770 3365 πορρωτάτω,
841 3293 1050 3364 λέγων·
1129 3310 1149 3348 ι
1201 3296 1501 3368 Ἀπόστητε
1567 3275 1679 3355 ἀπ’-
1720 3301 1878 3372 ἐμοῦ,
1907 3275 1950 3334 C

286 3381 490 3448 πάντες
517 3384 568 3437 οἱ
591 3383 954 3456 ἐργαζόμενοι
973 3386 1072 3457 τὴν
1095 3386 1347 3456 ἀνομίαν.
1377 3407 1398 3440 ι
1436 3388 1510 3442 Οὐ
1537 3389 1646 3462 γὰρ
1673 3392 1880 3464 μικρὰν

279 3475 318 3547 ἡ
354 3475 564 3529 τούτων
615 3477 873 3530 συνουσία
924 3478 1100 3553 τίκτει
1153 3477 1382 3551 βλάὸην,
1429 3481 1546 3536 ἀλλ’
1591 3486 1672 3547 είς
1709 3483 1883 3555 αὐτὴν

286 3573 590 3645 βλέπουσαν
631 3575 732 3647 τὴν
761 3575 963 3649 ψυχὴν,
991 3569 1059 3647 ἧς
1101 3576 1256 3631 οὐδὲν
1287 3577 1636 3651 τιμιώτερον.
1677 3580 1742 3633 EI
1780 3582 1881 3652 μὲν

281 3659 401 3732 οῦν,
429 3665 504 3730 ὥς
547 3667 681 3736 φασί
731 3685 897 3734 τινες,
933 3667 1073 3738 ἔργα
1100 3670 1394 3738 γεγόνασιν
1444 3671 1496 3724 oi
1529 3669 1690 3741 μῦθοι
1734 3673 1822 3743 (δι’
1853 3673 1882 3727 ὃ

284 3760 379 3812 καὶ
428 3761 456 3814 ό
489 3759 793 3831 νομοθέτης
821 3759 991 3826 τοῦθ’,
1026 3762 1165 3833 ὅπερ
1200 3757 1473 3833 ἠθέλησας
1498 3763 1613 3836 (25)
1666 3764 1880 3836 μαθεῖν,

281 3849 563 3920 ἐθέσπισε,
617 3851 718 3921 τὴν
762 3850 898 3922 πρὸς
943 3849 1061 3915 ζῶα
1110 3849 1334 3905 κωλύων
1372 3851 1610 3921 σύνοδον,
1644 3854 1738 3907 καὶ
1779 3853 1882 3908 θα-

282 3943 431 4016 νάτῳ
479 3943 605 4008 τοὺς
655 3944 940 4008 συνιόντας
991 3943 1257 4008 κολάζων,
1290 3942 1432 3998 ὥστε
1484 3945 1559 4015 μὴ
1599 3947 1879 4021 τερατώδη

281 4035 564 4091 τίκτεσθαι
591 4035 843 4106 σώματα,
878 4036 973 4090 καὶ
1006 4035 1316 4113 τραγῳδίας
1349 4035 1713 4108 βλαστάνειν),
1747 4038 1882 4092 θαυο

285 4127 543 4199 μαζέσθω
573 4129 668 4183 τοῦ
689 4128 982 4200 νομοθέτου
1012 4130 1044 4199 ὴ
1077 4128 1405 4200 προμήθεια.
1437 4130 1500 4182 Εἰ
1531 4128 1610 4210 δὲ,
1642 4128 1719 4195 ῶς
1747 4131 1882 4202 φασί

281 4233 448 4283 τινες,
496 4222 592 4272 καὶ
639 4219 800 4280 αὐτὸς
848 4217 1048 4287 μᾶλλον
1085 4218 1370 4288 πείθομαι,
1416 4219 1566 4290 ἠθῶν
1614 4221 1880 4276 ποικίλων

283 4308 564 4376 ἔπιμιξίαν
610 4310 860 4380 δηλοῦσιν
908 4311 960 4364 οἱ
1002 4308 1163 4380 μῦθοι
1200 4309 1390 4381 (οὐδὲν
1419 4311 1549 4384 γὰρ,
1582 4313 1737 4381 φασὶ,
1769 4314 1880 4368 τῶν

283 4401 344 4467 ἐξ
377 4400 554 4472 ἀρχῆς
584 4402 892 4472 γενομένων
942 4403 1218 4472 ὲπιλεῖψαι
1247 4401 1555 4475 ἠνέσχετό),
1589 4407 1685 4459 καὶ
1703 4386 1878 4472 οὕτως

285 4493 746 4562 φυλαττέσθωσαν
794 4493 894 4566 τὴν
950 4494 1058 4549 τῶν
1113 4496 1366 4566 πονηρῶν
1418 4498 1741 4553 συνουσίανο
1796 4500 1878 4554 ὅτι

281 4582 391 4653 γὰρ
422 4581 489 4636 τὰ
516 4584 748 4655 μέγιστα
781 4584 1009 4655 βλάπτει
1038 4586 1175 4657 (2.4),
1206 4585 1357 4657 δηλοί
1385 4589 1483 4658 μὲν
1511 4591 1608 4644 καὶ
1634 4591 1729 4655 τό)

1997 858 2303 913 libertatem
2359 852 2681 917 concilians,
2737 858 2793 906 et
2848 847 3174 906 dissidentia
3227 846 3458 903 invicem
3497 844 3603 900 sibi

1993 958 2348 1007 connectens.

2136 1055 2378 1115 XXXIII.
2407 1087 2479 1098 -—-
2510 1050 2893 1110 TI’IEODORO
2941 1049 3452 1108 SCIIOLASTICU.

2496 1149 2572 1204 De
2603 1153 2706 1204 vita
2748 1147 2875 1203 crrlo
2897 1147 3095 1217 .digno.

2066 1247 2122 1301 Si
2153 1246 2376 1300 cordate
2398 1259 2461 1300 ac
2497 1244 2792 1313 prudenter
2830 1242 2884 1295 in
2921 1239 3097 1295 sacris
3140 1237 3442 1308 Scripturis
3471 1248 3595 1288 ver-

1993 1338 2102 1394 sari
2132 1338 2390 1401 volneris,
2420 1352 2526 1390 non
2556 1336 2732 1390 solum
2774 1333 2841 1388 ad
2868 1347 3110 1410 amorem
3136 1331 3339 1386 divinae
3371 1329 3596 1398 sapien-

1995 1431 2082 1486 tia:
2107 1445 2172 1486 ac
2221 1427 2595 1484 meditationis
2635 1427 2754 1498 ejus
2785 1426 2935 1480 omni
2982 1425 3183 1493 impetu
3237 1421 3370 1478 ferri
3403 1421 3589 1484 debes,

1991 1534 2181 1577 verum
2209 1519 2374 1574 etiam
2406 1518 2472 1572 ad
2497 1517 2738 1588 ipsorum
2785 1516 3102 1585 dogmatum
3157 1512 3532 1581 cupiditatem,
3561 1525 3592 1563 a

1992 1627 2094 1682 qua
2133 1609 2275 1667 caelo
2307 1610 2468 1678 digna
2502 1618 2668 1679 atque
2690 1609 3027 1663 conveniens
3055 1604 3270 1662 vivendi
3309 1603 3450 1660 ratio
3483 1611 3597 1661 tan—

1992 1720 2154 1777 quam
2181 1702 2539 1758 fundamento
2558 1699 2825 1771 exsurgit.

2475 1790 2720 1846 XXXIV.
2756 1821 2821 1834 —-
2844 1788 3096 1846 PAULO.

2603 1881 2806 1936 Eodem
2832 1881 2898 1936 de
2931 1897 3008 1936 re.

2021 1995 2029 1998 ··
2067 1977 2529 2046 Quemadmodum
2588 1975 2967 2045 philosophum
3019 1988 3128 2028 non
3176 1969 3341 2026 eﬂicit
3371 1968 3592 2041 pallium

1991 2078 2049 2125 et
2079 2069 2324 2131 baculus.
2361 2071 2455 2125 sed
2485 2069 2712 2125 libertas
2739 2067 2994 2137 loquendi
3015 2074 3070 2122 et
3101 2065 3209 2119 vita
3238 2065 3405 2134 proba
3429 2073 3594 2133 atque

1994 2162 2218 2219 honesta
2250 2178 2266 2219 :
2295 2161 2368 2217 ita
2392 2170 2449 2216 et
2470 2159 2842 2216 Christianum
2869 2174 2974 2215 non
3001 2157 3133 2214 facit
3157 2157 3446 2213 babituset
3468 2171 3594 2210 ora-

1994 2253 2089 2322 tio,
2120 2255 2212 2310 sed
2246 2253 2355 2307 vita
2380 2261 2438 2308 et
2470 2267 2650 2306 mores
2677 2262 2838 2307 rectae
2876 2250 3074 2306 rationi
3108 2249 3541 2305 consentientes.

2223 2339 2444 2396 XXXV.
2473 2371 2544 2382 —
2575 2339 2838 2396 IlERONI
2873 2337 3376 2397 SCHOLASTICO.

1989 2434 2066 2488 De
2090 2435 2232 2489 coitu
2266 2449 2382 2487 cum
2415 2432 2606 2498 brutis,
2638 2435 2792 2499 cuius
2831 2434 3072 2488 meminit
3114 2433 3412 2502 legislator.
3444 2430 3512 2486 Et
3538 2431 3592 2484 in

2058 2506 2226 2558 illud:
2263 2524 2282 2556 ι
2324 2505 2592 2559 Discedite
2620 2521 2651 2559 a
2693 2522 2794 2572 me,
2833 2520 3012 2560 omnes
3037 2505 3127 2575 qui
3159 2505 3449 2575 operamini
3485 2503 3591 2558 ini-

2049 2578 2302 2646 quitatem
2337 2577 2402 2630 “.
2444 2593 2463 2628 ι

2049 2668 2523 2735 Quemadmodum
2545 2670 2724 2743 coitus
2753 2667 3071 2723 animalium
3105 2667 3306 2722 diversi
3351 2667 3590 2736 generis,

1985 2755 2054 2812 de
2083 2771 2193 2827 quo
2241 2768 2324 2814 est
2371 2758 2426 2812 in
2469 2757 2697 2824 fabulis,
2737 2767 3050 2815 monstrosa
3095 2757 3280 2827 genuit
3333 2771 3588 2827 corpora,

1987 2851 2354 2906 ntinotaurum
2390 2852 2577 2907 nescio
2607 2865 2790 2921 quem,
2853 2859 2910 2906 et
2959 2860 3252 2906 centauros
3285 2892 3300 2915 ,
3353 2863 3588 2919 quorum

1984 2941 2077 2998 ille
2129 2941 2351 3011 quidem
2406 2925 2622 2997 Atticos
2672 2942 2970 2997 devorabat
3003 2955 3219 3010 pueros,
3264 2940 3357 2995 isti
3405 2950 3588 2995 autem

1983 3030 2189 3086 alienas
2209 3032 2489 3101 rapiebant
2510 3031 2864 3097 mulieres,ita
2881 3032 3044 3086 etiam
3063 3031 3587 3101 improbissimorum

1985 3118 2272 3175 hominum
2308 3120 2672 3187 consuetudo,
2715 3119 2985 3174 absurdos
3039 3128 3204 3188 atque
3250 3128 3590 3176 monstrosos

1985 3225 2163 3267 mores
2192 3213 2355 3284 parit,
2388 3212 2481 3283 qui
2520 3227 2712 3282 parum
2736 3215 2889 3268 abest
2932 3212 3061 3281 quin
3090 3221 3474 3268 centaurorum
3509 3213 3591 3270 fa-

1983 3300 2171 3357 cinora
2213 3302 2583 3360 audacissima
2630 3304 2978 3360 aemulentur.
3011 3305 3142 3372 Quae
3166 3318 3329 3359 causa
3369 3318 3590 3375 quoque

1983 3403 2092 3461 est,
2114 3409 2212 3450 cur
2235 3394 2577 3453 Psalmorum
2605 3396 2843 3465 scriptor
2867 3411 2964 3451 eos
2999 3411 3160 3467 quam
3183 3397 3499 3468 longissime
3519 3398 3590 3455 ab

1985 3501 2045 3542 se
2075 3487 2338 3558 abegerit,
2376 3503 2500 3544 cum
2530 3490 2645 3545 ait:
2685 3507 2704 3541 ι
2737 3486 2996 3546 Recedite
3036 3504 3066 3544 a
3103 3505 3189 3545 me
3232 3506 3445 3557 omnes,
3492 3493 3584 3564 qui

1983 3579 2289 3648 operamini
2374 3578 2744 3649 iniquitatem.
2824 3598 2844 3632 ι
2927 3579 3044 3635 Νοη
3114 3579 3367 3651 exiguam
3438 3584 3585 3639 enim

1985 3685 2185 3724 noxam
2218 3670 2390 3742 gignit
2412 3687 2601 3726 eorum
2641 3673 3000 3741 consuetudo,
3031 3671 3124 3728 sed
3151 3675 3334 3742 talem,
3370 3691 3492 3746 qute
3518 3678 3585 3732 ad

1987 3763 2158 3832 ipsam
2215 3772 2428 3833 spectet
2477 3766 2759 3830 animam,
2818 3780 2924 3836 qua
2978 3767 3113 3820 nihil
3171 3777 3257 3823 est
3293 3770 3587 3839 pretiosius

1984 3864 2147 3923 atque
2171 3855 2545 3923 praestantius.
2611 3855 2740 3912 Sive
2804 3856 2988 3929 igitur,
3047 3867 3106 3912 ut
3145 3860 3367 3929 quidam
3402 3862 3585 3930 perbi-

1984 3947 2135 4013 beut,
2170 3948 2335 4003 verba
2390 3947 2444 4003 in
2479 3962 2641 4016 Opera
2672 3948 3006 4004 transierunt
3040 3951 3206 4020 (unde
3233 3951 3399 4006 etiam
3427 3952 3588 4023 legis-

1984 4037 2124 4092 lator
2152 4038 2278 4103 hoc,
2317 4040 2462 4108 quod
2490 4039 2704 4095 discere
2728 4039 2973 4107 voluisti,
3007 4044 3208 4107 sanxit,
3231 4057 3585 4113 congressum

1984 4142 2106 4182 cum
2139 4127 2316 4184 brutis
2347 4128 2674 4185 animalibus
2699 4131 2998 4199 prohibens
3034 4132 3102 4198 ”,
3134 4131 3295 4204 431
3327 4145 3382 4188 et
3411 4147 3590 4193 morte

1984 4220 2223 4276 multaus
2250 4235 2344 4276 eos
2377 4223 2464 4292 qui
2493 4223 2772 4293 congressi
2793 4222 3014 4290 fuerint,
3051 4239 3116 4279 ne
3149 4227 3398 4282 videlicet
3429 4243 3586 4283 mon-

1984 4324 2162 4369 strosa
2199 4324 2562 4384 procreentur
2591 4308 2847 4386 corpora,
2893 4326 2949 4372 et
3003 4319 3392 4387 tragmdiarnm
3420 4335 3587 4390 argu-

1984 4416 2169 4460 menta
2199 4407 2324 4462 inde
2372 4407 2655 4481 pullulent)
2691 4428 2704 4464 :
2750 4411 3075 4478 legislatoris
3120 4413 3461 4482 providentia
3489 4415 3588 4468 ad-

1986 4499 2263 4554 tuiratioui
2289 4499 2378 4555 sit.
2417 4499 2564 4568 Sive,
2599 4512 2657 4555 ut
2687 4502 2777 4557 alii
2831 4503 3042 4571 dicunt,
3080 4516 3134 4560 et
3173 4506 3303 4560 mihi
3335 4507 3590 4577 probabi-

1913 4567 1953 4623 θ
1985 4590 2089 4644 Iius
2122 4590 2357 4656 videtur,
2395 4593 2677 4646 variorum
2714 4610 2928 4649 morum
2952 4600 3388 4654 commistionem
3425 4603 3587 4656 verba

281 4673 370 4727 illa
425 4673 666 4728 indit-ant
714 4675 874 4746 (nihil
902 4678 1068 4743 enim,
1115 4677 1386 4747 inquiunt,
1420 4693 1608 4735 eorum
1637 4698 1759 4751 quae
1802 4684 1869 4738 ab
1911 4681 2068 4737 initio
2099 4681 2452 4751 exstiterunt,
2491 4684 2726 4740 deﬁcere
2786 4687 3081 4755 sustinuit,
3113 4699 3275 4760 atque
3337 4693 3587 4748 eamdem

279 4765 360 4820 sic
414 4775 702 4822 conservat
763 4767 1200 4838 conditionem).
1229 4769 1403 4827 Etiam
1437 4773 1505 4828 ob
1537 4774 1679 4832 hanc
1706 4790 1931 4831 causam
1991 4777 2164 4832 vitare
2195 4777 2452 4832 studeant
2493 4777 2767 4834 malorum
2804 4785 3215 4838 commercium.
3259 4783 3414 4852 Quod
3441 4786 3590 4841 enim

280 4857 581 4912 maximum
613 4859 1004 4916 detrimentum
1034 4862 1249 4931 aﬂerat,
1282 4865 1488 4922 indicat
1522 4870 1622 4925 hoc
1663 4885 1878 4942 quoque
1910 4886 1924 4925 :

423 4955 783 5023 Φθείρουσιν
812 4956 926 5026 ἤθη
955 4961 1192 5028 χρηστὰ
1217 4963 1444 5031 ὁμιλίαι
1482 4968 1682 5023 κακαί.

283 5042 513 5114 Δηλοῦσι
559 5044 617 5098 δὲ
663 5047 758 5100 καὶ
826 5047 1042 5133 Ἀμνῶν
1082 5052 1110 5103 ὁ
1139 5051 1538 5122 πρεσόύτατος,
1581 5059 1675 5111 καὶ
1716 5059 1871 5113 Ἀϐεο

284 5134 480 5206 σαλὼμ
520 5139 548 5191 ὁ
575 5137 844 5203 νεώτατος
875 5139 986 5204 υἱὸς
1021 5141 1133 5213 (25)
1162 5141 1256 5196 τοῦ
1307 5143 1586 5217 Μελῳδοῦ,
1629 5152 1874 5223 αἰσχρῶς

355 5290 402 5322 ’δ
429 5289 572 5348 Psal.
605 5307 680 5358 vt,
723 5293 777 5348 9.
852 5294 899 5327 "
930 5295 1100 5351 Exod.
1130 5312 1266 5363 xxu,
1303 5297 1389 5355 I9.

2153 4967 2329 5023 Bonos
2351 4981 2697 5038 corrumpunt
2726 4990 2893 5027 mores
2924 4990 3239 5045 congressus
3266 4976 3415 5033 mali.

1983 5059 2229 5117 Indicant
2285 5073 2552 5132 prmtcrea
2595 5075 2649 5120 et
2706 5067 2920 5123 Amnon
2995 5078 3126 5125 natu
3191 5073 3485 5136 maximus,
3535 5082 3592 5129 ct

1981 5155 2220 5212 Absalon
2278 5162 2406 5209 natu
2463 5157 2721 5216 minimus
2751 5159 2895 5218 ﬁlius
2935 5160 3370 5235 Psalmographi,
3396 5166 3488 5236 qui
3532 5176 3598 5224 et

1387 5407 1623 5471 VARUE
1662 5415 2056 5476 LECTIONES
2097 5421 2176 5478 E'I
2230 5421 2464 5482 ΝΟΤιΕ.

356 5563 468 5636 (22)
501 5564 890 5636 (ξοηίοιγθβίει.
923 5564 1031 5620 285
1058 5567 1175 5620 libri
1246 5584 1326 5622 ιιι.
1361 5567 1527 5625 Βιττ.

355 5634 479 5718 (εδ-λ
510 5634 615 5689 Pro
663 5635 936 5707 ἠθέλησας
973 5639 1095 5693 cod.
1137 5636 1258 5693 Vat.
1296 5641 1402 5695 650
1458 5643 1621 5698 habet
1667 5645 1866 5718 ἐζήτη-

286 5722 406 5769 σας.
439 5703 629 5760 Possna‘
688 5703 696 5704 ί
819 5703 831 5707 ⁷
1707 5703 1723 5710 ⁷
1751 5703 1762 5718 ’
1823 5703 1834 5716 ’

344 5775 467 5851 ’(24)
493 5775 640 5851 ﬁnge,
666 5777 1057 5851 qulat._usque
1075 5779 1141 5832 ad
1173 5778 1406 5848 μέγιστα
1435 5781 1665 5851 βλάπτει
1703 5788 1836 5841 omit

285 5847 431 5901 tebat
451 5845 538 5900 ed.
574 5845 1046 5908 Paris.;adduntur
1075 5864 1140 5903 ex
1169 5845 1358 5905 codice
1384 5845 1660 5910 Vaticano.
1699 5857 1858 5912 Eutr.

358 5917 473 5984 (‘25)
533 5915 637 5973 Pro
673 5920 786 5981 υἱός
827 5918 949 5974 cod.
999 5917 1117 5974 Vat.
1166 5921 1290 5992 Irgit
1346 5923 1470 5978 υίοέ.
1531 5926 1683 5984 \‘ers.
1740 5941 1862 5998 post

1984 5581 2145 5666 tertio
2167 5619 2204 5666 ,Δ
2235 5595 2336 5651 pro
2374 5581 2510 5666 καθ’.
2546 5584 2750 5666 ἑαυτήν
2777 5585 3133 5666 habet_ide[n
3186 5589 3312 5666 me:
3359 5591 3586 5666 tauzﬁg.

1984 5648 2138 5730 γει-ετ
2173 5648 2416 5730 (ξξλρι-ορ
2452 5654 2511 5706 δέ
2548 5648 2743 5711 scribit
2775 5657 2918 5711 idem
2962 5657 3040 5721 ὃς.
3083 5655 3238 5715 Vers.
3277 5661 3306 5712 7
3330 5677 3429 5730 pro
3457 5648 3582 5717 οὐδέ

1979 5719 2144 5803 habet
2181 5721 2208 5774 6
2243 5722 2327 5803 δέ.
2368 5724 2529 5803 Vers.
2584 5738 2845 5803 antepen.
2883 5719 3141 5803 ep._vpo_s_t
3189 5719 3348 5803 δίκην
3407 5734 3581 5798 addit,

1971 5790 2256 5863 ταχίστην.
2285 5793 2441 5850 Vers.
2479 5797 2576 5852 ult.
2612 5790 2840 5870 ιιι-θ’τὴν
2975 5790 3219 5872 ὁμιλίαν,
3257 5790 3449 5860 scribit
3481 5790 3583 5868 τάξ

1974 5862 2210 5924 ὁμιλίας.
2248 5866 2455 5924 Possm.

2007 5902 2210 5933 νυνι-οδ.
2248 5902 2266 5920 ι
2289 5902 2455 5924 voc-na
