4164 6426
680 391 811 460 10.9.7

1859 401 1918 460 S.
1965 400 2256 461 ISlDORI
2297 403 2734 464 PELUSIOTJE

3813 394 3938 457 1088

678 507 906 576 turpiter
928 507 1192 570 vixerunt,
1222 511 1276 561 et
1331 504 1715 560 miserabiliter
1775 506 1941 562 vitam
1989 509 2250 563 (iuuerunt.

2371 513 2468 580 μὶν
2497 513 2779 581 ζήσαντες,
2817 508 3062 572 ἐλεεινῶς
3091 507 3148 562 δέ
3177 507 3266 562 τὸν
3303 507 3414 577 βίον
3441 504 3936 575 καταστρέψαντες.

677 596 771 650 ιιιο·
799 596 939 649 enim
984 593 1187 648 sororis
1235 608 1344 650 sua:
1396 595 1584 649 eodem
1633 605 1786 664 patre
1831 598 2028 667 genita:
2076 613 2260 652 amore

674 697 884 755 captus,
923 701 1044 739 cum
1079 687 1463 757 prohiberetur
1501 689 1728 755 pudore,
1764 690 2055 757 quominus
2095 698 2254 744 natu-

676 791 791 829 ram
824 775 959 830 adeo
989 776 1092 830 sibi
1128 785 1412 844 cognatam
1448 776 1748 844 copularet,
1777 777 2026 832 allectum
2059 779 2260 835 amoris

673 879 796 919 cuin
825 867 1054 934 quodam
1085 881 1268 920 eorum
1297 881 1432 935 quos
1479 867 1580 921 sibi
1610 869 1816 924 amicos
1844 885 1963 925 esse
1983 872 2261 927 existima-

675 955 788 1019 bat,
823 956 1263 1010 communicavit.
1301 958 1371 1010 At
1408 959 1452 1012 is
1488 959 1634 1014 hunc
1691 959 1938 1015 aﬂ'ectum
1970 977 2074 1016 non
2103 965 2260 1018 modo

675 1061 782 1100 non
813 1048 1088 1113 erstinxit,
1123 1061 1297 1115 neque
1323 1049 1496 1118 ipsum
1529 1065 1556 1102 a
1595 1049 1800 1120 ﬂagitio
1829 1054 2043 1116 avertit,
2079 1070 2256 1124 neque

676 1138 982 1192 deterrendi
1007 1152 1169 1193 causa
1209 1139 1339 1194 dixit
1379 1159 1391 1194 :
1425 1139 1542 1196 Noli
1591 1156 1725 1196 nova
1771 1142 1824 1196 in
1870 1143 2034 1198 vitam
2073 1145 2261 1199 buma-

678 1243 802 1282 nam
845 1227 1137 1297 importare
1193 1232 1575 1300 tragmdiarum
1628 1245 1994 1303 argumenta;
2063 1251 2255 1290 verum

675 1319 838 1372 etiam
899 1320 1038 1372 viam
1104 1335 1166 1375 ac
1221 1322 1485 1375 rationem
1554 1322 1655 1391 ipsi
1733 1325 2094 1395 excogitavit,
2149 1341 2257 1396 quo

677 1419 835 1479 pacto
867 1423 1184 1481 conceptum
1224 1415 1404 1470 animo
1436 1415 1585 1472 nefas
1612 1428 1971 1487 perpetraret.
2004 1420 2136 1476 Cum
2163 1421 2260 1490 igi-

678 1510 766 1555 tur
800 1502 850 1556 id
888 1503 1076 1559 fuisset
1108 1505 1220 1574 jam
1248 1517 1561 1575 exsecutus,
1603 1509 1926 1578 supplicium
1961 1511 2056 1566 luit
2079 1513 2261 1568 extre-

678 1609 846 1659 mum,
869 1595 1079 1650 violatae
1112 1599 1315 1653 sororis
1346 1599 1516 1655 fratre
1541 1601 1730 1656 eadem
1762 1610 1936 1657 matre
1959 1611 2086 1657 nato
2117 1602 2261 1670 inju-

677 1683 770 1737 ria:
797 1685 955 1755 hujus
999 1698 1271 1744 auctorem
1303 1702 1399 1758 per
1447 1689 1679 1746 famulos
1704 1705 1834 1747 nece
1864 1692 2045 1747 oblata
2073 1707 2258 1762 perse-

674 1786 894 1841 quente.
933 1776 1024 1831 Sic
1043 1793 1172 1848 ergo
1198 1780 1431 1847 turpiter
1463 1781 1622 1835 simul
1667 1797 1730 1837 ac
1768 1783 2149 1839 miserabiliter
2179 1785 2258 1838 vi-

2377 601 2435 654 Ὀ
2476 603 2575 672 μέν
2608 603 2718 672 γὰρ
2751 603 2848 672 τῆς
2885 599 3219 672 ὁμοπατρίου
3255 598 3489 668 ἀδελφῆς
3521 598 3797 668 ἐρασθεὶς,
3852 601 3940 652 καὶ

2363 693 2749 764 αἰσχυνόμενος
2797 692 2894 764 τὴν
2952 692 3114 762 φύσιν
3168 691 3289 745 καθ’
3340 690 3538 760 ἐαυτὴν
3570 689 3940 760 ἐπιφυομένην

2365 783 2619 851 συνάψαι,
2663 781 2989 834 ἐκοινώσατο
3043 780 3104 834 τὸ
3145 779 3313 842 πάθος
3351 780 3457 832 τινὶ
3507 777 3612 832 τῶν
3640 776 3940 831 δοκούντων

2364 874 2562 944 φίλων·
2615 875 2642 926 ὁ
2698 872 2754 925 δέ
2784 873 2845 925 οὐ
2902 872 3064 942 μόνον
3114 872 3215 924 οὐκ
3263 870 3452 923 ἐσόεσε
3497 869 3557 922 τὸ
3588 869 3775 932 πάθος,
3820 869 3939 921 οὐδὲ

2365 963 2746 1034 ἀπεστρέψατο
2801 961 2894 1016 τοῦ
2959 964 3158 1031 ἄγους·
3210 961 3330 1014 οὐδὲ
3420 956 3578 1013 εἷπε·
3637 959 3729 1032 Μὴ
3785 961 3943 1014 καινά

2364 1054 2680 1126 εἰσενέγκῃς
2710 1055 2789 1115 είς
2815 1052 2904 1106 τὸν
2952 1053 3068 1124 βίον
3097 1053 3348 1124 δράματα
3367 1069 3379 1081 ο
3409 1051 3547 1105 ἀλλά
3597 1053 3689 1104 καὶ
3721 1052 3940 1122 μέθοδον

2363 1142 2514 1213 αύτῷ
2546 1141 2795 1213 ἐφεῦρεν,
2826 1142 2975 1205 ὅπως
2997 1142 3213 1217 δράσειε
3237 1141 3296 1194 τὸ
3322 1142 3472 1210 ἄγος.
3505 1142 3719 1211 Δράσας
3740 1141 3935 1200 τοίνυν,

2363 1233 2521 1305 δίκην
2581 1233 2780 1287 δέδωκε
2838 1233 2936 1303 τὴν
2989 1233 3245 1304 ἐσχάτην,
3301 1232 3392 1286 τοῦ
3448 1234 3788 1304 ὁμομητρίου
3843 1233 3940 1302 τῆς

2365 1324 2716 1396 ὑϐρισθείσης
2756 1324 2990 1394 ἀδελφῆς
3013 1325 3100 1378 διὰ
3143 1325 3248 1378 τῶν
3281 1325 3507 1378 οἰκετῶν
3537 1326 3719 1396 σφαγῇ
3753 1325 3940 1396 μετελ-

2364 1416 2548 1479 θόντος
2567 1416 2658 1470 τὸν
2683 1415 2962 1487 ὑϐριστήν.
2992 1413 3149 1468 Οὕτω
3175 1415 3274 1483 μὲν
3297 1411 3388 1469 οῦν
3412 1414 3648 1486 αἰσχρῶς
3669 1415 3764 1469 καὶ
3787 1415 3942 1467 ἐλεειο

2361 1508 2468 1571 νῶς
2512 1511 2539 1561 ὁ
2585 1509 2796 1576 Ἀμνῶν
2839 1507 2930 1561 τὸν
2983 1508 3093 1578 βίον
3141 1507 3527 1578 κατέστρεψεν.
3575 1507 3634 1560 ’0
3668 1507 3723 1561 δέ
3752 1507 3940 1560 τοῦτον

2361 1596 2518 1662 δίκας
2555 1599 2886 1667 ἀπαιτήσας,
2922 1599 3031 1651 εἴτε
3073 1598 3383 1670 τυραννίδος
3419 1598 3559 1668 ἐρῶν
3589 1598 3720 1666 (εἴτε
3749 1615 3942 1669 μνησι-

2363 1688 2548 1742 κακῶν
2583 1688 2659 1760 τῷ
2705 1690 2894 1760 πατρὶ,
2941 1690 3024 1743 δτι
3073 1690 3132 1742 οὐ
3189 1689 3347 1760 μόνον
3376 1690 3476 1742 οὐκ
3519 1688 3799 1759 ἐξεδίκησε
3848 1689 3945 1757 τῆς

2363 1779 2632 1850 θυγατρὸς
2661 1780 2760 1851 τὴν
2808 1778 2985 1851 ὓϐριν,
3046 1780 3182 1832 ἀλλὰ
3212 1780 3306 1832 καὶ¹
3338 1780 3429 1832 τὸν
3460 1780 3807 1851 ἀμυνάμενον
3840 1779 3942 1831 ἀπο

675 1875 785 1920 tam
821 1865 958 1921 finiit
1002 1869 1214 1923 Amnon
1269 1870 1337 1924 ".
1378 1870 1531 1926 Alter
1577 1883 1780 1937 autem,
1827 1875 1916 1944 qui
1950 1888 2141 1943 poenas
2187 1874 2250 1928 ab

2359 1870 2677 1940 εστρέφετο,
2705 1871 2797 1923 καὶ
2837 1869 3230 1944 παρακληθεὶς,
3263 1870 3384 1923 οὐδὲ
3415 1868 3591 1933 οὕτως
3629 1869 3790 1922 αὐτὸν
3835 1868 3946 1921 ἐδέ-

677 1954 778 2009 hoc
852 1959 1066 2025 repetiit
1098 1960 1236 2027 (sive
1273 1960 1412 2029 quod
1459 1962 1799 2033 tyrannidem
1832 1965 2253 2034 concupivisset,

675 2047 790 2102 sive
840 2049 983 2118 quod
1035 2049 1351 2120 injuriarutn
1408 2056 1724 2108 memoriam
1761 2056 2017 2111 adversus
2043 2069 2252 2126 patrem

673 2148 1025 2194 causervaret
1080 2141 1219 2208 apud
1279 2142 1542 2207 animum,
1573 2145 1718 2213 quod
1758 2147 2008 2200 nimirum
2048 2148 2093 2202 is
2145 2163 2254 2203 non

674 2228 842 2283 solum
874 2246 976 2284 non
1001 2232 1330 2287 vindicasset
1361 2232 1483 2288 lilia:
1513 2233 1712 2288 illatam
1735 2237 2139 2304 contumeliam,
2159 2239 2252 2294 sed

673 2311 834 2373 etiam
882 2321 1112 2376 ultorem
1171 2323 1286 2389 ejus
1346 2333 1625 2380 aversatus
1659 2340 1688 2378 a
1729 2341 1788 2380 se
1841 2329 2146 2398 repulisset,
2199 2341 2253 2385 et

672 2414 922 2480 quamvis
952 2423 1170 2483 rcgatus
1204 2414 1546 2486 monitusque
1578 2418 1642 2471 de
1671 2417 1785 2486 ipso
1814 2418 1871 2472 in
1901 2420 2128 2489 gratiam
2163 2437 2250 2476 re—

671 2505 940 2572 cipiendo,
975 2517 1153 2561 tamen
1185 2522 1250 2563 ne
1269 2509 1345 2563 sic
1376 2511 1589 2578 quidem
1624 2510 1798 2578 ipsum
1828 2512 1879 2564 in
1906 2521 2250 2582 conspectum

671 2598 998 2663 admisisset,
1038 2601 1140 2655 nisi
1188 2601 1402 2655 tandem
1452 2602 1603 2654 ducis
1639 2602 1842 2656 militiae
1894 2604 2093 2657 astutia
2153 2604 2255 2658 hoc

669 2683 992 2760 elfecisset),
1041 2691 1182 2760 patri
1234 2691 1550 2756 rebellavit,
1599 2695 1757 2762 eique
1814 2694 1904 2762 qui
1955 2693 2095 2748 male
2153 2693 2252 2762 ipsi

2363 1978 2488 2031 χετο
2517 1963 2596 2024 είς
2629 1960 2772 2028 ὄψιν,
2807 1963 2856 2013 εί
2890 1960 2964 2032 μὴ
2996 1959 3222 2030 ὕστερον
3251 1963 3283 2032 ἡ
3311 1959 3406 2014 τοῦ
3443 1961 3748 2031 στρατηγοῦ
3783 1960 3946 2027 σοφία

2359 2052 2517 2106 τοῦτο
2553 2052 2996 2121 κατεσκεύασεν),
3031 2053 3385 2107 ἐπανίσταται
3419 2053 3496 2123 τῷ
3524 2055 3711 2122 πατρὶ,
3748 2053 3844 2105 καὶ
3870 2052 3948 2122 τῷ

2361 2144 2547 2208 κακῶς
2587 2142 2735 2214 αὑτῷ
2793 2144 3278 2214 συμϐουλεύσαντι,
3315 2144 3561 2207 καὶτοὺς
3600 2145 3698 2215 τῆς
3730 2142 3948 2213 φύσεως

2360 2235 2661 2307 ἀνατρέψαι
2711 2235 2968 2306 θεσμοὺς,
3022 2236 3114 2289 καὶ
3161 2235 3290 2299 τοὺς
3337 2236 3436 2306 τῆς
3486 2234 3683 2305 μίξεως
3724 2233 3947 2305 ὑδρίσαι

2362 2328 2581 2396 νόμους,
2615 2325 2863 2397 ἐπείσθη.
2912 2326 3178 2380 Τοσοῦτον
3229 2329 3342 2380 ἐστι
3371 2327 3538 2380 κακὸν
3567 2326 3598 2396 ὴ
3649 2326 3756 2378 τῶν
3789 2323 3949 2379 κακί-

2361 2435 2502 2471 στων
2532 2417 2807 2472 συνουσία.
2847 2417 2986 2471 Ἀλλ’
3017 2418 3076 2471 οὑ
3117 2418 3371 2488 διέφυγεν
3401 2417 3515 2470 οὗθ’
3545 2411 3720 2482 οὗτος,
3767 2417 3893 2469 οὗτε
3922 2419 3950 2471 ὀ

2359 2507 2949 2580 παρασυμϐουλεύσας,
2984 2509 3084 2578 τὴν
3114 2508 3353 2578 ἄφυκτον
3387 2507 3576 2580 δίκηνο
3605 2507 3740 2561 ἀλλὰ
3787 2507 3950 2577 δίκην

2362 2600 2572 2655 ἔδοσαν.
2601 2601 2708 2654 ”Ινί
2727 2595 2820 2653 οὖν
2855 2599 3021 2671 μηδὲν
3044 2599 3284 2652 τοιοῦτον
3313 2600 3451 2668 μήτε
3475 2598 3782 2670 δράσωμεν,
3813 2598 3947 2670 μήτε

2364 2693 2648 2763 πάθωμεν,
2677 2691 2971 2762 φεύγωμεν
2999 2692 3097 2764 τὴν
3124 2691 3233 2745 τῶν
3257 2691 3466 2760 ἐναγῶν
3489 2690 3727 2761 ὁμιλίαν.

669 2777 1035 2846 consuluerat,
1067 2796 1125 2834 ut
1153 2793 1206 2834 et
1230 2789 1436 2835 natura:
1473 2780 1674 2836 fmdera
1703 2793 1993 2850 everteret,
2021 2796 2075 2838 et
2133 2783 2535 2838 commistiouis
2571 2783 2717 2853 leges
2783 2783 3179 2838 contumeliose
3242 2782 3490 2847 violaret,
3556 2781 3946 2849 obsequentem

669 2883 728 2923 se
771 2873 1020 2939 przebuil.
1056 2871 1287 2926 Tantum
1339 2875 1464 2926 mali
1525 2873 1680 2929 all‘ert
1727 2877 2247 2946 improbissimorum
2290 2880 2568 2933 hominum
2589 2879 2924 2934 consuetudo
2951 2887 3005 2932 et
3076 2877 3437 2932 familiaritas.
3458 2876 3560 2930 Sed
3597 2888 3768 2943 neque
3833 2873 3942 2953 hic.

669 2963 975 3029 uequeille,
1026 2965 1115 3033 qui
1149 2963 1340 3019 nefarii
1380 2973 1572 3020 auctor
1635 2968 1844 3022 consilii
1917 2968 2126 3035 fuerat,
2179 2971 2417 3026 divinam
2494 2969 3046 3032 animadversionem,
3121 2983 3282 3036 quam
3331 2967 3472 3021 nulla
3531 2975 3648 3019 arte
3707 2963 3945 3034 effugere

667 3055 812 3120 licet,
840 3057 1011 3111 evasit
1047 3077 1059 3112 :
1097 3059 1188 3112 sed
1234 3061 1392 3114 ambo
1433 3076 1621 3130 pinnas
1663 3062 1925 3119 dederunt
1949 3066 2016 3117 ".
2065 3065 2246 3130 Quare
2286 3081 2352 3121 ne
2427 3065 2556 3136 quid
2622 3079 2720 3120 nos
2791 3078 3006 3135 quoque
3058 3062 3236 3118 simile
3285 3061 3370 3116 vel
3423 3068 3798 3132 perpetremus
3860 3065 3949 3119 vel

667 3153 1054 3222 perpetiantur,
1099 3153 1487 3209 sceleratorum
1526 3157 1804 3214 hominum
1858 3163 2246 3217 commercium
2286 3160 2420 3218 velis
2453 3162 2720 3231 remisque
2745 3159 3034 3231 fugiamus.

973 3269 1214 3326 XXXVl.
1240 3303 1294 3317 -
1352 3273 1576 3331 PETRO
1600 3276 1958 3336 MONACHO.

666 3359 735 3415 In
774 3360 904 3439 illud
963 3361 1122 3418 Pauli
1171 3365 1450 3439 dictamus
1489 3365 1549 3422 Si
1595 3368 1710 3437 ﬁeri
1770 3382 1970 3437 potest,
2022 3375 2160 3439 quod
2200 3375 2252 3425 in

733 3434 876 3509 t'obt's
928 3444 1048 3509 est,
1091 3450 1208 3488 cum
1279 3436 1521 3490 omnibus
1573 3434 1866 3493 hominibus
1923 3434 2100 3509 pacem
2155 3442 2253 3496 Ita-

722 3503 894 3556 bcntes
928 3503 995 3556 ".
1037 3521 1054 3553 ι

731 3613 850 3678 Est,
872 3629 904 3668 ο
939 3615 1020 3668 vir
1053 3615 1357 3682 erud-ite,et
1392 3618 1589 3674 bellum
1636 3630 1886 3677 sanctum
1925 3639 1987 3679 ac
2023 3624 2250 3692 justum,

667 3717 723 3760 et
753 3722 851 3774 pax
893 3708 1037 3761 omni
1073 3709 1396 3779 implacabili
1428 3727 1602 3782 pugna
1634 3713 1923 3782 difficilior,
1954 3721 2248 3773 secundum

670 3793 797 3850 illud
829 3795 1054 3865 (Psalmi
1085 3799 1312 3867 dictum)
1353 3819 1366 3855 :
1421 3821 1442 3853 r
1478 3803 1655 3858 Zelavi
1689 3821 1850 3876 super
1887 3809 2122 3879 iniquos,
2155 3828 2253 3880 pa-

671 3901 789 3941 cem
822 3900 1166 3955 peccatorum
1201 3893 1387 3950 vidcns
1413 3894 1479 3948 ⁹⁹.
1531 3914 1548 3946 ι
1584 3894 1719 3951 Nam
1759 3900 1995 3955 latrones
2034 3903 2248 3971 quidem

668 3980 810 4035 inter
835 3996 954 4036 sese
972 3984 1321 4052 paciscuntur
1362 3996 1550 4041 contra
1591 4005 1686 4044 eos
1717 3993 1808 4061 qui
1843 3993 1984 4046 nulla
2019 4005 2076 4049 re
2105 3994 2249 4062 ipsos

671 4069 929 4124 laeserunt
977 4074 1172 4126 armati
1216 4093 1230 4128 :
1261 4073 1425 4147 532
1462 4079 1556 4131 sed
1593 4089 1646 4134 et
1678 4080 1785 4150 lupi
1837 4094 2247 4153 congregantur,

668 4165 877 4232 quoties
902 4166 1216 4235 sanguinem
1249 4168 1456 4230 sitiunt,
1522 4179 1577 4224 et
1619 4171 1832 4226 adulter
1853 4189 1974 4227 cum
2007 4176 2247 4231 adultera

666 4268 853 4323 pacem
892 4254 1042 4321 colit,
1063 4267 1116 4310 et
1138 4267 1404 4312 scortator
1439 4274 1558 4314 cum
1585 4277 1683 4317 suo
1709 4275 1906 4318 scorto.
1939 4263 2055 4319 Noli
2087 4269 2250 4337 igitur

666 4344 999 4409 existimare,
1037 4361 1219 4415 pacem
1248 4349 1444 4418 ubique
1479 4361 1531 4406 et
1568 4369 1662 4422 per
1685 4355 1861 4408 omnia
1889 4355 2082 4411 bonam
2105 4374 2243 4414 esse.

670 4433 761 4487 Est
783 4436 925 4488 ctiim
957 4451 1325 4505 saepenumero
1361 4443 1549 4510 quovis
1600 4445 1737 4501 bello
1781 4446 1967 4502 durior
1997 4457 2050 4502 et
2091 4451 2242 4506 dete-

669 4528 799 4580 rior.
835 4525 966 4581 Nam
988 4545 1108 4582 cum
1147 4532 1270 4600 quis
1301 4548 1484 4600 pacem
1514 4537 1642 4590 colit
1675 4554 1797 4590 cum
1842 4537 2109 4606 ejusmodi
2143 4545 2241 4596 ho-

2733 3281 2865 3346 Aq'.
2904 3308 2973 3319 —
3011 3279 3236 3348 uarro
3269 3275 3577 3346 Momm.

2364 3373 2432 3426 Td
2454 3391 2467 3404 '
2512 3391 2529 3423 ι
2568 3373 2637 3424 Et
2676 3369 2941 3424 δυνατὸν
2974 3369 3034 3421 τὸ
3079 3368 3149 3433 ἐξ
3181 3368 3347 3436 ὑμῶν
3386 3368 3533 3437 μετὰ
3573 3371 3815 3422 πάντων
3845 3368 3947 3422 ἀν-

2761 3438 3009 3508 θρώπων
3043 3442 3475 3507 εἰρηνεύοντες.
3517 3458 3533 3490 ι

2431 3628 2639 3690 Ἔστιν,
2688 3619 2732 3678 ῶ
2769 3625 2919 3692 σοφὲ,
2954 3625 3050 3678 καὶ
3094 3625 3327 3696 πόλεμος
3357 3624 3579 3696 εύαγὴς,
3627 3627 3720 3679 καὶ
3752 3630 3941 3699 εἰρήνη

2355 3719 2534 3788 πάσης
2551 3717 2816 3772 ἀσπόνδου
2843 3718 3021 3787 μάχης
3039 3718 3448 3788 ἀργαλεωτέρα,
3476 3718 3716 3772 κατὰτὸ·
3745 3737 3760 3770 t
3786 3719 3943 3790 Ἐζήο

2354 3811 2503 3862 λωσα
2547 3810 2639 3862 ἐπὶ
2686 3812 2796 3872 τοῖς
2853 3810 3098 3878 ἀνόμοις,
3153 3810 3378 3880 εἰρήνην
3427 3810 3766 3880 ἁμαρτωλῶν
3808 3811 3940 3866 θεω·

2357 3895 2486 3966 ρῶν.
2533 3915 2550 3946 ι
2590 3895 2800 3967 Λῃσταὶ
2851 3896 2949 3965 μέν
3000 3896 3110 3967 γὰρ
3159 3897 3293 3966 πρὸς
3323 3897 3585 3968 ἀλλήλους
3622 3899 3940 3955 σπένδονται

2353 3987 2495 4041 κατά
2525 3989 2633 4040 τῶν
2682 3989 2849 4058 μηδὲν
2897 3988 3225 4042 ἀδικούντων
3251 3990 3656 4060 ’ὁπλιζὸμενοι·
3695 3991 3849 4046 λύκοι
3883 3993 3940 4047 δὲ

2353 4080 2837 4150 συναγελάζονται,
2892 4083 3021 4135 ὅταν
3065 4083 3310 4152 αἱμάτων
3359 4083 3590 4154 διψῶσι·
3633 4085 3725 4137 καὶ
3772 4087 3801 4137 ὁ
3842 4087 3940 4155 μὲν

2357 4175 2538 4244 μοιχὸς
2564 4173 2832 4244 εἰρηνεύει
2859 4175 2990 4244 πρὸς
3023 4175 3119 4246 τὴν
3148 4177 3544 4247 μοιχευομένην
3569 4194 3581 4208 ·
3600 4178 3628 4229 ὁ
3655 4178 3712 4231 δέ
3744 4179 3940 4250 πόρνος

2353 4267 2488 4336 πρὸς
2517 4265 2611 4336 τὴν
2643 4267 3064 4336 πορνευομένην.
3092 4269 3182 4336 Μὴ
3215 4269 3396 4320 τοίνυν
3428 4270 3702 4339 πανταχοῦ
3726 4271 3824 4343 τὴν
3857 4275 3937 4325 εἰ·

2353 4360 2521 4431 ρήνην
2541 4359 2724 4430 νόμιζε
2750 4354 2889 4412 εῖναι
2915 4359 3101 4413 καλόν.
3131 4360 3288 4412 Ἔστι
3314 4360 3420 4431 γὰρ
3444 4360 3705 4426 πολλάκις
3734 4366 3937 4428 παντὸς

2350 4450 2591 4520 πολέμου
2624 4451 3000 4521 χαλεπωτέρα.
3031 4451 3202 4504 Ὅταν
3231 4453 3335 4525 γάρ
3371 4470 3453 4516 τις
3483 4454 3618 4525 πρὸς
3646 4456 3770 4519 τοὺς
3795 4459 3936 4510 κατὰ

2348 4543 2445 4611 τῆς
2481 4543 2734 4613 προνοίας
2771 4543 3138 4607 ὑλακτοῦντας
3186 4545 3462 4618 εἰρηνεύῃ,
3515 4549 3768 4617 καὶπρὸς
3809 4552 3933 4613 τοὺς

673 4617 928 4683 minibus,
962 4619 1052 4686 qui
1078 4623 1336 4676 adversus
1360 4623 1766 4681 Providentiam
1796 4630 2014 4694 latrant,
2037 4643 2088 4686 et
2119 4648 2239 4687 cum

2358 4636 2464 4696 τοῖς
2487 4632 2620 4702 βίοις
2643 4635 2896 4704 ἀχρείους
2927 4635 3022 4705 τὴν
3043 4636 3229 4707 κοινὴν
3257 4617 3529 4708 λοχῶντας
3562 4643 3651 4693 καὶ
3675 4642 3739 4694 λυ
3749 4660 3934 4711 μαινο-

669 4706 735 4758 iis
763 4708 849 4773 qui
879 4708 982 4760 vita
1014 4709 1209 4764 nullius
1240 4713 1398 4779 pretii
1434 4724 1594 4783 atque
1630 4717 1870 4786 improba
1901 4737 2239 4778 communem

669 4795 828 4848 vitam
867 4799 1112 4866 polluttnt
1162 4811 1216 4854 et
1259 4812 1490 4871 vastant,
1525 4804 1696 4862 fmdus
1751 4810 1876 4864 ferit
1912 4813 2037 4867 :hic
2084 4815 2240 4884 longe

665 4885 923 4956 longeque
958 4905 985 4942 a
1009 4891 1156 4960 pacis
1186 4895 1428 4950 terminis
1449 4897 1725 4955 submotus
1749 4902 1910 4972 degit.
1930 4902 2058 4968 Qua:
2076 4921 2238 4960 causa

663 4993 872 5049 quoque
903 4991 982 5035 est
1018 4998 1115 5037 cur
1151 4983 1348 5042 Paulus
1393 4989 1589 5044 dixerit
1631 5007 1644 5044 :
1704 5010 1722 5043 ι
1783 4993 1839 5048 Si
1874 4995 1988 5048 fieri
2040 5005 2237 5064 potest,

661 5070 800 5136 quod
835 5071 882 5123 iu
911 5074 1061 5127 vobis
1108 5088 1219 5138 est,
1265 5093 1385 5131 cum
1420 5082 1671 5136 omnibus
1704 5083 2011 5140 hominibus
2047 5101 2234 5154 pacem

662 5159 984 5215 habentes‘.
1026 5182 1044 5213 ι
1099 5164 1269 5220 Probe
1321 5170 1466 5222 enim
1528 5185 1768 5239 noverat,
1810 5177 2076 5231 interdum
2118 5178 2235 5233 fieri

664 5264 766 5303 non
803 5268 977 5321 pOSSP.

916 5342 1180 5402 XXXVII.
1215 5377 1272 5386 —
1312 5349 1619 5409 EUTONIO
1655 5355 1970 5413 DIACONO.

903 5431 1162 5503 ﬁjusdem
1207 5454 1324 5492 cum
1363 5444 1626 5509 superiore
1656 5450 1974 5515 argumenti.

729 5522 953 5593 Oportet
985 5544 1090 5583 non
1124 5545 1249 5602 erga
1281 5549 1398 5600 eos,
1446 5538 1534 5604 qui
1571 5539 1621 5590 in
1669 5542 1896 5609 gratiam
1933 5544 2107 5600 redire
2135 5560 2233 5600 no-

660 5608 794 5678 lunt,
838 5617 1226 5689 lmplacabilem
1250 5641 1401 5692 esse,
1431 5631 1526 5684 sed
1574 5608 1782 5700 ponus,
1828 5646 2084 5704 quantum
2117 5639 2234 5708 qui-

751 5769 797 5801 "
831 5770 868 5826 ll
897 5773 1026 5845 Reg.
1060 5796 1158 5848 χιι,
1201 5783 1216 5836 l
1257 5800 1404 5854 seqq.
1486 5788 1550 5818 ’θ’
1590 5785 1626 5840 11
1671 5786 1797 5862 Reg.
1831 5806 1917 5845 ιιι·
1951 5802 2000 5848 ct
2032 5811 2097 5848 xv
2198 5796 2240 5828 ’⁷

2359 5815 2428 5854 ut.
2462 5817 2556 5866 λιι,
2597 5803 2677 5856 l8.
2756 5802 2961 5862 "Psal.
2997 5822 3168 5873 ωλιι,
3210 5809 3262 5863 5.

2353 4724 2546 4792 μένους
2570 4724 2844 4778 πολιτείαν
2884 4724 3181 4794 σπένδηται
3207 4741 3218 4753 '
3249 4722 3404 4790 οὗτος
3437 4727 3544 4780 τῶν
3575 4729 3670 4799 τῆς
3709 4733 3932 4801 εἰρήνης

2345 4816 2488 4885 ὅρων
2519 4818 2707 4886 πόρρω
2743 4833 2847 4869 που
2900 4819 3207 4887 ἐσκήνωται
3247 4819 3340 4871 καὶ
3376 4820 3611 4892 μακράν.
3674 4822 3751 4873 Δι’
3784 4821 3813 4872 ὃ
3841 4823 3929 4874 καὶ

2345 4909 2374 4958 ὀ
2424 4907 2635 4972 Παῦλος
2665 4908 2889 4976 ἐλεγενς
2928 4927 2945 4960 ι
2991 4911 3054 4962 El
3110 4911 3335 4965 δυνατὸν
3381 4913 3442 4966 τὸ
3492 4913 3552 4977 ἐξ
3602 4913 3757 4985 ὑμῶν
3793 4915 3929 4984 μετά

2345 5000 2560 5054 πάντων
2601 5000 2904 5072 ἀνθρώπων
2951 5003 3341 5074 εἰρηνεύοντες.
3385 5022 3403 5057 ι
3440 5004 3634 5074 Σαφῶς
3697 5006 3806 5077 γὰρ
3838 5009 3926 5060 πί-

2343 5106 2525 5156 στατο,
2556 5091 2636 5144 ὅτι
2669 5093 2815 5146 ἐστὶν
2846 5092 2981 5146 ὅπου
3023 5095 3084 5148 οὐ
3112 5093 3358 5151 δυνατόν.

2674 5374 2794 5428 ΛΖ’.
2827 5403 2897 5412 -
2930 5373 3226 5446 srmth
3264 5375 3587 5446 ΔΙᾹΚΟΝῼ.

2999 5466 3255 5534 Ὅμοιον.

2413 5553 2534 5624 Χρὴ
2561 5555 2622 5607 οὐ
2653 5557 2762 5618 τοῖς
2795 5556 2867 5628 μὴ
2897 5557 3279 5626 σπενδομένοις
3308 5557 3573 5612 ἄσπονδον
3598 5553 3760 5626 εἶναι,
3783 5559 3917 5614 ἀλλὰ

2345 5644 2546 5711 μᾶλλον
2588 5645 2930 5714 σπένδεσθαι,
2966 5651 3091 5718 τόγε
3123 5648 3392 5719 ἡμέτερον
3443 5649 3630 5722 μέρος,
3672 5652 3766 5704 καὶ
3804 5653 3917 5713 τοῖς

3340 5807 3383 5838 ⁹⁹
3417 5808 3571 5863 Rom.
3595 5823 3692 5874 χιι,
3723 5809 3808 5865 l8.
