4164 6456
266 406 414 478 1089

1200 399 1745 465 EPISTULARUM
1787 399 1935 461 LIB.
1980 399 2078 462 IV.
2121 426 2190 436 ·-
2229 402 2472 463 EPIST.
2516 400 2637 463 XL.

3447 401 3587 471 1090

267 520 585 585 ἀσπόνδοις,
633 519 750 588 εἴγε
800 518 967 590 μηδὲν
1024 518 1060 589 i,
1100 515 1356 570 εὐσέϐεια
1394 514 1863 586 παραϐλάπτοιτο.

1981 512 2103 568 dem
2133 514 2184 569 in
2220 515 2379 569 nobis
2406 523 2491 570 est
2531 516 2730 580 situm,
2762 513 2926 570 etiam
2983 529 3109 570 cum
3149 513 3585 584 implacabilibus

267 614 383 668 Καὶ
414 611 560 666 τοῦτ’
599 610 748 664 ἔστιν
775 610 887 681 ἄρα
913 611 1053 682 ὅπερ
1085 611 1113 663 ὁ
1153 607 1444 671 θεσπέσιος
1477 606 1693 669 Παῦλος
1723 621 1868 676 παρ-

268 701 621 766 εκελεύσατο,
649 701 874 771 φράζων
896 719 909 730 ο
950 720 969 753 ι
1003 701 1066 754 Et
1106 697 1332 753 δυνατὸν
1353 699 1415 752 τὸ
1439 697 1498 764 ἐξ
1537 697 1694 768 ὑμῶν
1729 696 1870 767 μετὰ

266 795 490 848 πάντων
539 792 846 865 ἀνθρώπων
876 791 1271 865 εἰρηνεύοντες.
1315 810 1334 843 ι
1392 792 1525 845 "Are
1556 789 1666 861 γὰρ
1703 790 1866 861 ἀκρι-

267 884 382 949 σῶς
433 886 798 956 ἐπιστάμενος
850 883 958 939 τῶν
1004 883 1352 955 πραγμάτων
1403 883 1502 953 τὴν
1550 881 1736 952 φύσιν,
1769 879 1868 933 atat

266 976 450 1042 εἰδὼς,
489 979 573 1030 ὅτι
606 978 794 1030 πολλοὶ⁵
823 979 936 1039 τοῖς
977 975 1290 1046 φιλαρέτοις
1319 975 1407 1029 διὰ
1447 974 1630 1047 μάχης
1658 973 1747 1026 ἀεὶ
1777 970 1865 1026 ελ-

267 1066 385 1121 θεῖν
419 1069 480 1122 οὐ
516 1070 932 1142 παραιτοῦνται,
961 1069 1086 1138 τόγε
1114 1063 1250 1141 ἦκον
1273 1071 1352 1133 είς
1379 1069 1527 1139 ἡμᾶς
1555 1067 1861 1139 ἀπῄτησεν,

268 1160 385 1229 εῐγε
414 1162 571 1233 ἡμῶν
601 1163 777 1216 πάντα
809 1164 1130 1226 ποιούντων,
1177 1161 1327 1216 ἀλλοι
1377 1161 1618 1232 πόλεμον
1647 1160 1864 1230 ἀκήρυ·

268 1270 418 1317 κτον,
467 1255 500 1327 ἢ
542 1258 608 1327 τῇ
662 1254 913 1324 εὐσεϐείᾳ
932 1256 1500 1326 ἀντιστρατευόμενοι,
1524 1251 1560 1322 ἦ
1594 1254 1663 1323 τῇ
1691 1251 1862 1323 ἀρετῇ

265 1349 818 1419 ἀντιπολιτευόμενοι,
851 1348 1297 1417 ἑπαγγέλλοιντο.

1977 604 2158 662 ίωὼιε
2203 606 2406 672 facere,
2465 609 2509 663 si
2561 610 2723 664 modo
2768 606 2976 664 nullum
3022 606 3148 662 inde
3188 608 3377 677 pietati
3419 611 3588 664 detri-

1979 708 2222 753 mentum
2261 697 2547 756 inferatur.
2604 700 2672 754 Et
2731 700 2836 754 hoc
2891 713 3024 754 sane
3055 709 3138 753 est
3175 701 3320 769 quod
3367 701 3586 755 divinus

1975 788 2178 846 Paulus
2203 792 2434 855 monuit,
2461 807 2584 846 cum
2621 792 2698 846 ait
2735 809 2747 846 :
2796 811 2814 844 ι
2860 791 2917 845 Si
2948 792 3066 845 ﬁeri
3097 801 3294 861 potest,
3335 793 3478 861 quod
3530 792 3586 848 in

1975 883 2133 938 vobis
2157 892 2262 949 est,
2296 899 2417 940 cum
2437 885 2692 940 omnibus
2719 883 3033 939 hominibus
3055 898 3243 953 pacem
3265 883 3544 939 habentes.
3561 903 3580 935 ι

1971 972 2108 1030 Nam
2146 975 2293 1030 velut
2325 977 2370 1032 is
2403 977 2497 1046 qui
2530 977 2882 1032 exactissime
2908 978 3182 1046 cognitam
3216 984 3586 1046 perspectam-

1971 1080 2078 1137 que
2135 1066 2363 1124 haberet
2419 1083 2605 1123 rerum
2654 1079 2907 1124 naturam
2941 1069 3355 1141 (humanarum)
3385 1078 3438 1123 et
3493 1069 3584 1138 qui

1968 1165 2180 1222 nosset,
2214 1172 2380 1227 quam
2417 1159 2572 1214 multi
2603 1177 2709 1217 non
2741 1161 2991 1216 dubitent
3019 1161 3335 1215 hominibus
3371 1162 3589 1214 virtutis

1967 1251 2233 1306 studiosis
2264 1253 2547 1307 adversari
2576 1269 2640 1310 ac
2663 1267 2969 1325 repugnare
2999 1255 3088 1309 :id
3120 1256 3323 1324 exegit,
3349 1255 3490 1323 quod
3518 1254 3584 1306 ad

1966 1356 2067 1396 nos
2125 1343 2364 1412 pertinet
2419 1347 2707 1415 nostrique
2762 1355 2848 1401 est
2897 1347 3167 1410 muneris,
3226 1346 3443 1401 etiamsi
3491 1345 3588 1403 alii

269 1438 411 1494 forte
452 1441 576 1494 dum
623 1455 723 1496 nos
769 1440 904 1494 nihil
937 1440 1128 1510 reliqui
1170 1438 1402 1495 iacimus
1431 1438 1576 1509 quod
1629 1434 1867 1491 ofﬁcium
1905 1441 2155 1488 nostrum
2213 1435 2475 1504 postulat,
2512 1435 2714 1491 bellum
2761 1437 3008 1508 iniquum
3086 1437 3246 1494 nobis
3316 1439 3585 1503 indicant,

268 1534 351 1590 vel
383 1536 636 1606 pietatem
668 1545 1071 1606 oppugnantes,
1097 1536 1181 1592 vel
1219 1533 1452 1590 alienam
1476 1543 1532 1589 et
1565 1533 1956 1590 abhorrentem
1992 1543 2023 1584 ιι
2053 1529 2256 1586 virtute
2283 1531 2504 1587 vivendi
2537 1533 2806 1589 rationem
2851 1545 3150 1591 sectantes.

803 1673 935 1727 ΑΠ’.
968 1701 1039 1713 -
1077 1673 1327 1743 ΠΕΤΡῼ.

2434 1668 2730 1730 XXXVIII.
2767 1701 2838 1713 -—
2862 1670 3116 1730 PETRO.

264 1765 376 1832 Εἰς
433 1764 498 1819 τὸ
559 1765 1009 1836 γεγραμμένον
1084 1784 1102 1818 ι
1142 1765 1305 1820 Μετὰ
1354 1761 1597 1835 ,ϐουλῆς
1664 1761 1863 1818 πάντα

1971 1755 2039 1811 In
2085 1756 2142 1812 id
2198 1760 2343 1828 quod
2397 1763 2655 1823 scriptum
2705 1771 2804 1825 est,
2866 1782 2885 1815 ι
2948 1762 3144 1819 Oumia
3199 1777 3320 1820 cum
3365 1765 3587 1820 consilia

943 1836 1119 1891 ποίει.
1154 1855 1172 1888 ι

338 1947 402 2001 0i
435 1946 534 2019 μὲν
563 1945 724 2018 θυμῷ
759 1948 920 2002 πλέον
954 1947 1450 2020 στρατηγούμενοι,
1487 1950 1569 2012 είς
1571 1946 1864 2030 ⁸χαλεπὸν,

266 2038 346 2102 ὡς
385 2039 452 2092 τὰ
500 2039 694 2101 πολλὰ,
741 2041 1182 2113 καταστρέφουσι
1214 2042 1405 2106 τέλος·
1449 2042 1500 2095 οἱ
1544 2039 1603 2095 at
1651 2040 1869 2095 συνέσει

269 2129 373 2200 μὲν
409 2131 904 2202 στρατηγούμενοι,
953 2134 1023 2186 τὰ
1065 2131 1123 2186 δὲ
1155 2131 1386 2204 σώματα
1415 2133 1623 2206 δργανα
1662 2131 1869 2205 ταύτης

267 2222 590 2294 ἡγούμενοι,
642 2224 743 2277 οὐκ
788 2225 1081 2298 ἀμοιροῦσι
1134 2226 1235 2297 τῆς
1283 2226 1376 2280 ἐπὶ
1408 2228 1522 2290 τοῖς
1555 2226 1868 2290 καλλίστοις

267 2313 446 2386 δόξης.
491 2318 602 2370 Καὶ
641 2317 784 2369 τοῦτ’
845 2317 1015 2381 ἔστιν,
1063 2319 1200 2390 ὅπερ
1224 2319 1329 2390 ἔφη
1359 2319 1387 2372 ὁ
1419 2320 1864 2402 Παροιμιασξτής’

272 2425 292 2458 ι
326 2407 486 2462 Μετὰ
509 2408 705 2482 βουλῆς
737 2411 914 2465 πάντα
939 2411 1080 2465 ποίει
1107 2429 1120 2441 ·
1157 2431 1176 2465 ι
1211 2411 1273 2466 τὸ
1294 2413 1404 2484 γὰρ
1435 2413 1866 2484 ἀπερίσκεπτον,

269 2497 541 2569 σφαλερόν

755 2710 877 2764 seu
933 2739 1004 2749 -
1042 2694 1369 2783 ΝΕΜΕΣΙῼ.

859 2802 964 2868 Είς
995 2802 1059 2855 τὸ
1095 2802 1265 2857 αὐτό.

336 2939 460 3012 Χρὴ
488 2938 579 2992 τὸν
597 2931 950 3010 βουλόμενον
980 2936 1230 3010 καθαρὰν
1260 2937 1530 3008 εὐθυμίαν
1561 2939 1865 3011 καρπώσα-

267 3031 419 3096 σθαι,
451 3031 669 3103 πρῶτον
698 3029 1029 3102 βουλόμενον
1058 3029 1233 3094 οὕτως
1265 3030 1425 3101 ἥκειν
1455 3031 1549 3085 επὶ
1581 3031 1643 3086 τὸ
1687 3033 1870 3103 λέγειν

2670 1849 2768 1904 age
2795 1836 2834 1888 ¹.
2876 1853 2895 1887 ι

2049 1937 2128 1996 llli
2180 1941 2438 2011 quidem,
2494 1943 2693 2014 quibus
2743 1943 3027 2001 iracundia
3094 1947 3271 2018 magis
3328 1947 3586 2018 imperat.

1971 2032 2295 2107 plerumque
2340 2035 2620 2091 difﬁcilem
2671 2037 2883 2092 exitum
2931 2039 3279 2104 sortiuntur;
3316 2040 3409 2108 qui
3458 2053 3588 2093 vero

1971 2128 2261 2197 prudentia
2302 2128 2524 2199 quidem
2551 2129 2955 2199 gubernantur,
2987 2145 3221 2202 corpora
3273 2140 3455 2186 autem
3489 2132 3590 2187 ba-

1970 2220 2102 2276 bent
2139 2236 2238 2291 pro
2272 2221 2655 2277 instrumentis
2677 2223 3002 2292 prudentiae,
3029 2223 3083 2278 hi
3117 2238 3300 2278 rerum
3333 2225 3590 2294 pulcher-

1973 2311 2236 2365 rimarum
2275 2310 2463 2383 gloriae
2514 2327 2619 2368 non
2669 2320 2798 2369 sunt
2827 2326 3104 2384 expertes.
3151 2315 3334 2386 Atque
3359 2315 3464 2372 hoc
3496 2323 3582 2371 est

1972 2402 2116 2473 quod
2154 2403 2294 2458 dixit
2340 2402 2765 2460 Proverbiorum
2799 2407 3078 2476 scriptor:
3129 2424 3149 2461 ι
3177 2405 3313 2464 Cum
3355 2407 3590 2464 consilio

1970 2496 2083 2565 agit
2106 2495 2312 2550 omnia.
2353 2513 2371 2546 ι
2413 2492 2548 2550 Nam
2581 2496 2965 2568 imprudenter
3003 2513 3170 2571 agere
3196 2508 3361 2558 atque
3410 2499 3585 2558 incir-

1969 2597 2308 2657 cumspecte,
2348 2588 2715 2656 periculosum
2751 2598 2861 2646 est.

2418 2701 2668 2759 XXXIX.
2698 2736 2770 2749 -
2794 2703 3128 2764 NEMESIO.

2572 2797 2780 2856 Eadem
2815 2801 2881 2858 de
2906 2817 2984 2856 re.

2041 2933 2270 3007 Oportet
2320 2951 2444 2993 eum
2488 2935 2580 3008 qui
2629 2951 2765 3007 pura
2824 2936 2994 2993 animi
3029 2935 3403 3008 defarcataque
3435 2945 3590 2993 tran-

1973 3030 2247 3100 quillitate
2297 3029 2404 3086 l'rui
2459 3029 2615 3096 velit,
2653 3031 2889 3102 primum
2927 3029 3112 3086 habita
3165 3029 3589 3098 deliberatione,

264 3139 328 3175 τε
355 3122 450 3176 καὶ
470 3123 754 3194 πράττειν.
793 3119 1016 3192 Ἐπειδὴ
1041 3120 1150 3194 γὰρ
1171 3121 1270 3192 οὐχ
1292 3117 1406 3175 οἷόν
1430 3138 1490 3174 τε
1517 3123 1585 3177 τὰ
1605 3122 1863 3196 λεχθέντα

1971 3125 2052 3180 sic
2076 3122 2272 3181 deinde
2298 3124 2573 3196 prollcisci
2598 3125 2667 3180 ad
2713 3123 3006 3180 dicendum
3029 3133 3084 3180 et
3118 3124 3418 3196 agendum.
3447 3121 3588 3179 Nam

267 3214 306 3288 ἢ
346 3191 664 3287 πραχθέντα
687 3191 1130 3270 ἀνακαλέσασθαι
1157 3191 1378 3286 ῥᾳδίως,
1407 3214 1513 3286 χρὴ
1545 3191 1863 3290 πειθέμενον

1979 3215 2106 3286 quia
2139 3216 2221 3272 sic
2248 3191 2330 3272 est
2348 3227 2756 3287 comparatum,
2785 3224 2844 3270 ut
2870 3214 3016 3270 dicta
3044 3191 3259 3270 factove
3287 3229 3396 3271 non
3425 3215 3590 3272 facile

263 3299 347 3373 τῷ
397 3304 802 3376 Παροιμιαστῇ,
858 3302 1108 3372 λέγοντιο
1171 3322 1190 3357 ε
1231 3304 1388 3360 Μετά
1432 3305 1633 3378 βουλῆς
1688 3309 1872 3364 πάντα

267 3395 446 3452 ποίει·
486 3413 504 3446 ι
550 3395 642 3449 τὸν
686 3394 760 3467 μὴ
822 3395 1148 3467 βουλόμενον
1194 3395 1286 3451 διά
1330 3398 1431 3470 τῆς
1467 3400 1872 3472 μεταγνώσεως

267 3485 462 3542 ἑαυτὸν
508 3485 724 3558 νύκτωρ
753 3488 846 3541 καὶ
880 3489 998 3560 μεθ’
1029 3489 1246 3560 ἡμέραν
1270 3491 1576 3561 μαστίζειν,
1601 3493 1702 3565 τὴν
1728 3511 1874 3566 παρ-

267 3577 476 3633 αίνεσιν
497 3578 589 3634 διὰ
621 3580 965 3652 πραγμάτων
999 3581 1395 3649 ἐπιδείξασθαι.

620 3785 711 3839 Μ’.
740 3814 810 3825 -
847 3785 1109 3858 ΙΣΙΔΩΡῼ
1147 3786 1522 3861 ΕΠΙΣΚΟΠῼ.

268 3898 407 3992 Περὶ
436 3898 556 3953 τῶν
584 3899 760 3967 τριῶν
787 3899 1179 3979 Σολομῶντος
1200 3900 1480 3966 3:611le,
1507 3902 1868 3974 Παροιμιῶν,

369 3972 912 4038 Επκλησιαστικων
958 3970 1122 4044 (‘17),
1163 3969 1501 4043 ’ᾼσμάτων.

1106 4011 1122 4037 ι
1180 4009 1261 4037 ιῑιυ
1271 4009 1384 4037 μιν*
1396 4009 1463 4026 νυν
1484 4009 1501 4026 ο

354 4083 577 4154 Ἐπειδὴ
607 4084 738 4155 περὶ
788 4081 888 4153 τῆς
919 4081 1127 4148 τάξεως
1168 4084 1280 4138 τῶν
1307 4083 1480 4156 τριῶν
1512 4085 1740 4157 βιϐλίων
1773 4087 1869 4143 Zo-

265 4174 546 4247 λομῶντος
584 4175 857 4246 ἠθέλησας
891 4173 1087 4245 μαθεῖν
1107 4217 1123 4242 ,
1157 4176 1300 4242 ῐσθι,
1329 4177 1411 4232 ὅτι
1443 4178 1504 4233 τὸ
1540 4180 1640 4250 μὲν
1670 4180 1870 4253 ἠθικὴν

267 4266 517 4322 παιδεύει
551 4267 754 4340 ἀρετήν
779 4284 792 4298 ·
824 4267 886 4320 τὸ
923 4267 981 4322 δὲ
1012 4267 1251 4323 δεικνύει
1299 4269 1410 4324 τῶν
1439 4270 1575 4342 περὶ
1633 4268 1868 4341 βιωτικά

267 4361 626 4432 δπτοημένων
652 4361 752 4433 τὴν
781 4361 1177 4432 ματαιοπονίαν
1206 4379 1222 4392 ·
1253 4362 1316 4416 τδ
1341 4362 1398 4416 δὲ
1425 4362 1527 4435 τῆς
1550 4363 1725 4419 ταῦτα
1760 4381 1866 4418 πε-

269 4453 639 4525 παιδευμένης
685 4453 865 4525 ψυχῆς
908 4454 1002 4508 τὸν
1046 4456 1177 4525 περὶ
1227 4455 1296 4508 τά
1341 4454 1463 4509 θεῖα
1513 4455 1718 4527 ἔρωτα.
1766 4457 1868 4514 Διά

1976 3308 2224 3363 revocari
2257 3317 2481 3378 queant,
2517 3306 3006 3376 obtemperandum
3038 3315 3124 3361 est
3153 3304 3586 3363 Proverbiorum

1976 3400 2260 3471 scriptori,
2287 3400 2488 3456 dicenti
2523 3418 2538 3455 :
2581 3417 2601 3452 ι
2635 3397 2774 3456 Cum
2819 3397 3053 3454 consilio
3091 3397 3275 3454 omnia
3310 3412 3433 3470 age.
3472 3417 3494 3452 ι
3529 3381 3613 3455 δι’

1976 3493 2105 3564 quis
2151 3493 2287 3548 nolit
2309 3491 2634 3564 pmnitentia
2686 3490 3048 3560 semetipsum
3096 3499 3260 3547 noctu
3306 3500 3473 3562 atque
3499 3491 3590 3547 in-

1979 3584 2154 3640 terdiu
2197 3583 2344 3640 velut
2374 3583 2590 3652 ﬂagello
2620 3583 2854 3648 caedere,
2902 3581 3124 3639 etbanc
3153 3583 3589 3640 admonitionem

1974 3687 2187 3750 oportet
2215 3677 2348 3748 ipsis
2374 3692 2557 3732 rerum
2587 3675 2930 3747 argumentis
2947 3669 3292 3749 exprimere.

2223 3789 2390 3864 533
2426 3789 2904 3848 XL.—-ISIDORO
2938 3788 3298 3848 EPISCOPO.

1973 3899 2054 3956 De
2100 3901 2269 3957 tribus
2321 3898 2623 3957 Salomonis
2672 3900 2858 3969 libris,
2905 3899 3342 3969 Proserbiorum,
3400 3899 3590 3957 Eccle-

2355 3972 2718 4036 siauicorum,
2750 3983 2797 4026 et
2825 3968 3192 4027 Canticorum.

2044 4084 2314 4154 Quoniam
2349 4083 2695 4154 signiﬁcasti,
2731 4092 2785 4141 te
2828 4099 3032 4156 cupere
3072 4099 3426 4158 cognoscere,
3476 4100 3588 4156 quo

1971 4179 2165 4236 ordine
2207 4188 2319 4234 tres
2343 4177 2472 4232 libri
2524 4175 2836 4234 Salomonis
2863 4176 3074 4247 legendi
3108 4179 3241 4244 sint,
3276 4192 3441 4235 nosse
3484 4181 3588 4236 de-

1970 4272 2090 4340 bes,
2119 4285 2288 4326 unum
2320 4269 2538 4326 illorum
2575 4269 2778 4326 docere
2824 4271 3084 4326 virtutem
3123 4269 3422 4339 moralem;
3448 4270 3588 4328 alte-

1971 4379 2092 4420 rum
2137 4363 2450 4428 ostendere,
2482 4375 2646 4433 quam
2683 4364 2756 4417 sit
2777 4375 2951 4417 vanus
2987 4370 3154 4433 atque
3194 4360 3385 4418 irritus
3427 4361 3585 4418 labor

1970 4470 2159 4513 eorum
2197 4454 2288 4527 qni
2320 4455 2486 4510 rebus
2515 4453 2677 4522 hujus
2711 4455 2840 4511 vitae
2885 4453 3047 4524 quasi
3075 4454 3298 4510 attoniti
3333 4455 3581 4522 inhiant;

267 4544 430 4600 τοῦτο
457 4543 521 4597 τὸ
568 4543 669 4614 μέν
703 4543 922 4616 πρῶτον
941 4582 957 4609 ,
985 4542 1047 4596 τὸ
1079 4543 1136 4598 δὲ
1168 4543 1422 4616 δεύτερον
1443 4588 1457 4615 ,
1493 4546 1555 4600 τδ
1585 4546 1642 4601 δὲ
1672 4547 1858 4620 τρίτον

1971 4547 2189 4605 tertium
2220 4546 2456 4616 denique
2489 4559 2735 4601 amorem
2764 4559 2873 4617 quo
2914 4558 3042 4615 erga
3078 4559 3166 4604 res
3197 4545 3414 4602 divinas
3442 4561 3585 4617 prte-

346 4705 365 4737 ¹
396 4702 555 4760 Prov.
592 4717 714 4770 xm,
757 4701 855 4769 16;
891 4702 1055 4759 Eecli.
1083 4719 1254 4772 xxxii,
1282 4703 1375 4759 ει.

1372 4862 1610 4920 VARIE
1654 4865 2048 4926 LECTlONES
2082 4867 2171 4925 ET
2213 4867 2451 4939 ΝΟΤᾸΞ,
2565 4931 2567 4933 ,

341 5024 456 5098 (29)
488 5023 774 5098 inscriptio
803 5037 869 5077 ex
902 5021 1022 5098 eod.
1062 5019 1237 5098 νει-ηε.
1266 5022 1372 5098 650
1404 5023 1566 5098 Epig.

338 5091 456 5165 (27)
506 5091 1076 5169 Ἐκκλησιαᾳτιειῶν.
1110 5091 1422 5169 Notandum
1485 5095 1860 5169 ξιξκκλησιασ-

265 5163 399 5224 τικὰ
428 5163 607 5219 vocari
635 5167 722 5220 hic
750 5167 818 5217 ab
850 5164 1058 5218 Isidoro
1081 5163 1343 5234 scriptum
1369 5165 1500 5220 illud
1524 5163 1856 5234 Salomonis,

268 5239 410 5308 quod
447 5235 804 5308 Ecclesiastes
853 5234 1254 5308 alias__clicitur._
1317 5235 1394 5290 De
1441 5238 1638 5308 ordine,
1673 5247 1856 5292 autem

267 5302 479 5386 legendi
514 5317 639 5386 tre_s_
665 5302 1174 5386 Salomonisl‘ibros
1206 5304 1366 5386 plane
1400 5306 1592 5386 eadem
1630 5307 1682 5386 in
1725 5322 1854 5386 se"-

268 5374 436 5434 tentia
466 5383 552 5430 est
579 5375 620 5428 Τ
628 5377 954 5430 lteodoretus
983 5374 1107 5445 Cyri
1133 5374 1424 5444 episcopus
1452 5377 1504 5430 in
1531 5377 1856 5444 praefatione

267 5448 477 5505 Cantiei
512 5448 873 5500 canticorum.
909 5461 935 5516 fc
979 5444 1110 5516 Illud
1141 5445 1306 5500 etiam
1329 5486 1344 5510 ,
1389 5446 1584 5516 inquit,
1631 5447 1848 5516 praefari

270 5519 806 5587 necessarium‘est,
856 5515 958 5568 tria
1007 5513 1314 5587 Salomonis
1362 5513 1485 5572 esse
1526 5513 1808 5574 volumina
1840 5560 1854 5587 ,

267 5586 562 5644 Prouerbia
591 5625 607 5646 .
642 5584 1008 5640 Ecclesiasten
1034 5625 1049 5648 ,
1076 5594 1132 5638 et
1173 5584 1460 5639 Canticum
1488 5584 1855 5644 canticorum.

267 5661 345 5714 Ac
371 5657 665 5729 Proverbia
695 5656 908 5729 quidem
935 5656 1122 5708 utilem
1149 5656 1217 5710 de
1247 5658 1490 5711 moribus
1511 5658 1853 5729 disciplinam

268 5729 582 5799 complecti;
609 5726 983 5799 Ecclesiasten
1028 5735 1462 5799 aute_m__eorum
1504 5744 1623 5798 qum
1656 5726 1850 5784 sensi-

269 5801 368 5854 bus
394 5795 810 5870 percipiuntur,
860 5804 1108 5850 naturam
1151 5795 1394 5870 indicare
1418 5838 1432 5861 ,
1464 5795 1695 5870 vitaeque
1723 5816 1861 5870 pra:-

269 5864 440 5926 sentis
467 5864 663 5924 docere
694 5868 1008 5933 vanitatem,
1045 5876 1097 5921 ιιι
1123 5880 1186 5920 ea
1219 5864 1365 5921 illisa
1401 5879 1455 5924 et
1501 5864 1849 5941 [mgnum-o-

1969 5035 2317 5097 gnoscentes,
2357 5036 2618 5098 tanquam
2661 5027 2873 5096 fugacia
2910 5043 2973 5083 ac
2998 5028 3385 5096 praetereuntis
3415 5043 3580 5098 sper-

1971 5112 2170 5153 namus
2195 5137 2210 5161 ,
2238 5109 2290 5151 et
2319 5115 2442 5166 qua:
2479 5099 2662 5153 futura
2697 5108 2846 5158 sunt.
2887 5108 2946 5153 ut
2979 5099 3157 5159 iirma.
3194 5099 3577 5167 permanentia

1970 5176 2134 5238 atque
2166 5179 2373 5222 aeterna
2402 5169 2870 5239 concupiscamus
2894 5186 2908 5234 ;
2935 5167 3225 5223 Canticum
3258 5183 3387 5223 vero
3409 5172 3582 5224 canti-

1965 5252 2163 5309 coran
2191 5241 2478 5307 mysticum
2517 5237 2711 5309 Sponsi
2747 5250 2801 5293 et
2848 5237 3076 5308 Sponsae
3117 5239 3576 5309 necessitudinem

1963 5318 2018 5362 et
2047 5308 2487 5375 coniunctionem
2514 5307 2798 5365 continere
2833 5327 2847 5364 :
2881 5307 2938 5364 ut
2971 5309 3226 5364 universa
3257 5307 3579 5364 Salomonis

1963 5378 2214 5449 doctrina
2241 5379 2312 5434 ait
2340 5381 2506 5434 veluti
2536 5381 2684 5435 scala
2713 5381 2960 5448 qnmilam
2983 5421 2997 5444 ,
3023 5393 3144 5447 quae
3177 5379 3574 5449 tribusggradi-

1961 5447 2064 5503 bus
2112 5453 2349 5515 constet,
2403 5451 2617 5514 morali,
2657 5445 2893 5505 naturali
2930 5461 2985 5505 et
3033 5445 3238 5504 divino.
3278 5467 3297 5500 ι
3340 5445 3458 5502 Non
3493 5461 3581 5505 est

1972 5521 2099 5574 ltttic
2140 5521 2425 5589 qttteuiOIti
2472 5521 2740 5576 absimilis
2787 5525 3013 5576 multum
3067 5519 3154 5572 illa
3187 5521 3330 5574 inter
3360 5519 3580 5575 Stoicus

1972 5592 2174 5660 agitata
2210 5592 2462 5660 quaestio.
2513 5592 2632 5659 Quo
2686 5595 2879 5647 ordine
2937 5590 3215 5646 tractanda
3271 5591 3383 5644 sint
3435 5590 3578 5645 trina

1972 5661 2064 5716 illa
2097 5659 2452 5730 philosophia:
2484 5661 2755 5721 membra.
2791 5677 2913 5730 qua
2943 5662 3102 5731 vulgo
3136 5661 3575 5731 constitun_ntur.

1975 5727 2172 5804 logica,
2203 5727 2449 5804 pliysiq,
2475 5733 2654 5788 etltica
2675 5733 2790 5804 :de
2808 5727 2912 5803 qua
2944 5727 3064 5788 vide
3091 5731 3384 5802 Diogenem
3407 5727 3578 5786 Laer-

1974 5799 2108 5858 titim
2144 5803 2196 5857 in
2237 5799 2350 5858 Vita
2383 5799 2640 5858 Zenonis.
2680 5799 2845 5858 ιιιττῖ
