4164 6430
3806 122 3925 147 ἒὲἓν

678 343 808 412 lcet
1841 344 1899 404 s.
1945 330 2237 406 lSlDORI

2344 341 2721 405 ELUSIO’I‘1E
3805 338 3940 403 1002

672 463 785 518 dita
818 462 889 516 sit
935 459 1021 515 illa
1052 461 1253 525 anima,
1297 473 1417 530 quae
1468 457 1747 528 superiora
1777 458 1887 527 jam
1919 461 2129 517 didicit.
2164 462 2229 515 At

2366 461 2645 515 τέτακται.
2715 465 2756 512 0
2783 457 2841 513 δὲ
2885 457 2989 529 γὰρ
3017 456 3082 510 τὰ
3118 456 3283 527 ἡοικὰ
3316 455 3699 530 κατορθώσας,
3730 452 3809 524 τῷ
3842 471 3935 524 με·

674 558 779 623 que
834 554 949 605 ba‘c
1007 552 1145 605 ratio
1197 558 1282 605 est
1338 549 1569 614 ordinis,
1632 564 1801 619 quare
1855 550 1984 605 illud
2036 549 2234 621 quiden

2362 550 2737 623 μαθητεῦσθαι
2789 549 2868 619 τῷ
2917 551 3334 622 Παροιμιαστῇ,
3385 549 3479 604 καὶ
3528 546 3628 619 τὴν
3682 545 3936 617 βιωτικὴν

674 647 847 714 primo
871 645 1008 707 loco,
1036 644 1177 697 istud
1201 652 1380 698 autem
1410 641 1675 707 secundo,
1699 641 1803 698 hoc
1836 645 2066 712 denique
2096 643 2237 699 tertii

2357 643 2662 714 φαντασίαν
2687 642 3081 729 καταπατήσας
3117 641 3194 711 τῷ
3228 640 3621 711 πεφοιτηκέναι
3672 638 3828 709 παρὰ
3861 638 3937 708 τῷ

672 735 992 791 collocatum
1042 734 1113 789 sit
1151 749 1302 804 opus.
1333 730 1432 799 Qui
1470 743 1647 789 autem
1682 734 1734 787 in
1769 734 1961 789 ethicis
1990 733 2153 803 probe
2196 748 2256 787 se

670 825 875 897 gessit,
937 828 1062 877 dum
1126 822 1545 877 Proverbiorum
1620 820 1903 891 scriptoris
1959 818 2253 888 discipulus

674 920 777 971 ruit
822 929 877 973 et
912 918 1031 971 vitae
1068 924 1333 984 praecepta
1368 914 1435 969 ab
1468 913 1795 969 Ecclesiaste
1829 911 2037 978 didicit,
2085 912 2151 967 de
2189 927 2253 967 eo

672 1010 1014 1064 metuendum
1056 1023 1161 1062 non
1209 1016 1308 1070 est,
1347 1022 1417 1062 ne
1467 1007 1533 1059 ad
1583 1005 1864 1061 Canticum
1911 1004 2250 1058 canticorum

669 1103 896 1165 delatus,
942 1103 993 1155 in
1026 1099 1301 1155 carnalem
1334 1108 1388 1153 et
1425 1097 1682 1153 moralem
1721 1111 1963 1151 amorem
2000 1096 2197 1151 incidat
2234 1114 2249 1151 :

666 1195 795 1264 quin
831 1193 1008 1262 petius
1048 1193 1283 1245 futurum
1327 1202 1428 1254 est,
1475 1200 1533 1244 ut
1572 1190 1636 1243 ad
1676 1205 1871 1257 purum
1909 1202 1970 1243 ac
2008 1188 2249 1243 divinum

670 1285 817 1338 illum
851 1299 1104 1352 sponsum
1136 1283 1287 1351 quasi
1336 1280 1658 1349 quibusdam
1699 1279 1801 1341 alis
1847 1278 2123 1345 eﬂ‘eratur,
2159 1279 2248 1347 qui

667 1376 852 1429 beatos
880 1372 1192 1443 pronuntiat
1222 1386 1316 1425 eos
1338 1373 1428 1439 qui
1464 1370 1554 1424 tali
1582 1380 1707 1424 sunt
1739 1384 1923 1425 amore
1955 1369 2246 1425 vulnerati.

669 1464 857 1521 Moneo
892 1466 1073 1533 itaque
1104 1464 1498 1526 adolescentes,
1528 1470 1583 1515 et
1628 1470 1819 1517 auctor
1849 1462 1980 1531 ipsls
2010 1478 2150 1527 sum,
2184 1478 2249 1517 ne

665 1556 813 1624 prius
838 1554 1049 1608 tertium
1079 1554 1343 1621 attingant
1366 1566 1522 1619 Opus,
1549 1566 1709 1619 quam
1737 1552 1787 1604 in
1816 1551 2086 1620 prioribus
2114 1552 2247 1606 duo-

663 1647 764 1701 bus
793 1646 1054 1717 praeclare
1084 1660 1139 1699 se
1167 1644 1454 1713 gesserint.
1493 1644 1795 1698 Absurdum
1830 1644 1994 1708 enim,
2033 1644 2114 1699 vel
2154 1660 2247 1713 po-

664 1739 769 1792 tius
808 1738 969 1792 nimis
1001 1736 1346 1789 temerarium
1375 1744 1429 1788 et
1463 1732 1639 1789 audax
1671 1742 1755 1787 est
1799 1735 2094 1805 negotium,
2134 1747 2187 1791 et
2215 1752 2243 1789 a

2370 734 2769 803 Ὲκκλησιαστῇ
2804 731 2917 803 (28)
2941 772 2955 797 ,
3008 733 3107 785 οὐκ
3162 730 3229 785 ἂν
3264 732 3391 801 περὶ
3421 730 3483 784 τὸ
3526 730 3634 783 τῶν
3675 730 3937 800 ᾀσμάτων

2356 819 2545 894 *ᾼσμα
2584 822 2755 877 ἐλθὼν
2793 826 2873 887 εἰς
2906 825 3169 891 σαρκικδν
3225 824 3321 877 καὶ
3352 822 3543 892 ἠθικὸν
3601 822 3714 891 (29)
3758 820 3936 891 ἔρωτα

2354 914 2693 986 ὀλισθήσειεν
2721 930 2735 944 ·
2771 915 2909 968 ἀλλὰ
2938 917 3067 986 περὶ
3097 916 3188 968 τὸν
3215 916 3481 985 ἄχραντον
3509 915 3602 967 καὶ
3629 913 3772 966 θεῖον
3803 930 3937 965 πτε-

2359 1007 2555 1078 ρωθείη
2587 1006 2840 1077 νυμφίον,
2865 1010 2956 1059 τὸν
2986 1005 3291 1078 μακαρίους
3318 1008 3446 1068 τοὺς
3466 1004 3775 1074 τρωθέντας
3803 1007 3937 1058 ἀπο-

2354 1101 2631 1169 φαίνοντα.
2664 1100 2923 1170 Παραινῶ
2982 1095 3271 1168 τοιγαροῦν
3299 1099 3409 1160 τοῖς
3435 1098 3574 1161 νέοις
3593 1136 3607 1160 ,
3641 1095 3717 1166 μὴ
3742 1096 3937 1165 πρότε-

2356 1204 2449 1261 ρον
2479 1188 2741 1243 ἅπτεσθαι
2783 1188 2878 1241 τοῦ
2908 1189 3092 1258 τρίτου
3131 1186 3598 1258 συγγράμματος,
3648 1186 3778 1256 πρὶν
3805 1186 3838 1255 ἦ
3869 1185 3938 1238 τὰ

2352 1282 2411 1332 ἑν
2449 1282 2557 1342 τοῖς
2596 1281 2716 1332 δυσὶ
2746 1280 3172 1359 κατοροῴσειαν.
3207 1282 3441 1333 ’Δτοπον
3482 1278 3612 1350 γὰρ,
3651 1278 3851 1349 μᾶλλον
3880 1279 3935 1331 δὲ

2354 1371 2742 1441 ῥιψοκίνδυνον,
2774 1373 2866 1424 καὶ
2897 1372 3049 1441 παρὰ
3062 1372 3193 1436 τοὺς
3226 1371 3521 1442 μυστικοὺς
3544 1370 3800 1440 Θεσμοὺς.
3820 1371 3932 1432 rei;

2350 1462 2563 1525 ἀδύτοις
2591 1462 2882 1534 ὲπιπηδᾷν,
2914 1464 3041 1526 τοὺς
3080 1463 3215 1533 μηδὲ
3256 1464 3364 1518 τῶν
3394 1461 3686 1533 προθύρων
3722 1461 3928 1527 ἀξίους.

2354 1555 2565 1625 Ὥσπερ
2608 1555 2715 1623 γὰρ
2741 1557 2796 1607 ὲν
2826 1552 2902 1623 τῷ
2947 1554 3058 1623 ναῷ
3103 1554 3173 1607 τὰ
3212 1554 3309 1625 μὲν
3351 1554 3455 1621 ἔξω
3497 1554 3661 1609 πᾶσίν
3691 1558 3797 1609 εἱσι
3831 1556 3931 1625 βά-

2350 1662 2485 1714 σιμα
2511 1661 2523 1674 ο
2562 1646 2629 1698 τὰ
2656 1646 2699 1697 δ’
2725 1646 2868 1699 ἔνδον
2911 1647 3032 1716 [api
3052 1685 3065 1709 ,
3094 1649 3194 1699 ὅσα
3216 1645 3294 1717 τῷ
3324 1648 3795 1719 περισχοινίσματι
3832 1665 3929 1701 πε-

2351 1735 2632 1805 ριείληπτο
2661 1777 2673 1796 .
2720 1736 2856 1805 βατὰ
2896 1736 3025 1790 ὄντα
3052 1777 3065 1801 ,
3111 1738 3222 1798 τοῖς
3268 1737 3482 1800 πολλοῖς
3536 1738 3775 1808 ἁνιέροις
3832 1738 3929 1793 καὶ

662 1828 1142 1898 mysticislegibus
1183 1826 1482 1879 abhorrens
1512 1833 1572 1877 ut
1600 1824 1652 1877 in
1687 1824 1848 1895 adyta
1878 1825 2119 1880 insiliant
2155 1842 2237 1882 se-

2354 1826 2602 1896 βεϐήλοις
2633 1827 2808 1881 ἄϐατα
2840 1824 2927 1897 ἦν’
2956 1829 3025 1881 τὰ
3053 1828 3109 1881 δὲ
3138 1828 3283 1881 ἔνδον
3318 1828 3478 1899 ίερῶν
3514 1828 3803 1899 ἱερώτερα,
3835 1830 3929 1882 καὶ

661 1935 827 1991 seque
867 1927 1174 1991 peuetrent,
1201 1917 1292 1986 qui
1338 1932 1404 1971 ne
1434 1914 1715 1971 vestibulis
1752 1916 1968 1982 quidem
1997 1918 2101 1972 sint
2151 1919 2246 1971 ad-

661 2013 768 2068 buc
808 2012 972 2083 digni.
1005 2010 1469 2078 Quemadmodum
1511 2009 1654 2062 enim
1695 2007 1746 2060 in
1784 2008 1984 2077 templo
2011 2025 2076 2065 ea
2126 2009 2243 2079 qui-

658 2104 780 2158 dem
811 2119 930 2173 qua:
968 2102 1100 2157 foris
1138 2113 1315 2166 erant,
1352 2100 1601 2155 omnibus
1646 2101 1795 2155 adire
1836 2101 2031 2156 licebat
2072 2120 2086 2157 :
2122 2118 2244 2173 quze

657 2212 787 2251 vero
818 2198 961 2251 intus
990 2205 1145 2252 erant
1175 2210 1354 2261 sacra,
1390 2209 1511 2264 qua:
1548 2194 1667 2249 velo
1714 2197 2243 2264 comprehendeban-

657 2296 743 2341 tur
773 2288 1007 2352 obtecta,
1040 2286 1286 2353 quamvis
1317 2286 1556 2356 alioquin
1590 2286 1724 2341 adiri
1757 2295 2025 2358 poterant,
2061 2297 2240 2345 tamen

656 2393 685 2431 a
711 2377 868 2447 vulgo
889 2392 994 2431 non
1023 2386 1349 2431 censecrato
1387 2384 1442 2430 et
1472 2374 1701 2446 profano
1736 2376 1869 2429 adiri
1909 2390 2011 2430 non
2088 2383 2241 2447 pute-

656 2478 782 2524 rant
816 2484 830 2522 :
857 2484 977 2537 quae
1020 2467 1250 2537 denique
1279 2467 1465 2521 intima
1497 2474 1653 2521 erant
1674 2465 1874 2521 Sancta
1904 2477 2236 2532 sanctorum,

653 2571 709 2616 et
735 2560 1101 2618 sacratissima
1163 2575 1340 2623 saera,
1374 2560 1440 2614 ad
1473 2573 1535 2614 ea
1570 2573 1670 2614 nec
1709 2556 1813 2613 illis
1839 2557 2053 2626 quidem
2085 2566 2238 2627 pate-

652 2654 747 2708 bat
779 2652 974 2718 aditus,
1012 2650 1101 2721 qui
1138 2650 1301 2705 vitam
1348 2658 1573 2719 agerent
1616 2648 1968 2715 incuipatam,
1996 2650 2090 2703 sed
2138 2648 2237 2703 soli

652 2744 736 2799 fas
786 2750 907 2798 erat
964 2743 1174 2813 ingredi
1222 2755 1436 2796 summo
1482 2740 1777 2806 sacerdoti,
1825 2742 1915 2809 qui
1973 2740 2235 2796 nimirum

652 2836 890 2905 seipszmi
939 2842 1305 2900 consecrarat,
1348 2840 1402 2886 et
1438 2846 1654 2887 omnem
1706 2831 1985 2885 mortalem
2044 2845 2233 2901 rugam

2353 1919 2525 1987 ἁγίων
2554 1920 2722 1988 ’Δγια
2748 1961 2762 1985 ,
2791 1914 2873 1985 οἷς
2904 1919 3027 1974 οὐδὲ
3064 1923 3178 1984 τοῖς
3219 1920 3310 1973 τὸν
3342 1920 3706 1992 ἀνεπίληπτον
3747 1921 3929 1991 ἔχουσι

2354 2010 2467 2081 βίον
2505 2012 2763 2081 ἐπιϐῆναι
2792 2006 2859 2082 ἦν
2889 2011 3064 2083 Θέμις,
3098 2010 3234 2066 ἀλλὰ
3257 2012 3335 2083 τῷ
3367 2013 3614 2083 ἀρχιερεῖ
3654 2013 3819 2084 μόνῳ,
3851 2012 3929 2083 τῷ

2351 2103 2544 2157 ἑαυτὸν
2599 2104 2841 2173 δηλονότι
2897 2104 3285 2175 ἀφιερώσαντι,
3336 2106 3430 2159 καὶ
3481 2106 3666 2159 πᾶσαν
3727 2104 3929 2177 Θνητὴν

2351 2195 2769 2265 ἀποσεισαμένῳ
2801 2196 2994 2264 κηλῖδα
3018 2212 3032 2226 ·
3068 2195 3209 2249 οὕτω
3242 2196 3382 2249 κάπὶ
3411 2195 3523 2250 τῶν
3554 2196 3776 2266 βιϐλίων
3804 2198 3930 2251 τού-

2348 2301 2455 2338 των
2487 2285 2797 2340 διακεῖσθαι
2822 2286 2952 2351 τοὺς
2981 2286 3137 2349 νέους
3180 2285 3309 2358 χρὴ,
3347 2287 3565 2357 πρῶτον
3597 2288 3697 2360 μὲν
3718 2292 3784 2361 τῇ
3819 2290 3929 2344 τῶν

2348 2376 2495 2447 ἡϐῶν
2532 2377 2946 2449 λαμπρύνεσθαι
2993 2380 3195 2450 ἀρετῇ’
3249 2378 3441 2434 ἔπειτα
3496 2382 3928 2449 καταγινώσκειν

2347 2468 2444 2537 τῆς
2475 2467 2583 2521 τῶν
2610 2467 2877 2538 βιωτικῶν
2907 2470 3247 2539 πραγμάτων
3276 2470 3550 2535 οὐδενείας
3572 2490 3586 2503 ·
3619 2472 3716 2526 καὶ
3748 2472 3926 2537 οὕτως

2348 2558 2589 2630 ἅψασθαι
2618 2561 2728 2614 τῶν
2760 2565 2873 2626 τοῖς
2932 2564 3149 2627 πολλοῖς
3198 2564 3526 2633 ἁνεφίκτων.
3575 2567 3636 2618 Οί
3668 2564 3775 2639 γὰρ
3820 2566 3927 2632 ἔξω

2348 2651 2821 2721 περιρραντηρίων
2857 2648 2997 2705 εἶναι
3031 2653 3339 2720 ὀφείλοντες
3360 2695 3375 2718 ,
3408 2654 3457 2707 εί
3487 2654 3922 2727 φιλονεικήσειαν

2350 2740 2425 2812 μὴ
2457 2743 2795 2813 μεμυημένοι
2819 2747 2886 2815 τῇ
2910 2745 3031 2815 οειᾳ
3062 2743 3273 2815 τελετῇ,
3308 2744 3697 2816 ῥιψοκινδύνως
3720 2750 3925 2804 ἐπικω-

2350 2834 2540 2903 μᾶσαι,
2576 2834 2732 2904 δίκην
2762 2834 2992 2888 δώσουσι
3024 2835 3120 2907 τὴν
3148 2836 3404 2909 ἐσχάτην.

651 2932 976 2999 deposuerat
1000 2945 1014 2981 :
1038 2929 1115 2983 sic
1150 2930 1316 2984 etiam
1364 2942 1493 2999 erga
1528 2928 1691 2983 hosce
1724 2927 2029 2984 Salomonis
2068 2928 2236 2984 libros
2274 2927 2449 2985 aﬂ'ecti
2478 2946 2596 2985 esse
2620 2932 2814 2985 debent
2876 2934 3288 2990 adolescentes:
3326 2943 3381 2989 et
3407 2936 3641 3006 primum
3702 2938 3918 3008 quidem

648 3025 891 3078 omnium
936 3022 1221 3092 splendere
1262 3038 1474 3078 morum
1504 3024 1724 3091 virtute,
1761 3025 1955 3080 deinde
2019 3040 2149 3082 vero
2183 3040 2365 3081 rerum
2420 3026 2489 3081 ad
2535 3030 2674 3082 hanc
2742 3028 2905 3081 vitam
2987 3030 3373 3098 pertinentium
3422 3031 3718 3089 nullitatem
3760 3043 3921 3104 atque

651 3115 967 3170 inanitatem
993 3114 1393 3170 condemnare:
1416 3125 1471 3171 et
1499 3115 1579 3172 sic
1604 3117 1823 3173 demum
1846 3134 1908 3173 ea
1939 3121 2227 3190 attingere,
2272 3134 2393 3189 quae
2424 3120 2611 3191 vulgus
2654 3120 2932 3176 hominum
3000 3123 3215 3192 assequi
3244 3124 3446 3194 nequit.
3476 3123 3610 3179 Nam
3678 3127 3771 3197 qui
3799 3143 3916 3184 eum

650 3221 806 3265 extra
842 3219 991 3279 septa
1031 3225 1155 3267 esse
1200 3210 1453 3279 debeant,
1485 3212 1528 3268 si
1564 3214 1852 3270 temerario
1890 3229 2025 3271 ausu
2067 3215 2120 3272 in
2149 3230 2308 3272 saera
2372 3216 2553 3273 divina
2590 3231 2696 3272 non
2766 3216 2964 3272 initiati
3033 3218 3243 3273 irruere
3307 3220 3771 3290 praesumpserint,
3804 3236 3917 3292 pte-

654 3321 755 3359 nas
786 3305 986 3360 dabunt
1015 3316 1311 3362 extremas.

1181 3416 1317 3471 XLI.
1352 3448 1418 3460 —
1446 3418 1698 3477 PETllO.

727 3499 792 3555 In
820 3502 973 3569 illud,
1014 3522 1035 3556 ι
1079 3503 1201 3579 Non
1245 3523 1360 3561 esse
1386 3508 1763 3579 eleemosynam
1792 3527 1971 3566 coram
2001 3512 2165 3567 Itami-

1103 3578 1252 3631 m’bus
1286 3578 1631 3634 exercendam
1658 3583 1700 3634 ’.
1742 3599 1761 3632 ι

723 3703 890 3758 Miror
914 3707 1159 3774 equidem
1192 3718 1543 3786 tuam,_quam
1577 3715 1761 3778 debes,
1792 3715 2228 3786 imprudentiam.

653 3795 837 3867 Neque
861 3799 1004 3853 enim
1048 3814 1113 3854 eo
1152 3810 1203 3854 te
1244 3780 1531 3859 denienm:
1575 3805 1882 3876 prolapsuin
1926 3824 2045 3863 esse
2080 3810 2230 3864 arbi-

655 3899 770 3943 tror
801 3900 854 3943 ut
886 3890 1186 3957 existimes,
1220 3905 1312 3947 eos
1342 3894 1431 3963 qui
1464 3894 1851 3951 misericordiae
1884 3913 2043 3969 Opera
2076 3914 2232 3955 exer-

650 3992 792 4047 cent,
812 3983 904 4037 sed
920 3998 981 4039 ea
996 3993 1291 4051 ostentant,
1320 3985 1615 4043 deteriores
1629 4002 1748 4045 esse
1768 3990 2000 4060 illis,qui
2025 4006 2085 4045 ea
2110 3992 2228 4063 pla-

654 4086 719 4125 ne
740 4087 842 4125 non
871 4084 1142 4127 exercent.
1170 4073 1281 4142 Ego
1310 4091 1458 4141 vero,
1489 4079 1614 4147 quid
1653 4080 1755 4134 hac
1788 4083 1854 4136 tle
1884 4098 1941 4137 re
1974 4084 2227 4152 sentiam,

649 4176 936 4231 exponam.
965 4163 1130 4237 434
1159 4165 1249 4221 Ille
1279 4168 1495 4237 preprie
1523 4171 1755 4226 maxime
1777 4187 1879 4242 que
1904 4184 1987 4229 est
2021 4177 2231 4232 miseri-

648 4268 792 4318 cors,
823 4255 912 4323 qui
945 4257 1353 4311 beneﬁcentiam
1381 4260 1599 4328 quidem
1624 4271 1875 4330 exercet;
1907 4280 2010 4319 non
2047 4276 2226 4323 tamen

648 4344 885 4414 divulgat
922 4360 1107 4399 eorum
1138 4348 1333 4415 quibus
1364 4348 1564 4404 beneﬁt
1590 4351 1929 4409 calamitates
1970 4370 2035 4409 ac
2061 4359 2228 4413 misc-

651 4439 776 4491 rias.
810 4437 865 4490 Si
895 4439 1015 4506 quis
1043 4438 1093 4493 id
1125 4438 1287 4493 laciat
1346 4440 1517 4511 ipsius
1557 4442 1769 4499 honesti
1804 4459 1987 4514 causa,
2026 4448 2074 4503 is
2107 4465 2226 4505 ma-

648 4528 820 4595 jorem
868 4530 1087 4583 habebit
1142 4533 1467 4598 mercedem,
1520 4550 1604 4600 eo,
1648 4538 1740 4605 qui
1788 4539 2053 4594 mercedis
2100 4556 2228 4611 ergo

654 4620 791 4671 idem
837 4620 1007 4683 facit;
1052 4622 1095 4673 si
1138 4637 1263 4675 vero
1304 4623 1371 4675 ob
1414 4626 1716 4679 mercedem
1757 4627 1989 4681 divinam
2024 4669 2037 4693 ,
2096 4630 2139 4683 is
2178 4632 2226 4683 iu

651 4713 882 4764 secunda
920 4712 1093 4766 classe
1150 4713 1520 4768 collocabitur.
1572 4715 1625 4770 Si
1664 4717 1785 4785 quis
1834 4730 2013 4774 autem
2055 4722 2227 4777 laudis

2856 3423 2991 3481 MA'.
3035 3456 3095 3465 —
3137 3426 3389 3499 nemo.

2336 3518 2442 3582 Εὶς
2469 3517 2699 3586 τόοσΜὴ
2740 3518 2933 3594 ποιεῖς
2967 3519 3542 3594 τὴνᾲέλεημοσὺνηι·
3572 3524 3910 3594 ἔμπροσθεν

2847 3588 2966 3642 τῶν
2998 3588 3342 3659 ἀνθρώπων.
3384 3611 3404 3644 ι

2405 3723 2684 3794 Θαυμάζω
2718 3741 2810 3776 σου
2860 3723 2957 3794 τὴν
2996 3725 3486 3797 κεχρεωστημένην
3524 3727 3636 3800 (50)
3672 3729 3910 3803 ἀφροσὺ-

2334 3830 2454 3884 νην.
2486 3816 2560 3867 Οὐ
2592 3815 2700 3887 γὰρ
2726 3810 2879 3885 οἶμαί
2910 3833 2967 3868 σε
3001 3819 3081 3880 είς
3122 3818 3393 3889 τοσαύτην
3432 3821 3617 3875 ἄνοιαν
3648 3822 3906 3893 ἐληλακέ-

2333 3922 2443 3970 ναι,
2474 3906 2550 3969 ὼς
2600 3907 2837 3976 νομίσαι,
2884 3908 3008 3970 τοὺς
3035 3908 3319 3973 ἐλεοῦντας
3350 3911 3471 3981 μὲν,
3525 3912 3903 3985 ἐπιδεικνυμέ-

2334 4015 2455 4063 νους
2486 3998 2564 4065 δὲ,
2601 3999 2709 4051 τῶν
2764 4000 2839 4071 μὴ
2892 3999 3185 4054 ἐλεούντων
3218 4002 3434 4075 χείρους
3475 3999 3634 4060 εἷναι.
3684 4005 3824 4076 Ἐγὼ
3850 4006 3905 4060 δὲ

2331 4089 2407 4153 ὡς
2435 4088 2543 4160 ἔχω
2577 4088 2801 4161 γνώμης
2836 4092 2964 4161 περὶ
3004 4090 3212 4145 τούτων
3259 4094 3455 4163 φράσω
3481 4110 3493 4122 ·
3529 4096 3613 4148 ὅτι
3660 4096 3903 4169 ἐλεήμων

2336 4178 2435 4248 μέν
2459 4180 2574 4231 ἐστι
2619 4178 2823 4247 κυρίως
2872 4181 3099 4245 ἐκεῖνος,
3131 4183 3159 4235 ὁ
3186 4183 3488 4253 εὐεργετῶν
3520 4184 3620 4256 μὲν
3644 4228 3659 4253 ,
3707 4187 3781 4258 μὴ
3812 4189 3905 4241 ὲκ-

2334 4266 2631 4338 πομπεύων
2660 4268 2715 4321 δὲ
2769 4269 2861 4329 τὰς
2894 4268 3001 4324 τῶν
3037 4266 3095 4321 εὖ
3132 4272 3451 4341 πασχόντων
3488 4275 3793 4347 συμφοράς.
3837 4278 3897 4329 Et

2335 4358 2435 4429 μὲν
2465 4358 2575 4429 γὰρ
2606 4359 2677 4412 δι’
2706 4360 2837 4412 αὐτὸ
2865 4361 2925 4413 τὸ
2954 4361 3117 4414 καλόν
3158 4379 3240 4426 τις
3270 4363 3516 4435 πράξειε,
3553 4364 3775 4435 μείζονα
3792 4368 3901 4439 ἔχει

2329 4450 2421 4503 τὸν
2458 4448 2647 4517 μισθὸν
2708 4449 2802 4502 τοῦ
2848 4451 2937 4503 διὰ
2996 4450 3187 4521 μισθὸν
3233 4452 3362 4507 αὐτὸ
3398 4456 3712 4519 ποιοῦντοςο
3764 4460 3811 4511 εί
3847 4457 3901 4511 δὲ

2330 4539 2418 4591 διὰ
2456 4539 2647 4608 μισθὸν
2673 4538 2836 4602 θεῖον,
2877 4541 2933 4594 ὲν
2963 4540 3195 4612 δευτέρα
3235 4541 3383 4608 τάξει
3420 4544 3699 4610 τετάξεται
3729 4562 3741 4576 ·
3771 4548 3819 4599 εί
3846 4546 3899 4599 δὲ

2330 4626 2399 4678 δι’
2425 4627 2645 4681 ἔπαινον
2680 4632 2842 4694 ποιεῖ,
2872 4629 2983 4694 ἕξει
3023 4628 3181 4681 τοῦτο
3207 4630 3273 4683 δι’
3304 4631 3331 4684 ὃ
3362 4631 3455 4684 καὶ
3489 4634 3804 4703 πεποίηκεν.
3846 4634 3901 4687 ’0

2332 4715 2390 4769 δὲ
2425 4718 2560 4787 μήτε
2610 4717 2676 4770 δι’
2707 4719 2837 4771 αὐτὸ
2869 4720 2929 4771 τὸ
2961 4720 3145 4789 καλὸν,
3182 4725 3319 4791 μήτε
3350 4723 3439 4776 διὰ
3493 4725 3583 4778 τὸν
3624 4725 3766 4778 οείον
3810 4743 3897 4793 μι-

650 4802 790 4868 apud
837 4804 1077 4857 homines
1109 4806 1496 4872 consequentia:
1532 4808 1702 4874 gratia
1744 4808 1796 4862 id
1835 4807 1984 4875 facit,
2026 4811 2073 4867 is
2118 4813 2218 4869 hoc

2344 4808 2456 4862 τοὺν
2479 4852 2493 4876 ,
2529 4812 2663 4881 μήτε
2692 4809 2758 4864 δι’
2809 4811 3146 4883 ἀνθρώπινον
3196 4815 3414 4870 ἔπαινον
3461 4818 3629 4871 ποιῶν
3670 4818 3729 4871 τὸ
3758 4818 3893 4881 δέον,

650 4893 848 4960 ipsum,
881 4893 1031 4961 cujus
1065 4896 1232 4965 gratia
1275 4895 1531 4961 faciebat,
1561 4896 1800 4953 habebit.
1828 4900 1897 4955 At
1928 4903 2016 4971 qui
2048 4918 2223 4973 neque

653 4984 820 5051 ipsius
876 4986 1177 5040 honestatis
1241 5000 1427 5052 causa,
1488 5004 1662 5057 neque
1716 5000 1933 5061 propter
1983 4992 2221 5049 divinam

2326 4901 2444 4953 οὐδὲ
2485 4900 2769 4971 ἄνθρωπος
2796 4897 2936 4955 εἶναί
2986 4921 3079 4974 μοι
3106 4905 3253 4959 δοκεῖ
3277 4947 3291 4972 ,
3339 4908 3452 4961 ἀλλ’
3482 4909 3758 4980 ἁλιτήριος
3783 4909 3895 4963 δαί-

2328 5012 2464 5065 μων.
2512 4997 2589 5048 Δι’
2628 4995 2695 5067 ἢν
2736 4998 2915 5051 τοίνυν
2967 4997 3146 5053 αἰτίαν
3177 5000 3240 5053 σὺ
3286 5001 3391 5055 τῶν
3430 5002 3589 5055 θείων
3639 5002 3895 5073 χρησμῶν

652 5075 971 5139 mercedem,
1017 5088 1187 5143 neque
1239 5085 1455 5145 propter
1506 5079 1791 5132 humanam
1839 5078 2049 5135 laudem
2095 5081 2222 5137 facit

2344 5086 2584 5152 ὶκούσας,
2656 5088 3186 5160 παρακελευομινων
3240 5092 3315 5164 μὴ
3346 5096 3519 5147 ποιεῖν
3550 5095 3649 5165 τὴν
3677 5095 3893 5165 ἐλεημο-

649 5162 881 5219 oilicium
924 5183 937 5218 :
975 5165 1021 5221 is
1062 5166 1189 5220 mihi
1241 5182 1306 5221 ne
1351 5168 1512 5224 homo
1556 5170 1771 5239 quidem
1820 5184 1940 5227 esse
1977 5173 2209 5240 videtur,

718 5320 738 5350 '
768 5317 952 5373 Matth.
979 5335 1051 5385 VI,
1086 5321 1142 5383 5,
1183 5322 1236 5375 4.

2324 5179 2488 5247 σύνην
2522 5179 2831 5251 ἔμπροσθεν
2874 5182 2984 5236 τῶν
3015 5182 3337 5253 ἀνθρώπιον,
3371 5187 3431 5240 οὐ
3479 5187 3567 5242 διὰ
3597 5188 3893 5257 φιλοδοξίαν

1737 5440 1966 5497 νΑιιιιιΕ
2008 5443 2395 5505 LECTIONES
2436 5449 2524 5506 ΕΤ
2565 5450 2796 5508 NOT/E.

712 5590 830 5673 (281
861 5592 1001 5673 Haec,
1029 5595 1120 5673 καὶ
1146 5594 1535 5673 τὴνιβιωτιιιήν
1681 5600 1832 5673 παρὰ
1856 5598 1932 5671 τῷ
1978 5600 2210 5673 Ἐκκλη-

647 5666 858 5729 macer],
891 5666 1169 5719 omittebat
1201 5667 1287 5719 ed.
1346 5667 1515 5720 l’aris.
1557 5666 1930 5727 Restiti—untur
1964 5688 1993 5727 e
2022 5666 2209 5730 codice

651 5730 899 5785 Vaticano
929 5750 1011 5802 ap.
1038 5732 1311 5790 Possinum
1374 5736 1528 5789 Emr.

2394 5609 2505 5685 (gs)
2540 5610 2655 5685 fro
2691 5609 2884 5685 ἠθικόν
2925 5613 3063 5668 idem
3091 5616 3216 5669 cod.
3256 5614 3609 5685 ιεειιῡλικάν.
3642 5613 3850 5671 Possm.

2389 5680 2501 5760 φρ)
2530 5680 2693 5760 _Vers.
2732 5682 2754 5735 i
2802 5698 2887 5752 ep.
2922 5700 3017 5760 pro
3053 5680 3548 5760 κεχρεωσξημένην
3591 5686 3709 5742 cod.
3770 5686 3886 5742 Vat.

2316 5750 2420 5803 630
2456 5751 2617 5807 habet
2647 5750 3053 5825 κεχρωσμένην.
3082 5750 3287 5812 Ρόὲδιῑι.
