4164 6468
281 422 423 485 1093
1174 415 1716 479 EPISTOLARUM
1751 415 1900 474 LIB.
1946 415 2043 478 IV.
2082 438 2152 450 --
2191 415 2432 476 EPIST.
2459 417 2681 478 XLIII.
3453 413 3594 482 10M

279 528 614 601 ἀντχόμενός
648 547 701 582 τι
750 530 926 584 ποιεῖν
967 529 1228 602 χρηστὸν,
1252 527 1392 588 ⁸τοὺς
1433 523 1524 577 ὃιά
1569 523 1867 593 φιλοτιμίαι

1982 521 2087 579 εει]
2137 523 2478 593 perniciosus
2519 523 2740 592 quidam
2784 531 2839 578 et
2880 523 3075 580 noxius
3125 522 3361 579 dmmon.
3407 523 3592 591 Quare

281 622 573 684 ποιοῦντας
604 622 787 691 αίτιᾷς
820 615 977 690 ὐσῳ
995 620 1105 690 γὰρ
1140 618 1407 688 κρείττων
1455 617 1483 667 6
1514 616 1604 670 διὰ
1637 615 1736 686 τὴν
1764 612 1867 668 τῶν

1990 616 2175 686 igitur,
2212 618 2402 686 tu,qui
2441 617 2622 672 divina
2647 618 2866 673 oracula
2900 618 3181 682 audivisti,
3235 619 3590 674 admonentis

278 712 586 782 ἀνθρώπων
628 711 786 778 δόξαν
829 717 1188 784 σωφροσύνην
1236 709 1442 774 ἀσκῶν,
1475 708 1572 762 τοῦ
1611 707 1747 779 μηδὲ
1785 705 1867 760 διὰ

1985 723 2054 764 ne
2086 707 2351 764 faciamus
2390 708 2794 781 eleemosynam
2839 724 3026 766 coram
3073 709 3405 776 hominibus,
3459 725 3589 765 cum

278 805 490 874 ταύτην
521 803 929 875 σωφρονοῦντος
950 820 964 834 ·
1010 802 1268 858 τοσοῦτον
1300 803 1329 855 6
1361 800 1448 854 διὰ
1479 800 1784 870 φιλοδοξίαν
1813 793 1867 852 εὖ

1988 797 2104 868 ipse
2149 811 2219 852 ne
2270 798 2488 868 quidem
2541 799 2728 869 gloriae
2776 801 3071 870 cupiditate
3103 801 3367 855 adductus
3419 801 3585 870 quid-

282 901 478 967 ποιῶν,
525 899 618 956 τοῦ
665 901 915 971 μηδόλως
956 893 1016 953 εὖ
1055 897 1337 960 ποιοῦντος
1371 895 1632 966 ἀμείνων.
1693 894 1753 947 '0
1786 893 1867 964 μὲι

1989 906 2152 964 quam
2198 892 2326 946 boni
2375 891 2555 947 facere
2591 892 2888 957 sustineas,
2920 907 3014 947 eos
3061 894 3151 961 qui
3197 907 3292 961 per
3332 893 3590 947 ambitio-

283 992 394 1062 γὰρ
428 994 551 1057 τοὺς
597 989 954 1063 ἀνθρώπους,
990 989 1020 1041 6
1071 989 1129 1043 δέ
1183 987 1310 1041 οὔτε
1365 989 1496 1051 τοὺς
1556 984 1867 1056 ἀνθρώπους

1990 998 2117 1037 nem
2153 981 2364 1051 aliquid
2391 981 2602 1037 faciunt
2632 983 3029 1052 reprehemlis?
3062 982 3276 1050 Quanto
3301 984 3448 1038 enim
3475 998 3588 1039 me-

280 1083 405 1137 οὐδὲ
437 1084 526 1135 τὸν
557 1082 690 1136 Θεὸν
720 1082 947 1152 ᾐδέσθη.
1236 1103 1238 1105 ’

1992 1072 2097 1128 lior
2125 1081 2208 1128 est
2235 1074 2278 1128 is
2316 1075 2408 1144 qui
2446 1083 2668 1145 propter
2687 1075 2966 1133 hominum
3003 1076 3229 1145 gloriam
3257 1076 3389 1130 colit
3416 1075 3586 1133 casti-

283 1189 452 1233 tatem
483 1188 538 1234 et
567 1179 1004 1246 temperantiam,
1043 1189 1132 1239 eo,
1172 1180 1269 1244 qui
1301 1188 1370 1227 ne
1399 1172 1617 1242 quidem
1663 1179 1884 1242 propter
1921 1168 2065 1224 hanc
2093 1177 2410 1240 temperans
2480 1179 2536 1226 et
2579 1182 2764 1227 castus
2793 1180 2877 1227 est
2919 1191 2934 1227 :
3007 1182 3159 1227 tanto
3195 1174 3362 1228 etiam
3414 1172 3461 1228 is
3493 1173 3586 1243 qui

283 1274 415 1330 facit
469 1274 868 1343 eleemosynam
933 1268 1120 1340 gloriae
1189 1267 1588 1338 consequentiae
1661 1267 1874 1332 studio,
1919 1265 2095 1320 altero
2166 1265 2258 1336 qui
2326 1266 2488 1335 plane
2533 1279 2637 1320 non
2671 1264 2830 1333 facit,
2871 1256 3066 1322 melior
3104 1276 3209 1322 est.
3243 1266 3394 1320 Alter
3435 1266 3583 1322 enim

283 1365 533 1420 homines
563 1363 788 1428 saltem;
830 1361 968 1415 alter
1008 1374 1138 1414 vero
1178 1372 1356 1428 neque
1401 1357 1672 1423 homines,
1716 1370 1891 1426 neque
1931 1357 2099 1420 Deum
2127 1369 2209 1413 εει
2239 1358 2528 1413 reveritus.

803 1477 942 1531 MB'.
975 1507 1042 1517 —
1073 1477 1341 1547 ΜΑΡΚῼ.

277 1571 386 1625 Διὰ
410 1572 468 1624 τί
497 1569 603 1624 τὸν
625 1569 902 1640 μέθυσον
936 1568 1034 1640 καί
1073 1571 1181 1623 τὸν
1221 1568 1486 1636 λοίδορον
1512 1570 1546 1622 ὁ
1586 1566 1876 1640 Ἀπόστο-

349 1645 460 1706 λος
509 1638 655 1709 μετὰ
688 1640 812 1695 τῶν
843 1638 915 1696 τὰ
959 1639 1216 1709 μέγιστα
1263 1640 1696 1708 ἡμαρτηκότων
1735 1639 1871 1694 ἔτει⁸

353 1711 481 1775 ξεν.

2504 1475 2664 1532 XLII.
2698 1509 2768 1522 —
2795 1475 3059 1532 MARCO.

1985 1567 2165 1635 Quare
2205 1567 2474 1623 ebriosum
2519 1581 2566 1624 et
2617 1571 2935 1624 maledicum
2978 1569 3260 1638 Apostolus
3295 1547 3434 1624 inter
3471 1585 3581 1636 eos,

2049 1641 2141 1710 qui
2177 1644 2412 1694 maxima
2443 1643 2819 1696 commiserunt
2858 1652 3094 1710 peccata,
3134 1642 3407 1696 collocarit
3437 1641 3477 1692 ³.

350 1822 667 1892 Θαυμάζειν
695 1825 854 1895 ἔφης,
908 1823 1025 1886 πῶς
1058 1823 1150 1876 τὸν
1185 1822 1420 1893 μέθυσον
1450 1823 1545 1875 καὶ
1581 1821 1675 1875 τὸν
1703 1819 1867 1873 λοίδο-

2054 1822 2242 1880 Mirari
2268 1834 2321 1881 te
2341 1825 2587 1893 dicebas,
2611 1841 2718 1897 qua
2746 1825 2960 1881 ratione
2989 1826 3282 1896 Apostolus
3305 1825 3582 1882 ebriosum

279 1934 372 1988 ρον
403 1917 431 1969 6
468 1917 794 1979 Ἀπόστολος
834 1915 976 1988 μετά
1002 1915 1110 1971 τῶν
1151 1916 1357 1986 μοιχῶν
1389 1915 1617 1969 καὶτῶν
1643 1915 1876 1983 ἡταιρη-

274 2010 454 2062 κότων
496 2008 676 2073 ἔταξε.
733 2009 881 2079 Φημὶ
916 2009 1118 2073 τοίνυν,
1160 2009 1241 2063 ὅτι
1293 2011 1342 2062 εἰ
1400 2008 1501 2079 μὲν
1546 2008 1647 2077 τὴν
1701 2006 1876 2076 αὐτὴν

272 2101 508 2163 ἐκείνοις
557 2100 760 2170 ἔφησεν
813 2102 1012 2165 αὐτοὺς
1043 2101 1238 2156 δώσειν
1280 2101 1460 2173 δίκην,
1507 2100 1662 2154 λύσιν
1706 2098 1874 2169 ἐχρῆν

271 2192 578 2264 ἐπιζητεῖν.
608 2194 672 2246 Ei
714 2192 772 2246 δὲ
805 2193 905 2263 τῆς
958 2193 1238 2263 βασιλείας
1284 2193 1488 2263 ὁμοίως
1523 2192 1752 2256 ἐκείνοις
1780 2192 1876 2244 ἐκ·

273 2282 564 2336 πεσεῖσθαι
611 2283 738 2356 ἔφη,
775 2282 843 2336 δι’
891 2285 959 2353 ἢν
992 2285 1172 2338 αίτίαν
1204 2282 1438 2354 αἴνιγμά
1485 2299 1570 2337 σοι
1618 2283 1767 2337 δοκεῖ
1814 2283 1876 2337 τὸ

272 2375 478 2446 ρηθένς
521 2375 685 2429 ’Ἄλλο
717 2374 826 2448 γάρ
859 2376 921 2430 τὸ
950 2377 1160 2442 εἰπεῖν,
1201 2377 1285 2430 ὅτι
1334 2377 1439 2445 ἔξω
1478 2377 1665 2447 πάσης
1706 2376 1873 2446 τιμῆς

275 2484 332 2522 τε
370 2469 466 2521 καὶ
503 2467 662 2538 δόξης
710 2468 1028 2534 κείσονται,
1061 2471 1158 2523 καὶ
1205 2468 1356 2535 ἄλλο,
1392 2470 1453 2524 τὸ
1503 2469 1713 2540 φάναι*
1758 2469 1872 2540 Τὴν

270 2558 444 2630 αὐτὴν
476 2558 704 2612 δώσουσι
753 2558 942 2629 δίκην..
965 2560 1041 2612 Οὐ
1075 2562 1185 2631 γὰρ
1232 2556 1388 2618 εἶπεν
1409 2577 1422 2590 ·
1469 2560 1581 2631 Τὴν
1613 2559 1738 2632 ἴσην
1770 2558 1875 2613 δώ-

272 2667 428 2703 σουσι
458 2651 632 2721 δίκην,
665 2651 694 2703 ὅ
728 2651 792 2704 σὺ
827 2651 958 2714 ἴσως
993 2651 1067 2723 μὴ
1099 2652 1298 2723 νοήσας
1328 2653 1388 2705 τὸ
1420 2652 1585 2724 ῥηθὲν
1611 2651 1873 2723 ἐνόμισας

268 2738 566 2812 εἰρῆσθαι,
607 2740 778 2806 ἀλλὰ,
821 2759 839 2791 ι
899 2729 1188 2795 Βασιλείαν
1223 2742 1358 2797 Θεοῦ
1407 2744 1468 2795 οὐ
1517 2744 1867 2816 κληρονομή-

270 2848 446 2886 σουσι.
491 2852 508 2884 ι
542 2833 653 2903 Τῆς
681 2834 778 2903 μὲν
813 2834 921 2904 γὰρ
948 2835 1130 2905 δόξης,
1163 2835 1321 2906 φησὶν
1343 2836 1506 2890 παντὶ
1536 2836 1724 2906 τρόπῳ
1763 2836 1876 2923 ἐξα(

269 2926 551 2978 κείσονται
579 2941 593 2954 ο
625 2926 763 2996 πρὸς
791 2925 849 2979 δὲ
882 2927 980 2997 τὴν
1025 2927 1299 2998 ποσότητα
1333 2929 1428 2980 καὶ
1457 2929 1554 2998 τὴν
1604 2929 1871 3000 ποιότητα

203 3008 206 3011 ’
269 3019 369 3072 καὶ
393 3007 734 3088 πηλικότητα
763 3018 876 3088 (3|)
902 3019 1013 3071 τῶν
1040 3019 1461 3092 ἁμαρτημάτων
1489 3019 1867 3092 κριθήσονται.

271 3107 456 3175 Πολλὴ
493 3107 601 3178 γὰρ
636 3109 732 3160 τοῦ
768 3108 916 3162 θείου
944 3109 1302 3180 δικαστηρίου
1342 3112 1375 3182 ἡ
1407 3110 1686 3181 ἀκρίϐεια.

1979 1925 2033 1972 et
2075 1919 2492 1974 maledicumin
2537 1920 2728 1974 eodem
2761 1919 2916 1989 quasi
2947 1933 3117 1974 censu
3152 1934 3272 1973 cum
3316 1918 3583 1975 adulteris

1982 2017 2037 2064 et
2071 2010 2470 2066 scortatoribus
2496 2010 2799 2072 collocarit.
2831 2011 2933 2065 Aio
2970 2010 3152 2080 itaque
3188 2028 3200 2064 :
3240 2011 3295 2066 Si
3332 2011 3580 2066 eamdem

1979 2116 2100 2156 cum
2133 2101 2216 2157 his
2244 2117 2458 2172 pmnam
2486 2102 2765 2160 subituros
2796 2117 2892 2158 eos
2917 2103 3162 2168 dixisset,
3194 2113 3302 2157 tum
3334 2117 3464 2159 vero
3486 2115 3579 2158 so-

1979 2193 2236 2249 lutionem
2281 2195 2479 2266 (hujus
2518 2191 2912 2266 dubitationis)
2957 2194 3238 2265 inquirere
3278 2204 3577 2265 oporteret.

1977 2287 2110 2343 Cum
2150 2297 2332 2344 autem
2374 2303 2471 2344 eos
2515 2302 2669 2358 aeque
2710 2297 2876 2357 atque
2915 2287 3049 2342 istos
3093 2303 3261 2357 regno
3303 2287 3578 2358 (caelesti)

1976 2377 2299 2438 frustratum
2324 2379 2390 2434 iri
2420 2379 2620 2435 dixerit
2654 2396 2668 2433 :
2702 2379 2830 2449 quid
2869 2393 3052 2434 causa:
3085 2387 3189 2445 est,
3228 2395 3325 2434 cur
3353 2379 3405 2434 id
3433 2381 3577 2450 quod

1976 2468 2183 2529 dictum
2223 2477 2328 2534 est,
2369 2469 2668 2525 obscurum
2703 2467 2797 2521 tibi
2841 2465 3018 2542 instar
3046 2465 3353 2536 aenigmatis
3389 2465 3578 2520 videa—

1978 2559 2290 2616 turYAliud
2334 2562 2480 2614 enim
2514 2568 2632 2625 est,
2674 2559 2878 2623 dicere,
2916 2569 3074 2615 extra
3121 2572 3345 2612 omnem
3397 2557 3577 2612 hono-

1976 2669 2090 2710 rem
2129 2662 2184 2709 et
2218 2652 2445 2722 gloriam
2495 2666 2592 2706 eos
2636 2651 2760 2706 fore
2797 2649 3126 2705 constitutos
3158 2690 3173 2717 ,
3222 2658 3276 2704 et
3315 2648 3460 2703 aliud
3492 2649 3579 2704 di-

1972 2761 2124 2816 cere,
2158 2746 2274 2817 pari
2310 2744 2578 2816 supplicio
2610 2742 2870 2798 affectum
2913 2743 3004 2797 iri.
3036 2741 3154 2797 Non
3192 2741 3336 2798 enlm
3389 2741 3527 2798 dixit
3559 2757 3574 2795 :

1973 2838 2143 2894 Pares
2186 2839 2392 2898 dabunt
2425 2851 2615 2906 pinnas
2659 2834 2840 2907 (quod
2885 2842 2940 2888 tu
2985 2831 3238 2890 fortassis
3282 2847 3388 2887 non
3426 2832 3581 2888 intel-

1973 2932 2114 2987 lecto
2183 2928 2445 3000 Paulino)
2499 2927 2647 2983 dicto
2711 2927 2916 2998 putasti
2995 2926 3201 2981 dictum
3256 2938 3400 2990 esse,
3453 2925 3574 2989 sed,

1980 3041 2000 3075 ι
2047 3036 2273 3093 regnum
2320 3019 2419 3075 Dei
2478 3035 2586 3075 non
2617 3019 2996 3091 possidebunt.
3029 3035 3048 3070 ι
3091 3016 3225 3071 Nam
3275 3025 3430 3072 extra
3463 3015 3581 3086 glo-

1973 3113 2112 3169 riam
2153 3113 2396 3183 quidem,
2431 3111 2627 3180 inquit,
2664 3110 2890 3166 omnino
2935 3107 3100 3178 positi
3137 3117 3330 3175 erunt;
3369 3108 3576 3162 interea

270 3215 455 3260 tamen
487 3207 786 3262 secundum
821 3206 1178 3274 quantitatem
1219 3214 1275 3262 et
1319 3205 1635 3279 qualitatem
1695 3216 1752 3264 et
1824 3223 2146 3267 numerum~
2193 3216 2544 3280 peccatorum
2587 3206 3004 3276 iudicabuntur.
3072 3205 3267 3277 Magna
3315 3205 3461 3261 enim
3513 3218 3578 3260 ac

271 3300 562 3372 multiplex
587 3308 669 3355 est
703 3299 872 3354 divini
904 3296 1097 3367 iudicii
1129 3299 1441 3369 exquisitis.

545 3415 680 3469 Ml".
713 3443 785 3456 --
818 3412 1054 3468 ΙΕΡΑΚΙ
1092 3414 1594 3488 ΛΑΜΠΡΟΤΑΤῼ.

274 3528 448 3593 Τίνος
476 3528 512 3596 ἡ
550 3527 767 3581 ἔννοια
804 3526 912 3582 τοῦ
953 3525 1078 3654 ἓξ(
1097 3527 1358 3596 κόρακος
1386 3528 1714 3598 τρέφεσθαι
1757 3528 1869 3586 τὸν

667 3637 672 3642 .
1081 3614 1181 3652 ar.

667 3637 672 3642 ι
956 3614 1181 3652 Πλιαν.

346 3711 519 3778 Ἴσθι,
557 3705 602 3765 ὦ
632 3712 785 3779 σοφὲ,
839 3712 922 3764 ὃτι
962 3711 996 3782 η
1038 3711 1191 3782 πηγὴ
1236 3713 1335 3782 τῆς
1381 3712 1720 3782 ἀγαθότητος
1764 3715 1866 3786 τὴν

264 3804 484 3857 δικαίαν
531 3804 624 3856 τοῦ
681 3805 962 3875 προφήτου
997 3803 1142 3856 κατὰ
1183 3802 1454 3857 Ἰουδαίων
1485 3805 1866 3877 ἀγανάκτησιν

269 3892 510 3963 ἐκμάξαι
539 3894 660 3966 ,(52)
715 3893 1014 3965 βουλομένη
1064 3893 1246 3964 (λιμὸν
1274 3895 1384 3966 γὰρ
1425 3896 1743 3966 ἐπήγαγεν,
1775 3897 1865 3950 ἵνα

265 3988 361 4041 τὸν
379 3987 536 4057 κόρον
557 3986 714 4057 ὓϐριν
731 3985 989 4040 ὠδίνοντα
1004 3986 1326 4059 σωφροσύνη
1346 3987 1682 4058 σωφρονίσαι
1701 3989 1862 4061 (33))·

268 4080 688 4152 παρεσκεύασεν
746 4078 912 4132 αὐτὸν
951 4078 1038 4132 διὰ
1072 4079 1310 4151 κόρακος
1351 4081 1670 4152 τρέφεσθαι,
1709 4099 1866 4153 μισο-

265 4172 462 4226 τέκνου
495 4169 701 4242 πτηνοῦ
724 4210 738 4236 ,
773 4170 868 4224 καὶ
897 4170 1174 4234 τίκτοντος
1212 4171 1336 4242 μὲν,
1368 4174 1431 4225 οὐ
1459 4173 1753 4244 τρέφοντος
1779 4174 1858 4228 δέ’

265 4265 348 4318 διὸ
407 4265 499 4316 καὶ
525 4265 552 4316 6
592 4263 846 4332 Μελῳδὸς
913 4263 1090 4316 καίτοι
1126 4261 1309 4335 πάσης
1342 4265 1441 4335 τῆς
1491 4267 1725 4331 κτίσεως
1763 4285 1864 4336 φυ-

268 4355 408 4427 σικῷ
444 4355 696 4426 λόγῳιείς
729 4354 820 4408 τὸν
866 4355 1211 4426 Δημιουργὺν
1254 4356 1704 4426 ἀποϐλεπούσης·
1745 4377 1762 4410 ι
1798 4361 1861 4412 Οἱ

263 4448 536 4518 ὀφθαλμοὶ
568 4447 677 4517 γὰρ
703 4447 943 4512 πάντων,
985 4448 1174 4516 φησιν,
1206 4451 1286 4511 είς
1319 4448 1379 4500 σὲ
1406 4448 1696 4517 ἐλπίζουσι
1719 4491 1732 4515 ,
1768 4451 1865 4506 καὶ

268 4542 334 4593 σὺ
371 4539 530 4602 δίδως
560 4538 656 4611 τὴν
687 4537 894 4610 τροφὴν
937 4538 1115 4592 αὐτῶν
1139 4540 1196 4590 ἐν
1229 4539 1516 4611 εὐκαιρίᾳ·
1555 4560 1573 4592 ι
1607 4542 1862 4611 κοράκων

265 4631 670 4700 ἐμνημόνευσε,
693 4630 869 4698 λέγων
891 4645 907 4660 ο
943 4648 960 4681 ι
1001 4629 1094 4700 Τῷ
1122 4630 1318 4683 διδόντι
1346 4633 1459 4693 τοῖς
1481 4631 1708 4701 κτήνεσι
1736 4648 1863 4702 τρο-

2186 3417 2372 3475 XLIII.
2387 3449 2459 3458 —
2489 3416 2771 3474 HIERACI
2801 3414 3236 3473 lLLUSTRlSSI
3248 3413 3360 3474 ΜΟ.

2009 3526 2155 3598 Quid
2178 3528 2278 3585 sibi
2303 3529 2448 3596 velit,
2475 3528 2616 3601 quod
2653 3526 2804 3583 Elius
2825 3544 2920 3599 per
2945 3542 3157 3582 corvum
3183 3536 3368 3597 pastus
3395 3526 3464 3581 sit
3495 3528 3536 3584 ⁵.

2041 3716 2200 3772 Scire
2223 3717 2413 3784 debes,
2450 3717 2535 3772 vir
2561 3717 2800 3787 sapiens,
2836 3714 3044 3770 fontem
3092 3712 3241 3768 illum
3285 3712 3572 3779 bonitatis,

1969 3810 2134 3883 435
2151 3826 2274 3865 cum
2295 3810 2454 3866 vellet
2467 3811 2668 3880 justam
2683 3809 2962 3880 prophetae
2980 3808 3240 3864 adversus
3260 3805 3475 3862 Iudaeos
3494 3808 3576 3862 in-

1970 3904 2343 3973 dignationem
2379 3901 2691 3974 abstergere
2713 3901 2935 3970 (famem
2968 3900 3113 3956 enim
3141 3898 3453 3963 induxit,ut
3482 3914 3575 3953 sua

1971 3997 2272 4060 turitatem,
2321 4009 2444 4065 quae
2485 3993 2870 4049 contumeliam
2911 4008 3102 4064 parere
3145 3994 3308 4061 solet,
3339 3992 3576 4063 castiga-

1969 4088 2108 4154 ret),
2136 4087 2345 4143 curavit
2381 4087 2560 4156 ipsum
2593 4102 2688 4155 per
2713 4101 2938 4142 corvum
2966 4086 3142 4155 pasci,
3177 4100 3330 4140 avem
3363 4084 3573 4141 sobolis

1966 4178 2201 4248 propria
2227 4192 2468 4242 osorem,
2495 4187 2549 4232 et
2573 4192 2694 4246 qua:
2720 4178 2861 4247 parit
2887 4178 3112 4246 quidem
3138 4185 3300 4246 atque
3330 4176 3574 4232 excludit

1966 4271 2162 4342 pullos,
2213 4271 2306 4326 sed
2343 4286 2440 4325 eos
2483 4286 2589 4326 non
2639 4270 2754 4324 alit.
2808 4269 2941 4336 Qua:
2983 4285 3149 4325 causa
3187 4285 3409 4340 quoque
3465 4279 3571 4334 est,

1965 4363 2109 4432 quod
2138 4361 2477 4416 Psalmorum
2524 4362 2783 4432 scriptor,
2813 4362 3064 4430 quamvis
3093 4363 3278 4418 omnis
3313 4370 3567 4419 creatura

1967 4454 2201 4510 naturali
2238 4455 2471 4522 quodam
2511 4455 2774 4509 instinctu
2811 4454 2864 4508 in
2898 4453 3151 4523 Opificem
3201 4469 3358 4507 suum
3397 4455 3573 4523 respio

1966 4548 2074 4601 ciat
2109 4565 2124 4602 :
2169 4565 2187 4598 ι
2225 4545 2379 4602 Oculi
2415 4547 2560 4601 enim
2591 4548 2858 4610 omnium,
2901 4545 3102 4615 inquit,
3135 4545 3191 4600 in
3239 4553 3290 4598 te
3322 4556 3568 4614 sperant,

1965 4648 2020 4692 et
2050 4647 2102 4691 tu
2133 4638 2232 4692 das
2270 4653 2452 4692 escam
2484 4637 2701 4691 illorum
2734 4637 2786 4690 in
2822 4645 3067 4706 tempore
3093 4643 3400 4705 opportuno
3429 4635 3486 4700 ';
3517 4635 3568 4688 in

267 4724 376 4794 φὴν
419 4723 596 4775 αὐτῶν
622 4764 636 4787 ,
678 4724 771 4776 καὶ
812 4725 926 4786 τοῖς
964 4724 1206 4786 νεοσσοῖς
1257 4723 1367 4776 τῶν
1405 4723 1692 4792 κοράκων,
1745 4727 1861 4788 τοῖς

1973 4729 2148 4800 specie
2181 4743 2467 4784 corvorum
2505 4729 2835 4784 mentionem
2869 4728 3074 4789 fecerit,
3101 4743 3223 4782 cum
3259 4727 3375 4782 ait:
3410 4745 3428 4779 ι
3463 4727 3566 4795 Qui

267 4815 725 4884 ἐπικαλουμένοις
755 4815 938 4868 αὐτόν.
975 4833 993 4865 ›
1024 4814 1278 4868 Μάλιστα
1326 4815 1424 4885 μὲν
1456 4813 1564 4885 γὰρ
1605 4814 1783 4868 πάντα
1826 4818 1859 4886 ἡ

269 4908 391 4961 θεία
432 4909 660 4978 πρόνοια
714 4906 949 4977 τρέφει,
989 4907 1164 4976 φησι,
1215 4905 1582 4977 διαφερόντως
1623 4905 1682 4959 δὲ
1728 4909 1857 4970 τοὺς

268 4998 528 5061 νεοσσοὺς
584 4997 694 5051 τῶν
745 4999 1021 5067 κοράκων,
1068 4996 1203 5061 τοὺς
1255 4996 1408 5068 παρά
1450 4999 1560 5050 τῶν
1595 4998 1864 5054 τεκόντων

267 5091 707 5163 ἀμελουμένους·
739 5085 957 5158 ’ξωΰφια
981 5090 1093 5162 (54)
1134 5091 1242 5161 γὰρ
1270 5093 1390 5153 ταῖς
1439 5091 1657 5155 καλιαῖς
1708 5109 1865 5163 περι-

350 5271 372 5304 ⁸
404 5271 423 5325 l
453 5271 579 5327 Cor.
609 5289 686 5342 vt,
728 5273 817 5329 l0.
894 5271 1002 5328 ⁸111
1041 5274 1172 5345 Reg.
1206 5287 1344 5340 xvn,
1373 5273 1429 5329 4.

1969 4823 2054 4876 dat
2085 4822 2347 4891 jumentis
2373 4821 2689 4874 alimentum
2719 4821 2983 4890 ipsorum,
3010 4827 3063 4872 et
3088 4817 3254 4888 pullis
3276 4833 3565 4873 corvorum

1973 4913 2354 4969 invocantibus
2388 4929 2513 4967 eum
2552 4913 2593 4968 ⁸.
2628 4931 2647 4965 ι
2679 4911 2910 4966 Maxime
2939 4910 3184 4980 quidem,
3209 4909 3416 4980 inquit,
3451 4924 3572 4965 om-

1975 5004 2062 5057 nia
2104 5002 2276 5058 nutrit
2323 5019 2387 5058 ac
2429 5011 2702 5058 sustentat
2733 5003 2914 5056 divina
2962 5000 3336 5072 providentia;
3372 5001 3574 5055 eximie

1975 5107 2108 5149 vero
2153 5103 2208 5150 et
2249 5094 2505 5165 peculiari
2540 5093 2777 5165 quedam
2825 5093 2986 5148 modo
3029 5091 3204 5162 pullos
3253 5104 3569 5154 corvorum,

1380 5431 1622 5490 VARLE
1665 5431 2052 5491 LECTIONES
2090 5433 2179 5491 ET
2218 5433 2452 5493 NOTAE.

348 5588 458 5659 (3|)
495 5576 678 5661 Verba
701 5587 812 5655 illa,
839 5587 935 5642 καὶ
974 5588 1313 5661 πηλικότητα
1340 5631 1353 5652 ,
1388 5603 1494 5645 non
1538 5597 1864 5659 comparent

273 5660 328 5713 in
359 5658 425 5712 eo
458 5659 578 5713 rod.
630 5658 770 5714 idem
805 5674 948 5713 vers.
982 5658 1097 5730 seq.
1128 5658 1240 5730 pro
1270 5662 1622 5732 δικαστηρίου
1664 5658 1858 5716 scribit

272 5727 552 5784 δικαστοῦ.
582 5727 646 5782 lo.

494 5799 596 5884 ξ’ιο
612 5797 848 5882 ἐκμάξαι
871 5800 994 5882 cod.
1010 5797 1132 5884 vat.
1154 5799 1418 5884 (Ii‘ESOlegit
1439 5801 1765 5884 ἐκμαλάξαι.
1783 5803 1862 5856 In.

348 5868 461 5934 (55)
497 5868 770 5924 Lacunam
802 5871 881 5927 sic
915 5872 965 5926 in
999 5871 1132 5927 edit.
1165 5868 1589 5941 Parisfpunc'tis
1619 5868 1862 5928 notatam

1968 5592 2187 5715 ἓιρρΙει
2220 5594 2342 5650 cod.
2383 5591 2556 5649 Vatic.
2610 5592 2717 5650 650
2748 5603 2805 5650 et
2857 5593 3254 5651 Rittershusius
3305 5593 3357 5649 in
3390 5593 3554 5649 notis.

1999 5678 2128 5715 .Dl'l‘.

1999 5678 2156 5807 logi)
2203 5734 2312 5807 Ρη)
2346 5733 2564 5805 ζωΰφισ
2599 5735 2710 5807 γάρ
2751 5735 2892 5791 idem
2939 5735 3061 5790 cod.
3103 5733 3267 5790 habet
3298 5733 3415 5800 ζῶα
3453 5735 3564 5805 τὰρ

1977 5805 2168 5874 μικρά.
2201 5805 2414 5860 Possm.
