  <div class='ocr_page' id='page_1' title='image "/cluster/home/n/w/nwhite01/storage/ocr_20150623/78/pst.000005712779/558.png"; bbox 0 0 4164 6480; ppageno 0'>
   <div class='ocr_carea' id='block_1_1' title="bbox 257 462 397 530">
    <p class='ocr_par' dir='ltr' id='par_1_1' title="bbox 257 462 397 530">
     <span class='ocr_line' id='line_1_1' title="bbox 257 462 397 530; baseline -0.007 -2"><span class='ocrx_word' id='word_1_1' title='bbox 257 462 397 530; x_wconf 78' lang='lat'><strong>1097</strong></span> 
     </span>
    </p>
   </div>
   <div class='ocr_carea' id='block_1_2' title="bbox 1115 453 2689 522">
    <p class='ocr_par' dir='ltr' id='par_1_2' title="bbox 1115 453 2689 522">
     <span class='ocr_line' id='line_1_2' title="bbox 1115 453 2689 522; baseline -0.006 0"><span class='ocrx_word' id='word_1_2' title='bbox 1115 459 1655 522; x_wconf 73' lang='lat' dir='ltr'><strong>EPISTULARUM</strong></span> <span class='ocrx_word' id='word_1_3' title='bbox 1697 459 1846 519; x_wconf 86' lang='lat' dir='ltr'><strong>LIB.</strong></span> <span class='ocrx_word' id='word_1_4' title='bbox 1892 458 1988 520; x_wconf 88' lang='lat' dir='ltr'><strong>IV.</strong></span> <span class='ocrx_word' id='word_1_5' title='bbox 2036 483 2102 493; x_wconf 86' lang='lat'><em>-</em></span> <span class='ocrx_word' id='word_1_6' title='bbox 2141 456 2381 518; x_wconf 85' lang='lat' dir='ltr'><strong>EPIST.</strong></span> <span class='ocrx_word' id='word_1_7' title='bbox 2421 453 2689 514; x_wconf 74' lang='lat' dir='ltr'><strong>XLVIII.</strong></span> 
     </span>
    </p>
   </div>
   <div class='ocr_carea' id='block_1_3' title="bbox 3430 443 3565 509">
    <p class='ocr_par' dir='ltr' id='par_1_3' title="bbox 3430 443 3565 509">
     <span class='ocr_line' id='line_1_3' title="bbox 3430 443 3565 509; baseline 0.015 -2"><span class='ocrx_word' id='word_1_8' title='bbox 3430 443 3565 509; x_wconf 71' lang='grc'><strong>1098</strong></span> 
     </span>
    </p>
   </div>
   <div class='ocr_carea' id='block_1_4' title="bbox 249 555 1884 644">
    <p class='ocr_par' dir='ltr' id='par_1_4' title="bbox 249 569 1857 644">
     <span class='ocr_line' id='line_1_4' title="bbox 249 569 1857 644; baseline -0.003 -18"><span class='ocrx_word' id='word_1_9' title='bbox 249 574 336 644; x_wconf 80' lang='grc' dir='ltr'>τῷ</span> <span class='ocrx_word' id='word_1_10' title='bbox 372 569 743 642; x_wconf 74' lang='grc' dir='ltr'>δδασκαλεκῷ</span> <span class='ocrx_word' id='word_1_11' title='bbox 771 570 1045 640; x_wconf 80' lang='grc' dir='ltr'>ἀξιώματι</span> <span class='ocrx_word' id='word_1_12' title='bbox 1076 569 1477 641; x_wconf 75' lang='grc' dir='ltr'><strong>ὠφρυωμένος,</strong></span> <span class='ocrx_word' id='word_1_13' title='bbox 1511 570 1606 624; x_wconf 74' lang='grc' dir='ltr'>καὶ</span> <span class='ocrx_word' id='word_1_14' title='bbox 1637 569 1857 638; x_wconf 88' lang='grc' dir='ltr'>τολμῶν</span> 
     </span>
    </p>
   </div>
   <div class='ocr_carea' id='block_1_5' title="bbox 1965 555 3566 644">
    <p class='ocr_par' dir='ltr' id='par_1_5' title="bbox 1965 555 3566 635">
     <span class='ocr_line' id='line_1_5' title="bbox 1965 555 3566 635; baseline -0.005 -12"><span class='ocrx_word' id='word_1_15' title='bbox 1965 569 2122 625; x_wconf 82' lang='lat' dir='ltr'><strong>nicas</strong></span> <span class='ocrx_word' id='word_1_16' title='bbox 2173 566 2418 622; x_wconf 84' lang='lat' dir='ltr'><strong>calculus</strong></span> <span class='ocrx_word' id='word_1_17' title='bbox 2467 567 2520 619; x_wconf 88' lang='lat' dir='ltr'><strong>in</strong></span> <span class='ocrx_word' id='word_1_18' title='bbox 2573 555 2718 635; x_wconf 87' lang='lat' dir='ltr'><strong>ipsos</strong></span> <span class='ocrx_word' id='word_1_19' title='bbox 2774 562 2984 618; x_wconf 86' lang='lat' dir='ltr'><strong>crimen</strong></span> <span class='ocrx_word' id='word_1_20' title='bbox 3042 559 3312 616; x_wconf 73' lang='lat' dir='ltr'><strong>convertit</strong></span> <span class='ocrx_word' id='word_1_21' title='bbox 3389 560 3566 631; x_wconf 83' lang='lat' dir='ltr'><strong>(quod</strong></span> 
     </span>
    </p>
   </div>
   <div class='ocr_carea' id='block_1_6' title="bbox 251 662 1852 734">
    <p class='ocr_par' dir='ltr' id='par_1_6' title="bbox 251 662 1852 734">
     <span class='ocr_line' id='line_1_6' title="bbox 251 662 1852 734; baseline -0.002 -16"><span class='ocrx_word' id='word_1_22' title='bbox 251 663 291 718; x_wconf 71' lang='grc' dir='ltr'>ἃ</span> <span class='ocrx_word' id='word_1_23' title='bbox 309 662 397 734; x_wconf 66' lang='grc' dir='ltr'><strong>⁹μὴ</strong></span> <span class='ocrx_word' id='word_1_24' title='bbox 426 663 606 734; x_wconf 80' lang='grc' dir='ltr'><strong>Θέμις,</strong></span> <span class='ocrx_word' id='word_1_25' title='bbox 643 662 765 716; x_wconf 69' lang='grc' dir='ltr'>οὐδὲ</span> <span class='ocrx_word' id='word_1_26' title='bbox 795 663 1112 734; x_wconf 80' lang='grc' dir='ltr'>συμϐουλῆς</span> <span class='ocrx_word' id='word_1_27' title='bbox 1141 665 1419 734; x_wconf 82' lang='grc' dir='ltr'><strong>ἀνέχεται,</strong></span> <span class='ocrx_word' id='word_1_28' title='bbox 1448 662 1561 717; x_wconf 85' lang='grc' dir='ltr'><strong>άνω</strong></span> <span class='ocrx_word' id='word_1_29' title='bbox 1584 663 1679 716; x_wconf 78' lang='grc' dir='ltr'>καὶ</span> <span class='ocrx_word' id='word_1_30' title='bbox 1701 662 1852 717; x_wconf 81' lang='grc' dir='ltr'>κάτω</span> 
     </span>
    </p>
   </div>
   <div class='ocr_carea' id='block_1_7' title="bbox 249 747 1854 827">
    <p class='ocr_par' dir='ltr' id='par_1_7' title="bbox 249 747 1854 827">
     <span class='ocr_line' id='line_1_7' title="bbox 249 747 1854 827; baseline 0 -21"><span class='ocrx_word' id='word_1_31' title='bbox 249 754 315 807; x_wconf 72' lang='grc' dir='ltr'>τὸ</span> <span class='ocrx_word' id='word_1_32' title='bbox 361 755 464 824; x_wconf 82' lang='grc' dir='ltr'>τῆς</span> <span class='ocrx_word' id='word_1_33' title='bbox 522 747 893 825; x_wconf 70' lang='grc' dir='ltr'>ἐπισκοπῆς,</span> <span class='ocrx_word' id='word_1_34' title='bbox 935 756 996 808; x_wconf 82' lang='grc' dir='ltr'>οὐ</span> <span class='ocrx_word' id='word_1_35' title='bbox 1047 755 1110 808; x_wconf 87' lang='grc' dir='ltr'>τὸ</span> <span class='ocrx_word' id='word_1_36' title='bbox 1155 757 1257 827; x_wconf 84' lang='grc' dir='ltr'>τῆς</span> <span class='ocrx_word' id='word_1_37' title='bbox 1306 753 1511 826; x_wconf 84' lang='grc' dir='ltr'>ἀρετῆς</span> <span class='ocrx_word' id='word_1_38' title='bbox 1559 753 1854 825; x_wconf 77' lang='grc' dir='ltr'><strong>προφέρων</strong></span> 
     </span>
    </p>
   </div>
   <div class='ocr_carea' id='block_1_8' title="bbox 252 844 1857 920">
    <p class='ocr_par' dir='ltr' id='par_1_8' title="bbox 252 844 1857 920">
     <span class='ocr_line' id='line_1_8' title="bbox 252 844 1857 920; baseline -0.001 -21"><span class='ocrx_word' id='word_1_39' title='bbox 252 845 496 916; x_wconf 75' lang='grc' dir='ltr'>ἀξίωμα,</span> <span class='ocrx_word' id='word_1_40' title='bbox 521 844 595 917; x_wconf 83' lang='grc' dir='ltr'>μὴ</span> <span class='ocrx_word' id='word_1_41' title='bbox 612 846 1252 920; x_wconf 73' lang='grc' dir='ltr'>ὀλιγωρεῖτε.”Αξιαξγὰρ</span> <span class='ocrx_word' id='word_1_42' title='bbox 1286 848 1527 911; x_wconf 87' lang='grc' dir='ltr'>πάντων,</span> <span class='ocrx_word' id='word_1_43' title='bbox 1557 845 1591 917; x_wconf 78' lang='grc' dir='ltr'>ἢ</span> <span class='ocrx_word' id='word_1_44' title='bbox 1619 844 1857 900; x_wconf 72' lang='grc' dir='ltr'>ἐνταῦθα</span> 
     </span>
    </p>
   </div>
   <div class='ocr_carea' id='block_1_9' title="bbox 254 937 1855 1012">
    <p class='ocr_par' dir='ltr' id='par_1_9' title="bbox 254 937 1855 1012">
     <span class='ocr_line' id='line_1_9' title="bbox 254 937 1855 1012; baseline -0.001 -20"><span class='ocrx_word' id='word_1_45' title='bbox 254 939 289 1009; x_wconf 81' lang='grc' dir='ltr'>ἢ</span> <span class='ocrx_word' id='word_1_46' title='bbox 320 941 522 1003; x_wconf 76' lang='grc' dir='ltr'>ἐκεῖσε,</span> <span class='ocrx_word' id='word_1_47' title='bbox 554 938 662 993; x_wconf 89' lang='grc' dir='ltr'><strong>τῶν</strong></span> <span class='ocrx_word' id='word_1_48' title='bbox 689 940 986 1010; x_wconf 86' lang='grc' dir='ltr'><strong>δρωμένων</strong></span> <span class='ocrx_word' id='word_1_49' title='bbox 1025 939 1463 1012; x_wconf 79' lang='grc' dir='ltr'>άπαιτηθήσεται</span> <span class='ocrx_word' id='word_1_50' title='bbox 1486 937 1556 992; x_wconf 82' lang='grc' dir='ltr'>τὰ</span> <span class='ocrx_word' id='word_1_51' title='bbox 1579 937 1855 1008; x_wconf 71' lang='grc' dir='ltr'>ἐπίχειρα.</span> 
     </span>
    </p>
   </div>
   <div class='ocr_carea' id='block_1_10' title="bbox 256 1025 2783 1101">
    <p class='ocr_par' dir='ltr' id='par_1_10' title="bbox 256 1025 2783 1101">
     <span class='ocr_line' id='line_1_10' title="bbox 256 1025 2783 1101; baseline -0.002 -19"><span class='ocrx_word' id='word_1_52' title='bbox 256 1046 320 1082; x_wconf 89' lang='lat' dir='ltr'><strong>ac</strong></span> <span class='ocrx_word' id='word_1_53' title='bbox 341 1031 594 1084; x_wconf 80' lang='lat' dir='ltr'><strong>deorsum</strong></span> <span class='ocrx_word' id='word_1_54' title='bbox 625 1032 992 1101; x_wconf 76' lang='lat' dir='ltr'><strong>episcopatus,</strong></span> <span class='ocrx_word' id='word_1_55' title='bbox 1029 1046 1134 1084; x_wconf 91' lang='lat' dir='ltr'><strong>non</strong></span> <span class='ocrx_word' id='word_1_56' title='bbox 1234 1041 1414 1085; x_wconf 82' lang='lat' dir='ltr'><strong>autem</strong></span> <span class='ocrx_word' id='word_1_57' title='bbox 1445 1029 1690 1095; x_wconf 83' lang='lat' dir='ltr'><strong>virtutis,</strong></span> <span class='ocrx_word' id='word_1_58' title='bbox 1719 1039 2006 1084; x_wconf 80' lang='lat' dir='ltr'><strong>ostentans</strong></span> <span class='ocrx_word' id='word_1_59' title='bbox 2059 1037 2113 1084; x_wconf 88' lang='lat' dir='ltr'><strong>et</strong></span> <span class='ocrx_word' id='word_1_60' title='bbox 2134 1027 2354 1098; x_wconf 84' lang='lat' dir='ltr'><strong>jactans</strong></span> <span class='ocrx_word' id='word_1_61' title='bbox 2395 1025 2719 1095; x_wconf 89' lang='lat' dir='ltr'><strong>dignitatem</strong></span> <span class='ocrx_word' id='word_1_62' title='bbox 2769 1041 2783 1079; x_wconf 90' lang='lat'><strong>:</strong></span> 
     </span>
    </p>
   </div>
   <div class='ocr_carea' id='block_1_11' title="bbox 1961 652 3568 725">
    <p class='ocr_par' dir='ltr' id='par_1_11' title="bbox 1961 652 3568 725">
     <span class='ocr_line' id='line_1_11' title="bbox 1961 652 3568 725; baseline -0.006 -8"><span class='ocrx_word' id='word_1_63' title='bbox 1961 662 2103 717; x_wconf 78' lang='lat' dir='ltr'><strong>{also</strong></span> <span class='ocrx_word' id='word_1_64' title='bbox 2155 661 2496 715; x_wconf 73' lang='lat' dir='ltr'><strong>inten‘tarant</strong></span> <span class='ocrx_word' id='word_1_65' title='bbox 2562 655 2896 725; x_wconf 79' lang='lat' dir='ltr'><strong>innocenti).</strong></span> <span class='ocrx_word' id='word_1_66' title='bbox 2964 652 3021 709; x_wconf 91' lang='lat' dir='ltr'><strong>Si</strong></span> <span class='ocrx_word' id='word_1_67' title='bbox 3074 653 3240 722; x_wconf 88' lang='lat' dir='ltr'><strong>igitur</strong></span> <span class='ocrx_word' id='word_1_68' title='bbox 3293 652 3568 708; x_wconf 73' lang='lat' dir='ltr'><strong>Eusebius</strong></span> 
     </span>
    </p>
   </div>
   <div class='ocr_carea' id='block_1_12' title="bbox 1964 743 3567 824">
    <p class='ocr_par' dir='ltr' id='par_1_12' title="bbox 1964 743 3567 824">
     <span class='ocr_line' id='line_1_12' title="bbox 1964 743 3567 824; baseline -0.007 -16"><span class='ocrx_word' id='word_1_69' title='bbox 1964 767 2200 824; x_wconf 88' lang='lat' dir='ltr'><strong>quoque,</strong></span> <span class='ocrx_word' id='word_1_70' title='bbox 2231 759 2289 804; x_wconf 92' lang='lat' dir='ltr'><strong>ut</strong></span> <span class='ocrx_word' id='word_1_71' title='bbox 2316 749 2640 818; x_wconf 83' lang='lat' dir='ltr'><strong>scripsistis,</strong></span> <span class='ocrx_word' id='word_1_72' title='bbox 2677 747 2919 802; x_wconf 87' lang='lat' dir='ltr'><strong>doctoris</strong></span> <span class='ocrx_word' id='word_1_73' title='bbox 2942 745 3212 812; x_wconf 83' lang='lat' dir='ltr'><strong>dignitate</strong></span> <span class='ocrx_word' id='word_1_74' title='bbox 3239 743 3567 815; x_wconf 87' lang='lat' dir='ltr'><strong>superbiens</strong></span> 
     </span>
    </p>
   </div>
   <div class='ocr_carea' id='block_1_13' title="bbox 1966 835 3568 912">
    <p class='ocr_par' dir='ltr' id='par_1_13' title="bbox 1966 835 3568 912">
     <span class='ocr_line' id='line_1_13' title="bbox 1966 835 3568 912; baseline -0.006 -12"><span class='ocrx_word' id='word_1_75' title='bbox 1966 853 2021 901; x_wconf 88' lang='lat' dir='ltr'><strong>et</strong></span> <span class='ocrx_word' id='word_1_76' title='bbox 2075 843 2242 898; x_wconf 89' lang='lat' dir='ltr'><strong>altum</strong></span> <span class='ocrx_word' id='word_1_77' title='bbox 2292 856 2489 912; x_wconf 84' lang='lat' dir='ltr'><strong>gerens</strong></span> <span class='ocrx_word' id='word_1_78' title='bbox 2542 837 2924 910; x_wconf 86' lang='lat' dir='ltr'><strong>supercilium,</strong></span> <span class='ocrx_word' id='word_1_79' title='bbox 2969 837 3315 907; x_wconf 84' lang='lat' dir='ltr'><strong>nefandaque</strong></span> <span class='ocrx_word' id='word_1_80' title='bbox 3363 835 3568 890; x_wconf 82' lang='lat' dir='ltr'><strong>audens</strong></span> 
     </span>
    </p>
   </div>
   <div class='ocr_carea' id='block_1_14' title="bbox 1968 929 3566 1007">
    <p class='ocr_par' dir='ltr' id='par_1_14' title="bbox 1968 929 3566 1007">
     <span class='ocr_line' id='line_1_14' title="bbox 1968 929 3566 1007; baseline -0.005 -17"><span class='ocrx_word' id='word_1_81' title='bbox 1968 935 2213 1007; x_wconf 77' lang='lat' dir='ltr'><strong>aggredi,</strong></span> <span class='ocrx_word' id='word_1_82' title='bbox 2261 948 2439 1005; x_wconf 80' lang='lat' dir='ltr'><strong>neque</strong></span> <span class='ocrx_word' id='word_1_83' title='bbox 2477 932 2763 988; x_wconf 85' lang='lat' dir='ltr'><strong>causiliutn</strong></span> <span class='ocrx_word' id='word_1_84' title='bbox 2816 929 3060 985; x_wconf 83' lang='lat' dir='ltr'><strong>admittit</strong></span> <span class='ocrx_word' id='word_1_85' title='bbox 3111 929 3301 997; x_wconf 89' lang='lat' dir='ltr'><strong>ullum,</strong></span> <span class='ocrx_word' id='word_1_86' title='bbox 3347 944 3566 983; x_wconf 86' lang='lat' dir='ltr'><strong>sursum</strong></span> 
     </span>
    </p>
   </div>
   <div class='ocr_carea' id='block_1_15' title="bbox 2847 1020 3567 1092">
    <p class='ocr_par' dir='ltr' id='par_1_15' title="bbox 2847 1020 3567 1092">
     <span class='ocr_line' id='line_1_15' title="bbox 2847 1020 3567 1092; baseline 0 -14"><span class='ocrx_word' id='word_1_87' title='bbox 2847 1022 3018 1079; x_wconf 87' lang='lat' dir='ltr'><strong>nolite</strong></span> <span class='ocrx_word' id='word_1_88' title='bbox 3053 1022 3107 1077; x_wconf 91' lang='lat' dir='ltr'><strong>id</strong></span> <span class='ocrx_word' id='word_1_89' title='bbox 3148 1020 3567 1092; x_wconf 80' lang='lat' dir='ltr'><strong>parvipendere.</strong></span> 
     </span>
    </p>
   </div>
   <div class='ocr_carea' id='block_1_16' title="bbox 255 1121 2714 1194">
    <p class='ocr_par' dir='ltr' id='par_1_16' title="bbox 255 1121 2714 1194">
     <span class='ocr_line' id='line_1_16' title="bbox 255 1121 2714 1194; baseline -0.002 -18"><span class='ocrx_word' id='word_1_90' title='bbox 255 1121 446 1192; x_wconf 82' lang='lat' dir='ltr'><strong>Dignae</strong></span> <span class='ocrx_word' id='word_1_91' title='bbox 474 1126 620 1178; x_wconf 90' lang='lat' dir='ltr'><strong>enim</strong></span> <span class='ocrx_word' id='word_1_92' title='bbox 663 1126 929 1190; x_wconf 90' lang='lat' dir='ltr'><strong>omnium,</strong></span> <span class='ocrx_word' id='word_1_93' title='bbox 979 1123 1061 1177; x_wconf 89' lang='lat' dir='ltr'><strong>vel</strong></span> <span class='ocrx_word' id='word_1_94' title='bbox 1107 1125 1215 1190; x_wconf 88' lang='lat' dir='ltr'><strong>hic,</strong></span> <span class='ocrx_word' id='word_1_95' title='bbox 1241 1125 1324 1178; x_wconf 81' lang='lat' dir='ltr'><strong>vel</strong></span> <span class='ocrx_word' id='word_1_96' title='bbox 1365 1127 1421 1178; x_wconf 93' lang='lat' dir='ltr'><strong>in</strong></span> <span class='ocrx_word' id='word_1_97' title='bbox 1450 1123 1624 1179; x_wconf 84' lang='lat' dir='ltr'><strong>altero</strong></span> <span class='ocrx_word' id='word_1_98' title='bbox 1653 1123 1852 1180; x_wconf 67' lang='lat' dir='ltr'><strong>saeculo</strong></span> <span class='ocrx_word' id='word_1_99' title='bbox 1891 1137 2069 1194; x_wconf 72' lang='lat' dir='ltr'><strong>preme</strong></span> <span class='ocrx_word' id='word_1_100' title='bbox 2096 1122 2168 1178; x_wconf 85' lang='lat' dir='ltr'><strong>ab</strong></span> <span class='ocrx_word' id='word_1_101' title='bbox 2195 1121 2315 1190; x_wconf 92' lang='lat' dir='ltr'><strong>ipso</strong></span> <span class='ocrx_word' id='word_1_102' title='bbox 2334 1127 2714 1190; x_wconf 81' lang='lat' dir='ltr'><strong>reposcemur.</strong></span> 
     </span>
    </p>
   </div>
   <div class='ocr_carea' id='block_1_17' title="bbox 506 1215 1583 1289">
    <p class='ocr_par' dir='ltr' id='par_1_17' title="bbox 506 1215 1583 1289">
     <span class='ocr_line' id='line_1_17' title="bbox 506 1215 1583 1289; baseline 0.001 -20"><span class='ocrx_word' id='word_1_103' title='bbox 506 1215 656 1283; x_wconf 61' lang='lat' dir='ltr'><strong>MCT.</strong></span> <span class='ocrx_word' id='word_1_104' title='bbox 692 1245 762 1256; x_wconf 92' lang='lat'><em>—</em></span> <span class='ocrx_word' id='word_1_105' title='bbox 790 1215 1096 1289; x_wconf 80' lang='grc' dir='ltr'><strong>ΔΩΡΟΘΕῼ</strong></span> <span class='ocrx_word' id='word_1_106' title='bbox 1143 1215 1583 1288; x_wconf 74' lang='grc' dir='ltr'><strong>ΑΝΑΓΝΩΣΤῌ.</strong></span> 
     </span>
    </p>
   </div>
   <div class='ocr_carea' id='block_1_18' title="bbox 295 1304 1815 1434">
    <p class='ocr_par' dir='ltr' id='par_1_18' title="bbox 295 1304 1815 1434">
     <span class='ocr_line' id='line_1_18' title="bbox 295 1304 1815 1431; baseline -0.001 -70"><span class='ocrx_word' id='word_1_107' title='bbox 295 1307 399 1372; x_wconf 83' lang='grc' dir='ltr'>Είς</span> <span class='ocrx_word' id='word_1_108' title='bbox 425 1306 514 1374; x_wconf 85' lang='grc' dir='ltr'>τὸ,</span> <span class='ocrx_word' id='word_1_109' title='bbox 547 1323 564 1357; x_wconf 85' lang='lat' dir='ltr'><strong>t</strong></span> <span class='ocrx_word' id='word_1_110' title='bbox 615 1304 684 1360; x_wconf 83' lang='lat' dir='ltr'><strong>El</strong></span> <span class='ocrx_word' id='word_1_111' title='bbox 724 1306 822 1361; x_wconf 77' lang='grc' dir='ltr'><strong>καί</strong></span> <span class='ocrx_word' id='word_1_112' title='bbox 861 1307 1212 1431; x_wconf 41' lang='grc' dir='ltr'>ἐγνώᾶαμεν</span> <span class='ocrx_word' id='word_1_113' title='bbox 1242 1307 1397 1362; x_wconf 82' lang='grc' dir='ltr'>κατὰ</span> <span class='ocrx_word' id='word_1_114' title='bbox 1445 1306 1649 1376; x_wconf 79' lang='grc' dir='ltr'>σάρκα</span> <span class='ocrx_word' id='word_1_115' title='bbox 1686 1309 1815 1376; x_wconf 74' lang='grc' dir='ltr'>Χριο</span> 
     </span>
     <span class='ocr_line' id='line_1_19' title="bbox 933 1392 1166 1434; baseline -0.004 -3"><span class='ocrx_word' id='word_1_116' title='bbox 933 1392 1012 1431; x_wconf 90' lang='grc' dir='ltr'><strong>στ</strong></span> <span class='ocrx_word' id='word_1_117' title='bbox 1089 1419 1105 1434; x_wconf 92' lang='grc'><strong>.</strong></span> <span class='ocrx_word' id='word_1_118' title='bbox 1147 1397 1166 1430; x_wconf 73' lang='grc' dir='ltr'><strong>ι</strong></span> 
     </span>
    </p>
   </div>
   <div class='ocr_carea' id='block_1_19' title="bbox 331 1491 1851 1566">
    <p class='ocr_par' dir='ltr' id='par_1_19' title="bbox 331 1491 1851 1566">
     <span class='ocr_line' id='line_1_20' title="bbox 331 1491 1851 1566; baseline 0.001 -22"><span class='ocrx_word' id='word_1_119' title='bbox 331 1491 494 1554; x_wconf 83' lang='grc' dir='ltr'><strong>Ἴσως</strong></span> <span class='ocrx_word' id='word_1_120' title='bbox 540 1493 729 1563; x_wconf 72' lang='grc' dir='ltr'>ἐπειδὴ</span> <span class='ocrx_word' id='word_1_121' title='bbox 777 1493 1045 1564; x_wconf 76' lang='grc' dir='ltr'>ἀδελφοὺς</span> <span class='ocrx_word' id='word_1_122' title='bbox 1078 1492 1340 1548; x_wconf 78' lang='grc' dir='ltr'><strong>ἐκάλεσεν</strong></span> <span class='ocrx_word' id='word_1_123' title='bbox 1388 1495 1419 1548; x_wconf 83' lang='grc' dir='ltr'><strong>δ</strong></span> <span class='ocrx_word' id='word_1_124' title='bbox 1444 1494 1682 1566; x_wconf 83' lang='grc' dir='ltr'>Χριστὸς</span> <span class='ocrx_word' id='word_1_125' title='bbox 1721 1494 1851 1557; x_wconf 78' lang='grc' dir='ltr'>τοὺς</span> 
     </span>
    </p>
   </div>
   <div class='ocr_carea' id='block_1_20' title="bbox 255 1581 1852 1656">
    <p class='ocr_par' dir='ltr' id='par_1_20' title="bbox 255 1581 1852 1656">
     <span class='ocr_line' id='line_1_21' title="bbox 255 1581 1852 1656; baseline 0 -20"><span class='ocrx_word' id='word_1_126' title='bbox 255 1583 550 1645; x_wconf 81' lang='grc' dir='ltr'>ποιοῦντας</span> <span class='ocrx_word' id='word_1_127' title='bbox 579 1584 641 1636; x_wconf 82' lang='grc' dir='ltr'>τὸ</span> <span class='ocrx_word' id='word_1_128' title='bbox 664 1584 921 1654; x_wconf 77' lang='grc' dir='ltr'>πατρῷον</span> <span class='ocrx_word' id='word_1_129' title='bbox 950 1584 1197 1655; x_wconf 77' lang='grc' dir='ltr'>θέλημα,</span> <span class='ocrx_word' id='word_1_130' title='bbox 1229 1585 1326 1638; x_wconf 75' lang='grc' dir='ltr'>καὶ</span> <span class='ocrx_word' id='word_1_131' title='bbox 1359 1581 1530 1651; x_wconf 75' lang='grc' dir='ltr'>ἔδειξε</span> <span class='ocrx_word' id='word_1_132' title='bbox 1565 1582 1665 1656; x_wconf 83' lang='grc' dir='ltr'>τὴν</span> <span class='ocrx_word' id='word_1_133' title='bbox 1707 1582 1852 1636; x_wconf 80' lang='grc' dir='ltr'>κατὰ</span> 
     </span>
    </p>
   </div>
   <div class='ocr_carea' id='block_1_21' title="bbox 259 1674 1855 1748">
    <p class='ocr_par' dir='ltr' id='par_1_21' title="bbox 259 1674 1855 1748">
     <span class='ocr_line' id='line_1_22' title="bbox 259 1674 1855 1748; baseline 0.001 -20"><span class='ocrx_word' id='word_1_134' title='bbox 259 1674 446 1746; x_wconf 86' lang='grc' dir='ltr'>σάρκα</span> <span class='ocrx_word' id='word_1_135' title='bbox 502 1674 826 1744; x_wconf 80' lang='grc' dir='ltr'>συγγένειαν</span> <span class='ocrx_word' id='word_1_136' title='bbox 881 1677 1027 1748; x_wconf 65' lang='grc' dir='ltr'>(ιι),</span> <span class='ocrx_word' id='word_1_137' title='bbox 1093 1677 1227 1730; x_wconf 74' lang='grc' dir='ltr'>ἄνευ</span> <span class='ocrx_word' id='word_1_138' title='bbox 1286 1676 1389 1748; x_wconf 84' lang='grc' dir='ltr'>τῆς</span> <span class='ocrx_word' id='word_1_139' title='bbox 1440 1677 1585 1730; x_wconf 84' lang='grc' dir='ltr'>κατὰ</span> <span class='ocrx_word' id='word_1_140' title='bbox 1633 1675 1855 1746; x_wconf 86' lang='grc' dir='ltr'>πνεῦμά</span> 
     </span>
    </p>
   </div>
   <div class='ocr_carea' id='block_1_22' title="bbox 256 1761 1857 1834">
    <p class='ocr_par' dir='ltr' id='par_1_22' title="bbox 256 1761 1857 1834">
     <span class='ocr_line' id='line_1_23' title="bbox 256 1761 1857 1834; baseline 0.002 -19"><span class='ocrx_word' id='word_1_141' title='bbox 256 1780 404 1834; x_wconf 82' lang='grc' dir='ltr'>φημι</span> <span class='ocrx_word' id='word_1_142' title='bbox 439 1761 552 1834; x_wconf 69' lang='grc'><strong>(42)</strong></span> <span class='ocrx_word' id='word_1_143' title='bbox 580 1780 592 1792; x_wconf 88' lang='grc'><strong>·</strong></span> <span class='ocrx_word' id='word_1_144' title='bbox 631 1765 727 1818; x_wconf 82' lang='grc' dir='ltr'>καὶ</span> <span class='ocrx_word' id='word_1_145' title='bbox 766 1763 920 1818; x_wconf 74' lang='grc' dir='ltr'>εἶπεν</span> <span class='ocrx_word' id='word_1_146' title='bbox 948 1765 978 1818; x_wconf 86' lang='grc' dir='ltr'><strong>ὀ</strong></span> <span class='ocrx_word' id='word_1_147' title='bbox 1019 1765 1344 1830; x_wconf 85' lang='grc' dir='ltr'>Ἀπόστολος</span> <span class='ocrx_word' id='word_1_148' title='bbox 1373 1781 1386 1794; x_wconf 75' lang='grc'><strong><em>⁸</em></strong></span> <span class='ocrx_word' id='word_1_149' title='bbox 1413 1784 1432 1818; x_wconf 86' lang='grc'><strong><em>‹</em></strong></span> <span class='ocrx_word' id='word_1_150' title='bbox 1465 1766 1531 1820; x_wconf 84' lang='grc' dir='ltr'>Εί</span> <span class='ocrx_word' id='word_1_151' title='bbox 1569 1765 1666 1819; x_wconf 68' lang='grc' dir='ltr'>καὶ</span> <span class='ocrx_word' id='word_1_152' title='bbox 1685 1763 1857 1834; x_wconf 81' lang='grc' dir='ltr'>ἐγνώ-</span> 
     </span>
    </p>
   </div>
   <div class='ocr_carea' id='block_1_23' title="bbox 2235 1206 3294 1269">
    <p class='ocr_par' dir='ltr' id='par_1_23' title="bbox 2235 1206 3294 1269">
     <span class='ocr_line' id='line_1_24' title="bbox 2235 1206 3294 1269; baseline -0.005 -1"><span class='ocrx_word' id='word_1_153' title='bbox 2235 1212 2426 1269; x_wconf 77' lang='lat' dir='ltr'><strong>XLVI.</strong></span> <span class='ocrx_word' id='word_1_154' title='bbox 2459 1243 2529 1253; x_wconf 97' lang='lat'><strong>—</strong></span> <span class='ocrx_word' id='word_1_155' title='bbox 2556 1206 2942 1265; x_wconf 79' lang='lat' dir='ltr'><strong>DUBOTHEO</strong></span> <span class='ocrx_word' id='word_1_156' title='bbox 2973 1207 3294 1265; x_wconf 86' lang='lat' dir='ltr'><strong>LECTORI.</strong></span> 
     </span>
    </p>
   </div>
   <div class='ocr_carea' id='block_1_24' title="bbox 2109 1298 3427 1368">
    <p class='ocr_par' dir='ltr' id='par_1_24' title="bbox 2109 1298 3427 1368">
     <span class='ocr_line' id='line_1_25' title="bbox 2109 1298 3427 1368; baseline -0.005 -9"><span class='ocrx_word' id='word_1_157' title='bbox 2109 1303 2174 1359; x_wconf 81' lang='lat' dir='ltr'><strong>In</strong></span> <span class='ocrx_word' id='word_1_158' title='bbox 2209 1303 2346 1358; x_wconf 84' lang='lat' dir='ltr'><strong>illud</strong></span> <span class='ocrx_word' id='word_1_159' title='bbox 2378 1303 2541 1357; x_wconf 85' lang='lat' dir='ltr'><strong>Pauli</strong></span> <span class='ocrx_word' id='word_1_160' title='bbox 2567 1302 2768 1356; x_wconf 82' lang='lat' dir='ltr'><strong>dictum</strong></span> <span class='ocrx_word' id='word_1_161' title='bbox 2801 1319 2818 1356; x_wconf 89' lang='lat'><em>:</em></span> <span class='ocrx_word' id='word_1_162' title='bbox 2860 1320 2880 1353; x_wconf 86' lang='grc'><em>‹</em></span> <span class='ocrx_word' id='word_1_163' title='bbox 2935 1298 3056 1354; x_wconf 78' lang='lat' dir='ltr'><strong>Etsi</strong></span> <span class='ocrx_word' id='word_1_164' title='bbox 3089 1299 3427 1368; x_wconf 81' lang='lat' dir='ltr'><strong>cognovimus</strong></span> 
     </span>
    </p>
   </div>
   <div class='ocr_carea' id='block_1_25' title="bbox 2211 1369 3328 1436">
    <p class='ocr_par' dir='ltr' id='par_1_25' title="bbox 2211 1369 3328 1436">
     <span class='ocr_line' id='line_1_26' title="bbox 2211 1369 3328 1436; baseline -0.006 -7"><span class='ocrx_word' id='word_1_165' title='bbox 2211 1373 2482 1429; x_wconf 79' lang='lat' dir='ltr'><strong>Christum</strong></span> <span class='ocrx_word' id='word_1_166' title='bbox 2506 1372 2799 1428; x_wconf 82' lang='lat' dir='ltr'><strong>secundum</strong></span> <span class='ocrx_word' id='word_1_167' title='bbox 2830 1387 3043 1426; x_wconf 82' lang='lat' dir='ltr'><strong>carnem</strong></span> <span class='ocrx_word' id='word_1_168' title='bbox 3069 1369 3135 1436; x_wconf 82' lang='grc'><strong>¹⁰,</strong></span> <span class='ocrx_word' id='word_1_169' title='bbox 3165 1378 3272 1424; x_wconf 84' lang='lat' dir='ltr'><strong>etc.</strong></span> <span class='ocrx_word' id='word_1_170' title='bbox 3306 1387 3328 1422; x_wconf 71' lang='grc' dir='ltr'><strong>ι</strong></span> 
     </span>
    </p>
   </div>
   <div class='ocr_carea' id='block_1_26' title="bbox 2037 1483 3571 1557">
    <p class='ocr_par' dir='ltr' id='par_1_26' title="bbox 2037 1483 3571 1557">
     <span class='ocr_line' id='line_1_27' title="bbox 2037 1483 3571 1557; baseline -0.004 -11"><span class='ocrx_word' id='word_1_171' title='bbox 2037 1487 2312 1546; x_wconf 83' lang='lat' dir='ltr'><strong>Fortassis</strong></span> <span class='ocrx_word' id='word_1_172' title='bbox 2360 1487 2486 1557; x_wconf 86' lang='lat' dir='ltr'><strong>quia</strong></span> <span class='ocrx_word' id='word_1_173' title='bbox 2552 1484 2809 1541; x_wconf 88' lang='lat' dir='ltr'><strong>Christus</strong></span> <span class='ocrx_word' id='word_1_174' title='bbox 2867 1483 3070 1540; x_wconf 78' lang='lat' dir='ltr'><strong>fratres</strong></span> <span class='ocrx_word' id='word_1_175' title='bbox 3121 1499 3251 1540; x_wconf 88' lang='lat' dir='ltr'><strong>suos</strong></span> <span class='ocrx_word' id='word_1_176' title='bbox 3277 1484 3571 1555; x_wconf 83' lang='lat' dir='ltr'><strong>appellavit</strong></span> 
     </span>
    </p>
   </div>
   <div class='ocr_carea' id='block_1_27' title="bbox 1965 1576 3571 1652">
    <p class='ocr_par' dir='ltr' id='par_1_27' title="bbox 1965 1576 3571 1652">
     <span class='ocr_line' id='line_1_28' title="bbox 1965 1576 3571 1652; baseline -0.004 -12"><span class='ocrx_word' id='word_1_177' title='bbox 1965 1598 2061 1640; x_wconf 87' lang='lat' dir='ltr'><strong>eos</strong></span> <span class='ocrx_word' id='word_1_178' title='bbox 2089 1581 2183 1652; x_wconf 93' lang='lat' dir='ltr'><strong>qui</strong></span> <span class='ocrx_word' id='word_1_179' title='bbox 2213 1578 2552 1635; x_wconf 83' lang='lat' dir='ltr'><strong>voluntatem</strong></span> <span class='ocrx_word' id='word_1_180' title='bbox 2586 1583 2874 1647; x_wconf 85' lang='lat' dir='ltr'><strong>paternam</strong></span> <span class='ocrx_word' id='word_1_181' title='bbox 2907 1576 3134 1640; x_wconf 80' lang='lat' dir='ltr'><strong>faciunt,</strong></span> <span class='ocrx_word' id='word_1_182' title='bbox 3171 1585 3226 1632; x_wconf 90' lang='lat' dir='ltr'><strong>et</strong></span> <span class='ocrx_word' id='word_1_183' title='bbox 3267 1576 3371 1632; x_wconf 86' lang='lat' dir='ltr'><strong>hoc</strong></span> <span class='ocrx_word' id='word_1_184' title='bbox 3408 1585 3571 1646; x_wconf 88' lang='lat' dir='ltr'><strong>pacto</strong></span> 
     </span>
    </p>
   </div>
   <div class='ocr_carea' id='block_1_28' title="bbox 1966 1668 3574 1739">
    <p class='ocr_par' dir='ltr' id='par_1_28' title="bbox 1966 1668 3574 1739">
     <span class='ocr_line' id='line_1_29' title="bbox 1966 1668 3574 1739; baseline -0.004 -8"><span class='ocrx_word' id='word_1_185' title='bbox 1966 1671 2404 1737; x_wconf 84' lang='lat' dir='ltr'><strong>demonstravit,</strong></span> <span class='ocrx_word' id='word_1_186' title='bbox 2461 1668 2740 1725; x_wconf 88' lang='lat' dir='ltr'><strong>carnalem</strong></span> <span class='ocrx_word' id='word_1_187' title='bbox 2793 1669 3178 1739; x_wconf 84' lang='lat' dir='ltr'><strong>cognationem</strong></span> <span class='ocrx_word' id='word_1_188' title='bbox 3237 1670 3390 1739; x_wconf 85' lang='lat' dir='ltr'><strong>parvi</strong></span> <span class='ocrx_word' id='word_1_189' title='bbox 3449 1683 3574 1724; x_wconf 84' lang='lat' dir='ltr'><strong>esse</strong></span> 
     </span>
    </p>
   </div>
   <div class='ocr_carea' id='block_1_29' title="bbox 1969 1760 3574 1834">
    <p class='ocr_par' dir='ltr' id='par_1_29' title="bbox 1969 1760 3574 1834">
     <span class='ocr_line' id='line_1_30' title="bbox 1969 1760 3574 1834; baseline -0.004 -13"><span class='ocrx_word' id='word_1_190' title='bbox 1969 1763 2232 1821; x_wconf 89' lang='lat' dir='ltr'><strong>momenti</strong></span> <span class='ocrx_word' id='word_1_191' title='bbox 2268 1761 2449 1834; x_wconf 85' lang='lat' dir='ltr'><strong>(dico,</strong></span> <span class='ocrx_word' id='word_1_192' title='bbox 2492 1761 2538 1817; x_wconf 93' lang='lat' dir='ltr'><strong>si</strong></span> <span class='ocrx_word' id='word_1_193' title='bbox 2570 1760 2714 1816; x_wconf 87' lang='lat' dir='ltr'><strong>absit</strong></span> <span class='ocrx_word' id='word_1_194' title='bbox 2751 1761 3011 1830; x_wconf 74' lang='lat' dir='ltr'><strong>cognatio</strong></span> <span class='ocrx_word' id='word_1_195' title='bbox 3052 1761 3352 1816; x_wconf 88' lang='lat' dir='ltr'><strong>secundum</strong></span> <span class='ocrx_word' id='word_1_196' title='bbox 3404 1760 3574 1828; x_wconf 88' lang='lat' dir='ltr'><strong>spiri-</strong></span> 
     </span>
    </p>
   </div>
   <div class='ocr_carea' id='block_1_30' title="bbox 257 1831 1884 1932">
    <p class='ocr_par' dir='ltr' id='par_1_30' title="bbox 257 1831 1859 1928">
     <span class='ocr_line' id='line_1_31' title="bbox 257 1831 1859 1928; baseline 0.001 -20"><span class='ocrx_word' id='word_1_197' title='bbox 257 1831 604 1925; x_wconf 29' lang='lat' dir='ltr'><strong>itcipsv‘xard.</strong></span> <span class='ocrx_word' id='word_1_198' title='bbox 624 1855 804 1927; x_wconf 83' lang='grc' dir='ltr'>σάρκα</span> <span class='ocrx_word' id='word_1_199' title='bbox 823 1857 1082 1928; x_wconf 79' lang='grc' dir='ltr'>Χριστὸν,</span> <span class='ocrx_word' id='word_1_200' title='bbox 1109 1857 1248 1912; x_wconf 81' lang='grc' dir='ltr'>ἀλλὰ.</span> <span class='ocrx_word' id='word_1_201' title='bbox 1264 1857 1361 1912; x_wconf 88' lang='grc' dir='ltr'><strong>νῦν</strong></span> <span class='ocrx_word' id='word_1_202' title='bbox 1382 1857 1569 1912; x_wconf 80' lang='grc' dir='ltr'>οὐκέτι</span> <span class='ocrx_word' id='word_1_203' title='bbox 1593 1831 1859 1925; x_wconf 78' lang='grc' dir='ltr'>γινώσκο-</span> 
     </span>
    </p>
   </div>
   <div class='ocr_carea' id='block_1_31' title="bbox 1965 1831 3575 1932">
    <p class='ocr_par' dir='ltr' id='par_1_31' title="bbox 1971 1831 3575 1932">
     <span class='ocr_line' id='line_1_32' title="bbox 1971 1831 3575 1932; baseline -0.004 -15"><span class='ocrx_word' id='word_1_204' title='bbox 1971 1861 2145 1932; x_wconf 88' lang='lat' dir='ltr'><strong>tum),</strong></span> <span class='ocrx_word' id='word_1_205' title='bbox 2188 1831 2397 1915; x_wconf 86' lang='lat' dir='ltr'><strong>Idcirco</strong></span> <span class='ocrx_word' id='word_1_206' title='bbox 2441 1858 2607 1912; x_wconf 83' lang='lat' dir='ltr'><strong>etiam</strong></span> <span class='ocrx_word' id='word_1_207' title='bbox 2649 1855 2947 1926; x_wconf 80' lang='lat' dir='ltr'><strong>Apostolus</strong></span> <span class='ocrx_word' id='word_1_208' title='bbox 2989 1854 3128 1911; x_wconf 73' lang='lat' dir='ltr'><strong>dixit</strong></span> <span class='ocrx_word' id='word_1_209' title='bbox 3178 1871 3194 1908; x_wconf 92' lang='lat'><strong>:</strong></span> <span class='ocrx_word' id='word_1_210' title='bbox 3242 1871 3264 1906; x_wconf 74' lang='grc' dir='ltr'><strong>ι</strong></span> <span class='ocrx_word' id='word_1_211' title='bbox 3316 1855 3429 1912; x_wconf 86' lang='lat' dir='ltr'><strong>Etsi</strong></span> <span class='ocrx_word' id='word_1_212' title='bbox 3477 1869 3575 1911; x_wconf 88' lang='lat' dir='ltr'><strong>co-</strong></span> 
     </span>
    </p>
   </div>
   <div class='ocr_carea' id='block_1_32' title="bbox 258 1939 1859 2019">
    <p class='ocr_par' dir='ltr' id='par_1_32' title="bbox 258 1939 1859 2019">
     <span class='ocr_line' id='line_1_33' title="bbox 258 1939 1859 2019; baseline 0.001 -21"><span class='ocrx_word' id='word_1_213' title='bbox 258 1961 383 2016; x_wconf 74' lang='grc' dir='ltr'>μενο</span> <span class='ocrx_word' id='word_1_214' title='bbox 410 1962 430 1995; x_wconf 76' lang='grc' dir='ltr'><strong><em>ι</em></strong></span> <span class='ocrx_word' id='word_1_215' title='bbox 456 1939 588 1998; x_wconf 77' lang='grc' dir='ltr'>οἷον·</span> <span class='ocrx_word' id='word_1_216' title='bbox 610 1946 673 1998; x_wconf 78' lang='lat' dir='ltr'><strong>Ei</strong></span> <span class='ocrx_word' id='word_1_217' title='bbox 692 1947 1210 2018; x_wconf 73' lang='grc' dir='ltr'>καὶὲσεμνυνόμεθα</span> <span class='ocrx_word' id='word_1_218' title='bbox 1232 1947 1425 2019; x_wconf 85' lang='grc' dir='ltr'>πρώην</span> <span class='ocrx_word' id='word_1_219' title='bbox 1440 1948 1490 2000; x_wconf 78' lang='grc' dir='ltr'><strong>οῖ</strong></span> <span class='ocrx_word' id='word_1_220' title='bbox 1509 1948 1569 2014; x_wconf 74' lang='grc' dir='ltr'>ἐξ</span> <span class='ocrx_word' id='word_1_221' title='bbox 1586 1946 1859 2001; x_wconf 75' lang='grc' dir='ltr'>Ἰουδαίων</span> 
     </span>
    </p>
   </div>
   <div class='ocr_carea' id='block_1_33' title="bbox 255 2036 1857 2112">
    <p class='ocr_par' dir='ltr' id='par_1_33' title="bbox 255 2036 1857 2112">
     <span class='ocr_line' id='line_1_34' title="bbox 255 2036 1857 2112; baseline 0.002 -22"><span class='ocrx_word' id='word_1_222' title='bbox 255 2036 657 2102; x_wconf 84' lang='grc' dir='ltr'><strong>πιστεύσαντες</strong></span> <span class='ocrx_word' id='word_1_223' title='bbox 689 2041 756 2110; x_wconf 82' lang='grc' dir='ltr'>τῇ</span> <span class='ocrx_word' id='word_1_224' title='bbox 811 2041 956 2094; x_wconf 81' lang='grc' dir='ltr'>κατὰ</span> <span class='ocrx_word' id='word_1_225' title='bbox 987 2040 1170 2110; x_wconf 81' lang='grc' dir='ltr'>σάρκα</span> <span class='ocrx_word' id='word_1_226' title='bbox 1197 2040 1365 2095; x_wconf 83' lang='grc' dir='ltr'>αὐτοῦ</span> <span class='ocrx_word' id='word_1_227' title='bbox 1398 2040 1726 2112; x_wconf 79' lang='grc' dir='ltr'>συγγενείᾳ,</span> <span class='ocrx_word' id='word_1_228' title='bbox 1761 2040 1857 2095; x_wconf 92' lang='grc' dir='ltr'><strong>νῦν</strong></span> 
     </span>
    </p>
   </div>
   <div class='ocr_carea' id='block_1_34' title="bbox 253 2129 1860 2204">
    <p class='ocr_par' dir='ltr' id='par_1_34' title="bbox 253 2129 1860 2204">
     <span class='ocr_line' id='line_1_35' title="bbox 253 2129 1860 2204; baseline 0.001 -22"><span class='ocrx_word' id='word_1_229' title='bbox 253 2129 318 2182; x_wconf 82' lang='grc' dir='ltr'>οὐ</span> <span class='ocrx_word' id='word_1_230' title='bbox 347 2129 522 2204; x_wconf 79' lang='grc' dir='ltr'>ταύτῃ</span> <span class='ocrx_word' id='word_1_231' title='bbox 549 2129 985 2201; x_wconf 80' lang='grc' dir='ltr'>ὲναϐρυνόμεθα,</span> <span class='ocrx_word' id='word_1_232' title='bbox 1009 2131 1148 2185; x_wconf 87' lang='grc' dir='ltr'>άλλά</span> <span class='ocrx_word' id='word_1_233' title='bbox 1176 2134 1244 2203; x_wconf 85' lang='grc' dir='ltr'><strong>τῇ</strong></span> <span class='ocrx_word' id='word_1_234' title='bbox 1276 2133 1400 2186; x_wconf 88' lang='grc' dir='ltr'>κατ’</span> <span class='ocrx_word' id='word_1_235' title='bbox 1421 2132 1735 2204; x_wconf 80' lang='grc' dir='ltr'>οἰκειότητα</span> <span class='ocrx_word' id='word_1_236' title='bbox 1764 2132 1860 2184; x_wconf 80' lang='grc' dir='ltr'><strong>αὑ-</strong></span> 
     </span>
    </p>
   </div>
   <div class='ocr_carea' id='block_1_35' title="bbox 253 2221 1859 2296">
    <p class='ocr_par' dir='ltr' id='par_1_35' title="bbox 253 2221 1859 2296">
     <span class='ocr_line' id='line_1_36' title="bbox 253 2221 1859 2296; baseline 0.001 -21"><span class='ocrx_word' id='word_1_237' title='bbox 253 2221 352 2275; x_wconf 87' lang='grc' dir='ltr'><strong>τοῦ</strong></span> <span class='ocrx_word' id='word_1_238' title='bbox 378 2222 668 2294; x_wconf 74' lang='grc' dir='ltr'>ἀγχιστεία</span> <span class='ocrx_word' id='word_1_239' title='bbox 691 2263 706 2287; x_wconf 93' lang='grc'><strong>,</strong></span> <span class='ocrx_word' id='word_1_240' title='bbox 748 2225 818 2295; x_wconf 76' lang='grc' dir='ltr'>ἢν</span> <span class='ocrx_word' id='word_1_241' title='bbox 847 2223 936 2278; x_wconf 83' lang='grc' dir='ltr'>διὰ</span> <span class='ocrx_word' id='word_1_242' title='bbox 965 2227 1066 2295; x_wconf 78' lang='grc' dir='ltr'>τῆς</span> <span class='ocrx_word' id='word_1_243' title='bbox 1099 2225 1305 2296; x_wconf 80' lang='grc' dir='ltr'>ἀρετῆς</span> <span class='ocrx_word' id='word_1_244' title='bbox 1347 2224 1733 2295; x_wconf 82' lang='grc' dir='ltr'>καρπούμεθα.</span> <span class='ocrx_word' id='word_1_245' title='bbox 1765 2223 1859 2276; x_wconf 81' lang='grc' dir='ltr'><strong>Διὸ</strong></span> 
     </span>
    </p>
   </div>
   <div class='ocr_carea' id='block_1_36' title="bbox 255 2314 1860 2387">
    <p class='ocr_par' dir='ltr' id='par_1_36' title="bbox 255 2314 1860 2387">
     <span class='ocr_line' id='line_1_37' title="bbox 255 2314 1860 2387; baseline -0.001 -18"><span class='ocrx_word' id='word_1_246' title='bbox 255 2317 356 2369; x_wconf 79' lang='grc' dir='ltr'>καὶ</span> <span class='ocrx_word' id='word_1_247' title='bbox 406 2315 591 2385; x_wconf 75' lang='grc' dir='ltr'>ἔλεγεο</span> <span class='ocrx_word' id='word_1_248' title='bbox 631 2333 651 2366; x_wconf 74' lang='grc' dir='ltr'><strong>ι</strong></span> <span class='ocrx_word' id='word_1_249' title='bbox 691 2316 947 2387; x_wconf 86' lang='grc' dir='ltr'>Μιμηταί</span> <span class='ocrx_word' id='word_1_250' title='bbox 995 2333 1098 2387; x_wconf 89' lang='grc' dir='ltr'><strong>μου</strong></span> <span class='ocrx_word' id='word_1_251' title='bbox 1154 2317 1405 2386; x_wconf 86' lang='grc' dir='ltr'>γίνεσθε,</span> <span class='ocrx_word' id='word_1_252' title='bbox 1455 2314 1642 2377; x_wconf 81' lang='grc' dir='ltr'>καθὼς</span> <span class='ocrx_word' id='word_1_253' title='bbox 1701 2315 1860 2383; x_wconf 79' lang='grc' dir='ltr'><strong>κάγὼ</strong></span> 
     </span>
    </p>
   </div>
   <div class='ocr_carea' id='block_1_37' title="bbox 253 2406 1857 2482">
    <p class='ocr_par' dir='ltr' id='par_1_37' title="bbox 253 2406 1857 2482">
     <span class='ocr_line' id='line_1_38' title="bbox 253 2406 1857 2482; baseline -0.002 -21"><span class='ocrx_word' id='word_1_254' title='bbox 253 2407 534 2478; x_wconf 68' lang='grc' dir='ltr'>Χριστοῦ*</span> <span class='ocrx_word' id='word_1_255' title='bbox 579 2425 599 2459; x_wconf 72' lang='grc' dir='ltr'><strong>ι</strong></span> <span class='ocrx_word' id='word_1_256' title='bbox 637 2407 840 2462; x_wconf 79' lang='grc' dir='ltr'>ὡσανεὶ</span> <span class='ocrx_word' id='word_1_257' title='bbox 886 2406 1043 2477; x_wconf 72' lang='grc' dir='ltr'>ἔλεγε</span> <span class='ocrx_word' id='word_1_258' title='bbox 1068 2425 1083 2439; x_wconf 78' lang='grc' dir='ltr'><strong>ο</strong></span> <span class='ocrx_word' id='word_1_259' title='bbox 1117 2409 1195 2480; x_wconf 78' lang='grc' dir='ltr'>Τῇ</span> <span class='ocrx_word' id='word_1_260' title='bbox 1237 2411 1471 2482; x_wconf 80' lang='grc' dir='ltr'>μιμήσει</span> <span class='ocrx_word' id='word_1_261' title='bbox 1515 2406 1857 2478; x_wconf 78' lang='grc' dir='ltr'>σεμνύνομαι</span> 
     </span>
    </p>
   </div>
   <div class='ocr_carea' id='block_1_38' title="bbox 258 2499 1348 2573">
    <p class='ocr_par' dir='ltr' id='par_1_38' title="bbox 258 2499 1348 2573">
     <span class='ocr_line' id='line_1_39' title="bbox 258 2499 1348 2573; baseline 0.003 -20"><span class='ocrx_word' id='word_1_262' title='bbox 258 2499 466 2571; x_wconf 77' lang='grc' dir='ltr'>μᾶλλον</span> <span class='ocrx_word' id='word_1_263' title='bbox 493 2500 526 2572; x_wconf 78' lang='grc' dir='ltr'>ἢ</span> <span class='ocrx_word' id='word_1_264' title='bbox 556 2503 624 2572; x_wconf 81' lang='grc' dir='ltr'>τῇ</span> <span class='ocrx_word' id='word_1_265' title='bbox 649 2501 793 2555; x_wconf 81' lang='grc' dir='ltr'>κατὰ</span> <span class='ocrx_word' id='word_1_266' title='bbox 814 2501 999 2573; x_wconf 82' lang='grc' dir='ltr'>σάρκα</span> <span class='ocrx_word' id='word_1_267' title='bbox 1032 2501 1348 2573; x_wconf 71' lang='grc' dir='ltr'>ἀγχιστεία.</span> 
     </span>
    </p>
   </div>
   <div class='ocr_carea' id='block_1_39' title="bbox 1969 1945 3573 2022">
    <p class='ocr_par' dir='ltr' id='par_1_39' title="bbox 1969 1945 3573 2022">
     <span class='ocr_line' id='line_1_40' title="bbox 1969 1945 3573 2022; baseline -0.002 -18"><span class='ocrx_word' id='word_1_268' title='bbox 1969 1949 2254 2022; x_wconf 86' lang='lat' dir='ltr'><strong>gnovimus</strong></span> <span class='ocrx_word' id='word_1_269' title='bbox 2280 1947 2558 2003; x_wconf 88' lang='lat' dir='ltr'><strong>Christum</strong></span> <span class='ocrx_word' id='word_1_270' title='bbox 2590 1945 2893 2002; x_wconf 89' lang='lat' dir='ltr'><strong>secundum</strong></span> <span class='ocrx_word' id='word_1_271' title='bbox 2929 1959 3176 2012; x_wconf 89' lang='lat' dir='ltr'><strong>carnem,</strong></span> <span class='ocrx_word' id='word_1_272' title='bbox 3204 1953 3263 1999; x_wconf 89' lang='lat' dir='ltr'><strong>at</strong></span> <span class='ocrx_word' id='word_1_273' title='bbox 3297 1959 3441 2000; x_wconf 91' lang='lat' dir='ltr'><strong>nunc</strong></span> <span class='ocrx_word' id='word_1_274' title='bbox 3463 1958 3573 2000; x_wconf 89' lang='lat' dir='ltr'><strong>non</strong></span> 
     </span>
    </p>
   </div>
   <div class='ocr_carea' id='block_1_40' title="bbox 1967 2033 3571 2111">
    <p class='ocr_par' dir='ltr' id='par_1_40' title="bbox 1967 2033 3571 2111">
     <span class='ocr_line' id='line_1_41' title="bbox 1967 2033 3571 2111; baseline -0.003 -15"><span class='ocrx_word' id='word_1_275' title='bbox 1967 2041 2200 2111; x_wconf 87' lang='lat' dir='ltr'><strong>amplius</strong></span> <span class='ocrx_word' id='word_1_276' title='bbox 2231 2039 2502 2094; x_wconf 81' lang='lat' dir='ltr'><strong>novimus.</strong></span> <span class='ocrx_word' id='word_1_277' title='bbox 2547 2056 2572 2089; x_wconf 74' lang='grc'><strong>»-</strong></span> <span class='ocrx_word' id='word_1_278' title='bbox 2605 2035 2774 2104; x_wconf 85' lang='lat' dir='ltr'><strong>Quasi</strong></span> <span class='ocrx_word' id='word_1_279' title='bbox 2812 2035 3050 2101; x_wconf 86' lang='lat' dir='ltr'><strong>diceret,</strong></span> <span class='ocrx_word' id='word_1_280' title='bbox 3083 2033 3410 2106; x_wconf 83' lang='lat' dir='ltr'><strong>Quanquam</strong></span> <span class='ocrx_word' id='word_1_281' title='bbox 3445 2049 3571 2104; x_wconf 86' lang='lat' dir='ltr'><strong>nos,</strong></span> 
     </span>
    </p>
   </div>
   <div class='ocr_carea' id='block_1_41' title="bbox 1968 2126 3578 2202">
    <p class='ocr_par' dir='ltr' id='par_1_41' title="bbox 1968 2126 3578 2202">
     <span class='ocr_line' id='line_1_42' title="bbox 1968 2126 3578 2202; baseline -0.003 -15"><span class='ocrx_word' id='word_1_282' title='bbox 1968 2130 2061 2202; x_wconf 88' lang='lat' dir='ltr'><strong>qui</strong></span> <span class='ocrx_word' id='word_1_283' title='bbox 2104 2145 2171 2186; x_wconf 79' lang='lat' dir='ltr'><strong>ex</strong></span> <span class='ocrx_word' id='word_1_284' title='bbox 2205 2129 2409 2185; x_wconf 72' lang='lat' dir='ltr'><strong>Judzeis</strong></span> <span class='ocrx_word' id='word_1_285' title='bbox 2437 2128 2775 2184; x_wconf 86' lang='lat' dir='ltr'><strong>credidimus</strong></span> <span class='ocrx_word' id='word_1_286' title='bbox 2804 2127 3050 2194; x_wconf 84' lang='lat' dir='ltr'><strong>Christo,</strong></span> <span class='ocrx_word' id='word_1_287' title='bbox 3079 2126 3223 2182; x_wconf 89' lang='lat' dir='ltr'><strong>soliti</strong></span> <span class='ocrx_word' id='word_1_288' title='bbox 3252 2142 3443 2183; x_wconf 83' lang='lat' dir='ltr'><strong>sumus</strong></span> <span class='ocrx_word' id='word_1_289' title='bbox 3475 2144 3578 2182; x_wconf 87' lang='lat' dir='ltr'><strong>an-</strong></span> 
     </span>
    </p>
   </div>
   <div class='ocr_carea' id='block_1_42' title="bbox 1969 2218 3573 2291">
    <p class='ocr_par' dir='ltr' id='par_1_42' title="bbox 1969 2218 3573 2291">
     <span class='ocr_line' id='line_1_43' title="bbox 1969 2218 3573 2291; baseline -0.003 -13"><span class='ocrx_word' id='word_1_290' title='bbox 1969 2232 2055 2278; x_wconf 89' lang='lat' dir='ltr'><strong>tea</strong></span> <span class='ocrx_word' id='word_1_291' title='bbox 2094 2221 2302 2276; x_wconf 87' lang='lat' dir='ltr'><strong>carnali</strong></span> <span class='ocrx_word' id='word_1_292' title='bbox 2343 2219 2770 2291; x_wconf 82' lang='lat' dir='ltr'><strong>propinquitate,</strong></span> <span class='ocrx_word' id='word_1_293' title='bbox 2814 2233 2922 2288; x_wconf 87' lang='lat' dir='ltr'><strong>qua</strong></span> <span class='ocrx_word' id='word_1_294' title='bbox 2961 2233 3090 2274; x_wconf 86' lang='lat' dir='ltr'><strong>cum</strong></span> <span class='ocrx_word' id='word_1_295' title='bbox 3134 2218 3253 2288; x_wconf 87' lang='lat' dir='ltr'><strong>ipso</strong></span> <span class='ocrx_word' id='word_1_296' title='bbox 3295 2219 3573 2290; x_wconf 82' lang='lat' dir='ltr'><strong>conjuncti</strong></span> 
     </span>
    </p>
   </div>
   <div class='ocr_carea' id='block_1_43' title="bbox 1968 2308 3576 2385">
    <p class='ocr_par' dir='ltr' id='par_1_43' title="bbox 1968 2308 3576 2385">
     <span class='ocr_line' id='line_1_44' title="bbox 1968 2308 3576 2385; baseline -0.002 -15"><span class='ocrx_word' id='word_1_297' title='bbox 1968 2328 2181 2379; x_wconf 84' lang='lat' dir='ltr'><strong>sumus,</strong></span> <span class='ocrx_word' id='word_1_298' title='bbox 2225 2312 2478 2385; x_wconf 89' lang='lat' dir='ltr'><strong>gloriari,</strong></span> <span class='ocrx_word' id='word_1_299' title='bbox 2527 2311 2642 2380; x_wconf 78' lang='lat' dir='ltr'><strong>jam</strong></span> <span class='ocrx_word' id='word_1_300' title='bbox 2698 2319 2882 2365; x_wconf 87' lang='lat' dir='ltr'><strong>tamen</strong></span> <span class='ocrx_word' id='word_1_301' title='bbox 2929 2323 3039 2365; x_wconf 94' lang='lat' dir='ltr'><strong>non</strong></span> <span class='ocrx_word' id='word_1_302' title='bbox 3085 2308 3317 2380; x_wconf 84' lang='lat' dir='ltr'><strong>amplius</strong></span> <span class='ocrx_word' id='word_1_303' title='bbox 3361 2324 3426 2365; x_wconf 89' lang='lat' dir='ltr'><strong>ea</strong></span> <span class='ocrx_word' id='word_1_304' title='bbox 3470 2325 3576 2366; x_wconf 86' lang='lat' dir='ltr'><strong>nos</strong></span> 
     </span>
    </p>
   </div>
   <div class='ocr_carea' id='block_1_44' title="bbox 1968 2401 3576 2475">
    <p class='ocr_par' dir='ltr' id='par_1_44' title="bbox 1968 2401 3576 2475">
     <span class='ocr_line' id='line_1_45' title="bbox 1968 2401 3576 2475; baseline -0.001 -15"><span class='ocrx_word' id='word_1_305' title='bbox 1968 2405 2273 2470; x_wconf 80' lang='lat' dir='ltr'><strong>cﬂerimus,</strong></span> <span class='ocrx_word' id='word_1_306' title='bbox 2327 2404 2423 2459; x_wconf 88' lang='lat' dir='ltr'><strong>sed</strong></span> <span class='ocrx_word' id='word_1_307' title='bbox 2457 2403 2641 2475; x_wconf 86' lang='lat' dir='ltr'><strong>potius</strong></span> <span class='ocrx_word' id='word_1_308' title='bbox 2688 2401 2779 2457; x_wconf 88' lang='lat' dir='ltr'><strong>illa</strong></span> <span class='ocrx_word' id='word_1_309' title='bbox 2827 2402 3256 2473; x_wconf 86' lang='lat' dir='ltr'><strong>propinquitate,</strong></span> <span class='ocrx_word' id='word_1_310' title='bbox 3307 2417 3428 2474; x_wconf 87' lang='lat' dir='ltr'><strong>quae</strong></span> <span class='ocrx_word' id='word_1_311' title='bbox 3474 2418 3576 2459; x_wconf 84' lang='lat' dir='ltr'><strong>nos</strong></span> 
     </span>
    </p>
   </div>
   <div class='ocr_carea' id='block_1_45' title="bbox 1969 2476 3574 2565">
    <p class='ocr_par' dir='ltr' id='par_1_45' title="bbox 1969 2476 3574 2565">
     <span class='ocr_line' id='line_1_46' title="bbox 1969 2476 3574 2565; baseline 0 -17"><span class='ocrx_word' id='word_1_312' title='bbox 1969 2494 2076 2565; x_wconf 87' lang='lat' dir='ltr'><strong>ipsi</strong></span> <span class='ocrx_word' id='word_1_313' title='bbox 2099 2495 2307 2551; x_wconf 84' lang='lat' dir='ltr'><strong>similes</strong></span> <span class='ocrx_word' id='word_1_314' title='bbox 2333 2491 2517 2559; x_wconf 74' lang='lat' dir='ltr'><strong>elﬁcit,</strong></span> <span class='ocrx_word' id='word_1_315' title='bbox 2543 2509 2649 2565; x_wconf 91' lang='lat' dir='ltr'><strong>qua</strong></span> <span class='ocrx_word' id='word_1_316' title='bbox 2681 2507 2780 2564; x_wconf 88' lang='lat' dir='ltr'><strong>per</strong></span> <span class='ocrx_word' id='word_1_317' title='bbox 2816 2476 3078 2549; x_wconf 77' lang='lat' dir='ltr'><strong>virtutem</strong></span> <span class='ocrx_word' id='word_1_318' title='bbox 3111 2493 3364 2549; x_wconf 74' lang='lat' dir='ltr'><strong>fruimur.</strong></span> <span class='ocrx_word' id='word_1_319' title='bbox 3398 2493 3574 2562; x_wconf 89' lang='lat' dir='ltr'><strong>Quam</strong></span> 
     </span>
    </p>
   </div>
   <div class='ocr_carea' id='block_1_46' title="bbox 252 2583 3574 2658">
    <p class='ocr_par' dir='ltr' id='par_1_46' title="bbox 252 2583 3574 2658">
     <span class='ocr_line' id='line_1_47' title="bbox 252 2583 3574 2658; baseline -0.001 -12"><span class='ocrx_word' id='word_1_320' title='bbox 252 2593 420 2647; x_wconf 87' lang='lat' dir='ltr'><strong>etiam</strong></span> <span class='ocrx_word' id='word_1_321' title='bbox 462 2593 532 2647; x_wconf 91' lang='lat' dir='ltr'><strong>ob</strong></span> <span class='ocrx_word' id='word_1_322' title='bbox 571 2608 793 2647; x_wconf 84' lang='lat' dir='ltr'><strong>causam</strong></span> <span class='ocrx_word' id='word_1_323' title='bbox 831 2594 972 2649; x_wconf 76' lang='lat' dir='ltr'><strong>dixit</strong></span> <span class='ocrx_word' id='word_1_324' title='bbox 1017 2611 1030 2648; x_wconf 90' lang='lat'><strong>:</strong></span> <span class='ocrx_word' id='word_1_325' title='bbox 1084 2612 1104 2646; x_wconf 72' lang='grc' dir='ltr'><strong>ι</strong></span> <span class='ocrx_word' id='word_1_326' title='bbox 1150 2594 1461 2650; x_wconf 87' lang='lat' dir='ltr'><strong>Itnitatores</strong></span> <span class='ocrx_word' id='word_1_327' title='bbox 1500 2593 1608 2649; x_wconf 90' lang='lat' dir='ltr'><strong>mei</strong></span> <span class='ocrx_word' id='word_1_328' title='bbox 1651 2601 1851 2654; x_wconf 88' lang='lat' dir='ltr'><strong>estote,</strong></span> <span class='ocrx_word' id='word_1_329' title='bbox 1891 2587 2039 2643; x_wconf 87' lang='lat' dir='ltr'><strong>sicut</strong></span> <span class='ocrx_word' id='word_1_330' title='bbox 2077 2596 2133 2644; x_wconf 92' lang='lat' dir='ltr'><strong>et</strong></span> <span class='ocrx_word' id='word_1_331' title='bbox 2163 2601 2267 2658; x_wconf 90' lang='lat' dir='ltr'><strong>ego</strong></span> <span class='ocrx_word' id='word_1_332' title='bbox 2315 2601 2436 2644; x_wconf 88' lang='lat' dir='ltr'><strong>sum</strong></span> <span class='ocrx_word' id='word_1_333' title='bbox 2490 2586 2698 2644; x_wconf 86' lang='lat' dir='ltr'><strong>Christi</strong></span> <span class='ocrx_word' id='word_1_334' title='bbox 2728 2587 2793 2642; x_wconf 85' lang='lat'><strong>“.</strong></span> <span class='ocrx_word' id='word_1_335' title='bbox 2832 2605 2850 2636; x_wconf 71' lang='grc' dir='ltr'><strong>ι</strong></span> <span class='ocrx_word' id='word_1_336' title='bbox 2886 2585 3051 2656; x_wconf 86' lang='lat' dir='ltr'><strong>Q..asi</strong></span> <span class='ocrx_word' id='word_1_337' title='bbox 3100 2586 3332 2655; x_wconf 85' lang='lat' dir='ltr'><strong>diceret,</strong></span> <span class='ocrx_word' id='word_1_338' title='bbox 3381 2583 3574 2643; x_wconf 85' lang='lat' dir='ltr'><strong>Imita-</strong></span> 
     </span>
    </p>
   </div>
   <div class='ocr_carea' id='block_1_47' title="bbox 257 2689 2000 2763">
    <p class='ocr_par' dir='ltr' id='par_1_47' title="bbox 257 2689 2000 2763">
     <span class='ocr_line' id='line_1_48' title="bbox 257 2689 2000 2763; baseline -0.002 -18"><span class='ocrx_word' id='word_1_339' title='bbox 257 2689 406 2746; x_wconf 90' lang='lat' dir='ltr'><strong>tioue</strong></span> <span class='ocrx_word' id='word_1_340' title='bbox 456 2690 631 2762; x_wconf 88' lang='lat' dir='ltr'><strong>magis</strong></span> <span class='ocrx_word' id='word_1_341' title='bbox 665 2690 871 2760; x_wconf 80' lang='lat' dir='ltr'><strong>glorior</strong></span> <span class='ocrx_word' id='word_1_342' title='bbox 905 2691 1148 2757; x_wconf 81' lang='lat' dir='ltr'><strong>Christi,</strong></span> <span class='ocrx_word' id='word_1_343' title='bbox 1184 2707 1349 2761; x_wconf 86' lang='lat' dir='ltr'><strong>quam</strong></span> <span class='ocrx_word' id='word_1_344' title='bbox 1394 2693 1601 2748; x_wconf 88' lang='lat' dir='ltr'><strong>carnali</strong></span> <span class='ocrx_word' id='word_1_345' title='bbox 1653 2690 2000 2763; x_wconf 88' lang='lat' dir='ltr'><strong>cognatione.</strong></span> 
     </span>
    </p>
   </div>
   <div class='ocr_carea' id='block_1_48' title="bbox 727 2785 1406 2857">
    <p class='ocr_par' dir='ltr' id='par_1_48' title="bbox 727 2785 1406 2857">
     <span class='ocr_line' id='line_1_49' title="bbox 727 2785 1406 2857; baseline 0.001 -19"><span class='ocrx_word' id='word_1_346' title='bbox 727 2785 861 2839; x_wconf 85' lang='lat' dir='ltr'><strong>MZ&#39;.</strong></span> <span class='ocrx_word' id='word_1_347' title='bbox 895 2815 966 2825; x_wconf 90' lang='lat'><strong><em>—</em></strong></span> <span class='ocrx_word' id='word_1_348' title='bbox 1003 2785 1236 2857; x_wconf 78' lang='grc' dir='ltr'><strong>ΠΑΥΛῼ</strong></span> <span class='ocrx_word' id='word_1_349' title='bbox 1270 2785 1406 2857; x_wconf 68' lang='grc' dir='ltr'>(ιδ).</span> 
     </span>
    </p>
   </div>
   <div class='ocr_carea' id='block_1_49' title="bbox 255 2874 1856 2949">
    <p class='ocr_par' dir='ltr' id='par_1_49' title="bbox 255 2874 1856 2949">
     <span class='ocr_line' id='line_1_50' title="bbox 255 2874 1856 2949; baseline 0.031 -54"><span class='ocrx_word' id='word_1_350' title='bbox 255 2875 391 2949; x_wconf 49' lang='grc' dir='ltr'><strong>,οη</strong></span> <span class='ocrx_word' id='word_1_351' title='bbox 605 2876 676 2949; x_wconf 63' lang='grc' dir='ltr'>τρ</span> <span class='ocrx_word' id='word_1_352' title='bbox 700 2876 1002 2949; x_wconf 28' lang='grc' dir='ltr'>’φρόνημα</span> <span class='ocrx_word' id='word_1_353' title='bbox 1065 2875 1188 2931; x_wconf 78' lang='grc' dir='ltr'>τῶν</span> <span class='ocrx_word' id='word_1_354' title='bbox 1225 2878 1714 2947; x_wconf 75' lang='grc' dir='ltr'>σφαλλομένων.</span> <span class='ocrx_word' id='word_1_355' title='bbox 1765 2878 1856 2949; x_wconf 79' lang='grc' dir='ltr'>μὴ</span> 
     </span>
    </p>
   </div>
   <div class='ocr_carea' id='block_1_50' title="bbox 329 2945 1857 3019">
    <p class='ocr_par' dir='ltr' id='par_1_50' title="bbox 329 2945 1857 3019">
     <span class='ocr_line' id='line_1_51' title="bbox 329 2945 1857 3019; baseline 0.003 -21"><span class='ocrx_word' id='word_1_356' title='bbox 329 2945 717 3019; x_wconf 35' lang='grc' dir='ltr'><strong>οιομέξων-δὲ</strong></span> <span class='ocrx_word' id='word_1_357' title='bbox 757 2946 1192 3019; x_wconf 54' lang='grc' dir='ltr'>σφάλᾷεσθαι,</span> <span class='ocrx_word' id='word_1_358' title='bbox 1245 2945 1586 3016; x_wconf 65' lang='grc' dir='ltr'>καθαιρέῐνο</span> <span class='ocrx_word' id='word_1_359' title='bbox 1640 2945 1857 3019; x_wconf 69' lang='grc' dir='ltr'>γνωσιέ</span> 
     </span>
    </p>
   </div>
   <div class='ocr_carea' id='block_1_51' title="bbox 327 3013 1348 3086">
    <p class='ocr_par' dir='ltr' id='par_1_51' title="bbox 327 3013 1348 3086">
     <span class='ocr_line' id='line_1_52' title="bbox 327 3013 1348 3086; baseline 0.004 -18"><span class='ocrx_word' id='word_1_360' title='bbox 327 3013 597 3084; x_wconf 79' lang='grc' dir='ltr'>μαχοῦσι</span> <span class='ocrx_word' id='word_1_361' title='bbox 622 3015 692 3068; x_wconf 78' lang='grc' dir='ltr'>δὲ</span> <span class='ocrx_word' id='word_1_362' title='bbox 723 3014 1094 3086; x_wconf 72' lang='grc' dir='ltr'><strong>συγγνώμην</strong></span> <span class='ocrx_word' id='word_1_363' title='bbox 1119 3015 1348 3086; x_wconf 75' lang='grc' dir='ltr'>νέμειν.</span> 
     </span>
    </p>
   </div>
   <div class='ocr_carea' id='block_1_52' title="bbox 2469 2780 3082 2838">
    <p class='ocr_par' dir='ltr' id='par_1_52' title="bbox 2469 2780 3082 2838">
     <span class='ocr_line' id='line_1_53' title="bbox 2469 2780 3082 2838; baseline -0.003 -2"><span class='ocrx_word' id='word_1_364' title='bbox 2469 2781 2675 2838; x_wconf 78' lang='lat' dir='ltr'><strong>XLVII.</strong></span> <span class='ocrx_word' id='word_1_365' title='bbox 2717 2811 2786 2821; x_wconf 93' lang='lat'><strong>-—</strong></span> <span class='ocrx_word' id='word_1_366' title='bbox 2825 2780 3082 2838; x_wconf 84' lang='lat' dir='ltr'><strong>PAULO.</strong></span> 
     </span>
    </p>
   </div>
   <div class='ocr_carea' id='block_1_53' title="bbox 1972 2871 3575 2943">
    <p class='ocr_par' dir='ltr' id='par_1_53' title="bbox 1972 2871 3575 2943">
     <span class='ocr_line' id='line_1_54' title="bbox 1972 2871 3575 2943; baseline 0 -17"><span class='ocrx_word' id='word_1_367' title='bbox 1972 2871 2228 2943; x_wconf 79' lang='lat' dir='ltr'><strong>Oporlere</strong></span> <span class='ocrx_word' id='word_1_368' title='bbox 2272 2872 2574 2939; x_wconf 72' lang='lat' dir='ltr'><strong>superbiam</strong></span> <span class='ocrx_word' id='word_1_369' title='bbox 2607 2889 2790 2927; x_wconf 82' lang='lat' dir='ltr'><strong>eorum</strong></span> <span class='ocrx_word' id='word_1_370' title='bbox 2813 2873 2903 2942; x_wconf 81' lang='lat' dir='ltr'><strong>qui</strong></span> <span class='ocrx_word' id='word_1_371' title='bbox 2930 2882 3137 2938; x_wconf 82' lang='lat' dir='ltr'><strong>errant,</strong></span> <span class='ocrx_word' id='word_1_372' title='bbox 3175 2888 3268 2926; x_wconf 79' lang='lat' dir='ltr'><strong>nec</strong></span> <span class='ocrx_word' id='word_1_373' title='bbox 3294 2881 3470 2927; x_wconf 81' lang='lat' dir='ltr'><strong>tamen</strong></span> <span class='ocrx_word' id='word_1_374' title='bbox 3518 2889 3575 2926; x_wconf 75' lang='lat' dir='ltr'><strong>se</strong></span> 
     </span>
    </p>
   </div>
   <div class='ocr_carea' id='block_1_54' title="bbox 2045 2944 3576 3012">
    <p class='ocr_par' dir='ltr' id='par_1_54' title="bbox 2045 2944 3576 3012">
     <span class='ocr_line' id='line_1_55' title="bbox 2045 2944 3576 3012; baseline 0.001 -16"><span class='ocrx_word' id='word_1_375' title='bbox 2045 2960 2223 2997; x_wconf 77' lang='lat' dir='ltr'><strong>errare</strong></span> <span class='ocrx_word' id='word_1_376' title='bbox 2257 2954 2468 3011; x_wconf 82' lang='lat' dir='ltr'><strong>putant,</strong></span> <span class='ocrx_word' id='word_1_377' title='bbox 2494 2944 2789 3010; x_wconf 79' lang='lat' dir='ltr'><strong>deprimere</strong></span> <span class='ocrx_word' id='word_1_378' title='bbox 2820 2962 2838 2998; x_wconf 87' lang='lat'><em>:</em></span> <span class='ocrx_word' id='word_1_379' title='bbox 2871 2944 3244 3012; x_wconf 67' lang='lat' dir='ltr'><strong>pauitantibus</strong></span> <span class='ocrx_word' id='word_1_380' title='bbox 3278 2954 3455 2998; x_wconf 78' lang='lat' dir='ltr'><strong>autem</strong></span> <span class='ocrx_word' id='word_1_381' title='bbox 3489 2960 3576 2998; x_wconf 79' lang='grc' dir='ltr'>ιιι·</span> 
     </span>
    </p>
   </div>
   <div class='ocr_carea' id='block_1_55' title="bbox 2040 3013 2513 3083">
    <p class='ocr_par' dir='ltr' id='par_1_55' title="bbox 2040 3013 2513 3083">
     <span class='ocr_line' id='line_1_56' title="bbox 2040 3013 2513 3083; baseline 0 -16"><span class='ocrx_word' id='word_1_382' title='bbox 2040 3016 2184 3068; x_wconf 82' lang='lat' dir='ltr'><strong>niam</strong></span> <span class='ocrx_word' id='word_1_383' title='bbox 2218 3013 2513 3083; x_wconf 79' lang='lat' dir='ltr'><strong>indulgere.</strong></span> 
     </span>
    </p>
   </div>
   <div class='ocr_carea' id='block_1_56' title="bbox 333 3096 1884 3182">
    <p class='ocr_par' dir='ltr' id='par_1_56' title="bbox 333 3100 1858 3182">
     <span class='ocr_line' id='line_1_57' title="bbox 333 3100 1858 3182; baseline 0.006 -24"><span class='ocrx_word' id='word_1_384' title='bbox 333 3106 496 3172; x_wconf 85' lang='grc' dir='ltr'>Ἵσθι,</span> <span class='ocrx_word' id='word_1_385' title='bbox 524 3100 570 3159; x_wconf 83' lang='grc' dir='ltr'><strong>ὦ</strong></span> <span class='ocrx_word' id='word_1_386' title='bbox 610 3105 892 3177; x_wconf 82' lang='grc' dir='ltr'>βέλτιστε,</span> <span class='ocrx_word' id='word_1_387' title='bbox 922 3108 1006 3162; x_wconf 81' lang='grc' dir='ltr'>ὅτι</span> <span class='ocrx_word' id='word_1_388' title='bbox 1044 3108 1107 3161; x_wconf 83' lang='grc' dir='ltr'>οὐ</span> <span class='ocrx_word' id='word_1_389' title='bbox 1141 3109 1370 3179; x_wconf 83' lang='grc' dir='ltr'>λήσεται</span> <span class='ocrx_word' id='word_1_390' title='bbox 1409 3110 1586 3175; x_wconf 71' lang='grc' dir='ltr'>οὐδεὶς</span> <span class='ocrx_word' id='word_1_391' title='bbox 1617 3111 1711 3166; x_wconf 85' lang='grc' dir='ltr'>τὸν</span> <span class='ocrx_word' id='word_1_392' title='bbox 1751 3129 1858 3182; x_wconf 81' lang='grc' dir='ltr'>φα-</span> 
     </span>
    </p>
   </div>
   <div class='ocr_carea' id='block_1_57' title="bbox 1965 3096 3572 3182">
    <p class='ocr_par' dir='ltr' id='par_1_57' title="bbox 2036 3104 3572 3177">
     <span class='ocr_line' id='line_1_58' title="bbox 2036 3104 3572 3177; baseline 0 -16"><span class='ocrx_word' id='word_1_393' title='bbox 2036 3104 2194 3162; x_wconf 86' lang='lat' dir='ltr'><strong>Scire</strong></span> <span class='ocrx_word' id='word_1_394' title='bbox 2241 3107 2429 3173; x_wconf 89' lang='lat' dir='ltr'><strong>debes,</strong></span> <span class='ocrx_word' id='word_1_395' title='bbox 2465 3106 2608 3163; x_wconf 90' lang='lat' dir='ltr'><strong>bone</strong></span> <span class='ocrx_word' id='word_1_396' title='bbox 2654 3105 2763 3173; x_wconf 92' lang='lat' dir='ltr'><strong>vir,</strong></span> <span class='ocrx_word' id='word_1_397' title='bbox 2817 3107 2965 3177; x_wconf 87' lang='lat' dir='ltr'><strong>quod</strong></span> <span class='ocrx_word' id='word_1_398' title='bbox 3005 3123 3166 3164; x_wconf 90' lang='lat' dir='ltr'><strong>nemo</strong></span> <span class='ocrx_word' id='word_1_399' title='bbox 3215 3107 3404 3164; x_wconf 84' lang='lat' dir='ltr'><strong>latebit</strong></span> <span class='ocrx_word' id='word_1_400' title='bbox 3447 3106 3572 3163; x_wconf 79' lang='lat' dir='ltr'><strong>illu-</strong></span> 
     </span>
    </p>
   </div>
   <div class='ocr_carea' id='block_1_58' title="bbox 257 3197 1859 3276">
    <p class='ocr_par' dir='ltr' id='par_1_58' title="bbox 257 3197 1859 3276">
     <span class='ocr_line' id='line_1_59' title="bbox 257 3197 1859 3276; baseline 0.005 -25"><span class='ocrx_word' id='word_1_401' title='bbox 257 3197 484 3253; x_wconf 82' lang='grc' dir='ltr'>νότατον</span> <span class='ocrx_word' id='word_1_402' title='bbox 515 3199 611 3253; x_wconf 77' lang='grc' dir='ltr'>καὶ</span> <span class='ocrx_word' id='word_1_403' title='bbox 645 3199 947 3270; x_wconf 74' lang='grc' dir='ltr'>ἀκοίμητον</span> <span class='ocrx_word' id='word_1_404' title='bbox 984 3200 1265 3271; x_wconf 83' lang='grc' dir='ltr'>ὀφθαλμὸν</span> <span class='ocrx_word' id='word_1_405' title='bbox 1289 3243 1304 3268; x_wconf 90' lang='grc'><strong>,</strong></span> <span class='ocrx_word' id='word_1_406' title='bbox 1342 3202 1454 3257; x_wconf 80' lang='grc' dir='ltr'>οὐδ’</span> <span class='ocrx_word' id='word_1_407' title='bbox 1499 3205 1549 3256; x_wconf 89' lang='grc' dir='ltr'><strong>εί</strong></span> <span class='ocrx_word' id='word_1_408' title='bbox 1585 3205 1643 3258; x_wconf 80' lang='grc' dir='ltr'>ἐν</span> <span class='ocrx_word' id='word_1_409' title='bbox 1679 3220 1859 3276; x_wconf 86' lang='grc' dir='ltr'>παρα-</span> 
     </span>
    </p>
   </div>
   <div class='ocr_carea' id='block_1_59' title="bbox 257 3288 1862 3363">
    <p class='ocr_par' dir='ltr' id='par_1_59' title="bbox 257 3288 1862 3363">
     <span class='ocr_line' id='line_1_60' title="bbox 257 3288 1862 3363; baseline 0.004 -21"><span class='ocrx_word' id='word_1_410' title='bbox 257 3288 447 3360; x_wconf 76' lang='grc' dir='ltr'>ϐύστῳ</span> <span class='ocrx_word' id='word_1_411' title='bbox 477 3306 529 3343; x_wconf 89' lang='grc' dir='ltr'><strong>τι</strong></span> <span class='ocrx_word' id='word_1_412' title='bbox 559 3289 802 3359; x_wconf 83' lang='grc' dir='ltr'>δράσειε.</span> <span class='ocrx_word' id='word_1_413' title='bbox 831 3289 1022 3362; x_wconf 84' lang='grc' dir='ltr'>Γυμνὰ</span> <span class='ocrx_word' id='word_1_414' title='bbox 1056 3289 1166 3363; x_wconf 84' lang='grc' dir='ltr'><strong>γὰρ</strong></span> <span class='ocrx_word' id='word_1_415' title='bbox 1188 3291 1340 3362; x_wconf 82' lang='grc' dir='ltr'>αὐτῷ</span> <span class='ocrx_word' id='word_1_416' title='bbox 1369 3293 1573 3360; x_wconf 81' lang='grc' dir='ltr'>πάντα,</span> <span class='ocrx_word' id='word_1_417' title='bbox 1597 3294 1700 3350; x_wconf 83' lang='grc' dir='ltr'>κᾶν</span> <span class='ocrx_word' id='word_1_418' title='bbox 1729 3295 1862 3350; x_wconf 72' lang='grc' dir='ltr'><strong>οὶπὸ⁴</strong></span> 
     </span>
    </p>
   </div>
   <div class='ocr_carea' id='block_1_60' title="bbox 258 3378 1860 3456">
    <p class='ocr_par' dir='ltr' id='par_1_60' title="bbox 258 3378 1860 3456">
     <span class='ocr_line' id='line_1_61' title="bbox 258 3378 1860 3456; baseline 0.002 -18"><span class='ocrx_word' id='word_1_419' title='bbox 258 3398 452 3454; x_wconf 77' lang='grc' dir='ltr'>κρυφα</span> <span class='ocrx_word' id='word_1_420' title='bbox 498 3378 639 3436; x_wconf 75' lang='grc' dir='ltr'>εἶναι</span> <span class='ocrx_word' id='word_1_421' title='bbox 685 3382 840 3455; x_wconf 83' lang='grc' dir='ltr'>δοκῇ.</span> <span class='ocrx_word' id='word_1_422' title='bbox 877 3384 969 3438; x_wconf 75' lang='grc' dir='ltr'><strong>Διὸ</strong></span> <span class='ocrx_word' id='word_1_423' title='bbox 1007 3385 1104 3438; x_wconf 82' lang='grc' dir='ltr'>καὶ</span> <span class='ocrx_word' id='word_1_424' title='bbox 1140 3386 1268 3448; x_wconf 81' lang='grc' dir='ltr'>τοὺς</span> <span class='ocrx_word' id='word_1_425' title='bbox 1300 3385 1723 3456; x_wconf 84' lang='grc' dir='ltr'>ἁμαρτάνοντας</span> <span class='ocrx_word' id='word_1_426' title='bbox 1765 3388 1860 3441; x_wconf 75' lang='grc' dir='ltr'>καὶ</span> 
     </span>
    </p>
   </div>
   <div class='ocr_carea' id='block_1_61' title="bbox 260 3471 1856 3546">
    <p class='ocr_par' dir='ltr' id='par_1_61' title="bbox 260 3471 1856 3546">
     <span class='ocr_line' id='line_1_62' title="bbox 260 3471 1856 3546; baseline 0.006 -21"><span class='ocrx_word' id='word_1_427' title='bbox 260 3471 340 3544; x_wconf 79' lang='grc' dir='ltr'>μὴ</span> <span class='ocrx_word' id='word_1_428' title='bbox 364 3471 782 3544; x_wconf 71' lang='grc' dir='ltr'>μετανοοῦντας,</span> <span class='ocrx_word' id='word_1_429' title='bbox 807 3474 1046 3545; x_wconf 81' lang='grc' dir='ltr'>ποταμοί</span> <span class='ocrx_word' id='word_1_430' title='bbox 1071 3492 1218 3539; x_wconf 85' lang='grc' dir='ltr'>τινες</span> <span class='ocrx_word' id='word_1_431' title='bbox 1241 3477 1458 3530; x_wconf 82' lang='grc' dir='ltr'>ἁένναοι</span> <span class='ocrx_word' id='word_1_432' title='bbox 1486 3477 1856 3546; x_wconf 79' lang='grc' dir='ltr'>ὑποδέξονται,</span> 
     </span>
    </p>
   </div>
   <div class='ocr_carea' id='block_1_62' title="bbox 257 3559 1859 3639">
    <p class='ocr_par' dir='ltr' id='par_1_62' title="bbox 257 3559 1859 3639">
     <span class='ocr_line' id='line_1_63' title="bbox 257 3559 1859 3639; baseline 0.006 -23"><span class='ocrx_word' id='word_1_433' title='bbox 257 3563 376 3636; x_wconf 88' lang='grc' dir='ltr'><strong>πῦρ</strong></span> <span class='ocrx_word' id='word_1_434' title='bbox 421 3563 653 3635; x_wconf 80' lang='grc' dir='ltr'>φοϐερὸν</span> <span class='ocrx_word' id='word_1_435' title='bbox 690 3564 1046 3632; x_wconf 74' lang='grc' dir='ltr'>άναξέοντες,</span> <span class='ocrx_word' id='word_1_436' title='bbox 1090 3559 1168 3621; x_wconf 86' lang='grc' dir='ltr'><strong>ῶν</strong></span> <span class='ocrx_word' id='word_1_437' title='bbox 1192 3567 1259 3620; x_wconf 82' lang='grc' dir='ltr'><strong>τά</strong></span> <span class='ocrx_word' id='word_1_438' title='bbox 1289 3567 1484 3639; x_wconf 81' lang='grc' dir='ltr'>ῥεῖθρα</span> <span class='ocrx_word' id='word_1_439' title='bbox 1526 3569 1726 3639; x_wconf 79' lang='grc' dir='ltr'>φλόγες</span> <span class='ocrx_word' id='word_1_440' title='bbox 1776 3573 1859 3636; x_wconf 88' lang='grc' dir='ltr'><strong>είς</strong></span> 
     </span>
    </p>
   </div>
   <div class='ocr_carea' id='block_1_63' title="bbox 255 3655 1858 3732">
    <p class='ocr_par' dir='ltr' id='par_1_63' title="bbox 255 3655 1858 3732">
     <span class='ocr_line' id='line_1_64' title="bbox 255 3655 1858 3732; baseline 0.006 -24"><span class='ocrx_word' id='word_1_441' title='bbox 255 3656 536 3725; x_wconf 81' lang='grc' dir='ltr'>τιμωρίαν</span> <span class='ocrx_word' id='word_1_442' title='bbox 575 3655 963 3726; x_wconf 82' lang='grc' dir='ltr'>κυμαίνουσαι.</span> <span class='ocrx_word' id='word_1_443' title='bbox 1022 3656 1325 3730; x_wconf 87' lang='grc' dir='ltr'>Τοιγαροῦν</span> <span class='ocrx_word' id='word_1_444' title='bbox 1375 3659 1708 3731; x_wconf 78' lang='grc' dir='ltr'>φοϐηθῶμεν</span> <span class='ocrx_word' id='word_1_445' title='bbox 1745 3661 1858 3732; x_wconf 70' lang='grc'><strong>(44)</strong></span> 
     </span>
    </p>
   </div>
   <div class='ocr_carea' id='block_1_64' title="bbox 257 3745 1855 3822">
    <p class='ocr_par' dir='ltr' id='par_1_64' title="bbox 257 3745 1855 3822">
     <span class='ocr_line' id='line_1_65' title="bbox 257 3745 1855 3822; baseline 0.004 -24"><span class='ocrx_word' id='word_1_446' title='bbox 257 3746 323 3799; x_wconf 79' lang='grc' dir='ltr'>τὸ</span> <span class='ocrx_word' id='word_1_447' title='bbox 347 3745 502 3800; x_wconf 82' lang='grc' dir='ltr'>θεῖον</span> <span class='ocrx_word' id='word_1_448' title='bbox 520 3763 535 3780; x_wconf 77' lang='grc' dir='ltr'><strong>ο</strong></span> <span class='ocrx_word' id='word_1_449' title='bbox 571 3746 804 3817; x_wconf 83' lang='grc' dir='ltr'>φοϐερὸν</span> <span class='ocrx_word' id='word_1_450' title='bbox 829 3748 937 3818; x_wconf 88' lang='grc' dir='ltr'><strong>γάρ</strong></span> <span class='ocrx_word' id='word_1_451' title='bbox 957 3764 972 3778; x_wconf 88' lang='grc'><strong>·</strong></span> <span class='ocrx_word' id='word_1_452' title='bbox 998 3749 1093 3803; x_wconf 72' lang='grc' dir='ltr'>καὶ</span> <span class='ocrx_word' id='word_1_453' title='bbox 1121 3749 1394 3819; x_wconf 81' lang='grc' dir='ltr'>σέϐωμεν,</span> <span class='ocrx_word' id='word_1_454' title='bbox 1419 3750 1501 3803; x_wconf 84' lang='grc' dir='ltr'>ὅτι</span> <span class='ocrx_word' id='word_1_455' title='bbox 1524 3749 1590 3822; x_wconf 81' lang='grc' dir='ltr'>δὴ</span> <span class='ocrx_word' id='word_1_456' title='bbox 1616 3752 1822 3820; x_wconf 83' lang='grc' dir='ltr'>ἀγαθόν</span> <span class='ocrx_word' id='word_1_457' title='bbox 1842 3769 1855 3784; x_wconf 77' lang='grc' dir='ltr'><strong>ο</strong></span> 
     </span>
    </p>
   </div>
   <div class='ocr_carea' id='block_1_65' title="bbox 257 3839 1861 3916">
    <p class='ocr_par' dir='ltr' id='par_1_65' title="bbox 257 3839 1861 3916">
     <span class='ocr_line' id='line_1_66' title="bbox 257 3839 1861 3916; baseline 0.004 -25"><span class='ocrx_word' id='word_1_458' title='bbox 257 3839 504 3910; x_wconf 69' lang='grc' dir='ltr'>αἰτῶμεν</span> <span class='ocrx_word' id='word_1_459' title='bbox 531 3856 591 3893; x_wconf 83' lang='grc' dir='ltr'><strong>τε</strong></span> <span class='ocrx_word' id='word_1_460' title='bbox 626 3839 777 3911; x_wconf 80' lang='grc' dir='ltr'>αὐτῷ</span> <span class='ocrx_word' id='word_1_461' title='bbox 821 3841 1109 3912; x_wconf 81' lang='grc' dir='ltr'>πρέποντα</span> <span class='ocrx_word' id='word_1_462' title='bbox 1151 3841 1370 3907; x_wconf 88' lang='grc' dir='ltr'>δοῦναι,</span> <span class='ocrx_word' id='word_1_463' title='bbox 1416 3841 1513 3896; x_wconf 74' lang='grc' dir='ltr'>καὶ</span> <span class='ocrx_word' id='word_1_464' title='bbox 1553 3845 1686 3914; x_wconf 83' lang='grc' dir='ltr'>ἡμῖν</span> <span class='ocrx_word' id='word_1_465' title='bbox 1721 3863 1861 3916; x_wconf 85' lang='grc' dir='ltr'>συμ-</span> 
     </span>
    </p>
   </div>
   <div class='ocr_carea' id='block_1_66' title="bbox 258 3930 1861 4006">
    <p class='ocr_par' dir='ltr' id='par_1_66' title="bbox 258 3930 1861 4006">
     <span class='ocr_line' id='line_1_67' title="bbox 258 3930 1861 4006; baseline 0.004 -23"><span class='ocrx_word' id='word_1_466' title='bbox 258 3930 498 4002; x_wconf 77' lang='grc' dir='ltr'>φέροντα</span> <span class='ocrx_word' id='word_1_467' title='bbox 523 3930 710 3986; x_wconf 84' lang='grc' dir='ltr'>λαϐεῖν</span> <span class='ocrx_word' id='word_1_468' title='bbox 735 3950 748 3962; x_wconf 76' lang='grc' dir='ltr'><strong>ο</strong></span> <span class='ocrx_word' id='word_1_469' title='bbox 784 3933 923 4003; x_wconf 87' lang='grc' dir='ltr'>πρὸς</span> <span class='ocrx_word' id='word_1_470' title='bbox 953 3931 1066 4003; x_wconf 84' lang='grc' dir='ltr'><strong>γὰρ</strong></span> <span class='ocrx_word' id='word_1_471' title='bbox 1104 3932 1264 3988; x_wconf 88' lang='grc' dir='ltr'>τοῦτο</span> <span class='ocrx_word' id='word_1_472' title='bbox 1292 3935 1561 4005; x_wconf 65' lang='grc' dir='ltr'><strong>ἐπήκοον⁹</strong></span> <span class='ocrx_word' id='word_1_473' title='bbox 1592 3937 1688 3990; x_wconf 79' lang='grc' dir='ltr'><strong>καὶ</strong></span> <span class='ocrx_word' id='word_1_474' title='bbox 1721 3953 1861 4006; x_wconf 85' lang='grc' dir='ltr'>γνω-</span> 
     </span>
    </p>
   </div>
   <div class='ocr_carea' id='block_1_67' title="bbox 261 4020 1862 4100">
    <p class='ocr_par' dir='ltr' id='par_1_67' title="bbox 261 4020 1862 4100">
     <span class='ocr_line' id='line_1_68' title="bbox 261 4020 1862 4100; baseline 0.007 -28"><span class='ocrx_word' id='word_1_475' title='bbox 261 4020 591 4092; x_wconf 81' lang='grc' dir='ltr'>σιμαχῶμεν</span> <span class='ocrx_word' id='word_1_476' title='bbox 640 4023 963 4087; x_wconf 82' lang='grc' dir='ltr'>πταίοντες·</span> <span class='ocrx_word' id='word_1_477' title='bbox 1011 4023 1110 4078; x_wconf 85' lang='grc' dir='ltr'>καὶ</span> <span class='ocrx_word' id='word_1_478' title='bbox 1154 4026 1506 4097; x_wconf 83' lang='grc' dir='ltr'>εὐεργετικὸν</span> <span class='ocrx_word' id='word_1_479' title='bbox 1574 4029 1718 4100; x_wconf 86' lang='grc' dir='ltr'>γὰρ,</span> <span class='ocrx_word' id='word_1_480' title='bbox 1767 4031 1862 4084; x_wconf 78' lang='grc' dir='ltr'>καὶ</span> 
     </span>
    </p>
   </div>
   <div class='ocr_carea' id='block_1_68' title="bbox 261 4111 1860 4190">
    <p class='ocr_par' dir='ltr' id='par_1_68' title="bbox 261 4111 1860 4190">
     <span class='ocr_line' id='line_1_69' title="bbox 261 4111 1860 4190; baseline 0.006 -26"><span class='ocrx_word' id='word_1_481' title='bbox 261 4111 514 4166; x_wconf 79' lang='grc' dir='ltr'>δεκτικὸν</span> <span class='ocrx_word' id='word_1_482' title='bbox 543 4112 652 4168; x_wconf 88' lang='grc' dir='ltr'><strong>τῶν</strong></span> <span class='ocrx_word' id='word_1_483' title='bbox 683 4115 926 4184; x_wconf 86' lang='grc' dir='ltr'>γνησίως</span> <span class='ocrx_word' id='word_1_484' title='bbox 975 4117 1503 4185; x_wconf 85' lang='grc' dir='ltr'>μεταγινωσκόντων</span> <span class='ocrx_word' id='word_1_485' title='bbox 1527 4134 1541 4149; x_wconf 90' lang='grc'><strong>·</strong></span> <span class='ocrx_word' id='word_1_486' title='bbox 1590 4119 1860 4190; x_wconf 84' lang='grc' dir='ltr'>μηδαμῶς</span> 
     </span>
    </p>
   </div>
   <div class='ocr_carea' id='block_1_69' title="bbox 261 4202 1857 4281">
    <p class='ocr_par' dir='ltr' id='par_1_69' title="bbox 261 4202 1857 4281">
     <span class='ocr_line' id='line_1_70' title="bbox 261 4202 1857 4281; baseline 0.008 -25"><span class='ocrx_word' id='word_1_487' title='bbox 261 4202 322 4256; x_wconf 69' lang='grc' dir='ltr'>δὲ</span> <span class='ocrx_word' id='word_1_488' title='bbox 345 4203 706 4276; x_wconf 77' lang='grc' dir='ltr'>ὀλιγωρῶμεν</span> <span class='ocrx_word' id='word_1_489' title='bbox 732 4246 747 4270; x_wconf 95' lang='grc'><strong>,</strong></span> <span class='ocrx_word' id='word_1_490' title='bbox 783 4207 868 4260; x_wconf 84' lang='grc' dir='ltr'>ὅτι</span> <span class='ocrx_word' id='word_1_491' title='bbox 891 4205 956 4279; x_wconf 79' lang='grc' dir='ltr'>δὴ</span> <span class='ocrx_word' id='word_1_492' title='bbox 983 4206 1213 4261; x_wconf 82' lang='grc' dir='ltr'>δυνατὸν</span> <span class='ocrx_word' id='word_1_493' title='bbox 1237 4209 1333 4261; x_wconf 75' lang='grc' dir='ltr'>καὶ</span> <span class='ocrx_word' id='word_1_494' title='bbox 1374 4211 1488 4263; x_wconf 80' lang='grc' dir='ltr'>ἀπα</span> <span class='ocrx_word' id='word_1_495' title='bbox 1499 4209 1819 4280; x_wconf 85' lang='grc' dir='ltr'>ραλόγιστον</span> <span class='ocrx_word' id='word_1_496' title='bbox 1841 4256 1857 4281; x_wconf 94' lang='grc'><strong>,</strong></span> 
     </span>
    </p>
   </div>
   <div class='ocr_carea' id='block_1_70' title="bbox 263 4295 1860 4378">
    <p class='ocr_par' dir='ltr' id='par_1_70' title="bbox 263 4295 1860 4378">
     <span class='ocr_line' id='line_1_71' title="bbox 263 4295 1860 4378; baseline 0.005 -30"><span class='ocrx_word' id='word_1_497' title='bbox 263 4295 384 4367; x_wconf 84' lang='grc' dir='ltr'>ἀλλ’</span> <span class='ocrx_word' id='word_1_498' title='bbox 417 4296 675 4368; x_wconf 75' lang='grc' dir='ltr'>ἐκθύμως</span> <span class='ocrx_word' id='word_1_499' title='bbox 706 4298 1035 4371; x_wconf 80' lang='grc' dir='ltr'>ἀγαπῶμεν.</span> <span class='ocrx_word' id='word_1_500' title='bbox 1064 4299 1192 4364; x_wconf 85' lang='grc' dir='ltr'>Τοῖς</span> <span class='ocrx_word' id='word_1_501' title='bbox 1213 4299 1322 4371; x_wconf 86' lang='grc' dir='ltr'>γὰρ</span> <span class='ocrx_word' id='word_1_502' title='bbox 1352 4301 1612 4357; x_wconf 86' lang='grc' dir='ltr'>ποθοῦσιν</span> <span class='ocrx_word' id='word_1_503' title='bbox 1641 4303 1754 4378; x_wconf 67' lang='grc'><strong>(45)</strong></span> <span class='ocrx_word' id='word_1_504' title='bbox 1776 4298 1860 4369; x_wconf 70' lang='grc' dir='ltr'>οἷς</span> 
     </span>
    </p>
   </div>
   <div class='ocr_carea' id='block_1_71' title="bbox 257 4383 1030 4460">
    <p class='ocr_par' dir='ltr' id='par_1_71' title="bbox 257 4383 1030 4460">
     <span class='ocr_line' id='line_1_72' title="bbox 257 4383 1030 4460; baseline 0.006 -22"><span class='ocrx_word' id='word_1_505' title='bbox 257 4383 444 4454; x_wconf 85' lang='grc' dir='ltr'>λόγοις</span> <span class='ocrx_word' id='word_1_506' title='bbox 477 4385 591 4456; x_wconf 78' lang='grc'>(46)</span> <span class='ocrx_word' id='word_1_507' title='bbox 617 4387 712 4440; x_wconf 81' lang='grc' dir='ltr'>καὶ</span> <span class='ocrx_word' id='word_1_508' title='bbox 741 4388 1030 4460; x_wconf 84' lang='grc' dir='ltr'>μειλίχιον.</span> 
     </span>
    </p>
   </div>
   <div class='ocr_carea' id='block_1_72' title="bbox 1969 3197 3572 3270">
    <p class='ocr_par' dir='ltr' id='par_1_72' title="bbox 1969 3197 3572 3270">
     <span class='ocr_line' id='line_1_73' title="bbox 1969 3197 3572 3270; baseline 0.002 -18"><span class='ocrx_word' id='word_1_509' title='bbox 1969 3197 2310 3255; x_wconf 88' lang='lat' dir='ltr'><strong>strissimum</strong></span> <span class='ocrx_word' id='word_1_510' title='bbox 2338 3198 2488 3254; x_wconf 90' lang='lat' dir='ltr'><strong>illum</strong></span> <span class='ocrx_word' id='word_1_511' title='bbox 2523 3212 2588 3256; x_wconf 84' lang='lat' dir='ltr'><strong>ac</strong></span> <span class='ocrx_word' id='word_1_512' title='bbox 2616 3199 2936 3270; x_wconf 83' lang='lat' dir='ltr'><strong>pervigilem</strong></span> <span class='ocrx_word' id='word_1_513' title='bbox 2971 3201 3215 3264; x_wconf 91' lang='lat' dir='ltr'><strong>oculum,</strong></span> <span class='ocrx_word' id='word_1_514' title='bbox 3248 3217 3315 3256; x_wconf 92' lang='lat' dir='ltr'><strong>ne</strong></span> <span class='ocrx_word' id='word_1_515' title='bbox 3349 3201 3572 3270; x_wconf 89' lang='lat' dir='ltr'><strong>quidem</strong></span> 
     </span>
    </p>
   </div>
   <div class='ocr_carea' id='block_1_73' title="bbox 1962 3288 3570 3362">
    <p class='ocr_par' dir='ltr' id='par_1_73' title="bbox 1962 3288 3570 3362">
     <span class='ocr_line' id='line_1_74' title="bbox 1962 3288 3570 3362; baseline 0.001 -18"><span class='ocrx_word' id='word_1_516' title='bbox 1962 3288 2008 3345; x_wconf 85' lang='lat' dir='ltr'><strong>si</strong></span> <span class='ocrx_word' id='word_1_517' title='bbox 2071 3290 2126 3345; x_wconf 88' lang='lat' dir='ltr'><strong>itt</strong></span> <span class='ocrx_word' id='word_1_518' title='bbox 2184 3289 2580 3346; x_wconf 86' lang='lat' dir='ltr'><strong>occultissimis</strong></span> <span class='ocrx_word' id='word_1_519' title='bbox 2623 3290 2998 3360; x_wconf 85' lang='lat' dir='ltr'><strong>penetralibus</strong></span> <span class='ocrx_word' id='word_1_520' title='bbox 3054 3289 3260 3361; x_wconf 89' lang='lat' dir='ltr'><strong>aliquid</strong></span> <span class='ocrx_word' id='word_1_521' title='bbox 3317 3289 3570 3362; x_wconf 88' lang='lat' dir='ltr'><strong>patrarit.</strong></span> 
     </span>
    </p>
   </div>
   <div class='ocr_carea' id='block_1_74' title="bbox 1961 3379 3576 3454">
    <p class='ocr_par' dir='ltr' id='par_1_74' title="bbox 1961 3379 3576 3454">
     <span class='ocr_line' id='line_1_75' title="bbox 1961 3379 3576 3454; baseline 0.002 -18"><span class='ocrx_word' id='word_1_522' title='bbox 1961 3379 2162 3451; x_wconf 80' lang='lat' dir='ltr'><strong>Aperta</strong></span> <span class='ocrx_word' id='word_1_523' title='bbox 2187 3382 2335 3438; x_wconf 89' lang='lat' dir='ltr'><strong>enim</strong></span> <span class='ocrx_word' id='word_1_524' title='bbox 2355 3396 2419 3436; x_wconf 88' lang='lat' dir='ltr'><strong>ac</strong></span> <span class='ocrx_word' id='word_1_525' title='bbox 2441 3382 2586 3437; x_wconf 88' lang='lat' dir='ltr'><strong>nuda</strong></span> <span class='ocrx_word' id='word_1_526' title='bbox 2619 3381 2723 3453; x_wconf 91' lang='lat' dir='ltr'><strong>ipsi</strong></span> <span class='ocrx_word' id='word_1_527' title='bbox 2753 3392 2884 3438; x_wconf 89' lang='lat' dir='ltr'><strong>sunt</strong></span> <span class='ocrx_word' id='word_1_528' title='bbox 2911 3383 3097 3439; x_wconf 86' lang='lat' dir='ltr'><strong>omnia</strong></span> <span class='ocrx_word' id='word_1_529' title='bbox 3127 3381 3190 3448; x_wconf 73' lang='grc' dir='ltr'>η,</span> <span class='ocrx_word' id='word_1_530' title='bbox 3217 3383 3576 3454; x_wconf 84' lang='lat' dir='ltr'><strong>quantumvis</strong></span> 
     </span>
    </p>
   </div>
   <div class='ocr_carea' id='block_1_75' title="bbox 1962 3472 3573 3543">
    <p class='ocr_par' dir='ltr' id='par_1_75' title="bbox 1962 3472 3573 3543">
     <span class='ocr_line' id='line_1_76' title="bbox 1962 3472 3573 3543; baseline -0.001 -15"><span class='ocrx_word' id='word_1_531' title='bbox 1962 3479 2154 3543; x_wconf 85' lang='lat' dir='ltr'><strong>operta</strong></span> <span class='ocrx_word' id='word_1_532' title='bbox 2180 3481 2236 3529; x_wconf 91' lang='lat' dir='ltr'><strong>et</strong></span> <span class='ocrx_word' id='word_1_533' title='bbox 2277 3473 2461 3528; x_wconf 89' lang='lat' dir='ltr'><strong>abdita</strong></span> <span class='ocrx_word' id='word_1_534' title='bbox 2492 3486 2615 3528; x_wconf 86' lang='lat' dir='ltr'><strong>esse</strong></span> <span class='ocrx_word' id='word_1_535' title='bbox 2647 3474 2963 3530; x_wconf 87' lang='lat' dir='ltr'><strong>videantur.</strong></span> <span class='ocrx_word' id='word_1_536' title='bbox 3000 3472 3373 3540; x_wconf 85' lang='lat' dir='ltr'><strong>Quamobrem</strong></span> <span class='ocrx_word' id='word_1_537' title='bbox 3401 3475 3573 3529; x_wconf 88' lang='lat' dir='ltr'><strong>etiam</strong></span> 
     </span>
    </p>
   </div>
   <div class='ocr_carea' id='block_1_76' title="bbox 1962 3565 3575 3637">
    <p class='ocr_par' dir='ltr' id='par_1_76' title="bbox 1962 3565 3575 3637">
     <span class='ocr_line' id='line_1_77' title="bbox 1962 3565 3575 3637; baseline 0.001 -17"><span class='ocrx_word' id='word_1_538' title='bbox 1962 3575 2251 3634; x_wconf 89' lang='lat' dir='ltr'><strong>peccantes</strong></span> <span class='ocrx_word' id='word_1_539' title='bbox 2281 3579 2457 3634; x_wconf 88' lang='lat' dir='ltr'><strong>neque</strong></span> <span class='ocrx_word' id='word_1_540' title='bbox 2502 3566 2890 3637; x_wconf 84' lang='lat' dir='ltr'><strong>resipiscentes</strong></span> <span class='ocrx_word' id='word_1_541' title='bbox 2936 3567 3220 3636; x_wconf 81' lang='lat' dir='ltr'><strong>excipient</strong></span> <span class='ocrx_word' id='word_1_542' title='bbox 3252 3565 3403 3622; x_wconf 85' lang='lat' dir='ltr'><strong>ﬂuvii</strong></span> <span class='ocrx_word' id='word_1_543' title='bbox 3451 3568 3575 3636; x_wconf 85' lang='lat' dir='ltr'><strong>qui-</strong></span> 
     </span>
    </p>
   </div>
   <div class='ocr_carea' id='block_1_77' title="bbox 1963 3657 3574 3729">
    <p class='ocr_par' dir='ltr' id='par_1_77' title="bbox 1963 3657 3574 3729">
     <span class='ocr_line' id='line_1_78' title="bbox 1963 3657 3574 3729; baseline 0.002 -19"><span class='ocrx_word' id='word_1_544' title='bbox 1963 3657 2087 3710; x_wconf 84' lang='lat' dir='ltr'><strong>dam</strong></span> <span class='ocrx_word' id='word_1_545' title='bbox 2110 3657 2381 3726; x_wconf 89' lang='lat' dir='ltr'><strong>perpetui,</strong></span> <span class='ocrx_word' id='word_1_546' title='bbox 2416 3657 2595 3726; x_wconf 78' lang='lat' dir='ltr'><strong>ignem</strong></span> <span class='ocrx_word' id='word_1_547' title='bbox 2634 3657 2936 3715; x_wconf 85' lang='lat' dir='ltr'><strong>terribilem</strong></span> <span class='ocrx_word' id='word_1_548' title='bbox 2964 3658 3314 3720; x_wconf 87' lang='lat' dir='ltr'><strong>ebullientes.</strong></span> <span class='ocrx_word' id='word_1_549' title='bbox 3338 3675 3574 3729; x_wconf 88' lang='lat' dir='ltr'><strong>quorum</strong></span> 
     </span>
    </p>
   </div>
   <div class='ocr_carea' id='block_1_78' title="bbox 1963 3747 3574 3822">
    <p class='ocr_par' dir='ltr' id='par_1_78' title="bbox 1963 3747 3574 3822">
     <span class='ocr_line' id='line_1_79' title="bbox 1963 3747 3574 3822; baseline 0.002 -22"><span class='ocrx_word' id='word_1_550' title='bbox 1963 3747 2186 3803; x_wconf 89' lang='lat' dir='ltr'><strong>ﬂntnina</strong></span> <span class='ocrx_word' id='word_1_551' title='bbox 2207 3749 2342 3804; x_wconf 89' lang='lat' dir='ltr'><strong>nihil</strong></span> <span class='ocrx_word' id='word_1_552' title='bbox 2361 3761 2492 3804; x_wconf 90' lang='lat' dir='ltr'><strong>sunt</strong></span> <span class='ocrx_word' id='word_1_553' title='bbox 2522 3751 2670 3806; x_wconf 91' lang='lat' dir='ltr'><strong>aliud</strong></span> <span class='ocrx_word' id='word_1_554' title='bbox 2699 3766 2864 3822; x_wconf 90' lang='lat' dir='ltr'><strong>quam</strong></span> <span class='ocrx_word' id='word_1_555' title='bbox 2889 3749 3124 3806; x_wconf 71' lang='lat' dir='ltr'><strong>ﬂammae</strong></span> <span class='ocrx_word' id='word_1_556' title='bbox 3154 3752 3220 3806; x_wconf 90' lang='lat' dir='ltr'><strong>ad</strong></span> <span class='ocrx_word' id='word_1_557' title='bbox 3244 3753 3574 3822; x_wconf 82' lang='lat' dir='ltr'><strong>supplicium</strong></span> 
     </span>
    </p>
   </div>
   <div class='ocr_carea' id='block_1_79' title="bbox 1962 3837 3575 3914">
    <p class='ocr_par' dir='ltr' id='par_1_79' title="bbox 1962 3837 3575 3914">
     <span class='ocr_line' id='line_1_80' title="bbox 1962 3837 3575 3914; baseline 0.002 -21"><span class='ocrx_word' id='word_1_558' title='bbox 1962 3837 2313 3896; x_wconf 84' lang='lat' dir='ltr'><strong>ﬂuctuantes.</strong></span> <span class='ocrx_word' id='word_1_559' title='bbox 2349 3838 2653 3896; x_wconf 71' lang='lat' dir='ltr'><strong>hletuamus</strong></span> <span class='ocrx_word' id='word_1_560' title='bbox 2685 3841 2852 3912; x_wconf 90' lang='lat' dir='ltr'><strong>igitur</strong></span> <span class='ocrx_word' id='word_1_561' title='bbox 2881 3843 3127 3898; x_wconf 87' lang='lat' dir='ltr'><strong>divinum</strong></span> <span class='ocrx_word' id='word_1_562' title='bbox 3173 3857 3374 3896; x_wconf 90' lang='lat' dir='ltr'><strong>numen</strong></span> <span class='ocrx_word' id='word_1_563' title='bbox 3397 3841 3575 3914; x_wconf 33' lang='lat'><strong>.537</strong></span> 
     </span>
    </p>
   </div>
   <div class='ocr_carea' id='block_1_80' title="bbox 1965 3933 3574 4007">
    <p class='ocr_par' dir='ltr' id='par_1_80' title="bbox 1965 3933 3574 4007">
     <span class='ocr_line' id='line_1_81' title="bbox 1965 3933 3574 4007; baseline 0.002 -21"><span class='ocrx_word' id='word_1_564' title='bbox 1965 3935 2069 4005; x_wconf 90' lang='lat' dir='ltr'><strong>(cst</strong></span> <span class='ocrx_word' id='word_1_565' title='bbox 2096 3935 2243 3988; x_wconf 89' lang='lat' dir='ltr'><strong>enim</strong></span> <span class='ocrx_word' id='word_1_566' title='bbox 2267 3933 2665 4006; x_wconf 86' lang='lat' dir='ltr'><strong>Iormidabile);</strong></span> <span class='ocrx_word' id='word_1_567' title='bbox 2703 3945 2760 3990; x_wconf 93' lang='lat' dir='ltr'><strong>et</strong></span> <span class='ocrx_word' id='word_1_568' title='bbox 2787 3935 2932 3991; x_wconf 89' lang='lat' dir='ltr'><strong>idem</strong></span> <span class='ocrx_word' id='word_1_569' title='bbox 2962 3949 3180 4007; x_wconf 92' lang='lat' dir='ltr'><strong>quoque</strong></span> <span class='ocrx_word' id='word_1_570' title='bbox 3201 3934 3574 3991; x_wconf 84' lang='lat' dir='ltr'><strong>venerabundi</strong></span> 
     </span>
    </p>
   </div>
   <div class='ocr_carea' id='block_1_81' title="bbox 1962 4026 3578 4099">
    <p class='ocr_par' dir='ltr' id='par_1_81' title="bbox 1962 4026 3578 4099">
     <span class='ocr_line' id='line_1_82' title="bbox 1962 4026 3578 4099; baseline 0 -17"><span class='ocrx_word' id='word_1_571' title='bbox 1962 4029 2213 4082; x_wconf 87' lang='lat' dir='ltr'><strong>colamus</strong></span> <span class='ocrx_word' id='word_1_572' title='bbox 2274 4026 2393 4096; x_wconf 88' lang='lat' dir='ltr'><strong>(est</strong></span> <span class='ocrx_word' id='word_1_573' title='bbox 2435 4027 2579 4082; x_wconf 91' lang='lat' dir='ltr'><strong>enim</strong></span> <span class='ocrx_word' id='word_1_574' title='bbox 2627 4027 2830 4084; x_wconf 92' lang='lat' dir='ltr'><strong>bonum</strong></span> <span class='ocrx_word' id='word_1_575' title='bbox 2877 4027 3043 4099; x_wconf 72' lang='lat' dir='ltr'><strong>atque</strong></span> <span class='ocrx_word' id='word_1_576' title='bbox 3085 4027 3470 4096; x_wconf 79' lang='lat' dir='ltr'><strong>beneﬁcum);</strong></span> <span class='ocrx_word' id='word_1_577' title='bbox 3521 4038 3578 4083; x_wconf 89' lang='lat' dir='ltr'><strong>ct</strong></span> 
     </span>
    </p>
   </div>
   <div class='ocr_carea' id='block_1_82' title="bbox 1962 4118 3576 4188">
    <p class='ocr_par' dir='ltr' id='par_1_82' title="bbox 1962 4118 3576 4188">
     <span class='ocr_line' id='line_1_83' title="bbox 1962 4118 3576 4188; baseline 0.001 -15"><span class='ocrx_word' id='word_1_578' title='bbox 1962 4125 2218 4188; x_wconf 83' lang='lat' dir='ltr'><strong>petamus</strong></span> <span class='ocrx_word' id='word_1_579' title='bbox 2241 4119 2309 4172; x_wconf 85' lang='lat' dir='ltr'><strong>ah</strong></span> <span class='ocrx_word' id='word_1_580' title='bbox 2329 4118 2447 4188; x_wconf 89' lang='lat' dir='ltr'><strong>ipso</strong></span> <span class='ocrx_word' id='word_1_581' title='bbox 2472 4119 2632 4187; x_wconf 81' lang='lat' dir='ltr'><strong>talia,</strong></span> <span class='ocrx_word' id='word_1_582' title='bbox 2650 4135 2885 4185; x_wconf 89' lang='lat' dir='ltr'><strong>quorum</strong></span> <span class='ocrx_word' id='word_1_583' title='bbox 2910 4127 2966 4175; x_wconf 90' lang='lat' dir='ltr'><strong>et</strong></span> <span class='ocrx_word' id='word_1_584' title='bbox 2981 4120 3129 4176; x_wconf 87' lang='lat' dir='ltr'><strong>datio</strong></span> <span class='ocrx_word' id='word_1_585' title='bbox 3155 4121 3332 4188; x_wconf 88' lang='lat' dir='ltr'><strong>ipsum</strong></span> <span class='ocrx_word' id='word_1_586' title='bbox 3357 4121 3576 4183; x_wconf 80' lang='lat' dir='ltr'><strong>deceat,</strong></span> 
     </span>
    </p>
   </div>
   <div class='ocr_carea' id='block_1_83' title="bbox 1962 4208 3575 4282">
    <p class='ocr_par' dir='ltr' id='par_1_83' title="bbox 1962 4208 3575 4282">
     <span class='ocr_line' id='line_1_84' title="bbox 1962 4208 3575 4282; baseline 0.001 -17"><span class='ocrx_word' id='word_1_587' title='bbox 1962 4217 2018 4265; x_wconf 84' lang='lat' dir='ltr'><strong>et</strong></span> <span class='ocrx_word' id='word_1_588' title='bbox 2043 4209 2200 4266; x_wconf 86' lang='lat' dir='ltr'><strong>nobis</strong></span> <span class='ocrx_word' id='word_1_589' title='bbox 2232 4208 2493 4265; x_wconf 76' lang='lat' dir='ltr'><strong>salutaris</strong></span> <span class='ocrx_word' id='word_1_590' title='bbox 2535 4211 2608 4265; x_wconf 87' lang='lat' dir='ltr'><strong>sit</strong></span> <span class='ocrx_word' id='word_1_591' title='bbox 2640 4212 2892 4281; x_wconf 85' lang='lat' dir='ltr'><strong>acceptio</strong></span> <span class='ocrx_word' id='word_1_592' title='bbox 2924 4210 3026 4282; x_wconf 86' lang='lat' dir='ltr'><strong>(ad</strong></span> <span class='ocrx_word' id='word_1_593' title='bbox 3063 4211 3190 4266; x_wconf 89' lang='lat' dir='ltr'><strong>talia</strong></span> <span class='ocrx_word' id='word_1_594' title='bbox 3215 4212 3361 4267; x_wconf 91' lang='lat' dir='ltr'><strong>enim</strong></span> <span class='ocrx_word' id='word_1_595' title='bbox 3393 4212 3575 4267; x_wconf 77' lang='lat' dir='ltr'><strong>danda</strong></span> 
     </span>
    </p>
   </div>
   <div class='ocr_carea' id='block_1_84' title="bbox 1963 4304 3570 4376">
    <p class='ocr_par' dir='ltr' id='par_1_84' title="bbox 1963 4304 3570 4376">
     <span class='ocr_line' id='line_1_85' title="bbox 1963 4304 3570 4376; baseline 0.001 -17"><span class='ocrx_word' id='word_1_596' title='bbox 1963 4320 2195 4375; x_wconf 91' lang='lat' dir='ltr'><strong>pronum</strong></span> <span class='ocrx_word' id='word_1_597' title='bbox 2251 4304 2402 4376; x_wconf 88' lang='lat' dir='ltr'><strong>est),</strong></span> <span class='ocrx_word' id='word_1_598' title='bbox 2461 4314 2519 4359; x_wconf 89' lang='lat' dir='ltr'><strong>et</strong></span> <span class='ocrx_word' id='word_1_599' title='bbox 2581 4304 2717 4373; x_wconf 87' lang='lat' dir='ltr'><strong>lapsi</strong></span> <span class='ocrx_word' id='word_1_600' title='bbox 2777 4306 2832 4361; x_wconf 88' lang='lat' dir='ltr'><strong>in</strong></span> <span class='ocrx_word' id='word_1_601' title='bbox 2898 4314 3123 4376; x_wconf 84' lang='lat' dir='ltr'><strong>peccata</strong></span> <span class='ocrx_word' id='word_1_602' title='bbox 3175 4305 3570 4376; x_wconf 82' lang='lat' dir='ltr'><strong>resipiscantus</strong></span> 
     </span>
    </p>
   </div>
   <div class='ocr_carea' id='block_1_85' title="bbox 1962 4395 3576 4466">
    <p class='ocr_par' dir='ltr' id='par_1_85' title="bbox 1962 4395 3576 4466">
     <span class='ocr_line' id='line_1_86' title="bbox 1962 4395 3576 4466; baseline 0.001 -16"><span class='ocrx_word' id='word_1_603' title='bbox 1962 4397 2122 4466; x_wconf 87' lang='lat' dir='ltr'><strong>(nam</strong></span> <span class='ocrx_word' id='word_1_604' title='bbox 2166 4406 2222 4451; x_wconf 91' lang='lat' dir='ltr'><strong>et</strong></span> <span class='ocrx_word' id='word_1_605' title='bbox 2265 4395 2573 4452; x_wconf 76' lang='lat' dir='ltr'><strong>beneﬁcum</strong></span> <span class='ocrx_word' id='word_1_606' title='bbox 2623 4404 2733 4462; x_wconf 89' lang='lat' dir='ltr'><strong>est,</strong></span> <span class='ocrx_word' id='word_1_607' title='bbox 2788 4405 2845 4453; x_wconf 91' lang='lat' dir='ltr'><strong>et</strong></span> <span class='ocrx_word' id='word_1_608' title='bbox 2893 4411 3026 4454; x_wconf 86' lang='lat' dir='ltr'><strong>vere</strong></span> <span class='ocrx_word' id='word_1_609' title='bbox 3074 4397 3465 4466; x_wconf 83' lang='lat' dir='ltr'><strong>resipiscentes</strong></span> <span class='ocrx_word' id='word_1_610' title='bbox 3508 4413 3576 4452; x_wconf 85' lang='lat' dir='ltr'><strong>ac</strong></span> 
     </span>
    </p>
   </div>
   <div class='ocr_carea' id='block_1_86' title="bbox 259 4475 3575 4559">
    <p class='ocr_par' dir='ltr' id='par_1_86' title="bbox 259 4475 3575 4559">
     <span class='ocr_line' id='line_1_87' title="bbox 259 4475 3575 4559; baseline 0.005 -33"><span class='ocrx_word' id='word_1_611' title='bbox 259 4475 410 4528; x_wconf 86' lang='lat' dir='ltr'><strong>serio</strong></span> <span class='ocrx_word' id='word_1_612' title='bbox 452 4475 710 4548; x_wconf 89' lang='lat' dir='ltr'><strong>recipit).</strong></span> <span class='ocrx_word' id='word_1_613' title='bbox 761 4475 921 4532; x_wconf 84' lang='lat' dir='ltr'><strong>Nullo</strong></span> <span class='ocrx_word' id='word_1_614' title='bbox 969 4488 1149 4535; x_wconf 86' lang='lat' dir='ltr'><strong>autem</strong></span> <span class='ocrx_word' id='word_1_615' title='bbox 1201 4484 1365 4538; x_wconf 87' lang='lat' dir='ltr'><strong>modo</strong></span> <span class='ocrx_word' id='word_1_616' title='bbox 1417 4483 1758 4555; x_wconf 74' lang='lat' dir='ltr'><strong>negligentes</strong></span> <span class='ocrx_word' id='word_1_617' title='bbox 1811 4497 1906 4542; x_wconf 88' lang='lat' dir='ltr'><strong>aut</strong></span> <span class='ocrx_word' id='word_1_618' title='bbox 1943 4489 2120 4559; x_wconf 86' lang='lat' dir='ltr'><strong>securi</strong></span> <span class='ocrx_word' id='word_1_619' title='bbox 2162 4488 2335 4542; x_wconf 89' lang='lat' dir='ltr'><strong>simus</strong></span> <span class='ocrx_word' id='word_1_620' title='bbox 2376 4488 2542 4558; x_wconf 89' lang='lat' dir='ltr'><strong>(quia</strong></span> <span class='ocrx_word' id='word_1_621' title='bbox 2614 4498 2812 4558; x_wconf 88' lang='lat' dir='ltr'><strong>potens</strong></span> <span class='ocrx_word' id='word_1_622' title='bbox 2856 4497 2971 4558; x_wconf 88' lang='lat' dir='ltr'><strong>est,</strong></span> <span class='ocrx_word' id='word_1_623' title='bbox 3018 4503 3122 4546; x_wconf 91' lang='lat' dir='ltr'><strong>nec</strong></span> <span class='ocrx_word' id='word_1_624' title='bbox 3160 4488 3575 4559; x_wconf 85' lang='lat' dir='ltr'><strong>deceptionibus</strong></span> 
     </span>
    </p>
   </div>
   <div class='ocr_carea' id='block_1_87' title="bbox 258 4565 3576 4653">
    <p class='ocr_par' dir='ltr' id='par_1_87' title="bbox 258 4565 3576 4653">
     <span class='ocr_line' id='line_1_88' title="bbox 258 4565 3576 4653; baseline 0.005 -34"><span class='ocrx_word' id='word_1_625' title='bbox 258 4565 596 4637; x_wconf 83' lang='lat' dir='ltr'><strong>obnoxium)</strong></span> <span class='ocrx_word' id='word_1_626' title='bbox 653 4585 666 4622; x_wconf 89' lang='lat'><strong>:</strong></span> <span class='ocrx_word' id='word_1_627' title='bbox 726 4571 823 4625; x_wconf 89' lang='lat' dir='ltr'><strong>sed</strong></span> <span class='ocrx_word' id='word_1_628' title='bbox 877 4579 988 4625; x_wconf 83' lang='lat' dir='ltr'><strong>toto</strong></span> <span class='ocrx_word' id='word_1_629' title='bbox 1046 4582 1268 4642; x_wconf 88' lang='lat' dir='ltr'><strong>pectore</strong></span> <span class='ocrx_word' id='word_1_630' title='bbox 1315 4577 1497 4647; x_wconf 87' lang='lat' dir='ltr'><strong>ipsum</strong></span> <span class='ocrx_word' id='word_1_631' title='bbox 1549 4578 1863 4648; x_wconf 82' lang='lat' dir='ltr'><strong>diligamus.</strong></span> <span class='ocrx_word' id='word_1_632' title='bbox 1907 4579 2047 4651; x_wconf 86' lang='lat' dir='ltr'><strong>Erga</strong></span> <span class='ocrx_word' id='word_1_633' title='bbox 2071 4595 2167 4636; x_wconf 88' lang='lat' dir='ltr'><strong>eos</strong></span> <span class='ocrx_word' id='word_1_634' title='bbox 2193 4581 2338 4636; x_wconf 91' lang='lat' dir='ltr'><strong>enim</strong></span> <span class='ocrx_word' id='word_1_635' title='bbox 2367 4582 2864 4652; x_wconf 86' lang='lat' dir='ltr'><strong>quiobtemperant</strong></span> <span class='ocrx_word' id='word_1_636' title='bbox 2922 4581 3043 4653; x_wconf 82' lang='lat' dir='ltr'><strong>ejus</strong></span> <span class='ocrx_word' id='word_1_637' title='bbox 3105 4583 3288 4638; x_wconf 88' lang='lat' dir='ltr'><strong>verbis</strong></span> <span class='ocrx_word' id='word_1_638' title='bbox 3319 4583 3576 4650; x_wconf 87' lang='lat' dir='ltr'><strong>dictoque</strong></span> 
     </span>
    </p>
   </div>
   <div class='ocr_carea' id='block_1_88' title="bbox 259 4657 1184 4732">
    <p class='ocr_par' dir='ltr' id='par_1_88' title="bbox 259 4657 1184 4732">
     <span class='ocr_line' id='line_1_89' title="bbox 259 4657 1184 4732; baseline 0.011 -20"><span class='ocrx_word' id='word_1_639' title='bbox 259 4657 546 4716; x_wconf 89' lang='lat' dir='ltr'><strong>audientes</strong></span> <span class='ocrx_word' id='word_1_640' title='bbox 574 4669 724 4727; x_wconf 89' lang='lat' dir='ltr'><strong>sunt,</strong></span> <span class='ocrx_word' id='word_1_641' title='bbox 756 4661 1049 4732; x_wconf 85' lang='lat' dir='ltr'><strong>benignum</strong></span> <span class='ocrx_word' id='word_1_642' title='bbox 1077 4676 1184 4722; x_wconf 90' lang='lat' dir='ltr'><strong>est.</strong></span> 
     </span>
    </p>
   </div>
   <div class='ocr_carea' id='block_1_89' title="bbox 753 4755 1364 4833">
    <p class='ocr_par' dir='ltr' id='par_1_89' title="bbox 753 4755 1364 4833">
     <span class='ocr_line' id='line_1_90' title="bbox 753 4755 1364 4833; baseline 0.008 -25"><span class='ocrx_word' id='word_1_643' title='bbox 753 4755 895 4810; x_wconf 82' lang='lat' dir='ltr'><strong>MH&#39;.</strong></span> <span class='ocrx_word' id='word_1_644' title='bbox 927 4787 996 4797; x_wconf 88' lang='lat'><em>—</em></span> <span class='ocrx_word' id='word_1_645' title='bbox 1020 4759 1364 4833; x_wconf 80' lang='grc' dir='ltr'><strong>ΑΜΜΩΝΙῼ.</strong></span> 
     </span>
    </p>
   </div>
   <div class='ocr_carea' id='block_1_90' title="bbox 365 4844 1712 4921">
    <p class='ocr_par' dir='ltr' id='par_1_90' title="bbox 365 4844 1712 4921">
     <span class='ocr_line' id='line_1_91' title="bbox 365 4844 1712 4921; baseline 0.007 -23"><span class='ocrx_word' id='word_1_646' title='bbox 365 4844 472 4908; x_wconf 72' lang='grc' dir='ltr'><strong>Εἰς</strong></span> <span class='ocrx_word' id='word_1_647' title='bbox 499 4844 590 4898; x_wconf 81' lang='grc' dir='ltr'><strong>τόο</strong></span> <span class='ocrx_word' id='word_1_648' title='bbox 628 4863 648 4896; x_wconf 84' lang='grc'><em>‹</em></span> <span class='ocrx_word' id='word_1_649' title='bbox 702 4846 1060 4915; x_wconf 74' lang='grc' dir='ltr'>Ἐγείρεσθε,</span> <span class='ocrx_word' id='word_1_650' title='bbox 1103 4849 1336 4921; x_wconf 76' lang='grc' dir='ltr'>ἄγωμεν</span> <span class='ocrx_word' id='word_1_651' title='bbox 1354 4852 1654 4909; x_wconf 76' lang='grc' dir='ltr'>ἐντεῦθεν.</span> <span class='ocrx_word' id='word_1_652' title='bbox 1693 4873 1712 4907; x_wconf 73' lang='grc' dir='ltr'><strong>ι</strong></span> 
     </span>
    </p>
   </div>
   <div class='ocr_carea' id='block_1_91' title="bbox 331 4935 1859 5020">
    <p class='ocr_par' dir='ltr' id='par_1_91' title="bbox 331 4935 1859 5020">
     <span class='ocr_line' id='line_1_92' title="bbox 331 4935 1859 5020; baseline 0.007 -30"><span class='ocrx_word' id='word_1_653' title='bbox 331 4935 455 4992; x_wconf 83' lang='grc' dir='ltr'><strong>Ἵνα</strong></span> <span class='ocrx_word' id='word_1_654' title='bbox 517 4937 592 5010; x_wconf 80' lang='grc' dir='ltr'>μὴ</span> <span class='ocrx_word' id='word_1_655' title='bbox 643 4939 935 5014; x_wconf 81' lang='grc' dir='ltr'>προλήψει,</span> <span class='ocrx_word' id='word_1_656' title='bbox 1009 4942 1174 4996; x_wconf 83' lang='grc' dir='ltr'>πάθει</span> <span class='ocrx_word' id='word_1_657' title='bbox 1261 4945 1686 5020; x_wconf 86' lang='grc' dir='ltr'>άργαλεωτάτῳ,</span> <span class='ocrx_word' id='word_1_658' title='bbox 1763 4949 1859 5002; x_wconf 69' lang='grc' dir='ltr'>καὶ</span> 
     </span>
    </p>
   </div>
   <div class='ocr_carea' id='block_1_92' title="bbox 2407 4763 3130 4822">
    <p class='ocr_par' dir='ltr' id='par_1_92' title="bbox 2407 4763 3130 4822">
     <span class='ocr_line' id='line_1_93' title="bbox 2407 4763 3130 4822; baseline 0 -2"><span class='ocrx_word' id='word_1_659' title='bbox 2407 4764 2639 4821; x_wconf 80' lang='lat' dir='ltr'><strong>XLVIII.</strong></span> <span class='ocrx_word' id='word_1_660' title='bbox 2678 4794 2750 4805; x_wconf 87' lang='lat'><strong>-—</strong></span> <span class='ocrx_word' id='word_1_661' title='bbox 2789 4763 3130 4822; x_wconf 84' lang='grc' dir='ltr'><strong>ΑΜΜΟΝΙΟ.</strong></span> 
     </span>
    </p>
   </div>
   <div class='ocr_carea' id='block_1_93' title="bbox 1969 4856 3568 4929">
    <p class='ocr_par' dir='ltr' id='par_1_93' title="bbox 1969 4856 3568 4929">
     <span class='ocr_line' id='line_1_94' title="bbox 1969 4856 3568 4929; baseline 0 -17"><span class='ocrx_word' id='word_1_662' title='bbox 1969 4857 2036 4912; x_wconf 84' lang='grc' dir='ltr'><strong>1η</strong></span> <span class='ocrx_word' id='word_1_663' title='bbox 2062 4857 2197 4912; x_wconf 78' lang='lat' dir='ltr'><strong>illud</strong></span> <span class='ocrx_word' id='word_1_664' title='bbox 2240 4856 2442 4912; x_wconf 74' lang='lat' dir='ltr'><strong>Christi</strong></span> <span class='ocrx_word' id='word_1_665' title='bbox 2472 4861 2708 4925; x_wconf 84' lang='lat' dir='ltr'><strong>dictum,</strong></span> <span class='ocrx_word' id='word_1_666' title='bbox 2745 4876 2764 4910; x_wconf 79' lang='grc' dir='ltr'><strong>ι</strong></span> <span class='ocrx_word' id='word_1_667' title='bbox 2801 4856 3039 4929; x_wconf 87' lang='lat' dir='ltr'><strong>Surgite,</strong></span> <span class='ocrx_word' id='word_1_668' title='bbox 3077 4875 3260 4914; x_wconf 79' lang='lat' dir='ltr'><strong>eamus</strong></span> <span class='ocrx_word' id='word_1_669' title='bbox 3295 4858 3502 4915; x_wconf 77' lang='lat' dir='ltr'><strong>hinc“.</strong></span> <span class='ocrx_word' id='word_1_670' title='bbox 3547 4878 3568 4912; x_wconf 76' lang='grc' dir='ltr'><strong>ι</strong></span> 
     </span>
    </p>
   </div>
   <div class='ocr_carea' id='block_1_94' title="bbox 2041 4951 3575 5022">
    <p class='ocr_par' dir='ltr' id='par_1_94' title="bbox 2041 4951 3575 5022">
     <span class='ocr_line' id='line_1_95' title="bbox 2041 4951 3575 5022; baseline 0.001 -16"><span class='ocrx_word' id='word_1_671' title='bbox 2041 4951 2122 5006; x_wconf 85' lang='lat' dir='ltr'><strong>Ne</strong></span> <span class='ocrx_word' id='word_1_672' title='bbox 2161 4951 2479 5020; x_wconf 84' lang='lat' dir='ltr'><strong>anticipatis</strong></span> <span class='ocrx_word' id='word_1_673' title='bbox 2521 4951 2876 5022; x_wconf 86' lang='lat' dir='ltr'><strong>opinionibus</strong></span> <span class='ocrx_word' id='word_1_674' title='bbox 2918 4968 2982 5007; x_wconf 85' lang='lat' dir='ltr'><strong>ac</strong></span> <span class='ocrx_word' id='word_1_675' title='bbox 3025 4951 3379 5022; x_wconf 85' lang='lat' dir='ltr'><strong>praejudiciis,</strong></span> <span class='ocrx_word' id='word_1_676' title='bbox 3428 4953 3575 5008; x_wconf 88' lang='lat' dir='ltr'><strong>malo</strong></span> 
     </span>
    </p>
   </div>
   <div class='ocr_carea' id='block_1_95' title="bbox 336 5091 1884 5172">
    <p class='ocr_par' dir='ltr' id='par_1_95' title="bbox 336 5091 1884 5171">
     <span class='ocr_line' id='line_1_96' title="bbox 336 5091 1884 5171; baseline 0.008 -24"><span class='ocrx_word' id='word_1_677' title='bbox 336 5091 448 5148; x_wconf 80' lang='lat' dir='ltr'><strong>“II</strong></span> <span class='ocrx_word' id='word_1_678' title='bbox 485 5091 614 5151; x_wconf 87' lang='lat' dir='ltr'><strong>Cor.</strong></span> <span class='ocrx_word' id='word_1_679' title='bbox 658 5111 710 5160; x_wconf 74' lang='grc' dir='ltr'><strong>ν,</strong></span> <span class='ocrx_word' id='word_1_680' title='bbox 748 5096 834 5152; x_wconf 86' lang='lat' dir='ltr'><strong>I6.</strong></span> <span class='ocrx_word' id='word_1_681' title='bbox 915 5099 957 5130; x_wconf 80' lang='lat'>“</span> <span class='ocrx_word' id='word_1_682' title='bbox 1000 5098 1236 5171; x_wconf 80' lang='lat' dir='ltr'><strong>Philipp.</strong></span> <span class='ocrx_word' id='word_1_683' title='bbox 1276 5109 1363 5169; x_wconf 72' lang='grc' dir='ltr'>ιιι,</span> <span class='ocrx_word' id='word_1_684' title='bbox 1395 5103 1482 5158; x_wconf 79' lang='lat' dir='ltr'><strong>I7.</strong></span> <span class='ocrx_word' id='word_1_685' title='bbox 1560 5104 1794 5163; x_wconf 82' lang='lat' dir='ltr'><strong>&quot;Hebr.</strong></span> <span class='ocrx_word' id='word_1_686' title='bbox 1834 5122 1884 5160; x_wconf 71' lang='grc' dir='ltr'><strong>ιι</strong></span> 
     </span>
    </p>
   </div>
   <div class='ocr_carea' id='block_1_96' title="bbox 1965 5091 2648 5172">
    <p class='ocr_par' dir='ltr' id='par_1_96' title="bbox 1987 5105 2648 5172">
     <span class='ocr_line' id='line_1_97' title="bbox 1987 5105 2648 5172; baseline 0.006 -13"><span class='ocrx_word' id='word_1_687' title='bbox 1987 5107 2070 5160; x_wconf 74' lang='lat' dir='ltr'><strong>I5.</strong></span> <span class='ocrx_word' id='word_1_688' title='bbox 2153 5107 2196 5138; x_wconf 80' lang='lat'>&quot;</span> <span class='ocrx_word' id='word_1_689' title='bbox 2225 5105 2384 5164; x_wconf 81' lang='lat' dir='ltr'><strong>Joan.</strong></span> <span class='ocrx_word' id='word_1_690' title='bbox 2416 5122 2530 5172; x_wconf 81' lang='lat' dir='ltr'><strong>xtv,</strong></span> <span class='ocrx_word' id='word_1_691' title='bbox 2560 5109 2648 5164; x_wconf 82' lang='lat' dir='ltr'><strong>‘5I.</strong></span> 
     </span>
    </p>
   </div>
   <div class='ocr_carea' id='block_1_97' title="bbox 1398 5258 2467 5321">
    <p class='ocr_par' dir='ltr' id='par_1_97' title="bbox 1398 5258 2467 5321">
     <span class='ocr_line' id='line_1_98' title="bbox 1398 5258 2467 5321; baseline 0.007 -9"><span class='ocrx_word' id='word_1_692' title='bbox 1398 5258 1635 5316; x_wconf 62' lang='lat' dir='ltr'><strong>VARIIE</strong></span> <span class='ocrx_word' id='word_1_693' title='bbox 1672 5261 2060 5321; x_wconf 81' lang='lat' dir='ltr'><strong>LECTIONES</strong></span> <span class='ocrx_word' id='word_1_694' title='bbox 2101 5264 2190 5319; x_wconf 88' lang='grc' dir='ltr'><strong>ΕΤ</strong></span> <span class='ocrx_word' id='word_1_695' title='bbox 2230 5263 2467 5321; x_wconf 65' lang='lat' dir='ltr'><strong>NOTAE.</strong></span> 
     </span>
    </p>
   </div>
   <div class='ocr_carea' id='block_1_98' title="bbox 333 5402 1845 5482">
    <p class='ocr_par' dir='ltr' id='par_1_98' title="bbox 333 5402 1845 5482">
     <span class='ocr_line' id='line_1_99' title="bbox 333 5402 1845 5482; baseline 0.007 -26"><span class='ocrx_word' id='word_1_696' title='bbox 333 5402 447 5482; x_wconf 63' lang='grc' dir='ltr'><strong>(μ)</strong></span> <span class='ocrx_word' id='word_1_697' title='bbox 490 5402 822 5482; x_wconf 42' lang='grc' dir='ltr'>Καὶ-ἔδειξε</span> <span class='ocrx_word' id='word_1_698' title='bbox 853 5404 969 5482; x_wconf 73' lang='grc' dir='ltr'><strong>τὴν</strong></span> <span class='ocrx_word' id='word_1_699' title='bbox 1013 5409 1166 5482; x_wconf 73' lang='grc' dir='ltr'>κατὰ</span> <span class='ocrx_word' id='word_1_700' title='bbox 1204 5411 1411 5482; x_wconf 65' lang='grc' dir='ltr'>σάρκα</span> <span class='ocrx_word' id='word_1_701' title='bbox 1459 5412 1845 5482; x_wconf 76' lang='grc' dir='ltr'>συγγένειαν.</span> 
     </span>
    </p>
   </div>
   <div class='ocr_carea' id='block_1_99' title="bbox 261 5472 1857 5598">
    <p class='ocr_par' dir='ltr' id='par_1_99' title="bbox 261 5472 1857 5598">
     <span class='ocr_line' id='line_1_100' title="bbox 261 5472 1857 5555; baseline 0.006 -28"><span class='ocrx_word' id='word_1_702' title='bbox 261 5472 488 5527; x_wconf 86' lang='lat' dir='ltr'><strong>Videtur</strong></span> <span class='ocrx_word' id='word_1_703' title='bbox 519 5472 823 5528; x_wconf 84' lang='lat' dir='ltr'><strong>addendum</strong></span> <span class='ocrx_word' id='word_1_704' title='bbox 857 5477 960 5530; x_wconf 81' lang='lat' dir='ltr'><strong>tale</strong></span> <span class='ocrx_word' id='word_1_705' title='bbox 991 5481 1141 5547; x_wconf 86' lang='lat' dir='ltr'><strong>quid,</strong></span> <span class='ocrx_word' id='word_1_706' title='bbox 1165 5472 1316 5534; x_wconf 71' lang='grc' dir='ltr'>οὐδὲν</span> <span class='ocrx_word' id='word_1_707' title='bbox 1354 5472 1656 5544; x_wconf 49' lang='grc' dir='ltr'>οῦσανξνρί</span> <span class='ocrx_word' id='word_1_708' title='bbox 1686 5485 1857 5555; x_wconf 83' lang='grc' dir='ltr'>μηδὲν</span> 
     </span>
     <span class='ocr_line' id='line_1_101' title="bbox 262 5542 693 5598; baseline 0.005 -2"><span class='ocrx_word' id='word_1_709' title='bbox 262 5543 487 5598; x_wconf 73' lang='grc' dir='ltr'>ισγύειν.</span> <span class='ocrx_word' id='word_1_710' title='bbox 529 5542 693 5598; x_wconf 75' lang='grc' dir='ltr'>Βιττ.</span> 
     </span>
    </p>
   </div>
   <div class='ocr_carea' id='block_1_100' title="bbox 319 5562 1863 5693">
    <p class='ocr_par' dir='ltr' id='par_1_100' title="bbox 319 5562 1863 5693">
     <span class='ocr_line' id='line_1_102' title="bbox 319 5562 693 5613; baseline 0.008 -18"><span class='ocrx_word' id='word_1_711' title='bbox 319 5562 487 5613; x_wconf 86' lang='grc' dir='ltr'>χυειν.</span> <span class='ocrx_word' id='word_1_712' title='bbox 529 5562 693 5598; x_wconf 75' lang='lat' dir='ltr'><strong>ntr&#39;r.</strong></span> 
     </span>
     <span class='ocr_line' id='line_1_103' title="bbox 334 5613 1863 5693; baseline 0.009 -28"><span class='ocrx_word' id='word_1_713' title='bbox 334 5615 445 5684; x_wconf 73' lang='grc'><strong>(42)</strong></span> <span class='ocrx_word' id='word_1_714' title='bbox 481 5613 616 5693; x_wconf 52' lang='lat' dir='ltr'><strong>90d.</strong></span> <span class='ocrx_word' id='word_1_715' title='bbox 665 5615 779 5693; x_wconf 63' lang='lat' dir='ltr'><strong>Yal.</strong></span> <span class='ocrx_word' id='word_1_716' title='bbox 827 5613 933 5669; x_wconf 81' lang='grc'><strong>650</strong></span> <span class='ocrx_word' id='word_1_717' title='bbox 983 5631 1083 5685; x_wconf 83' lang='lat' dir='ltr'><strong>pro</strong></span> <span class='ocrx_word' id='word_1_718' title='bbox 1133 5620 1278 5693; x_wconf 78' lang='grc' dir='ltr'>φημὶ</span> <span class='ocrx_word' id='word_1_719' title='bbox 1312 5622 1498 5689; x_wconf 82' lang='lat' dir='ltr'><strong>ponit,</strong></span> <span class='ocrx_word' id='word_1_720' title='bbox 1538 5624 1774 5693; x_wconf 79' lang='grc' dir='ltr'>μικράν,</span> <span class='ocrx_word' id='word_1_721' title='bbox 1806 5634 1863 5678; x_wconf 82' lang='lat' dir='ltr'><strong>ei.</strong></span> 
     </span>
    </p>
   </div>
   <div class='ocr_carea' id='block_1_101' title="bbox 259 5683 1852 5807">
    <p class='ocr_par' dir='ltr' id='par_1_101' title="bbox 259 5683 1852 5807">
     <span class='ocr_line' id='line_1_104' title="bbox 259 5683 1852 5807; baseline 0.008 -73"><span class='ocrx_word' id='word_1_722' title='bbox 259 5699 384 5807; x_wconf 47' lang='lat' dir='ltr'><strong>illo;</strong></span> <span class='ocrx_word' id='word_1_723' title='bbox 408 5683 690 5805; x_wconf 44' lang='lat' dir='ltr'><strong>[inlitterati</strong></span> <span class='ocrx_word' id='word_1_724' title='bbox 717 5702 730 5714; x_wconf 90' lang='grc'><strong>·</strong></span> <span class='ocrx_word' id='word_1_725' title='bbox 780 5701 938 5741; x_wconf 80' lang='lat' dir='ltr'><strong>versu</strong></span> <span class='ocrx_word' id='word_1_726' title='bbox 971 5683 1104 5756; x_wconf 79' lang='lat' dir='ltr'><strong>post</strong></span> <span class='ocrx_word' id='word_1_727' title='bbox 1146 5683 1335 5757; x_wconf 72' lang='lat' dir='ltr'><strong>quinto</strong></span> <span class='ocrx_word' id='word_1_728' title='bbox 1372 5683 1494 5762; x_wconf 73' lang='lat' dir='ltr'><strong>post</strong></span> <span class='ocrx_word' id='word_1_729' title='bbox 1520 5683 1658 5747; x_wconf 82' lang='grc' dir='ltr'>ἆλλᾶ</span> <span class='ocrx_word' id='word_1_730' title='bbox 1704 5683 1852 5748; x_wconf 74' lang='lat' dir='ltr'><strong>addit</strong></span> 
     </span>
     <span class='ocr_line' id='line_1_105' title="bbox 294 5768 615 5807; baseline 0.006 -2"><span class='ocrx_word' id='word_1_731' title='bbox 294 5770 332 5805; x_wconf 86' lang='grc' dir='ltr'><strong>π</strong></span> <span class='ocrx_word' id='word_1_732' title='bbox 365 5794 378 5807; x_wconf 96' lang='grc'><strong>.</strong></span> <span class='ocrx_word' id='word_1_733' title='bbox 447 5768 615 5807; x_wconf 63' lang='lat' dir='ltr'><strong>osus.</strong></span> 
     </span>
    </p>
   </div>
   <div class='ocr_carea' id='block_1_102' title="bbox 337 5793 1857 5906">
    <p class='ocr_par' dir='ltr' id='par_1_102' title="bbox 337 5793 1857 5906">
     <span class='ocr_line' id='line_1_106' title="bbox 337 5793 1857 5906; baseline 0.011 -32"><span class='ocrx_word' id='word_1_734' title='bbox 337 5793 969 5906; x_wconf 86' lang='lat' dir='ltr'><strong>sed</strong></span> <span class='ocrx_word' id='word_1_735' title='bbox 1007 5826 1248 5906; x_wconf 47' lang='grc' dir='ltr'><strong>ἶᾼλυπῐῳ</strong></span> <span class='ocrx_word' id='word_1_736' title='bbox 1280 5831 1598 5906; x_wconf 80' lang='lat' dir='ltr'><strong>inscribitur</strong></span> <span class='ocrx_word' id='word_1_737' title='bbox 1623 5835 1736 5889; x_wconf 67' lang='lat' dir='ltr'><strong>haec</strong></span> <span class='ocrx_word' id='word_1_738' title='bbox 1769 5853 1857 5906; x_wconf 88' lang='lat' dir='ltr'><strong>ep.</strong></span> 
     </span>
    </p>
   </div>
   <div class='ocr_carea' id='block_1_103' title="bbox 263 5894 1861 5974">
    <p class='ocr_par' dir='ltr' id='par_1_103' title="bbox 263 5894 1861 5974">
     <span class='ocr_line' id='line_1_107' title="bbox 263 5894 1861 5974; baseline 0.009 -27"><span class='ocrx_word' id='word_1_739' title='bbox 263 5895 388 5950; x_wconf 83' lang='lat' dir='ltr'><strong>cod.</strong></span> <span class='ocrx_word' id='word_1_740' title='bbox 418 5897 470 5947; x_wconf 70' lang='grc' dir='ltr'><strong>ιιι</strong></span> <span class='ocrx_word' id='word_1_741' title='bbox 501 5894 624 5947; x_wconf 74' lang='lat' dir='ltr'><strong>Vat.</strong></span> <span class='ocrx_word' id='word_1_742' title='bbox 659 5894 978 5951; x_wconf 62' lang='lat' dir='ltr'><strong>6:30.]V&#39;crs.</strong></span> <span class='ocrx_word' id='word_1_743' title='bbox 1008 5899 1063 5951; x_wconf 72' lang='lat'><strong>2.</strong></span> <span class='ocrx_word' id='word_1_744' title='bbox 1102 5894 1259 5966; x_wconf 66' lang='lat' dir='ltr'><strong>epis].</strong></span> <span class='ocrx_word' id='word_1_745' title='bbox 1296 5918 1394 5971; x_wconf 85' lang='lat' dir='ltr'><strong>pro</strong></span> <span class='ocrx_word' id='word_1_746' title='bbox 1422 5905 1527 5966; x_wconf 82' lang='lat' dir='ltr'><strong>bis,</strong></span> <span class='ocrx_word' id='word_1_747' title='bbox 1562 5894 1861 5974; x_wconf 76' lang='grc' dir='ltr'>φανότατον</span> 
     </span>
    </p>
   </div>
   <div class='ocr_carea' id='block_1_104' title="bbox 511 5989 1311 6059">
    <p class='ocr_par' dir='ltr' id='par_1_104' title="bbox 511 5989 1311 6059">
     <span class='ocr_line' id='line_1_108' title="bbox 511 5989 1311 6059; baseline 0.013 -9"><span class='ocrx_word' id='word_1_748' title='bbox 511 5989 782 6052; x_wconf 71' lang='grc' dir='ltr'>ΡΑτιιοι..</span> <span class='ocrx_word' id='word_1_749' title='bbox 831 5993 946 6054; x_wconf 75' lang='lat' dir='ltr'><strong>Gn.</strong></span> <span class='ocrx_word' id='word_1_750' title='bbox 989 5995 1311 6059; x_wconf 75' lang='lat' dir='ltr'><strong>LXXVIII.</strong></span> 
     </span>
    </p>
   </div>
   <div class='ocr_carea' id='block_1_105' title="bbox 1959 5415 3586 5496">
    <p class='ocr_par' dir='ltr' id='par_1_105' title="bbox 1959 5415 3586 5496">
     <span class='ocr_line' id='line_1_109' title="bbox 1959 5415 3586 5496; baseline 0.006 -27"><span class='ocrx_word' id='word_1_751' title='bbox 1959 5415 2053 5496; x_wconf 64' lang='lat' dir='ltr'><strong>xui.</strong></span> <span class='ocrx_word' id='word_1_752' title='bbox 2106 5416 2449 5496; x_wconf 75' lang='grc' dir='ltr'>ἀκοίμητον,</span> <span class='ocrx_word' id='word_1_753' title='bbox 2493 5419 2642 5496; x_wconf 71' lang='lat' dir='ltr'><strong>idem</strong></span> <span class='ocrx_word' id='word_1_754' title='bbox 2704 5420 2825 5475; x_wconf 90' lang='lat' dir='ltr'><strong>cod.</strong></span> <span class='ocrx_word' id='word_1_755' title='bbox 2870 5419 3065 5487; x_wconf 83' lang='lat' dir='ltr'><strong>habet,</strong></span> <span class='ocrx_word' id='word_1_756' title='bbox 3126 5421 3219 5475; x_wconf 82' lang='grc' dir='ltr'>τὸν</span> <span class='ocrx_word' id='word_1_757' title='bbox 3262 5423 3586 5496; x_wconf 69' lang='grc' dir='ltr'>ἀκοίμητον</span> 
     </span>
    </p>
   </div>
   <div class='ocr_carea' id='block_1_106' title="bbox 1966 5488 2563 5542">
    <p class='ocr_par' dir='ltr' id='par_1_106' title="bbox 1966 5488 2563 5542">
     <span class='ocr_line' id='line_1_110' title="bbox 1966 5488 2563 5542; baseline 0 -2"><span class='ocrx_word' id='word_1_758' title='bbox 1966 5488 2061 5540; x_wconf 76' lang='grc' dir='ltr'>καὶ</span> <span class='ocrx_word' id='word_1_759' title='bbox 2210 5489 2454 5542; x_wconf 82' lang='grc' dir='ltr'>νότατον.</span> <span class='ocrx_word' id='word_1_760' title='bbox 2491 5488 2563 5542; x_wconf 85' lang='lat' dir='ltr'><strong>In.</strong></span> 
     </span>
    </p>
   </div>
   <div class='ocr_carea' id='block_1_107' title="bbox 2040 5557 3568 5638">
    <p class='ocr_par' dir='ltr' id='par_1_107' title="bbox 2040 5557 3568 5638">
     <span class='ocr_line' id='line_1_111' title="bbox 2040 5557 3568 5638; baseline 0.005 -27"><span class='ocrx_word' id='word_1_761' title='bbox 2040 5558 2152 5638; x_wconf 60' lang='grc' dir='ltr'>(ιι)</span> <span class='ocrx_word' id='word_1_762' title='bbox 2185 5557 2289 5614; x_wconf 86' lang='lat' dir='ltr'><strong>Pro</strong></span> <span class='ocrx_word' id='word_1_763' title='bbox 2339 5559 2670 5632; x_wconf 77' lang='grc' dir='ltr'>φοϐηθῶμεν</span> <span class='ocrx_word' id='word_1_764' title='bbox 2725 5563 2868 5618; x_wconf 84' lang='lat' dir='ltr'><strong>idem</strong></span> <span class='ocrx_word' id='word_1_765' title='bbox 2921 5563 3042 5618; x_wconf 81' lang='lat' dir='ltr'><strong>cod.</strong></span> <span class='ocrx_word' id='word_1_766' title='bbox 3093 5563 3257 5634; x_wconf 81' lang='lat' dir='ltr'><strong>legit,</strong></span> <span class='ocrx_word' id='word_1_767' title='bbox 3312 5565 3568 5638; x_wconf 70' lang='grc' dir='ltr'>ὀρρωδῶ-</span> 
     </span>
    </p>
   </div>
   <div class='ocr_carea' id='block_1_108' title="bbox 2013 5631 2203 5681">
    <p class='ocr_par' dir='ltr' id='par_1_108' title="bbox 2013 5631 2203 5681">
     <span class='ocr_line' id='line_1_112' title="bbox 2013 5631 2203 5681; baseline 0.005 -1"><span class='ocrx_word' id='word_1_768' title='bbox 2013 5645 2088 5681; x_wconf 82' lang='grc' dir='ltr'><strong>εν.</strong></span> <span class='ocrx_word' id='word_1_769' title='bbox 2127 5631 2203 5681; x_wconf 87' lang='lat' dir='ltr'><strong>ID.</strong></span> 
     </span>
    </p>
   </div>
   <div class='ocr_carea' id='block_1_109' title="bbox 1967 5643 3565 5774">
    <p class='ocr_par' dir='ltr' id='par_1_109' title="bbox 1967 5643 3565 5774">
     <span class='ocr_line' id='line_1_113' title="bbox 2013 5643 2203 5681; baseline 0.005 -1"><span class='ocrx_word' id='word_1_770' title='bbox 2013 5645 2033 5680; x_wconf 83' lang='grc' dir='ltr'><strong>ε</strong></span> <span class='ocrx_word' id='word_1_771' title='bbox 2077 5670 2088 5681; x_wconf 92' lang='grc'><strong>.</strong></span> <span class='ocrx_word' id='word_1_772' title='bbox 2127 5643 2136 5677; x_wconf 92' lang='lat' dir='ltr'><strong>I</strong></span> <span class='ocrx_word' id='word_1_773' title='bbox 2191 5667 2203 5681; x_wconf 91' lang='lat'><strong>.</strong></span> 
     </span>
     <span class='ocr_line' id='line_1_114' title="bbox 1967 5643 3565 5774; baseline 0.009 -28"><span class='ocrx_word' id='word_1_774' title='bbox 1967 5646 2006 5696; x_wconf 72' lang='grc' dir='ltr'>μ</span> <span class='ocrx_word' id='word_1_775' title='bbox 2037 5643 2320 5774; x_wconf 49' lang='grc' dir='ltr'><strong>ξῆξξῖῐξοῖς</strong></span> <span class='ocrx_word' id='word_1_776' title='bbox 2351 5701 2463 5774; x_wconf 54' lang='lat' dir='ltr'><strong>reip</strong></span> <span class='ocrx_word' id='word_1_777' title='bbox 2498 5703 2821 5757; x_wconf 80' lang='grc' dir='ltr'>ποθοῦσιν.</span> <span class='ocrx_word' id='word_1_778' title='bbox 2859 5703 2990 5774; x_wconf 81' lang='lat' dir='ltr'><strong>Leg.</strong></span> <span class='ocrx_word' id='word_1_779' title='bbox 3036 5704 3340 5761; x_wconf 83' lang='grc' dir='ltr'>πείθουσιν.</span> <span class='ocrx_word' id='word_1_780' title='bbox 3391 5705 3565 5774; x_wconf 78' lang='grc' dir='ltr'>Βιττ.</span> 
     </span>
    </p>
   </div>
   <div class='ocr_carea' id='block_1_110' title="bbox 2042 5769 3569 5844">
    <p class='ocr_par' dir='ltr' id='par_1_110' title="bbox 2042 5769 3569 5844">
     <span class='ocr_line' id='line_1_115' title="bbox 2042 5769 3569 5844; baseline 0.003 -19"><span class='ocrx_word' id='word_1_781' title='bbox 2042 5769 2175 5844; x_wconf 54' lang='grc'><strong>(46)-</strong></span> <span class='ocrx_word' id='word_1_782' title='bbox 2209 5769 2344 5824; x_wconf 79' lang='lat' dir='ltr'><strong>Cod.</strong></span> <span class='ocrx_word' id='word_1_783' title='bbox 2398 5771 2514 5827; x_wconf 76' lang='lat' dir='ltr'><strong>Val.</strong></span> <span class='ocrx_word' id='word_1_784' title='bbox 2551 5776 2759 5829; x_wconf 84' lang='lat' dir='ltr'><strong>omittit</strong></span> <span class='ocrx_word' id='word_1_785' title='bbox 2807 5777 2922 5830; x_wconf 65' lang='lat' dir='ltr'><strong>haec</strong></span> <span class='ocrx_word' id='word_1_786' title='bbox 2942 5769 3058 5831; x_wconf 49' lang='lat' dir='ltr'><strong>&quot;duo</strong></span> <span class='ocrx_word' id='word_1_787' title='bbox 3109 5779 3312 5844; x_wconf 78' lang='lat' dir='ltr'><strong>verba,</strong></span> <span class='ocrx_word' id='word_1_788' title='bbox 3370 5773 3452 5841; x_wconf 80' lang='grc' dir='ltr'>οἷς</span> <span class='ocrx_word' id='word_1_789' title='bbox 3481 5779 3569 5830; x_wconf 60' lang='grc' dir='ltr'><strong>λά.</strong></span> 
     </span>
    </p>
   </div>
   <div class='ocr_carea' id='block_1_111' title="bbox 1967 5839 2351 5907">
    <p class='ocr_par' dir='ltr' id='par_1_111' title="bbox 1967 5839 2351 5907">
     <span class='ocr_line' id='line_1_116' title="bbox 1967 5839 2351 5907; baseline 0.01 -16"><span class='ocrx_word' id='word_1_790' title='bbox 1967 5855 2106 5907; x_wconf 73' lang='grc' dir='ltr'>γοις.</span> <span class='ocrx_word' id='word_1_791' title='bbox 2145 5839 2351 5896; x_wconf 68' lang='lat' dir='ltr'><strong>Possm.</strong></span> 
     </span>
    </p>
   </div>
   <div class='ocr_carea' id='block_1_112' title="bbox 3093 6015 3169 6077">
    <p class='ocr_par' dir='ltr' id='par_1_112' title="bbox 3093 6015 3169 6077">
     <span class='ocr_line' id='line_1_117' title="bbox 3093 6015 3169 6077; baseline -0.026 0"><span class='ocrx_word' id='word_1_792' title='bbox 3093 6015 3169 6077; x_wconf 81' lang='lat'><strong>35</strong></span> 
     </span>
    </p>
   </div>
  </div>
