4164 6486
209 472 353 536 “Ol
1143 466 1688 534 EPIS'I'OLARUM
1728 469 1875 530 LIB.
1918 471 2014 530 IV.
2058 495 2127 504 -
2167 470 2408 531 EPIST.
2446 467 2579 530 LII.
3372 453 3506 518 1102

208 586 313 656 Τῷ
364 583 469 656 γὰρ
501 584 918 651 καταδέξασθαι,
951 587 1041 638 καὶ
1094 586 1174 646 εἰς
1205 583 1429 654 μείζονα
1457 584 1656 646 αὐτοὺς
1683 581 1808 636 ἀσὲ-

1919 579 2126 634 adulati
2161 592 2379 645 essent,
2415 577 2790 646 dixissentque
2829 591 2847 624 ι
2890 587 2989 628 νοτ
3025 570 3118 624 Dei
3148 609 3164 636 ,
3194 576 3379 624 etnon
3413 569 3509 619 ho-

204 675 374 728 σειαν
419 673 532 745 (54)
575 673 1042 744 ὲπαιδοτρίὸησεν.
1096 671 1255 736 Εἰκὸς
1307 672 1363 725 δὲ
1398 672 1704 734 κάκείνους,
1757 670 1804 724 εί

1915 673 2102 740 minis,
2143 691 2162 725 ι
2198 666 2311 741 ipse
2344 684 2532 742 poenas
2589 669 2753 724 luerit
2794 684 2808 722 :
2854 666 2942 721 aio
2973 665 3050 734 (id
3087 670 3375 734 propterea
3431 657 3510 712 fa-

204 766 314 818 καὶ
347 766 420 837 μὴ
449 766 780 834 παραυτίκα,
826 765 940 820 ἀλλ’
975 764 1202 836 ὕστερον
1228 763 1716 833 δεδωκέναιδίκην.
1744 762 1806 815 Εἰ

1917 762 2111 832 ctum),
2145 762 2272 832 quia
2303 762 2416 832 ipse
2441 759 2698 832 populum
2731 773 2836 814 non
2861 750 3309 828 reprehenderit,
3336 763 3511 815 neque

201 853 272 909 δὲ
314 863 409 910 καὶ
429 857 661 910 ἐνταῦθα
693 856 966 926 διέφυγον,
987 856 1052 910 τὰ
1078 857 1258 910 ἐκεῖσε
1291 857 1352 909 οὐ
1378 853 1778 923 διαφεύξονται.

1917 857 2282 911 adulationem
2325 856 2550 924 impiam
2591 863 2646 909 et
2689 853 2936 908 insanam
2993 846 3314 918 repudiarit.
3371 842 3507 896 Nam

203 947 345 1000 dum
367 963 487 1002 eam
514 950 838 1019 acceptavit,
865 949 1030 1004 etiam
1093 951 1158 1003 ad
1223 949 1487 1018 majorem
1545 948 1694 1018 ipsos
1751 947 2085 1018 impietatem
2145 948 2439 1003 assuefecit
2483 955 2644 1017 atque
2701 944 2958 1002 erudivit.
3010 937 3281 996 Credibile
3329 945 3509 987 autem

202 1050 321 1104 est,
367 1042 514 1110 ipsos
549 1057 763 1112 quoque
805 1043 1142 1116 (adulatores
1179 1042 1320 1111 illos)
1382 1042 1427 1096 si
1486 1042 1723 1096 maxime
1771 1056 1878 1095 non
1921 1041 2209 1113 evestigio,
2266 1052 2318 1095 at
2371 1050 2522 1096 certe
2600 1038 2873 1109 posterius
2929 1050 3118 1106 ptenas
3157 1028 3506 1103 persolvisse,

201 1133 370 1202 Quod
398 1137 442 1189 si
474 1136 638 1189 etiam
674 1132 761 1189 hic
791 1136 1025 1190 divinam
1056 1135 1584 1189 animadversionem
1636 1134 1884 1204 impuniti
1953 1133 2281 1203 eﬂ‘ugernnt,
2324 1142 2528 1189 aeterna
2563 1131 2790 1187 alterius
2823 1127 3007 1184 saeculi
3064 1123 3328 1196 supplicia
3401 1132 3509 1174 non

202 1231 464 1285 evadent.

760 1341 890 1398 NA'.
917 1373 980 1383 —
1007 1341 1234 1396 ΘΕΩΝΙ.

271 1438 381 1502 Εἰς
407 1433 479 1488 τό
502 1450 516 1466 ο
549 1451 568 1487 ι
612 1433 743 1501 Τοῖς
770 1437 921 1489 κατὰ
954 1438 1242 1504 πρόθεσιν
1275 1435 1522 1503 κλητοῖς
1550 1430 1751 1490 οὖσιν.
1774 1455 1793 1488 ι

297 1616 361 1671 'H
393 1618 511 1672 θεία
532 1616 692 1689 χάρις
725 1620 838 1692 (55)
877 1622 942 1691 τῇ
979 1620 1298 1694 ἀνθρωπίνῃ
1349 1621 1665 1692 κιρνωμένη
1694 1620 1808 1690 (56)

2450 1341 2542 1396 LI.
2587 1370 2655 1381 —
2688 1334 2968 1393 THEONI.

1919 1439 1986 1492 In
2022 1437 2159 1492 illud
2191 1435 2379 1507 (Pauli
2409 1433 2634 1500 dictum)
2663 1450 2681 1488 :
2718 1452 2737 1507 ι
2771 1433 2848 1488 Iis
2880 1431 2971 1507 qui
2997 1428 3287 1486 secundum
3312 1442 3509 1499 propo-

2367 1508 2529 1560 situm
2561 1506 2730 1559 uocati
2768 1514 2891 1559 sunt
2914 1503 2980 1556 “’.
3019 1521 3037 1553 ι

1983 1622 2171 1677 Divina
2214 1619 2389 1692 gratia
2420 1620 2674 1675 humanae
2713 1617 2878 1672 mista
2917 1615 3200 1672 industriae
3233 1614 3511 1684 animique

209 1711 518 1784 προθυμίᾳ,
573 1711 736 1778 σώζει
790 1713 882 1766 τὸν
937 1713 1245 1784 ἄνθρωπον.
1291 1714 1494 1784 Διόπερ
1523 1711 1618 1767 καὶ
1657 1713 1687 1765 ὁ
1716 1712 1808 1766 τὸν

1915 1710 2354 1782 promptitudini,
2407 1709 2618 1765 salvum
2677 1707 2806 1763 iacit
2869 1709 3168 1764 hominem.
3240 1706 3508 1774 Quocirca

207 1805 454 1874 Χριστὸν
480 1805 619 1876 ἔχων
659 1808 716 1859 ὲν
750 1805 930 1876 ἐαυτῷ
957 1805 1230 1860 λαλοῦντα
1261 1801 1382 1859 εἷπε
1409 1820 1421 1834 °
1469 1825 1488 1859 ι
1546 1806 1808 1875 Συνεργεί

1915 1805 2075 1860 etiam
2115 1801 2436 1873 Apostolus,
2483 1803 2574 1870 qui
2619 1798 2898 1854 Christum
2947 1799 3184 1854 habebat
3218 1799 3271 1852 in
3319 1813 3381 1854 se
3427 1797 3508 1854 lo-

206 1901 331 1961 τοῖς
372 1899 514 1951 κατά
545 1899 803 1968 πρόθεσιν
825 1897 1043 1969 κλητοῖς
1072 1893 1241 1952 οὖσιν.
1288 1916 1306 1950 t
1353 1898 1428 1950 Οὐ
1470 1896 1579 1967 γὰρ
1611 1898 1644 1965 ἡ
1674 1895 1808 1966 κλῆο

1908 1903 2184 1965 quentem,
2221 1893 2435 1949 dicebat
2470 1910 2484 1947 :
2529 1909 2547 1943 ι
2579 1889 2916 1962 Cooperatur
2949 1891 3050 1959 iis,
3078 1890 3171 1961 qui
3210 1890 3508 1945 secundmu

212 2007 302 2053 σις
345 1990 504 2059 μόνον
539 1991 762 2060 (πάντες
787 1990 896 2061 γὰρ
929 1989 1236 2062 ἐκλήθησαν
1272 1991 1392 2061 μὲν,
1427 1990 1527 2060 οὐχ
1565 1989 1808 2062 ὑπήκου-

1916 1985 2252 2057 propositum
2299 1985 2481 2041 vocati
2525 1993 2674 2040 sunt.
2726 2003 2745 2037 ι
2793 1982 2910 2038 Non
2951 1983 3094 2039 enim
3137 1983 3253 2062 sola
3296 1981 3510 2037 vocatio

213 2096 319 2132 σαν
364 2078 480 2148 δέ)·
539 2077 677 2131 ἀλλά
720 2078 817 2132 καὶ
857 2078 1117 2148 πρόθεσις
1165 2077 1273 2131 τῶν
1313 2077 1673 2148 κεκλημένων
1710 2076 1810 2146 τὴν

213 2171 495 2240 σωτηρίαν
532 2169 848 2240 εἰργάσατο.
887 2169 962 2221 Οὐ
1008 2169 1119 2239 γὰρ
1156 2169 1552 2240 ἠναγκασμένη
1587 2167 1811 2238 γέγονεν

208 2265 244 2332 ἠ
271 2261 484 2332 κλῆσις,
517 2260 640 2314 οὐδὲ
683 2260 1040 2331 βεϐιασμένη,
1069 2261 1184 2314 ἀλλ’
1216 2261 1487 2323 ἑκούσιος.

371 2551 498 2606 NB'.
530 2579 601 2592 -
632 2549 980 2622 ΑΘΑΝΑΣΙῼ
1027 2550 1481 2621 ΠΡΕΣΒΥΤΕΡῼ
1531 2551 1666 2621 (57).

211 2645 351 2698 Ὀτι
397 2646 435 2713 ἠ
485 2644 743 2712 ἁμαρτία
782 2643 888 2696 τοῦ
948 2645 1210 2697 θανάτου
1262 2643 1670 2712 χαλεπωτέρα.
1693 2644 1810 2713 Eli;

285 2716 357 2767 τό
382 2732 394 2744 ·
426 2712 452 2763 ⁷.
497 2715 562 2766 Et
597 2715 708 2782 γὰρ
750 2715 822 2767 τὰ
854 2714 1088 2779 ὀψώνια
1141 2713 1251 2781 τῆς
1294 2714 1585 2782 ἁμαρτίας
1631 2712 1811 2766 θάνα-

285 2801 391 2850 τος
415 2801 429 2817 '
475 2803 492 2836 ι
529 2784 628 2836 καί
653 2801 664 2812 '
705 2803 721 2833 ι
756 2783 852 2851 Μὴ
876 2783 1257 2847 βασιλευέτω
1280 2783 1350 2836 ἐν
1377 2783 1522 2846 ὑμῖν
1553 2782 1592 2848 ’ἠ
1626 2785 1811 2851 ἀμαρ-

283 2856 384 2907 tta
407 2872 420 2886 ’
455 2872 476 2906 ι
514 2855 612 2906 καὶ
639 2852 828 2906 πάλιν
847 2871 858 2882 ·
900 2871 918 2904 ι
959 2853 1030 2906 Τὸ
1057 2852 1126 2905 δὲ
1148 2853 1401 2920 κέντρον
1418 2852 1526 2905 τοῦ
1548 2852 1810 2906 θανάτου

285 2924 326 2992 ἠ
362 2924 636 2993 ἁμαρτία.
681 2941 700 2973 ι

298 3035 366 3090 Ἥ
398 3035 640 3107 ἁμαρτία
669 3033 846 3104 πολλῷ
889 3034 983 3088 τοῦ
1009 3034 1244 3089 θανάτου
1277 3036 1396 3088 ἐστὶ
1426 3033 1808 3104 χαλεπωτέρα.

210 3127 309 3183 Διδ
355 3128 450 3181 καὶ
495 3129 523 3179 ό
571 3127 804 3191 Παῦλος,
855 3126 882 3177 ὀ
941 3125 1176 3196 μάλιστα
1218 3127 1436 3179 πάντων
1484 3126 1552 3178 τὰ
1587 3124 1812 3179 τοιαῦτα

211 3217 640 3274 διασκέπτεσθαι
684 3215 856 3279 δεινὸς
895 3215 1030 3286 (58),
1081 3215 1181 3288 τὴν
1244 3216 1343 3287 μὲν
1375 3216 1623 3286 βασιλίδα
1664 3214 1806 3283 εἶπε,

1915 2079 2127 2146 (omnes
2163 2078 2310 2133 enim
2355 2076 2532 2134 vocati
2570 2085 2698 2132 sunt
2725 2076 2943 2147 quidem
2972 2114 2988 2141 ,
3021 2075 3115 2130 sed
3150 2059 3257 2130 non
3289 2075 3509 2130 obedie-

1915 2178 2042 2225 ruut
2071 2168 2390 2239 vocatioui),
2413 2185 2620 2235 (verum
2647 2169 2812 2225 etiam
2847 2167 3183 2237 propositum
3215 2168 3510 2229 voluntatis

1912 2261 2192 2331 animique
2225 2262 2519 2334 propensio
2546 2271 2600 2316 et
2629 2261 2870 2317 studium
2895 2259 3230 2331 obsequendi
3297 2259 3354 2314 in
3408 2269 3507 2312 vo-

1912 2348 2050 2403 catis
2080 2349 2309 2405 salutem
2332 2358 2604 2420 operatur.
2625 2348 2742 2404 Non
2774 2347 2918 2403 enim
2946 2357 3132 2403 coacta
3162 2355 3246 2403 est
3275 2349 3509 2413 vocatio,

1915 2454 2092 2511 neque
2124 2442 2386 2509 violenta,
2419 2444 2514 2498 sed
2543 2440 2853 2497 voluntaria
2887 2455 2951 2496 ac
2985 2449 3311 2509 spontanea.

2092 2547 2201 2604 LII.
2257 2581 2327 2592 ——
2371 2548 2773 2604 ATHANASIO
2812 2547 3297 2606 PRESBYTERO.

1918 2635 2202 2708 Peccatum
2244 2649 2411 2694 morle
2465 2641 2679 2708 gravius
2728 2656 2857 2693 esse.
2915 2637 2984 2692 In
3043 2641 3242 2693 dictant
3299 2639 3510 2697 Pauli:

1993 2726 2012 2758 ι
2056 2706 2392 2774 Stipendium
2431 2706 2628 2774 recenti
2665 2726 2807 2762 mora
2848 2722 2918 2763 est
2943 2708 3005 2762 “‘.
3035 2728 3053 2761 ι
3101 2708 3171 2762 Et
3210 2727 3277 2765 :t
3321 2711 3402 2764 Ne
3430 2729 3513 2766 re-

1986 2789 2103 2845 gnet
2126 2780 2178 2830 iu
2199 2780 2342 2832 vobis
2362 2791 2632 2845 peccatum
2661 2780 2722 2833 ".
2754 2799 2772 2832 ι
2806 2778 2873 2834 Et
2904 2795 3116 2834 rursum
3146 2795 3164 2832 :
3199 2799 3218 2832 ι
3247 2779 3510 2837 Stimula:

1989 2859 2159 2900 autent
2189 2849 2370 2901 mortis
2402 2859 2476 2901 est
2506 2859 2774 2916 peccatum
2801 2850 2866 2904 ‘3.
2908 2868 2928 2901 ι

1985 3029 2277 3086 Peccatum
2325 3032 2496 3088 multo
2558 3035 2777 3104 gravius
2831 3047 2919 3092 est
2975 3049 3176 3094 morte.
3244 3039 3508 3108 Quocirca

1915 3119 2118 3176 Paulus
2170 3137 2424 3193 quoque,
2478 3125 2568 3193 qui
2619 3127 3032 3183 accuratissime
3084 3128 3326 3184 omnium
3379 3131 3508 3186 talia

1917 3212 2231 3281 perSpiccre
2301 3221 2562 3283 poterat,
2631 3215 2759 3270 illud
2825 3218 3045 3287 quidem
3098 3220 3343 3290 reginam
3391 3237 3512 3278 esse

210 3312 309 3364 τὸν
331 3311 376 3363 δ’
393 3309 642 3379 ὀψώνιον,
668 3308 742 3370 ὼς
759 3306 946 3360 τοῦτον
971 3308 1063 3360 ὑπ’
1083 3307 1302 3377 ἐκείνην
1321 3310 1649 3379 ταττόμενος
1671 3309 1806 3379 (59).

1917 3302 2101 3368 dixit;
2148 3305 2308 3358 istam
2354 3320 2506 3370 vero,
2552 3307 2878 3375 stipendium
2921 3309 3176 3380 militare,
3220 3313 3377 3381 quasi
3417 3317 3506 3384 qui

213 3403 476 3456 Βασιλίδα
520 3401 575 3454 δὲ
603 3442 617 3464 ,
675 3401 734 3452 οὐ
779 3399 869 3452 διὰ
918 3399 1015 3470 τὴν
1059 3397 1216 3462 ἀξίαν
1266 3401 1439 3469 (οὐδὲν
1487 3401 1596 3472 γὰρ
1641 3402 1811 3473 αὐτῆς

212 3490 618 3562 αἰσχρότερον)ο
675 3487 808 3540 ἀλλά
856 3487 945 3540 διὰ
992 3486 1090 3559 τὴν
1140 3488 1377 3558 σφοδρὰν
1421 3487 1531 3542 τῶν
1571 3489 1812 3542 ἁλόντων

217 3582 496 3652 ὑπακοήν.
537 3580 600 3632 Εἰ
624 3578 756 3648 γοῦν
782 3577 852 3630 τὰ
883 3577 1090 3647 ὀψώνια
1120 3579 1220 3648 τῆς
1256 3579 1533 3650 ἁμαρτίας
1557 3577 1808 3644 Θάνατος,

219 3675 298 3745 μὴ
329 3673 660 3744 βασιλευέτω
702 3673 762 3725 ὲν
813 3671 941 3739 ὑμῖν
992 3672 1025 3741 ἠ
1054 3672 1321 3742 ἁμαρτία,
1357 3673 1390 3741 ή
1427 3671 1520 3723 τοῦ
1553 3671 1808 3736 Θανάτου,

213 3767 331 3826 τοῖς
360 3780 423 3832 γε
451 3760 576 3816 νοῦν
616 3761 853 3830 ἔχουσιν,
883 3760 1296 3831 ἀργαλεωτέρα.
1327 3761 1393 3814 Et
1434 3759 1565 3830 γοῦν
1601 3761 1814 3832 αἵρεσις

215 3857 529 3928 προκέοιτο,
562 3854 656 3907 καὶ
702 3851 927 3905 δυνατὸν
973 3852 1081 3922 εἴη,
1129 3853 1358 3924 ἑλοίμην
1403 3853 1471 3905 ἂν
1516 3851 1812 3906 ἀποθανεῖν

218 3946 298 4019 μὴ
326 3946 672 4018 ἁμαρτήσας,
722 3944 755 4014 ἢ
800 3943 1128 4014 ἁμαρτήσας
1179 3945 1254 4014 μὴ
1288 3942 1601 3998 ἀποθανεῖν.
1656 3943 1813 3999 Οὖτω

217 4039 383 4092 τοῦτο
413 4038 621 4091 ἐκείνου
649 4035 956 4106 δεινότερόν
994 4035 1132 4099 ἐστι,
1172 4037 1305 4105 παρ’
1351 4037 1476 4107 ἐμοὶ
1521 4038 1707 4108 κριτῇ.
1754 4036 1812 4089 Ὀ

220 4127 324 4197 μὲν
356 4124 465 4196 γὰρ
490 4123 718 4188 θάνατος
751 4123 844 4177 ὑπ’
884 4123 1234 4188 ἀναστάσεως
1264 4125 1624 4196 σϐεσθήσεται
1646 4143 1659 4156 ·
1691 4129 1724 4196 ἡ
1754 4126 1812 4180 δὲ

219 4218 470 4289 ἁμαρτία
488 4217 582 4271 καὶ⁵
606 4217 745 4288 μετά
765 4216 866 4286 τὴν
890 4216 1188 4270 ἀνάστασιν
1204 4217 1656 4289 τιμωρηθήσεται
1674 4217 1807 4288 (60)·

215 4305 361 4360 ὥστε
418 4308 571 4363 οὐδὲν
625 4308 859 4379 κερδάνῃ
888 4309 1280 4380 ὁιίιμαρτάνων⁴
1333 4312 1452 4381 μὲν,
1521 4311 1595 4381 μὴ
1669 4311 1808 4363 ἀπο-

218 4400 470 4470 θνήσκων
523 4402 581 4456 δὲ
629 4401 775 4473 (καθ’
831 4400 1090 4454 ὑπόθεσιν
1148 4403 1207 4456 δὲ
1240 4403 1523 4474 εἰρήσθω),
1560 4404 1672 4470 είγε
1717 4405 1812 4456 καὶ

220 4492 362 4563 μετά
384 4493 484 4563 τὴν
534 4493 830 4546 ἀνάστασιν
869 4493 1141 4563 τιμωρίαν
1185 4492 1392 4563 ὑφέξει.
1431 4494 1542 4546 Καὶ
1575 4492 1720 4564 ἄλλῳ
1752 4493 1809 4547 δὲ

216 4582 630 4654 παραδείγματι
683 4587 904 4654 ἐναργεῖ
941 4583 1089 4637 τοῦτ’
1135 4585 1359 4656 ἐποίησε
1392 4586 1573 4656 δῆλον,
1613 4587 1804 4640 εἰπών’

1916 3394 2060 3450 hanc
2091 3395 2371 3469 (mortem)
2421 3397 2560 3453 infra
2626 3400 2754 3454 illud
2817 3399 3150 3476 (peccatum)
3193 3408 3505 3465 collocaret.

1916 3484 2183 3556 Reginam
2214 3497 2396 3543 autem
2428 3499 2712 3558 peccatum
2753 3493 2902 3560 fecit,
2942 3511 3046 3551 non
3079 3497 3359 3569 dignitatis
3381 3517 3510 3574 ergo

1917 3576 2072 3647 (nihil
2099 3578 2243 3632 enim
2281 3596 2348 3637 eo
2384 3579 2680 3638 deformius
2714 3586 2940 3656 cogitari
2982 3599 3075 3642 aut
3115 3590 3241 3661 ﬁngi
3283 3595 3508 3668 potest),

1916 3670 2010 3723 sed
2047 3679 2270 3739 propter
2296 3672 2593 3728 vehemens
2631 3675 2919 3734 obediendi
2951 3681 3227 3753 studium,
3265 3701 3372 3756 quo
3407 3683 3509 3743 ﬂa-

1916 3767 2100 3825 grant,
2138 3773 2494 3831 quoscunque
2541 3777 2823 3834 peccatum
2878 3773 3189 3840 occupavit.
3247 3774 3430 3842 Quare
3461 3781 3506 3832 si

1916 3849 2128 3915 peccati
2171 3851 2505 3935 stipendium
2562 3871 2710 3912 mors
2757 3869 2861 3927 est,
2912 3875 2981 3917 ne
3036 3876 3226 3935 regnet
3263 3868 3314 3922 in
3356 3871 3511 3925 vobis

1915 3951 2222 4008 peccatum,
2259 3945 2403 4012 quod
2439 3954 2634 4012 morte,
2689 3951 2832 4018 apud
2887 3966 2982 4008 eos
3042 3957 3260 4024 quidem
3314 3961 3512 4028 quibus

1915 4045 2050 4086 sana
2085 4047 2242 4088 mens
2263 4041 2368 4100 est,
2414 4037 2631 4104 gravius
2659 4052 2761 4096 est.
2790 4040 2844 4096 Si
2874 4043 3038 4114 igitur
3069 4050 3217 4117 optio
3252 4051 3427 4117 detur,
3455 4065 3512 4108 et

1916 4122 2033 4179 ﬁeri
2064 4134 2270 4194 posset,
2311 4129 2564 4196 equidem
2598 4133 2735 4187 mori
2769 4135 3012 4202 mallem,
3040 4138 3115 4194 ita
3151 4150 3209 4194 ut
3249 4141 3511 4199 immunis

1916 4231 1947 4273 a
1981 4224 2206 4288 peccato
2254 4234 2566 4290 manerem,
2615 4237 2778 4293 quam
2822 4227 3060 4284 admisso
3101 4241 3325 4300 peccato
3361 4250 3510 4290 mor-

1918 4317 2025 4364 tem
2061 4307 2320 4378 eﬂ‘ugere.
2365 4309 2542 4368 Tanto
2578 4313 2706 4370 illud
2749 4317 2850 4371 hac
2892 4329 2977 4374 est
3022 4323 3264 4391 gravius,
3315 4327 3511 4394 meju-

1914 4398 2053 4454 dice.
2083 4398 2230 4457 Mors
2268 4403 2416 4457 enim
2459 4420 2489 4458 a
2532 4411 2935 4466 resurrectione
2978 4415 3394 4486 exstinguetur;
3444 4423 3511 4476 de

1918 4499 2144 4575 peccato
2172 4503 2351 4549 autem
2383 4496 2547 4550 etiam
2579 4509 2699 4567 post
2729 4505 3182 4561 resurrectionem
3209 4523 3367 4576 paena
3395 4511 3514 4566 exi-

1917 4594 2092 4654 getur.
2123 4583 2270 4642 Nihil
2306 4587 2470 4657 igitur
2499 4589 2634 4643 lucri
2673 4589 2838 4647 ferret
2872 4596 2935 4658 is,
2977 4597 3067 4665 qui
3105 4611 3380 4667 peccaret,
3417 4606 3509 4658 sed

225 4693 243 4726 ι
277 4673 349 4726 Τὸ
379 4675 435 4726 δὲ
486 4675 711 4744 κέντρον
750 4676 843 4728 τοῦ
899 4675 1134 4729 θανάτου
1165 4679 1199 4746 ἡ
1241 4677 1506 4750 ἁμαρτία.
1550 4698 1568 4730 ι
1598 4678 1808 4751 Ὥσπερ

1918 4689 2148 4735 mortem
2188 4680 2450 4751 etingeret
2491 4681 2659 4755 539
2708 4685 2795 4756 (ex
2843 4663 3130 4758 hypothesi
3181 4663 3374 4748 autem.
3407 4695 3512 4750 hoc

216 4764 397 4817 τοίνυν
428 4764 550 4832 ὅφιν
605 4765 638 4836 ἦ
669 4766 930 4836 σκορπίον
970 4767 1189 4831 ὀδόντας
1217 4767 1250 4839 ἢ
1287 4769 1514 4840 κέντρον
1551 4771 1625 4841 μὴ
1656 4770 1779 4842 ἔχον
1799 4801 1812 4812 -

217 4870 338 4920 τας,
373 4855 442 4907 δι’
470 4848 546 4910 ὧν
570 4856 660 4909 τὸν
691 4856 767 4908 ίδν
795 4856 1282 4929 παραπέμψουσιν,
1307 4859 1406 4912 οὐκ
1433 4858 1499 4912 ἀν
1529 4877 1614 4924 τις
1638 4861 1807 4931 φοϐη-

310 5012 352 5043 ¹⁸
393 5012 548 5068 Rom.
573 5028 692 5077 Vlll,
734 5011 825 5068 28.
905 5014 949 5043 ¹⁶
979 5013 1139 5070 Rom.
1169 5030 1245 5080 vr,
1277 5014 1368 5069 25.
1447 5017 1488 5047 "
1524 5016 1651 5071 ibid.
1685 5017 1772 5070 ιε.

1921 4773 2126 4828 dictum
2157 4773 2323 4845 esto),
2355 4774 2398 4828 si
2428 4777 2645 4844 quidem
2687 4779 2852 4833 etiam
2880 4789 3002 4850 post
3048 4787 3508 4841 resurrectionem

1919 4863 2248 4934 supplicium
2290 4866 2571 4922 Sutiitnrus
2625 4879 2792 4924 esset.
2842 4871 2963 4927 Alio
3012 4889 3229 4945 quoque
3269 4877 3508 4933 evidenti

1856 5016 1940 5070 ¹⁸Ι
1977 5020 2100 5073 (Zur.
2139 5036 2226 5086 xv,
2254 5021 2344 5075 56.

1335 5169 1569 5225 VARUE
1606 5169 1999 5226 LECTIONES
2037 5172 2127 5228 ET
2169 5173 2412 5231 NOTAE.

291 5322 439 5397 (521i,
466 5323 567 5375 Pro
620 5321 875 5374 ἀσέϐειαν
930 5322 1068 5377 idem
1124 5326 1246 5378 cod.
1308 5326 1503 5379 scribit
1561 5325 1808 5397 βλασφη-

221 5393 379 5466 μίαν.
403 5393 608 5466 Possm.

290 5462 402 5529 (.55)
428 5462 512 5536 -.Ἠ
545 5462 672 5515 θεία
705 5461 896 5536 χάρις.
933 5462 1131 5536 Confer
1177 5464 1335 5532 epist.
1397 5465 1461 5519 15
1501 5481 1666 5536 supra
1705 5467 1806 5522 hoc

219 5533 309 5606 lib.
345 5542 396 5586 et
427 5531 517 5584 lib.
548 5536 614 5594 ιι,
638 5535 796 5600 epist.
839 5534 874 5586 2
899 5550 911 5596 ;
940 5543 995 5587 et
1022 5531 1282 5588 Irenaeum
1315 5537 1406 5590 lib.
1440 5554 1513 5602 Iv,
1548 5531 1670 5606 cap.
1703 5537 1792 5592 71.

220 5603 536 5748 κῖίῐὸτίίλρτυ
566 5672 878 5748 κιρνωμὲνη
915 5673 1046 5748 cod.
1083 5671 1258 5748 Vatic.
1288 5675 1405 5748 £550
1438 5676 1566 5744 legit
1610 5695 1803 5748 κιρνα-

1915 5328 2104 5453 Eb???)
2170 5329 2458 5402 Inscriptio
2511 5335 2793 5406 suppletur
2841 5354 2908 5395 ex
2966 5345 3155 5400 codice
3217 5346 3500 5407 Vaticano.

1989 5468 2101 5558 ($9)
2124 5468 2248 5558 Διξτο
2281 5474 2614 5558 ταττόμενος
2648 5481 2771 5534 cod.
2827 5482 2946 5558 v.91.
2990 5483 3117 5551 legit
3148 5489 3500 5558 ταττόμενον.

1907 5553 2205 5662 ιρῖιεδδέιξοιι.
2239 5555 2361 5611 post
2399 5547 2773 5618 αἰσχρότερος,
2824 5552 2976 5608 addit
3007 5547 3102 5609 καὶ
3144 5547 3498 5633 ἀτιμότερος.

1984 5679 2217 5763 (60)"{1
2266 5683 2336 5763 de
2384 5685 2640 5763 ᾀμαρτία
2820 5694 3321 5763 τιμωρηθήσεται.
3382 5700 3505 5755 ΙΙωο

414 5739 904 5833 Ῡθτξῖμξιρτιιιγάρ
920 5745 1077 5833 Ρριιξι
1557 5739 1682 5833 post
1708 5751 1802 5801 καὶ
1912 5748 2140 5833 deerant
2175 5752 2357 5833 irLed.
2394 5739 2648 5833 liaris._et
2671 5739 3328 5833 suppie.’.}u‘('§x"c},{ﬁ'ég

217 5808 368 5935 it’tt‘di't
421 5813 479 5881 η.
527 5808 684 5866 γενέ.
729 5808 824 5866 ult.
863 5808 976 5882 'pro
1037 5808 1283 5878 ἑκούσιος
1337 5818 1499 5872 habet
1552 5808 1798 5871 ἑκούσια.

259 5895 426 5935 055m.

259 5895 426 5936 OSSIN.

1912 5831 2049 5872 cauo
2091 5835 2176 5891 ap.
2211 5822 2514 5882 Possinutu.
2557 5827 2715 5885 Eutr.
