4164 6458
215 435 364 502 1105

1144 439 1687 502 EPISTOLARUM
1727 438 1876 499 LIB.
1916 438 2016 500 IV.
2059 463 2127 475 -
2160 439 2402 500 EPIST.
2435 440 2551 500 LV.

3393 427 3529 496 1106

209 549 332 602 τῶν
366 547 602 621 ἀρετῶν,
643 549 718 621 μὴ
749 551 880 622 παρ’
911 550 1091 616 ἄλλοις
1120 549 1278 608 τοῦτο
1303 551 1457 624 ζήτει
1487 551 1624 622 (67),
1670 551 1805 606 ἀλλὰ

1913 550 2094 619 Quare
2125 553 2169 608 si
2203 555 2257 607 in
2302 563 2354 607 te
2398 551 2516 622 ipso
2562 549 2734 606 habes
2775 561 3024 605 normam
3065 546 3329 602 virtutum
3363 546 3528 616 (sicut

208 639 340 712 χρῶ
361 640 438 712 τῷ
465 641 651 713 οἰκείῳ
673 641 952 715 θησαυρῷ.

542 850 670 906 NE'.
700 880 773 891 —
799 849 1131 922 ΑΡΠΟΚΡᾼ
1177 849 1490 922 meum.

217 943 356 1000 Ὀτι
423 942 544 1000 ἀπὸ
615 945 944 1016 φιλαρχίας
987 943 1052 1016 ⁸ἢ
1118 943 1491 1014 προλήψεων
1561 943 1818 1013 φύονται

871 1013 1153 1083 αἱρέσεις.

303 1120 369 1176 Ἥ
401 1123 663 1196 φιλαρχία
698 1123 956 1178 ἁπάντων
1001 1124 1151 1178 αἰτία
1168 1123 1277 1178 τῶν
1312 1122 1518 1187 κακῶν,
1553 1124 1588 1196 ἡ
1622 1124 1716 1178 καὶ
1747 1122 1816 1177 τὰ

218 1212 552 1270 καθεστῶτα
577 1215 910 1285 ἀνατρέπειν
943 1216 1286 1286 πειρωμένη,
1314 1215 1524 1278 δεινοὺς
1544 1214 1818 1285 πολέμους

218 1306 286 1359 οὐ
342 1308 503 1376 μόνον
548 1307 634 1376 ἐφ’
683 1305 862 1377 ήμῶν,
910 1307 1048 1361 ἀλλά
1101 1308 1196 1361 καὶ
1251 1307 1345 1360 ἐπὶ
1403 1307 1512 1360 τῶν
1568 1305 1816 1360 παλαιῶν

218 1399 579 1469 ἔπικωμάσαι
609 1399 1046 1468 παρεσκεύασεν.
1087 1399 1151 1451 Οἱ
1184 1400 1282 1467 μὲν
1305 1397 1415 1470 γὰρ
1442 1397 1809 1469 Πυθαγόρειοι

221 1486 385 1556 σιγὴν
413 1487 740 1557 ἠσκηκότες,
759 1489 886 1551 τοὺς
919 1487 1064 1559 μέγα
1091 1485 1426 1556 φρονοῦντας
1452 1486 1545 1540 ἐπὶ
1572 1488 1813 1556 εὐγλωτ-

214 1579 312 1648 si;
345 1580 748 1650 ἀπεκήρυττον.
785 1580 846 1633 0i
895 1579 951 1631 δὲ
989 1579 1394 1650 ’ομηρίζοντες,
1436 1580 1563 1644 τοὺς
1593 1579 1815 1635 Πλατω-

215 1669 467 1735 νίζοντας
495 1671 743 1739 διέσυρον
762 1689 774 1699 ’
795 1673 842 1724 oi.
877 1671 934 1724 δὲ
952 1670 1390 1735 Πλατωνίζοντες
1422 1672 1550 1736 τοὺς
1584 1670 1815 1745 Ὁμηρί-

218 1760 419 1826 ζοντας
443 1763 696 1825 ἀσεϐείας
713 1763 1042 1834 ἐγράφοντο⁹
1072 1765 1168 1818 καὶ
1181 1765 1228 1816 οἱ
1254 1763 1355 1832 μὲν
1389 1761 1813 1836 Ἀριστοτελικώ⁸

215 1854 360 1925 πρὸς
391 1855 516 1917 τοὺς
540 1853 986 1918 Πλατωνίζοντας
1013 1854 1432 1908 ὲπαπεδύσαντο
1457 1871 1470 1884 ·
1488 1857 1540 1908 οἱ
1567 1855 1623 1910 δὲ
1652 1856 1810 1908 Στοῖ-

1918 642 2167 715 prol‘ecto
2209 643 2426 713 habes),
2457 642 2568 699 noli
2611 643 2754 714 apud
2790 641 2924 699 alios
2953 654 3071 698 eam
3107 652 3394 710 qureret-te,
3433 636 3528 693 sed

1920 735 2144 807 proprio
2170 736 2428 791 thesauro
2459 743 2636 790 utere.

2161 846 2270 902 LV.
2311 875 2386 890 --
2423 841 2832 900 HARPOCRJE
2875 837 3275 897 SOPHISTJE.

1919 940 1998 995 Ab
2031 939 2317 995 ambitione
2353 947 2448 994 aut
2486 937 2804 1004 anticipatis
2847 934 3181 1004 apiniom'bus
3224 931 3372 986 nasci
3412 931 3526 986 Ita:-

2635 1023 2802 1062 1⁸8888.

1992 1119 2233 1174 Ambitio
2281 1126 2336 1175 et
2382 1116 2687 1190 imperandi
2738 1115 3034 1185 cupiditas,
3076 1113 3320 1169 omnium
3363 1127 3525 1166 causa

1919 1209 2209 1276 malorum,
2240 1224 2360 1280 qua:
2388 1209 2553 1265 etiam
2588 1210 2726 1265 bene
2756 1207 2924 1281 ω
2948 1205 3243 1264 constituta
3273 1215 3524 1260 evertere

1917 1311 2170 1368 conatur,
2218 1301 2408 1371 gravia
2458 1301 2601 1357 bella
2642 1317 2751 1356 non
2790 1300 2968 1356 solum
3009 1305 3199 1354 nostra
3229 1297 3521 1362 memoria,

1915 1394 2012 1450 sed
2038 1395 2205 1451 etiam
2237 1395 2485 1466 antiquis
2524 1395 2859 1464 temporibus
2885 1391 3093 1449 invexit
3119 1391 3174 1447 in
3213 1403 3302 1446 res
3334 1390 3526 1445 huma~

1914 1500 2034 1542 nas.
2091 1485 2228 1542 Nam
2275 1485 2604 1558 Pythagorei
2649 1486 2894 1557 quidem,
2925 1500 3052 1542 cum
3098 1484 3202 1555 ipsi
3245 1482 3522 1539 silentium

1914 1577 2188 1644 colerent,
2230 1578 2369 1634 alios
2408 1579 2503 1650 qui
2541 1577 2853 1649 eloquentia
2899 1592 2960 1634 se
3001 1575 3295 1648 magniﬁce
3329 1575 3526 1632 eﬁ'ere-

1914 1669 2068 1736 bant,
2096 1670 2497 1740 repudiabant:
2535 1670 2762 1727 Homeri
2795 1681 2980 1726 autetn
3016 1669 3246 1725 studiosi
3278 1667 3524 1724 Platonis

1914 1760 2156 1817 asseclas
2187 1760 2547 1818 traducebant
2575 1778 2592 1818 :
2627 1757 2875 1817 Platonis
2910 1773 3044 1815 vero
3074 1768 3381 1816 sectatores
3411 1757 3523 1814 Ho-

1914 1851 2049 1907 meri
2077 1851 2341 1908 studiosis
2369 1851 2667 1923 impietatis
2713 1853 2892 1908 dicam
2923 1850 3278 1907 scribebant:
3311 1860 3368 1906 et
3400 1849 3522 1904 Ari-

214 1920 309 2000 κὸι
333 1945 472 2016 πρὸς
513 1946 639 2009 τοὺς
686 1945 1156 2016 ’Δριστοτελικοὺς
1193 1946 1519 2015 ἐφράξαντο.
1557 1946 1805 1999 Ἐπικου-

1915 1943 2148 2000 stotelici
2185 1945 2404 2013 quidem
2447 1920 2721 2000 adversus
2755 1945 3068 2002 Platonicos
3100 1945 3522 2017 (philosophos)

140 2020 162 2036 ’
216 2037 385 2109 ρείων
412 2037 491 2103 δὲ,
521 2037 629 2091 τῶν
655 2039 721 2108 τῇ
772 2036 944 2107 κακίᾳ
984 2039 1356 2110 ἐπικουρῆσαι
1391 2038 1806 2110 τολμησάντων,

215 2129 316 2182 καὶ
346 2126 658 2198 μεμνῆσθαι
703 2126 1077 2182 ἀτοπώτατον.
1106 2129 1218 2182 Καὶ
1257 2128 1352 2182 ἐπὶ
1393 2128 1496 2198 τῆς
1558 2129 1811 2198 ἰατρικῆς

211 2220 270 2273 δὲ
299 2218 358 2272 τὸ
393 2219 525 2273 αὐτὸ
555 2218 1029 2290 ἐπηκολούθησαν.
1062 2220 1126 2272 Ol
1152 2220 1252 2291 μὲν
1281 2219 1391 2291 γὰρ
1425 2221 1650 2288 Λογικοὶ
1682 2221 1810 2284 τοὺς

211 2311 551 2374 Μεθοδικοὺς
575 2310 684 2378 (68)
715 2310 1106 2380 ἐστηλίτευσαν
1132 2329 1147 2344 ο
1179 2313 1227 2366 oi
1248 2312 1306 2365 δὲ
1339 2312 1634 2366 Μεθοδικοὶ
1665 2311 1810 2367 κατὰ

209 2403 326 2457 τῶν
369 2401 619 2472 Λογικῶν
660 2401 988 2472 ἐφράξαντο.
1032 2403 1097 2458 οι
1144 2402 1244 2473 μὲν
1291 2402 1403 2475 γὰρ
1463 2403 1667 2467 πολλὰς
1713 2402 1810 2457 καὶ

212 2494 473 2558 ποικίλας
519 2495 674 2565 ῥίζας
705 2494 914 2562 ἔφασαν
943 2495 1053 2548 τῶν
1091 2494 1281 2550 παθῶν
1307 2513 1320 2525 ο
1362 2495 1444 2550 διδ
1487 2497 1582 2550 καὶ
1629 2497 1810 2552 ποικί-

209 2585 328 2646 λοις
385 2584 626 2653 ἐχρῶντο
678 2582 1010 2654 βοηθήμασι,
1053 2583 1153 2648 τὰς
1202 2584 1360 2656 ῥίζας
1413 2585 1810 2658 πολυπραγμοο

211 2672 438 2738 νοῢντες
488 2673 598 2727 τῶν
647 2673 995 2744 νοσημάτων,
1038 2676 1133 2728 καὶ
1165 2674 1340 2740 οὕτως
1385 2677 1809 2745 ἀναστέλλοντες

210 2766 318 2830 τὰς
345 2765 531 2835 πηγὰς
557 2765 668 2819 τῶν
709 2765 917 2819 παθῶν.
948 2767 1012 2820 Ol
1056 2766 1113 2819 δὲ
1147 2766 1240 2820 δύο
1269 2768 1440 2837 μόνας
1468 2769 1650 2834 αἰτίας
1678 2771 1809 2842 ὠρί-

213 2875 404 2921 ααντο,
435 2858 732 2925 στέγνωσιν
762 2859 856 2911 καὶ
882 2857 1038 2928 ρὖιν
1058 2875 1071 2889 ο
1105 2858 1187 2912 διὸ
1211 2860 1306 2912 καὶ
1336 2860 1417 2926 τὸ,
1455 2861 1487 2932 ἢ
1520 2863 1806 2930 κενωτέον,

211 2951 248 3022 ἢ
283 2952 564 3014 στακτέον,
592 2949 978 3018 ὲδογμάτισαν.
1004 2951 1068 3003 Oi.
1097 2949 1153 3002 δὲ
1189 2950 1538 3022 Ἐμπειρικοὶ
1567 2954 1662 3008 καὶ
1690 2955 1810 3008 τού-

217 3056 351 3101 τους
377 3039 667 3102 κάκείνους
714 3037 1019 3093 ἔσκωπτον.
1053 3040 1116 3093 El
1159 3040 1216 3093 δὲ
1247 3043 1341 3096 καὶ
1376 3044 1478 3107 τὰς
1508 3045 1617 3099 τῶν
1648 3046 1812 3117 mea.

216 3145 352 3200 ρων,
387 3130 481 3183 καὶ
510 3131 608 3193 τὰς
624 3129 734 3184 τῶν
758 3131 1021 3202 ποιητῶν,
1054 3133 1149 3186 καὶ
1177 3125 1277 3198 τὰς
1299 3135 1411 3189 τῶν
1445 3137 1810 3207 συγγραφέων

1911 2034 2230 2106 pugnabant
2263 2054 2277 2091 :
2321 2034 2492 2092 Stoici
2531 2050 2663 2093 vero
2696 2044 2886 2094 contra
2923 2037 3307 2094 Aristotelicas
3341 2050 3524 2092 arma-

1911 2127 2136 2182 bantur.
2173 2125 2572 2197 Epicureorum
2616 2139 2821 2195 autem,
2863 2129 2960 2199 qui
3004 2129 3154 2186 vitiis
3187 2128 3520 2201 patrocinari

1911 2219 2032 2273 ausi
2061 2227 2224 2283 sunt,
2267 2220 2435 2276 etiam
2483 2224 2818 2276 mentionem
2857 2219 2977 2277 ﬁeri
3019 2221 3303 2293 indignum
3354 2230 3521 2290 atque

1912 2308 2213 2365 absurdum
2248 2319 2353 2366 est.
2400 2308 2509 2367 Sed
2547 2320 2602 2366 et
2641 2312 2695 2368 in
2741 2320 2860 2369 arte
2896 2313 3106 2370 medica
3142 2313 3286 2370 idem
3324 2315 3519 2370 sectati

1914 2403 2330 2458 suntstudium.
2373 2401 2512 2460 Nam
2555 2403 2744 2477 Logici
2780 2406 3001 2478 quidem
3045 2405 3388 2464 Methodicos
3435 2407 3521 2462 in-

1911 2495 2303 2563 sectabantur,
2331 2493 2626 2554 Methodici
2657 2511 2794 2553 vero
2842 2507 3036 2555 contra
3075 2499 3306 2568 Logicos
3338 2513 3400 2554 se
3431 2513 3522 2552 ar-

1913 2588 2158 2644 mabant.
2194 2587 2384 2645 Altera
2407 2590 2552 2646 enim
2588 2598 2738 2646 secta
2770 2592 2969 2646 multas
3007 2604 3072 2648 ac
3100 2591 3283 2646 varias
3309 2590 3521 2646 radices

1910 2680 2228 2737 morborum
2291 2697 2414 2739 esse
2463 2683 2684 2750 aiebat;
2755 2693 3090 2756 quapropter
3140 2685 3307 2741 etiam
3355 2683 3522 2738 variis

1911 2775 2210 2832 utebantur
2235 2776 2477 2842 auxiliis,
2523 2776 2763 2834 sollicite
2809 2777 3028 2834 radices
3058 2780 3376 2834 morborum
3403 2777 3519 2832 sin-

1912 2866 2164 2937 gulorum
2190 2869 2554 2939 inquirentes,
2580 2880 2745 2940 atque
2769 2870 2843 2925 ita
2877 2870 3060 2927 fontes
3082 2870 3396 2926 morborum
3418 2869 3520 2925 ob-

1913 2966 2221 3016 struentes.
2247 2959 2438 3018 Altera
2469 2975 2623 3027 vero,
2659 2962 2799 3017 duas
2832 2970 3044 3016 tantum
3075 2976 3270 3019 causas
3289 2959 3522 3017 deﬁnieo

1911 3049 2046 3106 bant
2082 3068 2097 3105 :
2127 3051 2510 3110 astrictionem
2551 3054 2670 3111 sive
2704 3053 3162 3125 constipationem
3187 3095 3204 3122 ,
3243 3064 3298 3111 et
3327 3052 3522 3108 ﬂuxio-

1913 3155 2058 3198 nem.
2086 3141 2243 3198 Unde
2267 3145 2373 3201 hoc
2401 3145 2594 3216 dogma
2621 3146 2984 3211 tradiderunt,
3008 3154 3098 3200 aut
3122 3144 3516 3208 evacuandum,

212 3220 355 3292 πρὸς
395 3220 659 3292 ἀλλήλους
707 3222 974 3295 διαφορὰς
1022 3225 1198 3280 εἰπεῖν
1254 3226 1602 3298 ἐθελήσαιμι,
1639 3229 1805 3295 πολὺς

1914 3242 2006 3288 aut
2047 3233 2445 3291 instillandum.
2497 3236 2765 3307 Empirici
2819 3247 3006 3292 autem
3062 3247 3174 3293 tam
3223 3237 3325 3292 hos
3357 3251 3520 3306 quam

213 3313 315 3366 καὶ
342 3312 499 3380 λόγος
535 3315 629 3367 καὶ
656 3315 847 3386 χρόνος
867 3316 1304 3387 ἀναλωθήσεται.
1345 3319 1459 3372 Καὶ
1490 3319 1805 3390 Θαυμαστὸν

1916 3323 2036 3380 illos
2063 3326 2398 3382 deriserunt.
2421 3324 2578 3391 Quod
2606 3329 2652 3384 si
2682 3336 2738 3384 et
2764 3338 3043 3385 oratorum
3068 3370 3083 3396 ,
3109 3341 3163 3385 et
3198 3338 3478 3399 poetarum
3502 3369 3517 3391 .

212 3405 390 3461 οὐδέν.
420 3406 596 3460 Ὅπου
639 3407 751 3480 γὰρ
784 3409 834 3461 οί
868 3401 1448 3482 φιλοσοφιας”ὀνόματι
1479 3411 1810 3486 βρενθυόμε-

211 3513 298 3551 νοι
343 3497 445 3550 οὐκ
493 3495 752 3568 ὤκνησαν
807 3498 1133 3570 διαπρύσιον
1165 3499 1291 3555 καθ’
1323 3503 1534 3556 ἑαυτῶν
1583 3503 1808 3574 κινῆσαι

207 3588 477 3658 πόλεμον,
512 3588 676 3660 σχολῇ
711 3590 765 3658 γ’
789 3589 857 3643 ἀν
896 3593 1010 3654 τοῖς
1043 3592 1271 3664 ῥήτορσι
1302 3594 1527 3657 καὶτοῖς
1554 3597 1809 3665 ποιηταῖς

209 3679 485 3750 ἐμέλησεν
515 3681 762 3752 εἰρήνης,
797 3681 850 3734 οἵ
875 3699 941 3751 γε
969 3682 1067 3735 καὶ
1110 3684 1248 3753 πρὸς
1284 3686 1412 3747 τοὺς
1452 3685 1804 3756 ἐγκράτειαν,

208 3773 306 3824 καὶ
328 3771 700 3841 δικαιοσύνην,
737 3773 834 3826 καὶ
878 3772 1240 3844 σωφροσύνην
1293 3775 1647 3845 ἐγκρίνοντας
1687 3778 1806 3830 Σω-

207 3865 510 3933 κρατικοὺς
568 3863 901 3934 διεφέροντο,
959 3863 1056 3927 οὓς
1112 3864 1344 3919 Πλάτων
1390 3866 1806 3938 ἑκκωμῳδήσας

207 3953 272 4004 ιν
333 3953 620 4021 διαλόγοις,
675 3953 1086 4024 άνεκωμῳδήθη
1146 3954 1299 4026 παρὰ
1359 3955 1469 4011 τῶν
1523 3958 1802 4026 Κυνικῶν,

203 4035 287 4096 ὧν
318 4037 400 4106 εἷς
459 4038 529 4113 ἦν
568 4045 662 4097 καὶ
717 4042 1039 4108 Λουκιανὸς,
1090 4047 1118 4098 ὁ
1157 4048 1284 4110 τοὺς
1325 4047 1614 4117 διαλόγους
1659 4049 1805 4105 κατά

207 4131 434 4214 πάντων
481 4135 617 4206 ὁμοῦ
677 4137 864 4206 σχεδὸν
925 4137 1033 4192 τῶν
1099 4157 1156 4193 τε
1201 4141 1532 4212 εἰρημένων,
1581 4143 1693 4198 τῶν
1739 4162 1801 4198 τε

206 4228 739 4298 παραλελειμμένων
796 4231 1086 4296 συντάξας.
1131 4233 1227 4285 Ὃν
1280 4235 1330 4286 οἱ
1381 4234 1482 4304 μὲν
1524 4235 1804 4291 Πλατωνι-

203 4321 298 4374 κοὶ
340 4320 488 4391 (69),
520 4321 607 4374 διὰ
641 4322 702 4375 τὸ
744 4324 872 4387 τοὺς
911 4324 1068 4395 παρὰ
1119 4325 1231 4379 τῶν
1270 4328 1514 4397 ποιητῶν
1555 4329 1801 4384 ἀναπλα-

204 4411 436 4477 σθέντας
462 4413 619 4480 θεοὺς
641 4415 1079 4487 τεθεατρικέναι,
1114 4417 1469 4486 ἀπεδέξαντο.
1491 4421 1555 4476 Oi
1596 4421 1654 4475 δὲ
1688 4423 1798 4476 τῶν

201 4504 450 4576 ποιητῶν
502 4507 765 4577 τρόφιμοι
823 4507 1109 4580 δύσφημον
1164 4511 1558 4567 ἀπεκάλεσαν·
1608 4514 1801 4580 δεινῶς

1912 3423 1967 3470 et
1997 3414 2386 3471 historicorum
2413 3415 2560 3473 inter
2591 3432 2654 3474 se
2689 3419 3074 3475 contentiones
3111 3427 3167 3474 et
3202 3425 3520 3474 controver-

1913 3508 2026 3564 sias
2059 3509 2312 3567 oratione
2335 3510 2594 3581 persequi
2630 3511 2849 3579 vellem,
2879 3510 3202 3567 multumet
3224 3511 3516 3567 verborum

1909 3612 1967 3659 et
1995 3605 2258 3674 temporis
2297 3605 2431 3661 mihi
2466 3615 2903 3663 consumeretur.
2954 3605 3024 3661 Et
3049 3606 3185 3661 nihil
3214 3606 3352 3661 adeo
3385 3604 3515 3660 miri

1909 3702 2014 3748 est.
2043 3693 2277 3760 Quando
2305 3694 2452 3749 enim
2496 3693 2598 3762 illi,
2643 3695 2738 3765 qui
2788 3693 3154 3767 philosophia
3189 3694 3412 3749 nomine
3459 3708 3520 3748 st:

1907 3786 2200 3856 magniﬁce
2240 3785 2582 3854 efferebant,
2626 3803 2735 3843 non
2797 3786 3118 3842 dubitarunt
3170 3786 3517 3856 implacabile

1907 3877 2172 3931 adversus
2221 3891 2284 3932 se
2327 3876 2561 3933 invicem
2606 3891 2832 3933 movere
2865 3877 3075 3935 bellum
3120 3895 3138 3931 :
3193 3877 3286 3932 vix
3339 3878 3518 3947 potuit

1909 3967 2049 4032 ﬁeri,
2091 3976 2152 4022 ut
2194 3969 2509 4024 oratoribus
2559 3976 2615 4024 et
2652 3968 2828 4039 poetis
2869 3984 2976 4040 pax
3019 3983 3172 4025 cura:
3217 3978 3386 4035 esset,
3423 3970 3515 4039 qni

1906 4061 2071 4114 etiam
2116 4075 2240 4115 cum
2289 4059 2611 4127 Socraticis,
2660 4061 2753 4130 qui
2802 4062 3222 4132 temperantiam
3266 4070 3322 4118 et
3351 4061 3518 4133 justi-

1907 4149 2038 4205 tiam
2074 4159 2129 4204 et
2163 4150 2494 4206 modestiam
2529 4151 2582 4205 in
2620 4152 2800 4222 pretio
2837 4152 3170 4218 habuerunt,
3200 4152 3513 4208 contentiu-

1906 4255 2003 4297 nes
2034 4249 2402 4313 susceperunt
2437 4260 2452 4298 :
2489 4258 2630 4314 quos
2665 4244 2817 4300 Plato
2861 4244 2916 4300 in
2961 4243 3200 4316 Dialogis
3230 4246 3509 4316 deridens,

1904 4333 2019 4405 ipse
2046 4349 2266 4406 quoque
2296 4345 2488 4392 mutuo
2529 4337 2746 4394 derisus
2786 4348 2872 4394 est
2909 4354 2939 4393 a
2980 4338 3202 4412 Cynicis
3234 4355 3250 4395 :
3277 4356 3511 4411 quorum

1903 4440 1934 4482 e
1961 4441 2192 4483 numero
2224 4427 2507 4484 Lucianus
2538 4429 2705 4484 etiam
2746 4429 2869 4497 luit,
2905 4432 2999 4501 qui
3040 4431 3287 4503 dialogos
3317 4440 3510 4488 contra

1902 4533 2095 4576 omnes
2125 4522 2560 4592 propemodum,
2609 4531 2717 4577 tam
2753 4537 2847 4580 eos
2894 4524 2984 4592 qui
3025 4523 3136 4592 iam
3186 4534 3312 4580 sunt
3357 4525 3507 4586 dit-ti,

201 4597 316 4666 γὰρ
345 4599 471 4662 τοὺς
521 4601 653 4669 παρ’
691 4600 871 4653 αὐτῶν
913 4601 1370 4674 ἐκθειαζομένους
1419 4605 1576 4670 θεοὺς
1601 4606 1802 4672 ἑξεκω-

1909 4624 2070 4689 quam
2099 4626 2194 4668 eos
2219 4613 2314 4683 qui
2345 4614 2537 4671 omissi
2567 4623 2712 4678 sunt,
2753 4615 3085 4684 composuit.
3129 4616 3300 4683 Quem
3328 4616 3511 4671 Plato«

207 4686 449 4759 μῴδησι.
509 4689 605 4753 Τίς
629 4685 722 4745 οὖν
753 4691 1014 4764 τολμήσει
1073 4694 1144 4748 τὰ
1187 4694 1299 4750 τῶν
1352 4695 1619 4771 Ἐλλήνων
1659 4717 1795 4767 πρε-

1907 4701 2017 4758 nici
2045 4702 2266 4774 quidem
2295 4704 2375 4761 ob
2392 4705 2449 4761 id
2468 4706 2596 4778 quia
2637 4720 2669 4761 a
2693 4706 2869 4777 poetis
2892 4707 3154 4765 conﬁctos
3185 4708 3316 4764 deos
3347 4712 3501 4780 quasi

1248 4851 1487 4910 VARUE
1522 4853 1911 4915 LECTIONES
1954 4857 2047 4916 ET
2083 4857 2325 4918 ΝΟΤΔε.

281 5001 395 5072 (67)
437 5003 840 5082 τοῦτο-ζήτει.
891 5006 1010 5063 Non
1056 5022 1179 5065 esse
1214 5014 1503 5080 quaerenda
1539 5013 1792 5082 aliunde,

205 5075 577 5151 quorttntipsi
621 5077 825 5131 dntnini
861 5092 1083 5151 sumus,
1151 5075 1381 5151 quisque
1426 5084 1481 5137 in

205 5155 392 5196 nostra
436 5143 736 5207 habemus.
781 5143 1183 5205 sentetttia’est'
1210 5143 1374 5206 etiam
1430 5154 1491 5207 Ι).

201 5213 475 5267 Ambrosii
508 5214 558 5267 in
594 5213 909 5271 Hexaemer.
951 5218 1119 5276 Rt'r'r.

279 5283 393 5351 (68)
430 5287 493 5336 οι
524 5284 642 5363 μέν
680 5288 790 5363 γὰρ
821 5291 1063 5358 Λογικοὶ
1086 5291 1231 5357 τοὺς
1260 5294 1654 5363 Μεθοδικούς.
1688 5297 1799 5355 Me-

205 5352 452 5435 dlicot'tnn
478 5352 932 5435 antiquittistres
976 5371 1133 5435 erant
1176 5352 1338 5435 secta:
1372 5382 1386 5418 :
1427 5352 1648 5435 Logici',
1679 5352 1794 5424 Me-

209 5422 437 5485 thodici,
477 5423 757 5493 Empirici.
789 5430 1061 5485 Ausonius
1090 5430 1311 5502 Gryplto
1340 5422 1565 5491 Ismarii
1601 5454 1615 5490 :

356 5513 568 5589 triplex
589 5536 794 5587 quoque
825 5522 1001 5589 forma
1029 5525 1276 5581 medendi
1299 5543 1317 5581 :

209 5582 350 5650 Quot
370 5582 561 5656 Logos,
588 5582 685 5643 dut
707 5582 1001 5661 Methodos,
1027 5601 1211 5666 cuique
1226 5599 1566 5666 Experientia
1582 5617 1792 5670 nomen,

207 5675 270 5732 Β.
303 5675 660 5762 ᾓίεξι-οιιγηιιιε
711 5685 775 5738 ad
809 5684 1092 5762 Paulinum
1125 5706 1138 5742 :
1181 5689 1421 5762 cTaceo
1446 5731 1461 5755 ,
1504 5693 1681 5762 inquit
1727 5695 1793 5750 de

209 5750 436 5803 medicis
463 5791 477 5814 ,
511 5765 737 5818 quorum
770 5757 1002 5809 scientia
1037 5760 1356 5813 mortalibus
1391 5750 1472 5816 vel
1500 5750 1790 5820 utilissima

207 5825 310 5906 est,
336 5825 397 5906 et
416 5820 474 5906 in.
502 5831 610 5874 tres
638 5827 1118 5906 partcsstrihditur
1151 5847 1163 5881 :
1190 5830 1252 5882 τὸ
1278 5829 1484 5906 δόγμα,
1503 5833 1601 5903 τὴν
1630 5834 1788 5906 μέοο-

207 5883 316 5954 δον,
339 5887 434 5959 τὴν
459 5883 749 5961 ἐμπειρίαν
784 5913 794 5948 :
832 5896 881 5949 id
917 5906 999 5952 est
1027 5897 1304 5954 decretum
1335 5883 1420 5958 iét
1457 5883 1784 5973 {iniuriae},

1897 5017 2168 5096 rationem
2205 5027 2262 5096 et
2288 5021 2717 5096 experientiam,
2749 5021 2847 5096 ubi
2867 5021 3232 5096 δόγμαγοοτιι
3256 5029 3350 5096 qui
3385 5026 3504 5082 alii;

1563 5093 1797 5168 ntestate
1893 5099 1979 5168 est
2005 5089 2184 5157 λόγος.
2205 5090 2275 5168 Q.
2300 5089 2540 5168 Sel-enus
2572 5089 3203 5166 Samtnonicus’epilogo
3232 5089 3505 5168 poematis

1580 5157 1719 5210 asilii
1741 5166 1798 5212 et
1894 5157 1975 5212 De
2013 5175 2068 5214 re
2097 5157 2324 5216 medica.
2355 5161 2526 5220 Rm.

1895 5249 2052 5316 Quod
2105 5252 2301 5324 Leges,
2345 5265 2438 5310 aut
2489 5256 2794 5324 Methodus,
2844 5263 3174 5336 simplexque
3221 5263 3492 5328 Empirica

3143 5335 3373 5410 [pandiL

1902 5413 2220 5494 simplicem
2251 5428 2414 5494 vocat
2447 5417 2781 5494 Empiricam
2805 5462 2820 5488 ,
2852 5433 2913 5479 ut
2953 5440 3076 5494 qua:
3111 5442 3220 5482 non
3255 5427 3328 5482 sit
3349 5426 3499 5480 solli-

1901 5489 2006 5558 cita
2024 5487 2296 5558 decansis
2319 5497 2375 5544 et
2399 5487 2723 5556 rationibus,
2749 5495 2845 5548 sed
2871 5487 3497 5558 taniumobservatione,

1903 5555 2226 5638 collectione
2245 5570 2423 5638 atque
2446 5555 2761 5620 inductione
2783 5566 3160 5638 exemplorum
3184 5571 3303 5638 sive
3330 5555 3498 5638 expc;

1903 5626 2100 5706 tientia
2127 5627 2291 5706 (unde
2324 5626 2376 5684 et
2409 5645 2602 5706 nomen
2633 5635 2847 5706 accepit
2874 5626 3146 5706 )nitatttr.
3183 5637 3354 5693 Rtr'r.

1974 5696 2084 5772 (Q9)
2124 5696 2295 5772 μοιιῆ
2331 5714 2419 5768 cp.
2455 5699 2519 5756 91
2567 5701 2662 5757 inf.
2712 5696 3033 5772 hujusliibri
3076 5724 3150 5764 tv.
3183 5706 3497 5765 Notandum

1901 5779 1967 5819 ex
1996 5767 2103 5848 line
2123 5767 2457 5848 hnjnscpist.
2479 5767 2898 5848 saluberrimum
2925 5779 3126 5834 nostris
3157 5781 3322 5836 etiam
3353 5789 3493 5833 toni-

1899 5838 2123 5915 porihus
2146 5838 2638 5915 esttlceratissimis
2658 5845 2971 5915 consilium,
2997 5848 3070 5904 de
3086 5850 3171 5905 via
3198 5866 3263 5906 ac
3283 5851 3498 5904 ratione

1898 5908 2216 5966 orthodoxae
2240 5912 2545 5967 concordia:
2570 5915 2873 5974 sarciendae
2891 5908 3298 5978 et'sancicudcc.
3323 5921 3486 5979 lim.
