4164 6424
733 374 867 440 1107
1899 374 1961 434 S.
2002 373 2299 435 ISIDORI
2338 370 2777 434 PELUSIOTIE
3847 365 3985 431 1108

729 491 784 544 in
812 487 1020 541 theatro
1049 480 1366 536 deridendos
1392 478 1696 550 propinavit
1721 486 1885 549 alque
1914 480 2169 546 traduxit,
2197 494 2262 549 ap

2401 477 2702 532 σϐευόντων
2759 478 2955 545 εἰπεῖν,
3022 477 3103 533 ὅτι
3153 476 3344 531 πολλαὶ
3415 479 3564 548 παρὰ
3627 479 3984 548 Χριστιανοῖς

732 581 1059 650 probarunt;
1096 584 1373 645 poetarum
1398 582 1575 627 autem
1610 571 1806 625 alumni
1834 570 2091 626 infamem
2122 572 2296 626 decla-

2405 569 2647 639 αἱρέσεις
2676 569 2994 640 ἐτέχθησαν,
3046 566 3316 633 τοσαύτας
3364 569 3507 640 δρῶν
3539 570 3633 623 καὶ
3662 568 3793 638 παρ’
3841 570 3985 622 ὲκεί-

729 681 938 727 rarnnt.
987 667 1237 723 Graviter
1273 666 1415 721 enim
1454 665 1769 735 perstrinxit
1809 664 1929 719 illos
1958 705 1972 730 ,
2014 679 2152 735 quos
2197 664 2294 732 ipsi

2402 676 2513 723 νοις
2547 659 2635 713 διὰ
2685 659 2971 729 φιλαρχίαν
3011 658 3136 729 (χρὴ
3166 659 3271 729 γὰρ
3312 658 3520 729 τάληθῆ
3551 658 3748 727 λέγειν)
3765 658 3983 728 τεχθεί-

728 772 1055 830 magnopere
1089 757 1515 820 venerabantur,
1552 755 1701 811 deos.
1735 757 1867 824 Quis
1897 755 2060 826 igitur
2084 768 2291 818 eorum,

2403 766 2533 817 σας;
2558 752 2621 803 El
2651 751 2697 803 δ’
2734 750 2872 821 αὕτη
2909 750 3353 821 ὲξοστρακισθεὶη
3396 752 3461 803 ἐκ
3504 750 3613 804 τῶν
3644 750 3980 821 ἀνθρώπων,

726 852 818 920 qui
865 850 1239 920 paganismum
1290 847 1728 915 amplectuntur,
1766 847 1907 901 ausit
1955 838 2108 899 nobis
2150 844 2292 914 obji-

2400 840 2553 904 ὲλπίς
2600 844 2716 893 ἐστι
2750 841 2980 912 χρηστὴ,
3027 840 3236 905 πάντας
3283 843 3361 904 είς
3404 842 3465 893 τὸ
3514 841 3654 894 θεῖον
3707 841 3982 911 κήρυγμα

726 954 870 1003 cere,
903 937 1097 992 inultas
1131 935 1269 1003 apud
1300 933 1639 989 Christianos
1683 934 1917 988 haereses
1964 942 2119 986 natas
2148 945 2291 996 esse,

2400 933 2695 1003 ὁμοφώνως
2725 934 2820 987 καὶ
2848 933 3142 1004 όρθοδόξως
3174 933 3517 1003 συνδραμεῖν.

725 1043 846 1083 cum
890 1038 999 1081 tam
1042 1024 1238 1080 multas
1284 1024 1464 1079 videat
1506 1025 1668 1079 etiam
1718 1024 1856 1092 apud
1935 1023 2083 1091 ipsos
2150 1020 2367 1076 Graecos
2406 1034 2627 1093 propter
2666 1024 3015 1080 ambitionem
3067 1034 3122 1080 et
3174 1024 3475 1093 imperandi
3531 1023 3770 1078 studium
3819 1024 3977 1081 (vera

724 1123 867 1177 enim
898 1121 1077 1174 dicere
1114 1117 1352 1187 oportet)
1392 1128 1547 1172 natas
1585 1118 1738 1172 esse?
1781 1116 1837 1171 Si
1879 1129 2004 1170 vero
2043 1116 2155 1170 hac
2193 1116 2553 1185 expelleretur
2587 1131 2651 1169 ex
2724 1115 2883 1172 rebus
2954 1116 3225 1181 humanis,
3283 1130 3409 1185 spes
3458 1110 3601 1171 bona
3645 1125 3813 1180 esset,
3847 1115 3975 1169 fore

728 1224 784 1269 ut
805 1227 991 1269 omnes
1026 1214 1080 1267 in
1114 1212 1350 1267 divinum
1399 1209 1737 1282 (Evangelii)
1778 1210 2107 1279 praeconium
2146 1211 2385 1265 unanimi
2408 1220 2464 1265 et
2496 1211 2803 1266 orthodoxe
2839 1227 3107 1267 consensu
3137 1212 3512 1269 convenirent.

896 1347 1056 1421 M1
1089 1347 1224 1404 LVI.
1256 1377 1325 1391 —
1357 1346 1584 1404 PETRO
1607 1343 2095 1403 SCIlOLASTlCO.

1304 1435 1505 1493 Eadem
1536 1437 1600 1491 de
1630 1453 1706 1492 re.

795 1554 902 1611 Aut
921 1568 985 1611 ex
1006 1553 1319 1619 ambitione,
1354 1562 1447 1608 aut
1496 1568 1562 1609 ex
1619 1551 1912 1623 anticipata
1939 1552 2118 1622 aliqua
2167 1551 2291 1622 epi-

731 1647 912 1713 nione,
942 1647 1148 1702 duabus
1179 1654 1484 1718 expugnatu
1512 1643 1844 1700 diﬂlcillimis
1881 1643 2285 1711 an‘ectionibus,

727 1739 964 1793 haereses
995 1748 1052 1793 et
1082 1746 1257 1793 sectas
1289 1751 1443 1794 natas
1495 1754 1617 1795 esse
1662 1740 1918 1795 arbitror.
1948 1736 2085 1793 Nam
2113 1739 2204 1807 qui
2235 1737 2291 1793 in

2696 1347 2839 1415 Nq'.
2872 1377 2946 1389 -
2966 1349 3191 1421 nmen
3221 1349 3675 1422 ΣΧΟΛΔΣΤΙΚῼ.

2932 1442 3074 1509 Περὶ
3110 1442 3216 1497 τοῦ
3248 1444 3457 1498 αὐτοῦ.

2470 1553 2540 1606 Ἢ
2588 1554 2652 1606 ὲκ
2691 1551 3017 1624 φιλαρχίας,
3057 1548 3249 1625 οἶμαι,
3288 1555 3318 1624 ἦ
3365 1555 3430 1608 ἐκ
3464 1553 3823 1626 προλήψεως,
3866 1554 3967 1608 δύο

2393 1634 2917 1715 δυπαταγωνίὲτων
2939 1645 3147 1709 παθῶν,
3179 1645 3279 1710 τάς
3313 1646 3553 1717 αἱρέσεις
3593 1646 3866 1715 τετέχθαι.
3905 1648 3971 1701 Oi

2396 1738 2493 1809 μὲν
2526 1738 2633 1809 γάρ
2665 1738 2721 1791 ἐν
2743 1739 2857 1799 τοῖς
2883 1737 3142 1807 ὑπηκόοις
3173 1738 3247 1808 μὴ
3288 1736 3616 1802 ἀξιώσαντες
3655 1733 3796 1790 εἶναι
3824 1738 3968 1807 (70),

728 1831 1065 1901 subditorum
1098 1831 1273 1886 classe
1300 1832 1482 1887 vivere
1506 1846 1665 1902 aequo
1725 1832 1909 1886 animo
1958 1845 2064 1886 non
2097 1838 2293 1900 potue-

2401 1829 2533 1899 μηδὲ
2563 1828 2987 1900 καταδεξάμενοι
3010 1870 3025 1896 ,
3058 1831 3330 1902 νεωτέρας
3362 1829 3708 1893 διδασκαλίας
3737 1830 3971 1900 σπέρμα

729 1935 880 1991 runt,
930 1940 1105 1996 neque
1160 1925 1445 1996 imperium
1506 1925 1780 1996 excipere,
1820 1938 1973 1979 nova
2034 1923 2296 1979 doctrinas

729 2025 1023 2072 sementem
1055 2016 1390 2086 sparserunt,
1425 2015 1477 2070 in
1524 2016 1592 2073 iis
1618 2031 1738 2089 quas
1763 2016 2059 2071 constituta
2088 2022 2293 2079 essent,

729 2120 1047 2175 permanere
1088 2106 1387 2175 dedignati.

1166 2216 1323 2274 LVII.
1341 2246 1411 2258 —
1425 2214 1847 2273 ADAMANTIO.

1312 2306 1510 2364 Eadem
1542 2308 1607 2363 de
1631 2324 1707 2363 re.

800 2442 940 2514 Quid
974 2442 1109 2499 adeo
1170 2440 1412 2509 miraris,
1448 2440 1493 2496 si
1525 2441 1688 2496 etiam
1715 2450 1839 2510 post
1886 2440 2185 2497 Salvatoris
2238 2442 2291 2497 in

732 2550 951 2591 carnem
1024 2532 1313 2588 adventum
1381 2534 1560 2588 multa:
1635 2533 1870 2587 haereses
1921 2540 2097 2588 enata:
2144 2540 2291 2600 sunt,

732 2626 963 2691 diabolo,
1010 2626 1206 2695 quippe
1245 2624 1335 2693 qui
1364 2625 1474 2693 jam
1513 2626 1795 2695 perspicue
1811 2640 1876 2680 ac
1909 2626 2112 2681 diserte
2139 2626 2296 2681 audi-

730 2716 918 2781 visset,
942 2715 1160 2770 omnino
1187 2729 1246 2769 se
1290 2713 1497 2785 judicio
1519 2725 1575 2770 et
1608 2715 1944 2770 damnationi
1992 2716 2295 2786 subjectum

733 2808 799 2862 iri
827 2817 880 2862 et
906 2822 1095 2876 ptenas
1128 2807 1402 2873 daturum,
1439 2821 1533 2862 eas
1561 2807 1972 2873 disseminante,
2004 2817 2067 2864 ut
2107 2809 2298 2865 videli-

732 2908 820 2953 cet
848 2896 1044 2951 multos
1103 2896 1491 2965 suppliciorum
1542 2896 1721 2951 socios
1783 2904 1948 2965 atque
2002 2898 2299 2967 participes

732 2980 964 3046 habeat,
1000 2994 1121 3033 cum
1186 2989 1311 3034 ante
1374 2980 1545 3047 ipsius
1597 2995 1810 3050 quoque
1854 2981 2143 3036 adventum
2190 2998 2295 3036 non

728 3085 917 3141 paucae
976 3070 1281 3127 exstiterint
1327 3068 1601 3125 haereses?
1628 3070 1763 3125 Nam
1817 3071 2014 3141 partim
2050 3072 2295 3128 homines

2397 1918 2840 1989 καταϐεϐλήκασι
2863 1959 2877 1985 ,
2919 1921 3031 1983 τοῖς
3082 1918 3415 1973 καθεστῶσιν
3444 1917 3700 1990 ἐμμένειν
3728 1917 3804 1991 μὴ
3832 1935 3972 1974 κατ-

2397 2009 2726 2075 αξιώσαντες
2762 2011 2897 2083 (7|).

2839 2213 2963 2270 NZ'.
3000 2243 3072 2255 -
3103 2213 3523 2288 ΑΔΑΜΑΝἸΊῼ.

2967 2310 3072 2373 Εἱς
3104 2306 3170 2361 τὸ
3201 2308 3369 2363 αὑτό.

2465 2442 2529 2495 Τί
2557 2440 2878 2511 θαυμάζεις,
2913 2443 2962 2495 εἱ
2990 2442 3130 2513 μετὰ
3160 2442 3259 2513 τὴν
3280 2442 3376 2498 τοῦ
3413 2444 3663 2517 Σωτῆρος
3690 2445 3963 2517 ἔνσαρκον

2396 2532 2700 2603 παρουσίαν
2731 2532 2922 2587 πολλαὶ
2954 2533 3194 2604 αἱρέσεις
3220 2534 3534 2605 ἐτέχθησαν,
3564 2536 3659 2590 τοῦ
3687 2538 3965 2606 διαϐόλου,

2398 2622 2494 2676 ἆτε
2519 2621 2585 2692 δὴ
2616 2622 2802 2691 σαφῶς
2830 2624 2926 2676 καὶ
2956 2623 3254 2695 διαρρήδην
3288 2624 3642 2691 ἀκούσαντος,
3669 2629 3751 2682 ὅτι
3782 2630 3965 2685 πάντα

2398 2716 2579 2783 κρίσει
2600 2712 3150 2785 καθυποϐληθήσεται
3192 2715 3327 2787 (72),
3351 2718 3446 2771 καὶ
3472 2718 3628 2789 δίκην
3655 2719 3839 2784 δώσει,
3872 2719 3968 2774 τοῦ

2396 2806 2598 2868 ταύτας
2647 2806 3117 2876 κατασπείραντος
3159 2808 3305 2879 (75),
3347 2810 3413 2863 ἶν’
3444 2809 3542 2881 ἔχῃ
3581 2810 3811 2875 πολλοὺς
3842 2813 3969 2877 τοὺς

2400 2896 3017 2966 συγκολασθησομένους
3037 2939 3051 2963 ,
3083 2901 3244 2953 ὁπότε
3277 2902 3373 2955 καὶ
3402 2903 3510 2971 πρὸ
3535 2904 3636 2972 τῆς
3665 2904 3970 2973 παρουσίας

2397 2985 2561 3038 αὐτοῦ
2589 2986 2688 3039 οὐκ
2715 2986 2891 3053 ὀλίγαι
2916 2982 3054 3058 ἦσαν
3080 2989 3319 3059 αἱρέσεις
3345 3008 3359 3054 ;
3391 2991 3511 3043 Τῶν
3533 2992 3641 3061 γὰρ
3663 2991 3969 3060 ἀνθρώπιον

2395 3078 2444 3129 οἱ
2470 3077 2568 3147 μὶν
2602 3075 2736 3147 μηδὲ
2770 3073 2908 3130 εἶναι
2939 3077 3000 3129 τὸ
3031 3077 3317 3149 Batavi“)
3350 3080 3625 3151 ἐνόμιζονο
3659 3082 3711 3134 οἱ
3740 3082 3797 3134 δὲ
3828 3077 3968 3134 εἶναι

732 3178 802 3219 ne
826 3162 1045 3232 quidem
1094 3174 1216 3215 esse
1250 3157 1419 3214 Deum
1458 3167 1757 3231 putarunt:
1788 3163 1985 3231 partim
2014 3176 2136 3217 esse
2174 3162 2292 3233 qui-

2400 3169 2520 3240 μὲν,
2559 3168 2633 3240 μὴ
2677 3173 2925 3240 προνοεῖν
2953 3170 3010 3224 δέ
3036 3187 3050 3202 ’
3085 3174 3179 3225 καὶ
3214 3174 3261 3226 οἱ
3298 3174 3397 3243 μὲν
3427 3178 3672 3246 προνοεῖν
3703 3177 3823 3245 μὲν,
3860 3176 3969 3230 τῶν

733 3256 853 3309 dem
882 3252 1099 3323 aliquod
1124 3252 1364 3308 divinum
1422 3266 1643 3317 numen,
1674 3253 1769 3307 sed
1813 3253 2150 3323 providentia
2208 3267 2295 3307 re-

734 3361 853 3402 rum
891 3346 1247 3399 humanarum
1272 3359 1377 3399 non
1405 3357 1525 3398 esse
1576 3344 1854 3412 praeditum
1881 3357 1897 3397 :
1921 3343 2117 3412 partim
2146 3356 2294 3411 vero,

734 3437 1174 3506 procurationem
1222 3434 1276 3489 id
1333 3434 1549 3504 quidem
1600 3434 1820 3501 habere,
1854 3438 1946 3490 sed
1998 3435 2297 3490 caelestium

733 3528 995 3582 duntaxat
1022 3542 1237 3593 rerum;
1281 3526 1369 3581 alii
1404 3536 1585 3580 autem
1625 3541 1733 3581 non
1781 3525 1951 3581 solum
1985 3526 2299 3581 cmlcstibus

734 3619 1035 3681 rebus,sed
1089 3620 1253 3672 etiam
1307 3618 1537 3672 terrenis
1592 3619 1897 3686 providere,
1948 3632 2053 3673 non
2119 3627 2297 3672 tamen

734 3712 1005 3775 omnibus,
1039 3725 1224 3765 verum
1253 3711 1513 3764 duntaxat
1560 3708 1946 3764 excellentibus
1975 3728 1989 3763 :
2023 3718 2083 3763 ut
2109 3723 2297 3777 regum

739 3816 804 3856 ac
830 3800 1157 3869 principum.
1192 3799 1257 3853 Et
1309 3798 1399 3850 alii
1445 3798 1661 3866 quidem
1694 3798 1875 3851 omnia
1913 3798 2204 3852 temerario
2236 3812 2300 3851 ac

735 3905 878 3947 caeco
910 3905 1037 3944 casu
1064 3889 1193 3943 ferri
1238 3888 1529 3953 dixerunt;
1562 3886 1648 3941 alii
1690 3894 1877 3941 contra
1905 3887 2085 3941 omnia
2146 3885 2296 3939 fatali

736 3983 965 4051 quadam
1001 3981 1325 4037 necessitate
1358 3980 1503 4043 ﬁeri;
1539 3978 1627 4031 alii
1665 3978 1894 4047 denique
1923 3989 1983 4032 ut
2020 3976 2131 4032 fors
2156 3978 2294 4044 tulit,

733 4074 913 4129 omnia
937 4072 1021 4140 agi
1054 4079 1424 4123 asseruerunt.
1450 4068 1515 4121 Et
1538 4067 1625 4121 alii
1655 4067 1868 4135 quidem
1902 4067 2040 4120 idola
2071 4068 2299 4121 adorare

737 4166 821 4219 fas
854 4165 1111 4234 piumque
1168 4174 1291 4215 esse
1320 4160 1732 4222 existimarunt;
1761 4156 1849 4211 alii
1883 4171 2011 4212 vero
2066 4166 2297 4212 matrum

736 4253 1005 4310 connubia
1057 4252 1388 4319 probarunt;
1458 4248 1546 4303 alii
1596 4249 1858 4303 humanas
1914 4248 2150 4315 hostias;
2207 4248 2296 4302 alii

736 4347 1045 4402 animalium
1075 4344 1283 4409 cades;
1318 4342 1405 4396 alii
1444 4343 1604 4397 boum
1654 4342 2060 4406 mactationem,
2087 4342 2175 4396 alii
2202 4357 2295 4397 ca-

737 4438 1035 4501 melorum;
1090 4434 1179 4488 alii
1235 4444 1471 4487 mutuam
1522 4434 1797 4487 hominum
1870 4433 2294 4502 devorationem,

2398 3260 2442 3313 δ’
2485 3260 2753 3332 οὐρανίων
2788 3261 2978 3331 μόνον·
3023 3263 3073 3315 οἱ
3119 3264 3163 3316 δ’
3200 3264 3262 3318 οὐ
3314 3254 3492 3335 μόνων
3524 3266 3633 3320 τῶν
3674 3267 3964 3337 οὐρανίων,

2399 3351 2537 3405 ἀλλὰ
2564 3352 2660 3405 καὶ
2710 3352 2819 3407 τῶν
2856 3354 3151 3421 δπιγείων,
3190 3355 3252 3409 οὐ
3296 3359 3513 3411 πάντων
3557 3358 3634 3420 δὲ,
3680 3358 3817 3411 ἀλλὰ
3859 3358 3967 3411 τῶν

2401 3442 2625 3513 ὲξόχων,
2655 3434 2765 3495 οἷον
2796 3442 3060 3513 βασιλέων
3094 3461 3152 3499 τε
3181 3446 3277 3499 καὶ
3320 3446 3617 3518 ἀρχόντων.
3649 3450 3761 3502 Καὶ
3789 3450 3837 3502 οἱ
3865 3450 3963 3518 μὲν

2401 3530 2824 3601 αὐτοματισμὸν,
2861 3534 2909 3585 οἱ
2932 3532 2975 3585 δ’
3005 3532 3364 3605 εἱμαρμένην,
3395 3536 3445 3589 οἱ
3472 3537 3518 3589 δ’
3552 3535 3676 3606 εἱκῆ
3710 3537 3964 3607 φέρεσθαι

2400 3620 2466 3673 τὰ
2498 3621 2671 3674 πάντα
2705 3622 3073 3692 ἀπεφήναντο.
3114 3626 3223 3678 Καὶ
3246 3626 3296 3677 οἱ
3327 3626 3427 3694 μὲν
3453 3626 3521 3680 τὰ
3555 3626 3749 3681 εἴδωλα
3795 3644 3963 3699 προσ-

2402 3714 2583 3765 κυνεῖν
2610 3712 2830 3776 εὐσεϐὲς
2857 3713 3105 3783 ἐνόμιζον
3128 3733 3141 3747 ·
3176 3716 3227 3767 οἱ
3252 3716 3308 3768 δὲ
3332 3716 3394 3768 τὸ
3430 3721 3804 3788 μητρογαμεῖν
3823 3735 3839 3749 ·
3874 3718 3965 3772 καὶ

2400 3805 2448 3856 οἱ
2492 3803 2588 3872 μὲν
2626 3803 2687 3854 τὸ
2729 3802 3168 3873 ἀνθρωποθυτεῖν
3194 3845 3208 3869 ,
3258 3807 3307 3858 οἰ
3351 3805 3409 3857 δὲ
3457 3805 3517 3858 τὸ
3551 3806 3877 3871 ζωοθυτεῖν·
3917 3808 3964 3860 οἱ

2403 3891 2501 3962 μὲν
2532 3892 2593 3944 τὸ
2620 3892 2919 3960 βουθυτεῖν,
2957 3894 3006 3945 οἱ
3044 3893 3101 3945 δὲ
3144 3895 3622 3965 καμηλοσφαγεῖν·
3666 3900 3759 3950 καὶ
3786 3901 3835 3950 οἱ
3871 3899 3965 3968 μὲν

2398 3984 2459 4036 τὸ
2496 3983 2914 4054 άλληλοφαγεῖν,
2946 3986 2996 4038 οἱ
3030 3985 3085 4038 δὲ
3116 3985 3177 4039 τὸ
3226 3992 3529 4057 ποηφαγεῖν
3556 3988 3693 4057 (75).
3748 3989 3886 4041 Ἀλλ’
3919 3990 3964 4041 ει

2403 4073 2580 4126 πάντα
2616 4076 2695 4137 εἱς
2729 4076 2892 4144 μέσον
2921 4077 3211 4146 ἀγάγοιμι,
3250 4078 3382 4141 ἴσως
3422 4079 3488 4133 ἂν
3520 4079 3964 4151 ἀπιστηθήσομαι

2406 4161 2525 4232 μὲν,
2557 4163 2657 4216 οὐκ
2688 4164 3089 4235 ἐλεγχθήσομαι
3116 4165 3192 4220 δέ.
3226 4167 3288 4218 Εἰ
3326 4167 3501 4221 τοίνυν
3536 4169 3622 4221 ἀεὶ
3649 4168 3782 4239 πρὸς
3808 4169 3964 4222 ἑαυτὸ

2402 4253 2691 4317 ἐστασίαζε
2736 4254 2797 4306 τὸ
2842 4256 2995 4322 γένος
3041 4253 3191 4326 (76),
3223 4256 3317 4310 καὶ
3361 4258 3419 4310 οὐ
3460 4257 3529 4310 τὰ
3562 4258 3698 4311 αὐτὰ
3749 4258 3963 4325 ἐδόξαζε

2402 4341 2585 4412 (κατὰ
2619 4345 2843 4414 καιροὺς
2881 4344 2989 4415 γάρ
3030 4346 3307 4419 ἄνθρωποι
3355 4348 3733 4420 νεωτεροποιοὶ
3783 4349 3894 4420 (77)
3931 4349 3963 4415 ἢ

2402 4434 2497 4488 καὶ
2533 4433 2912 4499 στασιάζοντες
2938 4477 2951 4501 ,
2990 4436 3056 4490 τὰ
3109 4437 3423 4492 καθεστῶτα
3456 4440 3553 4511 μὲν
3587 4439 3816 4502 ἐκίνουν,
3852 4442 3963 4492 ένο-

737 4530 830 4583 alii
888 4544 952 4582 ex
996 4527 1177 4582 lieibis
1219 4524 1575 4580 victum.Sed
1627 4524 1671 4577 si
1724 4524 1904 4578 omnia
1958 4523 2009 4577 in
2059 4525 2296 4579 medium

2407 4524 2662 4597 μοθέτουν
2687 4526 2743 4580 δὲ
2773 4528 2839 4579 τὰ
2870 4527 3168 4598 δοκοῦντα)
3194 4546 3208 4561 ο
3243 4530 3295 4582 τί
3325 4530 3642 4601 θαυμάζεις,
3672 4533 3720 4583 εἱ
3758 4532 3853 4585 καὶ
3875 4530 3963 4585 νῦν

740 4618 980 4686 proferre
1011 4616 1192 4681 velim,
1226 4613 1473 4669 fortassis
1535 4613 1693 4667 ﬁdem
1735 4628 1839 4667 non
1891 4614 2168 4679 invenero,
2200 4631 2301 4669 nec

739 4717 917 4761 tamen
970 4704 1165 4757 lulsum
1201 4704 1399 4759 dixisse
1432 4702 1583 4773 argui
1622 4716 1834 4771 queam.
1867 4702 2045 4770 Quare
2073 4706 2117 4760 si
2148 4721 2289 4761 scm-

2408 4618 2535 4689 περὶ
2586 4620 2821 4689 πρᾶγμα
2855 4618 2998 4671 θεῖον
3040 4619 3134 4672 καὶ
3179 4619 3338 4689 λόγου
3387 4623 3633 4692 κρεῖττον
3684 4620 3962 4690 διαφωνεῖν

2400 4706 2821 4778 προσποιοῦνται
2857 4709 2961 4761 ὑπὸ
2990 4708 3281 4781 φιλαρχίας
3314 4712 3813 4785 ὲκϐακχευόμενοι;

1776 4878 2006 4935 VARUS
2048 4881 2429 4940 LECTIONES
2470 4884 2554 4939 ΕΤ
2592 4883 2825 4951 NOTAE,

811 5042 921 5115 (70)
948 5045 1065 5115 ,Ἔν
1111 5039 1231 5115 τοῖς
1261 5040 1563 5115 ὑπηκόοις
1596 5039 1682 5107 μὴ
1713 5036 2082 5105 ἀξιώσαντες
2118 5036 2291 5097 εἶναι.

742 5109 1053 5178 Exemplum
1089 5113 1284 5177 praebet
1316 5111 1490 5163 Arius.
1528 5109 1691 5162 Βιττ.

814 5177 923 5253 (7i)
956 5180 1081 5253 Τοῖς
1104 5177 1471 5253 καθεσςῶοῖιν
1494 5178 2009 5253 ἐμμένειν.η⁹’οπερ
2032 5180 2293 5247 γενναίων

742 5242 876 5309 εἶναι
901 5242 1127 5318 ἀνδρῶν,
1149 5250 1247 5301 οὐκ
1263 5242 1359 5301 οἷδ’
1382 5242 1765 5318 ὄστιζέξγραψε.
1786 5248 1920 5303 Huic
1936 5242 2290 5315 conlrarium,

742 5323 802 5377 τὸ
830 5322 896 5373 τά
923 5319 1245 5373 καθεστῶτα
1280 5320 1470 5379 κινεῖν,
1510 5320 1644 5370 inl'ra
1678 5319 1833 5383 epist.
1869 5319 2135 5387 proxima.
2171 5319 2250 5372 In.

813 5393 922 5459 (72)
952 5392 1078 5441 Ὅτι
1107 5388 1301 5441 πάντα
1326 5388 1517 5454 κρίσει
1539 5387 2148 5459 καθυποϐληθήσεται.
2197 5387 2299 5443 Ve~

742 5458 950 5514 risSinia
974 5460 1263 5517 sententia,
1280 5460 1371 5510 sed
1394 5472 1423 5509 a
1454 5470 1628 5509 mente
1646 5458 1826 5511 lsideri
1848 5458 1949 5511 hoc
1972 5461 2088 5511 loco
2102 5461 2296 5523 aliena,

660 5584 663 5587 λ
744 5546 859 5611 quae
893 5531 1119 5669 posiulut
1164 5537 1220 5581 ut
1249 5526 1487 5598 legamus
1518 5528 1750 5591 πάντως.
1789 5526 1947 5581 Ri'r'r.
1995 5526 2148 5599 [Cod.
2174 5527 2295 5582 Vat.

744 5615 973 5659 παντως.

744 5615 973 5659 παντως.

816 5669 925 5737 (75)
952 5664 1059 5721 Τοῦ
1079 5667 1293 5737 ταύτας
1314 5668 1821 5737 κατασβείρανςος
1844 5664 2296 5737 Videturomnino

747 5734 1090 5807 rejiciendum
1121 5736 1233 5806 τοῦ,
1264 5747 1320 5794 ut
1350 5736 1694 5811 superﬂuum.
1726 5735 1889 5793 Rt".
1920 5734 2089 5809 [Cod.
2124 5738 2288 5793 Vatis.

2401 5041 2629 5114 menon
2655 5043 2961 5114 agnoscit.)

2472 5112 2586 5182 (74)
2613 5116 2677 5167 Ol
2697 5112 2857 5183 μηδὲ
2894 5113 3047 5169 εἶναι
3069 5115 3135 5169 τὸ
3177 5114 3368 5171 Θεῖον.
3399 5116 3473 5170 De
3500 5118 3664 5171 variis
3693 5133 3755 5172 ac
3786 5119 3955 5173 multi-

2403 5182 2627 5250 pliclbus
2662 5186 2933 5237 hominum
2981 5186 3261 5239 erroribus
3311 5186 3361 5239 in
3402 5189 3561 5241 rebus
3605 5188 3799 5243 divinis
3846 5191 3955 5243 vide

2404 5253 2838 5323 similemilocum
2872 5254 3010 5307 infra
3045 5270 3131 5323 ep.
3162 5256 3229 5309 99
3260 5264 3315 5308 et
3346 5257 3468 5310 165.
3504 5257 3668 5312 Rt'rr.

2406 5322 2585 5443 El)(1715)
2620 5322 2781 5387 Haec,
2828 5325 2876 5375 οἱ
2918 5324 2973 5375 δὲ
3017 5322 3271 5394 τδποηφ.
3320 5326 3607 5381 emittebat
3639 5330 3723 5382 ed.
3785 5327 3950 5382 Paris.

2451 5407 2559 5446 DIT.

2477 5462 2586 5529 (76)
2627 5460 2965 5539 Ἐονταο-ιάζε
2990 5461 3052 5515 τὸ
3081 5464 3521 5539 γέιρςπνὶιΙε-ιιιιε
3552 5468 3737 5523 deesse
3760 5468 3948 5539 ἀνθρώ·

2409 5547 2582 5606 πινον,
2617 5533 2999 5606 νρΙΔήμέτερον
3032 5536 3114 5606 vel
3135 5535 3241 5587 τῶν
3270 5536 3588 5606 ἀνθρώπων.

2476 5601 2585 5672 (7'7)
2615 5601 2759 5672 Cod.
2787 5603 2956 5656 Vatic.
3004 5604 3147 5656 addit
3172 5645 3184 5667 ,
3221 5607 3314 5658 καὶ
3344 5601 3672 5670 στασιαστὰς
3702 5607 3952 5662 inmole-

2404 5668 2586 5735 ζοντες
2614 5671 2679 5725 τὰ
2709 5672 3100 5741 καθεστηκότα.
3128 5674 3329 5733 Possm.
