4164 6466
260 412 402 477 1103
1149 413 1688 478 EPISTOLARUM
1728 419 1876 479 LIB.
1920 420 2016 480 IV.
2057 443 2126 452 --
2164 420 2403 480 EPIST.
2437 419 2662 484 LVIII.
3428 419 3562 485 Ill')

253 526 529 596 per-inter
555 523 802 579 homines
834 524 1054 578 fuerunt
1108 529 1488 584 contentiones
1549 540 1715 599 atque
1746 533 1996 599 dissidia,
2033 546 2130 588 nec
2186 532 2377 587 eadem
2437 534 2692 588 omnibus
2775 531 2877 585 luit
2949 534 3216 586 sententia
3258 532 3418 602 (nam
3463 550 3558 586 um

257 626 568 683 temporum
600 617 862 673 varietate
885 618 1130 673 homines
1160 635 1422 676 novarmn
1491 640 1668 678 rermn
1696 637 1750 679 et
1816 643 2077 682 novorum
2148 643 2362 682 morum
2413 629 2618 698 cupidi,
2694 637 2786 680 aut
2814 627 2977 680 etiam
3013 628 3281 691 seditiosi,
3321 645 3557 696 pia-usuu-

259 707 336 760 tia
366 708 582 775 quidem
641 709 1032 776 convellerunt,
1066 727 1233 767 novas
1287 723 1467 769 autem
1497 732 1594 784 pro
1623 733 1721 772 suo
1747 720 1965 786 ingenio
1997 721 2143 790 leges
2213 722 2514 785 tulerunt),
2545 723 2671 791 quid
2745 721 2987 787 miraris,
3045 722 3088 775 si
3125 737 3268 775 nunc
3341 736 3556 788 quoque

259 801 410 852 circa
464 802 737 864 negotium
802 803 1114 874 (religionis
1175 805 1534 880 Christianae)
1597 813 1838 867 divinum
1878 826 1932 870 et
1979 818 2190 871 ratione
2227 819 2464 871 humana
2528 817 2779 885 superius
2841 817 3225 871 contentiones
3275 811 3554 877 aﬂectant,

259 901 316 946 et
343 894 606 948 dissident
650 898 844 951 animis
884 898 1133 954 homines
1166 903 1233 956 ab
1267 905 1561 962 ambitione
1591 917 1846 977 tanquam
1889 908 2072 965 furore
2100 912 2358 968 baccbico
2395 910 2625 982 agitati?

610 1011 742 1063 NH'.
775 1041 846 1053 -
868 1015 1132 1088 ῘΩΑΝΝῌ
1165 1017 1486 1092 ΔΙΛΚΟΝῼ.

266 1118 416 1200 Τῆς,
433 1119 636 1201 Ἰούδα.
664 1125 1050 1201 Ἐπί-στολῆς.
1071 1131 1142 1201 -Τί
1165 1133 1688 1201 ἐστινοιἊστέρες
1707 1139 1854 1190 ncla-

333 1189 668 1329 ρῖξτ
700 1199 732 1250 ό
775 1196 953 1267 ζόφος
980 1189 1096 1253 ’τοῦ
1121 1204 1386 1270 σκότους
1427 1208 1516 1271 εἰς
1541 1189 1729 1261 εὐῶπα
1759 1189 1852 1260 τε-

331 1391 395 1443 Εί
429 1393 530 1460 μὲν
557 1395 716 1461 αὐτὸς
751 1399 909 1469 μόνος
941 1402 1284 1466 ἐπέστειλας,
1321 1404 1602 1474 εἰσόμενος
1629 1444 1645 1469 ,
1684 1405 1752 1460 δι’
1783 1407 1853 1476 ἣν

257 1484 445 1538 αίτίαν
475 1487 689 1558 εἴρηται
719 1507 731 1518 ·
767 1510 785 1542 ι
807 1493 1046 1565 Αστέρες
1085 1496 1375 1566 πλανῆται,
1410 1491 1490 1560 οἷς
1514 1499 1541 1548 6
1565 1497 1727 1567 ζόφος
1756 1499 1852 1552 τοῦ

259 1573 492 1639 σκότους
514 1580 594 1642 είς
623 1581 795 1637 αἰῶνα
839 1588 1136 1657 τετήρηται
1162 1605 1175 1618 ’
1218 1605 1238 1646 ι
1265 1589 1392 1650 ἴσως
1443 1590 1510 1643 ἄν
1542 1607 1623 1642 σοι
1679 1607 1853 1644 κατα-

257 1666 425 1732 γνοὺς
445 1668 706 1736 ἀμαθίαν,
741 1675 832 1726 καί¹
856 1677 1137 1744 συντόμως
1168 1679 1482 1743 ἐπιστείλας
1513 1683 1626 1744 τοῖς
1652 1681 1855 1752 ἀνδρα-

259 1767 350 1804 σιν
383 1757 445 1807 οὐ
471 1761 585 1820 τοῖς
613 1761 896 1830 ἀστράσιν,
932 1765 1275 1836 ἀπηλλάγην.
1317 1768 1613 1840 Ἐπειδὴδέ
1644 1771 1851 1833 πολλοὶ,

257 1847 356 1898 καὶ
400 1847 509 1901 τῶν
540 1849 840 1907 δοκούντων
894 1851 1036 1910 εἶναι
1085 1860 1342 1925 συνετῶν,
1380 1860 1525 1914 τοῦτ’
1573 1860 1851 1932 ἐζήτησαν

263 1897 266 1898 ν
307 1897 351 1898 κν
414 1897 499 1901 κῆεν
545 1897 836 1907 --ηντνυνιν
894 1897 1036 1910 ..ν-συ.-
1085 1897 1342 1925 υνκνοων,
1392 1897 1505 1914 υυυυ
1573 1897 1850 1932 ῠτιλυιυυιιν

260 1935 494 2009 μαοεῖνλ
523 1943 615 1995 καὶ
659 1943 832 1998 πολλὰ
881 1949 1202 2018 κινήσαντες
1235 1990 1249 2014 ,
1297 1951 1530 2023 ’ὕστερον
1585 1897 1851 2024 μαθόὲτες

257 2027 597 2094 ἐξεθείασαν,
633 2036 1060 2108 καταγνώσομαι
1099 2041 1199 2110 μὲν
1231 2059 1326 2096 σου
1355 2045 1632 2114 οὐδαμῶς,
1676 2048 1852 2118 ἑρμη-

255 2120 452 2175 νεῦσαι
483 2123 539 2175 δὲ
563 2126 696 2179 αὐτὸ
725 2131 1057 2201 σαφέστερον
1081 2135 1433 2205 πειράσομαι.
1467 2138 1615 2208 Φημὶ
1649 2138 1848 2204 τοίνυν,

253 2212 343 2300 δτι
374 2215 501 2283 περὶ
525 2217 828 2286 ἀνθρώπων
854 2224 1185 2296 συγγνώμης
1209 2227 1513 2282 πταιόντων
1543 2229 1851 2300 ὑψηλότερα

253 2295 329 2371 ἦν
368 2301 445 2371 τῷ
491 2305 859 2380 ἐπιστείλαντι
903 2313 930 2363 ὁ
984 2295 1164 2381 λόγος,
1224 2317 1285 2368 οὐ
1327 2319 1454 2388 περὶ
1502 2295 1717 2390 ἄστρων
1755 2295 1852 2374 καὶ

255 2393 526 2460 νεφελῶν,
575 2403 838 2467 κυμάτων
880 2419 940 2456 τε
997 2406 1091 2456 καὶ
1136 2406 1404 2477 δένδρων·
1436 2403 1518 2473 οἷς
1569 2410 1631 2482 δὴ
1671 2428 1852 2481 παρα-

253 2482 517 2553 δείγμασι
541 2488 808 2560 κέχρηται
833 2509 847 2523 ο
877 2494 1013 2565 ὅπερ
1043 2495 1257 2565 ἔχουσιν
1287 2499 1469 2552 ἐκεῖνα
1495 2501 1634 2554 κατὰ
1669 2503 1850 2572 φύσιν,

252 2575 419 2627 τοῦτο
449 2581 779 2636 πεπονθέναι
810 2587 936 2649 τοὺς
982 2589 1308 2659 ἀνθρώπους
1341 2595 1483 2646 κατὰ
1523 2598 1854 2669 προαίρεσιν

255 2666 608 2758 αἰτιώμενος.
655 2673 866 2746 Ὥσπερ
911 2678 1019 2750 γὰρ
1050 2681 1107 2730 αί
1138 2683 1360 2751 νεφέλαι
1392 2685 1448 2737 αί
1495 2666 1714 2758 ἄνυδροι
1746 2728 1760 2752 ,
1797 2690 1854 2741 αἱ

258 2756 368 2850 ore?)
397 2759 617 2850 όινέμων
650 2763 1048 2835 ἐλαυνόμεναι,
1080 2773 1174 2824 καὶ
1207 2774 1274 2826 τὰ
1300 2775 1529 2846 ἄκαρπα
1569 2756 1784 2850 δένδρα,
1819 2766 1855 2834 θλ

255 2845 460 2912 δισσῶς
503 2851 603 2921 ἔφη
647 2854 1022 2926 ἀποθανόντα,
1060 2864 1121 2915 οὑ
1167 2845 1707 2938 τιμωρηθγήιτονταιοῑ
1739 2871 1852 2924 ἀλλ’

256 2940 381 2992 οὐδὲ
416 2941 529 3010 (78)
557 2943 625 2996 τὰ
659 2945 880 3014 κύματα
913 2950 1010 3013 τὰς
1045 2953 1257 3007 ἑαυτῶν
1292 2957 1701 3027 ἁπαφρίςουσιν
1731 2963 1853 3014 αἰσ-

259 3030 434 3100 χύνας
456 3073 471 3093 ,
521 3034 691 3102 ἄλογα
725 3037 858 3091 ὄντα
893 3044 989 3095 καὶ
1025 3044 1332 3114 αἰσθήσεως
1383 3048 1590 3119 ἄμοιρα
1617 3067 1630 3080 ⁸
1680 3051 1853 3116 οὕτως

258 3123 356 3174 καὶ
395 3124 455 3174 ποί
511 3123 793 3196 λεγόμενοι
839 3132 1068 3202 ἀστέρες
1106 3135 1379 3207 πλανῆται
1434 3140 1493 3192 οὐ
1551 3140 1641 3192 τὸν
1691 3141 1855 3211 ζόφον

265 3212 366 3282 κλη
380 3217 718 3285 ρονομοῦσιν,
742 3219 856 3273 ἀλλ’
877 3225 923 3274 οἱ
949 3224 1251 3294 ἄνθρωποι.
1277 3230 1326 3280 ol
1357 3229 1500 3281 κατὰ
1534 3233 1856 3302 προαίρεσιν

261 3303 672 3375 ἁμαρτάνοντες
695 3327 709 3341 ·
753 3314 884 3382 περὶ
921 3306 998 3367 ὧν
1039 3317 1132 3370 καὶ
1166 3317 1236 3371 τὰ
1273 3319 1650 3391 ὑποδείγματα
1678 3323 1856 3376 ταῦτα

262 3394 475 3487 ἐλήφθη
503 3441 517 3464 ,
547 3400 621 3464 ὡς
655 3400 794 3457 εἶναι
829 3406 1072 3461 τοιοῦτον
1103 3411 1162 3463 τὸ
1195 3411 1486 3483 λεγόμενον
1515 3430 1528 3444 °
1567 3417 1616 3467 οί
1644 3415 1856 3487 ἄνθρω-

266 3506 358 3542 ποι
389 3486 534 3544 οὗτοι
555 3533 570 3556 ,
614 3496 743 3565 περὶ
780 3489 857 3550 ὧν
885 3501 913 3552 ὁ
959 3500 1115 3569 λόγος
1142 3543 1156 3566 ,
1195 3502 1386 3576 ὥσπερ
1417 3506 1689 3577 πλανῆταί
1719 3510 1857 3561 εἰσιν

263 3581 517 3654 ἀστέρες,
542 3586 641 3655 τῆς
664 3588 880 3653 εὐθείας
908 3591 1325 3664 ἐκτρεπόμενοι,
1351 3600 1447 3651 καὶ
1478 3599 1576 3669 τὴν
1603 3601 1856 3653 ἐναντίαν

1879 1015 1927 1066 Α

2310 1022 2832 1080 LVlll.—JOANNI
2874 1021 3194 1078 DIACONO.

1957 1139 2044 1194 Ex
2074 1138 2316 1204 Epistula
2342 1137 2523 1190 Judrv.
2551 1137 2692 1201 Quid
2725 1137 2790 1189 sit
2834 1135 2993 1198 illud,
3039 1152 3054 1184 ι
3080 1132 3272 1187 Sidera
3293 1132 3554 1204 errantia,

2025 1212 2212 1279 quibus
2272 1210 2442 1278 caligo
2489 1213 2824 1262 tenebrarum
2877 1217 3087 1259 servata
3159 1213 3235 1256 est
3291 1203 3347 1254 in
3401 1212 3558 1256 teter-

1949 1321 1956 1326 .
2029 1279 2250 1336 num“.
2295 1297 2312 1330 ι

2017 1407 2306 1480 Siquidem
2338 1417 2392 1462 tu
2448 1408 2599 1462 solus
2633 1406 2698 1460 ad
2734 1421 2820 1460 me
2859 1405 3202 1472 scripsisses,
3233 1401 3551 1458 sciscitatus

1957 1513 2200 1563 causam,
2230 1511 2401 1567 quare
2423 1497 2625 1550 dictum
2661 1496 2776 1549 sit:
2816 1513 2834 1544 ι
2881 1491 3074 1546 Sidera
3122 1491 3385 1555 errantia,
3426 1489 3552 1558 qui-

1956 1591 2056 1644 bus
2087 1589 2322 1658 procella
2345 1587 2696 1642 tenebrarum
2737 1593 2954 1639 servata
2985 1591 3068 1635 est
3103 1582 3154 1634 in
3187 1590 3492 1644 aeternum;
3531 1597 3548 1628 ι

1957 1679 2208 1735 fortassis
2263 1681 2336 1734 ita
2395 1693 2479 1733 me
2509 1676 2936 1747 expedivissem,
2969 1686 3029 1728 ut
3057 1672 3290 1728 inscitiae
3344 1670 3557 1726 rudita-

1959 1773 2135 1839 lisque
2171 1781 2220 1826 te
2253 1770 2593 1835 damnarent,
2618 1776 2672 1821 et
2701 1766 2944 1820 breviter
2983 1764 3080 1818 tibi
3119 1763 3550 1833 respondissem,

1953 1864 2118 1937 55.2
2191 1863 2520 1926 hominibus,
2565 1875 2672 1916 non
2736 1859 3009 1915 sideribus
3069 1859 3176 1912 ista
3234 1857 3552 1912 convenire.

1957 1955 2156 2011 Verum
2188 1957 2313 2026 quia
2342 1955 2594 2020 multi,et
2623 1953 2698 2009 illi
2729 1953 2949 2022 quidem
2981 1966 3048 2006 ex
3079 1965 3268 2004 eorum
3296 1962 3554 2014 numero,

1956 2048 2046 2117 qui
2085 2063 2182 2117 pro
2215 2046 2557 2115 sapientibus
2605 2045 2894 2104 habentur,
2925 2038 3172 2095 discendi
3200 2039 3378 2094 studio
3411 2037 3554 2092 idem

1954 2151 2018 2190 ex
2064 2151 2148 2190 me
2181 2135 2579 2205 quasiverunt,
2605 2144 2661 2187 et
2689 2140 2975 2202 postquam
3011 2129 3181 2184 multa
3211 2136 3548 2199 satcgerant,

1955 2226 2174 2281 tandem
2235 2240 2369 2281 vero
2427 2239 2588 2280 sensu
2625 2236 2882 2295 percepto
2930 2223 3177 2277 divinum
3203 2237 3326 2276 eum
3361 2220 3557 2289 prtedi-

1889 2349 1929 2402 Β
1957 2327 2186 2386 carunt;
2219 2319 2473 2388 equidem
2514 2317 2660 2371 nullo
2699 2318 2862 2373 modo
2914 2325 2966 2370 te
3021 2313 3423 2400 condemnabo,
3459 2312 3556 2368 sed

1959 2411 2136 2481 potius
2169 2413 2272 2465 hoc
2308 2411 2515 2464 dictum
2565 2408 2782 2478 planius
2840 2408 2936 2462 tibi
2988 2397 3342 2476 interpretari
3391 2418 3556 2459 cona-

1958 2507 2074 2560 bor.
2104 2504 2206 2558 Aio
2235 2503 2439 2573 igitur:
2478 2501 2552 2556 De
2608 2500 2924 2556 hominibus
2975 2500 3312 2570 huiusmodi,
3344 2498 3438 2568 qui
3467 2512 3556 2551 ve-

1958 2597 2101 2651 niam
2145 2596 2472 2651 excedentia
2527 2594 2726 2650 delicta
2757 2594 3135 2671 committunt,
3183 2591 3439 2660 scriptori
3474 2590 3556 2644 illi

1957 2703 2267 2745 sermonem
2307 2687 2477 2742 fuisse
2530 2688 2878 2755 institutum;
2911 2702 3015 2741 non
3052 2685 3122 2741 de
3170 2684 3466 2747 sideribus,
3502 2687 3558 2736 et

1955 2782 2214 2846 nubibus,
2249 2789 2303 2834 et
2356 2781 2609 2835 ﬂuctibus
2671 2791 2837 2848 atque
2884 2779 3196 2842 arboribus,
3223 2774 3420 2844 quibus
3455 2786 3556 2840 pro

1957 2872 2221 2940 exemplis
2251 2886 2379 2926 usus
2408 2878 2515 2934 est,
2550 2870 2960 2939 reprehendens
2995 2877 3052 2924 et
3080 2882 3346 2922 accusans
3378 2866 3556 2920 homi-

1959 2977 2075 3026 nes,
2104 2965 2247 3032 quod
2305 2977 2367 3016 ca
2412 2977 2533 3030 quae
2583 2961 2689 3015 illis
2746 2976 2842 3031 per
2891 2970 3148 3014 naturam
3195 2960 3402 3023 insunt,
3451 2958 3556 3026 ipsi

1959 3054 2130 3108 libero
2159 3055 2327 3108 animi
2379 3055 2664 3124 proposito
2693 3053 2746 3107 in
2789 3066 2850 3108 se
2893 3052 3208 3106 admittant.
3246 3048 3383 3104 Nam
3413 3051 3559 3104 sicut

1959 3149 2134 3200 nubes
2190 3161 2329 3214 aqua
2386 3145 2682 3210 destitutae,
2717 3159 2838 3214 quae
2867 3159 2897 3196 a
2941 3142 3119 3196 ventis
3174 3141 3477 3210 agitantur,
3503 3147 3560 3195 et

1960 3237 2174 3292 steriles
2209 3237 2456 3300 arbores,
2483 3252 2622 3306 quas
2654 3235 2952 3305 dupliciter
3003 3234 3080 3287 ait
3116 3242 3382 3300 mortuas,
3412 3232 3562 3286 nullo

1961 3327 2264 3382 afﬁcientur
2292 3329 2578 3396 supplicio,
2621 3329 2713 3382 sed
2747 3341 2922 3396 neque
2951 3324 3146 3380 ﬂuctus
3181 3339 3312 3380 suas
3344 3324 3546 3394 despu-

1962 3427 2112 3471 tnant
2171 3417 2539 3481 confusiones,
2570 3418 2768 3487 quippe
2827 3418 2918 3487 qui
2965 3417 3196 3472 rationis
3247 3433 3311 3471 ac
3361 3432 3560 3472 sensus

1962 3520 2212 3579 expertes
2238 3511 2348 3564 sint
2374 3529 2386 3565 :
2415 3511 2486 3564 ita
2522 3511 2689 3573 etiam
2710 3510 2888 3564 sidera
2922 3525 3042 3579 qua:
3075 3509 3331 3563 dicuntur
3363 3525 3558 3564 erran-

1964 3600 2036 3653 tia
2097 3614 2203 3653 non
2265 3599 2572 3669 percipiunt
2627 3598 2939 3667 caliginem,
2991 3598 3086 3650 sed
3157 3597 3429 3661 homines,
3465 3596 3559 3664 qui

263 3673 404 3742 αὐτῇ
439 3673 548 3743 (.79)
584 3677 703 3729 ὁδὸν
735 3677 1076 3748 βαδίζοντες·
1105 3685 1184 3737 διὸ
1210 3687 1390 3750 αὐτοῖς
1425 3691 1452 3742 ὁ
1493 3690 1654 3758 ζόφος
1682 3691 1846 3761 τετή-

1967 3690 2137 3746 libera
2169 3691 2469 3745 voluntatis
2523 3690 2791 3744 electione
2844 3689 2925 3742 usi
2962 3698 3189 3759 peccant
3219 3707 3231 3742 :
3261 3691 3327 3743 de
3360 3687 3561 3757 quibus

267 3780 432 3833 ρηται
458 3805 470 3828 ,
502 3769 626 3837 οὐχὶ
663 3775 776 3835 τοῖς
808 3774 1109 3842 ἀστράσιν,
1142 3779 1276 3832 ἀλλὰ
1309 3783 1421 3845 τοῖς
1451 3783 1731 3853 ἀνδράσιν.
1777 3786 1852 3839 Οὐ

264 3854 376 3927 γὰρ
411 3859 538 3928 περὶ
568 3861 806 3930 ἄστρων,
837 3863 871 3935 ἢ
917 3868 1154 3934 νεφελῶν
1179 3913 1193 3934 ,
1230 3870 1262 3940 ἢ
1297 3875 1562 3942 κυμάτων
1584 3869 1653 3944 ἦν
1679 3875 1852 3946 αὐτῷ,

264 3947 339 4010 ῶς
381 3949 553 4019 ἔφθην
583 3953 774 4017 εἰπὼν,
809 3959 838 4009 ὁ
876 3957 1066 4025 λόγος,
1116 3961 1250 4014 ἀλλὰ
1281 3965 1410 4032 περί
1439 3965 1745 4035 ἀνθρώπων
1776 3971 1857 4031 είς

268 4038 587 4108 Θηριωδίαν,
621 4046 715 4096 καὶ⁸
751 4046 1060 4114 ἀσέλγειαν,
1091 4051 1185 4103 καὶ
1215 4051 1533 4115 ἀλαζονείαν
1567 4058 1855 4110 ἐκπεπτωο

268 4131 465 4195 κότων,
500 4134 596 4186 καὶ
621 4135 708 4188 διὰ
737 4137 836 4206 τῆς
869 4142 1159 4206 συνουσίας
1186 4145 1280 4196 καὶ
1307 4147 1432 4208 τοὺς
1457 4146 1856 4216 πλησιάζοντας

268 4218 703 4290 λυμαινομένων.
743 4225 864 4278 ’Ότι
893 4227 948 4280 δὲ
973 4229 1146 4283 ταῦτα
1177 4231 1349 4295 οὕτως
1380 4234 1492 4303 ἔχει
1518 4273 1531 4295 ,
1559 4238 1857 4304 γυμνάσω-

271 4327 393 4380 μεν,
437 4315 487 4364 εἰ
523 4313 691 4379 δοκεῖ,
725 4316 816 4369 τὸν
847 4317 1026 4387 λόγον.
1058 4322 1118 4374 Οἱ
1151 4324 1249 4392 μὲν
1279 4320 1373 4377 οὗν
1397 4315 1526 4396 περὶ
1552 4327 1726 4380 ταῦτα
1748 4329 1857 4380 δει-

263 4400 370 4464 νοὶ,
399 4399 524 4453 οὔτε
559 4403 772 4470 εἰκότα,
807 4406 932 4460 οὔτε
966 4410 1169 4464 πιθανὰ
1191 4417 1303 4477 τοῖς
1335 4415 1546 4480 πολλοῖς
1581 4418 1851 4487 λέγουσιν.

274 4496 352 4567 Τῇ
380 4492 486 4564 γὰρ
519 4497 781 4569 ἐναργείᾳ
825 4501 918 4553 καὶ
959 4502 1047 4557 διὰ
1077 4505 1184 4558 τῶν
1215 4506 1392 4576 ὄψεων
1426 4513 1706 4583 μαρτυρίᾳ
1751 4515 1854 4584 μά-

269 4604 477 4656 χονται.
527 4590 763 4660 Λέγουσι
797 4594 840 4647 δ’
874 4592 968 4648 οὖν
1001 4599 1170 4668 ὅμως,
1224 4602 1306 4655 ὅτι
1341 4605 1390 4656 oi
1440 4605 1711 4676 πλανῆται
1763 4608 1854 4662 τὸν

272 4679 373 4748 μὲν
407 4681 608 4736 οἰκεῖον
637 4684 839 4756 δρόμον
883 4689 1120 4759 ἔχουσιν,
1156 4694 1264 4747 ἀπὸ
1293 4696 1516 4766 δυσμῶν
1549 4700 1628 4762 είς
1655 4701 1853 4753 ἀνατοο

267 4770 366 4833 λάς
386 4786 399 4801 ·
436 4775 532 4825 καὶ
563 4775 755 4829 τοῦτον
791 4779 1108 4848 ἐπείγονται
1129 4784 1315 4839 ἀνύειν
1336 4803 1349 4819 ·
1383 4787 1488 4840 ὑπὸ
1520 4788 1577 4841 δὲ
1614 4790 1717 4861 τῆς
1747 4791 1856 4846 τῶν

266 4861 526 4918 ἀπλανῶν
568 4866 819 4932 ἐναντίας
859 4873 1262 4946 καὶ,όξυτέρας
1308 4879 1581 4949 κινήσεως
1628 4880 1858 4935 ἐκνικώ-

271 4969 423 5022 μενοι
459 4955 538 5018 είς
569 4955 720 5010 δύσιν
760 4961 1038 5031 φέρονται.
1084 4968 1192 5019 Καὶ
1225 4967 1587 5038 ὑποδείγματι
1619 4970 1850 5040 τοιούτῳ

1961 3784 2128 3837 etiam
2195 3782 2443 3850 exempla
2502 3781 2592 3835 illa
2646 3790 2962 3846 sumuntur,
2990 3791 3048 3834 ut
3116 3780 3225 3834 tale
3273 3781 3558 3848 quidpiam

1961 3874 2178 3928 dicatur
2217 3893 2230 3929 :
2267 3873 2529 3928 llomines
2571 3872 2682 3937 isti,
2711 3873 2776 3926 de.
2831 3873 3034 3941 quibus
3089 3886 3272 3926 sermo
3298 3881 3405 3933 est,
3430 3879 3560 3925 sunt

1960 3966 2113 4033 quasi
2149 3965 2393 4018 errantia
2429 3965 2675 4032 quaedam
2727 3964 2929 4026 sidera,
2957 3978 2987 4016 a
3034 3973 3179 4017 recta
3236 3965 3320 4018 via
3351 3963 3556 4027 aversi,

1959 4063 2015 4108 et
2044 4054 2375 4106 contrariam
2409 4052 2484 4105 illi
2544 4051 2686 4105 viam
2720 4052 2993 4120 ingressi;
3034 4052 3390 4120 quamobrem
3423 4053 3558 4121 ipsis

1959 4143 2195 4215 procella
2254 4152 2525 4208 servatur,
2574 4158 2680 4197 non
2730 4143 3026 4208 sideribus,
3063 4146 3156 4197 sed
3218 4145 3553 4200 hominibus.

1962 4235 2076 4290 Non
2141 4237 2307 4301 enim,
2347 4245 2405 4290 ut
2456 4237 2642 4291 dicere
2694 4250 2990 4303 coeperam,
3023 4237 3090 4290 de
3139 4237 3411 4291 sideribus
3463 4248 3558 4290 aut

1960 4328 2199 4382 nubibus
2230 4339 2322 4380 aut
2346 4326 2600 4382 [luctibus
2638 4327 2806 4381 verba
2844 4326 3102 4392 faciebat,
3135 4327 3230 4380 sed
3269 4327 3337 4379 de
3379 4325 3558 4379 bomi-

1961 4419 2120 4473 nibus
2144 4420 2195 4474 in
2226 4421 2516 4488 quamdam
2555 4418 2826 4474 feritatem
2861 4427 2917 4474 et
2948 4418 3215 4472 luxuriam
3240 4426 3296 4472 et
3340 4418 3558 4486 jactan-

1963 4512 2092 4565 tiam
2125 4512 2416 4581 prolapsis,
2442 4512 2642 4580 quique
2666 4527 2763 4565 sua
2793 4513 3188 4565 consuetudine
3210 4511 3377 4563 etiam
3414 4508 3552 4563 alios

1961 4619 2143 4658 secum
2208 4614 2494 4658 versantes
2544 4613 2926 4672 corrumpunt.
2977 4601 3104 4657 Haec
3153 4613 3333 4656 autem
3369 4603 3442 4654 ita
3487 4615 3549 4655 se

1961 4694 2165 4752 habere
2192 4706 2251 4749 ut
2270 4697 2732 4757 demonstremus,
2763 4707 2882 4762 age,
2910 4693 2955 4747 si
2976 4691 3213 4757 videtur,
3246 4706 3554 4746 sermonem

1959 4799 2336 4843 exerceamus.
2392 4785 2494 4851 Qui
2559 4785 2726 4853 igitur
2789 4783 2981 4837 barum
3027 4799 3210 4837 rerum
3265 4783 3554 4838 scientiam

1961 4878 2370 4949 proﬁtentur,ii
2408 4891 2583 4946 neque
2632 4875 2954 4930 verisimilia
3012 4889 3190 4942 neque
3247 4873 3554 4941 probabilia

1938 4970 2122 5039 'vulgo
2162 4967 2454 5022 afﬁrmant.
2502 4966 2754 5037 Pugnant
2802 4965 2948 5020 enim
3005 4979 3130 5018 cum
3179 4965 3560 5028 evidentia,et

269 5045 531 5138 χρῶνται.
567 5047 782 5119 Ὠσπερ
823 5054 1022 5138 τροχοῦ
1051 5056 1218 5121 ὀξέως
1246 5059 1558 5130 φερομένου
1579 5103 1593 5124 ν
1628 5060 1853 5133 μύρμηξ

1963 5060 2113 5114 visus
2144 5058 2457 5115 testimonio
2497 5059 2882 5112 adversantur.
2910 5053 3304 5109 Verumtamen
3357 5055 3556 5111 aiunt:

269 5135 369 5207 τὴν
406 5138 657 5195 ἐναντίαν
687 5143 838 5216 αὑτῷ
864 5135 1081 5227 κίνησιν
1116 5153 1460 5222 πορευομένη
1491 5153 1644 5206 οὐδὲν
1669 5154 1856 5211 10606.-

337 5312 380 5344 “
415 5311 537 5369 Jud.
584 5317 671 5372 l5.

1965 5151 2218 5210 Planetas
2278 5154 2565 5222 proprium
2617 5150 2840 5220 quidem
2905 5162 3129 5204 cursum
3186 5148 3457 5213 obtinere,
3488 5149 3568 5210 ab,

1326 5461 1556 5518 VARUE
1593 5462 1976 5519 LECTIONES
2017 5462 2103 5517 ET
2144 5462 2378 5518 NOTIE.

349 5607 461 5685 (78)
494 5606 640 5685 Idem
673 5610 819 5677 cod.,
851 5612 964 5665 ἀλλ’
996 5615 1079 5668 οὐ.
1123 5614 1274 5670 Vers.
1316 5629 1434 5685 post
1482 5619 1516 5671 5
1557 5629 1681 5674 ante
1708 5621 1847 5674 κατ-1

274 5681 477 5731 omittit
505 5682 574 5731 οἱ.
608 5680 818 5734 Possm.

345 5747 594 5829 (79)'I’ro
636 5750 772 5829 αυ-τῇ
811 5751 973 5829 ideur
1001 5755 1146 5829 cod.,
1178 5756 1370 5826 ἀρετῇ.
1394 5756 1568 5829 ⁸γεγε.
1603 5774 1718 5828 seq.
1751 5775 1850 5828 pro

275 5816 397 5888 auxi.
429 5821 543 5887 τοῖς
589 5816 779 5875 scribit
818 5821 916 5889 οὐχ
946 5822 1020 5885 ὡς
1059 5816 1226 5893 ἀστρί
1257 5816 1357 5880 ctc'.
1394 5826 1551 5883 Vers.
1598 5830 1617 5881 l
1668 5816 1846 5886 libIE.

1959 5635 2058 5690 pro
2095 5619 2282 5689 ῶσπερ
2333 5618 2531 5690 scribit
2554 5619 2658 5682 δτι,
2709 5627 2762 5690 et
2804 5632 2930 5672 mox
2970 5631 3071 5686 pro
3109 5619 3421 5689 φερομένου
3460 5622 3571 5676 ha.c

1960 5687 2052 5744 bet
2096 5687 2448 5759 κινουμένου.
2489 5687 2646 5759 Vers.
2691 5689 2765 5759 72.
2824 5704 2922 5757 pro
2977 5687 3324 5759 πορευομένη
3393 5691 3570 5748 habet:

1961 5758 2350 5828 πορευόμενος.
2392 5759 2546 5814 Vers.
2594 5758 2626 5811 6
2675 5758 2906 5828 ἐλεγχος·
2941 5766 3114 5829 mntat
3163 5759 3225 5829 Διιι
3267 5758 3552 5829 ἐλέγχειν.

1963 5826 2180 5885 Eodem
2203 5845 2342 5884 vers.
2380 5841 2500 5899 post
2533 5830 2661 5881 ποτέ
2697 5826 2979 5899 μὲει“ιιι1ι1ἱι
3011 5826 3230 5893 αὐτούς.
3266 5826 3484 5886 Passus.
