4164 6456
250 430 390 497 1117

1159 428 1706 491 EPISTULARUM
1747 431 1897 491 LIB.
1939 430 2037 490 IV.
2083 456 2153 465 —
2191 431 2438 492 EPIST.
2481 431 2603 492 LX.

3433 429 3572 494 1118

245 547 377 616 γίας
411 545 546 616 (93).
582 544 722 614 Φησὶ
743 541 874 614 γὰρ,
930 561 950 596 ι
994 541 1478 617 Πεπληρωμένους
1517 543 1698 614 πάσης
1743 543 1855 596 ἀδι-

1965 545 2308 604 liberaberis.
2339 545 2430 598 Ait
2464 545 2649 608 enim,
2691 563 2709 596 ι
2738 543 2998 612 Repletos
3042 543 3191 597 omni
3226 543 3514 612 injnslitia.
3546 564 3568 598 ι

246 640 394 702 κίας.
433 656 453 690 ι
493 636 733 699 Γενικῶς
765 635 875 707 γὰρ
923 635 1199 705 ὀνομάσας
1247 637 1429 688 πᾶσαν
1476 635 1576 706 τὴν
1611 635 1848 697 κακίαν,

244 734 344 785 καὶ
377 732 496 782 κατ’
523 727 664 791 εἶδος
695 731 752 782 ἐν
781 732 896 792 τοῖς
922 729 1047 797 ἑξῆς
1079 725 1441 798 διεξέρχεται.
1477 729 1541 782 ΕΞ
1574 727 1759 780 τοίνυν
1789 729 1857 780 οὗ

246 823 782 895 πληρωθησομένους
802 863 817 886 ,
861 821 997 874 ἀλλᾶ
1025 821 1497 892 πεπληρωμένους
1526 821 1812 892 παρέδωκε
1831 859 1846 886 ,

243 919 299 970 τί
337 918 536 972 ἄτοπον
573 915 660 986 εἴη
705 912 1059 984 πεποιηκώς;
1098 915 1158 966 Εἰ
1197 913 1242 966 δ’
1276 913 1486 982 ἀσαφὲς
1518 911 1657 966 εἶναι
1696 914 1852 983 νομί-

245 1009 398 1074 ζεις,
433 1009 607 1062 καίτοι
637 1009 805 1076 σαφὲς
837 1005 896 1059 ὃν
918 1048 934 1072 ,
971 1007 1307 1077 σαφέστερον
1341 1007 1472 1059 αὐτὸ
1506 1005 1850 1077 ἑρμηνεῦσαι

249 1104 607 1175 πειράσομαι.
645 1103 758 1155 Οὐκ
782 1097 956 1163 εἶπεν,
996 1099 1219 1171 Ἐπειδὴ
1252 1098 1658 1170 παρεδόθησαν,
1685 1091 1855 1172 ἐπλη-

248 1196 530 1267 ρώθησαν,
572 1194 695 1247 οὔτε
733 1194 861 1263 μὴν,
907 1193 1296 1266 Παρεδόθησαν
1330 1188 1847 1263 πληρωθησόμενοι,

246 1289 421 1350 ἀλλὰ,
476 1308 494 1340 ι
567 1286 1046 1356 Πεπληρωμένους
1096 1285 1385 1356 παρέδωκε
1423 1302 1436 1316 ⁸
1486 1305 1504 1337 ι
1564 1287 1851 1338 τουτέστιν

243 1380 453 1446 ἀφῆκε,
487 1376 790 1448 γυμνώσας
816 1378 918 1447 τῆς
945 1374 1143 1429 ἐαυτοῦ
1173 1373 1427 1444 βοηθείας
1447 1387 1460 1402 ⁸
1483 1374 1558 1436 ὡς
1593 1372 1660 1426 ἂν
1687 1391 1854 1444 στρα-

243 1469 416 1540 τηγὸς
465 1471 538 1541 μὴ
580 1469 938 1538 πειθομένους
987 1466 1330 1538 στρατιώτας
1371 1469 1484 1529 τοῖς
1530 1467 1851 1536 παραγγέλ-

248 1578 420 1632 μασιν
459 1560 627 1614 αὑτοῦ
648 1602 663 1624 ,
709 1561 848 1615 ἀλλὰ
881 1560 940 1614 τό
969 1576 1034 1626 γε
1066 1559 1262 1613 αὐτῶνι
1285 1559 1449 1627 μέρος
1477 1557 1814 1629 ἡττηθέντας
1835 1598 1849 1622 ,

245 1653 447 1724 ἀφίησι
473 1694 487 1719 ,
526 1652 753 1725 γυμνῶν
787 1653 900 1722 (94)
934 1651 1034 1722 τῆς
1074 1649 1275 1705 ἐαυτοῦ
1308 1650 1520 1718 σοφίας.
1566 1650 1708 1713 Τοὺς
1743 1649 1853 1720 γὰρ

242 1747 462 1802 οῖκοθεν
510 1723 979 1816 πεπληρωμένους
1011 1744 1195 1811 πάσης
1240 1743 1472 1806 κακίας,
1507 1742 1738 1804 εἰκότως
1775 1741 1853 1810 τῷ

244 1838 647 1909 ἐγκαταλεῖψαι
679 1838 1023 1907 παρέδωκεν,
1056 1837 1158 1890 οὐκ
1189 1836 1411 1906 ὼθήσας
1434 1837 1513 1900 είς
1545 1835 1636 1888 τὸν
1669 1836 1852 1891 ἀδόκι-

249 1948 355 2001 μον
383 1930 510 1985 νοῦν
530 1970 545 1994 ,
578 1929 695 1983 ἀλλ’
719 1929 1074 2000 ὁρμήσαντας
1098 1930 1178 1991 εἰς
1199 1928 1363 1980 αὐτὸν
1391 1926 1571 1994 ἀφείς.

1954 641 2090 690 Nam
2125 649 2478 707 posteaquam
2518 637 2855 708 generaliter
2901 651 3120 690 omnem
3164 636 3572 704 improbitatem

1957 731 2276 796 nominavit,
2310 732 2562 784 eamdem
2595 733 2760 785 etiam
2796 732 2848 782 in
2889 731 3071 797 specie
3105 741 3354 784 recenset
3386 731 3438 783 in
3479 744 3572 785 se-

1955 823 2267 891 quentibus.
2311 821 2365 876 Si
2398 838 2529 891 ergo
2572 839 2678 875 non
2724 823 3033 889 replendus,
3060 826 3153 875 sed
3183 822 3291 890 jam
3324 824 3566 890 repletos

1959 915 2181 969 trmlidit
2217 957 2230 976 ,
2283 916 2410 984 quid
2451 916 2673 968 absurdi
2735 916 2930 968 fecisse
2984 915 3386 968 existinmndus
3446 914 3577 983 est?

1957 1007 2109 1073 Quod
2143 1009 2187 1060 si
2224 1007 2324 1060 hoc
2349 1008 2643 1060 obscurum
2678 1022 2800 1060 esse
2845 1017 3025 1073 putas,
3061 1009 3312 1072 quamvis
3343 1006 3409 1058 sit
3444 1021 3574 1072 per-

1955 1100 2229 1166 spicuum,
2263 1099 2478 1166 planius
2503 1100 2668 1149 etiam
2700 1114 2763 1151 ac
2806 1098 3148 1150 iii:iiiifesliiis
3187 1097 3327 1150 idem
3369 1098 3462 1150 tibi
3491 1097 3575 1150 in-

1959 1191 2250 1255 terpretari
2281 1191 2541 1242 conabor.
2590 1188 2708 1243 Non
2766 1190 2942 1244 dixit:
2996 1189 3266 1255 Quoniam
3316 1191 3394 1244 vel
3427 1200 3574 1260 post-

1956 1298 2121 1350 qn-nn
2173 1283 2357 1335 traditi
2411 1293 2575 1342 sunt,
2619 1283 2806 1350 repleti
2859 1293 3027 1349 sunt;
3083 1283 3177 1337 sed
3213 1298 3392 1349 neque
3425 1285 3570 1337 line:

1956 1374 2164 1427 Traditi
2225 1385 2354 1428 sunt
2417 1377 2656 1437 replendi
2694 1415 2708 1434 .
2764 1377 2845 1428 vel
2900 1386 2958 1427 ut
3018 1375 3399 1442 replerentur;
3437 1375 3570 1429 sed:

1962 1484 1981 1518 ι
2009 1464 2269 1531 Replctos
2303 1466 2554 1527 tradidit,
2589 1486 2606 1516 ι
2653 1465 2758 1518 hoc
2793 1477 2876 1518 est
2907 1465 3136 1528 dimisit,
3181 1466 3421 1536 reliquit,
3469 1481 3574 1519 nit-

1955 1558 2112 1610 datos
2144 1573 2243 1609 suo
2277 1559 2481 1610 auxilio
2516 1569 2566 1610 et
2599 1559 2877 1622 praesidio.
2925 1557 3040 1611 Non
3091 1558 3251 1610 aliter
3278 1575 3439 1632 quam
3475 1559 3570 1612 im-

1956 1660 2180 1718 perator
2215 1648 2419 1716 aliquis
2458 1650 2684 1713 milites,
2723 1649 2816 1718 qui
2864 1650 3136 1702 mandatis
3173 1648 3342 1716 ipsius
3373 1663 3572 1716 parere

1957 1742 2296 1805 detrectant,
2335 1743 2430 1794 sed
2464 1754 2732 1811 quantum
2776 1741 2830 1794 in
2873 1756 2932 1796 se
2973 1753 3060 1794 est
3101 1744 3303 1804 victos,
3345 1742 3576 1798 dimittit

1958 1848 2020 1886 ac
2069 1831 2363 1902 relinquit,
2404 1849 2499 1886 sua
2541 1833 2812 1900 sapientia
2858 1835 3198 1903 cnnsilioqne
3250 1834 3570 1889 di-Stitutos.

1884 1902 1924 1956 Β
1959 1925 2061 1979 Eos
2094 1942 2249 1995 ergo,
2295 1928 2386 1996 qui
2414 1942 2441 1979 a
2473 1928 2670 1994 seipsis
2698 1927 2891 1994 repleti
2925 1938 3090 1980 erant
3113 1902 3272 1980 omni
3314 1926 3577 1997 improbi-

248 2035 386 2089 tate,
417 2040 523 2079 non
561 2024 837 2078 immerito
875 2025 1177 2078 deserendo
1217 2021 1462 2088 tradidit,
1506 2038 1616 2077 non
1661 2022 1947 2092 impellens
2013 2024 2064 2078 in
2098 2023 2388 2094 reprobuin
2422 2039 2670 2088 sensum,
2705 2022 2798 2079 sed
2849 2023 2901 2077 in
2969 2037 3092 2077 eum
3161 2024 3358 2093 cupide
3413 2037 3577 2077 ruen-

248 2131 335 2177 tes
379 2130 433 2177 et
465 2136 588 2176 cum
619 2119 846 2190 impetu,
885 2119 1222 2186 relinquens.

598 2233 674 2290 ε’.
709 2263 780 2276 -
813 2233 1152 2306 ΘΕΟΛΟΙἸῼ
1187 2235 1506 2306 ΔΙΛΚΟΝῼ.

238 2329 350 2395 Εἰς
378 2327 444 2380 τὸ
478 2325 817 2395 εἰρημένον
865 2345 884 2378 ι
937 2329 1020 2380 Οὐ
1063 2329 1252 2396 μόνον
1291 2328 1445 2382 αὐτὰ
1477 2328 1779 2383 ποιοῦσιν.
1831 2348 1850 2381 ι

333 2440 555 2510 Ἐπειδὴ
589 2441 751 2494 πάλιν
779 2441 1178 2506 ἁποστολικοὺς
1207 2443 1518 2513 Θησαυροὺς
1547 2445 1854 2515 ἀνιχνεύειν

245 2535 400 2607 ἡμᾶς
434 2534 860 2602 παρεσκεύασας
915 2533 1074 2603 (ἔφης
1107 2533 1214 2604 γὰρ
1242 2550 1254 2563 ο
1304 2535 1368 2587 Τί
1415 2537 1531 2588 ἐστι
1571 2536 1652 2588 τόο
1707 2557 1724 2589 ι
1774 2538 1849 2590 Οὐ

249 2628 416 2698 μόνον
465 2625 608 2678 αὑτᾶ
654 2625 938 2690 ποιοῦσιν,
987 2625 1123 2678 ἀλλὰ
1158 2625 1252 2677 καὶ
1296 2627 1682 2681 συνευδοκοῦσι
1739 2631 1854 2692 τοῖς

247 2719 589 2792 πράττουσι,
626 2738 645 2771 ι
686 2719 780 2771 καὶ
804 2719 1089 2787 ἐπήγαγες
1110 2735 1123 2749 ·
1152 2719 1214 2771 Ei
1241 2719 1334 2771 τοῦ
1369 2723 1544 2772 ποιεῖν
1573 2721 1632 2773 τὸ
1661 2737 1855 2773 συνευ-

245 2812 426 2865 δοκεῖν
467 2809 853 2881 χαλεπώτερόν
897 2812 1050 2874 ἐστι,
1087 2810 1155 2862 δι’
1196 2809 1263 2880 ἢν
1309 2811 1491 2862 αἰτίαν
1521 2810 1694 2874 οὕτως
1724 2811 1856 2864 αὐτὸ

247 2902 442 2968 ἔταξεν
462 2905 489 2954 ὁ
515 2902 725 2965 Παῦλος
747 2902 810 2970 ;)·
830 2900 1010 2969 ὀλίγον
1030 2900 1354 2970 συναγαγὼν
1374 2901 1572 2954 σαυτοῦ
1600 2903 1688 2956 τὸν
1706 2903 1852 2968 νοῦν,

250 2993 395 3048 ὥστε
454 2992 757 3063 θηρεῦσαιι
785 2991 1059 3060 φεύγοντα
1119 2992 1212 3045 τὸν
1269 2993 1629 3046 ἅποστολικὸν
1693 2994 1852 3058 νοῦν,

250 3089 440 3144 ἄκουε.
489 3086 649 3150 Τινὲς
702 3086 801 3155 μὲν
831 3080 926 3137 οῦν
970 3083 1046 3155 μὴ
1091 3085 1387 3156 νοήσαντες
1420 3086 1482 3137 τὸ
1520 3087 1814 3156 εἰρημένον
1840 3127 1855 3150 ,

250 3177 369 3235 ἀλλ’
402 3179 591 3249 ὥσπερ
627 3179 692 3232 σὺ
720 3177 1162 3249 διαπορήσαντες
1183 3218 1197 3242 ,
1231 3180 1327 3232 καὶ
1363 3180 1853 3272 παραπεπριῆσθαι

250 3275 354 3339 τὰς
385 3275 560 3341 λέξεις
597 3274 697 3336 τὰς
745 3270 1117 3334 ἀποστολικὰς
1147 3271 1496 3340 νομίσαντες,
1540 3269 1718 3333 οὕτως
1763 3272 1860 3324 αὑ-

251 3369 350 3434 τὰς
373 3371 727 3440 ήρμήνευσαν
746 3382 760 3394 ·
797 3385 814 3417 ι
846 3366 919 3418 Οὐ
949 3367 1112 3436 μόνον
1146 3366 1195 3417 oi
1223 3363 1508 3427 ποιοῦντες
1536 3364 1697 3429 αὐτὰ,
1721 3363 1859 3420 ἀλλὰ

255 3461 350 3516 καὶ
380 3463 428 3514 οἱ
461 3456 912 3521 συνευδοκοῦντες
949 3460 1063 3520 τοῖς
1096 3456 1454 3528 πράττουσιν.
1497 3475 1514 3507 ν
1553 3454 1712 3508 Οῦτω
1750 3455 1858 3526 γὰρ

254 3550 422 3626 εἶχεν,
448 3552 680 3622 ἔφασαν,
719 3551 781 3604 τὸ
811 3550 1045 3604 παλαιὸν
1084 3550 1447 3620 ἀντίγραφον,
1483 3549 1571 3601 ἵνα
1603 3549 1789 3619 μεῖζον
1824 3545 1856 3623 ᾖ

253 3646 314 3701 τὸ
355 3649 528 3699 ποιεῖν
572 3644 682 3713 (95)
713 3642 807 3696 τοῦ
847 3643 1213 3697 συνευδοκεῖν.
1264 3642 1407 3709 Ἐγὼ
1436 3641 1480 3693 δ’
1521 3641 1634 3694 οὗθ’
1674 3643 1860 3712 ἡμαρ-

255 3716 454 3808 τῆσθαι
487 3739 544 3790 ἐν
578 3737 756 3805 τούτῳ
790 3726 969 3804 ἑρήσας
1006 3735 1074 3787 τὰ
1108 3733 1445 3787 ἁποστολικὰ
1481 3732 1662 3803 βιϐλία
1685 3775 1699 3798 ,
1732 3731 1858 3785 οὗτε

255 3829 625 3903 καταδραμὼν
663 3828 770 3882 τῶν
810 3828 884 3898 μὴ
934 3828 1270 3897 νενοηκότων
1313 3827 1478 3898 (ἴσως
1529 3826 1638 3896 γὰρ
1675 3827 1723 3878 εί
1764 3828 1860 3880 καὶ

255 3923 314 3974 ἐν
335 3919 509 3988 τούτῳ
541 3918 1017 3985 πλεονεκτοῦνται,
1044 3920 1100 3969 ἐν
1122 3917 1302 3980 ἄλλοις
1326 3917 1734 3982 πλεονεκτοῦσι,
1766 3919 1860 3970 καί

255 4028 376 4065 τινα
404 4011 654 4080 ἐνόησαν,
681 4003 756 4062 ὧν
789 4009 950 4072 αὐτὸς
971 4010 1080 4062 οὐδ’
1105 4013 1183 4072 εἰς
1207 4009 1415 4062 ἔννοιαν
1441 4010 1775 4080 ἀφικόμην),
1798 4010 1859 4063 τὸ

255 4102 582 4172 νενοημένον
638 4101 886 4172 φράσας,
938 4103 1054 4164 τοῖς
1115 4101 1524 4171 ἐντευξομένοις
1580 4101 1861 4172 ἐπιτρέψω

255 4197 354 4268 τὴν
403 4197 604 4266 ψῆφον.
649 4197 799 4266 Φημὶ
847 4196 1062 4261 τοίνυν,
1114 4196 1232 4260 ὅτι,
1291 4183 1482 4267 ἐπειδὴ
1530 4196 1625 4249 τοῦ
1670 4197 1858 4267 πλημ-

258 4291 444 4362 μελεῖν
506 4290 567 4343 τὸ
632 4292 878 4344 ἐπαινεῖν
948 4292 1078 4354 τοὺς
1151 4290 1614 4362 πλημμελοῦντας
1679 4291 1861 4363 πολλῷ

254 4383 675 4456 ἀργαλεώτερόν
707 4386 844 4448 ἐστι,
885 4385 978 4437 καὶ
1025 4385 1208 4454 μεῖζον
1249 4388 1327 4449 εἰς
1367 4385 1644 4447 κολάσεως
1675 4386 1858 4454 λόγον,

2265 2235 2378 2291 LX.
2419 2267 2489 2278 —-
2518 2233 2922 2290 TIIEOLOGIO
2955 2232 3298 2290 DIACONO..

1961 2329 2030 2385 In
2053 2331 2108 2384 id
2140 2335 2278 2401 quod
2296 2332 2497 2384 dictum
2517 2342 2592 2384 est
2623 2345 2642 2383 .'
2669 2327 2826 2383 ιΝυη
2847 2329 3020 2382 solum
3043 2346 3103 2381 ea
3124 2327 3327 2398 faciunt
3343 2325 3445 2392 ⁸⁸,ι
3463 2334 3574 2384 etc.

2033 2445 2302 2513 Quoniam
2339 2447 2534 2498 iterum
2571 2445 2900 2513 apostolicos
2935 2444 3230 2496 thesauros
3258 2451 3313 2492 nt
3350 2441 3578 2494 investi-

1963 2554 2154 2608 gemus
2181 2579 2196 2604 ,
2234 2537 2460 2591 ell‘ecisti
2495 2537 2839 2606 (qua-sivisti
2901 2537 3047 2591 enim
3075 2575 3092 2602 ,
3145 2535 3273 2603 quid
3306 2534 3407 2588 εἰιιί
3450 2533 3578 2589 velit

1963 2632 2092 2686 illud
2119 2650 2130 2684 :
2166 2629 2313 2684 «Non
2345 2631 2521 2684 solum
2553 2649 2613 2684 ea
2644 2630 2850 2684 faciunt
2873 2675 2886 2692 ,
2913 2633 3008 2684 sed
3033 2633 3196 2685 etiam
3227 2629 3578 2681 consentiunt

1965 2721 2334 2787 facientibus;
2363 2741 2380 2774 ›
2431 2732 2484 2776 et
2522 2723 2790 2777 intulisti:
2832 2723 2888 2776 Si
2921 2723 3233 2775 consentire
3272 2721 3493 2790 gravius
3521 2727 3577 2773 et

1968 2816 2143 2883 majus
2177 2815 2435 2882 quiddam
2479 2823 2564 2868 est
2609 2832 2769 2878 quam
2821 2813 3033 2880 facere,
3064 2829 3235 2882 quare
3267 2812 3464 2866 Paulus
3497 2811 3578 2866 sic

1965 2908 2130 2958 verba
2176 2907 2583 2972 eullocarit?):
2641 2907 2918 2976 paulisper
2973 2907 3027 2959 in
3083 2906 3312 2959 cnllerto
3370 2906 3578 2957 habens

1966 3006 2202 3050 mentem
2261 3005 2452 3062 tuam,
2505 3008 2563 3051 ut
2601 2997 2898 3067 fugientem
2935 2998 3293 3067 apostolicam
3337 3007 3578 3050 mentem

1970 3092 2160 3145 venari
2195 3103 2358 3160 atque
2389 3091 2608 3159 assequi
2643 3093 2845 3160 possis,
2886 3092 3158 3145 ausCuIta.
3189 3085 3435 3144 Fuerunt
3475 3091 3574 3156 igi-

1966 3195 2054 3238 tur
2114 3184 2246 3253 qni,
2302 3185 2448 3253 quod
2503 3201 2608 3237 non
2660 3184 3033 3252 intelligerent
3065 3185 3168 3238 line
3198 3185 3404 3236 dictum
3434 3223 3447 3244 ,
3482 3185 3578 3236 sed

1964 3280 2193 3350 perinde
2224 3288 2282 3332 nt
2319 3289 2373 3332 tu
2408 3281 2474 3332 de
2505 3293 2572 3332 eo
2605 3278 2944 3343 dubitarent,
2981 3277 3149 3350 446
3183 3287 3238 3333 et
3279 3278 3579 3346 depravata

1963 3387 2086 3426 esse
2117 3373 2283 3426 verba
2315 3361 2616 3437 apostolica
2645 3371 3055 3435 existimarent,
3091 3373 3170 3424 sic
3209 3386 3270 3424 ea
3306 3372 3578 3438 interpre-

1967 3467 2062 3518 tati
2089 3475 2214 3519 sunt
2242 3483 2257 3519 :
2306 3484 2320 3516 ι
2346 3463 2464 3517 Νοιι
2503 3465 2680 3518 solum
2711 3463 2980 3518 facientes
3013 3480 3100 3526 ea,
3130 3465 3224 3517 sed
3250 3463 3416 3516 etiam
3445 3477 3578 3516 con-

1965 3560 2269 3614 sentientes
2289 3557 2674 3612 facientibus.»
2714 3558 2805 3612 Sic
2836 3557 3306 3621 enim,dixernnt,
3343 3557 3581 3609 lianeliat

1967 3661 2123 3705 vetus
2150 3650 2468 3718 exemplar:
2505 3649 2606 3704 ιυι
2631 3651 2704 3704 ita
2729 3650 2906 3718 majus
2935 3650 3006 3702 sit
3038 3648 3222 3703 facere
3253 3665 3415 3717 quam
3444 3663 3580 3702 con-

1966 3743 2227 3797 sentire.)
2263 3743 2330 3796 At
2363 3758 2464 3807 ego
2487 3757 2667 3810 neque
2700 3741 2934 3794 dixerim
2972 3742 3024 3795 in
3049 3757 3114 3794 eo
3143 3754 3434 3809 corruptos
3456 3757 3581 3799 esse

1965 3833 2136 3886 lihros
2167 3833 2522 3901 apostolicos,
2561 3848 2738 3901 neque
2779 3833 2886 3886 illis
2930 3833 3022 3901 qui
3061 3835 3239 3886 locum
3275 3848 3383 3885 non
3416 3834 3578 3887 intel-

1969 3925 2241 3989 lexerunt,
2275 3925 2656 3979 insnltaveriui
2691 3925 2967 3995 (fortaSsis
2996 3927 3162 3990 enim,
3190 3927 3442 3993 quamvis
3478 3928 3581 3982 hac

1968 4016 2020 4069 in
2058 4030 2115 4068 re
2147 4026 2476 4082 superentur
2513 4031 2543 4068 ιι
2581 4031 2688 4080 me,
2725 4016 2776 4068 in
2811 4017 2935 4069 aliis
2966 4026 3266 4078 tainen_,me
3291 4019 3450 4086 longe
3482 4034 3578 4072 su-

1966 4116 2180 4177 perant,
2215 4116 2269 4160 et
2295 4107 2478 4176 aliqua
2515 4107 2946 4170 intellexerunt,
2986 4124 3220 4178 quorum
3261 4126 3360 4177 ego
3389 4112 3580 4179 cogni-

1969 4202 2168 4255 tionem
2206 4216 2312 4254 non
2355 4216 2473 4254 sum
2521 4199 2888 4273 assecutus):
2951 4203 3046 4256 sed
3100 4219 3380 4272 “ponens
3435 4205 3581 4274 quod

1965 4309 2064 4364 ego
2095 4295 2368 4363 intelligo,
2421 4293 2649 4348 lecturis
2681 4297 2993 4362 permittam
3029 4293 3257 4348 liberum
3284 4294 3578 4360 judicium.

1965 4388 2066 4440 Aio
2098 4387 2301 4456 igitur:
2337 4387 2476 4452 Quia
2519 4387 2679 4456 longe
2712 4387 2933 4456 gravius
2959 4427 2974 4454 ,
3007 4396 3094 4452 et,
3129 4388 3270 4456 quod
3301 4390 3367 4442 ad
3403 4403 3582 4458 poenas

254 4478 480 4539 εἰκότως
503 4477 721 4546 εἴρηται
747 4494 759 4508 ο
789 4493 807 4526 ι
839 4477 914 4529 Οὐ
951 4477 1111 4547 μόνον
1129 4476 1270 4530 αὐτὰ
1300 4477 1566 4540 ποιοῦσιν,
1598 4476 1736 4531 ἀλλὰ
1767 4481 1855 4530 καὶ

1968 4481 2238 4534 rationem
2268 4482 2487 4546 attinet,
2512 4483 2687 4551 majus
2713 4492 2820 4546 est,
2848 4481 3075 4534 laudare
3097 4491 3389 4550 peetautes
3413 4497 3580 4549 quam

255 4566 641 4622 συνευδοκοῦσι
676 4569 789 4630 τοῖς
829 4570 1181 4638 πράττουσιν,
1223 4586 1241 4619 ›
1264 4568 1321 4620 '0
1358 4568 1457 4638 μὲν
1491 4569 1601 4639 γὰρ
1639 4568 1778 4639 μετὰ
1802 4570 1862 4622 τὸ

255 4658 602 4729 πλημμελεῖν
631 4659 1064 4728 καταγινώσκων
1093 4661 1190 4729 τῆς
1215 4660 1492 4730 ἁμαρτίας
1513 4701 1528 4725 ,
1565 4662 1859 4731 δυνήσεται

253 4751 436 4824 χρόνῳ
465 4753 659 4806 ἑαυτόν
684 4770 813 4805 ποτε
837 4753 1274 4824 ἀνακτήσασθαι,
1309 4754 1578 4825 μεγίστην
1604 4754 1859 4825 βοήθειαν

255 4846 399 4915 ἔχων
429 4847 510 4908 εἰς
556 4845 615 4898 τὸ
649 4847 995 4915 μεταγνῶναι
1028 4846 1125 4916 τὴν
1167 4849 1515 4916 κατάγνωσιν
1547 4848 1645 4917 τῆς
1680 4850 1861 4918 ἀμαρ-

255 4939 376 5001 τίας
403 4955 414 4968 ’
444 4939 472 4991 ὁ
503 4939 548 4992 δ’
593 4940 834 4994 ἐπαινῶν
859 4941 955 5012 τὴν
989 4942 1256 5013 πονηρίαν
1279 4985 1292 5009 ,
1324 4944 1421 5013 τῆς
1453 4943 1518 4995 ἐκ
1551 4941 1646 4995 τοῦ
1695 4961 1862 5012 μετα-

255 5031 452 5102 νοῆσαι
501 5031 750 5103 βοηθείας
804 5035 999 5088 ἐαυτὸν
1041 5036 1359 5107 ἀποστερεῖ.
1413 5037 1636 5108 Ἐπειδὴ
1684 5037 1862 5090 τοίνυν

329 5191 375 5222 ²⁹
413 5189 570 5242 Rom.
602 5189 752 5246 1.29.
833 5191 878 5222 ³ο
912 5190 1042 5245 ibid.
1065 5190 1153 5245 3‘2.

1973 4575 2154 4645 ipsum
2192 4591 2444 4645 peccare,
2500 4590 2606 4629 non
2668 4575 2946 4629 immerito
2980 4575 3185 4629 dictum
3221 4584 3342 4629 est:
3405 4593 3420 4625 ι
3459 4574 3578 4628 Non

1972 4668 2145 4723 Solum
2173 4670 2266 4737 qui
2297 4684 2359 4722 ea
2398 4668 2628 4731 faciunt,
2661 4669 2755 4722 sed
2797 4669 2965 4722 etiam
3003 4667 3093 4737 qui
3126 4667 3479 4720 consentiunt
3502 4665 3581 4720 fa-

1973 4763 2264 4818 cientibus.
2301 4781 2318 4813 ι
2375 4761 2512 4816 Nam
2546 4761 2637 4815 ille
2672 4762 2889 4831 quidem
2917 4803 2931 4826 ,
2991 4761 3082 4830 qui
3119 4769 3234 4828 post
3279 4762 3579 4813 admissum

1973 4865 2253 4923 peceatum
2288 4853 2338 4905 id
2377 4852 2726 4917 condemnat,
2760 4852 2961 4921 poterit
2991 4852 3211 4904 tandem
3249 4852 3585 4918 procedente

1976 4955 2221 5009 tempore
2252 4945 2491 5014 seipsum
2529 4959 2853 5014 recuperare
2889 4953 3053 5011 atque
3084 4944 3132 4997 in
3166 4943 3440 5011 inlegrutll
3492 4954 3582 4994 re-

1972 5039 2221 5102 stituere,
2249 5039 2448 5107 quippe
2471 5038 2563 5107 qui
2591 5039 2887 5091 maximum
2915 5037 2982 5090 ad
3012 5036 3392 5105 paenitentiam
3424 5050 3584 5104 agen-

1377 5304 1616 5360 νΑιιιᾸε
1660 5305 2047 5361 LECTIONES
2084 5305 2173 5360 ET
2216 5305 2448 5361 NOTAE.

337 5459 450 5530 (93)
475 5462 654 5513 Aurea
691 5461 1156 5524 interpretationis
1189 5463 1397 5529 regula,
1429 5472 1488 5516 ut
1514 5462 1566 5515 in
1604 5479 1855 5527 unoquo-

263 5545 370 5598 qne
403 5531 520 5583 loro
549 5533 781 5584 01)8Clll‘0
817 5541 871 5582 et
911 5541 1269 5585 controverso
1307 5538 1370 5584 ad
1403 5549 1462 5585 ea
1499 5534 1853 5589 attendamus

265 5616 389 5667 qua:
412 5601 724 5673 pragcetlunt
748 5611 1144 5673 etseqnuntur.
1171 5603 1378 5673 Είρμδν
1411 5603 1510 5672 τῆς
1535 5604 1856 5668 ἁκολουΟίας

265 5682 426 5742 vorat
463 5669 716 5724 Clemens
759 5671 1183 5726 Alexandrinus.
1216 5669 1375 5738 Quid,
1409 5669 1551 5741 quod
1573 5677 1853 5742 jnriscon-

265 5739 391 5792 salti
420 5754 635 5806 quoque
694 5742 909 5793 incivile
957 5758 1076 5795 esse
1112 5745 1302 5810 aiunt,
1339 5739 1443 5797 non
1477 5739 1587 5796 tota
1625 5747 1738 5809 lege
1771 5748 1853 5798 in-

266 5816 578 5885 specta,_ile
613 5814 874 5885 particula
897 5811 1015 5880 ejus
1042 5813 1338 5880 judicare?
1368 5816 1525 5871 Conf.
1547 5818 1706 5885 epist.
1730 5817 1855 5880 ‘2l9,

270 5878 427 5950 huius
455 5882 575 5937 libri
615 5895 684 5932 iv.
723 5883 882 5935 ltn'r.

2039 5466 2150 5532 (94)
2178 5463 2309 5517 le.
2352 5463 2496 5527 Val.,
2536 5464 2799 5532 γυμνούς.

2039 5539 2150 5607 (95)
2191 5537 2333 5588 ΙιΙριιι
2361 5536 2488 5607 cod;
2514 5548 2635 5602 post
2666 5537 2724 5587 τὸ
2747 5537 2920 5607 ποιεῖν
2954 5534 3103 5607 addit
3135 5534 3229 5586 καὶ
3251 5532 3502 5607 ἔλαττον,
3526 5545 3579 5586 et

1970 5604 2089 5660 mox
2124 5622 2361 5672 sequens
2397 5604 2491 5657 τοῦ
2530 5616 2698 5659 mutat
2742 5609 2791 5657 in
2839 5606 2920 5658 τό.
2960 5605 3017 5656 In
3056 5608 3158 5656 line
3193 5621 3280 5671 rp.
3323 5621 3418 5672 pro
3455 5606 3580 5666 illis,

1957 5677 2319 5744 καῖέκατέρα
2354 5678 2620 5746 κρατήσει
2672 5676 2874 5744 ψῆφος,
2913 5678 3023 5728 huic
3068 5678 3220 5743 ponit
3257 5675 3396 5746 idem
3430 5677 3577 5746 cod.,

1958 5751 1990 5819 ή
2024 5742 2288 5816 ἐκατέρου
2347 5742 2547 5819 ψῆφος,
2609 5742 2701 5800 τοῦ
2740 5742 3038 5809 ποιοῦντος,
3071 5742 3164 5798 καὶ
3196 5743 3290 5799 τοῦ
3334 5742 3587 5803 συνευδοι

1965 5818 2190 5880 κοῦντος
2217 5818 2563 5886 κρατήσειεν.
