4164 6470
626 396 763 466 1119
1783 402 1845 464 S.
1889 400 2182 462 ISIDORI
2224 395 2663 459 PELUSIOTE
3761 377 3920 446 lim

623 513 751 566 dam
778 511 1150 582 adjumentum
1187 512 1384 570 habeat
1410 509 1920 569 condemnationem
1960 522 2013 566 et
2053 513 2200 564 dete-
2235 525 2267 577 Α

2267 508 2711 579 ιδιεφθαρμένης
2757 503 2876 558 ἐστὶ
2927 497 3176 573 γνώμης,
3219 497 3313 554 καὶ
3335 493 3538 594 ’ψυχῆς
3583 491 3911 594 aula-cavo:

626 604 912 658 Stationem
937 605 1172 672 peccati:
1203 618 1256 659 at
1276 607 1364 673 qui
1383 605 1546 660 etiam
1567 605 1744 658 laudm
1778 604 2208 673 improbitatem,

2316 599 2514 669 σούσης
2543 599 2681 670 αῦτη
2723 600 2754 668 ἡ
2784 597 2984 667 ψῆφος,
3016 593 3245 694 εἰκότως
3269 589 3365 643 τοῦ
3391 582 3842 694 πλημιμελσῦντῗς
3879 581 3917 636 ὅ

627 694 675 746 is
699 695 918 760 auxilio,
947 698 1087 764 quod
1115 713 1178 750 ex
1212 699 1522 766 paenitentia
1550 697 1648 764 ipsi
1677 699 1958 766 provenire
1977 700 2206 761 poterat,

2313 693 2412 763 τὴν
2450 667 2724 760 ἁμαρτίαν
2746 667 3019 750 ἐπαινῶν,
3059 683 3238 753 πολλῷ
3268 677 3732 787 παρανομιίἒεριῖς
3760 667 3917 787 ius

627 796 687 836 se
716 785 887 848 ipsum
923 787 1116 852 privat.
1173 787 1348 852 Quare
1389 803 1508 839 cum
1556 802 1823 854 perversae
1870 794 2030 850 atque
2077 797 2206 836 cor-

2313 782 2586 852 κέκριται.
2631 783 2689 834 Ὀ
2725 780 2822 851 μὲν
2856 777 2963 848 γὰρ
2991 777 3092 846 τὴν
3131 773 3431 843 ταχίστην,
3469 770 3497 821 6
3615 766 3728 822 οὐδ’
3765 764 3921 871 ὅλαις

631 886 800 942 rupta!
851 879 919 930 sit
953 881 1144 931 tuentis
1179 881 1275 930 hoc
1314 880 1576 947 judicium
1607 921 1620 943 ,
1653 889 1707 931 et
1735 878 1927 930 auium:
1962 886 2206 927 extreme

2311 874 2669 945 ἀποφοιτήσει
2695 873 2788 941 τῆς
2823 868 3095 940 ἁμαρτίας
3117 907 3134 933 ν
3163 867 3276 934 εῖγε
3306 864 3400 917 καὶ
3427 860 3664 932 ἑκατέρα
3691 860 3918 930 κρατή·

632 966 913 1021 ineat-abili
949 975 1132 1024 morbo
1165 970 1492 1034 laborantis,
1546 972 1665 1038 jure
1707 985 1770 1022 ac
1803 967 1998 1021 merito
2033 967 2077 1018 is
2111 966 2202 1034 qui
2313 982 2393 1017 σει
2420 966 2626 1035 ψῆφος.

629 1075 696 1131 pe
731 1071 907 1112 calum
957 1060 1172 1126 laudat,
1230 1073 1492 1129 peccante
1532 1063 1647 1127 ipso
1688 1060 1846 1128 longe
1902 1057 2198 1126 improbior
2236 1071 2358 1110 esse
2382 1055 2656 1123 judicatus
2686 1064 2792 1109 est.
2826 1053 2976 1107 Alter
3039 1050 3184 1106 enim
3207 1046 3531 1110 celerrime;
3594 1042 3731 1098 alter
3778 1053 3922 1097 vero

633 1166 903 1216 nunquam
940 1151 1160 1203 omnino
1187 1169 1212 1201 a
1254 1163 1475 1218 pet-cato
1511 1152 1764 1219 refugiet,
1796 1153 1840 1204 si
1873 1149 2090 1219 quidem
2123 1148 2384 1202 alterutra
2421 1149 2689 1204 obtinebit
2727 1145 3019 1202 sententia.

1113 1265 1342 1320 LXl.—
1373 1266 1709 1322 .HlllO-N'IO.
2807 1260 2929 1315 ΞΑν.
2965 1290 3033 1303 -
3066 1255 3418 1351 ΑΜΜΩΝῐῼτ
3483 1344 3494 1351 _
3772 1341 3784 1351 .
3885 1337 3916 1351 -

628 1359 693 1416 In
720 1359 855 1412 illud
901 1357 1059 1412 Pauli
1093 1360 1330 1412 dictum:
1373 1378 1389 1410 ι
1429 1356 1643 1419 Gloria,
1699 1367 1744 1410 et
1776 1357 1945 1410 honor
1971 1396 1986 1422 ,
2021 1364 2070 1409 et
2097 1369 2205 1426 pax

2311 1357 2415 1422 Είς
2445 1356 2536 1409 τό·
2591 1373 2609 1406 ι
2663 1352 2835 1426 Δᾴεα,
2859 1351 2988 1426 Δρειαί
3028 1349 3189 1426 τιμὴ,
3226 1344 3577 1426 οιαὶΔειρήνη
3610 1341 3791 1397 παντὶ
3831 1341 3923 1406 τῷ

1035 1430 1175 1481 omni
1207 1431 1443 1496 aperanti
1473 1430 1663 1482 bonum
1698 1428 1767 1482 ³¹.
1793 1448 1811 1480 ι
1973 1418 1982 1422 ⁷
2097 1418 2109 1426 ⁷
2389 1418 2404 1422 ⁷

1973 1418 1982 1422 ⁷
2097 1418 2109 1426 ⁷
2389 1418 2404 1422 ⁷
2703 1421 3071 1492 ἐργαζομένῳ
3102 1418 3171 1472 τὸ
3207 1418 3453 1486 ἀγαθόν.
3494 1433 3511 1466 ι

707 1540 844 1606 Quid
893 1554 1067 1594 causae
1115 1551 1234 1604 est,
1293 1541 1511 1609 inquis,
1571 1557 1669 1595 cur
1708 1540 1901 1593 Paulus
1963 1538 2208 1594 dixerit:

2393 1539 2492 1592 Διὰ
2522 1540 2574 1592 τί
2604 1535 2779 1602 εἶπεν,
2814 1536 2970 1607 ἐφης,
3001 1537 3030 1588 6
3067 1532 3301 1595 Παῦλος·
3344 1550 3362 1584 t
3398 1531 3531 1596 Δόξα
3563 1530 3618 1582 δὲ
3648 1529 3740 1582 καὶ
3775 1529 3921 1598 τιμὴ

638 1651 659 1685 ι
687 1629 867 1686 Gloria
914 1643 966 1684 et
1003 1632 1211 1696 honor,
1257 1641 1312 1686 et
1357 1647 1459 1699 pax
1491 1631 1638 1685 Omni
1682 1629 1930 1698 operanti
1988 1631 2212 1693 bomun,

2324 1631 2418 1684 καὶ
2449 1632 2638 1700 εἰρήνη
2682 1629 2847 1682 παντὶ
2873 1626 2950 1698 τῷ
2991 1625 3347 1696 ἐργαζομένῳ
3385 1622 3446 1675 τὸ
3488 1621 3728 1691 ἀγαθὸν,
3779 1619 3923 1673 Ἰου-

631 1720 819 1780 Judaao
855 1723 1106 1790 prinum,
1143 1732 1197 1776 et
1227 1721 1456 1787 Grmco;
1491 1741 1509 1774 ι
1548 1738 1648 1776 nec
1680 1721 1886 1790 uspiam
1921 1719 2214 1774 Christiani

2323 1721 2456 1790 δαίῳ
2485 1720 2544 1772 τὸ
2584 1721 2832 1791 πρῶτον,
2869 1719 2964 1772 καὶ
3011 1717 3268 1786 Ἕλληνι,
3317 1734 3334 1766 ι
3391 1715 3488 1768 xui.
3532 1711 3772 1782 οὐδαμοῦ
3818 1712 3922 1765 τοῦ

632 1815 823 1870 fecerit
848 1815 1216 1868 mentionem?
1243 1814 1396 1868 Scire
1421 1815 1584 1883 igitur
1609 1814 1797 1875 debes.
1833 1815 1897 1868 de
1928 1813 2030 1867 illis
2053 1811 2216 1867 Paulo
2249 1879 2276 1883 _

2323 1811 2652 1883 Χριστιανοῦ
2679 1811 2790 1883 (96)
2822 1809 3259 1881 ἐμνημόνευσενς
3292 1805 3431 1859 Ἰσθι
3454 1804 3651 1864 τοίνυν,
3675 1805 3756 1856 ὅτι
3786 1803 3925 1873 περὶ

634 1920 940 1959 sermonem
980 1904 1145 1957 fuisse
1168 1943 1184 1967 ,
1221 1906 1311 1971 qui
1345 1879 1469 1958 ante
1507 1903 1710 1960 Christi
1745 1905 1798 1958 in
1848 1920 2066 1959 carnem
2122 1905 2216 1958 ad-
2249 1879 2278 1934 Ε

2277 1881 2293 1933 ⁵
2323 1879 2431 1959 τιῦν
2459 1906 2565 1975 πρὸ
2594 1879 2697 1973 τῆς
2713 1879 2981 1975 ἐνσάρκου
3008 1901 3102 1955 τοῦ
3131 1899 3370 1973 Χριστοῦ
3406 1898 3706 1966 παρουσίας
3736 1893 3809 1968 ἦν
3835 1895 3921 1966 τῷ

638 2007 853 2051 ventum
891 1999 1160 2050 vixerunt.
1193 1997 1435 2051 Nondum
1477 1998 1621 2052 enim
1651 1998 1704 2051 iu
1752 2001 1938 2067 gratim
1971 2009 2215 2066 tempora

2325 1986 2522 2066 Παύλῳ
2545 1997 2572 2048 6
2588 1995 2763 2063 λόγος.
2791 1995 3017 2048 Οὐδέπω
3040 1994 3149 2065 γὰρ
3179 1994 3260 2056 είς
3281 1992 3406 2055 τοὺς
3425 1991 3526 2060 τῆς
3547 1990 3772 2059 χάριτος
3794 1989 3925 2059 χρό-

639 2090 847 2142 delatus
882 2099 1021 2143 erat.
1070 2089 1288 2143 Grmcos
1328 2102 1506 2143 autem
1555 2090 1656 2144 hoc
1698 2090 1815 2143 loco
1860 2099 2060 2152 vocat,
2112 2104 2217 2141 non

2324 2104 2449 2150 νους
2493 2087 2606 2154 (97)
2653 2084 3006 2156 ἐνδιατρίϐων
3044 2083 3361 2153 ἐτύγχανεν.
3408 2083 3678 2149 Ἕλληνας
3725 2080 3782 2132 δέ
3827 2083 3923 2132 ἐν-

640 2178 907 2232 idolorum
943 2179 1199 2244 cultores,
1233 2181 1325 2232 sed
1353 2180 1600 2234 homines
1623 2181 1761 2247 pios,
1791 2179 1880 2248 qui
1909 2181 1958 2231 in
1983 2178 2098 2247 lege
2121 2192 2220 2230 na-

2325 2179 2503 2232 ταῦθά
2536 2197 2725 2250 φησιν,
2753 2180 2816 2232 οὐ
2847 2179 2974 2242 τοὺς
3003 2176 3415 2246 εἰδωλολάτρας,
3441 2175 3576 2228 ἀλλὰ
3601 2177 3726 2237 τοὺς
3754 2174 3925 2227 εὗσε-

641 2269 801 2322 turali
831 2271 1102 2334 vivebant,
1130 2271 1219 2338 qui
1258 2271 1462 2339 absque
1488 2269 1840 2323 Judaicarum
1878 2267 2221 2322 adinventio—

2328 2272 2444 2336 ϐεἶς
2463 2313 2476 2336 ,
2514 2274 2641 2336 τοὺς
2669 2275 2726 2325 ἐν
2743 2271 2820 2342 τῷ
2851 2271 3079 2341 ἐμφύτῳ
3104 2268 3561 2338 πολιτευομένους
3592 2268 3766 2338 νόμῳ,
3789 2266 3925 2330 τοὺς

641 2375 768 2415 num
804 2370 856 2413 et
881 2361 1319 2415 Observationum
1365 2377 1652 2430 pravarqu
1699 2361 2067 2423 adminiculo,
2103 2373 2222 2413 om-

2329 2364 2457 2418 ἄνευ
2484 2362 2610 2416 -τῶν
2649 2362 2962 2438 Ἰουδαϊκῶν
2995 2361 3439 2431 παρατηρήσεων
3473 2360 3650 2412 πάντα
3675 2357 3742 2412 τὰ
3782 2357 3927 2428 πρὸς

639 2452 733 2505 nia
785 2467 902 2521 qua:
949 2454 1014 2505 ad
1076 2454 1326 2521 pietatem
1374 2454 1749 2520 pertinerent,
1806 2453 2220 2507 custodiebant:

2329 2454 2612 2509 εὐσέϐειαν
2681 2454 2948 2524 βλέποντα
3005 2453 3573 2524 παραφυλάσσοντας·
3623 2444 3725 2504 οἷοι
3777 2445 3926 2521 ἦσαν

639 2541 830 2611 quales
865 2552 1041 2606 erant,
1078 2543 1556 2606 Melchisedeelms,
1583 2543 1773 2609 Jobus,
1799 2543 2109 2598 Cornelius.

1616 2548 1773 2609 olmS,
1799 2543 2109 2598 Cornelius.
2328 2548 2662 2618 Μελχισεδὲκ
2682 2586 2697 2612 ,
2745 2545 2867 2599 Ἰὼϐ
2887 2586 2902 2610 ,
2935 2546 3259 2618 Κορνήλιος.

942 2653 1101 2709 LXII.
1134 2687 1204 2697 —
1241 2656 1587 2712 EPIMACHO
1620 2657 1935 2712 LECTORI.
2576 2659 2586 2712 ε

2576 2659 2696 2712 ΞΒ.
2745 2688 2814 2700 -
2853 2658 3175 2728 ΕΠΙΜΑΧῼ
3211 2655 3649 2726 ΑΝΑΓΝΩΣΤῌ.

644 2747 710 2802 In
735 2746 865 2801 illud
895 2746 1057 2801 Pauli
1087 2748 1286 2851 dictum
1312 2766 1330 2804 :
1368 2769 1385 2799 ‹
1414 2748 1548 2851 ,δίκε
1576 2751 1691 2851 Lege
1723 2761 1894 2804 autem
1943 2759 2222 2819 peccatum

2196 2764 2222 2801 rt
2398 2752 2503 2818 Εἰς
2535 2753 2624 2806 τό·
2675 2769 2694 2802 ι
2736 2749 2924 2819 Χωρίς
2959 2749 3027 2803 δὲ
3060 2750 3249 2818 νόμον
3282 2747 3540 2819 ἁμαρτία
3571 2745 3776 2815 νεκρά.
3821 2763 3840 2796 ο

1188 2831 1261 2872 εει
1296 2832 1559 2872 mortuum
1576 2831 1642 2874 ".
1670 2840 1690 2872 ι

715 2929 1002 2996 Quoniam,
1035 2945 1142 2999 quo
1173 2942 1330 3007 pacto
1364 2932 1481 2986 sine
1511 2933 1625 2999 lege
1657 2941 1940 3001 peccatum
1980 2932 2052 2986 sit
2082 2946 2227 2987 mor-

2418 2934 2656 3005 Ἐπειδὴ,
2686 2934 2804 2996 πῶς
2827 2933 2998 3005 χωρὶς
3027 2933 3195 3003 νόμου
3227 2932 3260 3003 ὴ
3294 2931 3540 3002 ἁμαρτία
3569 2929 3763 3000 νεκρὰ.
3796 2927 3927 3000 ἠθέ-

646 3033 823 3083 tuum.
856 3025 1064 3077 discere
1093 3024 1307 3076 voluisti
1328 3064 1344 3088 ,
1371 3025 1489 3088 aio,
1527 3024 1750 3079 Paulum
1796 3026 1897 3080 hoc
1928 3026 2109 3080 dicere
2134 3040 2228 3080 vo-

2333 3028 2502 3098 λησας
2537 3025 2750 3097 μαθεῖν,
2779 3042 2850 3094 φη
2861 3027 2922 3093 μὶ
2955 3027 3038 3078 ὅτι
3071 3023 3232 3079 τοῦτο
3253 3022 3504 3093 βούλεται
3525 3024 3702 3074 εἰπεῖν
3724 3022 3752 3073 6
3774 3019 3925 3074 Παῦ-

640 3113 839 3178 luisse,
894 3115 1036 3183 quod
1102 3115 1339 3168 nondmn
1397 3115 1561 3169 fuerit
1623 3117 1992 3171 manifestum.
2040 3115 2228 3186 Neque

2333 3119 2444 3182 λος,
2475 3119 2556 3170 ὅτι
2581 3116 2735 3170 οὔπω
2760 3116 2870 3188 (98)
2903 3112 2974 3186 ἦν
2997 3115 3298 3185 γνώριμος.
3329 3113 3404 3166 Οὐ
3429 3113 3537 3182 γὰρ
3558 3111 3730 3165 ταῦτα
3753 3109 3925 3164 αἰνίτ-

645 3203 789 3258 en‘nu
825 3204 926 3257 hoc
958 3205 1265 3267 signiﬁcat.
1297 3207 1450 3275 quasi
1499 3207 1829 3262 nesciverint
1871 3210 2117 3263 homines
2168 3222 2227 3264 se
2253 3233 2289 3291 ρ

2280 3233 2296 3290 ς
2332 3227 2519 3273 τεται,
2553 3209 2637 3263 ὅτι
2685 3210 2786 3261 οὐκ
2833 3209 3032 3280 ᾔδεσαν
3077 3207 3514 3277 ἁμαρτάνοντες,
3551 3204 3672 3257 ἐπεὶ
3713 3205 3924 3272 ἀλόγως

645 3308 910 3361 peccare:
947 3293 1110 3366 M7
1139 3296 1376 3364 alioquin
1407 3298 1550 3351 enim
1576 3298 1684 3366 ~qui
1714 3308 1839 3352 ante
1869 3299 2040 3369 legent
2075 3301 2226 3354 vixe-

2329 3297 2605 3362 εὑρεθείεν
2639 3298 2995 3360 κολασθέντες
3025 3300 3074 3350 οἱ
3109 3298 3213 3368 πρὸ
3245 3295 3337 3350 τοῦ
3370 3297 3534 3366 νόμου
3561 3314 3574 3326 ·
3605 3298 3654 3349 oi
3688 3297 3788 3366 μὲν
3814 3295 3923 3364 γὰρ

651 3393 780 3435 runt
809 3382 1200 3454 (peccatores)
1244 3386 1448 3456 absque
1492 3391 1701 3442 ratione
1733 3400 1788 3442 et
1829 3388 2025 3456 injuste
2062 3389 2229 3444 fuisse

2332 3389 2528 3452 ὓδατος
2549 3428 2565 3453 ,
2600 3391 2650 3442 οί
2673 3389 2728 3442 δὲ
2765 3388 2936 3459 πυρὸς
2959 3390 3120 3458 ἔργον
3156 3388 3405 3456 ἐγένοντο
3424 3404 3437 3417 ’
3468 3385 3582 3440 ἀλλ’
3608 3386 3688 3439 ὅτι
3722 3386 3922 3456 ᾔδεσαν

648 3475 821 3541 puniti
847 3475 1416 3542 deprehenderentur:
1447 3493 1571 3532 nam
1598 3481 1793 3547 partim
1837 3496 2024 3536 eorum
2057 3497 2222 3551 aqua,

2337 3483 2457 3553 μὲν,
2488 3484 2588 3552 οὐχ
2621 3480 2765 3535 οὕτω
2795 3482 2851 3535 δὲ
2880 3481 3147 3553 ἀκριϐῶς.
3183 3479 3276 3534 Διὸ
3310 3479 3628 3544 ἐκολάζοντο
3658 3479 3780 3549 μὲν,
3822 3477 3922 3549 οὐχ

649 3566 846 3635 partim
879 3567 999 3634 igne
1036 3569 1342 3637 consumpti
1387 3579 1514 3623 sunt
1547 3587 1560 3623 :
1590 3572 1681 3624 sed
1717 3574 1894 3641 potius
1922 3574 2067 3643 quod
2124 3573 2231 3628 sci-

1215 3569 1342 3637 mpti
1387 3579 1514 3623 sunt
1547 3587 1560 3623 :
1590 3572 1681 3624 sed
1717 3574 1894 3641 potius
1922 3574 2067 3643 quod
2124 3573 2231 3628 sci-
2332 3571 2476 3628 οὕτω
2505 3574 2561 3627 δὲ
2592 3573 2859 3645 σφοδρῶς.

648 3657 828 3712 verint
853 3659 1094 3726 quidem,
1117 3675 1222 3713 non
1246 3670 1430 3716 tamen
1460 3662 1530 3717 ita
1558 3664 1843 3732 exquisite.
1867 3666 2230 3730 Quamobrem

651 3750 812 3804 etiam
847 3752 1207 3819 puniebantur
1239 3768 1406 3820 sane;
1450 3767 1504 3807 at.
1537 3770 1642 3809 non
1678 3766 1785 3810 tam
1819 3757 2187 3813 vehementer.

827 3861 1014 3917 LXIII.
1042 3893 1109 3903 —-
1143 3863 1535 3922 lSCHYRIONI
1566 3867 2051 3927 PRESBYTERO.

2563 3872 2678 3925 El".
2720 3899 2791 3911 --
2830 3871 3183 3926 txermNt
3223 3871 3696 3945 ΠΡΕΣΒΥΤΕΡῼ.

652 3956 722 4025 in
753 3972 888 4028 illud
918 3971 1083 4026 Pauli
1108 3977 1352 4054 dictum}
1395 3976 1550 4031 «Non
1577 3981 1997 4054 suttt_c0iidignte
2025 3984 2236 4049 passia-

2336 3983 2443 4048 Εἰς
2496 3983 2583 4036 τό·
2651 4000 2671 4034 ι
2745 3985 2869 4036 Οὐκ
2920 3981 3062 4046 ἄξια
3127 3983 3194 4036 τὰ
3255 3981 3570 4054 παθήματα
3643 3983 3750 4037 τοῦ
3805 3983 3918 4038 νῦν

1096 4061 1184 4097 nes
1223 4044 1384 4113 hujus
1416 4049 1659 4107 temporis
1683 4047 1782 4102 ³³.»
1882 4044 1901 4050 ⁷
2025 4044 2037 4049 ⁷
2417 4044 2433 4048 ⁷

1637 4047 1782 4102 ³³³.»
1882 4044 1901 4050 ⁷
2025 4044 2037 4049 ⁷
2417 4044 2433 4048 ⁷
2977 4044 3217 4121 ⁷καιροῦ.
3263 4072 3281 4106 ι

724 4151 948 4219 Paulus,
975 4155 1212 4223 optimus
1239 4156 1328 4210 ille
1356 4157 1563 4213 militia:
1589 4159 1956 4233 (Christiana)
1983 4164 2111 4229 dux,
2143 4165 2237 4234 qui

2411 4165 2627 4230 Παῦλος
2655 4168 2683 4220 6
2707 4166 2928 4236 ἄριστος
2954 4166 3282 4237 στρατηγὸς,
3313 4165 3342 4217 6
3377 4165 3476 4236 τῆς
3505 4164 3658 4229 Θείας
3691 4183 3919 4238 χειροτοο

656 4247 850 4300 divime
883 4246 1169 4301 electionis
1220 4248 1487 4302 calculum
1552 4266 1659 4305 non
1705 4251 2091 4322 dedecoravit,
2140 4257 2236 4325 qui

2341 4258 2460 4323 νίας
2502 4259 2578 4331 μὴ
2613 4259 2953 4331 καθυϐρίσας
2989 4259 3087 4330 τὴν
3120 4257 3338 4328 ψῆφον.
3379 4259 3408 4309 6
3452 4256 3828 4328 ἁμιλλώμενον
3855 4261 3914 4329 τῇ

655 4339 822 4390 vitam
853 4353 973 4391 cum
1007 4340 1179 4408 gratia
1207 4349 1504 4395 certantem
1528 4342 1799 4408 exhibuit,
1823 4354 1877 4399 et
1894 4347 2097 4414 pariter
2114 4362 2233 4413 eos,

2341 4353 2526 4423 χάριτι
2556 4353 2649 4405 τὸν
2681 4352 2793 4422 βίον
2828 4352 3242 4421 ἐπιδειξάμενος
3263 4392 3277 4416 ,
3308 4351 3400 4406 καὶ
3433 4352 3761 4424 προτρέπων
3787 4350 3915 4421 ὁμοῦ

657 4428 750 4496 qui
801 4443 926 4482 vere
978 4444 1190 4484 sacrum
1224 4431 1327 4486 hoc
1355 4432 1552 4486 bellum
1583 4435 1854 4502 militant,
1910 4438 2231 4494 exhortatus

2340 4445 2469 4507 τοὺς
2508 4444 2597 4496 τὸν
2628 4443 2772 4512 ἱερὸν
2806 4445 2977 4508 ὅντως
3005 4443 3377 4514 πολεμοῦντας
3406 4443 3662 4514 πόλεμον,
3705 4444 3800 4497 καὶ
3825 4445 3918 4497 οὐκ

659 4527 776 4580 est,
817 4533 916 4570 nec
945 4519 1114 4572 altum
1149 4536 1338 4582 sapere
1365 4525 1646 4591 permisit,
1679 4535 1737 4578 ut
1772 4528 1864 4590 qui
1907 4543 2233 4584 coronarum
2269 4537 2303 4591 1]

2272 4537 2310 4591 D
2340 4537 2523 4604 ἀφιεὶς
2566 4537 2708 4607 μέγα
2753 4540 3003 4607 φρονεῖν,
3052 4536 3148 4590 ἅτε
3181 4535 3521 4606 νικωμένους
3562 4538 3628 4607 τῇ
3668 4536 3776 4588 τῶν
3807 4553 3916 4588 στε-

660 4612 1098 4665 remuneratione
1127 4613 1447 4680 vincantur,
1495 4614 1668 4669 instar
1713 4617 2055 4685 imperatoris
2103 4621 2236 4676 vali-

2338 4626 2524 4696 φάνων
2552 4628 2819 4682 ἀντιδόσει
2840 4669 2855 4694 ,
2901 4625 3413 4698 στρατηγικώτερον
3444 4625 3573 4679 ἐϐόα
3594 4642 3606 4655 ⁸
3647 4645 3666 4677 ι
3705 4625 3916 4694 Λογίζο-

661 4699 781 4752 dius
818 4699 1177 4756 exclamavit:
1227 4721 1247 4755 ι
1285 4701 1493 4772 Reputo
1543 4706 1686 4760 enim
1721 4722 1828 4762 non
1878 4724 1998 4766 esse
2047 4711 2238 4782 dignas

2344 4732 2442 4787 μαι
2473 4716 2604 4786 γὰρ,
2636 4718 2717 4769 ὅτι
2755 4718 2856 4770 οὐκ
2880 4718 3006 4783 ἄξια
3044 4721 3113 4769 τὰ
3142 4718 3442 4786 παθήματα
3467 4717 3563 4770 τοῦ
3597 4715 3692 4769 νῦν
3735 4714 3913 4788 καιροῦ

661 4791 978 4846 amictiunes
1003 4793 1157 4859 huius
1195 4796 1450 4863 temporis
1472 4838 1487 4862 ,
1518 4813 1637 4866 qua:
1671 4814 1792 4853 cum
1845 4800 2014 4869 gloria
2057 4803 2107 4856 in
2142 4819 2239 4858 nos

2342 4807 2481 4881 πρὸς
2501 4807 2601 4878 τὴν
2625 4809 2925 4877 μέλλουσαν
2946 4807 3106 4872 δόξαν
3123 4808 3576 4878 ἀποκαλυφθῆναι
3600 4809 3680 4869 είς
3703 4808 3865 4875 ἡμᾶς.
3891 4823 3907 4858 ι

693 4882 946 4935 evelatula
989 4898 1424 4952 comparentur.»
1457 4888 1570 4944 Non
1595 4891 1712 4947 sine
1734 4907 1897 4947 causa
1921 4909 2048 4948 vero
2075 4895 2235 4961 dixit,

2355 4900 2837 4970 Ἀποκαλυφθῆναι
2886 4901 2942 4954 δέ
2985 4897 3108 4954 εἶπε
3139 4901 3356 4964 δεικνὺς
3379 4942 3391 4964 ,
3422 4900 3499 4964 ὡς
3545 4902 3641 4952 καὶ
3674 4897 3772 4952 νῦν
3812 4899 3913 4951 ἐστι

664 4971 973 5039 .cvelanda;
1003 4976 1244 5034 videlicet
1275 4987 1334 5034 ut
1368 4983 1675 5038 ostenderet
1711 4999 1832 5042 esse
1861 4987 2078 5056 quidem
2109 5002 2230 5042 eam

2346 4990 2446 5062 μὲν
2468 5032 2482 5058 ,
2514 4990 2816 5061 κρύπτεται
2861 4990 2953 5060 δέ,
2987 4993 3111 5056 τοὺς
3158 4990 3268 5044 τῶν
3306 4989 3689 5060 τροπαιούχων
3721 4985 3910 5056 ἀναμέ-

743 5149 783 5180 ³¹
804 5148 962 5204 Rom.
998 5167 1057 5220 tt,
1090 5154 1176 5209 10.
1253 5155 1298 5187 ³⁹
1323 5158 1483 5214 ltom.
1511 5173 1611 5226 vu,
1640 5159 1694 5216 8.
1769 5161 1813 5192 ³³
1854 5159 2011 5216 Rom.
2037 5178 2155 5229 Vlll,
2187 5163 2273 5219 18.

1761 5328 1995 5384 VARUS
2032 5331 2419 5388 LECTIONES
2455 5333 2543 5388 ET
2583 5333 2814 5389 NOTAE.

742 5469 986 5555 (9611355)
1018 5479 1327 5546 χριστιανοῦ
1352 5479 1470 5555 cod.
1504 5481 1624 5536 Vat.
1654 5481 1758 5537 650
1784 5484 1962 5547 habet,
1993 5503 2239 5555 χριστια-
2347 5486 2386 5539 γ

1856 5485 1962 5547 bet,
1993 5503 2239 5555 χριστια-
2347 5486 2500 5540 Vers.
2557 5502 2681 5553 pen.
2721 5501 2806 5553 ep.
2846 5501 2940 5554 pro
2967 5489 3022 5542 οἵ
3047 5489 3231 5544 scribit
3264 5484 3388 5542 οἷοι.
3422 5489 3496 5545 In.

671 5542 1078 5629 νισμζῦλνυιέ.
1139 5563 1253 5629 seu.
1309 5551 1414 5619 πρὸ
1467 5562 1634 5629 mutat
1689 5556 1736 5629 in
1789 5542 2058 5629 περί.⁷1⁷ἶ›⁷.

2422 5557 2532 5626 (98)
2559 5542 2668 5610 Ρη)
2696 5542 2857 5611 οῐῦ⁷πω¹
2882 5558 3024 5611 idcut
3056 5542 3178 5614 cod.
3212 5561 3368 5613 habet
3402 5542 3505 5629 ,θεά
3545 5560 3740 5625 οὕτως.
3773 5560 3906 5617 Vcrs.

740 5609 850 5698 £97,
880 5612 1004 5695 Post
1057 5609 1274 5698 χρόνους
1321 5609 1468 5698 addit
1511 5624 1666 5698 bace,
1711 5609 2118 5698 ép0a>;._u,dt).).'
2164 5628 2242 5680 ἔτι
2352 5641 2384 5679 ει

1827 5609 1970 5698 ἡξει,
2008 5626 2118 5679 ἁλλ’
2164 5628 2242 5680 ἔτι
2352 5609 2467 5691 seq.
2509 5609 2622 5692 pag.
2657 5643 2771 5698 pro.
2806 5629 2979 5683 ταῦτα
3019 5630 3144 5698 legit
3185 5629 3359 5683 τοῦτο.
3397 5628 3471 5683 Io.

671 5682 782 5768 ξοξς
825 5682 1317 5768 ἀνωτέρω⁷χρόχοις
1357 5689 1459 5743 ὲνὸ.
1511 5682 1664 5744 γεγε.
1707 5682 1824 5762 pust
1869 5695 1902 5746 Ξ
1950 5682 2043 5764 pro
2088 5699 2243 5751 εὐσε-

2355 5764 2394 5768 __
2424 5682 2534 5764 (⁷99⁷)
2746 5682 2956 5764 Paria,
2988 5682 3236 5753 ὑπδ⁷τοῦ⁷
3262 5682 3470 5768 νόμου.
3507 5700 3660 5755 Cori.
3712 5718 3773 5756 et
3804 5703 3909 5759 cod.

676 5748 790 5813 δεῖς
824 5748 1011 5810 scribit
1041 5748 1328 5823 θεοσεϐεῖς,
1363 5772 1415 5814 ct
1460 5777 1579 5818 mox
1623 5748 1739 5832 post
1768 5766 1895 5827 τοὺς
1930 5748 2014 5819 (itit
2044 5748 2139 5820 itit
2162 5748 2242 5823 ἐξ..

1780 5766 1895 5827 τοὺς
1930 5748 2014 5819 (illi
2044 5748 2139 5820 ttitv
2162 5748 2242 5823 ἐν.
2355 5748 2530 5822 νάιίᾶ
2556 5748 2607 5822 (ἦ
2632 5748 2962 5826 [ὶίιιτιῖέίιυέ.
2994 5748 3241 5826 irrito-list.
