4164 6472
245 427 387 496 1121

1163 427 1709 492 EPISTOLARUM
1746 427 1896 487 LIB.
1942 427 2042 488 IV.
2084 452 2156 464 ·-
2191 427 2435 488 EPIST.
2468 429 2639 490 LXV.

3443 429 3587 494 1122

239 557 422 596 νουσα
454 539 674 604 πόνους.
702 539 764 594 Εἰ
788 539 845 594 δὲ
872 539 933 593 τὸ
966 537 1183 610 μέλλειν
1210 538 1402 601 λυπεῖ,
1432 537 1596 591 τοῦτο
1625 537 1850 608 εὐφραι-

1970 537 2201 606 gloriam
2233 555 2378 592 nunc
2410 553 2647 606 quoque,
2677 530 2771 592 sed
2808 537 3100 605 occultari,
3140 538 3266 593 dum
3299 548 3586 609 exspectet

240 633 394 688 νὲτω
429 632 633 702 μᾶλλον
657 632 785 696 τοὺς
817 630 925 685 τῶν
955 630 1149 685 παθῶν
1174 631 1271 683 καὶ
1310 629 1418 682 τῶν
1447 629 1724 700 δαιμόνων
1757 645 1860 682 κα-

241 722 584 795 θαιροῦντας
613 721 683 776 τὰ
711 720 1068 792 ὀχυρώματα.
1121 721 1195 773 Τὸ
1235 719 1345 791 γάρ
1399 719 1632 790 μεγίστη
1677 714 1856 779 εἶναι,

243 817 349 870 καὶ
380 815 538 884 λόγον
573 815 659 868 καί
700 814 826 868 νοῦν
858 815 952 868 καὶ
974 816 1076 880 τὴν
1112 811 1399 882 παροῦσαν
1427 812 1765 866 κατάστασιν
1796 812 1860 863 ἐκ

241 908 453 961 πολλοῦ
481 907 576 960 τοῦ
607 907 889 978 περίοντος
915 905 1297 977 ὑπερϐαίνειν,
1329 907 1449 958 ἐκεῖ
1469 903 1856 974 τεταμίευται.

239 999 390 1054 Οὗδέ
418 1001 526 1072 γὰρ
569 999 758 1062 ἀπλῶς
789 996 948 1052 εἷπε·
996 1000 1077 1052 Τά
1119 998 1421 1069 παθήματα
1465 998 1560 1051 τοῦ
1594 996 1690 1050 νῦν
1737 1013 1862 1049 και-

246 1093 387 1165 ροῦ·
434 1093 547 1146 ἀλλ’
585 1093 672 1146 ἵνα
716 1093 868 1166 δείξῃ
900 1091 1042 1145 αὐτὰ
1091 1091 1191 1162 οὐχ
1242 1092 1324 1144 ὃτι
1374 1091 1629 1160 ποιότητι
1665 1088 1861 1159 μόνον,

241 1184 391 1238 ἀλλά
436 1185 532 1238 καὶ
571 1186 833 1254 ποσότητι
881 1184 1164 1254 νικώμενα
1196 1184 1284 1257 (τὰ
1319 1183 1420 1254 μὲν
1453 1183 1563 1253 γάρ
1604 1181 1684 1252 τῷ
1718 1197 1864 1252 παρ-

242 1273 366 1330 όντι
409 1276 848 1344 συγκαταλύεται
873 1274 1006 1347 βίῳ·
1052 1275 1123 1329 τά
1171 1275 1227 1328 δὲ
1263 1274 1556 1336 ἀθανάτοις
1591 1289 1857 1344 συμπαρ-

243 1368 558 1423 εκτείνεται
597 1367 812 1436 αἰῶσιν)
837 1385 851 1398 ο
897 1367 1062 1438 άπερ,
1102 1366 1292 1439 ἐπειδὴ
1332 1364 1456 1418 οὔτε
1492 1364 1683 1434 σαφῶς
1731 1363 1861 1417 οὔτε

241 1463 396 1515 κατά
443 1463 609 1531 μέρος
655 1461 1012 1531 παραστῆσαι
1055 1459 1134 1529 τῷ
1182 1459 1328 1530 λόγῳ
1372 1454 1553 1527 εἶχεν,
1595 1456 1708 1544 ἀπξ
1756 1457 1859 1527 τῆς

243 1552 491 1622 μάλιστα
517 1553 783 1624 δοκούσης
820 1547 962 1606 εἶναι
994 1553 1124 1624 παρ’
1159 1553 1294 1620 ἡμῖν
1329 1551 1637 1622 ἐπεράστου
1675 1547 1857 1618 δόξης,

240 1647 391 1701 αὐτά
446 1648 918 1720 προσηγόρευσεν.
992 1646 1057 1701 Ἡ
1113 1647 1224 1719 γάρ
1277 1645 1496 1718 κορυφὴ
1548 1643 1661 1698 τῶν
1720 1643 1854 1715 ἀρε-

236 1738 357 1793 τῶν
389 1740 465 1810 (ι)
500 1739 641 1811 αῦτη
668 1736 808 1794 εἶναι
840 1741 1008 1794 δοκεῖ.

1973 628 2243 680 victorum
2293 642 2356 682 ac
2402 629 2862 697 triumphatorum
2912 629 3145 683 labores.
3184 631 3338 694 Quod
3390 633 3436 685 si
3490 631 3580 687 cui

1973 718 2165 772 dilatio
2199 719 2286 773 illa
2314 719 2540 773 molesta
2574 722 2797 782 accidit,
2822 723 2923 774 hoc
2958 725 3133 787 magis
3162 724 3430 775 exhilarct
3462 738 3586 789 eos,

1970 813 2061 879 qui
2093 811 2446 865 aﬂlictionunt
2497 828 2560 867 uc
2603 814 2906 867 daemonum
2954 816 3358 882 propugnwcula
3392 819 3584 867 demo-

1969 904 2195 958 liunlur.
2228 903 2363 958 Nam
2395 907 2510 960 ltmc
2540 907 2710 974 ipsum
2745 908 2814 960 ob
2843 924 3090 969 causam,
3136 909 3279 975 quod
3305 912 3376 961 sit
3406 912 3584 963 maxi-

1974 1014 2060 1050 tna
2086 997 2195 1068 (illa
2217 998 2439 1067 gloria),
2474 1009 2526 1052 et
2560 1000 2826 1058 rationem
2853 1002 3272 1070 orationemque
3303 1013 3353 1053 ct
3381 999 3585 1054 mentis

1973 1088 2228 1144 humana!
2257 1104 2502 1160 captum,
2531 1102 2585 1145 et
2619 1104 2944 1160 praesentem
2975 1092 3351 1145 conditionem
3387 1094 3586 1162 longis-

1973 1183 2115 1236 simo
2155 1183 2443 1251 intervallo
2473 1187 2848 1248 transcendat,
2884 1186 2934 1236 in
2970 1186 3144 1238 altero
3188 1187 3388 1240 sa‘culo
3423 1201 3585 1254 repo-

1969 1277 2073 1330 sita
2101 1287 2437 1332 asscrvatur.
2465 1277 2653 1346 Neque
2681 1278 2825 1332 enim
2857 1278 3186 1346 simpliciter
3219 1280 3378 1342 dixit,
3400 1299 3420 1330 c
3444 1279 3583 1334 Pas-

1967 1366 2152 1422 siones
2194 1366 2358 1437 hujus
2391 1369 2714 1436 temporis.»
2753 1370 2846 1422 sed
2879 1377 2937 1422 ut
2967 1369 3308 1433 ostenderet,
3349 1367 3435 1420 illa
3473 1385 3585 1423 non

1967 1459 2143 1514 solum
2185 1459 2477 1526 qualitate,
2526 1474 2718 1513 verum
2763 1461 2927 1512 etiam
2974 1459 3281 1527 quantitate
3321 1459 3584 1528 superari

1966 1551 2097 1621 (illa:
2127 1551 2270 1604 enim
2292 1567 2414 1604 cum
2445 1553 2548 1606 hac
2571 1552 2682 1605 vita
2710 1552 3081 1605 terminantur
3105 1592 3120 1616 ,
3159 1553 3262 1606 ista
3295 1567 3421 1606 vero
3450 1569 3578 1607 cmn

1967 1643 2373 1698 immortalibus
2395 1645 2592 1698 durant
2620 1655 2839 1698 extenta
2868 1645 3104 1713 sa-culis)
3130 1662 3142 1698 :
3172 1661 3294 1714 qua:
3320 1646 3580 1714 (proraiam

1966 1750 2146 1805 neque
2170 1736 2461 1805 perspicue
2484 1752 2664 1806 neque
2683 1737 3053 1806 particulatim
3079 1739 3329 1792 oratione
3352 1739 3422 1792 ob
3448 1754 3584 1791 ocu-

239 1830 326 1885 los
360 1846 754 1901 repracsentare
792 1841 1046 1900 poterat,
1083 1838 1505 1902 cognomentum
1549 1828 1657 1885 illis
1702 1828 1852 1884 dedit
1893 1842 1923 1881 a
1953 1827 2148 1896 gloria,
2179 1843 2302 1900 quae
2335 1827 2479 1900 apud
2548 1802 2799 1886 homines
2865 1829 2922 1885 in
2955 1831 3118 1885 rebus
3154 1831 3393 1886 maxime
3413 1846 3590 1905 expe-

239 1924 424 1980 tendis
447 1934 784 1980 numeratur.
808 1923 936 1978 llaec
958 1925 1103 1978 enim
1128 1923 1390 1976 virtutum
1417 1921 1693 1992 fastigium
1719 1934 1845 1976 esse
1885 1919 2121 1975 videtur.

581 2038 697 2096 :~:A'.
732 2067 803 2081 --
837 2039 1148 2110 anesum
1183 2037 1510 2110 ΔΙΑΚΟΝῼ.

314 2149 392 2218 (2)
418 2147 525 2203 Τοῦ
552 2149 689 2203 Θεοῦ
716 2150 894 2218 Λόγου
923 2147 1356 2218 ἐνανθρωπῆσαι
1383 2143 1850 2210 καταξιώσαντος,

236 2241 340 2294 καὶ
383 2241 453 2294 τά
497 2240 647 2310 πάθη
699 2239 771 2292 τὰ
808 2237 1169 2310 ἀνθρώπινα,
1216 2239 1559 2309 κυμαίνοντα
1610 2235 1807 2305 πρώην
1833 2275 1847 2298 ,

236 2335 774 2405 καταστορέσαντος,
806 2334 900 2387 καὶ
926 2333 1029 2404 τὴν
1058 2332 1238 2401 σάρκα
1268 2333 1616 2403 ὁρμητήριον
1645 2329 1852 2401 ἀρετῆς

236 2426 657 2496 ἀποφήναντος,
701 2426 797 2479 καὶ
832 2425 927 2487 τάς
968 2422 1218 2494 πονηρὰς
1254 2422 1546 2491 φάλαγγας
1586 2421 1692 2473 ὑπὸ
1719 2419 1850 2482 τοὺς

239 2517 412 2579 πόδας
445 2517 552 2569 τῶν
585 2516 803 2569 οἰκείων
846 2514 1122 2586 φοιτητῶν
1161 2512 1716 2587 παρασκευάσαντος,
1749 2511 1848 2564 καὶ

238 2611 310 2664 τὰ
339 2606 478 2664 ἆθλα
525 2609 748 2680 μείζονα
793 2609 903 2662 τῶν
945 2605 1196 2664 παλαιῶν
1237 2606 1466 2668 εἰκότως
1521 2603 1844 2673 ὁρίσαντος,

237 2701 310 2756 τά
326 2719 386 2754 τε
405 2701 616 2755 ἔπαθλα
631 2702 862 2772 οὐράνια
883 2701 979 2753 καὶ
1001 2700 1356 2770 ὑπερκόσμια
1383 2696 1808 2768 εὐτρεπίσαντος
1827 2714 1842 2729 ο

237 2797 289 2847 οἰ
322 2795 627 2867 ἡττώμενοι
661 2797 877 2858 ἑαυτοῖς
913 2795 978 2847 ἂν
1010 2789 1122 2846 εἷεν
1152 2793 1357 2846 δίκαιοι
1387 2789 1713 2858 λογίσασθαι
1743 2790 1846 2858 τὴν

237 2882 414 2960 ἧτταν
437 2905 450 2919 ·
486 2889 518 2958 η
545 2888 655 2959 γάρ
684 2887 810 2956 νίκη
837 2885 1025 2939 λοιπὸν
1056 2886 1188 2953 παρ’
1230 2883 1365 2954 ἡμῖν
1397 2877 1537 2933 οὖσα
1557 2919 1572 2944 ,
1602 2875 1702 2932 εἶτ’
1747 2879 1848 2949 οὐχ

240 2981 575 3050 εὑρίσκουσα
622 2981 746 3041 τοὺς
781 2977 990 3040 εἰδότας
1036 2976 1233 3046 νικᾷν,
1279 2975 1338 3028 ἐν
1382 2972 1589 3041 ὀλίγοις
1635 2973 1848 3026 οἰκείαν

237 3071 474 3142 δύναμιν
505 3068 927 3140 ἐπιδεικνυμένη
952 3108 967 3133 ,
999 3069 1112 3130 τοῖς
1147 3065 1222 3137 μὴ
1252 3065 1601 3134 βουλομένοις
1627 3062 1718 3118 διὰ
1743 3060 1845 3114 1:6-

239 3183 352 3218 wov
383 3163 558 3234 αὐτὴν
593 3161 943 3233 κτήσασθαι,
986 3160 1086 3229 τὴν
1116 3157 1298 3211 αἰτίαν
1327 3158 1424 3228 τῆς
1454 3157 1644 3228 ἥττης.

2244 2037 2434 2094 LXIV.
2463 2067 2537 2078 —
2567 2035 2951 2093 TllEODOBO
2985 2037 3316 2096 DIACOND.

2029 2148 2164 2204 Cum
2190 2148 2334 2203 Deus
2362 2149 2599 2204 Verbum
2630 2149 2891 2219 (:cternus
2919 2148 3010 2203 Dei
3041 2148 3233 2220 Filius)
3261 2150 3424 2204 homo
3455 2150 3579 2207 ﬁeri

1957 2241 2214 2311 dignatus
2243 2241 2356 2307 sit,
2389 2251 2445 2296 et
2473 2241 2743 2293 humanos
2771 2237 3002 2293 allectus
3033 2242 3317 2311 animique
3358 2252 3578 2310 pertur-

1957 2329 2232 2392 bationes,
2260 2345 2382 2398 qua:
2412 2330 2563 2398 prius
2592 2329 2857 2383 ﬂuctuum
2885 2330 3058 2384 instar
3091 2333 3269 2384 attolli
3303 2333 3574 2400 solebant,

1956 2422 2166 2476 sedarit
2192 2434 2360 2492 atque
2383 2421 2778 2488 composuerit,
2802 2433 2856 2476 et
2880 2437 3101 2477 carnem
3130 2424 3316 2478 virtuti
3343 2440 3575 2493 pronam

1958 2522 2124 2584 atque
2154 2513 2551 2581 obsequentem
2585 2512 2853 2579 eﬂ‘et-erit,
2881 2524 2935 2570 et
2973 2515 3272 2586 ιιίιςιίειιιευε
3303 2516 3576 2571 malorum

1956 2606 2249 2674 spirituum
2285 2605 2583 2675 subjecerit
2623 2621 2848 2682 suorum
2884 2609 3285 2678 discipulorum
3323 2609 3573 2677 pedibus,

1958 2710 2014 2752 et
2047 2699 2347 2753 certamina
2394 2699 2676 2754 veteribus
2710 2699 2923 2770 majora
2971 2701 3171 2755 merito
3202 2701 3574 2768 constituerit,

1955 2799 2010 2846 et
2048 2792 2271 2861 praemia
2299 2805 2519 2860 quoque
2552 2791 2804 2846 coelestia
2841 2801 2894 2844 et
2922 2795 3368 2862 supramundana
3403 2794 3574 2847 ador-

1959 2885 2140 2938 narit:
2176 2897 2523 2952 consequens
2552 2893 2669 2946 est,
2699 2884 2875 2952 utqui
2908 2894 3029 2954 post
3064 2885 3151 2937 illa
3185 2887 3575 2949 succumbunt,

1963 2970 2038 3026 illi
2103 2971 2319 3040 culpam
2373 2971 2519 3027 hanc
2579 2973 2938 3040 sibimetipsis
2992 2973 3266 3040 imputare
3313 2975 3573 3030 debeant.

1967 3061 2207 3116 Victoria
2245 3062 2391 3116 enim
2420 3079 2544 3117 cum
2573 3064 2836 3134 deinceps
2871 3079 3039 3132 penes
3067 3082 3168 3120 nos
3208 3068 3300 3132 sit,
3334 3084 3440 3122 non
3476 3083 3576 3123 au-

1965 3161 2072 3207 tem
2104 3153 2351 3206 inveniat
2379 3153 2629 3208 homines
2660 3154 2797 3208 tales
2822 3193 2837 3218 ,
2872 3155 2962 3223 qui
2995 3156 3220 3210 vincere
3253 3160 3432 3211 sciant
3462 3175 3477 3212 :
3516 3158 3574 3214 in

242 3257 434 3327 paucis
460 3256 570 3308 vim
599 3269 753 3309 suam
785 3267 1076 3316 exserens,
1117 3249 1254 3315 illis,
1300 3249 1392 3319 qui
1426 3248 1618 3303 nolunt
1666 3260 1787 3304 eam
1857 3243 2139 3301 laboribus
2169 3245 2273 3300 sibi
2343 3260 2667 3315 comparare
2692 3285 2707 3312 ,
2763 3245 2978 3316 culpam
3015 3247 3246 3303 ascribit
3278 3249 3396 3316 ejus
3470 3248 3570 3318 rei,

241 3353 390 3424 quod
425 3351 732 3404 vincantur.

723 3439 866 3497 arx.
908 3469 979 3479 —
1020 3437 1109 3508 To
1146 3437 1348 3508 ΑΥΤῼ.

242 3535 382 3604 Περί
417 3531 523 3588 τοῦ
569 3531 792 3587 αὐτοῦ·
822 3531 918 3604 ότι
963 3532 1015 3604 ἡ.
1041 3530 1248 3604 πίστις
1288 3525 1470 3594 χωρίς
1513 3524 1634 3578 τῶν
1657 3523 1850 3596 ἔργων

649 3606 722 3656 οὐ
751 3600 923 3662 σώζει
957 3601 1064 3655 τὸν
1093 3599 1436 3666 ἄνθρωπον.

313 3717 484 3790 Δεῦρο
520 3719 617 3789 μέν
644 3716 1002 3784 ἐπιφοιτήσας
1029 3713 1057 3765 6
1081 3710 1213 3773 Θεὸς
1245 3709 1440 3777 Λόγος,
1471 3707 1658 3762 πίστιν
1681 3707 1850 3761 ἀπαι-

240 3816 415 3884 τήσας
439 3854 452 3877 ,
491 3812 674 3883 χάριτι
710 3807 1031 3862 ἐδικαίωσεν
1079 3803 1160 3874 (οὐ
1193 3802 1302 3872 γὰρ
1336 3797 1406 3872 ἦν
1435 3799 1544 3853 ἀπὸ
1571 3799 1852 3854 δικαιοσύ-

243 3921 340 3974 νης
376 3903 616 3971 σωθῆναι
652 3901 778 3962 τοὺς
820 3896 1032 3951 οἴκοθεν
1074 3891 1438 3965 προδοθέντας
1461 3907 1475 3921 ο
1510 3890 1606 3942 καὶ
1642 3889 1790 3943 τοῦθ’
1821 3889 1850 3943 6

243 3996 495 4066 Μελῳδδς
527 3995 619 4047 καὶ
651 3992 712 4045 τὸ
758 3989 959 4055 Σκεῦος
992 3989 1092 4058 τῆς
1135 3985 1369 4055 ἐκλογῆς
1400 3984 1756 4054 ἀπεφήναντο
1779 3999 1792 4012 ο
1821 3983 1850 4034 6

247 4091 350 4161 μὲν
383 4087 924 4155 διαϐεϐαιωσάμενος
947 4099 961 4113 ο
1002 4099 1022 4133 ι
1068 4081 1181 4136 Οὐκ
1211 4079 1327 4132 ἐστι
1361 4078 1435 4149 (5)
1471 4078 1684 4138 δίκαιος
1724 4074 1849 4128 οὐδὲ

243 4179 328 4248 εἷς
350 4199 363 4213 ·
407 4201 424 4234 ι
463 4185 490 4236 6
515 4182 592 4234 δέ·
632 4201 650 4233 ι
685 4180 896 4240 Πάντες
919 4176 1169 4249 ἥμαρτον
1193 4215 1204 4237 ,
1230 4171 1327 4225 καὶ
1357 4168 1716 4241 ὑστεροῦνται
1749 4166 1850 4236 τῆς

243 4271 404 4342 δόξης
434 4270 527 4326 τοῦ
561 4269 720 4331 Θεοῦ,
755 4289 773 4322 ι
810 4264 1334 4338 διῖσχυρισάμενος)ο
1359 4261 1760 4322 πιστεύσαντας
1792 4257 1849 4311 δέ

243 4364 595 4434 δικαιοσύνην
655 4361 969 4435 ἀκροτάτην
1030 4358 1259 4422 εἰκότως
1319 4356 1638 4429 ἀπῄτησεν·
1700 4351 1845 4406 ῶστε

247 4455 400 4526 παρά
444 4455 540 4525 μὲν
571 4454 672 4524 τὴν
720 4453 968 4525 πρώτην,
1003 4453 1036 4521 ἡ
1080 4450 1243 4522 χάρις
1285 4445 1593 4509 ἐδικαίωσε,
1624 4445 1749 4508 τοὺς
1791 4443 1849 4497 δὲ

245 4547 658 4610 δικαιωθέντας,
679 4546 858 4617 ἔργων
879 4543 1100 4615 ἀγαθῶν
1119 4539 1511 4596 ἀντιλαϐέσθαι
1535 4537 1846 4603 ἐθέσπισεν,

245 4638 323 4700 ὡς
345 4637 444 4690 οὐκ
470 4637 589 4690 ἐνὸν
622 4637 730 4689 ἀπὸ
753 4636 994 4700 πίστεως
1022 4636 1182 4707 μόνον
1207 4634 1282 4706 (4)
1308 4633 1570 4704 σωθῆναι.
1597 4633 1716 4704 Χρὴ
1738 4631 1848 4702 γὰρ

244 4731 312 4800 τῇ
346 4729 529 4782 πίστει
552 4728 836 4800 κρίνεσθαι
867 4729 947 4800 (5)
977 4729 1077 4792 τὰς
1110 4727 1361 4799 πράξεις,
1384 4727 1478 4780 καὶ
1500 4725 1610 4780 ἀπὸ
1643 4726 1848 4780 τούτων

2380 3429 2552 3504 us
2587 3428 2752 3485 va.
2789 3460 2855 3474 -
2887 3431 3124 3487 EIDEM.

1954 3524 2159 3581 Eadem
2208 3526 2275 3600 de
2325 3540 2425 3600 re_,
2481 3541 2665 3590 nempe
2706 3527 2847 3600 quod
2899 3525 3034 3600 ﬁdes
3085 3527 3282 3600 absque
3324 3533 3571 3600 operibus

2249 3541 2275 3578 ε
2325 3541 2425 3587 re,
2481 3541 2665 3590 nempe
2745 3541 2845 3578 non
2899 3541 3034 3594 paea
3085 3541 3190 3580 ausi

2249 3595 2517 3650 hominem
2555 3612 2658 3648 non
2701 3541 2870 3662 iaciat
2902 3599 3190 3654 salvum“.

2026 3707 2161 3762 Cum
2224 3706 2278 3760 in
2330 3720 2554 3762 carnem
2592 3706 2744 3761 venit
2783 3707 2927 3762 Deus
2962 3705 3242 3778 Verbum,
3291 3711 3447 3768 ﬁdem
3482 3713 3572 3770 ille

1954 3798 2176 3866 quidem
2210 3797 2312 3852 sibi
2354 3795 2542 3863 haberi
2578 3797 2884 3866 postulans,
2925 3803 3100 3869 gratia
3147 3800 3444 3873 (homines)
3475 3804 3570 3874 ju-

1953 3900 2070 3945 stos
2102 3889 2231 3944 fecit
2266 3889 2468 3960 (neque
2495 3890 2640 3943 enim
2672 3889 2790 3945 ﬂeri
2826 3901 3074 3961 poterat,
3109 3902 3168 3948 ut
3192 3896 3284 3964 qui
3319 3911 3347 3950 ιι
3371 3897 3572 3967 seipsis

1953 3981 2158 4053 proditi
2192 3983 2500 4052 perditique
2527 3981 2768 4047 fuerant,
2799 3983 3016 4052 justitia
3043 4000 3140 4041 sua
3168 3987 3401 4042 salutem
3432 4005 3570 4045 cou-

1954 4086 2358 4146 sequerentur:
2393 4075 2558 4139 idque
2586 4075 2936 4131 Psalmorum
2969 4079 3206 4148 scriptor
3236 4090 3290 4135 et
3325 4077 3434 4136 Vas
3457 4081 3570 4137 ele-

1954 4168 2153 4223 Ctionis
2205 4167 2369 4221 ambo
2421 4165 2767 4222 aﬂlrmarunt
2803 4169 3207 4238 disertissime,
3251 4173 3380 4226 dum
3428 4173 3569 4228 alter

1953 4269 2238 4314 asseverat
2267 4278 2279 4315 :
2323 4255 2472 4314 «Non
2503 4269 2588 4314 est
2617 4261 2797 4330 justus
2821 4301 2835 4325 ,
2875 4276 2946 4316 ne
2991 4277 3136 4316 unus
3165 4263 3385 4333 quidem
3414 4265 3500 4332 ";
3539 4285 3560 4319 ι

1953 4349 2092 4406 alter
2123 4365 2253 4406 vero
2284 4366 2484 4421 magna
2514 4352 2860 4406 vehementia
2886 4365 3019 4409 usus
3051 4349 3231 4424 inquit
3258 4375 3272 4411 :
3311 4374 3330 4407 ι
3359 4355 3566 4415 Omnes

1953 4455 2253 4516 peccarunt
2278 4486 2294 4512 ,
2347 4456 2403 4501 et
2453 4446 2834 4502 destituuntur
2860 4447 3032 4514 gloria
3065 4449 3159 4502 Dei
3185 4448 3228 4479 ⁸⁸
3257 4454 3314 4517 ι)
3350 4470 3363 4504 :
3392 4451 3460 4504 ab
3497 4450 3564 4507 iis

1953 4550 2087 4589 vero
2117 4536 2208 4605 qui
2241 4537 2613 4604 crediderunt,
2639 4551 2934 4602 summam,
2964 4554 3142 4607 neque
3174 4540 3224 4594 id
3263 4541 3559 4610 immerito,

1948 4627 2222 4698 justitiam
2259 4630 2477 4698 exegit:
2514 4631 2586 4683 ita
2617 4639 2677 4684 ut
2706 4631 2883 4699 primo
2911 4633 3128 4701 quidem
3169 4635 3344 4704 gratia
3377 4637 3562 4704 justos

1955 4722 2185 4788 iecerit;
2226 4722 2559 4791 jusulicatos
2599 4731 2784 4777 autem
2817 4723 3085 4779 bonorum
3120 4740 3345 4794 operum
3381 4727 3565 4784 studio

245 4820 418 4891 αὐτὴν
443 4819 767 4890 ψυχοῠσθαι.
799 4819 988 4892 Νεκρὰ
1016 4820 1126 4891 γάρ
1156 4818 1221 4873 ἂν
1251 4817 1340 4883 εῐη
1369 4817 1577 4870 τούτων
1610 4817 1797 4888 χωρίς.

1965 4815 2090 4870 duci
2119 4816 2406 4870 sanxerit:
2461 4817 2661 4885 quippe
2715 4830 2836 4870 cum
2887 4831 2993 4872 non
3036 4819 3208 4888 possit
3254 4819 3416 4873 homo
3457 4818 3566 4876 ﬁdo

248 4925 457 4968 tantum
483 4915 703 4968 salvari.
739 4912 970 4982 Oportet
997 4911 1144 4966 enim
1172 4910 1297 4965 ﬁdei
1331 4909 1549 4965 misceri
1583 4910 1832 4964 actiones
1871 4905 2154 4979 (rectas),
2191 4914 2247 4960 et
2278 4920 2375 4977 per
2405 4906 2508 4962 bas
2570 4906 2718 4961 illam
2783 4910 2940 4978 quasi
3004 4910 3254 4966 animari.
3289 4909 3385 4968 llis
3416 4912 3563 4970 enim

247 5007 493 5071 remotis,
527 5017 740 5061 mortua
769 5007 923 5061 sit".

240 5158 244 5162 '
319 5149 363 5180 εδ
401 5145 521 5201 Jac.
549 5162 609 5214 ll,
635 5147 729 5203 24.
804 5147 850 5178 ³⁸
885 5146 1028 5203 Psal.
1064 5161 1178 5212 λιν,
1208 5147 1297 5200 53.
1377 5146 1422 5178 ⁸⁸
1451 5145 1612 5199 Rom.
1636 5162 1720 5213 ιιι,
1750 5145 1840 5199 9.3.

1898 5145 1940 5176 ³⁷
1975 5142 2093 5199 Jac.
2133 5160 2191 5210 ιι,
2222 5145 2314 5200 26.

1359 5301 1602 5359 VARUE
1639 5299 2032 5358 LECTIONES
2073 5304 2162 5359 ET
2207 5302 2441 5360 ΝΟΤᾸΞ.

319 5463 395 5535 (1)
449 5462 555 5517 Pro
597 5462 810 5534 ἀρετῶν
870 5463 993 5521 cod.
1052 5462 1176 5518 Val.
1238 5462 1344 5518 650
1395 5463 1548 5532 ponit
1601 5461 1842 5530 ἀγαθῶν.

248 5533 628 5675 Ροῗὲςκάυιιΐει*
659 5605 817 5670 epist.
848 5603 975 5670 204,
1030 5604 1193 5658 infra.
1247 5605 1386 5657 Puto
1419 5605 1471 5657 in
1533 5604 1641 5657 line
1677 5605 1841 5674 epist.

250 5676 437 5730 deesse
471 5680 690 5732 verbum
743 5676 977 5740 aliquod,
1041 5687 1167 5743 puta
1226 5675 1545 5744 ἐπιγράφει,
1597 5677 1679 5729 vel
1712 5678 1847 5728 ἀνα·

249 5747 466 5817 γράφει,
522 5749 602 5801 vel
661 5743 956 5810 λογίζεται.
1008 5747 1174 5800 Rt'r'r.
1209 5776 1278 5785 —
1327 5743 1454 5801 Post
1503 5747 1674 5816 ἣττης
1724 5746 1844 5803 cod.

252 5815 368 5871 Vat.
404 5817 509 5871 6Ξο
539 5820 755 5886 apponit
787 5817 1135 5886 προσρίπτει.
1170 5817 1246 5872 ID.

319 5887 392 5956 (ὃ)
427 5887 563 5944 Cod.
602 5887 746 5955 Vah,
781 5887 883 5942 En.
916 5888 992 5941 ID.

1995 5461 2111 5576 [(6)
2137 5462 2240 5586 Plro
2268 5462 2376 5516 ἀπὸ
2398 5463 2634 5526 πίστεως
2659 5463 2822 5532 μόνον
2849 5465 3039 5521 scribit
3068 5467 3232 5532 idem,
3266 5469 3361 5522 ἀπ’
3391 5473 3564 5543 αὐτῆς

2002 5551 2144 5586 avoc.
2206 5550 2259 5586 ι).

2002 5550 2144 5586 svnt.
2185 5550 2259 5586 ID.

1995 5551 2053 5585 ον
2102 5551 2144 5584 τ.
2185 5551 2259 5586 ID.

1952 5551 1991 5603 μ
2025 5551 2122 5673 (5:1)5
2149 5604 2275 5675 [λιες.
2320 5605 2612 5680 κιρνᾶσοαι
2658 5604 2737 5678 [et
2787 5607 2864 5661 sic
2911 5605 3247 5680 cod._Vat.].
3313 5610 3562 5666 Conferri

1955 5683 2139 5729 autem
2189 5692 2311 5727 cum
2357 5678 2457 5728 hac
2507 5679 2858 5741 wish-debet
2893 5695 2978 5746 cp.
3008 5678 3136 5742 €226,
3172 5678 3224 5732 ct
3261 5696 3379 5732 eum
3411 5693 3568 5735 utra-

1956 5762 2062 5813 quc
2089 5762 2136 5799 c.
2183 5762 2219 5800 tl
2266 5747 2518 5816 Epistulae
2548 5747 2604 5801 S.
2643 5749 2850 5811 Jacobi,
2900 5750 3052 5816 (ujus
3097 5751 3408 5808 testimonio
3433 5753 3566 5810 alibi

1957 5831 2175 5887 quoque
2204 5828 2394 5872 auctor
2431 5828 2614 5873 noster
2645 5835 2788 5889 saepe
2817 5821 3006 5874 utitur.
3035 5821 3202 5875 lttrr.
