4164 6434
738 382 867 450 1131
1905 380 1965 439 S.
2009 378 2304 439 ISIDORI
2345 376 2784 438 PELUSIO’I‘JS
3876 361 4015 424 H32

733 494 1024 549 traducere
1044 501 1262 564 propter
1296 492 1435 556 illos,
1483 488 1572 560 qui
1625 485 2031 557 pulchritudine
2082 486 2319 559 corporis

2428 486 2529 539 οὐκ
2569 487 2941 557 ἠδυνήθησαν,
2990 487 3079 543 τὸν
3110 483 3238 556 γοῦν
3262 484 3457 552 ἔξωθεν
3485 482 3665 546 αὐτοῖς
3704 484 4005 555 περικείμε-

732 578 887 639 abusi
930 593 1057 637 sunt
1110 588 1176 637 ad
1231 582 1552 653 nequitiam.
1587 578 1810 644 Deinde,
1829 577 1954 648 quia
1988 578 2141 632 multi
2184 578 2319 633 hanc

2427 592 2517 631 νον
2560 576 2763 646 κόσμον
2810 576 3015 647 τρῶσαι
3067 574 3426 647 ἐπιχειροῦσι.
3479 574 3588 627 Καὶ
3637 571 4009 643 μαρτυροῦσιν

732 673 876 728 velut
904 682 1072 727 artem
1108 671 1379 738 factitant,
1432 682 1492 725 ut
1540 669 1850 724 hominibus
1898 668 2225 723 maledicam
2267 676 2319 723 et

2430 666 2621 739 (οὐδὲν
2649 666 2758 737 γὰρ
2792 667 2993 720 κωλύει
3044 667 3204 720 πάλιν
3242 667 3353 728 τοῖς
3380 665 3565 727 αὐτοῖς
3596 663 4006 734 παραδείγμασι

729 764 1053 819 obtrecteut.
1078 760 1285 827 Tertio,
1320 761 1472 816 multi
1506 758 1785 826 mortales,
1808 759 1930 827 quia
1960 759 2129 828 ipsam
2155 759 2319 813 attin—

2429 757 2766 829 χρήσασθαι)
2802 758 2964 823 αὐτός
2994 776 3051 811 τε
3083 758 3110 810 6
3155 756 3375 827 Ἰωσὴφ,
3424 760 3452 809 6
3501 756 3605 809 ὑπὸ
3627 754 3741 808 τῶν
3773 754 4009 824 ἀδελφῶν

732 869 861 923 gere
910 853 1149 908 animam
1195 867 1299 907 non
1353 860 1665 921 potuerunt,
1717 851 1958 906 exterius
2009 850 2319 919 appositum

2432 850 2527 902 καὶ
2568 848 2669 918 τῆς
2712 850 3002 921 δεσποίνης
3042 847 3503 919 συκοφαντηθείς·
3558 848 3699 917 αὕτη
3751 864 3814 900 τε
3843 847 4011 917 (29)ή

733 934 984 995 ornatum
1017 940 1302 995 vulnerare
1333 938 1739 1008 aggrediuntur.
1775 937 1839 992 Et
1874 946 2197 991 attestantnr
2222 936 2319 992 hoc

2431 943 2712 1007 Σωσάννα,
2760 946 2793 1013 ή
2846 942 2951 996 ὑπὸ
3005 943 3111 997 τῶν
3156 941 3539 1013 πρεσϐυτέριον
3595 938 4008 1009 κατακριθεῑσα.

732 1030 889 1103 (nihil
915 1032 1057 1086 enim
1110 1040 1257 1085 vetat
1303 1028 1592 1100 quominus
1616 1028 1811 1083 iterum
1841 1026 2029 1082 iisdem
2058 1026 2319 1097 exemplis

2443 1032 2584 1085 Ἀλλ’
2612 1028 2911 1097 ἀδέκαστος
2936 1034 3131 1106 κριτὴς
3158 1036 3410 1086 κάκεῖνον
3435 1034 3527 1085 καὶ
3552 1031 3760 1101 ταύτην
3789 1030 4011 1098 ἐστεφά-

736 1122 996 1194 utamur),
1022 1137 1147 1179 eum
1164 1121 1434 1191 Iosephus
1457 1121 1590 1191 ipse,
1624 1121 1714 1190 qui
1751 1126 1804 1173 et
1829 1117 2063 1172 fratrum
2096 1127 2151 1173 et
2175 1120 2318 1173 herae

2428 1139 2587 1177 νωσε.
2623 1123 2715 1194 Μὴ
2748 1124 2925 1178 τοίνυν
2945 1123 3006 1176 τὸ
3048 1124 3245 1185 κάλλος
3286 1124 3465 1187 αἰτιῶ,
3496 1124 3627 1175 ἀλλὰ
3658 1123 3757 1193 τὴν
3790 1122 4009 1192 αἰσχρὰν

736 1214 1023 1270 calumniis
1053 1213 1327 1284 appetitus
1358 1222 1441 1268 est
1472 1230 1484 1265 :
1528 1222 1639 1267 tum
1668 1210 1918 1266 Susanna
1947 1224 1977 1264 a
2009 1210 2317 1266 senioribus

2428 1215 2629 1286 ψυχὴν,
2672 1216 2772 1286 τήν
2831 1218 2887 1270 ὲν
2919 1216 2996 1286 τῷ
3026 1216 3299 1287 καλλίστῳ
3348 1216 3560 1287 σώματι
3609 1214 3893 1278 οἰκοῦσαν,
3927 1214 4010 1268 καὶ

734 1310 1110 1363 condemnata.
1159 1308 1264 1364 Sed
1327 1308 1674 1377 incorruptus
1724 1308 1888 1378 iudex
1942 1317 1995 1362 et
2060 1306 2208 1361 illum
2257 1316 2312 1362 et

2421 1308 2580 1361 τοῦτο
2605 1306 3017 1378 ἐνυϐρίζουσαν.

733 1401 893 1458 istam
940 1403 1237 1459 coronavit.
1269 1402 1449 1470 Quare
1509 1402 1619 1458 noli
1674 1404 1727 1458 in
1779 1403 2008 1459 formam
2068 1402 2318 1458 conferre
2357 1404 2709 1473 culp:un,sed
2741 1406 2919 1474 potius
2980 1405 3034 1460 in
3075 1413 3283 1474 turpem
3310 1419 3371 1459 ac
3428 1403 3725 1459 deformem
3756 1404 4009 1466 animam,

732 1510 851 1566 qua
883 1497 936 1551 in
967 1495 1333 1567 pulcherrimo
1361 1511 1590 1567 corpore
1642 1498 1871 1563 habitat,
1898 1497 2058 1567 idque
2081 1496 2422 1564 dehonestat,
2456 1498 2653 1565 probro
2684 1497 2956 1552 allectum.

942 1611 1153 1669 LXXII.
1192 1644 1265 1657 —
1316 1614 1575 1672 HERONI
1609 1614 2105 1672 SCIIOLASTICO.

1323 1710 1524 1769 Eadem
1562 1712 1626 1766 de
1656 1728 1731 1767 re.

804 1821 898 1877 Illa
927 1822 1144 1892 quidem
1169 1822 1425 1890 felicitas,
1458 1836 1579 1891 quae
1616 1822 1778 1879 alicui
1820 1832 2017 1894 praeter
2050 1823 2317 1879 rationem
2350 1805 2395 1865 Β

734 1916 981 1986 contigit,
1016 1916 1154 1972 solet
1213 1916 1533 1987 plerumque
1582 1916 1635 1971 in
1687 1917 2073 1972 contumeliam
2132 1930 2321 1987 proce—

734 2005 881 2061 dere.
914 2005 1044 2073 Quae
1069 2021 1200 2062 vero
1233 2006 1530 2062 secundum
1567 2007 1832 2061 rationem
1867 2006 2111 2073 obvenit,
2147 2021 2320 2077 saepe-

737 2113 969 2154 numero
991 2098 1191 2154 bonum
1230 2098 1375 2169 parit
1400 2099 1628 2155 exitum.
1668 2096 2053 2156 Verumtamen
2090 2115 2198 2155 non
2229 2100 2323 2155 de-

2739 1615 2854 1668 OB'.
2891 1646 2960 1653 —
2992 1615 3201 1668 ΗΡΩΝΙ
3245 1613 3707 1683 ΣΧΟΛΑΣΤΙΚῼ.

2935 1707 3075 1776 Περὶ
3104 1706 3255 1779 [τοῦ]
3285 1706 3492 1761 αὐτοῦ.

2509 1820 2570 1872 ’11
2615 1820 2711 1890 μὲν
2756 1820 2951 1888 ἄλογος
3006 1820 3117 1891 (50)
3153 1819 3428 1888 εὐπραγία
3469 1819 3546 1882 ὡς
3594 1817 3664 1870 τὰ
3720 1816 3896 1871 πολλὰ
3940 1819 4013 1880 εις

2431 1909 2588 1980 ὓϐριν
2633 1913 2833 1981 χωρεῖ·
2884 1913 2916 1979 ή
2967 1910 3024 1963 δὲ
3080 1913 3221 1964 κατὰ
3271 1910 3451 1980 λόγον,
3490 1909 3754 1973 πολλάκις
3805 1910 4007 1978 ἀγαθὸν

2429 2000 2606 2055 nam
2637 2001 2833 2072 πέρας.
2891 2002 3041 2072 Πλήν
3069 2019 3216 2064 τινες·
3268 2002 3364 2055 καὶ⁷
3400 2003 3509 2055 τῶν
3565 2003 3895 2073 παραλόγως
3932 2004 4018 2056 δυ-

2434 2095 2848 2148 ναστευσάντων
2907 2093 3009 2164 τὴν
3060 2093 3159 2156 τῆς
3188 2094 3493 2165 εὐπραγίας
3548 2090 3723 2165 αὖραν
3784 2094 4016 2166 μετρίως

733 2200 861 2245 sunt
903 2193 1066 2247 etiam
1116 2192 1286 2262 aliqui
1338 2205 1407 2248 ex
1453 2206 1642 2248 eorum
1680 2206 1926 2260 numero,
1982 2192 2075 2262 qui
2122 2202 2319 2263 praeter

2426 2186 2767 2253 ἐνεγκόντες,
2798 2186 3035 2241 ἐπαίνων
3086 2189 3452 2257 τετυχήκασι·
3488 2188 3583 2241 καὶ
3611 2188 3721 2240 τῶν
3750 2188 4015 2259 εὐπατρι-

734 2284 1000 2339 rationem
1032 2298 1096 2338 ac
1144 2284 1395 2340 meritum
1437 2299 1593 2339 suum
1640 2284 1783 2340 nacti
1836 2284 2157 2355 potentiam,
2192 2298 2319 2354 pro-

2426 2279 2532 2334 δῶν
2562 2280 2654 2334 καὶ
2683 2280 3030 2351 εὑπρογόνων
3068 2280 3335 2351 λαμπρῶν
3368 2283 3446 2345 εἱς
3480 2279 3635 2352 ὓϐριν
3669 2282 3839 2352 τιμὴν
3870 2282 4016 2352 ἔτρε-

734 2376 1015 2446 speritatis
1048 2392 1236 2433 auram
1292 2377 1571 2433 moderate
1613 2377 1859 2444 tulerint,
1905 2387 2066 2447 atque
2098 2378 2172 2432 ita
2206 2375 2319 2431 lau-

2423 2374 2552 2444 ψαν.
2586 2374 2677 2427 Διὸ
2710 2374 2815 2445 χρὴ
2846 2375 2947 2446 τὴν
2994 2376 3311 2447 προαίρεσιν
3362 2375 3559 2446 μᾶλλον
3594 2376 3875 2429 αἰτιᾶσθαι
3912 2377 4016 2429 τῶν

733 2469 855 2523 dem
911 2468 1127 2524 fuerunt
1178 2471 1454 2525 consecuti
1496 2484 1509 2522 :
1544 2478 1732 2525 contra
1776 2486 1842 2525 ex
1904 2470 1970 2525 iis
2007 2469 2102 2539 qui
2147 2468 2315 2523 nobili

2426 2470 2567 2540 πέρα
2597 2470 2689 2522 τοῦ
2716 2470 2937 2542 μετρίου
2967 2474 3087 2534 ταῖς
3111 2471 3449 2535 δυναστείαις
3474 2472 3795 2542 χρωμένων.

730 2563 982 2632 prosapia
1016 2572 1066 2617 et
1102 2563 1400 2633 splendidis
1434 2564 1751 2634 parentibus
1785 2564 1890 2618 orti
1907 2563 2149 2628 fuerunt,
2183 2563 2424 2617 nonnulli
2456 2565 2803 2628 exstiterunt,
2830 2566 2921 2634 qui
2967 2565 3228 2620 honorem
3289 2580 3450 2621 suum
3516 2566 3567 2618 in
3632 2565 4012 2619 contumeliam

729 2664 1026 2712 verterent.
1060 2657 1402 2728 Quapropter
1438 2659 1846 2730 Oportetanimi
1882 2660 2217 2729 propositum
2252 2672 2317 2713 ac
2349 2660 2678 2715 voluntatem
2708 2663 2887 2731 potius
2932 2676 3195 2718 accusare
3234 2677 3447 2730 eorum,
3510 2664 3601 2732 qui
3667 2663 3909 2733 potentia
3954 2676 4014 2719 ac

730 2751 923 2822 opibus
953 2753 1065 2806 suis
1088 2752 1227 2807 ultra
1263 2762 1420 2808 rectae
1457 2753 1683 2807 rationis
1712 2753 1926 2806 modum
1960 2763 2208 2807 utuntur.

916 2867 1079 2940 452
1111 2869 1342 2924 LXXIII.
1365 2900 1436 2911 —
1460 2868 1753 2925 EUSEBIO
1790 2868 2141 2924 EPISCOPO.

733 2957 801 3013 In
839 2974 1018 3014 arcam
1048 2961 1279 3031 fwderis,
1307 2972 1350 3015 et
1369 2961 1823 3029 propitiatorium,
1859 2970 1905 3014 et
1947 2960 2241 3025 cherubim,
2267 2970 2314 3014 et

1126 3047 1344 3098 manna,
1372 3039 1421 3085 et
1453 3033 1650 3099 virgam
1677 3031 1922 3084 Aarom’s.

801 3145 940 3201 Area
969 3144 1207 3214 quidem,
1237 3150 1292 3197 et
1344 3141 1800 3213 pr0pitiatorium,
1851 3142 1993 3211 quod
2024 3151 2142 3197 erat
2174 3156 2314 3195 arca:
2338 3151 2383 3212 σ

734 3236 1072 3307 Operculum,
1111 3235 1289 3305 imago
1317 3249 1379 3289 ac
1407 3245 1564 3306 typus
1591 3234 1689 3288 fuit
1721 3234 1959 3289 hominis
1987 3233 2164 3287 divina
2190 3248 2318 3289 ora-

734 3328 854 3384 cula
885 3328 1260 3393 custodientis,
1286 3334 1341 3381 et
1371 3326 1660 3396 propitium
1695 3327 1947 3382 habentis
1978 3326 2171 3391 Deum,
2199 3336 2253 3381 et
2287 3341 2315 3380 a

735 3420 933 3475 divinis
957 3418 1249 3473 virtutibus
1277 3418 1353 3489 (id
1393 3426 1496 3481 est,
1522 3418 1751 3489 angelis)
1770 3419 2061 3473 custoditi:
2095 3417 2316 3473 utPsan

735 3519 947 3566 morum
979 3510 1215 3581 scriptor
1243 3511 1319 3565 ait
1351 3526 1364 3562 :
1403 3527 1422 3563 ι
1460 3509 1517 3564 1η
1564 3510 1727 3566 corde
1758 3526 1877 3566 meo
1905 3510 2163 3566 abscondi
2194 3526 2316 3567 ora-

734 3604 857 3661 cula
895 3612 984 3659 tua
1012 3603 1076 3660 “.
1117 3621 1135 3654 ι
1165 3602 1339 3670 Quam
1371 3606 1533 3659 etiam
1565 3605 1635 3660 ob
1653 3620 1872 3659 causam
1897 3606 2111 3660 diccbat
2144 3623 2158 3658 :
2202 3624 2219 3657 t
2260 3605 2316 3659 In

734 3694 923 3749 umbra
954 3692 1161 3747 alarum
1196 3703 1409 3748 tuarum
1444 3703 1693 3765 proteges
1732 3710 1820 3750 me
1858 3694 1901 3727 "
1942 3714 1954 3750 :
2001 3713 2019 3746 ι
2047 3695 2317 3766 quomodo

734 3783 943 3839 scilicet
964 3799 1028 3839 ex
1060 3784 1259 3840 divinis
1288 3784 1579 3841 virtutibus
1626 3784 1877 3856 (angelis)
1907 3784 2186 3841 cherubim
2218 3784 2318 3840 alis

734 3874 1092 3943 protegebant
1118 3884 1172 3931 et
1198 3891 1381 3931 arcam
1414 3886 1463 3931 et
1506 3876 1969 3947 propitiatorium,
2025 3877 2108 3933 vel
2142 3879 2318 3947 potius

730 3966 959 4033 Christi,
988 3966 1081 4037 qui
1112 3966 1281 4037 legem
1327 3967 1587 4039 implevit,
1629 3968 1829 4037 Quique
1857 3968 2035 4024 factus
2072 3978 2155 4024 est
2189 3983 2315 4038 pro-

736 4055 943 4126 pitiatio
967 4073 1065 4128 pro
1093 4060 1330 4129 peccatis
1382 4061 1585 4116 nostris
1625 4060 1693 4126 “,
1738 4061 1892 4132 signa
1942 4061 2179 4116 ostendit
2206 4062 2319 4116 evi-

734 4150 1051 4206 dentissima
1088 4170 1101 4207 :
1142 4153 1254 4222 qui,
1287 4153 1459 4224 legem
1487 4153 1737 4223 implens,
1763 4155 1841 4208 sic
1866 4152 2181 4223 expiaturus
2200 4163 2318 4209 erat

729 4251 1014 4311 peceatqu
1065 4257 1225 4298 omne
1261 4244 1470 4299 mundi.
1507 4242 1798 4314 Proposuit
1852 4258 2085 4313 namque
2140 4244 2317 4313 ipsum

730 4329 874 4387 Deus
903 4329 982 4403 (ut
1012 4332 1089 4387 ait
1122 4333 1535 4389 Dominicorum
1566 4334 1916 4389 oraculorum
1943 4348 2166 4405 promus
2194 4348 2319 4389 con-

731 4423 832 4479 dus
862 4424 951 4481 ille
980 4425 1177 4481 Paulus
1203 4425 1269 4497 Ιι’)
1310 4425 1768 4497 propitiatorium,
1798 4435 1855 4480 ut
1887 4426 1940 4481 in
1978 4425 2151 4496 ipsius
2182 4441 2313 4481 san-

2672 2868 2793 2923 or'.
2831 2900 2896 2911 —
2926 2869 3213 2943 ΕΥΣΕΒΙῼ
3246 2872 3595 2945 ΕΠΙΣΚοηᾷ
3631 2873 3769 2943 (5t).

2426 2960 2533 3024 Εἰς
2565 2959 2680 3035 τᾼῂν
2708 2961 2977 3035 κισωτόν,
3002 2963 3108 3035 ,καί
3150 2965 3214 3017 τὸ
3246 2965 3619 3035 ἱλαστήριον,
3654 2965 3754 3019 καὶ
3797 2964 3872 3020 τὰ
3912 2982 4008 3035 χε-

2453 3030 2689 3098 ρουϐὶμ,
2718 3032 2815 3083 καὶ
2849 3033 2914 3084 τὸ
2929 3030 3153 3100 μάννα,
3189 3035 3289 3087 καὶ
3321 3034 3435 3103 τὴν
3457 3030 3687 3103 ῥάϐδον
3726 3030 3969 3105 Ἀαρώί

2501 3144 2566 3196 'II
2620 3144 2719 3214 μὲν
2763 3144 3017 3210 κιϐωτὸς,
3062 3147 3157 3200 καὶ
3200 3147 3261 3201 τὸ
3294 3148 3623 3219 ἱλαστήριον,
3664 3149 3801 3221 ὅπερ
3824 3145 3893 3221 ἦν
3914 3151 4009 3220 τῆς

2420 3235 2654 3289 κιϐωτοῦ
2705 3236 2943 3308 ἐπίθεμα
2993 3238 3127 3307 (52),
3161 3240 3453 3311 ἀνθρώπου
3488 3242 3598 3311 (33)
3651 3242 4008 3311 φυλάττοντος

2418 3329 2486 3382 τὰ
2520 3329 2639 3382 θεία
2674 3328 2851 3397 λόγια,
2899 3331 2990 3384 καὶ
3040 3331 3197 3385 ἵλεων
3241 3331 3455 3402 ἔχοντος
3485 3333 3573 3386 τὸν
3600 3326 3752 3399 Θεὸν,
3785 3334 3882 3387 καὶ
3913 3352 4007 3403 φυ-

2419 3420 2744 3491 λαττόμενον
2795 3422 2899 3474 ὑπὸ
2929 3422 3038 3475 τῶν
3082 3422 3242 3476 θείων
3275 3423 3582 3495 δυνάμεων,
3627 3424 3812 3489 καθώς
3842 3443 4003 3495 φησιν

2418 3512 2447 3565 6
2482 3513 2736 3585 Μελῳδός
2758 3528 2772 3542 ⁸
2808 3533 2827 3565 t
2882 3515 2971 3567 ’Ev
3014 3518 3081 3587 τῇ
3132 3515 3329 3589 καρδίᾳ.
3362 3534 3464 3587 μου
3506 3516 3715 3588 ἔκρυψα
3752 3517 3821 3571 τὰ
3852 3517 4006 3588 λὸγεά

2420 3621 2534 3659 σου·
2574 3624 2591 3657 t
2622 3605 2701 3658 διὸ
2730 3606 2822 3659 καὶ
2844 3606 3049 3674 ἔλεγεν
3082 3627 3101 3657 ι
3141 3607 3227 3660 Ἐν
3257 3608 3435 3680 σκέπῃ
3462 3607 3569 3661 τῶν
3599 3609 3883 3680 πτερύγων
3915 3628 4004 3664 σου

2419 3697 2714 3761 σκεπάσεις
2749 3714 2839 3767 με’
2876 3718 2892 3750 ι
2923 3694 3033 3753 οἷον
3054 3700 3164 3754 τῶν
3191 3700 3472 3771 δυνάμεων
3497 3700 3567 3755 τὰ
3608 3700 3877 3772 χερουσὶμ
3898 3704 4006 3765 τοῖς

2419 3787 2647 3860 πτέρυξι
2709 3790 2803 3843 καὶ
2862 3790 2961 3859 τὴν
3007 3791 3239 3845 κιϐωτὸν
3268 3791 3565 3860 ἐφύλαττον
3613 3792 3748 3863 (54),
3803 3794 3899 3847 καὶ
3942 3794 4000 3846 τὸ

2422 3877 2765 3949 ἱλαστήριον·
2813 3877 3189 3951 φυσικώτερον
3218 3880 3295 3946 δὲ,
3336 3882 3429 3934 τοῦ
3461 3882 3553 3935 τὸν
3579 3881 3742 3951 νόμον
3789 3881 4003 3953 πληρῶ-

2418 3985 2610 4032 σαντος
2669 3970 2929 4041 Χριστοῦ,
2967 3971 3062 4025 τοῦ
3094 3973 3385 4043 γενομένου
3440 3973 3668 4044 ἱλασμοῦ
3720 3973 3851 4044 περὶ
3901 3973 4001 4027 τῶν

2418 4060 2702 4133 ἁμαρτιῶν
2748 4062 2924 4132 ήμῶν,
2985 4064 3173 4135 ἐδήλου
3224 4066 3426 4138 ἐναργῆ
3482 4066 3793 4136 τεκμήρια·
3855 4067 4000 4129 ὅστις

2416 4154 2505 4206 τὸν
2544 4154 2706 4223 νόμον
2740 4155 2987 4225 πληρῶν,
3043 4152 3196 4223 οὗτος
3253 4159 3495 4237 ίλάσεςται
3538 4158 3629 4211 τοῦ
3667 4158 3876 4229 κόσμου
3907 4160 3999 4229 τήν

2419 4243 2717 4314 ἁμαρτίαν.
2765 4246 3036 4315 Προὲθετο
3079 4247 3188 4318 γὰρ
3232 4249 3393 4302 αὑτὸν
3437 4250 3465 4301 6
3494 4247 3645 4311 Θεὸς,
3674 4248 3749 4310 ὥς
3780 4266 3947 4318 φησιν
3973 4250 3999 4301 6

2417 4334 2525 4387 τῶν
2556 4337 2901 4390 Δεσποτικῶν
2929 4340 3193 4411 χρησμῶν
3230 4342 3454 4412 ταμίας,
3490 4342 3830 4413 ἱλαστήριον·
3863 4342 3997 4395 ὥστε

2417 4428 2574 4499 ἐντῷ
2609 4430 2774 4484 αὑτοῦ
2826 4433 3019 4501 αἵματι
3058 4434 3393 4499 ἐνδείξασθαι
3424 4434 3520 4505 τὴν
3547 4436 3761 4489 οἱκείαν
3799 4435 3998 4490 δικαιο-

804 4584 851 4616 “
876 4581 1023 4637 Psal.
1051 4598 1239 4649 cxvin,
1272 4584 1358 4637 ll.
1435 4584 1478 4616 "
1511 4584 1656 4640 Psal.
1685 4600 1794 4651 xvi,
1828 4585 1881 4638 9.
1934 4585 1981 4617 ⁸⁸
2013 4584 2029 4637 I
2058 4583 2215 4639 Joan.
2252 4599 2314 4651 ιι,
2350 4587 2405 4640 2.
2467 4586 2513 4618 “
2546 4587 2702 4645 Rom.
2742 4605 2824 4655 Ill,
2860 4591 2949 4646 25.

1821 4738 2057 4792 VAIiIzE
2101 4737 2488 4798 LECTIONES
2526 4741 2612 4795 ET
2655 4743 2886 4797 NOTAE.

805 4895 917 4983 (29)
952 4894 1603 4983 ΑλῠςηΙτε.ᾃΜοιὶιιι,-αῦτή
1638 4914 1720 4983 τε,
1750 4900 1875 4969 quia
1913 4902 2191 4983 praecessit
2216 4900 2316 4983 αὐτ

2428 4902 2648 4983 νοτε-’4
2681 4905 3230 4983 ριό-φυλαττόμενον,
3282 4907 3420 4983 idem
3467 4907 3627 4983 habet
3653 4909 3994 4983 tpulatropé-

728 4966 819 5030 τός
845 4982 930 5039 τε.
987 4968 1062 5020 Ad
1118 4966 1272 5039 hanc
1302 4981 1461 5039 porro
1519 4966 1675 5039 epist.
1731 4966 2184 5039 operm’prelium
2224 4978 2309 5025 est

731 5035 979 5090 conferre
1016 5051 1121 5090 non
1150 5033 1313 5090 modo
1350 5034 1538 5090 lsidori
1557 5033 1723 5105 epist.
1755 5033 1844 5101 78.
1877 5033 2015 5095 infra
2062 5050 2115 5095 et
2148 5040 2304 5106 alias,

731 5106 823 5180 sed
852 5107 1011 5158 etiam
1049 5122 1166 5174 qua:
1189 5107 1265 5180 de
1297 5107 1579 5180 utriusque
1605 5109 1880 5169 castitate.
1910 5121 1964 5165 et
1996 5110 2215 5180 Josephi
2254 5119 2307 5163 et

732 5172 1013 5240 Snsaunm,
1044 5172 1299 5243 praeclare
1320 5172 1535 5245 scripsit
1568 5186 1756 5232 auctor
1779 5180 1897 5234 libri
1934 5182 2005 5233 De
2024 5172 2307 5245 disciplina

729 5252 777 5320 et
820 5247 951 5320 bona
983 5245 1277 5320 put/icium,
1320 5246 1557 5314 quicum
1584 5246 1843 5317 Cypriani
1873 5252 2128 5320 operibus
2176 5267 2306 5306 con-

724 5314 875 5382 jungi
917 5315 1071 5369 solet.
1106 5314 1349 5370 limen.

801 5383 1073 5461 (δωρορ.
1110 5384 1228 5441 Vat.
1273 5386 1389 5461 650_
1424 5400 1533 5461 pr0_
1558 5387 1751 5461 ᾇλογος
1798 5390 1924 5461 legit
1972 5392 2299 5461 παράλογος.

729 5451 1049 5509 νεὶ-εζϐὒὲῦ
1083 5464 1205 5509 ante
1222 5451 1499 5527 προγόνων
1523 5451 2128 5527 ἰᾱθιιιλοιιιςιινίιιἐκ.,’θι
2162 5451 2300 5516 vers.

726 5540 841 5591 seq.
882 5534 1006 5595 ante
1032 5526 1197 5595 τιμὴν
1227 5526 1374 5595 ροιιὶι
1397 5530 1515 5595 τήν.
1551 5526 1759 5583 Possm.

794 5594 907 5664 (51)
941 5593 995 5648 In
1030 5593 1183 5650 titulo
1211 5593 1306 5666 pro
1327 5593 1613 5669 ἐπισκόπῳ
1640 5600 1779 5656 idem
1816 5602 1935 5656 cod.
1983 5603 2143 5657 habet
2175 5620 2300 5672 πρε-

761 5664 987 5719 6υτέοω.
1020 5667 1093 5719 la.

727 5680 987 5720 σουτεοω.
1022 5680 1093 5720 ID.

796 5682 1331 5817 zgéﬁ’osf'tnteeua
1362 5739 1500 5817 idem
1532 5742 1653 5793 rod.
1681 5744 1847 5817 addit
1868 5744 2081 5817 Ῠώσανει
2112 5747 2304 5817 πῶμα,

726 5808 815 5857 sed
854 5809 902 5858 in
946 5809 1183 5877 margine
1215 5824 1243 5861 e
1289 5810 1503 5879 regione
1553 5812 1799 5875 ascribit,
1852 5816 1923 5877 ὡς
1964 5816 2025 5867 ἂν
2067 5808 2300 5887 εἴπςΓμι.

2577 4973 2732 5097 Velrs.
2768 4976 2798 5027 7
2850 4976 2991 5031 inter
3040 4973 3149 5029 τῶν
3188 4988 3240 5031 et
3288 4978 3569 5049 δυνάμεων
3616 4973 3755 5035 idem
3812 4973 3995 5037 inserit

2453 5061 2476 5096 e
2504 5061 2601 5097 ων.
2663 5060 2715 5097 ι).

2639 5044 3003 5187 Ι’.Ὶνθρώυτιομ
3038 5118 3114 5171 Nc
3163 5119 3284 5187 quis
3336 5118 3473 5174 forte
3512 5129 3683 5187 putet,
3720 5131 3844 5176 autc
3894 5124 3988 5177 hoc

2420 5201 2616 5257 nomen
2649 5185 2837 5241 deesse
2867 5188 3072 5257 aliquid
3112 5185 3234 5253 tale,
3285 5189 3449 5243 εἱκὼν
3497 5185 3665 5255 ἔστιν,
3712 5192 3790 5243 vel
3833 5194 3994 5255 τύπος

2415 5252 2483 5325 ἦν
2516 5256 2591 5323 (id
2625 5257 2767 5325 quod
2810 5259 2938 5311 mihi
2961 5252 3153 5327 'printa
3184 5252 3363 5314 fronte
3407 5252 3730 5331 videbatur),
3766 5262 3810 5315 is
3842 5252 3989 5329 sciat,

2415 5326 2523 5379 ἀπὸ
2551 5328 2731 5381 κοινοῦ
2780 5331 3070 5386 repetenda
3119 5339 3174 5383 et
3217 5333 3446 5386 aptanda
3494 5333 3745 5386 omnibus
3795 5348 3989 5386 Νευρο-

2415 5344 2523 5379 απο
2551 5344 2731 5381 κοινου
2780 5344 3070 5398 repetenda
3119 5344 3174 5383 et
3217 5344 3446 5399 aptanda
3494 5344 3745 5386 omnibus
3795 5348 3990 5401 prame-

2410 5397 2662 5519 ;(et:l1ibus
2717 5399 2803 5451 illa
2854 5406 3015 5469 (vers.
3049 5399 3159 5471 11),
3197 5400 3385 5473 ἐδήλου
3439 5402 3647 5473 ἐναργῆ
3695 5406 3987 5476 τεκμήρια.

2434 5470 2598 5608 υἷῗῖἱ)
2632 5538 2733 5591 Pro
2762 5538 3055 5607 ἐφύλαττον
3076 5542 3193 5595 cml.
3218 5542 3337 5597 Vat.
3370 5544 3475 5599 650
3492 5544 3651 5597 habet
3674 5544 3986 5605 ἐκάλυπτον,

2414 5620 2467 5662 et
2522 5624 2776 5689 nnix‘pro
2812 5610 3194 5689 tofiﬁbvlegit.
3224 5613 3410 5667 τοῦτον
3443 5615 3552 5667 τόν.
3595 5614 3749 5689 ἶρις.
3791 5615 3983 5689 post)?"

2416 5692 2530 5755 post
2562 5681 2752 5755 ἐδήλου
2806 5681 2949 5755 addit
2983 5684 3111 5755 γάρ.
3155 5682 3306 5738 Vers.
3337 5700 3451 5753 seq.
3493 5701 3590 5755 pro
3620 5685 3766 5750 ὅστις
3792 5681 3986 5739 scribit

2417 5751 2665 5826 itl‘t‘lllétt
2709 5753 2756 5803 6.
2813 5751 2962 5806 Vers.
3020 5751 3140 5809 inde
3190 5751 3569 5825 quitum—nuto
3614 5755 3806 5826 λύτρον
3860 5756 3984 5810 tollit

2416 5821 2540 5890 γάρ.
2580 5820 2792 5875 Possm.
