4164 6500
247 519 387 585 1133

1059 589 1063 592 ἠ
1141 517 1681 579 EPISTOLARUM
1720 518 1866 577 LIB.
1909 518 2006 579 IV.
2046 542 2116 551 --
2150 518 2388 579 EPIST.
2434 517 2684 580 LXXIV.

3401 509 3538 573 113%

247 627 436 699 σύνην.
496 625 885 696 ’Δντεισήγαγε
926 623 1033 696 γὰρ
1069 624 1262 696 λύτρον
1286 637 1377 679 τῦν
1417 627 1720 696 Μονογενῆ,
1749 627 1837 678 ἵνα

1944 628 2101 695 guinc
2147 643 2300 681 suam
2354 627 2665 682 ostenderet
2703 624 2996 694 justitiam.
3041 623 3341 678 Introduxit
3393 628 3537 677 enim

243 721 348 793 ἔχῃ
377 720 535 788 λόγον
567 720 598 789 ἡ
643 721 823 787 χάρις.
867 717 964 770 Ἐν
994 718 1102 786 γὰρ
1132 717 1273 788 ὑπὲρ
1316 717 1554 781 πάντων,
1586 717 1679 770 καὶ
1702 716 1843 786 ὑπὲρ

241 814 347 872 τὴν
392 814 615 868 πάντων
642 811 800 877 ἀξίαν
833 812 1026 882 ίερεῐον
1054 810 1372 881 δεξάμενος,
1405 811 1498 865 καὶ
1521 809 1618 880 τὴν
1641 809 1843 880 ἔχθραν

237 906 425 971 ἔλυσε,
469 905 564 960 καὶ
606 903 705 976 τὴν
764 901 1064 972 καταδίκην
1110 901 1311 972 ἀφῆκε,
1339 898 1434 956 καὶ
1462 903 1542 966 είς
1569 900 1843 954 υἱοθεσίαν

241 997 417 1066 ἀνῆγε
451 995 583 1066 (55),
617 995 710 1049 καὶ
752 992 967 1065 μυρίοις
1021 993 1246 1060 ἀγαθοῖς
1298 992 1599 1064 ἐκόσμησε.
1648 990 1731 1046 Τὰ
1784 991 1842 1045 δὲ

241 1085 536 1159 χερουϐὶμ,
567 1083 758 1156 θρόνος
782 1081 914 1135 ὄντα
941 1081 1036 1135 καὶ
1058 1080 1210 1153 ἅρμα
1235 1080 1331 1135 τοῦ
1354 1080 1490 1135 Θεοῦ
1520 1082 1579 1152 (ι
1626 1080 1684 1135 ’0
1708 1078 1844 1143 καθ-

241 1178 447 1248 ήμενος
474 1175 582 1246 γὰρ
616 1172 708 1227 ἐπὶ
743 1171 852 1226 τῶν
888 1172 1178 1243 χερουὸὶμ,
1210 1171 1490 1244 ὲμφάνηθι
1523 1171 1578 1242 ι)
1599 1212 1615 1236 ,
1647 1169 1840 1243 ἐδήλου

235 1267 335 1321 τὸν
356 1259 401 1334 ᾧ
427 1263 861 1320 κατεσκεύασται
885 1263 913 1316 ό
962 1263 1107 1328 ναὸς,
1157 1265 1237 1317 ὅτι
1277 1262 1581 1335 ἀχώριστός
1607 1263 1722 1316 ἔστι
1747 1263 1842 1316 καὶ

239 1358 676 1430 ἀσχημάτιστος.
733 1356 846 1424 Τῆς
893 1355 950 1408 δὲ
1005 1353 1286 1425 βασιλείας
1336 1352 1504 1409 αὑτοῦ
1564 1351 1835 1422 σύμϐολον

240 1450 425 1516 ἔκειτο
459 1445 654 1508 ταῦτα.
713 1446 934 1517 Ἐπειδὴ
961 1446 1071 1522 γὰρ
1111 1446 1240 1500 ναοῦ
1270 1445 1429 1514 λόγος
1453 1444 1648 1509 οὐδεὶς,
1676 1444 1735 1499 ὃν
1763 1445 1839 1516 μὴ

241 1541 434 1610 στέφει
476 1540 730 1610 ἄγαλμαο
767 1538 799 1590 ό
844 1538 903 1592 δὲ
946 1538 1155 1591 τούτων
1199 1536 1422 1608 ἡγεμὼν
1475 1537 1568 1590 καὶ
1605 1537 1840 1608 ποιητὴς

239 1634 505 1696 ἐπέκεινα
545 1632 730 1702 πάσης
783 1629 999 1699 φύσεώς
1027 1633 1143 1683 ὲστι
1201 1631 1296 1684 καὶ
1333 1629 1682 1701 ἀνθρωπίνης
1714 1630 1838 1682 sm—

238 1724 413 1788 νοίας,
437 1723 525 1776 διὰ
546 1723 641 1776 τοῦ
667 1719 859 1792 θρόνου
891 1720 1002 1795 (56)
1029 1719 1122 1774 τοῦ
1149 1720 1542 1790 παμϐασιλέως
1565 1719 1836 1781 Δεσπότου

237 1816 650 1887 ὲχαρακτήρισε
699 1815 839 1886 (57).
897 1815 972 1867 Τὸ
1017 1814 1075 1867 δὲ
1141 1814 1338 1885 μάννα,
1402 1814 1496 1868 καὶ
1554 1814 1588 1885 ἡ
1641 1811 1838 1885 ῥάὸδος

253 1907 469 1979 Ἀαρὼν
506 1911 539 1979 ἡ
583 1907 968 1979 βλαστήσασα,
1021 1905 1238 1977 μηνύει,
1288 1906 1348 1962 τὸ
1389 1905 1509 1976 μὲν,
1552 1906 1633 1959 ὃτι
1685 1904 1837 1970 Θείας

239 1997 601 2062 ἀπολαύσεώς
652 2014 711 2050 τε
761 1997 856 2050 καὶ
906 1997 1115 2069 τροφῆς
1162 1997 1190 2048 ό
1241 1997 1352 2049 τῶν
1410 1996 1569 2049 θείων
1621 1995 1840 2067 θεσμῶν

1947 1996 2157 2065 positus
2193 2004 2323 2060 est,
2349 2010 2624 2066 supraque
2650 1993 2868 2051 omnem
2903 1995 3158 2050 humanae
3190 1995 3388 2054 mentis
3411 2010 3549 2052 con.
3635 2001 3659 2022 °

241 2089 423 2159 φύλαξ
449 2089 864 2159 κοινωνήσειεν·
900 2090 934 2158 ἡ
961 2089 1038 2154 δὲ,
1071 2088 1154 2141 ὅτι
1177 2089 1225 2141 οἱ
1257 2087 1691 2160 παραϐαίνοντες
1734 2089 1837 2142 αύ-

238 2185 392 2248 τοὺς,
433 2185 527 2236 καὶ
559 2184 606 2236 οἱ
647 2185 714 2253 τῇ
762 2182 1031 2253 ἱερωσύνῃ
1073 2181 1133 2234 οὺ
1178 2180 1409 2244 δεόντως
1431 2179 1831 2251 ἐπιπηδῶντες,

242 2275 808 2348 σωφρονισθὴσονται.

1944 720 2180 788 pretium
2213 720 2604 790 redemptionis
2638 719 2976 787 unigenitum
3007 718 3204 773 Filium
3248 735 3430 783 suum,
3483 730 3542 773 ut

1945 807 2125 863 locum
2161 825 2226 864 ac
2255 809 2525 866 rationem
2556 809 2760 878 justam
2794 809 3022 864 haberet
3052 809 3229 880 gratia
3263 824 3330 864 ac
3358 811 3534 866 venia.

1944 899 2116 959 Unica
2162 901 2306 956 enim
2345 917 2442 971 pro
2477 902 2732 958 omnibus
2784 908 3001 971 recepta
3035 901 3278 965 victima,
3310 917 3540 973 quaeque

1941 992 2183 1046 omnium
2215 992 2535 1062 dignitatem
2582 1007 2647 1047 ac
2688 993 2921 1062 pretium
2957 991 3117 1063 longe
3153 1002 3460 1062 superaret,
3486 1005 3542 1050 et

1941 1080 2286 1140 inimicitiam
2324 1083 2596 1147 dissolvit,
2634 1093 2688 1138 et
2735 1083 3245 1142 condemnationem
3308 1087 3538 1154 remisit,

1940 1171 2074 1227 etin
2104 1171 2450 1242 adOptionem
2503 1171 2737 1227 tiliorum
2792 1187 2891 1228 nos
2945 1173 3178 1238 reduxit,
3217 1183 3270 1229 et
3311 1175 3540 1234 inﬁnitis

1940 1262 2098 1319 bonis
2123 1263 2426 1319 exornavit.
2466 1262 2760 1319 Cherubim
2789 1277 2941 1328 vero,
2965 1278 3086 1334 quas
3116 1275 3274 1318 erant
3307 1265 3539 1321 thronus

1940 1363 2210 1410 etcurrus
2242 1354 2333 1409 Dei
2361 1354 2644 1426 (scriptum
2666 1364 2753 1411 est
2776 1355 2919 1410 enim
2956 1373 2968 1409 :
3005 1373 3020 1406 ι
3057 1355 3158 1421 Qui
3194 1357 3354 1410 sedes
3376 1371 3545 1425 super

1940 1445 2246 1512 cherubim,
2273 1446 2628 1503 manifestare
2657 1447 2701 1479 ⁵ο
2741 1447 2815 1518 ι),
2865 1448 3014 1502 illum
3047 1447 3429 1515 ostendebant,
3454 1448 3541 1504 cui

1939 1537 2217 1592 conditum
2262 1549 2381 1593 erat
2411 1539 2696 1608 templum,
2734 1538 2875 1608 quod
2923 1539 3043 1596 loco
3081 1540 3202 1608 capi
3263 1548 3316 1594 et
3371 1539 3542 1609 ﬁgura

1939 1629 2171 1697 exprimi
2195 1644 2304 1684 non
2337 1631 2530 1699 possit.
2565 1629 2733 1702 Regni
2787 1639 2969 1685 autem
3018 1631 3188 1699 ipsius
3228 1630 3346 1686 haec
3383 1641 3546 1686 erant

1940 1719 2113 1789 posita
2145 1720 2411 1792 symbola.
2442 1721 2579 1789 Quia
2613 1723 2756 1778 enim
2792 1722 2935 1784 nulla
2966 1723 3201 1777 habetur
3239 1723 3382 1778 ratio
3413 1722 3534 1791 ejus

1941 1809 2153 1880 templi,
2181 1810 2323 1880 quod
2351 1810 2554 1871 nullum
2595 1821 2818 1867 coronat
2863 1811 3215 1868 simulacrum
3247 1831 3261 1868 :
3293 1812 3382 1868 ille
3413 1829 3544 1870 vero

1942 1904 2136 1966 horum
2184 1918 2389 1974 praeses
2433 1912 2488 1958 et
2520 1903 2776 1960 conditor
2819 1903 2962 1958 ultra
3018 1917 3236 1958 omnem
3292 1914 3544 1962 naturam

1947 2096 2186 2157 ceptum,
2216 2102 2314 2158 per
2350 2088 2605 2142 thronum
2638 2089 2896 2144 omnibus
2939 2087 3304 2158 imperitantis
3329 2086 3544 2142 Domini

1942 2180 2118 2248 ipsum
2147 2187 2633 2250 repraesentarunt.
2660 2177 2857 2232 Manna
2887 2192 3038 2246 vero,
3061 2186 3116 2233 et
3139 2179 3290 2252 virga
3309 2179 3546 2235 Aaronis

1938 2286 2058 2340 qua:
2084 2271 2438 2341 germinarat,
2470 2269 2765 2341 signiﬁcat,
2794 2269 2926 2325 illud
2976 2269 3196 2342 quidem
3223 2269 3366 2339 quod
3409 2270 3549 2326 divi-

241 2384 439 2424 narum
469 2369 650 2439 legum
705 2376 890 2423 custos
950 2366 1223 2436 particeps
1294 2365 1462 2420 etiam
1514 2364 1728 2419 futurus
1777 2365 1849 2419 sit
1883 2363 2097 2419 fructus
2172 2372 2226 2418 et
2266 2363 2508 2419 alimenti
2574 2363 2792 2419 divini:
2829 2364 2931 2418 ista
2960 2378 3110 2430 vero,
3143 2365 3286 2435 quod
3333 2379 3542 2420 eorum-

240 2458 366 2513 dem
403 2463 855 2526 transgressores,
881 2454 1081 2524 quique
1106 2455 1160 2508 in
1186 2453 1553 2511 sacerdotium
1583 2469 1690 2510 non
1715 2454 2107 2510 convenienter
2135 2453 2414 2522 insiliunt,
2450 2453 2710 2524 puniendi
2744 2453 2872 2510 sint.

622 2568 738 2619 ex.
781 2595 846 2608 ——
877 2567 1077 2636 ΜΠΝᾼ
1120 2567 1448 2638 ΔιΑιςοΝᾳ.

419 2675 560 2743 Περὶ
587 2674 698 2742 τῆς
733 2672 855 2727 τῶν
883 2673 1195 2728 Ἰουδαίων
1214 2672 1654 2743 αίχμαλωσίας.

327 2783 520 2835 Ἦνίκα
549 2782 642 2835 τὸν
675 2780 1118 2851 πολυθρύλλητον
1170 2783 1376 2835 ἐκεῖνον
1418 2782 1568 2848 ναὸν,
1605 2780 1701 2835 κα).
1739 2780 1835 2854 τὴν

241 2875 572 2946 περιϐόητον
622 2873 718 2926 καὶ
753 2873 983 2936 πολλοὺς
1027 2872 1303 2944 πολέμους
1351 2874 1656 2944 ἀναιμακτὶ
1681 2876 1838 2944 νική-

241 2983 418 3021 σασαν
451 2965 559 3017 τῶν
595 2962 862 3018 Ἰουδαίων
885 2962 1219 3038 μητρόπολιν
1244 2962 1356 3032 πῦρ
1389 2962 1720 3034 Ῥωμαϊκὸν,
1751 2961 1841 3016 διὰ

237 3055 305 3107 τὸ
337 3052 710 3123 τετολμῆσθαι
735 3054 794 3106 ὲν
829 3053 966 3123 αὐτῇ
993 3054 1134 3106 κατά
1171 3051 1269 3106 τοῦ
1293 3052 1534 3123 Χριστοῦ
1567 3053 1636 3106 τά
1679 3053 1840 3107 ἀτόλ-

243 3164 417 3225 μητα,
494 3144 670 3198 ἔκλινε
693 3161 707 3174 ·
746 3145 869 3197 τότε
904 3144 968 3213 δὴ
1005 3144 1100 3197 καὶ
1127 3144 1283 3198 αὐτοὶ
1321 3143 1598 3216 πανταχοῦ
1626 3145 1724 3215 τῆς
1760 3146 1840 3197 οξ-

241 3235 520 3306 κουμὲνης
560 3231 923 3304 αἰχμαλώτων
965 3233 1167 3304 τρόπον
1217 3233 1618 3305 διεσπάρησαν.
1667 3234 1839 3288 Δυνάο

2287 2566 2523 2623 LXXIV.
2557 2598 2628 2608 —
2657 2566 2874 2633 MENIE
2903 2565 3227 2626 DIACONO.

2086 2672 2166 2754 De
2195 2672 2512 2729 Judworum
2539 2673 2848 2740 captivitate
2879 2671 2951 2745 [et
2977 2671 3189 2728 excidio
3208 2668 3414 2753 ﬁnali].

2015 2783 2248 2851 Quando
2281 2785 2701 2840 celeberrimum
2737 2784 2867 2840 illud
2904 2783 3186 2854 templum,
3217 2792 3274 2838 et
3313 2781 3544 2854 famige-

1944 2875 2277 2930 ratissimam
2328 2873 2639 2933 Judaeorum
2699 2875 3067 2944 metropolim,
3113 2888 3238 2945 quae
3279 2872 3464 2928 multis
3493 2875 3546 2929 in

1950 2966 2110 3022 bellis
2143 2966 2350 3036 absque
2388 2967 2654 3037 sanguine
2706 2965 2904 3021 victrix
2962 2965 3092 3021 olim
3135 2966 3368 3031 exstitit,
3404 2965 3548 3034 ignis

1950 3056 2235 3112 Romanus
2264 3059 2332 3111 ad
2364 3066 2564 3112 terram
2601 3056 2905 3124 inclinavit,
2935 3057 3077 3126 quod
3110 3056 3163 3111 iu
3207 3057 3324 3128 ipsa
3355 3063 3545 3112 contra

1946 3147 2224 3205 Cln'istum
2253 3148 2474 3204 infanda
2507 3149 2596 3204 illa
2622 3149 2825 3205 fuerint
2848 3157 3159 3220 perpetrata
3191 3166 3204 3203 :
3259 3157 3388 3205 tunc
3415 3164 3551 3206 sane

1947 3249 2001 3296 et
2036 3240 2138 3310 ipsi
2175 3256 2274 3309 per
2310 3250 2481 3296 totum
2535 3242 2724 3296 orbem
2784 3253 3053 3296 terrarum
3115 3241 3291 3304 instar
3337 3243 3549 3300 manci-

245 3347 410 3400 μενος
468 3327 576 3399 γὰρ
619 3327 818 3390 αὐτοὺς
861 3326 1071 3384 ἀνελεῖν
1101 3327 1261 3390 αὐτὸς
1304 3329 1333 3379 ὁ
1360 3325 1734 3398 παροινηθεὶς,
1759 3327 1847 3384 διὰ

1951 3331 2164 3404 piorum
2194 3332 2424 3402 dispersi
2449 3341 2594 3389 sunt.
2625 3332 2759 3388 Cum
2787 3333 2932 3388 enim
2955 3347 3050 3389 eos
3081 3334 3197 3403 ipse
3219 3335 3311 3406 qui
3347 3333 3548 3406 injuria

243 3419 422 3474 πολλά
448 3419 606 3473 τοῦτο
629 3419 690 3472 οὺ
723 3418 995 3489 πεποίηκε
1015 3435 1027 3447 ·
1057 3419 1276 3491 πρῶτον
1303 3418 1406 3490 μὲν
1432 3419 1625 3492 καιρὸν
1655 3420 1842 3485 αὐτοῖς

245 3512 539 3585 μετανοίας
571 3510 750 3576 διδούς
777 3527 789 3540 ·
826 3511 1078 3583 δεύτερον
1108 3511 1165 3565 δὲ
1195 3511 1282 3566 ἴνα
1299 3513 1518 3577 καὶτὰς
1538 3514 1844 3583 ἀποφάσεις

242 3606 412 3663 αὐτοῦ
444 3607 556 3676 (58)
608 3605 788 3658 ἴδωσιν
827 3607 906 3668 είς
952 3605 1114 3677 ἔργον
1163 3605 1556 3676 ὲκϐεὸηκυίας.
1626 3606 1688 3659 Ἦ
1742 3608 1843 3678 μὲν

242 3698 356 3770 γὰρ
381 3693 467 3769 ἦν’
496 3717 513 3750 ι
550 3697 681 3751 Ἰδοὺ
718 3699 935 3766 ἀφίεται
963 3700 992 3750 ὁ
1020 3694 1166 3762 οἶκος
1191 3698 1345 3769 ὑμῶν
1369 3698 1574 3769 ἔρημος
1594 3716 1608 3730 ·
1639 3716 1658 3750 ι
1688 3701 1720 3770 ὴ
1754 3699 1840 3768 δὲ,

248 3807 270 3843 ς
313 3791 390 3843 Οὐ
437 3790 512 3860 μὴ
549 3792 708 3860 μείνῃ
742 3789 888 3852 λίθος
933 3790 1028 3841 ἐπὶ
1061 3789 1229 3854 λίθον,
1274 3790 1332 3853 ὃς
1362 3791 1422 3842 ού
1467 3789 1842 3860 καταλυθήσε-

240 3898 368 3941 ταιο
415 3901 432 3932 ι
475 3883 680 3953 τρίτον,
726 3881 813 3934 ἵνα
851 3879 1127 3951 πανταχοῦ
1176 3882 1277 3950 τὴν
1315 3880 1479 3944 δόξαν
1515 3881 1680 3934 αὑτοῦ
1720 3881 1841 3935 διαο

242 3973 572 4044 λάμπουσαν
603 3972 892 4044 θεώμενοι,
934 3973 1403 4043 παρακνίζωνται,
1432 3973 1526 4026 καὶ
1552 3974 1843 4044 ἐννοήσαν-

241 4083 338 4130 τες
368 4067 451 4119 ὅτι
474 4065 694 4119 ἐπὶτῶν
733 4067 1016 4138 προγόνων
1044 4066 1139 4119 καὶ
1168 4065 1710 4137 είδωλολατροῦντες,
1745 4067 1840 4122 καὶ

241 4154 762 4224 παιδοκτονοῦντες,
812 4157 908 4210 καὶ
967 4156 1255 4228 προφήτας
1305 4155 1626 4225 σφάζοντες,
1689 4157 1840 4211 οὐδὲν

241 4248 491 4303 τοιοῦτον
526 4247 751 4312 ἔπαθον,
789 4247 924 4302 ἀλλὰ
950 4248 1434 4318 σωφρονιζόμενοι,
1471 4249 1630 4302 πάλιν
1660 4250 1841 4304 οἶκαδε

242 4342 589 4413 ἐπανήγοντο
611 4358 625 4372 θ
658 4341 754 4396 νῦν
791 4341 850 4396 δὲ
880 4341 1264 4412 αἰχμαλωσίαν
1303 4341 1669 4412 ὑπομένουσιν
1705 4343 1839 4397 ἀνα-

243 4433 497 4504 κλήσεως
527 4432 756 4506 άμοιρον
777 4450 789 4463 ’
828 4433 923 4488 καὶ
961 4434 1061 4504 τὴν
1088 4433 1346 4504 ἀλήθειαν
1381 4435 1672 4504 ὲπιγνοῖεν.
1701 4436 1763 4488 El
1787 4435 1842 4488 δὲ

247 4526 328 4599 μὴ
357 4526 462 4580 ὑπὸ
492 4527 601 4580 τῶν
629 4525 972 4597 πραγμάτων
1010 4525 1374 4589 παιδευθείεν,
1404 4525 1492 4578 διὰ
1529 4525 1636 4579 τῶν
1666 4528 1842 4579 ἐκεῖσε

241 4619 530 4690 τιμωριῶν
587 4619 681 4672 καὶ
729 4619 955 4682 ἄκοντες
1003 4618 1466 4689 ὁμολογήσουσιν,
1510 4618 1598 4672 ὅτε
1655 4619 1842 4680 αὐτοῖς

241 4709 349 4779 τῆς
376 4708 770 4780 μεταγνώσεως
801 4709 992 4779 ὄφελος
1022 4708 1196 4762 οὐδέν.

1951 3432 2058 3476 tam
2109 3424 2322 3478 enormi
2373 3421 2600 3479 aﬂ‘ectus
2652 3421 2849 3490 fuerat,
2894 3422 3085 3480 tollere
3132 3425 3201 3480 de
3241 3426 3420 3482 medio
3451 3443 3548 3497 po-

1949 3515 2161 3579 tuisset,
2193 3514 2378 3571 multis
2428 3516 2495 3571 de
2523 3515 2707 3571 causis
2738 3515 2789 3570 id
2827 3530 2933 3572 non
2968 3514 3139 3580 fecit:
3173 3515 3338 3590 ‘53
3369 3518 3547 3587 primo

1946 3606 2166 3677 quidem
2233 3617 2445 3676 tempus
2507 3609 2640 3678 ipsis
2694 3608 3002 3666 concedens
3049 3608 3118 3664 ad
3163 3610 3544 3679 pmnitentiam

1945 3698 2256 3766 agendam;
2302 3697 2499 3754 deinde
2533 3714 2682 3764 vero,
2719 3709 2780 3754 ut
2838 3709 2893 3756 et
2947 3695 3340 3771 praedictiones
3367 3701 3548 3771 ipsius

1947 3788 2274 3843 viderentin
2301 3804 2438 3857 opus
2470 3789 2784 3857 productas.
2817 3789 2936 3844 Alia
2967 3790 3114 3845 enim
3145 3800 3265 3846 erat
3296 3808 3310 3844 :
3345 3810 3364 3844 ι
3405 3792 3548 3848 Ecce

1945 3875 2274 3946 relinquitur
2296 3878 2490 3933 domus
2514 3887 2693 3936 vestra
2721 3880 2940 3937 deserta
2961 3882 3028 3934 δι.
3057 3901 3075 3931 ι
3109 3881 3230 3936 Alia
3251 3891 3370 3936 erat
3391 3882 3543 3938 haec:

1953 3985 1971 4019 ι
2004 3967 2121 4024 Non
2165 3970 2403 4024 manebit
2445 3970 2584 4040 lapis
2631 3987 2797 4044 super
2847 3972 3106 4042 lapidem,
3154 3974 3246 4044 qui
3298 3987 3405 4028 non
3450 3974 3544 4030 de-

1947 4068 2192 4113 struetur
2240 4059 2305 4113 ⁵⁸.
2348 4079 2365 4109 ι
2407 4057 2615 4127 Tertio,
2659 4073 2717 4115 ut
2762 4061 2962 4132 ubique
3012 4062 3259 4118 locorum
3312 4062 3544 4134 gloriam

1949 4151 2118 4220 ipsius
2157 4150 2452 4221 fulgentem
2499 4153 2923 4222 conspicientes,
2979 4165 3209 4210 urantur
3261 4163 3362 4210 :et
3417 4156 3546 4210 dum

1947 4244 2187 4314 cogitant
2221 4259 2305 4310 se,
2338 4244 2604 4316 majorum
2635 4261 2861 4301 suorum
2900 4249 3259 4318 temporibus,
3293 4249 3545 4317 quamvis

1946 4348 2002 4394 et
2027 4337 2395 4394 idololatriam
2430 4348 2775 4406 exercerent,
2808 4349 2862 4394 et
2891 4339 3091 4395 liberos
3119 4341 3370 4411 proprios
3400 4341 3547 4395 occi-

1947 4427 2160 4494 derent,
2187 4440 2242 4485 et
2287 4433 2579 4501 prophetas
2636 4439 2964 4495 mactarent,
3021 4431 3157 4486 nihil
3206 4431 3316 4487 tale
3365 4440 3545 4496 tamen

1947 4537 2138 4589 passos
2190 4537 2309 4577 esse
2343 4541 2355 4575 :
2394 4525 2489 4578 sed
2538 4524 2856 4593 castigatos,
2895 4524 3114 4578 domum
3185 4524 3402 4578 tandem
3457 4538 3545 4577 rc-

1948 4615 2139 4669 ductos
2165 4613 2375 4681 fuisse;
2424 4629 2574 4668 nunc
2623 4623 2803 4668 autem
2843 4616 3219 4684 captivitatem
3273 4614 3546 4671 sustinere

1953 4707 2312 4762 revocatiouis
2342 4721 2565 4777 prorsus
2591 4715 2872 4776 expertem
2907 4724 2921 4761 ε
2954 4708 3089 4773 haec,
3136 4708 3380 4778 inquam,
3414 4707 3542 4762 dum

244 4801 389 4870 apud
436 4800 676 4853 animum
713 4808 986 4868 reputant,
1020 4799 1385 4854 utveritatem
1415 4813 1633 4870 quoque
1677 4797 2177 4868 agnoscant.Quod
2233 4800 2277 4854 si
2305 4801 2370 4853 ab
2436 4800 2566 4868 ipsis
2627 4814 2809 4854 rerum
2857 4799 3197 4869 argumentis
3237 4813 3358 4855 sese
3417 4814 3546 4854 eru-

248 4891 353 4946 diri
383 4907 489 4945 non
523 4891 822 4961 patiantur,
861 4891 1146 4946 tormentis
1169 4889 1559 4960 suppliciorum
1586 4891 1638 4945 in
1667 4890 1838 4948 altera
1876 4892 1984 4945 vita
2024 4890 2428 4960 propositorum
2490 4891 2569 4947 vel
2624 4891 2775 4946 inviti
2813 4891 2880 4946 ad
2955 4890 3352 4948 confessionem
3400 4892 3544 4948 veri-

249 4981 380 5035 tatis
436 4982 741 5050 adigentur,
799 4982 1014 5051 quando
1075 4979 1275 5035 nullam
1337 4980 1471 5050 ipsis
1528 4981 1848 5050 poenitentia
1889 4982 2176 5038 utilitatem
2205 4979 2410 5037 afferet.
2774 4986 2776 4989 ’

335 5135 380 5168 ⁵ο
417 5136 555 5190 Psal.
589 5153 777 5204 Lutx,
807 5139 862 5191 ‘2.
949 5139 990 5169 ⁵¹
1026 5138 1160 5195 Luc.
1201 5154 1319 5203 xm,
1356 5141 1445 5196 55.
1520 5140 1564 5170 ³³
1600 5139 1729 5192 ibid.
1772 5139 1826 5194 2.

1343 5292 1579 5348 VARI/It]
1621 5292 2008 5352 [ιΕΟΓΙΟΝιξὶὸ
2048 5297 2134 5351 ΕΤ
2175 5296 2409 5353 NOTAE.

328 5455 440 5524 ('55)
483 5454 626 5508 {dem
668 5454 789 5509 cod.
841 5453 1011 5524 ἀνῆγε
1061 5463 1232 5506 mutat
1277 5455 1327 5524 in
1357 5454 1625 5524 ἀνήγαγε.
1676 5452 1829 5510 Vers.

252 5522 374 5594 seq.
405 5541 503 5594 pro
529 5525 657 5577 ὄντα
691 5524 816 5591 legit
832 5522 928 5578 ὢν.
952 5523 1104 5580 Vers.
1156 5533 1274 5591 post
1299 5523 1355 5589 ὅ,
1387 5522 1692 5594 ἀχώριστος
1718 5542 1835 5578 ιιιυ-

257 5608 332 5649 tat
370 5597 420 5648 in
449 5595 752 5666 ἁχώρητος,
789 5608 841 5650 et
880 5611 1023 5666 yers.
1060 5597 1299 5666 srcundo
1331 5605 1449 5666 post
1479 5595 1662 5666 στέφει
1689 5597 1838 5649 addit.

252 5667 335 5720 τό.
363 5665 512 5721 Va-rs.
535 5681 650 5735 seq.
675 5681 771 5735 pro
800 5665 1026 5729 τούτων,
1052 5666 1212 5719 habet
1230 5665 1338 5719 τῶν
1367 5665 1606 5719 πάντων.
1622 5665 1833 5720 Possm.

327 5735 439 5807 (56)
470 5737 595 5791 Post
620 5736 812 5806 θρόνου
846 5736 966 5791 cod.
1004 5735 1301 5807 Vattaddit
1331 5736 1450 5807 τὴν,
1485 5748 1540 5807 et
1583 5752 1707 5790 mox
1740 5752 1836 5804 pro

252 5805 515 5877 δεσπότου
547 5805 706 5861 habet
745 5807 1083 5860 δεσποτείαν.
1130 5805 1285 5862 Vers.
1321 5805 1446 5861 inde
1479 5806 1532 5872 2,
1569 5808 1836 5877 produro-

249 5875 495 5940 λαύσεως
542 5895 600 5929 τε
649 5878 764 5943 καὶ,
803 5877 975 5932 solum
1034 5878 1185 5948 ponit
1229 5875 1620 5948 ἀπολαύσεται.
1674 5875 1826 5932 Vers.

251 5950 444 6002 eodem
470 5958 519 6000 et
552 5963 666 6018 seq.
705 5950 846 6017 quod
878 5958 1056 6003 exstat
1083 5951 1133 6004 in
1164 5950 1309 6006 edito
1334 5947 1830 6019 κοινώνησενςιιιιιδι

1939 5472 1968 5510 a
2009 5458 2196 5511 codice
2232 5456 2408 5513 Vatic.
2447 5461 2571 5515 650.
2612 5461 2668 5514 lo

2011 5527 2124 5596 (57)
2159 5530 2470 5602 Δεοξπότου
2501 5533 2960 5602 ἐχαρακτήρισε.
3003 5537 3228 5591 Videtur
3274 5537 3326 5592 in
3367 5541 3548 5596 medio

1943 5599 2133 5682 deesse
2162 5599 2349 5682 αὑτὸνέ
2380 5617 2459 5682 sc.
2496 5605 2588 5682 τὸν
2610 5599 2862 5682 ἡγεμόνα
2895 5608 2988 5682 καὶ
3021 5613 3271 5679 ποτητήν.
3314 5610 3377 5664 Ει
3416 5612 3544 5682 ἐχα-

1949 5671 2272 5749 ρακτῂρισε,
2321 5671 2565 5749 δηλονότι
2598 5671 2683 5749 Δξτά
2730 5671 3026 5749 χερουβίμ,
3077 5671 3177 5734 ιιιὲὶ
3208 5671 3353 5749 ἠιιίε
3393 5671 3546 5737 malit

1949 5746 2056 5808 leg.
2089 5742 2562 5814 ὲχαρακτηρίσθη.
2596 5742 2766 5803 lltr'r.
2803 5742 2860 5788 '—
2893 5742 3157 5805 Sedvide
3204 5742 3543 5819 superiorem

1944 5823 2148 5863 nutum.

1941 5882 2150 6008 Poggii:
2181 5883 2288 5940 Pro
2349 5884 2516 5939 αὑτοῦ
2573 5889 2691 5944 cod.
2755 5887 2874 5944 Vat.
2941 5889 3048 5945 650
3109 5892 3271 5947 habet
3333 5894 3541 5965 αὐτοῖς,
