4164 6486
632 361 765 427 11:19

1828 359 1889 417 S.
1936 354 2223 416 lSIDORI
2266 348 2702 413 PELUSIOTJ'Z

3656 136 3659 137 ί
3700 118 3709 121 ἢ

3794 184 3857 213 1‘"

3694 212 3703 217 "
3772 212 3881 247 ea,
3912 220 3937 227 π

3738 288 3901 401 tua

626 473 1201 532 connnutavitﬁmnia
1232 474 1375 528 cnim
1405 471 1506 540 ipsi
1536 471 1961 536 cotnmisit,solo
1978 478 2205 537 excepto

2312 465 2527 533 ὀφθεὶς,
2591 466 2646 516 ἐν
2694 462 2749 514 δὲ
2802 460 2913 521 τοῖς
2963 440 3188 524 ὑψηλοῖς
3232 444 3519 540 ταπεινός·
3558 440 3657 540 καὶ
3678 439 3747 540 iv
3776 436 3899 540 μξν

630 567 844 620 imntine
872 566 1042 635 regio.
1073 564 1375 635 lmperabat
1405 562 1595 619 deinde
1639 560 1898 617 fratribus
1946 560 2058 615 suis
2098 559 2200 612 ite-

631 664 769 720 rato,
812 658 1025 726 quando
1076 654 1157 711 vel
1201 652 1507 724 incognitus
1553 660 1613 706 ut
1658 651 1843 718 l‘rater,
1877 648 2204 706 adorabatur

508 800 519 805 _
629 759 686 800 ut
734 762 849 801 rex.
889 747 1192 819 imperabat
1242 759 1458 816 quoque
1499 743 1755 816 Egypto.
1798 741 1932 798 Nam
1977 756 2098 796 cum
2149 740 2201 794 in

628 852 694 892 eo
723 848 860 893 esset
898 847 954 892 ut
993 838 1136 892 fame
1166 846 1578 893 consumeretur
1607 851 1669 889 ea
1719 836 1886 906 regio,
1915 847 2034 903 quis
2072 830 2204 886 alia-

632 940 749 981 rum
801 927 1075 995 regionum
1109 927 1291 982 nutris
1336 940 1458 983 esse
1504 924 1726 992 solebat,
1771 924 1951 980 divina
1986 920 2201 978 consilii

632 1012 969 1084 providentia
999 1029 1116 1070 eam
1162 1015 1296 1070 aluit
1323 1024 1376 1070 et
1405 1016 1762 1071 conservavit.
1795 1013 2086 1084 imperavit
2113 1013 2205 1068 de-

635 1104 795 1173 nique
820 1115 873 1159 et
934 1105 1159 1173 ipsemet
1192 1105 1315 1170 sibi,
1345 1105 1487 1174 quod
1512 1115 1595 1159 est
1641 1104 1850 1173 imperii
1888 1118 2058 1176 genus
2084 1116 2204 1157 om-

633 1196 781 1249 nium
847 1196 1161 1263 maximum,
1190 1196 1402 1266 quando
1440 1204 1498 1250 et
1544 1196 1595 1250 in
1631 1194 1921 1250 humilibus
1960 1194 2205 1249 sublimis

632 1295 954 1356 conspectus
975 1295 1080 1353 est,
1102 1296 1156 1343 et
1185 1287 1236 1343 in
1266 1281 1583 1343 sublimibus
1612 1287 1867 1342 humilis:
1896 1298 1951 1342 et
1972 1287 2024 1340 in
2049 1286 2207 1341 rebus

632 1378 850 1448 quidem
902 1378 1231 1450 turpissimis
1276 1379 1555 1435 servitutis
1593 1392 1785 1448 expers
1831 1377 2097 1448 planeque
2137 1376 2203 1431 li-

532 1530 535 1535 _
632 1464 762 1531 ber,
813 1467 866 1521 in
909 1468 1120 1523 decoris
1159 1476 1341 1524 autem
1388 1476 1443 1524 et
1485 1468 1724 1524 h0uestis
1770 1468 2205 1538 promptissimus

631 1568 793 1629 atque
825 1561 1245 1630 impigerrimns.
1291 1559 1428 1616 Nam
1464 1574 1636 1629 neque
1665 1559 1718 1613 in
1753 1569 1974 1628 paterna
2024 1558 2203 1625 domo,

633 1659 807 1719 neque
840 1652 893 1705 in
923 1651 1240 1723 Egyptiacs
1287 1667 1521 1722 unquam
1570 1652 1743 1707 elatus
1790 1658 1874 1706 est
1929 1649 2205 1722 superbia,

631 1756 754 1795 eum
784 1755 843 1797 se
868 1741 938 1807 ab
965 1743 1213 1799 omnibus
1241 1743 1386 1815 diligi
1417 1742 1638 1825 videret.
1672 1734 1860 1812 Neque
1900 1740 2045 1797 illius
2087 1756 2207 1795 mu-

633 1831 781 1889 lieris
824 1831 1096 1890 libidinem
1138 1836 1434 1901 accusavit,
1467 1849 1588 1889 cum
1637 1835 1852 1904 quidem
1887 1832 2205 1904 locupletent

636 1925 857 1980 haberet
885 1934 1073 1983 testem
1114 1925 1364 1997 impudici
1403 1926 1603 1981 amoris
1631 1926 1903 1997 egregiam
1954 1925 2207 1991 formam,

635 2015 860 2071 haberet
888 2031 1103 2087 quoque
1123 2016 1551 2074 benevolentiam
1575 2016 1689 2073 lteri
1707 2017 1805 2072 sibi
1833 2017 2205 2072 sssistentem:

634 2105 748 2169 qui,
807 2120 931 2160 cum
963 2107 1236 2163 accusatio
1289 2108 1445 2163 istius
1496 2107 1736 2163 criminis
1764 2120 1979 2177 prauam
2018 2105 2212 2174 capitis

630 2193 845 2260 atterat,
871 2210 940 2251 ne
967 2197 1181 2266 quidem
1213 2196 1345 2254 loris
1381 2212 1579 2255 caesum
1612 2197 1665 2253 in
1696 2211 1968 2255 carcerem
1998 2206 2207 2253 tantum

632 2282 890 2353 'conjecit.
924 2284 1078 2351 Quod
1111 2285 1157 2343 si
1197 2287 1320 2356 quis
1352 2286 1426 2343 sit
1459 2287 1549 2357 qui
1590 2286 1670 2343 sie
1706 2286 2001 2355 existimet,
2033 2286 2211 2358 ipsum

635 2373 785 2441 (talia
816 2388 1127 2445 perpessum
1145 2377 1312 2447 esse),
1337 2378 1593 2449 quoniam
1628 2393 1688 2435 se
1718 2377 1905 2435 ulcisci
1934 2394 2039 2436 non
2061 2388 2214 2450 pote-

636 2472 740 2529 rat,
776 2464 823 2521 is
856 2464 1017 2520 velim
1050 2466 1271 2538 cogitet,
1303 2483 1426 2524 eum
1466 2467 1819 2539 philosophia
1846 2482 2067 2539 operam
2114 2471 2210 2525 de-

634 2555 799 2611 disse.
830 2555 1031 2613 Deinde
1066 2558 1176 2627 jam
1226 2559 1429 2630 regiam
1464 2568 1779 2630 potestatem
1830 2562 2077 2634 adeptus,
2116 2578 2212 2634 po-

635 2643 781 2702 terat
804 2655 953 2701 certe
978 2646 1241 2718 iniuriam
1270 2648 1563 2705 vindicare.
1595 2648 1700 2705 Sed
1732 2664 1907 2721 neque
1928 2650 2213 2706 calumniis

635 2742 895 2807 gravatus
925 2738 1226 2806 accusavit,
1256 2752 1429 2808 neque
1470 2739 1524 2793 in
1569 2740 1865 2795 custodiam
1912 2738 2212 2809 coniectus,

636 2828 866 2898 imperio
907 2828 1009 2884 sibi
1054 2828 1107 2884 in
1135 2828 1256 2885 illos
1283 2831 1376 2899 qui
1407 2829 1536 2885 inibi
1566 2831 1805 2888 conclusi
1840 2832 2218 2888 detinebantur

622 2918 947 2985 .rommisso,
976 2921 1299 2990 superbivit,
1328 2929 1384 2976 et
1418 2920 1553 2977 alios
1577 2921 1944 2987 conculcavit;
1995 2924 2088 2979 sed
2119 2939 2208 2993 po-

637 3011 766 3076 tius,
787 3019 1044 3080 quantum
1070 3010 1123 3066 in
1149 3026 1207 3067 se
1228 3021 1368 3078 erat,
1388 3012 1623 3082 ipsorum
1650 3029 1788 3069 onus
1814 3016 2063 3070 mteroris
2085 3015 2212 3070 sile-

2301 528 2413 619 τόῖς
2433 555 2733 626 αἰσχίστοις
2762 548 3063 608 ἀδούλωτος
3094 542 3189 596 κατ’ι
3234 536 3541 607 “iam”,
3569 529 3735 626 ιδ’έᾶ

2304 618 2575 717 πρέπουσι
2617 639 3029 713 προθυμότατος
3063 634 3159 688 καὶ
3202 628 3548 690 ἀοκνότατος.
3589 618 3895 717 οὒτετξρ

2304 714 2362 792 ἐν
2397 739 2463 809 τῇ
2494 735 2743 806 πατρῴα,
2777 732 2904 786 οὔτε
2940 732 2998 784 ἐν
3024 731 3091 800 τῇ
3134 722 3479 794 Αίγυπτιακῇ
3517 718 3689 790 οίκίᾳ,
3735 714 3891 809 lim

2306 831 2385 895 είς
2412 808 2769 891 ἀτασθαλίαν,
2807 826 2951 898 ὀρῶν
2978 822 3173 878 ἐαυτὸν
3200 818 3352 891 παρὰ
3397 816 3617 871 πάντων
3651 808 3892 882 ἀγαπώ-

2309 940 2467 997 μενον
2489 942 2503 955 ·
2552 922 2673 977 ούδέ
2703 919 2930 992 ῆλεγξεν
2953 916 3172 987 ἐκείνης
3210 913 3311 985 τὴν
3348 907 3626 980 λαγνείαν,
3661 901 3896 976 ἔχωνώ

2309 1016 2407 1088 μὲν
2433 1014 2630 1078 κάλλος
2650 1011 2742 1066 τοῦ
2774 1010 2976 1083 ἔρωτος
3007 1007 3226 1076 ἐκείνης
3258 1003 3573 1069 ἀξιόπιστον
3603 998 3890 1070 μάρτυρα,

2304 1104 2403 1176 τὴν
2437 1105 2494 1159 δὲ
2529 1103 2742 1158 εὔνοιαν
2775 1100 2869 1156 τοῦ
2898 1100 3163 1155 δεσπότου
3192 1090 3722 1164 συναγωνιζομένην.
3784 1088 3894 1151 Ὃς

2304 1184 2391 1266 δὴ,
2427 1194 2524 1264 τῆς
2552 1192 2890 1264 κατηγορίας
2925 1190 3142 1261 σφαγὴν
3168 1186 3487 1256 ὼδινούσης,
3524 1184 3645 1238 οὐδὲ
3689 1179 3895 1252 μαστί-

2308 1284 2407 1352 ξας
2431 1287 2507 1350 εἰς
2542 1284 2922 1356 δεσμωτήριον
2945 1280 3219 1335 ἐνέϐαλεν.
3254 1280 3315 1334 Ei
3336 1278 3396 1333 δέ
3422 1293 3507 1340 τις
3542 1274 3776 1345 νομίζει,
3800 1270 3896 1324 διὰ

2304 1377 2368 1431 τὸ
2394 1377 2470 1448 μὴ
2490 1375 2810 1447 δεδυνῆσθαι
2861 1373 3198 1444 ἀμύνασθαι,
3246 1365 3745 1440 πεφιλοσοφηκὲναι
3800 1364 3895 1417 ὲν·-

2306 1469 2517 1532 νοείτω,
2560 1468 2644 1522 ὃτι
2687 1467 2810 1521 ούδέ
2851 1462 3179 1537 βασιλεύσας
3229 1461 3401 1533 αὐτὴν
3446 1460 3558 1533 (50)
3611 1456 3887 1528 ἠμύνατο.

2307 1559 2442 1615 Οὔτε
2472 1554 2565 1614 οὖν
2601 1557 3033 1629 συκοφαντηθεὶς
3056 1554 3305 1627 ἧλεγξεν,
3331 1552 3458 1607 οὔτε
3486 1553 3569 1606 εἰς
3591 1550 3653 1604 τὸ
3680 1550 3894 1615 οἴκημα

2306 1652 2589 1722 ἐμπεσὼν,
2603 1651 2700 1706 καὶ
2714 1651 2815 1722 τὴν
2833 1648 3008 1722 ἀρχὴν
3029 1648 3138 1703 τῶν
3153 1649 3333 1701 ἐκεῖσε
3349 1643 3731 1716 ἐμπιστευθεὶς
3747 1641 3833 1711 (51
3848 1643 3890 1703 ).

2312 1742 2456 1813 μέγα
2490 1744 2783 1815 ἐφρόνησε,
2816 1742 2912 1795 καὶ
2939 1743 3066 1804 τοὺς
3100 1741 3292 1804 ἄλλους
3322 1732 3896 1804 κατεπάτησενοὰυά

2311 1833 2406 1888 καὶ
2435 1833 2724 1902 ἐκούφισεν
2758 1824 2960 1897 αὐτῶν,
3008 1832 3086 1895 ὡς
3117 1829 3392 1899 ἐνεδέχετο
3414 1868 3429 1892 ,
3478 1826 3539 1881 τὸ
3575 1826 3673 1897 τῆς
3712 1822 3897 1893 λύπης

2310 1916 2495 1994 ἄχθος,
2519 1925 2583 1977 ἐκ
2603 1923 2713 1977 τῶν
2736 1922 2859 1976 καθ’
2888 1921 3083 1977 ἐαυτὸν
3106 1920 3257 1983 ίσως,
3274 1920 3357 1974 ὅτι
3384 1917 3583 1980 ἀδίκως
3607 1913 3894 1985 ἐϐέϐλητο,

2311 2011 2406 2066 καὶ
2434 2010 2565 2082 περὶ
2584 2010 2810 2065 ἐκείνων
2839 2009 3221 2082 λογισάμενος.
3254 2005 3495 2062 Είώθασι
3521 2006 3630 2077 γὰρ
3652 2004 3899 2066 ἅπαντες

2310 2103 2377 2157 ἐκ
2411 2102 2519 2156 τῶν
2558 2102 2680 2155 καθ’
2719 2102 2969 2165 ἑαυτοὺς,
2996 2100 3091 2155 καὶ
3136 2099 3266 2171 περὶ
3299 2098 3409 2152 τῶν
3434 2096 3609 2153 ἄλλων
3646 2095 3744 2158 τὰς
3779 2092 3898 2163 ψή-

2312 2212 2449 2264 φους
2480 2194 2697 2266 φέρειν·
2729 2195 2967 2264 μάλιστα
2987 2193 3033 2249 δ’
3060 2194 3290 2257 ἐκεῖνος,
3323 2191 3353 2244 ό
3371 2186 3647 2259 πανταχοῦ
3672 2186 3899 2256 δοκίμια

2310 2286 2412 2356 τῆς
2438 2287 2640 2357 ἀρετῆς
2666 2283 2935 2348 δεδωκὼς,
2959 2284 3035 2347 ὡς
3055 2283 3257 2355 χρυσὸς
3287 2283 3343 2334 ἐν
3365 2282 3500 2352 πυρὶ
3524 2276 3897 2350 βασανισθεὶς.

2314 2377 2409 2433 καὶ
2439 2378 2539 2448 τῆς
2566 2378 2777 2441 οἰκείας
2820 2372 3002 2443 δείξας
3043 2376 3156 2447 (52)
3185 2375 3253 2429 τὰ
3287 2373 3665 2445 γνωρίσματα.
3700 2370 3812 2423 Καὶ
3841 2369 3901 2422 τί

2312 2468 2472 2537 λέγω,
2536 2471 2597 2522 ἐν
2640 2466 2717 2539 τῷ
2769 2466 3074 2538 elaqueat;
3130 2464 3301 2520 Ἔνθα
3346 2465 3442 2518 καὶ⁹
3497 2464 3609 2523 τοῖς
3655 2460 3730 2531 μὴ
3770 2457 3900 2512 λίαν

2312 2561 2639 2631 ἀναλγήτοις
2691 2558 2938 2613 τίκτεται
2975 2576 3059 2622 τις
3084 2554 3560 2628 ταπεινοφροσύνη
3589 2554 3682 2607 καὶ
3721 2550 3901 2605 ἐπιεί-

2313 2670 2457 2718 κεια,
2490 2652 2525 2724 ἢ
2550 2653 2615 2705 ἐκ
2653 2649 2749 2705 τοῦ
2792 2649 3117 2712 συνειδότος,
3146 2649 3180 2720 ἢ
3220 2648 3285 2703 ἐκ
3307 2647 3400 2703 τοῦ
3428 2647 3591 2701 τόπου
3620 2644 3895 2715 φυομένη,

2322 2743 2485 2797 ὁπότε
2522 2741 2647 2796 οὔτε
2678 2743 2736 2796 ἐν
2762 2744 2829 2813 τῇ
2855 2741 3101 2812 βασιλεία
3128 2739 3371 2812 ἠλέγχθη
3389 2757 3404 2771 ’
3433 2737 3570 2794 ἀλλὰ
3591 2737 3751 2792 κάκεῖ
3792 2734 3895 2806 τὴν

2315 2833 2485 2904 αὐτὴν
2504 2832 2788 2905 πραότητα
2818 2831 2930 2902 (55)
2961 2832 3297 2899 ἐπεδείξατο,
3319 2828 3541 2901 τρέφων
3599 2828 3700 2900 μὲν
3725 2827 3894 2895 Λίγυ-

2315 2924 2523 2987 πτίους,
2552 2924 2646 2978 καὶ
2697 2926 2808 2986 τοῖς
2868 2922 3205 2993 πανταχόθεν
3266 2923 3462 2993 ἥκουσι
3511 2922 3666 2992 χεῖρα
3720 2934 3897 2987 σωτη-

2318 3016 2439 3085 ρίας
2471 3015 2582 3087 (36)
2626 3014 2867 3087 ὀρέγων·
2906 3014 3033 3078 τοὺς
3067 3012 3125 3067 δὲ
3158 3013 3423 3083 ἀδελφοὺς
3465 3013 3528 3067 οὐ
3581 3011 3743 3083 μόνον
3792 3010 3896 3062 οὐκ

636 3105 802 3167 vavit,
834 3102 1018 3172 procul
1051 3103 1230 3169 dubio,
1260 3104 1402 3175 quod
1449 3105 1565 3176 ipse
1611 3104 1809 3174 injuste
1840 3121 1905 3161 eo
1935 3106 2210 3176 coniectus

2315 3106 2678 3176 ἀμυνόμενος,
2720 3104 2856 3159 ἀλλὰ
2891 3105 2986 3159 καὶ
3029 3103 3357 3176 εὐεργετῶν.
3413 3104 3479 3155 Ὢ
3527 3102 3626 3196 τῆς
3668 3099 3891 3196 αρετῇς,

636 3202 803 3261 esset,
829 3208 895 3248 es
926 3195 1040 3249 suis
1081 3195 1288 3251 eventis
1316 3195 1680 3263 conjecturam
1724 3196 1927 3253 faciens
1951 3198 2112 3251 etiam
2148 3198 2213 3254 de

637 3283 879 3352 ipsorum
907 3282 1143 3339 casibus.
1186 3281 1369 3339 Solent
1400 3286 1542 3340 enim
1573 3286 1818 3356 plerique
1845 3301 2033 3343 omnes
2069 3302 2214 3343 mor-

638 3372 775 3427 tales
818 3386 883 3427 es
926 3373 1045 3429 suis
1074 3373 1233 3429 rebus
1262 3384 1425 3445 atque
1453 3377 1681 3443 eventis,
1738 3378 1804 3432 de
1842 3378 1963 3433 aliis
1997 3394 2216 3449 quoque

638 3463 962 3519 sententiam
1012 3462 1201 3542 ferre:
1243 3465 1404 3535 inque
1450 3469 1639 3537 primis
1682 3468 1735 3523 id
1780 3469 1910 3525 fecit
1955 3472 2091 3541 ipse,
2124 3473 2213 3542 qui

639 3553 838 3624 ubique
864 3540 1123 3625 praeclara
1175 3557 1393 3614 virtutis
1426 3559 1718 3627 specimina
1760 3560 1929 3628 dedit,
1963 3540 2216 3635 ﬁsa—et

643 3653 899 3715 tanquam
948 3660 1139 3701 aurum
1197 3646 1249 3702 in
1304 3646 1425 3718 igne
1480 3649 1795 3719 exploratus
1854 3653 2217 3725 probatusque

641 3732 763 3799 fuit,
787 3748 1006 3805 suasque
1030 3736 1299 3805 aequitatis
1327 3737 1492 3792 animi
1530 3739 1728 3794 indicia
1774 3741 1907 3796 satis
1933 3742 2215 3799 manifesta

641 3823 888 3893 praebuit.
919 3823 985 3879 Et
1014 3824 1139 3895 quid
1169 3826 1289 3882 dico
1320 3827 1371 3882 in
1405 3841 1625 3884 carcere
1662 3829 1791 3900 (non
1836 3828 2001 3886 fuisse
2023 3846 2214 3901 super-

641 3913 814 3984 bum),
844 3914 933 3970 ubi
962 3916 1127 3971 etiam
1174 3915 1281 3973 illis
1309 3932 1524 3988 quoque
1553 3918 1834 3975 humilitas
1865 3927 1923 3976 et
1952 3921 2216 3979 modestia

642 4004 916 4074 animique
974 4007 1263 4064 submissio
1316 4007 1497 4079 aliqua
1547 4009 1917 4081 ingeneratur,
1969 4012 2059 4083 qui
2110 4028 2216 4069 non

643 4104 769 4150 sunt
804 4096 1004 4167 alioqui
1046 4097 1200 4153 valde
1251 4099 1413 4155 alieni
1460 4115 1489 4155 a
1538 4101 1747 4169 dolore,
1792 4118 1963 4174 eaque
2012 4105 2096 4161 vel
2150 4120 2219 4162 ex

642 4185 996 4253 conscientia,
1038 4186 1118 4243 vel
1160 4204 1227 4243 es
1251 4190 1419 4260 ipsius
1448 4189 1551 4246 loci
1580 4190 1833 4263 squalore
1877 4196 2044 4251 nata?
2080 4196 2215 4253 Cum

641 4293 818 4349 neque
850 4279 902 4334 in
934 4280 1052 4351 ipso
1080 4295 1245 4354 regno
1272 4283 1675 4354 reprehensioni
1710 4286 1871 4344 fuerit
1903 4290 2172 4346 obnoxius
2199 4309 2213 4348 :

642 4370 734 4424 sed
766 4370 835 4425 ibi
862 4386 1075 4443 quoque
1105 4375 1352 4432 eamdem
1393 4379 1863 4435 mansuetudinem
1906 4380 2216 4452 declararit,

2314 3194 2409 3248 καὶ
2458 3193 2643 3248 δοῦλον
2686 3192 3067 3265 μεγαλόφρονα
3119 3191 3491 3263 ἐπιδειξάσης,
3543 3189 3637 3243 καὶ
3670 3187 3897 3260 βασιλέα

2312 3284 2749 3356 ταπεινόφροναί
2800 3283 2847 3339 ὣ
2896 3284 3009 3356 (55)
3076 3286 3177 3355 τῆς
3223 3282 3540 3355 ἁπανταχοῦ
3593 3282 3660 3337 τὰ
3716 3282 3893 3335 οἰκεῖα

2314 3377 2590 3447 τεκμήρια
2624 3375 3055 3447 σημηναμένηςῐ
3104 3374 3150 3428 ὣ
3178 3376 3275 3447 τῆς
3310 3375 3684 3429 ἁταπεινώτου
3715 3374 3813 3446 μὲν
3834 3375 3892 3426 ἐν

2319 3470 2651 3539 συμφοραῖς,
2695 3467 2977 3531 ἐπιεικοῦς
3015 3468 3155 3522 δὲέν
3190 3468 3520 3539 ὑπεροχαῐςί
3563 3467 3609 3521 ὣ
3631 3467 3727 3537 τῆς
3754 3469 3890 3537 μήτε

2314 3560 2380 3629 τῇ
2427 3557 2687 3629 ἀσελγείᾳ
2723 3558 3076 3630 ἡττηθείσης,
3130 3558 3267 3630 μήτε
3294 3558 3390 3611 ἐπὶ
3444 3560 3509 3629 τῇ
3562 3556 3892 3627 συκοφαντίᾳ

2314 3648 2758 3721 δυσχερανάσηςι
2800 3648 2845 3703 ὣ
2882 3650 2980 3722 τῆς
3036 3652 3172 3705 πᾶσι
3227 3649 3325 3721 μὲν
3370 3649 3684 3721 βασιλικῶς,
3736 3652 3800 3720 τῇ
3845 3648 3890 3702 δ’

2316 3741 2474 3813 ἡδονῇ
2506 3741 2849 3813 τυραννικῶς
2874 3741 3263 3814 χρησαμένηςί
3295 3740 3341 3794 ὣ
3360 3741 3461 3812 τῆς
3486 3742 3580 3795 καὶ
3620 3742 3701 3804 είς
3729 3740 3893 3809 ἀνάγ-

2315 3844 2420 3904 κην
2448 3831 2799 3905 ἐμπεσούσης
2831 3833 3198 3905 διηγήσασθαι
3241 3833 3312 3886 τὰ
3356 3832 3481 3887 καθ’
3532 3832 3753 3904 ἑαυτὴν,
3802 3834 3892 3886 καὶ

2315 3927 2719 3999 ἐρυθριασάσης
2761 3927 2861 4000 τὴν
2906 3927 3166 4000 ἀλήθειαν
3223 3928 3420 3993 εἰπεῖν,
3480 3927 3570 3982 ἵνα
3639 3926 3712 3999 μὴ
3766 3927 3888 3997 δόξῃ

2323 4020 2593 4088 στέφανον
2624 4018 2983 4091 σωφροσύνης
3018 4022 3184 4092 ἑαυτῇ
3212 4020 3581 4093 περιτιθέναιι
3615 4018 3751 4073 Οὔτε
3788 4020 3893 4089 γὰρ

2318 4113 2429 4165 τῶν
2456 4110 2705 4181 ἀδελφῶν
2734 4110 2835 4182 τὴν
2862 4110 3154 4183 ἐπιϐουλὴν
3186 4112 3445 4183 ἐξέφηνεν
3465 4151 3479 4176 ,
3509 4110 3634 4166 οὔτε
3666 4111 3759 4165 τδν
3796 4112 3892 4182 τῆς

2320 4203 2627 4273 Αίγυπτίας
2672 4202 2881 4275 ἔρωτα·
2929 4202 3046 4257 ἀλλ’
3078 4203 3216 4275 ἔφη’
3252 4222 3271 4255 s
3321 4205 3513 4277 Κλοπῇ
3560 4206 3805 4277 ἐκλάπην
3833 4206 3892 4258 ἐκ

2318 4295 2424 4365 γῆς
2465 4294 2757 4364 Ἐϐραίων,
2806 4293 2902 4349 καὶ
2932 4286 3036 4349 ὧδε
3073 4294 3311 4365 ἐποίησα
3350 4295 3503 4349 οὐδὲν
3551 4295 3748 4349 κακόψ
3783 4296 3892 4349 ἀλλ’

2322 4387 2578 4442 ἐνέϐαλόν
2619 4405 2687 4459 με
2710 4388 2791 4451 είς
2823 4387 2917 4441 τὸν
2944 4387 3109 4441 τόπον
3147 4386 3243 4441 τοῦ
3275 4386 3478 4440 λάκκου
3520 4388 3729 4442 τούτου.
3764 4406 3782 4439 s
3811 4389 3893 4441 At-

643 4460 769 4552 dum
800 4472 855 4518 et
882 4462 1164 4536 [Egyptios
1196 4466 1387 4535 aleret,
1419 4479 1473 4525 et
1517 4470 1583 4527 iis
1627 4471 1719 4541 qui
1749 4474 1917 4529 variis
1964 4487 2031 4529 ex
2084 4474 2210 4533 locis

2324 4478 2498 4539 καίως
2526 4478 2634 4549 ἄρα
2662 4481 2690 4531 ὁ
2723 4479 2823 4551 τῆς
2852 4478 3210 4552 σωφροσύνης
3245 4478 3542 4551 νομοθέτης
3569 4479 3663 4534 καὶ
3685 4479 3889 4551 πρύτα-

644 4551 1020 4621 adveniebant,
1047 4571 1265 4612 manum
1294 4559 1583 4614 salutarem
1613 4564 1906 4631 praeberet;
1939 4573 1995 4621 et
2023 4567 2075 4620 in
2108 4566 2218 4622 fra-

645 4656 757 4702 tres
798 4660 902 4701 non
946 4647 1121 4702 solum
1162 4663 1266 4705 non
1314 4651 1790 4716 animadverteret.
1824 4669 2008 4710 verum
2052 4659 2215 4713 etiam

2326 4589 2408 4635 νις
2435 4566 2770 4641 ἐϐράϐευσεν
2804 4571 2956 4642 αὐτῷ
3006 4571 3098 4625 τὸν
3126 4572 3413 4642 στέφανον,
3439 4571 3777 4626 ἀπόϐλεπτον
3800 4570 3890 4641 μὲν

2321 4665 2434 4727 τοῖς
2465 4663 2651 4726 πάλαι,
2684 4662 2929 4733 ἀοίδιμον
2958 4662 3014 4715 δὲ
3050 4664 3165 4725 τοῖς
3194 4662 3333 4733 μετὰ
3372 4658 3886 4736 ταῦτα’ἀποφήνας.

640 4738 899 4795 beneﬁcia
926 4741 1218 4798 conferret.
1240 4741 1286 4799 Ο
1308 4744 1675 4802 incredibilem
1700 4749 1912 4806 virtutis
1940 4751 2074 4805 vim!
2096 4766 2215 4822 quas
2245 4766 2301 4811 et
2347 4772 2561 4812 servum
2606 4756 3008 4827 magnanimum
3031 4756 3296 4823 exhibuit,
3323 4766 3376 4811 et
3429 4772 3615 4829 regem
3644 4758 3887 4812 humilem

643 4842 802 4902 atque
833 4833 1156 4890 demissum!
1192 4834 1237 4891 0
1268 4836 1543 4908 virtutem,
1597 4854 1716 4910 quae
1762 4841 1938 4899 ubivis
1969 4842 2209 4900 locorum
2244 4848 2523 4904 manifesta
2595 4849 2677 4903 sui
2709 4850 2862 4919 signa
2889 4848 3085 4904 edidit!
3115 4849 3159 4903 0
3185 4849 3460 4916 virtutem,
3522 4867 3641 4921 quze
3673 4852 3725 4905 in
3754 4852 3887 4905 rain-

646 4924 918 4985 mitatibus
940 4927 1154 4998 quidem
1180 4928 1403 4989 minime
1434 4931 1700 5001 abiectam
1742 4948 1800 4989 se
1829 4936 2116 5005 priestitit;
2160 4939 2209 4992 iu
2245 4942 2536 4997 eminentia
2569 4958 2694 4998 vero
2730 4944 2915 4997 mitem
2983 4949 3039 4996 et
3067 4941 3459 5013 animaequam!
3532 4941 3577 4998 0
3622 4942 3885 5009 virtutem,

1734 5108 1969 5164 VARle
2012 5107 2398 5169 LECTIONES
2432 5114 2518 5169 ET
2555 5112 2787 5170 ΝΟΤᾸΞ.

714 5256 826 5335 (50)
860 5256 1168 5335 Ed._Pal_'is.
1198 5259 1330 5314 ὅπου
1368 5261 1707 5335 δέ-βασ-ιλεὺς
1746 5264 2007 5335 ᾁμυνὰτω
2046 5267 2204 5335 αὐτή.

646 5324 941 5396 Sequimur
972 5327 1253 5383 lectionem
1288 5324 1487 5386 codicis
1527 5324 1975 5389 Vatican'iontr.

714 5398 826 5467 (51)
856 5397 960 5452 Pi'o
986 5400 1367 5475 ἐμπιστευθεὶς
1423 5402 1560 5475 idem
1606 5404 1791 5475 liabet_
1831 5404 2212 5475 ἐγχειρισθεῖς.

648 5466 947 5544 _\’c_rs._seq.
978 5466 1274 5544 ,ἐκούφισεν
1304 5478 1463 5544 anget
1500 5472 1556 5544 in
1581 5466 1957 5544 intenderes}
1987 5466 2037 5527 et
2074 5466 2214 5530 vers.

649 5537 824 5612 inde}
850 5552 950 5612 pro
974 5537 1235 5612 ἐϐέϐλητο
1276 5537 1463 5612 scribit
1494 5537 1822 5612 ἐμϐέϐλητοζ
1856 5543 2068 5599 Possm.

719 5606 830 5681 (52)
874 5605 986 5681 Ίζῆς
1020 5605 1240 5681 οςιείας
1275 5609 1497 5675 δείξας.
1526 5605 1747 5665 Videtui'
1776 5613 1992 5681 aliquod
2024 5632 2214 5667 nomen

644 5675 1265 5747 'sulistantiutmdeesse,
1292 5682 1374 5733 cui
1402 5675 1931 5747 adjit-inlttr'oizsi'ig,
1956 5686 2052 5737 nisi
2081 5688 2217 5736 forte

650 5758 744 5810 pro
776 5759 841 5801 co
877 5745 1154 5817 legendum
1198 5745 1513 5815 ἐπέικεῐας.
1546 5750 1705 5806 Πιττ.
1739 5782 1802 5789 -—
1839 5745 1979 5810 lntt‘r
2010 5756 2215 5810 οἰκείας

2318 5284 2363 5326 et
2391 5272 2570 5336 δείξας
2602 5274 2723 5327 cod.
2757 5274 2875 5327 Vat.
2909 5274 3099 5329 inserit
3132 5274 3429 5340 εὐγενείας.
3461 5275 3672 5332 Possm.

2393 5343 2666 5419 (53)_7l‘ost
2700 5344 2982 5415 πραότητα
3012 5346 3134 5400 cod.
3186 5343 3309 5402 Vat.
3365 5348 3511 5402 addit
3554 5346 3647 5399 xui.
3691 5346 3880 5419 ἡμερό·

2321 5428 2476 5482 τητα.
2508 5414 2714 5467 Possm.

2392 5483 2504 5551 (55)
2529 5484 2703 5555 Χεῖρα
2746 5486 3063 5552 σωτηρίας.
3099 5486 3159 5540 F.
3201 5484 3409 5550 legend.
3442 5486 3727 5555 σωτήριον.
3764 5486 3883 5540 Illud

2322 5554 2759 5626 mnuum‘sal’ulis
2811 5556 3041 5626 prrvlmre
3096 5556 3472 5611 llebraismuui
3512 5554 3670 5626 sapit.
3725 5556 3880 5612 Πιττ.

2394 5622 2504 5697 (liii)
2542 5624 2674 5677 Cod.
2713 5623 2829 5679 Val.
2862 5625 2905 5675 ὣ
2945 5638 3113 5679 mutat
3152 5627 3538 5687 litt:)1,(‘l\'Cl'S
3578 5622 3692 5697 ch.
3722 5644 3869 5697 aan-

2330 5694 2565 5763 νῖειένης
2600 5706 2753 5765 auget
2793 5698 2841 5750 in
2871 5714 3211 5769 κατασημην.
3263 5698 3467 5751 Possm.
