4164 6490
224 429 361 491 liii)

1181 428 1719 488 EPISTOLARUM
1768 428 1915 487 LIB.
1954 428 2051 488 Π.
2095 452 2164 460 νη
2212 427 2451 486 EPIST.
2483 425 2600 486 XC.

3381 421 3514 486 115.)

215 541 386 594 αὑτοῦ
433 538 514 591 κα“
572 555 670 590 συσ
699 537 844 606 .ήνου
879 537 1047 608 σκεύη
1071 538 1290 607 ἀργυρᾶ
1321 539 1414 591 καὶ
1462 538 1662 608 χρυσᾶ.
1706 555 1724 586 ι
1751 537 1811 589 Εἰ

1922 550 1947 589 a
1967 537 2142 590 vicina
2166 551 2264 590 sua
2308 544 2362 588 ct
2393 532 2771 589 contubernali
2789 547 2914 586 vasa
2938 540 3194 602 argentea
3214 540 3266 587 et
3290 547 3512 588 aurea»

219 633 324 702 μὲν
369 631 476 701 γὰρ
512 631 588 701 μὴ
627 629 944 684 δουλεύσασι
980 627 1141 683 τοῦτο
1182 629 1534 701 προσέταξεν,
1583 629 1713 691 ἴσως
1746 630 1811 682 ἄν

1922 627 2051 683 Nam
2086 627 2131 683 si
2158 627 2378 697 quidem
2407 626 2458 678 id
2491 626 2841 694 pra'cepisset
2888 625 3057 694 (Deus
3091 623 3356 694 Hebraeis)
3391 637 3515 678 cum

213 741 301 784 τις
328 723 513 778 ἄδικον
537 722 696 776 τοῦτο
723 722 975 791 ἐνόμισεν
999 716 1160 776 εἶναι.
1201 722 1262 774 Εἰ
1292 721 1350 775 δὲ
1380 722 1506 785 τοὺς
1537 720 1636 791 τὴν
1664 721 1812 772 ἐλευ-

212 807 409 885 θερίαν
438 813 802 884 ἀφελομένους
831 813 1111 884 χρήμασιν
1147 813 1464 881 ἀμύνασθαι
1499 813 1808 876 ἐκέλευσεν,

214 907 279 958 οὐ
321 907 479 975 μόνον
521 907 594 976 μὴ
641 904 936 975 ἠδικῆσθαι
977 904 1220 968 ἐκείνους
1267 903 1334 958 ἂν
1393 904 1570 972 ἔγωγε
1619 903 1808 973 φαίην,

212 997 356 1050 em
393 995 527 1067 μηδέ
556 996 654 1066 τὴν
685 996 806 1066 τσην
845 995 1118 1065 τιμωρίαν
1169 995 1510 1067 ἀητῆσθαι·
1552 992 1656 1047 ποῦ
1703 993 1808 1065 γὰρ

215 1086 354 1150 ἴσον,
383 1083 681 1155 χρημάτων
712 1085 990 1155 στέρησις,
1014 1085 1109 1137 καὶ
1132 1083 1468 1154 ἐλευθερίας,
1494 1083 1634 1154 ὑπὲρ
1656 1079 1722 1154 ἦς
1748 1081 1812 1135 οὐ

217 1176 382 1245 μόνον
413 1175 512 1239 τάς
555 1175 740 1238 οὐσίας
771 1175 1078 1247 προΐεσθαι,
1129 1176 1266 1230 ἀλλά
1319 1175 1414 1228 καὶ
1447 1175 1813 1247 ἀποθνήσκειν

213 1273 265 1323 οἱ
301 1269 395 1324 νῦν
422 1268 639 1340 ἔχοντες
673 1269 987 1334 ἐθέλουσιν;

1915 736 2020 776 non
2054 719 2396 785 serviissent,
2428 717 2681 774 fortassis
2716 733 2828 773 rem
2872 718 3012 773 hanc
3038 717 3295 787 injustam
3319 715 3519 785 aliquis

1913 813 2234 868 existimare
2281 811 2574 880 potuisset.
2632 810 2728 864 Sin
2780 819 2961 864 autem
3008 825 3103 864 eos
3141 810 3228 878 qui
3265 808 3520 862 libertate

1917 902 2134 971 spoliati
2188 901 2408 955 fuerant
2470 900 2634 969 jussit
2710 899 2994 955 vindicare
3051 901 3192 955 hanc
3261 898 3517 966 iniuriam

1921 995 2116 1050 ablatis
2144 994 2416 1064 pecuniis,
2447 995 2701 1063 equidem
2734 993 2855 1050 illos
2894 992 3240 1065 (spoliatores
3290 991 3518 1044 liberta-

1920 1087 2008 1156 tis)
2034 1102 2137 1141 non
2164 1087 2337 1142 solum
2371 1103 2476 1142 non
2497 1085 2697 1157 injuria
2731 1086 2859 1154 ulla,
2889 1086 2985 1140 sed
3020 1100 3086 1140 ne
3114 1084 3332 1154 quidem
3353 1081 3523 1153 460

1921 1188 2003 1232 sat
2028 1179 2178 1248 gravi
2209 1179 2435 1247 parique
2471 1193 2628 1247 ptena
2658 1179 2882 1233 affectos
2908 1176 3080 1232 fuisse
3125 1176 3384 1230 dixerim.
3413 1172 3518 1236 Qui

1919 1269 2066 1324 enim
2103 1271 2244 1324 inter
2268 1284 2326 1325 se
2357 1271 2663 1338 comparari
2690 1272 2919 1339 possint,
2966 1269 3320 1336 pecuniarum
3367 1265 3523 1319 abla-

215 1364 318 1431 tio,
349 1373 406 1419 et
442 1363 708 1419 libertatis
735 1361 1026 1431 spoliatio?
1060 1375 1158 1432 pro
1211 1361 1369 1432 cujus
1397 1360 1814 1416 censervationc
1854 1360 1929 1415 illi
1985 1363 2184 1432 quibus
2219 1377 2314 1418 cor
2354 1363 2515 1432 sapit,
2583 1377 2691 1417 non
2762 1369 2972 1417 tantum
3026 1375 3180 1429 opes,
3213 1359 3305 1414 sed
3355 1357 3522 1412 etiam

214 1458 387 1512 vitam
413 1470 478 1511 ac
498 1455 818 1522 sanguinem
857 1453 1188 1523 profundere
1219 1469 1324 1507 non
1354 1459 1633 1506 recursant.

515 1569 645 1622 HH'.
688 1595 758 1607 —
797 1568 996 1639 ΖΩΙΛῼ
1035 1567 1510 1639 ΠΡΕΣΒΥΤΕΡῼ.

812 1659 953 1728 Περὶ
978 1657 1196 1727 λήθης.

293 1773 406 1828 Καὶ
431 1774 460 1826 ὁ
501 1769 786 1834 θεσπέσιος
818 1771 1029 1834 Παῦλος
1049 1811 1064 1834 ,
1093 1769 1276 1824 καίτοι
1300 1768 1692 1839 πνευματικοῖς
1726 1784 1815 1820 κο-

222 1865 343 1938 μῶν
378 1863 704 1936 χαρίσμασι,
735 1867 835 1934 τῆς
864 1859 1224 1931 ἀναγνώσεως
1252 1862 1314 1915 οὐ
1343 1860 1548 1932 μικρὰν
1582 1861 1823 1914 ἐποιεῖτο

220 1956 484 2026 σπουδήν.
514 1954 606 2010 Διὸ
633 1956 727 2008 καὶ
749 1953 826 2024 τῷ
852 1953 1131 2025 θρέμματι
1155 1952 1322 2006 αὐτοῦ
1353 1951 1433 2023 τῷ
1473 1949 1823 2039 περιϐλέπτξρ

218 2048 456 2119 ἔγραφε
491 2066 510 2098 i
542 2046 785 2117 Πρόσεχε
808 2046 874 2115 τῇ
909 2043 1238 2112 ἀναγνώσει.
1279 2063 1297 2096 ι
1322 2042 1509 2097 Δεινδν
1534 2044 1644 2114 γάρ
1667 2041 1825 2113 μάλι-

222 2154 328 2192 στα
340 2135 416 2206 τῷ
431 2133 755 2205 γευσαμένῳ
772 2133 871 2204 τῆς
881 2133 1033 2198 θείας
1047 2134 1237 2202 σοφίας
1250 2132 1580 2207 ἐστερῆσθαι
1593 2131 1819 2202 ταύτης,

213 2230 284 2282 οὐ
312 2229 473 2298 μόνον
502 2225 599 2297 τῆς
621 2228 842 2298 μνήμης
859 2225 921 2278 οὑ
951 2227 1408 2299 προσγινομένης,
1443 2226 1582 2282 ἀλλὰ
1612 2227 1702 2280 καὶ
1723 2227 1821 2296 τῆς

221 2317 582 2391 ὑπαρχούσης
628 2319 770 2390 λήθῃ
816 2318 1189 2391 διολλυμένης.
1238 2319 1388 2390 Αὕτη
1433 2319 1543 2391 γὰρ
1583 2319 1822 2391 μάλιστα

222 2409 257 2478 ἠ
280 2410 534 2480 δύναμις,
567 2411 616 2464 εί
641 2409 717 2481 μὴ
745 2409 870 2462 καθ’
898 2410 1136 2480 ἑκάστην
1166 2409 1384 2480 ἡμέραν
1414 2409 1817 2480 θεραπεύηται,

221 2499 528 2569 ἁποφοιτᾷν
550 2498 810 2566 πέφυκεν,
832 2498 1028 2570 ἀργίας
1051 2499 1145 2553 καὶ
1163 2497 1438 2570 ῥᾳθυμίας
1459 2500 1552 2554 καὶ
1567 2497 1820 2570 σκήψεως

225 2591 304 2662 μὴ
330 2590 633 2662 ἀνεχομένη
659 2589 978 2662 (78).Ὄπερ
1000 2591 1051 2644 οἱ
1087 2591 1278 2644 πολλοὶ
1299 2591 1437 2661 (78¹)
1475 2590 1816 2660 ἀγνοοῦντες.

224 2682 432 2753 μᾶλλον
457 2681 514 2734 δέ
542 2681 642 2752 τὴν
678 2682 886 2737 οἰκείαν
906 2683 1148 2750 ἀμαθίαν
1183 2685 1645 2755 περιστέλλοντες,
1667 2701 1792 2754 κωμ

221 2773 426 2843 «peccat
463 2774 590 2838 τοὺς
615 2773 931 2844 φιλολόγους
971 2776 1066 2830 καὶ
1121 2777 1352 2846 σοφοὺς,
1382 2777 1483 2830 οὐκ
1511 2777 1711 2840 εἰδότες
1735 2777 1816 2830 ὅτι

222 2867 260 2936 ἡ
297 2864 459 2936 σοφία
487 2868 674 2937 σοφοῖς
702 2869 990 2939 φοιτηταῖς
1023 2869 1260 2939 μάλιστα
1290 2867 1494 2942 χαίρει.

655 3160 783 3217 ne'.
829 3192 898 3203 —
936 3160 1216 3236 «atAt-reo
1247 3164 1384 3235 (79).

234 3255 344 3324 Είς
382 3253 450 3309 τὸ
488 3253 901 3326 τετραμμένον
923 3255 995 3309 ἐν
1031 3254 1112 3321 τῷ
1148 3256 1331 3325 νόμῳ,
1375 3275 1393 3308 ι
1439 3257 1678 3326 Πένητα
1706 3260 1819 3312 οὐκ

668 3325 948 3394 ἐλεήσεις
980 3326 1050 3380 ἐν
1077 3326 1292 3395 κρίσει.
1329 3347 1347 3378 s

303 3441 412 3495 Καὶ
433 3441 532 3512 τῆς
564 3439 883 3504 δυναστείας
905 3440 1001 3512 τὴν
1031 3441 1359 3513 ἀπληστίαν,
1384 3443 1478 3498 καὶ
1502 3444 1604 3513 τῆς
1629 3444 1820 3509 πενίας

227 3533 330 3606 τὴν
383 3533 902 3605 φιλοπραγμοσύνην
949 3533 1196 3600 κολάζων
1245 3537 1274 3588 ὁ
1324 3536 1662 3608 νομοθέτης,
1703 3538 1821 3593 ἐθέ-

231 3642 414 3678 σπισει
456 3642 476 3677 s
505 3625 599 3696 Μὴ
629 3625 871 3698 ἐλεήσεις
910 3627 1115 3698 πένητα
1148 3627 1206 3680 ἐν
1239 3627 1440 3698 κρίσει·
1478 3647 1498 3680 s
1526 3629 1626 3682 οὐκ
1646 3629 1823 3683 ἀπαν-

223 3715 481 3786 θρωπίαν
495 3717 783 3782 διδάσκων,
805 3716 940 3769 ἀλλὰ
960 3717 1058 3788 τὴν
1088 3719 1426 3789 κακουργίαν
1455 3720 1820 3787 ἀναστέλλων,

230 3810 321 3863 ἵνα
347 3808 421 3880 μὴ
439 3811 504 3881 τῇ
527 3809 687 3878 πενίᾳ
699 3811 778 3872 είς
801 3809 1322 3880 φιλοπραγμοσύνην
1339 3813 1819 3883 καταχρήσωνται.

225 3899 296 3952 ‘Ei
321 3897 380 3951 δὲ
412 3897 505 3950 τὸν
537 3897 772 3968 πτωχὸν,
798 3897 888 3952 τὸν
906 3897 984 3968 τῷ
1009 3898 1418 3971 δυσνουθετήτῳ
1448 3899 1622 3972 θηρίῳ
1657 3900 1823 3970 μαχό-

232 4007 398 4062 μενον
427 3993 494 4061 τῇ
528 3991 688 4062 πενίᾳ
712 4030 727 4055 ,
771 3992 1005 4044 ἀπεῖπεν
1049 3991 1357 4058 ἐλεεῖσθαι,
1395 3992 1576 4064 πολλῷ
1622 3993 1823 4065 μᾶλλον

227 4081 341 4137 τῶν
366 4081 640 4136 πλουσίων
667 4082 767 4153 τὴν
797 4081 1102 4153 ἀπληστίαν
1126 4083 1405 4140 ἐκόλασεν.

819 4384 852 4432 ’.
900 4404 968 4418 -κ-
1007 4375 1287 4434 annm.

819 4384 852 4432 '.
900 4404 968 4418 -ο
1007 4382 1287 4434 ΛΛΥΠΙΩ.

231 4467 373 4540 Περὶ
403 4382 818 4550 amns-(boasts:
843 4469 1002 4550 κατὰ
1034 4435 1371 4550 Ἐλέήέωγ.
1409 4476 1548 4550 Περι
1581 4472 1687 4550 τῆς
1720 4473 1821 4550 xii:

2131 1563 2460 1620 LXXXVIII.
2485 1594 2555 1604 -—
2586 1562 2792 1618 ZOILO
2822 1561 3093 1618 PRESBY
3106 1560 3313 1616 TERO.

2524 1653 2604 1710 De
2627 1654 2906 1710 oblivione.

1997 1765 2116 1837 Ipse
2141 1777 2358 1839 quoque
2392 1766 2619 1835 Paulus,
2648 1768 2870 1823 divinus
2903 1767 2994 1824 ille
3023 1768 3130 1830 vir,
3163 1765 3523 1836 quantumvis

1855 1841 1899 1898 Β
1925 1859 2300 1930 spiritualibus
2328 1860 2487 1917 donis
2511 1869 2741 1916 ornatus
2765 1869 2936 1927 esset,
2960 1859 3180 1915 lectioni
3205 1869 3384 1915 tamen
3410 1874 3519 1914 non

1926 1966 2149 2020 parvam
2173 1953 2321 2008 dedit
2343 1967 2588 2021 operam.
2619 1953 2992 2020 Quamobrem
3027 1953 3192 2008 etiam
3223 1952 3524 2022 conspicuo

1927 2043 2002 2098 illi
2057 2045 2278 2099 alumno
2326 2058 2429 2100 suo
2477 2045 2698 2113 scripsit
2730 2063 2745 2100 ι
2780 2061 2801 2098 ι
2855 2044 3088 2120 Attende
3142 2043 3361 2099 lectioni
3394 2043 3462 2098 ⁸³.
3498 2061 3518 2095 s

1923 2135 2102 2192 Grave
2127 2138 2275 2192 enim
2325 2147 2492 2209 atque
2519 2137 2780 2192 acerbum
2819 2146 2904 2192 est
2938 2137 2988 2192 ei
3017 2138 3108 2207 qui
3138 2136 3380 2191 divinam
3428 2150 3522 2192 sa-

1924 2228 2183 2298 pientiam
2219 2228 2477 2299 gustavit,
2506 2230 2610 2284 hac
2655 2227 2882 2297 privari,
2919 2229 3182 2282 memoria
3213 2243 3318 2282 non
3346 2227 3523 2282 solum

1923 2320 2070 2375 nulla
2108 2333 2246 2374 nova
2269 2319 2590 2375 accessione
2617 2326 2802 2384 aucta,
2832 2317 2927 2374 sed
2960 2319 3126 2373 etiam
3153 2317 3242 2372 illa
3268 2331 3391 2386 qua:
3425 2313 3526 2369 fuit

1923 2425 2020 2483 per
2051 2410 2382 2467 oblivionem
2428 2411 2742 2468 oblitterata
2793 2425 2857 2466 ac
2892 2420 3178 2481 pereunte.
3222 2408 3348 2463 Haec
3375 2408 3522 2464 enim

1924 2504 2157 2560 facultas
2192 2503 2273 2560 vel
2308 2504 2547 2560 maxime
2582 2519 2693 2574 prae
2723 2504 2968 2569 caeteris,
3021 2502 3129 2558 nisi
3161 2502 3214 2556 in
3263 2502 3378 2557 dies
3411 2500 3528 2556 sin-

1922 2596 2076 2666 gulos
2123 2597 2425 2662 excolatur,
2481 2595 2632 2651 abire
2673 2595 2844 2660 solet,
2877 2593 3110 2666 ignavize
3153 2601 3208 2648 et
3258 2590 3527 2648 socordia:

1921 2696 2087 2758 atque
2130 2689 2498 2744 cunctationis
2538 2689 2854 2759 impatiens.
2893 2686 3050 2754 Quod
3099 2700 3222 2742 cum
3272 2684 3528 2756 ignorent

1921 2779 2098 2846 mulli,
2141 2794 2204 2833 ac
2247 2781 2426 2848 potius
2481 2795 2635 2836 suam
2676 2780 2970 2836 ruditatem
3005 2777 3248 2843 foveant,
3307 2776 3526 2831 littera-

1923 2885 2042 2923 rum
2074 2869 2350 2926 studiosos
2401 2885 2467 2926 ac
2506 2872 2781 2939 sapientes
2812 2870 3067 2926 derident
3106 2883 3171 2923 ac
3203 2867 3523 2931 traducunt,

1919 2961 2229 3017 nescientes
2258 2962 2582 3032 sapientiam
2616 2961 2961 3033 sapientibus
2979 2959 3268 3030 discipulis
3291 2960 3529 3013 maxime

1911 3053 2177 3122 gaudere.

2344 3165 2634 3221 LXXXIX.
2693 3196 2740 3205 —
2781 3162 3128 3218 PlllLlTRO.

1931 3256 1996 3312 In
2041 3257 2096 3312 id
2139 3257 2280 3328 quod
2317 3261 2572 3338 scripturn
2615 3268 2701 3338 est
2730 3259 2793 3338 in.
2826 3258 2956 3338 lege,
3001 3275 3042 3338 ,ι
3085 3253 3381 3325 Paupercm
3427 3268 3531 3308 non

2324 3330 2652 3382 misereberis
2683 3329 2738 3381 in
2764 3327 2975 3396 judicio
3001 3327 3069 3378 ⁸⁵.
3109 3345 3129 3378 s

1996 3440 2063 3495 Et
2086 3442 2342 3510 potentiae
2374 3441 2754 3512 inexplebilem
2793 3439 3150 3510 cupiditatem
3171 3477 3185 3499 ,
3213 3445 3267 3492 et
3295 3452 3531 3508 pauper-

1929 3533 2061 3587 tatis
2118 3533 2496 3589 curiositatem
2570 3533 2847 3604 castigans
2926 3531 3248 3602 lcgislator,
3308 3530 3526 3585 sanxit:

1936 3645 1956 3678 s
1985 3625 2100 3681 Non
2133 3627 2482 3682 misereberis
2511 3624 3138 3696 paupereminjudicio;
3177 3643 3194 3676 ι
3234 3638 3341 3678 non
3373 3621 3530 3691 quasi

1933 3718 2025 3788 qui
2047 3716 2423 3775 crudelitatem
2456 3719 2672 3784 doceat,
2724 3718 2819 3773 sed
2849 3717 2941 3787 qui
2978 3715 3307 3772 maleﬁcium
3352 3715 3528 3784 repri-

1934 3819 2042 3866 mat
2065 3817 2120 3864 et
2144 3817 2416 3876 coerceat,
2452 3825 2521 3866 ne
2552 3809 2805 3866 homines
2831 3817 3158 3880 paupertate
3192 3810 3260 3863 ad
3297 3807 3532 3862 curiosi-

1935 3910 2098 3957 tatem
2134 3901 2456 3958 abutantur.
2487 3899 2544 3958 Si
2576 3911 2756 3956 autem
2780 3901 3032 3971 pauperi,
3061 3900 3152 3970 qui
3184 3916 3308 3956 cum
3349 3899 3529 3955 bellua

1930 4011 2039 4050 non
2073 3994 2234 4050 facile
2265 3995 2496 4051 rationis
2528 3995 2816 4064 imperium
2853 4003 3119 4063 sequente
3176 3992 3529 4058 colluetatur,

1931 4085 2364 4141 misericordiam
2403 4087 2420 4149 (
2446 4088 2498 4140 in
2522 4085 2749 4156 judicio)
2788 4085 2952 4140 tribui
2989 4084 3271 4140 interdixit
3307 4104 3320 4138 :
3360 4085 3532 4139 multo

1929 4187 2080 4232 certe
2103 4178 2278 4249 magis
2318 4179 2547 4235 divitum
2583 4179 2923 4236 insatiabiles
2953 4178 3283 4249 cupiditates
3317 4178 3528 4247 (eodem

1927 4271 2226 4342 prmcrpto)
2256 4287 2605 4343 compescere
2634 4273 2822 4329 voluit.

2472 4385 2582 4441 XC.
2623 4415 2693 4427 -—
2722 4383 2999 4441 ALYPIO.

1939 4472 2012 4528 De
2040 4474 2262 4529 lectione
2304 4475 2605 4541 (sacrarum
2643 4474 3012 4545 Litterarum),
3050 4485 3238 4545 contra
3268 4488 3528 4544 paganos.

298 4557 465 4615 pitag
503 4541 622 4615 τῷν
665 4541 1084 4615 deem-360'er
1123 4543 1402 4610 Fpagén',
1456 4542 1553 4595 καὶ
1595 4542 1703 4611 τῆς
1751 4543 1816 4608 ἐξ

1985 4575 2055 4585 —-
2076 4545 2149 4597 De
2181 4548 2352 4614 gratia
2380 4547 2638 4601 divinitus
2683 4541 3066 4613 inspiratarum
3099 4541 3529 4615 Scripiufarum,

303 4608 505 4665 αὐτῶν
529 4611 842 4680 ὠφελείας.

307 4725 417 4777 Καὶ
447 4727 557 4790 τοῖς
586 4725 690 4788 ἕως
728 4725 836 4778 τῶν
878 4725 1004 4796 τῇδε
1039 4727 1379 4798 ὁριζομένοις
1413 4723 1550 4782 εἶναι
1580 4730 1647 4782 τὰ
1679 4731 1820 4800 πρόι-

232 4831 424 4886 γματα
443 4853 458 4879 ,
505 4815 846 4886 μετριωτέρα
876 4817 1025 4888 (80),
1059 4815 1237 4890 οἶμαι,
1269 4819 1300 4888 ἠ
1329 4819 1421 4875 τοῦ
1451 4819 1563 4891 βίου
1591 4821 1818 4890 τελευτὴ

308 4970 353 5002 ⁸³
383 4969 401 5024 1
428 4969 567 5027 Tim.
607 4988 678 5035 tv,
724 4971 809 5027 l5.
865 4973 910 5002 σν
940 4973 1110 5030 Exod.
1141 4990 1297 5040 χχιιι,
1331 4975 1382 5030 5.

2001 4625 2044 4668 et
2071 4616 2135 4668 de
2163 4615 2394 4671 utilitate
2417 4633 2482 4671 ex
2513 4618 2621 4670 illis
2647 4619 2925 4686 capienda.

2008 4728 2179 4782 Etiam
2209 4729 2276 4783 ab
2307 4730 2393 4792 iis,
2425 4730 2515 4799 qui
2550 4731 2730 4783 omnia
2783 4730 2944 4801 hujus
2979 4729 3102 4784 vita:
3133 4729 3326 4798 spatiis
3359 4725 3530 4781 inclu-

1933 4823 2088 4888 dunt,
2118 4831 2171 4876 et
2199 4838 2320 4878 cum
2349 4838 2412 4879 ca
2452 4825 2730 4879 terminari
2771 4833 2996 4894 putant,
3034 4821 3375 4880 tolerabilior
3407 4819 3531 4876 vita:

1332 5129 1569 5186 VARIAS
1613 5123 1999 5191 LECTIONES
2041 5133 2130 5192 ET
2167 5129 2395 5191 NOTAE.

312 5278 425 5350 (78)
457 5277 762 5354 P[:B_f:l3_l‘ll§
790 5281 939 5337 locus
965 5283 1034 5336 de
1067 5284 1349 5351 memoria,
1382 5299 1502 5339 eam
1539 5287 1808 5354 quotidia-

235 5351 328 5423 nis
351 5349 625 5423 exercitiis
654 5349 894 5423 indigere
923 5354 1116 5423 quibus
1142 5349 1406 5409 alattirct
1438 5349 1812 5423 confirmetur,

237 5422 358 5477 sine
379 5421 573 5489 quibus
603 5421 874 5488 perdatur.
910 5421 1133 5488 Quintil.
1154 5423 1246 5478 lib.
1277 5441 1328 5478 st
1371 5423 1584 5479 Orator.
1614 5421 1812 5489 instit.,

231 5506 291 5548 τ.
315 5492 352 5544 2
377 5506 390 5544 :
427 5509 444 5541 ι
466 5489 521 5544 Si
549 5492 692 5564 quis,
717 5491 913 5562 inquit,
944 5508 1102 5546 unam
1135 5496 1531 5564 maximamque
1557 5514 1584 5548 a
1614 5513 1697 5550 me
1732 5513 1820 5552 ar-

237 5571 350 5616 tem
405 5562 678 5615 memorize
729 5572 954 5630 qurerat,
1003 5565 1321 5618 exercitatio
1369 5562 1471 5627 est,
1520 5577 1573 5617 et.
1605 5567 1756 5621 Ιηιιοῖ·
1800 5583 1814 5619 :

238 5631 710 5707 tntilta__ediscer_e,
735 5633 910 5707 multa
951 5634 1208 5707 cogitare,
1243 5646 1316 5698 ct,
1368 5637 1411 5689 si
1455 5635 1568 5689 fieri
1618 5647 1814 5707 potest,

234 5701 508 5776 quotidie,
564 5702 906 5776 potissinnun
941 5701 1045 5757 est.
1090 5705 1228 5776 Nihil
1278 5722 1429 5774 reque
1477 5707 1558 5760 vel
1591 5701 1818 5776 augetur

240 5786 395 5828 cura.
431 5771 510 5825 vel
543 5772 861 5841 negligentia
898 5774 1188 5828 intercidit.
1229 5796 1244 5825 ›
1291 5771 1453 5831 [ὶιττ.

309 5842 452 5909 {78‘}
484 5843 668 5911 Ὅπερ
693 5846 742 5896 cl.
786 5859 858 5896 πρ
886 5846 1017 5898 Hel.
1071 5845 1140 5900 Ita
1183 5849 1356 5904 (ἔγω-ἰ
1405 5859 1593 5908 vocant
1631 5851 1818 5921 vulgus

1916 5287 2197 5361 hominum
2227 5307 2241 5345 :
2272 5290 2472 5361 quibus
2493 5291 2544 5344 οί
2573 5290 2861 5361 χαρίεντες
2902 5298 3280 5361 opponuntur,
3306 5291 3400 5361 qui
3447 5292 3533 5348 hic

1914 5358 2361 5429 lsitlorosttntei
2397 5358 2673 5429 φιλολόγοι
2705 5362 2799 5414 καὶ
2831 5358 3008 5428 σοφοί.
3042 5360 3120 5416 In.

1988 5429 2100 5504 (79)
2135 5428 2462 5504 inscribittJr
2496 5428 2706 5504 itt_c_0d.
2755 5429 2876 5504 Vat.
2920 5430 3030 5486 650
3073 5430 3357 5504 Φιλιτρίῳ,
3398 5432 3532 5485 ΡΙιὶ-

1922 5498 2107 5574 litrio._
2144 5498 2299 5556 Vers.
2348 5501 2499 5569 δερ.
2564 5502 2706 5557 idem
2774 5503 2985 5574 πένητα
3039 5498 3320 5556 mutat'iu
3381 5517 3529 5557 πτω-

1924 5569 2037 5638 χόν.
2076 5570 2291 5626 Possm.

1998 5639 2108 5711 (80)
2139 5642 2270 5696 Cod.
2301 5641 2424 5696 Val.
2459 5643 2807 5714 μετριωτέρα
2839 5651 3012 5697 mutat
3045 5641 3120 5714 in”
3149 5641 3530 5714 μετριώτερον

1921 5722 1977 5765 et
2006 5727 2142 5787 vers.
2172 5727 2295 5787 seq.
2319 5729 2415 5787 pro
2446 5711 2501 5766 ἐν
2528 5711 2952 5787 τῇ-ςωῇεοτὶὺὶι
2978 5711 3132 5784 ἐντῷ
3152 5711 3279 5786 ζῇν,
3307 5723 3360 5767 et
3399 5711 3523 5770 niox

1923 5794 2040 5852 post
2072 5783 2148 5846 εἰς
2178 5785 2325 5839 addit
2355 5785 2563 5857 ἕτερος.
2597 5785 2668 5838 In.
