4164 6474
266 496 402 559 1165

1177 498 1718 560 EPISTOLARUM
1750 496 1896 556 LIB.
1939 494 2038 554 IV.
2083 517 2152 528 -
2190 489 2431 551 EPIST.
2472 487 2568 549 CI.

3409 473 3544 538 1166

256 610 558 680 λαμϐάνειν
605 609 703 673 τὰς
751 609 1090 674 ἀποδείξεις·
1134 612 1227 662 καὶ
1265 615 1330 681 τῇ
1371 611 1500 681 ἁγίᾳ
1541 610 1746 679 συνόδῳ
1782 610 1832 677 τῇ

1953 618 2075 658 esse
2095 603 2459 657 detiniverunt
2485 616 2499 664 ;
2533 604 2587 652 et
2616 592 2708 649 alii
2733 592 2953 663 quidem
2983 589 3225 644 divinum
3275 586 3538 655 Spiritum

253 699 692 772 συγκροτηθείσῃ
715 702 856 754 κατά
883 699 1477 765 Νικαίανιάκολουθεῖν.
1506 701 1641 768 μήτε
1673 713 1842 767 προσ-

1956 709 2063 748 non
2097 692 2265 746 Deum
2298 689 2674 750 confitentur;
2709 684 2798 738 alii
2829 697 2959 737 vero
2999 677 3457 734 ministratorium
3489 685 3544 727 et

251 790 534 853 τιθέντας,
612 771 754 861 μήτε
809 791 1203 861 ἀφαιροῦντας.
1249 791 1466 860 Ἐκείνη
1505 789 1615 858 γὰρ
1659 787 1832 840 θεόθεκ

1953 784 2300 840 sanetilicum
2341 779 2635 850 appellant.
2665 775 2782 830 Non
2808 784 3020 843 oportet
3053 786 3262 831 eorum,
3283 771 3372 837 qui
3398 781 3545 820 mor-

251 880 678 948 ἐμπνευσθεῖσα,
712 881 946 951 τάληθὲς
969 880 1344 948 ἐδογμάτισεν.

1959 878 2027 931 bo
2058 874 2329 935 laborant,
2366 870 2520 939 sequi
2550 867 2839 937 suﬂ‘ragia;
2867 867 2959 920 sed
2995 863 3287 932 exjudicio
3328 869 3549 915 sanctu-

255 987 432 1032 torum
464 974 743 1028 hominum
771 976 1263 1028 demonstrationes
1298 984 1558 1035 mutuari,
1615 981 1670 1026 et
1737 980 1937 1026 sancta:
1999 970 2228 1040 synodo,
2289 982 2409 1038 quze
2458 965 2652 1020 Nicaeae
2690 964 2872 1018 habita
2927 961 3048 1024 fuit,
3111 960 3413 1022 adharrere,
3453 973 3547 1008 ne-

251 1078 360 1133 que
382 1062 641 1116 addentes
670 1063 717 1116 ei
751 1061 1064 1132 quidquam,
1105 1078 1278 1133 neque
1309 1064 1680 1118 detrahentes.
1726 1055 1816 1113 illa
1859 1063 2002 1114 enim
2065 1060 2326 1113 divinitus
2391 1058 2678 1127 inspirata,
2732 1058 3014 1111 veritatem
3067 1055 3380 1122 dogmatum
3434 1059 3544 1104 tra-

251 1154 410 1208 didit.

569 1271 648 1323 Ρι.
676 1299 722 1309 -
774 1269 1038 1340 tmere
1067 1268 1179 1338 (εδ)
1220 1269 1544 1338 ΔῐΑΚΟΝῼ.

254 1361 319 1414 Τί
343 1361 536 1424 ἐστιν,
567 1379 586 1412 ι
621 1361 724 1426 Είς
747 1360 1007 1424 ἔνδειξιν
1030 1359 1138 1428 τῆς
1167 1358 1562 1425 δικαιοσύνης
1583 1356 1790 1412 αὑτοῦ.
1823 1375 1841 1408 ο

2333 1260 2395 1316 C.
2423 1291 2490 1301 —
2519 1259 2796 1315 lSlDORO
2839 1257 3160 1313 DIACONO.

2056 1352 2200 1418 Quid
2229 1352 2320 1417 ait,
2361 1370 2379 1404 ι
2415 1352 2498 1404 Ad
2540 1352 2888 1406 ostensionem
2907 1350 3140 1418 justitia:
3173 1365 3287 1403 sua:
3309 1349 3378 1403 ⁷⁸.
3405 1367 3424 1399 ι

334 1474 554 1542 Ἐπειδὴ
598 1475 922 1544 γῆραφας,
957 1474 1022 1525 Τί
1062 1475 1232 1536 ἐστιν,
1285 1490 1304 1523 ι
1349 1473 1443 1534 Εἰς
1483 1471 1711 1537 ἔνδειξιν
1745 1471 1832 1540 τῆς

2017 1468 2286 1534 Quoniam
2332 1481 2428 1535 per
2461 1466 2675 1520 litteras
2719 1466 3045 1533 qumsivisti,
3109 1465 3236 1534 quid
3280 1467 3346 1519 sit
3395 1465 3540 1534 quod

244 1561 598 1631 δικαιοσύνης
623 1561 812 1625 aiat-oi};
843 1581 860 1612 ι
879 1564 1041 1631 φημὶ,
1065 1562 1146 1613 ὅτι
1169 1562 1356 1631 ἐπειδὴ
1373 1563 1458 1614 ὅτε
1482 1561 1832 1633 ήὰνθρωπείο

1958 1560 2158 1615 Paulus
2193 1561 2369 1614 dixit:
2405 1560 2518 1613 «Ad
2536 1559 2906 1612 ostensionem
2933 1561 3159 1627 justitia:
3187 1574 3336 1613 sum:
3374 1577 3392 1610 ι
3447 1571 3537 1611 re-

246 1653 413 1721 φύσις
443 1656 639 1724 ἐμάνη,
669 1655 764 1706 καὶ
790 1652 1114 1715 ἀνύποιστος
1141 1649 1209 1724 ἦν
1227 1652 1335 1705 τῶν
1361 1653 1780 1722 ἁμαρτημάτων
1809 1653 1832 1720 ἡ

1955 1656 2239 1720 spondeo;
2281 1671 2299 1701 ι
2336 1649 2473 1717 Quia
2501 1660 2850 1720 posteaquam
2891 1651 3122 1704 humana
3167 1660 3358 1703 natura
3389 1649 3532 1702 iusa-

241 1742 536 1812 τυραννὶς,
577 1744 672 1794 καὶ
736 1742 929 1811 καιρὸς
988 1742 1317 1810 ἀποφάσεως
1362 1737 1450 1810 ἦν,
1503 1741 1832 1813 πανολεθρίᾳ

1954 1743 2092 1796 nivit
2128 1743 2388 1796 adversus
2420 1744 2610 1801 Deum.
2652 1751 2704 1794 et
2739 1752 3088 1808 peccatorum
3112 1744 3360 1810 tyrannis
3391 1740 3536 1794 into-

244 1833 723 1903 καταδικαξούσης
752 1834 812 1885 τὸ
847 1833 1004 1901 γένος
1053 1834 1188 1905 (πᾶς
1227 1834 1336 1905 γὰρ
1370 1834 1612 1904 ἰατρείας
1654 1832 1832 1904 ἐξηλέ-

1949 1834 2194 1890 lerahilis
2235 1834 2376 1888 facta
2403 1842 2543 1894 erat.
2575 1841 2629 1887 et
2666 1841 2875 1898 tempus
2913 1834 3101 1885 aderat
3148 1833 3385 1886 ferendae
3409 1845 3535 1882 sen-

243 1923 389 1995 γχθη
418 1890 642 1995 τρόπος,
673 1890 765 1976 καὶ
792 1890 917 1976 οὔτε
942 1890 1125 1992 νύμδς,
1159 1890 1284 1975 οὔτε
1304 1890 1652 1995 ’προφητικδς
1684 1890 1832 1990 λάγος

1949 1926 2155 1988 tentias,
2185 1941 2305 1994 qua:
2329 1925 2500 1979 exitio
2529 1924 2827 1978 universali
2892 1925 3178 1976 daninaret
3227 1931 3398 1976 totum
3439 1939 3533 1990 ge—

243 2015 340 2067 τδν
375 2015 788 2069 ἐπιπολάσαντα
819 2016 1005 2086 λοιμὸν
1034 2017 1306 2070 ἀπελάσαι
1340 2015 1548 2087 ἴσχυεν)
1577 2034 1588 2047 ·
1620 2015 1743 2068 τότε
1775 2014 1832 2086 δὴ

1943 2032 2046 2073 nus
2074 2018 2373 2072 humanum
2413 2016 2618 2088 (omnis
2658 2015 2801 2070 enim
2834 2013 2970 2067 ratio
3000 2015 3380 2068 medicationis
3429 2016 3526 2066 de-

243 2105 447 2178 λύτρον
493 2107 585 2160 τὸν
614 2107 897 2177 Μονογενῆ
929 2109 1325 2176 ἐπεισήγαγεν,
1372 2108 1438 2160 ἶν’
1475 2106 1574 2178 ἔχῃ
1617 2107 1773 2175 λόγον
1805 2108 1832 2174 η

1940 2110 2213 2180 prehensa
2284 2108 2464 2162 fuerat
2523 2106 2701 2161 inanis
2736 2117 2789 2160 et
2833 2106 3131 2170 nihili;xac
3187 2119 3368 2171 neque
3421 2103 3529 2163 lex.

242 2196 409 2268 χάρις
433 2214 448 2230 ο
484 2196 572 2250 διὰ
610 2196 752 2250 τοῦτ’
783 2195 886 2266 ἔφη
932 2197 960 2249 ὁ
1016 2196 1338 2259 Ἀπόστολος
1366 2213 1379 2228 ·
1420 2214 1438 2248 ι
1485 2197 1580 2257 Εἰς
1618 2194 1842 2259 ἔνδειξιν

242 2284 349 2352 τῆς
375 2285 732 2356 δικαιοσύνης
762 2285 950 2339 αὐτοῦ.
985 2305 1002 2338 ι
1042 2286 1259 2356 Ὶερείον
1283 2287 1389 2357 γὰρ
1415 2286 1763 2357 προσηνέχθη
1785 2286 1843 2340 ἓν

243 2376 390 2448 ὑπὲρ
439 2376 674 2440 πάντων,
726 2378 820 2430 καὶ
870 2378 1009 2449 ὑπὲρ
1051 2379 1149 2448 τὴν
1197 2380 1454 2432 ἁπάντων
1502 2379 1680 2443 ἀξίαν.
1728 2380 1836 2432 Καὶ

241 2467 371 2523 τότε
402 2470 434 2538 ἡ
468 2467 607 2538 ὀργὴ
659 2467 823 2538 ἐλύθη
844 2507 859 2532 ,
888 2470 982 2521 καὶ
1006 2471 1038 2540 ἡ
1081 2469 1396 2540 καταλλαγὴ
1424 2469 1648 2538 γέγονε,
1676 2469 1768 2525 καὶ
1802 2471 1833 2541 η

242 2556 418 2627 ἔχθρα
439 2558 518 2620 εἰς
550 2555 731 2626 φιλίαν
774 2557 1242 2628 μετερρυθμίσϐη,
1277 2561 1372 2611 καὶ
1412 2561 1535 2612 ἀντὶ
1571 2560 1668 2630 τῆς
1702 2562 1837 2614 ἀπο-

244 2647 488 2716 φάσεως,
518 2648 578 2700 τὸ
608 2649 888 2720 ὑπερφυὲς
917 2647 1014 2719 τῆς
1039 2649 1314 2713 υἱοθεσίας
1358 2651 1513 2721 ἐδόθη
1550 2652 1834 2722 χάρισμα,

245 2739 344 2791 καὶ
361 2738 692 2808 μυρίαδῶριι
726 2739 982 2809 ἐχόρευσε
1009 2740 1319 2808 κοσμοῦντα
1347 2742 1444 2811 τὴν
1481 2743 1834 2811 Ἐκκλησίαν,

248 2828 313 2882 ἶν’
355 2829 490 2898 ὁμοῦ
527 2829 622 2881 καὶ
653 2831 686 2898 ἡ
725 2829 1044 2900 δικαιοσύνη
1090 2830 1276 2901 δειχθῇ
1304 2872 1316 2893 ,
1359 2832 1506 2903 καὶὴ
1542 2834 1833 2904 περιουσία

244 2919 350 2989 τῆς
379 2920 717 2991 ἁγαθὸτητος
743 2921 983 2993 δηλωθῇ.

1943 2217 2119 2271 neque
2149 2201 2503 2270 propheticus
2527 2213 2711 2252 sermo
2746 2197 3397 2264 pestilentem.morbnm,
3435 2195 3529 2261 qui

1942 2292 2127 2345 omnia
2158 2298 2478 2358 occuparat,
2528 2286 2802 2358 depellere
2861 2288 3135 2353 valebat);
3195 2295 3323 2337 tunc
3383 2284 3526 2337 Dens

1943 2381 2179 2452 pretium
2224 2380 2619 2448 redemptionis
2652 2377 2956 2432 introduxit
2989 2377 3325 2445 unigenitum
3370 2390 3528 2429 suum

1943 2472 2166 2534 Filium,
2198 2482 2256 2526 ut
2285 2471 2435 2526 locus
2466 2485 2589 2525 esse
2613 2477 2795 2539 posset
2824 2469 3014 2540 gratia:
3066 2484 3128 2522 ac
3153 2469 3325 2522 veniae,
3366 2488 3378 2520 :
3411 2482 3532 2520 eam

1944 2565 2013 2620 ob
2047 2578 2158 2617 rem
2196 2561 2300 2617 hoc
2329 2561 2468 2614 dixit
2495 2561 2793 2630 Apostolus
2829 2577 2841 2613 :
2891 2576 2910 2610 ι
2942 2559 3020 2612 Ad
3045 2556 3529 2624 ostensionemjn-

1936 2655 2102 2710 stitia:
2127 2668 2262 2708 suae.
2297 2671 2314 2704 ι
2355 2650 2591 2706 Victima
2633 2653 2782 2705 enim
2809 2643 2990 2703 dblata
3023 2659 3104 2703 est
3143 2664 3249 2702 una
3283 2664 3380 2717 pro
3405 2663 3528 2700 0m-

1937 2746 2120 2810 nibus,
2155 2759 2386 2815 quaeque
2413 2742 2670 2798 omnibus
2726 2743 2991 2813 dignitate
3047 2757 3110 2795 ac
3151 2743 3331 2812 pretio
3366 2755 3534 2806 supe-

1937 2838 2051 2891 rior
2079 2845 2251 2892 esset.
2282 2836 2361 2889 Ac
2392 2843 2521 2890 tunc
2565 2835 2744 2889 soluta
2778 2846 2863 2889 est
2891 2835 2997 2900 ira,
3024 2843 3080 2888 et
3145 2833 3530 2888 reconciliatio

1917 2925 2077 2983 "facta
2106 2936 2212 2992 est,
2259 2927 2740 2996 redintegrataque
2794 2922 2993 2995 gratia,
3055 2940 3384 2979 conversum
3447 2934 3533 2979 est

251 3015 442 3068 odium
476 3016 526 3067 in
559 3017 900 3070 amicitiam:
933 3027 985 3070 et
1016 3032 1114 3086 pro
1160 3022 1435 3073 sententia‘
1472 3020 1691 3089 capitali
1763 3020 2125 3076 abdicationis
2190 3022 2374 3074 datum
2443 3029 2528 3074 est
2587 3019 2865 3074 excellens
2916 3019 3049 3073 illud
3108 3019 3424 3089 adoptionis
3477 3021 3533 3076 in

245 3107 391 3161 tllios
419 3108 642 3172 donum,
668 3118 723 3162 et
758 3109 967 3163 inﬁnita
993 3125 1344 3166 accesserunt
1397 3115 1556 3178 dona,
1623 3114 1823 3182 quibus
1862 3123 2226 3170 exornaretur
2259 3112 2502 3167 Ecclesia
2531 3129 2546 3168 :
2611 3121 2669 3166 ut
2697 3112 2772 3166 ita
2828 3111 2994 3166 simul
3023 3111 3311 3181 etjustitia
3345 3121 3533 3166 osten-

243 3200 491 3259 deretur,
536 3205 589 3251 et
613 3197 942 3252 abundantia
977 3199 1236 3254 bonitatis
1261 3203 1651 3256 declararetur.

401 3311 526 3367 ΡΧ.
566 3342 638 3352 -
666 3312 1018 3384 ΜΑΡΤΥΡΙῼ
1049 3315 1498 3387 ΠΡΕΣΒΥΤΕΡῼ
1537 3316 1670 3386 (27).

248 3401 356 3470 Είς
386 3403 450 3457 εὐ
475 3443 490 3468 ,
525 3419 544 3456 ι
585 3402 853 3458 Δέὸωκεν
880 3403 1082 3477 abici;
1114 3407 1146 3458 ό
1190 3408 1335 3472 Θεὸς
1363 3408 1602 3477 πνεῦμα
1650 3423 1833 3462 κατα-

890 3473 1136 3542 νύξεως.
1182 3492 1199 3525 ι

337 3582 557 3657 Ἐπειδὴ
586 3585 668 3647 τὸ,
704 3601 722 3635 ι
759 3585 1000 3638 Δέδωκεν
1040 3589 1223 3653 αὐτοῖς
1253 3586 1435 3650 ὀθεὸς
1477 3607 1696 3658 πνευμα
1732 3608 1831 3643 κα-

243 3674 542 3739 τανύξεως,
576 3674 889 3745 ὀφθαλμοὺς
921 3675 1014 3727 τοῦ
1054 3678 1135 3741 μὴ
1177 3676 1417 3743 βλέπειν,
1461 3679 1557 3731 καὶ
1595 3673 1710 3733 ὦτα
1737 3681 1832 3746 τοῦ

249 3764 330 3833 μὴ
357 3762 598 3827 ἀκούειν,
631 3763 735 3826 ἕως
765 3764 863 3832 τῆς
902 3769 1146 3833 σήμερον
1188 3764 1439 3835 ἡμέρας,
1502 3785 1520 3816 ι
1581 3785 1834 3838 σαφηνι-

247 3853 446 3925 σθῆναί
476 3870 558 3906 σοι
612 3853 875 3922 ἠξίωσας,
906 3855 1093 3908 ἄκουεο
1124 3855 1217 3918 Τὸ,
1243 3855 1448 3919 ἔδωκε,
1484 3859 1579 3911 καὶ
1608 3860 1667 3912 τὸ
1688 3877 1836 3929 παρ-

244 3945 464 4008 έδωκε,
491 3947 631 4000 κατὰ
661 3948 784 4009 τοὺς
831 3947 930 4015 τῆς
968 3948 1120 4017 ἱερᾶς
1152 3947 1374 4018 Γραιρῆς
1404 3950 1605 4020 νόμους
1639 3938 1735 4004 κοὶι
1765 3953 1834 4006 τὰ

251 4038 541 4108 ἰδιώματα,
569 4037 924 4108 ἀφῆκεν-εἰσὶ
955 4039 1066 4108 (28)
1099 4039 1193 4092 καὶ
1215 4040 1667 4110 συνεχώρησεν.
1693 4046 1755 4096 Et
1775 4045 1833 4097 δὲ

245 4131 309 4185 οὐ
339 4131 630 4203 καταδέχῃ,
661 4131 726 4184 δι’
749 4131 1077 4196 ἀποδείξεως
1105 4132 1134 4184 ὁ
1166 4132 1321 4200 λόγος
1354 4133 1639 4201 βαδιεῖται·
1665 4138 1833 4207 Φησὶν

245 4225 276 4276 ὁ
306 4221 518 4286 Παῦλος
549 4224 678 4293 περὶ
703 4222 812 4275 τῶν
849 4221 909 4275 τὸ
943 4222 1083 4275 Θεῖον
1111 4222 1279 4287 σέϐας
1309 4225 1419 4294 (29)
1451 4227 1690 4290 εἰδώλοις
1711 4229 1833 4281 ἐπι-

245 4315 630 4384 φημισάντωνο
653 4332 672 4365 ι
701 4313 1022 4384 Παρέδωκεν
1040 4315 1236 4378 αὐτοὺς
1267 4317 1346 4379 είς
1364 4317 1511 4389 πάθη
1536 4319 1780 4388 ἀτιμίας·
1809 4339 1826 4371 ι

243 4408 550 4468 τουτέστιν,
588 4403 820 4473 ἀφῆκεν,
867 4405 1218 4472 ἐγκατέλιπε.
1256 4405 1379 4472 Πῶς
1402 4409 1511 4480 γὰρ
1543 4411 1640 4462 οὐκ
1666 4411 1830 4481 ἔμελο

243 4495 338 4547 λον
373 4497 466 4548 καὶ
498 4495 595 4567 τὴν
626 4494 787 4564 φύσιν
819 4497 1035 4564 ἀγνοεῖν
1071 4498 1167 4550 καὶ
1220 4499 1537 4571 ὑπερορίοις
1574 4503 1833 4568 ἐγκαλιν-

243 4586 452 4640 δείσθαι
485 4589 843 4656 πταίσμασιν,
877 4589 927 4640 οι
959 4588 1059 4659 τὴν
1091 4592 1270 4642 κτίσιν
1304 4591 1454 4660 παρά
1482 4591 1571 4644 τὸν
1604 4591 1829 4663 κτίστην

245 4678 766 4746 προσκυνήσαντες;
804 4678 913 4731 Καὶ
953 4679 1151 4731 πάλιν·
1197 4699 1215 4730 ι
1254 4683 1580 4751 Παρέδωκεν
1631 4683 1829 4746 αὐτοὺς

244 4768 326 4826 εἰς
357 4767 614 4838 ἀδόκιμον
643 4767 786 4832 νοῦν,
821 4771 996 4822 ποιεῖν
1029 4770 1098 4822 τὰ
1132 4769 1207 4839 μὴ
1245 4771 1583 4841 καθήκοντα.
1625 4793 1643 4824 ι
1689 4770 1827 4827 Εἶτα

244 4858 438 4909 ἑαυτὸν
493 4859 812 4928 ἑρμηνεύων
861 4859 964 4930 ἔφη
994 4875 1008 4890 ’
1059 4885 1075 4909 ο
1142 4860 1626 4932 Πεπληρωμένους
1676 4866 1828 4937 πάσῃ

242 4948 447 5018 ἀδικίᾳ,
475 4951 660 5022 κακίᾳ,
697 4950 1006 5021 πλεονεξίᾳ.
1042 4969 1059 5001 ι
1091 4950 1154 5004 Ei
1185 4953 1368 5005 τοίνυν
1397 4954 1826 5025 πεπληρωμένοι

240 5033 402 5108 ἦσαν,
442 5039 559 5102 πῶς
595 5042 918 5112 παρέδωκε;
962 5042 1071 5094 Θέα
1098 5045 1198 5110 τῆς
1227 5044 1514 5113 ἀκριϐείας
1542 5045 1674 5116 (50).
1711 5048 1824 5101 Οὐκ

313 5215 360 5246 ’⁸
395 5217 548 5271 Rom.
583 5232 665 5279 tn,
697 5216 788 5271 23.
860 5218 907 5249 "
942 5217 1097 5273 Rom.
1139 5235 1215 5285 ιι,
1245 5219 1298 5273 8.

2191 3317 2282 3372 Cl.
2313 3348 2382 3356 —
2413 3317 2780 3373 MARTYRIO
2813 3317 3290 3378 PRESBYTERO.

1940 3405 2007 3460 In
2029 3407 2163 3461 illud
2199 3407 2491 3485 Paulinum
2520 3411 2717 3463 dictum
2749 3427 2767 3465 :
2804 3430 2840 3485 ιΔ
2871 3410 3202 3485 Detlitﬂpsis
3241 3415 3383 3470 Deus
3419 3417 3529 3485 spi-

2353 3481 2516 3532 ritum
2544 3483 2962 3548 rontpunclt'onis
2994 3483 3061 3536 ⁷⁸.
3095 3481 3114 3533 ι

1968 3637 1974 3652 ,
2009 3589 2280 3655 Quoniam
2315 3605 2342 3643 a
2373 3607 2463 3646 me
2513 3594 2743 3661 petiisti,
2775 3606 2829 3648 ut
2862 3597 2954 3649 tihi
2983 3612 3313 3664 exponerem
3350 3600 3478 3655 illud
3510 3621 3524 3656 :

1942 3700 1961 3733 ι
1999 3682 2156 3736 Dedit
2182 3682 2286 3737 illis
2317 3684 2462 3739 Deus
2502 3687 2751 3754 spiritum
2780 3693 3216 3758 compunrtionis
3239 3703 3264 3748 :'
3315 3695 3530 3758 Oculos.

1939 3783 1994 3826 ut
2023 3789 2128 3827 non
2163 3775 2424 3829 videant:
2452 3789 2505 3831 et
2544 3793 2723 3840 aures,
2756 3772 2822 3832 ut“
2839 3797 2942 3834 non
2970 3785 3213 3850 audiant,
3274 3801 3446 3854 usque
3476 3787 3529 3841 in

1938 3865 2265 3919 hodiernum
2306 3867 2483 3931 diem;
2527 3886 2544 3918 ι
2576 3870 2844 3924 ausculta.
2920 3871 3010 3926 Illa
3053 3876 3241 3939 verba,
3291 3876 3434 3930 dedit
3477 3889 3532 3932 et

1939 3956 2180 4019 tradidii,
2212 3957 2514 4009 secundum
2547 3958 2695 4026 leges
2727 3969 2781 4012 et
2811 3963 3178 4030 proprietates
3224 3967 3528 4036 modosque

1936 4047 2248 4116 peculiares
2281 4047 2535 4114 loquendi
2603 4064 2773 4104 sacra:
2826 4050 3144 4121 Scriptum,
3194 4055 3525 4126 signiﬁcant,

1937 4137 2149 4205 reliquit
2186 4136 2269 4190 vel
2295 4138 2555 4205 permisit.
2591 4140 2746 4205 Quod
2777 4143 2820 4194 si
2853 4143 2953 4197 hoc
3005 4159 3109 4197 non
3182 4149 3400 4215 recipis,
3433 4166 3529 4218 per

1937 4230 2739 4298 demonstrationemprocedet
2805 4235 3005 4288 oratio.
3062 4237 3152 4290 Ait
3215 4237 3416 4294 Paulus
3461 4242 3528 4296 de

1939 4319 2059 4385 illis,
2092 4321 2182 4389 qui
2223 4321 2569 4376 divinitatem
2604 4323 2765 4379 idolis
2822 4327 3176 4394 tribuebant:
3215 4351 3233 4383 ι
3275 4331 3530 4390 Tradidit

1947 4425 2042 4465 eos
2070 4411 2257 4481 (Deus)
2294 4411 2344 4465 in
2380 4413 2610 4468 allectus
2646 4415 2959 4483 ignominia:
2997 4421 3081 4487 7°;
3125 4441 3141 4472 ι
3179 4424 3280 4479 hoc
3299 4436 3406 4490 est,
3437 4443 3526 4482 re-

1938 4501 2116 4571 liquit,
2149 4504 2375 4558 dimisit.
2438 4503 2557 4571 Quo
2597 4507 2759 4561 modo
2811 4526 3045 4580 namque
3091 4515 3205 4568 licri
3265 4530 3523 4588 poterat,

1938 4605 1996 4648 ut
2055 4613 2161 4651 non
2211 4598 2531 4667 ignorarent
2585 4612 2859 4668 naturam,
2912 4616 2966 4659 et
3020 4608 3404 4668 volntarentur
3469 4617 3521 4670 in

1936 4686 2239 4742 sceleribus
2274 4700 2484 4745 natura:
2522 4694 2782 4750 terminos
2819 4699 3244 4766 excedentibus,
3296 4706 3395 4773 illi,
3433 4709 3524 4776 qui

1934 4783 2488 4847 creaturam,omisso
2505 4784 2783 4852 Creatore,
2823 4789 3240 4847 adorabant‘iEt
3281 4797 3476 4850 iterum
3510 4816 3526 4849 :

1944 4889 1961 4921 ι
2009 4869 2262 4926 Tradidit
2298 4877 2468 4930 eosin
2506 4880 2792 4946 reprobum
2847 4895 3124 4948 sensutn,“
3170 4897 3229 4939 ut
3287 4889 3530 4945 facerent

1936 4975 2057 5028 qum
2083 4976 2188 5016 non
2220 4963 2508 5019 decent".
2551 4985 2570 5019 ι
2610 4966 2819 5024 Deinde
2870 4971 3109 5040 seipsum
3135 4975 3524 5046 interpretans,

1935 5052 2116 5107 dicit:
2168 5070 2185 5104 ι
2229 5052 2488 5124 Repletos
2528 5059 2676 5115 omni
2740 5059 3054 5129 iniquitate,
3121 5066 3350 5134 malitia,
3397 5085 3528 5125 ava-

1400 5220 1447 5250 ⁷⁸
1483 5220 1636 5276 llom.
1674 5239 1712 5282 ι,
1748 5224 1836 5278 26.
1918 5228 1961 5258 ’⁷
2000 5227 2127 5283 ibid.
2160 5229 2249 5286 28.

1337 5371 1573 5428 VARUE
1612 5373 1999 5435 LECTIONES
2041 5380 2129 5437 ET
2167 5383 2401 5440 ΝΟΤᾸΕ.

315 5523 428 5592 (εδ)
459 5525 588 5580 Cod.
621 5524 742 5578 Vat.
773 5526 876 5578 650
924 5525 1210 5591 lsidurum,
1247 5529 1332 5582 cui
1370 5529 1482 5584 hazc
1515 5531 1829 5586 inscribitur

240 5596 491 5667 cpistola,
551 5598 859 5667 episcOptnn
918 5596 1065 5656 facit,
1139 5613 1234 5662 pro
1288 5598 1518 5667 διακόνῳ
1583 5603 1827 5657 scribens

240 5665 546 5734 ὲπισκὸπῳ.
577 5663 710 5740 Ve_rs
756 5665 797 5740 β
827 5681 912 5732 cp.
959 5682 1053 5740 pro
1079 5667 1262 5740 ίσχυεν
1295 5668 1431 5721 idem
1477 5663 1635 5740 liabet
1670 5671 1828 5740 ἴσχυ-

242 5751 355 5808 σεν,
382 5748 433 5786 et
461 5733 667 5808 γενεαὶ
697 5750 723 5785 a
751 5734 864 5808 lim:
879 5751 973 5797 pro
1001 5733 1217 5805 éxépsue
1252 5739 1460 5801 scribit,
1496 5739 1635 5792 haud
1669 5733 1825 5808 paulo

241 5806 439 5873 aptius,
471 5804 794 5873 ἐχορήγησε.
835 5802 1042 5857 Possm.

313 5872 425 5941 (27)
460 5872 738 5941 Inseriptio
773 5875 1004 5927 sumitur
1039 5889 1098 5927 ex
1140 5875 1260 5927 cod.
1300 5874 1469 5929 Vatic.
1502 5877 1626 5940 630,
1660 5879 1810 5936 EDtT.

1928 5816 2100 5873 6::av.

2002 5539 2113 5614 (ﬁgo)
2148 5541 2268 5594 Εἰσὶ
2296 5546 2415 5599 cod.
2446 5545 2567 5601 Vat.
2601 5560 2770 5605 mutat
2801 5554 2852 5605 in
2887 5555 3021 5609 ἐστί.
3057 5555 3271 5614 Possm.

2141 5614 2719 5705 l‘\:0§-alé6gg,_.tttta;itt
2764 5624 2894 5677 edit.
2941 5624 3112 5681 Paris.
3147 5611 3357 5701 dei-rat,
3395 5651 3522 5705 sup-

1928 5676 2108 5746 pletur
2138 5697 2200 5732 ex
2240 5685 2362 5736 cod.
2400 5676 2573 5741 vané.
2614 5689 2770 5745 Eutr.

2144 5751 2569 5876 miserrmus!”
2605 5765 2725 5814 cod.
2765 5760 2884 5817 Vat.
2923 5779 3095 5822 mutat
3143 5771 3194 5824 in
3230 5773 3328 5843 τὴν
3363 5773 3521 5842 ἀκρί-
