  <div class='ocr_page' id='page_1' title='image "/cluster/home/n/w/nwhite01/storage/ocr_20150623/78/pst.000005712779/593.png"; bbox 0 0 4164 6426; ppageno 0'>
   <div class='ocr_carea' id='block_1_1' title="bbox 735 403 864 469">
    <p class='ocr_par' dir='ltr' id='par_1_1' title="bbox 735 403 864 469">
     <span class='ocr_line' id='line_1_1' title="bbox 735 403 864 469; baseline 0.016 -2"><span class='ocrx_word' id='word_1_1' title='bbox 735 403 864 469; x_wconf 81' lang='grc'><strong>1167</strong></span> 
     </span>
    </p>
   </div>
   <div class='ocr_carea' id='block_1_2' title="bbox 1924 394 2788 459">
    <p class='ocr_par' dir='ltr' id='par_1_2' title="bbox 1924 394 2788 459">
     <span class='ocr_line' id='line_1_2' title="bbox 1924 394 2788 459; baseline -0.005 -1"><span class='ocrx_word' id='word_1_2' title='bbox 1924 398 1982 459; x_wconf 91' lang='lat' dir='ltr'><strong>S.</strong></span> <span class='ocrx_word' id='word_1_3' title='bbox 2035 394 2325 457; x_wconf 78' lang='lat' dir='ltr'><strong>ISIDORI</strong></span> <span class='ocrx_word' id='word_1_4' title='bbox 2351 394 2788 455; x_wconf 66' lang='lat' dir='ltr'><strong>PELUSIO’I‘IE</strong></span> 
     </span>
    </p>
   </div>
   <div class='ocr_carea' id='block_1_3' title="bbox 3827 388 3952 453">
    <p class='ocr_par' dir='ltr' id='par_1_3' title="bbox 3827 388 3952 453">
     <span class='ocr_line' id='line_1_3' title="bbox 3827 388 3952 453; baseline -0.016 0"><span class='ocrx_word' id='word_1_5' title='bbox 3827 388 3952 453; x_wconf 78' lang='grc'><strong>1168</strong></span> 
     </span>
    </p>
   </div>
   <div class='ocr_carea' id='block_1_4' title="bbox 730 499 2300 584">
    <p class='ocr_par' dir='ltr' id='par_1_4' title="bbox 730 506 2294 584">
     <span class='ocr_line' id='line_1_4' title="bbox 730 506 2294 584; baseline -0.005 -15"><span class='ocrx_word' id='word_1_6' title='bbox 730 515 850 569; x_wconf 89' lang='lat' dir='ltr'><strong>ritia</strong></span> <span class='ocrx_word' id='word_1_7' title='bbox 879 514 924 545; x_wconf 88' lang='lat'>&quot;</span> <span class='ocrx_word' id='word_1_8' title='bbox 951 555 965 575; x_wconf 88' lang='lat'><strong>,</strong></span> <span class='ocrx_word' id='word_1_9' title='bbox 996 532 1013 561; x_wconf 75' lang='grc' dir='ltr'><strong>ι</strong></span> <span class='ocrx_word' id='word_1_10' title='bbox 1035 521 1136 566; x_wconf 86' lang='lat' dir='ltr'><strong>etc.</strong></span> <span class='ocrx_word' id='word_1_11' title='bbox 1167 509 1407 584; x_wconf 61' lang='lat' dir='ltr'><strong>4388i</strong></span> <span class='ocrx_word' id='word_1_12' title='bbox 1429 510 1590 578; x_wconf 85' lang='lat' dir='ltr'><strong>igitur</strong></span> <span class='ocrx_word' id='word_1_13' title='bbox 1612 514 1770 564; x_wconf 87' lang='lat' dir='ltr'><strong>erant</strong></span> <span class='ocrx_word' id='word_1_14' title='bbox 1800 506 2020 575; x_wconf 60' lang='lat' dir='ltr'><strong>reple“,</strong></span> <span class='ocrx_word' id='word_1_15' title='bbox 2066 519 2294 575; x_wconf 81' lang='lat' dir='ltr'><strong>quomo-</strong></span> 
     </span>
    </p>
   </div>
   <div class='ocr_carea' id='block_1_5' title="bbox 2399 499 3952 584">
    <p class='ocr_par' dir='ltr' id='par_1_5' title="bbox 2399 499 3952 575">
     <span class='ocr_line' id='line_1_5' title="bbox 2399 499 3952 575; baseline 0.007 -19"><span class='ocrx_word' id='word_1_16' title='bbox 2399 499 2541 556; x_wconf 73' lang='grc' dir='ltr'>εἷπε·</span> <span class='ocrx_word' id='word_1_17' title='bbox 2573 504 2864 575; x_wconf 77' lang='grc' dir='ltr'>Παρέδωκε</span> <span class='ocrx_word' id='word_1_18' title='bbox 2891 499 3438 572; x_wconf 75' lang='grc' dir='ltr'>πληρωθησομένουςι</span> <span class='ocrx_word' id='word_1_19' title='bbox 3477 501 3591 553; x_wconf 76' lang='grc' dir='ltr'>ἀλλ’</span> <span class='ocrx_word' id='word_1_20' title='bbox 3618 501 3700 552; x_wconf 75' lang='grc' dir='ltr'><strong>δτι</strong></span> <span class='ocrx_word' id='word_1_21' title='bbox 3739 503 3952 565; x_wconf 70' lang='grc' dir='ltr'>’πεπλη-</span> 
     </span>
    </p>
   </div>
   <div class='ocr_carea' id='block_1_6' title="bbox 727 593 2281 672">
    <p class='ocr_par' dir='ltr' id='par_1_6' title="bbox 727 593 2281 672">
     <span class='ocr_line' id='line_1_6' title="bbox 727 593 2281 672; baseline -0.006 -14"><span class='ocrx_word' id='word_1_22' title='bbox 727 606 794 658; x_wconf 88' lang='lat' dir='ltr'><strong>do</strong></span> <span class='ocrx_word' id='word_1_23' title='bbox 821 606 1040 659; x_wconf 87' lang='lat' dir='ltr'><strong>tradidit</strong></span> <span class='ocrx_word' id='word_1_24' title='bbox 1066 604 1192 657; x_wconf 90' lang='lat' dir='ltr'><strong>eos?</strong></span> <span class='ocrx_word' id='word_1_25' title='bbox 1227 604 1355 658; x_wconf 86' lang='lat' dir='ltr'><strong>Vide</strong></span> <span class='ocrx_word' id='word_1_26' title='bbox 1372 616 1532 672; x_wconf 87' lang='lat' dir='ltr'><strong>quam</strong></span> <span class='ocrx_word' id='word_1_27' title='bbox 1554 608 1811 656; x_wconf 85' lang='lat' dir='ltr'><strong>accurate</strong></span> <span class='ocrx_word' id='word_1_28' title='bbox 1857 599 2129 668; x_wconf 73' lang='lat' dir='ltr'><strong>loquatur.</strong></span> <span class='ocrx_word' id='word_1_29' title='bbox 2165 593 2281 650; x_wconf 81' lang='lat' dir='ltr'><strong>Non</strong></span> 
     </span>
    </p>
   </div>
   <div class='ocr_carea' id='block_1_7' title="bbox 727 685 2286 761">
    <p class='ocr_par' dir='ltr' id='par_1_7' title="bbox 727 685 2286 761">
     <span class='ocr_line' id='line_1_7' title="bbox 727 685 2286 761; baseline -0.006 -14"><span class='ocrx_word' id='word_1_30' title='bbox 727 695 902 749; x_wconf 77' lang='lat' dir='ltr'><strong>dixit:</strong></span> <span class='ocrx_word' id='word_1_31' title='bbox 941 693 1184 747; x_wconf 89' lang='lat' dir='ltr'><strong>Tradidit</strong></span> <span class='ocrx_word' id='word_1_32' title='bbox 1215 691 1537 761; x_wconf 86' lang='lat' dir='ltr'><strong>repiendos,</strong></span> <span class='ocrx_word' id='word_1_33' title='bbox 1573 690 1667 744; x_wconf 87' lang='lat' dir='ltr'><strong>sed</strong></span> <span class='ocrx_word' id='word_1_34' title='bbox 1705 689 1819 757; x_wconf 83' lang='lat' dir='ltr'><strong>jam</strong></span> <span class='ocrx_word' id='word_1_35' title='bbox 1870 687 2110 757; x_wconf 89' lang='lat' dir='ltr'><strong>repletos</strong></span> <span class='ocrx_word' id='word_1_36' title='bbox 2157 685 2286 739; x_wconf 88' lang='lat' dir='ltr'><strong>reli-</strong></span> 
     </span>
    </p>
   </div>
   <div class='ocr_carea' id='block_1_8' title="bbox 726 778 2288 853">
    <p class='ocr_par' dir='ltr' id='par_1_8' title="bbox 726 778 2288 853">
     <span class='ocr_line' id='line_1_8' title="bbox 726 778 2288 853; baseline -0.006 -18"><span class='ocrx_word' id='word_1_37' title='bbox 726 787 844 853; x_wconf 88' lang='lat' dir='ltr'><strong>quit</strong></span> <span class='ocrx_word' id='word_1_38' title='bbox 871 794 1032 853; x_wconf 86' lang='lat' dir='ltr'><strong>atque</strong></span> <span class='ocrx_word' id='word_1_39' title='bbox 1055 783 1343 838; x_wconf 90' lang='lat' dir='ltr'><strong>destituit:</strong></span> <span class='ocrx_word' id='word_1_40' title='bbox 1371 782 1510 837; x_wconf 95' lang='lat' dir='ltr'><strong>haud</strong></span> <span class='ocrx_word' id='word_1_41' title='bbox 1545 780 1704 834; x_wconf 89' lang='lat' dir='ltr'><strong>aliter</strong></span> <span class='ocrx_word' id='word_1_42' title='bbox 1727 793 1792 834; x_wconf 88' lang='lat' dir='ltr'><strong>ac</strong></span> <span class='ocrx_word' id='word_1_43' title='bbox 1849 779 1892 833; x_wconf 89' lang='lat' dir='ltr'><strong>si</strong></span> <span class='ocrx_word' id='word_1_44' title='bbox 1924 778 2046 846; x_wconf 84' lang='lat' dir='ltr'><strong>quis</strong></span> <span class='ocrx_word' id='word_1_45' title='bbox 2103 784 2288 842; x_wconf 86' lang='lat' dir='ltr'><strong>pastor</strong></span> 
     </span>
    </p>
   </div>
   <div class='ocr_carea' id='block_1_9' title="bbox 730 869 2285 941">
    <p class='ocr_par' dir='ltr' id='par_1_9' title="bbox 730 869 2285 941">
     <span class='ocr_line' id='line_1_9' title="bbox 730 869 2285 941; baseline -0.005 -15"><span class='ocrx_word' id='word_1_46' title='bbox 730 873 900 928; x_wconf 88' lang='lat' dir='ltr'><strong>bonus</strong></span> <span class='ocrx_word' id='word_1_47' title='bbox 930 885 1061 926; x_wconf 77' lang='lat' dir='ltr'><strong>oves</strong></span> <span class='ocrx_word' id='word_1_48' title='bbox 1087 869 1434 941; x_wconf 76' lang='lat' dir='ltr'><strong>peStilentiali</strong></span> <span class='ocrx_word' id='word_1_49' title='bbox 1467 869 1553 926; x_wconf 93' lang='lat' dir='ltr'><strong>lue</strong></span> <span class='ocrx_word' id='word_1_50' title='bbox 1583 879 1861 937; x_wconf 86' lang='lat' dir='ltr'><strong>correptas</strong></span> <span class='ocrx_word' id='word_1_51' title='bbox 1893 877 2045 922; x_wconf 74' lang='lat' dir='ltr'><strong>extra</strong></span> <span class='ocrx_word' id='word_1_52' title='bbox 2069 881 2285 935; x_wconf 89' lang='lat' dir='ltr'><strong>gregem</strong></span> 
     </span>
    </p>
   </div>
   <div class='ocr_carea' id='block_1_10' title="bbox 729 957 2285 1030">
    <p class='ocr_par' dir='ltr' id='par_1_10' title="bbox 729 957 2285 1030">
     <span class='ocr_line' id='line_1_10' title="bbox 729 957 2285 1030; baseline -0.003 -14"><span class='ocrx_word' id='word_1_53' title='bbox 729 964 902 1025; x_wconf 83' lang='lat' dir='ltr'><strong>abire,</strong></span> <span class='ocrx_word' id='word_1_54' title='bbox 927 973 981 1016; x_wconf 78' lang='lat' dir='ltr'><strong>et</strong></span> <span class='ocrx_word' id='word_1_55' title='bbox 1016 960 1410 1030; x_wconf 88' lang='lat' dir='ltr'><strong>quodammodo</strong></span> <span class='ocrx_word' id='word_1_56' title='bbox 1468 960 1606 1026; x_wconf 84' lang='lat' dir='ltr'><strong>lupis</strong></span> <span class='ocrx_word' id='word_1_57' title='bbox 1647 960 1857 1015; x_wconf 85' lang='lat' dir='ltr'><strong>tradere</strong></span> <span class='ocrx_word' id='word_1_58' title='bbox 1893 957 2236 1013; x_wconf 80' lang='lat' dir='ltr'><strong>consueverit</strong></span> <span class='ocrx_word' id='word_1_59' title='bbox 2272 975 2285 1011; x_wconf 90' lang='lat'><strong>:</strong></span> 
     </span>
    </p>
   </div>
   <div class='ocr_carea' id='block_1_11' title="bbox 731 1047 2288 1122">
    <p class='ocr_par' dir='ltr' id='par_1_11' title="bbox 731 1047 2288 1122">
     <span class='ocr_line' id='line_1_11' title="bbox 731 1047 2288 1122; baseline -0.004 -18"><span class='ocrx_word' id='word_1_60' title='bbox 731 1069 836 1108; x_wconf 90' lang='lat' dir='ltr'><strong>non</strong></span> <span class='ocrx_word' id='word_1_61' title='bbox 863 1053 1000 1122; x_wconf 87' lang='lat' dir='ltr'><strong>quod</strong></span> <span class='ocrx_word' id='word_1_62' title='bbox 1023 1067 1116 1106; x_wconf 89' lang='lat' dir='ltr'><strong>eas</strong></span> <span class='ocrx_word' id='word_1_63' title='bbox 1141 1052 1190 1104; x_wconf 92' lang='lat' dir='ltr'><strong>iu</strong></span> <span class='ocrx_word' id='word_1_64' title='bbox 1217 1049 1398 1104; x_wconf 80' lang='lat' dir='ltr'><strong>fauces</strong></span> <span class='ocrx_word' id='word_1_65' title='bbox 1425 1049 1668 1118; x_wconf 86' lang='lat' dir='ltr'><strong>luporum</strong></span> <span class='ocrx_word' id='word_1_66' title='bbox 1683 1047 1950 1117; x_wconf 88' lang='lat' dir='ltr'><strong>projiciat,</strong></span> <span class='ocrx_word' id='word_1_67' title='bbox 2006 1048 2110 1102; x_wconf 88' lang='lat' dir='ltr'><strong>sed</strong></span> <span class='ocrx_word' id='word_1_68' title='bbox 2146 1048 2288 1114; x_wconf 87' lang='lat' dir='ltr'><strong>quod</strong></span> 
     </span>
    </p>
   </div>
   <div class='ocr_carea' id='block_1_12' title="bbox 729 1137 2281 1211">
    <p class='ocr_par' dir='ltr' id='par_1_12' title="bbox 729 1137 2281 1211">
     <span class='ocr_line' id='line_1_12' title="bbox 729 1137 2281 1211; baseline -0.006 -12"><span class='ocrx_word' id='word_1_69' title='bbox 729 1159 824 1199; x_wconf 86' lang='lat' dir='ltr'><strong>sua</strong></span> <span class='ocrx_word' id='word_1_70' title='bbox 847 1159 975 1199; x_wconf 89' lang='lat' dir='ltr'><strong>cura</strong></span> <span class='ocrx_word' id='word_1_71' title='bbox 1005 1158 1069 1197; x_wconf 90' lang='lat' dir='ltr'><strong>ac</strong></span> <span class='ocrx_word' id='word_1_72' title='bbox 1090 1143 1340 1211; x_wconf 66' lang='lat' dir='ltr'><strong>prmsidio</strong></span> <span class='ocrx_word' id='word_1_73' title='bbox 1370 1155 1462 1196; x_wconf 85' lang='lat' dir='ltr'><strong>eas</strong></span> <span class='ocrx_word' id='word_1_74' title='bbox 1496 1141 1728 1196; x_wconf 83' lang='lat' dir='ltr'><strong>denudet</strong></span> <span class='ocrx_word' id='word_1_75' title='bbox 1745 1153 1810 1194; x_wconf 81' lang='lat' dir='ltr'><strong>Ic</strong></span> <span class='ocrx_word' id='word_1_76' title='bbox 1837 1140 2116 1196; x_wconf 77' lang='lat' dir='ltr'><strong>destituat.</strong></span> <span class='ocrx_word' id='word_1_77' title='bbox 2151 1137 2281 1190; x_wconf 87' lang='lat' dir='ltr'><strong>lllttd</strong></span> 
     </span>
    </p>
   </div>
   <div class='ocr_carea' id='block_1_13' title="bbox 730 1225 2294 1304">
    <p class='ocr_par' dir='ltr' id='par_1_13' title="bbox 730 1225 2294 1304">
     <span class='ocr_line' id='line_1_13' title="bbox 730 1225 2294 1304; baseline -0.006 -15"><span class='ocrx_word' id='word_1_78' title='bbox 730 1236 910 1304; x_wconf 84' lang='lat' dir='ltr'><strong>itaque</strong></span> <span class='ocrx_word' id='word_1_79' title='bbox 931 1233 1175 1296; x_wconf 80' lang='lat' dir='ltr'><strong>verbum,</strong></span> <span class='ocrx_word' id='word_1_80' title='bbox 1207 1231 1371 1296; x_wconf 80' lang='lat' dir='ltr'><strong>dedit,</strong></span> <span class='ocrx_word' id='word_1_81' title='bbox 1404 1232 1560 1283; x_wconf 91' lang='lat' dir='ltr'><strong>talem</strong></span> <span class='ocrx_word' id='word_1_82' title='bbox 1592 1230 1749 1284; x_wconf 88' lang='lat' dir='ltr'><strong>habet</strong></span> <span class='ocrx_word' id='word_1_83' title='bbox 1771 1243 2010 1283; x_wconf 78' lang='lat' dir='ltr'><strong>sensum.</strong></span> <span class='ocrx_word' id='word_1_84' title='bbox 2059 1225 2294 1295; x_wconf 79' lang='lat' dir='ltr'><strong>Spiritus</strong></span> 
     </span>
    </p>
   </div>
   <div class='ocr_carea' id='block_1_14' title="bbox 729 1320 2290 1392">
    <p class='ocr_par' dir='ltr' id='par_1_14' title="bbox 729 1320 2290 1392">
     <span class='ocr_line' id='line_1_14' title="bbox 729 1320 2290 1392; baseline -0.004 -16"><span class='ocrx_word' id='word_1_85' title='bbox 729 1333 905 1377; x_wconf 83' lang='lat' dir='ltr'><strong>autem</strong></span> <span class='ocrx_word' id='word_1_86' title='bbox 939 1321 1392 1392; x_wconf 82' lang='lat' dir='ltr'><strong>compunctionis,</strong></span> <span class='ocrx_word' id='word_1_87' title='bbox 1427 1320 1561 1374; x_wconf 87' lang='lat' dir='ltr'><strong>nihil</strong></span> <span class='ocrx_word' id='word_1_88' title='bbox 1593 1320 1736 1372; x_wconf 81' lang='lat' dir='ltr'><strong>aliud</strong></span> <span class='ocrx_word' id='word_1_89' title='bbox 1779 1327 1885 1383; x_wconf 84' lang='lat' dir='ltr'><strong>est,</strong></span> <span class='ocrx_word' id='word_1_90' title='bbox 1912 1333 2072 1387; x_wconf 89' lang='lat' dir='ltr'><strong>quam</strong></span> <span class='ocrx_word' id='word_1_91' title='bbox 2101 1327 2290 1386; x_wconf 85' lang='lat' dir='ltr'><strong>stupo-</strong></span> 
     </span>
    </p>
   </div>
   <div class='ocr_carea' id='block_1_15' title="bbox 729 1406 2290 1483">
    <p class='ocr_par' dir='ltr' id='par_1_15' title="bbox 729 1406 2290 1483">
     <span class='ocr_line' id='line_1_15' title="bbox 729 1406 2290 1483; baseline -0.003 -16"><span class='ocrx_word' id='word_1_92' title='bbox 729 1416 806 1468; x_wconf 86' lang='lat' dir='ltr'><strong>ris</strong></span> <span class='ocrx_word' id='word_1_93' title='bbox 824 1421 878 1468; x_wconf 88' lang='lat' dir='ltr'><strong>et</strong></span> <span class='ocrx_word' id='word_1_94' title='bbox 900 1412 1290 1483; x_wconf 84' lang='lat' dir='ltr'><strong>percussionis.</strong></span> <span class='ocrx_word' id='word_1_95' title='bbox 1326 1409 1456 1464; x_wconf 77' lang='lat' dir='ltr'><strong>Nam</strong></span> <span class='ocrx_word' id='word_1_96' title='bbox 1490 1423 1853 1477; x_wconf 80' lang='lat' dir='ltr'><strong>compungere</strong></span> <span class='ocrx_word' id='word_1_97' title='bbox 1881 1417 1966 1462; x_wconf 88' lang='lat' dir='ltr'><strong>est</strong></span> <span class='ocrx_word' id='word_1_98' title='bbox 1989 1408 2128 1462; x_wconf 89' lang='lat' dir='ltr'><strong>idem</strong></span> <span class='ocrx_word' id='word_1_99' title='bbox 2149 1406 2290 1476; x_wconf 91' lang='lat' dir='ltr'><strong>quod</strong></span> 
     </span>
    </p>
   </div>
   <div class='ocr_carea' id='block_1_16' title="bbox 739 1497 2291 1570">
    <p class='ocr_par' dir='ltr' id='par_1_16' title="bbox 739 1497 2291 1570">
     <span class='ocr_line' id='line_1_16' title="bbox 739 1497 2291 1570; baseline -0.005 -15"><span class='ocrx_word' id='word_1_100' title='bbox 739 1502 1028 1557; x_wconf 78' lang='lat' dir='ltr'><strong>vulnerare</strong></span> <span class='ocrx_word' id='word_1_101' title='bbox 1052 1517 1114 1556; x_wconf 87' lang='lat' dir='ltr'><strong>ac</strong></span> <span class='ocrx_word' id='word_1_102' title='bbox 1150 1511 1450 1570; x_wconf 84' lang='lat' dir='ltr'><strong>percutere,</strong></span> <span class='ocrx_word' id='word_1_103' title='bbox 1475 1500 1770 1555; x_wconf 90' lang='lat' dir='ltr'><strong>secundum</strong></span> <span class='ocrx_word' id='word_1_104' title='bbox 1795 1500 1846 1553; x_wconf 92' lang='lat' dir='ltr'><strong>id</strong></span> <span class='ocrx_word' id='word_1_105' title='bbox 1869 1503 2008 1569; x_wconf 92' lang='lat' dir='ltr'><strong>quod</strong></span> <span class='ocrx_word' id='word_1_106' title='bbox 2043 1499 2094 1551; x_wconf 89' lang='lat' dir='ltr'><strong>in</strong></span> <span class='ocrx_word' id='word_1_107' title='bbox 2117 1497 2291 1552; x_wconf 85' lang='lat' dir='ltr'><strong>Evan-</strong></span> 
     </span>
    </p>
   </div>
   <div class='ocr_carea' id='block_1_17' title="bbox 2393 591 3950 666">
    <p class='ocr_par' dir='ltr' id='par_1_17' title="bbox 2393 591 3950 666">
     <span class='ocr_line' id='line_1_17' title="bbox 2393 591 3950 666; baseline -0.004 -17"><span class='ocrx_word' id='word_1_108' title='bbox 2393 596 2678 666; x_wconf 78' lang='grc' dir='ltr'>ρωμένους</span> <span class='ocrx_word' id='word_1_109' title='bbox 2725 596 2936 664; x_wconf 77' lang='grc' dir='ltr'>ἀφῆκεν</span> <span class='ocrx_word' id='word_1_110' title='bbox 2956 609 2968 621; x_wconf 79' lang='grc'><em>’</em></span> <span class='ocrx_word' id='word_1_111' title='bbox 3009 594 3197 663; x_wconf 78' lang='grc' dir='ltr'>ὥσπερ</span> <span class='ocrx_word' id='word_1_112' title='bbox 3227 593 3292 646; x_wconf 81' lang='grc' dir='ltr'>ἂν</span> <span class='ocrx_word' id='word_1_113' title='bbox 3324 594 3376 645; x_wconf 79' lang='grc' dir='ltr'>ετ</span> <span class='ocrx_word' id='word_1_114' title='bbox 3411 610 3494 654; x_wconf 87' lang='grc' dir='ltr'><strong>τις</strong></span> <span class='ocrx_word' id='word_1_115' title='bbox 3522 592 3723 662; x_wconf 74' lang='grc' dir='ltr'>ποιμὴν</span> <span class='ocrx_word' id='word_1_116' title='bbox 3752 591 3950 658; x_wconf 69' lang='grc' dir='ltr'>ἀγαθὸς</span> 
     </span>
    </p>
   </div>
   <div class='ocr_carea' id='block_1_18' title="bbox 2389 682 3948 758">
    <p class='ocr_par' dir='ltr' id='par_1_18' title="bbox 2389 682 3948 758">
     <span class='ocr_line' id='line_1_18' title="bbox 2389 682 3948 758; baseline 0.002 -18"><span class='ocrx_word' id='word_1_117' title='bbox 2389 688 2636 758; x_wconf 89' lang='grc' dir='ltr'>πρόϐατα</span> <span class='ocrx_word' id='word_1_118' title='bbox 2667 687 2886 757; x_wconf 78' lang='grc' dir='ltr'>λοιμικῇ</span> <span class='ocrx_word' id='word_1_119' title='bbox 2929 685 3068 754; x_wconf 83' lang='grc' dir='ltr'>νόσῳ</span> <span class='ocrx_word' id='word_1_120' title='bbox 3117 685 3430 747; x_wconf 76' lang='grc' dir='ltr'>ἑαλωκότα,</span> <span class='ocrx_word' id='word_1_121' title='bbox 3469 683 3573 748; x_wconf 78' lang='grc' dir='ltr'><strong>ἔξω</strong></span> <span class='ocrx_word' id='word_1_122' title='bbox 3615 685 3716 752; x_wconf 83' lang='grc' dir='ltr'>τῆς</span> <span class='ocrx_word' id='word_1_123' title='bbox 3757 682 3948 751; x_wconf 79' lang='grc' dir='ltr'><strong>ἀγέλης</strong></span> 
     </span>
    </p>
   </div>
   <div class='ocr_carea' id='block_1_19' title="bbox 2389 774 3950 846">
    <p class='ocr_par' dir='ltr' id='par_1_19' title="bbox 2389 774 3950 846">
     <span class='ocr_line' id='line_1_19' title="bbox 2389 774 3950 846; baseline -0.006 -15"><span class='ocrx_word' id='word_1_124' title='bbox 2389 779 2699 841; x_wconf 76' lang='grc' dir='ltr'>ἀπελάσειε,</span> <span class='ocrx_word' id='word_1_125' title='bbox 2726 778 2819 829; x_wconf 84' lang='grc' dir='ltr'>καὶ</span> <span class='ocrx_word' id='word_1_126' title='bbox 2840 777 3036 846; x_wconf 65' lang='grc' dir='ltr'>τρόπον</span> <span class='ocrx_word' id='word_1_127' title='bbox 3062 774 3183 828; x_wconf 86' lang='grc' dir='ltr'>τινά</span> <span class='ocrx_word' id='word_1_128' title='bbox 3203 777 3312 838; x_wconf 79' lang='grc' dir='ltr'>τοῖς</span> <span class='ocrx_word' id='word_1_129' title='bbox 3339 775 3522 837; x_wconf 78' lang='grc' dir='ltr'><strong>λύκοις</strong></span> <span class='ocrx_word' id='word_1_130' title='bbox 3560 774 3829 844; x_wconf 88' lang='grc' dir='ltr'>παραδοίη</span> <span class='ocrx_word' id='word_1_131' title='bbox 3851 813 3865 832; x_wconf 89' lang='grc'><strong>,</strong></span> <span class='ocrx_word' id='word_1_132' title='bbox 3894 774 3950 824; x_wconf 81' lang='grc' dir='ltr'><strong>ού</strong></span> 
     </span>
    </p>
   </div>
   <div class='ocr_carea' id='block_1_20' title="bbox 2389 863 3952 939">
    <p class='ocr_par' dir='ltr' id='par_1_20' title="bbox 2389 863 3952 939">
     <span class='ocr_line' id='line_1_20' title="bbox 2389 863 3952 939; baseline -0.004 -18"><span class='ocrx_word' id='word_1_133' title='bbox 2389 870 2465 939; x_wconf 82' lang='grc' dir='ltr'>τῷ</span> <span class='ocrx_word' id='word_1_134' title='bbox 2495 871 2572 930; x_wconf 89' lang='grc' dir='ltr'><strong>εἰς</strong></span> <span class='ocrx_word' id='word_1_135' title='bbox 2600 868 2665 921; x_wconf 66' lang='grc' dir='ltr'><strong>τά</strong></span> <span class='ocrx_word' id='word_1_136' title='bbox 2712 866 2819 919; x_wconf 79' lang='grc' dir='ltr'><strong>τῶν</strong></span> <span class='ocrx_word' id='word_1_137' title='bbox 2866 865 3046 919; x_wconf 85' lang='grc' dir='ltr'>λύκων</span> <span class='ocrx_word' id='word_1_138' title='bbox 3089 864 3334 918; x_wconf 74' lang='grc' dir='ltr'>ἐκϐαλεῖν</span> <span class='ocrx_word' id='word_1_139' title='bbox 3386 865 3629 934; x_wconf 84' lang='grc' dir='ltr'>στόματα</span> <span class='ocrx_word' id='word_1_140' title='bbox 3650 904 3667 927; x_wconf 93' lang='grc'><strong>,</strong></span> <span class='ocrx_word' id='word_1_141' title='bbox 3715 863 3854 917; x_wconf 85' lang='grc' dir='ltr'><strong>ἀλλά</strong></span> <span class='ocrx_word' id='word_1_142' title='bbox 3882 864 3952 931; x_wconf 76' lang='grc' dir='ltr'>τῷ</span> 
     </span>
    </p>
   </div>
   <div class='ocr_carea' id='block_1_21' title="bbox 2390 953 3946 1028">
    <p class='ocr_par' dir='ltr' id='par_1_21' title="bbox 2390 953 3946 1028">
     <span class='ocr_line' id='line_1_21' title="bbox 2390 953 3946 1028; baseline -0.004 -17"><span class='ocrx_word' id='word_1_143' title='bbox 2390 959 2677 1028; x_wconf 76' lang='grc' dir='ltr'><strong>γυμνῶσαι</strong></span> <span class='ocrx_word' id='word_1_144' title='bbox 2712 956 2813 1026; x_wconf 77' lang='grc' dir='ltr'>τῆς</span> <span class='ocrx_word' id='word_1_145' title='bbox 2853 957 3058 1019; x_wconf 88' lang='grc' dir='ltr'>οἰκείας</span> <span class='ocrx_word' id='word_1_146' title='bbox 3109 955 3428 1024; x_wconf 72' lang='grc' dir='ltr'><strong>ἐπιμελείας</strong></span> <span class='ocrx_word' id='word_1_147' title='bbox 3460 954 3554 1008; x_wconf 78' lang='grc' dir='ltr'>καὶ</span> <span class='ocrx_word' id='word_1_148' title='bbox 3595 953 3946 1021; x_wconf 78' lang='grc' dir='ltr'><strong>προστασίας.</strong></span> 
     </span>
    </p>
   </div>
   <div class='ocr_carea' id='block_1_22' title="bbox 2393 1043 3952 1120">
    <p class='ocr_par' dir='ltr' id='par_1_22' title="bbox 2393 1043 3952 1120">
     <span class='ocr_line' id='line_1_22' title="bbox 2393 1043 3952 1120; baseline -0.005 -16"><span class='ocrx_word' id='word_1_149' title='bbox 2393 1054 2465 1104; x_wconf 72' lang='grc' dir='ltr'><strong>Τὸ</strong></span> <span class='ocrx_word' id='word_1_150' title='bbox 2499 1053 2596 1120; x_wconf 82' lang='grc' dir='ltr'>μὲν</span> <span class='ocrx_word' id='word_1_151' title='bbox 2637 1046 2751 1112; x_wconf 86' lang='grc' dir='ltr'>οῦν,</span> <span class='ocrx_word' id='word_1_152' title='bbox 2779 1048 2964 1103; x_wconf 75' lang='grc' dir='ltr'>ἔδωκε</span> <span class='ocrx_word' id='word_1_153' title='bbox 3033 1047 3287 1117; x_wconf 75' lang='grc' dir='ltr'>τοιαύτην</span> <span class='ocrx_word' id='word_1_154' title='bbox 3327 1047 3439 1114; x_wconf 76' lang='grc' dir='ltr'>ἔχει</span> <span class='ocrx_word' id='word_1_155' title='bbox 3470 1045 3567 1115; x_wconf 78' lang='grc' dir='ltr'>τὴν</span> <span class='ocrx_word' id='word_1_156' title='bbox 3605 1046 3820 1097; x_wconf 78' lang='grc' dir='ltr'>ἔννοιαν</span> <span class='ocrx_word' id='word_1_157' title='bbox 3884 1043 3952 1096; x_wconf 81' lang='grc' dir='ltr'>Τδ</span> 
     </span>
    </p>
   </div>
   <div class='ocr_carea' id='block_1_23' title="bbox 2391 1135 3951 1210">
    <p class='ocr_par' dir='ltr' id='par_1_23' title="bbox 2391 1135 3951 1210">
     <span class='ocr_line' id='line_1_23' title="bbox 2391 1135 3951 1210; baseline -0.006 -18"><span class='ocrx_word' id='word_1_158' title='bbox 2391 1142 2448 1196; x_wconf 78' lang='grc' dir='ltr'>δὲ</span> <span class='ocrx_word' id='word_1_159' title='bbox 2497 1141 2712 1209; x_wconf 84' lang='grc' dir='ltr'>πνεῦμα</span> <span class='ocrx_word' id='word_1_160' title='bbox 2750 1139 2850 1210; x_wconf 84' lang='grc' dir='ltr'>τῆς</span> <span class='ocrx_word' id='word_1_161' title='bbox 2887 1137 3253 1202; x_wconf 80' lang='grc' dir='ltr'>κατανύξεως,</span> <span class='ocrx_word' id='word_1_162' title='bbox 3291 1136 3679 1205; x_wconf 78' lang='grc' dir='ltr'>καταπλήξεως</span> <span class='ocrx_word' id='word_1_163' title='bbox 3719 1135 3832 1204; x_wconf 80' lang='lat'><strong>(3|)</strong></span> <span class='ocrx_word' id='word_1_164' title='bbox 3863 1136 3951 1186; x_wconf 73' lang='grc' dir='ltr'>καὶ</span> 
     </span>
    </p>
   </div>
   <div class='ocr_carea' id='block_1_24' title="bbox 2392 1226 3950 1304">
    <p class='ocr_par' dir='ltr' id='par_1_24' title="bbox 2392 1226 3950 1304">
     <span class='ocr_line' id='line_1_24' title="bbox 2392 1226 3950 1304; baseline -0.006 -18"><span class='ocrx_word' id='word_1_165' title='bbox 2392 1232 2807 1304; x_wconf 84' lang='grc' dir='ltr'>κατατρώσεως.</span> <span class='ocrx_word' id='word_1_166' title='bbox 2843 1231 2918 1284; x_wconf 77' lang='grc' dir='ltr'>Τὸ</span> <span class='ocrx_word' id='word_1_167' title='bbox 2952 1230 3058 1301; x_wconf 85' lang='grc' dir='ltr'><strong>γὰρ</strong></span> <span class='ocrx_word' id='word_1_168' title='bbox 3089 1229 3318 1290; x_wconf 86' lang='grc' dir='ltr'>νύττειν.</span> <span class='ocrx_word' id='word_1_169' title='bbox 3352 1226 3672 1296; x_wconf 77' lang='grc' dir='ltr'>τιτρώσκειν</span> <span class='ocrx_word' id='word_1_170' title='bbox 3719 1227 3838 1278; x_wconf 74' lang='grc' dir='ltr'>ἐστὶ</span> <span class='ocrx_word' id='word_1_171' title='bbox 3860 1228 3950 1278; x_wconf 82' lang='grc' dir='ltr'>καὶ</span> 
     </span>
    </p>
   </div>
   <div class='ocr_carea' id='block_1_25' title="bbox 2391 1315 3952 1389">
    <p class='ocr_par' dir='ltr' id='par_1_25' title="bbox 2391 1315 3952 1389">
     <span class='ocr_line' id='line_1_25' title="bbox 2391 1315 3952 1389; baseline -0.002 -18"><span class='ocrx_word' id='word_1_172' title='bbox 2391 1319 2684 1388; x_wconf 87' lang='grc' dir='ltr'>πλήττειν,</span> <span class='ocrx_word' id='word_1_173' title='bbox 2733 1318 2996 1379; x_wconf 79' lang='grc' dir='ltr'>κατὰτὸ,</span> <span class='ocrx_word' id='word_1_174' title='bbox 3053 1336 3072 1368; x_wconf 87' lang='grc'><strong><em>‹</em></strong></span> <span class='ocrx_word' id='word_1_175' title='bbox 3141 1318 3372 1379; x_wconf 77' lang='grc' dir='ltr'>Ἐνυξαν</span> <span class='ocrx_word' id='word_1_176' title='bbox 3426 1317 3523 1389; x_wconf 79' lang='grc' dir='ltr'>τὴν</span> <span class='ocrx_word' id='word_1_177' title='bbox 3561 1316 3806 1386; x_wconf 81' lang='grc' dir='ltr'>πλευρὰν</span> <span class='ocrx_word' id='word_1_178' title='bbox 3862 1315 3952 1368; x_wconf 86' lang='grc' dir='ltr'><strong>τοῦ</strong></span> 
     </span>
    </p>
   </div>
   <div class='ocr_carea' id='block_1_26' title="bbox 2392 1403 3951 1482">
    <p class='ocr_par' dir='ltr' id='par_1_26' title="bbox 2392 1403 3951 1482">
     <span class='ocr_line' id='line_1_26' title="bbox 2392 1403 3951 1482; baseline -0.001 -20"><span class='ocrx_word' id='word_1_179' title='bbox 2392 1410 2627 1478; x_wconf 79' lang='grc' dir='ltr'>Χριστοῦ</span> <span class='ocrx_word' id='word_1_180' title='bbox 2658 1413 2723 1481; x_wconf 82' lang='grc' dir='ltr'>τῇ</span> <span class='ocrx_word' id='word_1_181' title='bbox 2747 1410 2933 1482; x_wconf 80' lang='grc' dir='ltr'>λόγχῃ.</span> <span class='ocrx_word' id='word_1_182' title='bbox 2951 1427 2969 1460; x_wconf 81' lang='grc' dir='ltr'><strong>ι</strong></span> <span class='ocrx_word' id='word_1_183' title='bbox 2989 1408 3141 1462; x_wconf 79' lang='grc' dir='ltr'>Ἐπεὶ</span> <span class='ocrx_word' id='word_1_184' title='bbox 3168 1403 3260 1462; x_wconf 80' lang='grc' dir='ltr'>οὖν</span> <span class='ocrx_word' id='word_1_185' title='bbox 3283 1406 3510 1474; x_wconf 65' lang='grc' dir='ltr'>πλῆξαι</span> <span class='ocrx_word' id='word_1_186' title='bbox 3530 1408 3644 1459; x_wconf 71' lang='grc' dir='ltr'>ἐστὶ</span> <span class='ocrx_word' id='word_1_187' title='bbox 3665 1407 3729 1460; x_wconf 84' lang='grc' dir='ltr'>τὸ</span> <span class='ocrx_word' id='word_1_188' title='bbox 3760 1407 3951 1472; x_wconf 74' lang='grc' dir='ltr'>νύξαι.</span> 
     </span>
    </p>
   </div>
   <div class='ocr_carea' id='block_1_27' title="bbox 2391 1497 3953 1571">
    <p class='ocr_par' dir='ltr' id='par_1_27' title="bbox 2391 1497 3953 1571">
     <span class='ocr_line' id='line_1_27' title="bbox 2391 1497 3953 1571; baseline -0.001 -18"><span class='ocrx_word' id='word_1_189' title='bbox 2391 1503 2451 1553; x_wconf 72' lang='grc' dir='ltr'><strong>τὸ</strong></span> <span class='ocrx_word' id='word_1_190' title='bbox 2481 1500 2893 1571; x_wconf 63' lang='grc' dir='ltr'>κατατρωθῖψαι</span> <span class='ocrx_word' id='word_1_191' title='bbox 2928 1501 3018 1552; x_wconf 72' lang='grc' dir='ltr'>καὶ</span> <span class='ocrx_word' id='word_1_192' title='bbox 3051 1498 3429 1569; x_wconf 80' lang='grc' dir='ltr'>κατανυγῆναι</span> <span class='ocrx_word' id='word_1_193' title='bbox 3462 1498 3686 1559; x_wconf 81' lang='grc' dir='ltr'>εἰκότως</span> <span class='ocrx_word' id='word_1_194' title='bbox 3720 1497 3953 1568; x_wconf 72' lang='grc' dir='ltr'>εἴρηται.</span> 
     </span>
    </p>
   </div>
   <div class='ocr_carea' id='block_1_28' title="bbox 728 1587 2300 1664">
    <p class='ocr_par' dir='ltr' id='par_1_28' title="bbox 728 1587 2292 1664">
     <span class='ocr_line' id='line_1_28' title="bbox 728 1587 2292 1664; baseline -0.004 -17"><span class='ocrx_word' id='word_1_195' title='bbox 728 1593 866 1664; x_wconf 86' lang='lat' dir='ltr'><strong>gelio</strong></span> <span class='ocrx_word' id='word_1_196' title='bbox 894 1594 1133 1646; x_wconf 83' lang='lat' dir='ltr'><strong>dicitur:</strong></span> <span class='ocrx_word' id='word_1_197' title='bbox 1165 1609 1183 1642; x_wconf 81' lang='grc' dir='ltr'><strong>ι</strong></span> <span class='ocrx_word' id='word_1_198' title='bbox 1230 1590 1680 1656; x_wconf 77' lang='lat' dir='ltr'><strong>Campunxernut</strong></span> <span class='ocrx_word' id='word_1_199' title='bbox 1733 1589 1875 1644; x_wconf 85' lang='lat' dir='ltr'><strong>latus</strong></span> <span class='ocrx_word' id='word_1_200' title='bbox 1914 1588 2114 1644; x_wconf 86' lang='lat' dir='ltr'><strong>Christi</strong></span> <span class='ocrx_word' id='word_1_201' title='bbox 2171 1587 2292 1641; x_wconf 89' lang='lat' dir='ltr'><strong>lan-</strong></span> 
     </span>
    </p>
   </div>
   <div class='ocr_carea' id='block_1_29' title="bbox 2399 1587 3954 1664">
    <p class='ocr_par' dir='ltr' id='par_1_29' title="bbox 2399 1587 3954 1660">
     <span class='ocr_line' id='line_1_29' title="bbox 2399 1587 3954 1660; baseline -0.002 -17"><span class='ocrx_word' id='word_1_202' title='bbox 2399 1587 2526 1643; x_wconf 81' lang='grc' dir='ltr'>Εἷτα</span> <span class='ocrx_word' id='word_1_203' title='bbox 2555 1589 2874 1660; x_wconf 81' lang='grc' dir='ltr'>ἑρμηνεύων</span> <span class='ocrx_word' id='word_1_204' title='bbox 2896 1589 3058 1652; x_wconf 79' lang='grc' dir='ltr'>αὐτὸς</span> <span class='ocrx_word' id='word_1_205' title='bbox 3089 1590 3149 1641; x_wconf 79' lang='grc' dir='ltr'>τὸ</span> <span class='ocrx_word' id='word_1_206' title='bbox 3187 1587 3536 1652; x_wconf 78' lang='grc' dir='ltr'>κατένυξεν,</span> <span class='ocrx_word' id='word_1_207' title='bbox 3557 1587 3638 1639; x_wconf 79' lang='grc' dir='ltr'>ὅτι</span> <span class='ocrx_word' id='word_1_208' title='bbox 3661 1587 3954 1654; x_wconf 73' lang='grc' dir='ltr'>κατέπλη-</span> 
     </span>
    </p>
   </div>
   <div class='ocr_carea' id='block_1_30' title="bbox 728 1676 2300 1750">
    <p class='ocr_par' dir='ltr' id='par_1_30' title="bbox 728 1679 2296 1749">
     <span class='ocr_line' id='line_1_30' title="bbox 728 1679 2296 1749; baseline 0.001 -17"><span class='ocrx_word' id='word_1_209' title='bbox 728 1697 824 1735; x_wconf 84' lang='lat' dir='ltr'><strong>cea</strong></span> <span class='ocrx_word' id='word_1_210' title='bbox 846 1681 914 1735; x_wconf 72' lang='grc' dir='ltr'><strong>τ’.</strong></span> <span class='ocrx_word' id='word_1_211' title='bbox 960 1699 978 1731; x_wconf 86' lang='grc' dir='ltr'><strong>ι</strong></span> <span class='ocrx_word' id='word_1_212' title='bbox 1010 1681 1144 1748; x_wconf 81' lang='lat' dir='ltr'><strong>Quia</strong></span> <span class='ocrx_word' id='word_1_213' title='bbox 1171 1681 1336 1749; x_wconf 88' lang='lat' dir='ltr'><strong>igitur</strong></span> <span class='ocrx_word' id='word_1_214' title='bbox 1378 1694 1723 1749; x_wconf 79' lang='lat' dir='ltr'><strong>compungere</strong></span> <span class='ocrx_word' id='word_1_215' title='bbox 1760 1679 2033 1749; x_wconf 75' lang='lat' dir='ltr'><strong>signiﬁcat</strong></span> <span class='ocrx_word' id='word_1_216' title='bbox 2060 1689 2296 1746; x_wconf 80' lang='lat' dir='ltr'><strong>percute-</strong></span> 
     </span>
    </p>
   </div>
   <div class='ocr_carea' id='block_1_31' title="bbox 2399 1676 3956 1750">
    <p class='ocr_par' dir='ltr' id='par_1_31' title="bbox 2399 1676 3956 1750">
     <span class='ocr_line' id='line_1_31' title="bbox 2399 1676 3956 1750; baseline -0.001 -18"><span class='ocrx_word' id='word_1_217' title='bbox 2399 1680 2502 1744; x_wconf 66' lang='lat' dir='ltr'><strong>fer</strong></span> <span class='ocrx_word' id='word_1_218' title='bbox 2527 1683 2694 1744; x_wconf 75' lang='grc' dir='ltr'>ἐστὶν,</span> <span class='ocrx_word' id='word_1_219' title='bbox 2745 1681 2850 1750; x_wconf 71' lang='grc' dir='ltr'>ἔφη</span> <span class='ocrx_word' id='word_1_220' title='bbox 2869 1698 2884 1712; x_wconf 77' lang='grc' dir='ltr'><strong>ο</strong></span> <span class='ocrx_word' id='word_1_221' title='bbox 2929 1699 2948 1732; x_wconf 85' lang='grc' dir='ltr'><strong>ι</strong></span> <span class='ocrx_word' id='word_1_222' title='bbox 2971 1679 3310 1749; x_wconf 83' lang='grc' dir='ltr'>Ὀφθαλμοὺς</span> <span class='ocrx_word' id='word_1_223' title='bbox 3347 1678 3440 1732; x_wconf 86' lang='grc' dir='ltr'><strong>τοῦ</strong></span> <span class='ocrx_word' id='word_1_224' title='bbox 3493 1679 3568 1749; x_wconf 79' lang='grc' dir='ltr'>μὴ</span> <span class='ocrx_word' id='word_1_225' title='bbox 3599 1676 3837 1747; x_wconf 68' lang='grc' dir='ltr'>βλέπειν,</span> <span class='ocrx_word' id='word_1_226' title='bbox 3867 1681 3956 1731; x_wconf 84' lang='grc' dir='ltr'>καὶ</span> 
     </span>
    </p>
   </div>
   <div class='ocr_carea' id='block_1_32' title="bbox 729 1767 2300 1844">
    <p class='ocr_par' dir='ltr' id='par_1_32' title="bbox 729 1769 2286 1840">
     <span class='ocr_line' id='line_1_32' title="bbox 729 1769 2286 1840; baseline -0.003 -14"><span class='ocrx_word' id='word_1_227' title='bbox 729 1788 816 1835; x_wconf 75' lang='lat' dir='ltr'><strong>re,</strong></span> <span class='ocrx_word' id='word_1_228' title='bbox 867 1781 1012 1827; x_wconf 87' lang='lat' dir='ltr'><strong>recte</strong></span> <span class='ocrx_word' id='word_1_229' title='bbox 1068 1781 1236 1840; x_wconf 83' lang='lat' dir='ltr'><strong>atque</strong></span> <span class='ocrx_word' id='word_1_230' title='bbox 1275 1770 1464 1824; x_wconf 84' lang='lat' dir='ltr'><strong>ordine</strong></span> <span class='ocrx_word' id='word_1_231' title='bbox 1537 1769 1735 1824; x_wconf 71' lang='lat' dir='ltr'><strong>[aetum</strong></span> <span class='ocrx_word' id='word_1_232' title='bbox 1775 1779 1878 1833; x_wconf 85' lang='lat' dir='ltr'><strong>est,</strong></span> <span class='ocrx_word' id='word_1_233' title='bbox 1923 1770 2066 1838; x_wconf 86' lang='lat' dir='ltr'><strong>quod</strong></span> <span class='ocrx_word' id='word_1_234' title='bbox 2123 1772 2286 1822; x_wconf 85' lang='lat' dir='ltr'><strong>etiam</strong></span> 
     </span>
    </p>
   </div>
   <div class='ocr_carea' id='block_1_33' title="bbox 2399 1767 3953 1844">
    <p class='ocr_par' dir='ltr' id='par_1_33' title="bbox 2399 1767 3953 1844">
     <span class='ocr_line' id='line_1_33' title="bbox 2399 1767 3953 1844; baseline -0.002 -19"><span class='ocrx_word' id='word_1_235' title='bbox 2399 1767 2508 1827; x_wconf 76' lang='grc' dir='ltr'>ὦτα</span> <span class='ocrx_word' id='word_1_236' title='bbox 2538 1773 2630 1827; x_wconf 90' lang='grc' dir='ltr'><strong>τοῦ</strong></span> <span class='ocrx_word' id='word_1_237' title='bbox 2666 1773 2739 1844; x_wconf 79' lang='grc' dir='ltr'>μὴ</span> <span class='ocrx_word' id='word_1_238' title='bbox 2780 1772 3020 1826; x_wconf 80' lang='grc' dir='ltr'>ἀκούειν.</span> <span class='ocrx_word' id='word_1_239' title='bbox 3055 1791 3071 1822; x_wconf 91' lang='grc' dir='ltr'><strong>ι</strong></span> <span class='ocrx_word' id='word_1_240' title='bbox 3103 1771 3275 1825; x_wconf 87' lang='grc' dir='ltr'>Τοῦτο</span> <span class='ocrx_word' id='word_1_241' title='bbox 3296 1772 3406 1842; x_wconf 74' lang='grc' dir='ltr'><strong>γάρ</strong></span> <span class='ocrx_word' id='word_1_242' title='bbox 3442 1770 3765 1840; x_wconf 87' lang='grc' dir='ltr'>συμϐαίνειν</span> <span class='ocrx_word' id='word_1_243' title='bbox 3803 1771 3953 1824; x_wconf 82' lang='grc' dir='ltr'>είωθι</span> 
     </span>
    </p>
   </div>
   <div class='ocr_carea' id='block_1_34' title="bbox 727 1833 2300 1933">
    <p class='ocr_par' dir='ltr' id='par_1_34' title="bbox 727 1833 2293 1931">
     <span class='ocr_line' id='line_1_34' title="bbox 727 1833 2293 1931; baseline -0.001 -16"><span class='ocrx_word' id='word_1_244' title='bbox 727 1833 1115 1931; x_wconf 81' lang='grc' dir='ltr'>κατανυγῆναι,</span> <span class='ocrx_word' id='word_1_245' title='bbox 1149 1833 1262 1915; x_wconf 69' lang='lat' dir='ltr'><strong>hoc</strong></span> <span class='ocrx_word' id='word_1_246' title='bbox 1293 1869 1377 1914; x_wconf 87' lang='lat' dir='ltr'><strong>est</strong></span> <span class='ocrx_word' id='word_1_247' title='bbox 1436 1860 1751 1930; x_wconf 82' lang='lat' dir='ltr'><strong>compungi,</strong></span> <span class='ocrx_word' id='word_1_248' title='bbox 1809 1833 2009 1914; x_wconf 80' lang='lat' dir='ltr'><strong>dictum</strong></span> <span class='ocrx_word' id='word_1_249' title='bbox 2069 1867 2153 1916; x_wconf 87' lang='lat' dir='ltr'><strong>est</strong></span> <span class='ocrx_word' id='word_1_250' title='bbox 2196 1874 2293 1928; x_wconf 89' lang='lat' dir='ltr'><strong>pro</strong></span> 
     </span>
    </p>
   </div>
   <div class='ocr_carea' id='block_1_35' title="bbox 2399 1833 3954 1933">
    <p class='ocr_par' dir='ltr' id='par_1_35' title="bbox 2399 1833 3954 1933">
     <span class='ocr_line' id='line_1_35' title="bbox 2399 1833 3954 1933; baseline -0.004 -15"><span class='ocrx_word' id='word_1_251' title='bbox 2399 1868 2506 1927; x_wconf 82' lang='grc' dir='ltr'>τοῖς</span> <span class='ocrx_word' id='word_1_252' title='bbox 2535 1833 3086 1933; x_wconf 74' lang='grc' dir='ltr'>καταπληττομενοις.</span> <span class='ocrx_word' id='word_1_253' title='bbox 3120 1862 3249 1914; x_wconf 72' lang='lat' dir='ltr'><strong>“Ars</strong></span> <span class='ocrx_word' id='word_1_254' title='bbox 3417 1833 3524 1914; x_wconf 37' lang='grc' dir='ltr'>τοῦ·</span> <span class='ocrx_word' id='word_1_255' title='bbox 3540 1860 3629 1914; x_wconf 88' lang='grc' dir='ltr'><strong>νοῦ</strong></span> <span class='ocrx_word' id='word_1_256' title='bbox 3660 1865 3954 1932; x_wconf 70' lang='grc' dir='ltr'>ταραχθενο</span> 
     </span>
    </p>
   </div>
   <div class='ocr_carea' id='block_1_36' title="bbox 727 1951 2300 2025">
    <p class='ocr_par' dir='ltr' id='par_1_36' title="bbox 727 1954 2287 2025">
     <span class='ocr_line' id='line_1_36' title="bbox 727 1954 2287 2025; baseline -0.003 -13"><span class='ocrx_word' id='word_1_257' title='bbox 727 1957 1122 2012; x_wconf 87' lang='lat' dir='ltr'><strong>convulnerari.</strong></span> <span class='ocrx_word' id='word_1_258' title='bbox 1151 1954 1352 2010; x_wconf 87' lang='lat' dir='ltr'><strong>Deinde</strong></span> <span class='ocrx_word' id='word_1_259' title='bbox 1379 1954 1494 2025; x_wconf 85' lang='lat' dir='ltr'><strong>ipse</strong></span> <span class='ocrx_word' id='word_1_260' title='bbox 1552 1969 1832 2023; x_wconf 81' lang='lat' dir='ltr'><strong>exponens</strong></span> <span class='ocrx_word' id='word_1_261' title='bbox 1873 1954 2097 2009; x_wconf 89' lang='lat' dir='ltr'><strong>verbum</strong></span> <span class='ocrx_word' id='word_1_262' title='bbox 2149 1969 2287 2008; x_wconf 83' lang='lat' dir='ltr'><strong>com-</strong></span> 
     </span>
    </p>
   </div>
   <div class='ocr_carea' id='block_1_37' title="bbox 2399 1951 3952 2025">
    <p class='ocr_par' dir='ltr' id='par_1_37' title="bbox 2399 1951 3952 2024">
     <span class='ocr_line' id='line_1_37' title="bbox 2399 1951 3952 2024; baseline -0.001 -17"><span class='ocrx_word' id='word_1_263' title='bbox 2399 1971 2507 2018; x_wconf 87' lang='grc' dir='ltr'>τος,</span> <span class='ocrx_word' id='word_1_264' title='bbox 2541 1953 2597 2006; x_wconf 84' lang='grc' dir='ltr'><strong>αἰ</strong></span> <span class='ocrx_word' id='word_1_265' title='bbox 2634 1951 2914 2024; x_wconf 85' lang='grc' dir='ltr'>αἰσθήσεις</span> <span class='ocrx_word' id='word_1_266' title='bbox 2947 1951 3045 2014; x_wconf 80' lang='grc' dir='ltr'>τὰς</span> <span class='ocrx_word' id='word_1_267' title='bbox 3094 1951 3298 2012; x_wconf 88' lang='grc' dir='ltr'>οἰκείας</span> <span class='ocrx_word' id='word_1_268' title='bbox 3327 1951 3607 2021; x_wconf 73' lang='grc' dir='ltr'>ἐνεργείας</span> <span class='ocrx_word' id='word_1_269' title='bbox 3646 1951 3952 2022; x_wconf 81' lang='grc' dir='ltr'>ἀρνοῦνται.</span> 
     </span>
    </p>
   </div>
   <div class='ocr_carea' id='block_1_38' title="bbox 727 2041 2300 2118">
    <p class='ocr_par' dir='ltr' id='par_1_38' title="bbox 727 2043 2290 2118">
     <span class='ocr_line' id='line_1_38' title="bbox 727 2043 2290 2118; baseline -0.001 -18"><span class='ocrx_word' id='word_1_270' title='bbox 727 2047 1011 2118; x_wconf 73' lang='lat' dir='ltr'><strong>pangendi,</strong></span> <span class='ocrx_word' id='word_1_271' title='bbox 1043 2047 1186 2116; x_wconf 87' lang='lat' dir='ltr'><strong>quod</strong></span> <span class='ocrx_word' id='word_1_272' title='bbox 1224 2045 1363 2100; x_wconf 88' lang='lat' dir='ltr'><strong>idem</strong></span> <span class='ocrx_word' id='word_1_273' title='bbox 1406 2046 1478 2100; x_wconf 93' lang='lat' dir='ltr'><strong>sit</strong></span> <span class='ocrx_word' id='word_1_274' title='bbox 1507 2059 1631 2100; x_wconf 91' lang='lat' dir='ltr'><strong>cum</strong></span> <span class='ocrx_word' id='word_1_275' title='bbox 1661 2046 1831 2099; x_wconf 92' lang='lat' dir='ltr'><strong>verbo</strong></span> <span class='ocrx_word' id='word_1_276' title='bbox 1876 2043 2290 2114; x_wconf 62' lang='lat' dir='ltr'><strong>obstupefaciu-</strong></span> 
     </span>
    </p>
   </div>
   <div class='ocr_carea' id='block_1_39' title="bbox 2399 2041 3954 2118">
    <p class='ocr_par' dir='ltr' id='par_1_39' title="bbox 2399 2041 3954 2114">
     <span class='ocr_line' id='line_1_39' title="bbox 2399 2041 3954 2114; baseline -0.002 -18"><span class='ocrx_word' id='word_1_277' title='bbox 2399 2045 2522 2096; x_wconf 85' lang='grc' dir='ltr'>Ὅτι</span> <span class='ocrx_word' id='word_1_278' title='bbox 2543 2045 2599 2096; x_wconf 75' lang='grc' dir='ltr'>δὲ</span> <span class='ocrx_word' id='word_1_279' title='bbox 2629 2043 2786 2096; x_wconf 84' lang='grc' dir='ltr'>τοῦτο</span> <span class='ocrx_word' id='word_1_280' title='bbox 2815 2041 3032 2113; x_wconf 85' lang='grc' dir='ltr'>μηνύει,</span> <span class='ocrx_word' id='word_1_281' title='bbox 3071 2042 3236 2095; x_wconf 77' lang='grc' dir='ltr'>ἄκουε</span> <span class='ocrx_word' id='word_1_282' title='bbox 3258 2042 3355 2112; x_wconf 84' lang='grc' dir='ltr'>τῆς</span> <span class='ocrx_word' id='word_1_283' title='bbox 3377 2043 3628 2114; x_wconf 79' lang='grc' dir='ltr'>Γραφῆς,</span> <span class='ocrx_word' id='word_1_284' title='bbox 3661 2043 3920 2114; x_wconf 77' lang='grc' dir='ltr'>λεγούσης</span> <span class='ocrx_word' id='word_1_285' title='bbox 3940 2063 3954 2076; x_wconf 77' lang='grc' dir='ltr'><strong>ο</strong></span> 
     </span>
    </p>
   </div>
   <div class='ocr_carea' id='block_1_40' title="bbox 726 2132 2300 2204">
    <p class='ocr_par' dir='ltr' id='par_1_40' title="bbox 726 2134 2294 2203">
     <span class='ocr_line' id='line_1_40' title="bbox 726 2134 2294 2203; baseline -0.002 -13"><span class='ocrx_word' id='word_1_286' title='bbox 726 2138 804 2203; x_wconf 87' lang='lat' dir='ltr'><strong>di,</strong></span> <span class='ocrx_word' id='word_1_287' title='bbox 837 2139 1009 2191; x_wconf 80' lang='lat' dir='ltr'><strong>dixit:</strong></span> <span class='ocrx_word' id='word_1_288' title='bbox 1052 2154 1072 2187; x_wconf 84' lang='grc' dir='ltr'><strong>ι</strong></span> <span class='ocrx_word' id='word_1_289' title='bbox 1108 2134 1324 2200; x_wconf 86' lang='lat' dir='ltr'><strong>Oculos,</strong></span> <span class='ocrx_word' id='word_1_290' title='bbox 1349 2143 1405 2189; x_wconf 89' lang='lat' dir='ltr'><strong>ut</strong></span> <span class='ocrx_word' id='word_1_291' title='bbox 1460 2149 1567 2188; x_wconf 89' lang='lat' dir='ltr'><strong>non</strong></span> <span class='ocrx_word' id='word_1_292' title='bbox 1621 2134 1864 2198; x_wconf 80' lang='lat' dir='ltr'><strong>videant,</strong></span> <span class='ocrx_word' id='word_1_293' title='bbox 1909 2142 1965 2189; x_wconf 89' lang='lat' dir='ltr'><strong>et</strong></span> <span class='ocrx_word' id='word_1_294' title='bbox 2005 2148 2187 2199; x_wconf 87' lang='lat' dir='ltr'><strong>aures,</strong></span> <span class='ocrx_word' id='word_1_295' title='bbox 2233 2144 2294 2189; x_wconf 89' lang='lat' dir='ltr'><strong>ut</strong></span> 
     </span>
    </p>
   </div>
   <div class='ocr_carea' id='block_1_41' title="bbox 2399 2132 3949 2204">
    <p class='ocr_par' dir='ltr' id='par_1_41' title="bbox 2401 2132 3949 2204">
     <span class='ocr_line' id='line_1_41' title="bbox 2401 2132 3949 2204; baseline -0.001 -18"><span class='ocrx_word' id='word_1_296' title='bbox 2401 2153 2420 2186; x_wconf 81' lang='grc' dir='ltr'><strong>ι</strong></span> <span class='ocrx_word' id='word_1_297' title='bbox 2457 2133 2831 2204; x_wconf 83' lang='grc' dir='ltr'>Μακάριος,δς</span> <span class='ocrx_word' id='word_1_298' title='bbox 2852 2133 2912 2186; x_wconf 86' lang='grc' dir='ltr'>οὐ</span> <span class='ocrx_word' id='word_1_299' title='bbox 2940 2132 3215 2202; x_wconf 84' lang='grc' dir='ltr'>κατενύγη</span> <span class='ocrx_word' id='word_1_300' title='bbox 3231 2135 3288 2186; x_wconf 67' lang='grc' dir='ltr'>ἐν</span> <span class='ocrx_word' id='word_1_301' title='bbox 3304 2133 3448 2204; x_wconf 79' lang='grc' dir='ltr'>λύπῃ</span> <span class='ocrx_word' id='word_1_302' title='bbox 3467 2134 3742 2204; x_wconf 81' lang='grc' dir='ltr'>ἁμαρτίας</span> <span class='ocrx_word' id='word_1_303' title='bbox 3759 2133 3893 2203; x_wconf 73' lang='grc'>(52).</span> <span class='ocrx_word' id='word_1_304' title='bbox 3933 2153 3949 2184; x_wconf 87' lang='grc' dir='ltr'><strong>ι</strong></span> 
     </span>
    </p>
   </div>
   <div class='ocr_carea' id='block_1_42' title="bbox 729 2222 2300 2297">
    <p class='ocr_par' dir='ltr' id='par_1_42' title="bbox 729 2223 2292 2294">
     <span class='ocr_line' id='line_1_42' title="bbox 729 2223 2292 2294; baseline -0.001 -13"><span class='ocrx_word' id='word_1_305' title='bbox 729 2243 835 2281; x_wconf 85' lang='lat' dir='ltr'><strong>non</strong></span> <span class='ocrx_word' id='word_1_306' title='bbox 860 2226 1086 2281; x_wconf 78' lang='lat' dir='ltr'><strong>audiant</strong></span> <span class='ocrx_word' id='word_1_307' title='bbox 1125 2225 1194 2279; x_wconf 80' lang='grc'><strong>⁸⁸.</strong></span> <span class='ocrx_word' id='word_1_308' title='bbox 1232 2242 1251 2276; x_wconf 85' lang='grc' dir='ltr'><strong>ι</strong></span> <span class='ocrx_word' id='word_1_309' title='bbox 1293 2223 1405 2279; x_wconf 88' lang='lat' dir='ltr'><strong>Hoc</strong></span> <span class='ocrx_word' id='word_1_310' title='bbox 1440 2223 1583 2280; x_wconf 87' lang='lat' dir='ltr'><strong>enim</strong></span> <span class='ocrx_word' id='word_1_311' title='bbox 1606 2239 1708 2280; x_wconf 89' lang='lat' dir='ltr'><strong>usu</strong></span> <span class='ocrx_word' id='word_1_312' title='bbox 1734 2225 1919 2280; x_wconf 82' lang='lat' dir='ltr'><strong>venire</strong></span> <span class='ocrx_word' id='word_1_313' title='bbox 1949 2224 2086 2279; x_wconf 74' lang='lat' dir='ltr'><strong>solet</strong></span> <span class='ocrx_word' id='word_1_314' title='bbox 2113 2226 2177 2281; x_wconf 92' lang='lat' dir='ltr'><strong>iis</strong></span> <span class='ocrx_word' id='word_1_315' title='bbox 2203 2226 2292 2294; x_wconf 90' lang='lat' dir='ltr'><strong>qui</strong></span> 
     </span>
    </p>
   </div>
   <div class='ocr_carea' id='block_1_43' title="bbox 2399 2222 3955 2297">
    <p class='ocr_par' dir='ltr' id='par_1_43' title="bbox 2399 2222 3955 2297">
     <span class='ocr_line' id='line_1_43' title="bbox 2399 2222 3955 2297; baseline -0.001 -20"><span class='ocrx_word' id='word_1_316' title='bbox 2399 2225 2506 2277; x_wconf 77' lang='grc' dir='ltr'><strong>Καὶ</strong></span> <span class='ocrx_word' id='word_1_317' title='bbox 2533 2224 2639 2297; x_wconf 78' lang='grc' dir='ltr'>μὴν</span> <span class='ocrx_word' id='word_1_318' title='bbox 2665 2226 2698 2295; x_wconf 94' lang='grc' dir='ltr'><strong>ή</strong></span> <span class='ocrx_word' id='word_1_319' title='bbox 2742 2225 2884 2278; x_wconf 82' lang='grc' dir='ltr'><strong>κατά</strong></span> <span class='ocrx_word' id='word_1_320' title='bbox 2933 2223 3064 2277; x_wconf 80' lang='grc' dir='ltr'>Θεὸν</span> <span class='ocrx_word' id='word_1_321' title='bbox 3093 2222 3235 2296; x_wconf 84' lang='grc' dir='ltr'>λύπη</span> <span class='ocrx_word' id='word_1_322' title='bbox 3266 2224 3552 2293; x_wconf 80' lang='grc' dir='ltr'>μετάνοιαν</span> <span class='ocrx_word' id='word_1_323' title='bbox 3585 2227 3664 2288; x_wconf 88' lang='grc' dir='ltr'><strong>εἰς</strong></span> <span class='ocrx_word' id='word_1_324' title='bbox 3689 2228 3955 2297; x_wconf 81' lang='grc' dir='ltr'>σωτηρίαν</span> 
     </span>
    </p>
   </div>
   <div class='ocr_carea' id='block_1_44' title="bbox 729 2311 2300 2387">
    <p class='ocr_par' dir='ltr' id='par_1_44' title="bbox 729 2311 2286 2386">
     <span class='ocr_line' id='line_1_44' title="bbox 729 2311 2286 2386; baseline 0 -16"><span class='ocrx_word' id='word_1_325' title='bbox 729 2327 948 2386; x_wconf 79' lang='lat' dir='ltr'><strong>stupore</strong></span> <span class='ocrx_word' id='word_1_326' title='bbox 972 2325 1098 2370; x_wconf 88' lang='lat' dir='ltr'><strong>sunt</strong></span> <span class='ocrx_word' id='word_1_327' title='bbox 1124 2314 1377 2384; x_wconf 84' lang='lat' dir='ltr'><strong>correpti.</strong></span> <span class='ocrx_word' id='word_1_328' title='bbox 1406 2311 1540 2368; x_wconf 86' lang='lat' dir='ltr'><strong>Nam</strong></span> <span class='ocrx_word' id='word_1_329' title='bbox 1583 2329 1706 2369; x_wconf 90' lang='lat' dir='ltr'><strong>cum</strong></span> <span class='ocrx_word' id='word_1_330' title='bbox 1763 2329 1914 2371; x_wconf 88' lang='lat' dir='ltr'><strong>mens</strong></span> <span class='ocrx_word' id='word_1_331' title='bbox 1971 2315 2286 2384; x_wconf 86' lang='lat' dir='ltr'><strong>perturbata</strong></span> 
     </span>
    </p>
   </div>
   <div class='ocr_carea' id='block_1_45' title="bbox 2399 2311 3958 2387">
    <p class='ocr_par' dir='ltr' id='par_1_45' title="bbox 2399 2311 3958 2387">
     <span class='ocr_line' id='line_1_45' title="bbox 2399 2311 3958 2387; baseline 0 -18"><span class='ocrx_word' id='word_1_332' title='bbox 2399 2315 2807 2386; x_wconf 76' lang='grc' dir='ltr'>ἀμεταμέλητον</span> <span class='ocrx_word' id='word_1_333' title='bbox 2829 2316 3246 2386; x_wconf 79' lang='grc' dir='ltr'>κατεργάζεται.</span> <span class='ocrx_word' id='word_1_334' title='bbox 3289 2315 3354 2368; x_wconf 86' lang='grc' dir='ltr'>Τί</span> <span class='ocrx_word' id='word_1_335' title='bbox 3376 2311 3468 2369; x_wconf 83' lang='grc' dir='ltr'>οὖν</span> <span class='ocrx_word' id='word_1_336' title='bbox 3491 2318 3607 2370; x_wconf 65' lang='grc' dir='ltr'>εστι</span> <span class='ocrx_word' id='word_1_337' title='bbox 3634 2317 3662 2369; x_wconf 80' lang='grc' dir='ltr'><strong>ὅ</strong></span> <span class='ocrx_word' id='word_1_338' title='bbox 3680 2333 3870 2387; x_wconf 79' lang='grc' dir='ltr'>φησινς</span> <span class='ocrx_word' id='word_1_339' title='bbox 3899 2317 3958 2369; x_wconf 82' lang='grc' dir='ltr'>Εἰ</span> 
     </span>
    </p>
   </div>
   <div class='ocr_carea' id='block_1_46' title="bbox 731 2402 2285 2474">
    <p class='ocr_par' dir='ltr' id='par_1_46' title="bbox 731 2402 2285 2474">
     <span class='ocr_line' id='line_1_46' title="bbox 731 2402 2285 2474; baseline -0.001 -15"><span class='ocrx_word' id='word_1_340' title='bbox 731 2407 822 2469; x_wconf 82' lang='grc' dir='ltr'>εἰι,</span> <span class='ocrx_word' id='word_1_341' title='bbox 848 2419 1037 2460; x_wconf 85' lang='lat' dir='ltr'><strong>sensus</strong></span> <span class='ocrx_word' id='word_1_342' title='bbox 1063 2402 1236 2458; x_wconf 79' lang='lat' dir='ltr'><strong>cilicia</strong></span> <span class='ocrx_word' id='word_1_343' title='bbox 1287 2412 1342 2458; x_wconf 91' lang='lat' dir='ltr'><strong>et</strong></span> <span class='ocrx_word' id='word_1_344' title='bbox 1365 2403 1607 2458; x_wconf 77' lang='lat' dir='ltr'><strong>actiones</strong></span> <span class='ocrx_word' id='word_1_345' title='bbox 1641 2418 1769 2458; x_wconf 87' lang='lat' dir='ltr'><strong>suas</strong></span> <span class='ocrx_word' id='word_1_346' title='bbox 1801 2402 2094 2474; x_wconf 88' lang='lat' dir='ltr'><strong>abnegant.</strong></span> <span class='ocrx_word' id='word_1_347' title='bbox 2131 2403 2285 2471; x_wconf 87' lang='lat' dir='ltr'><strong>Quod</strong></span> 
     </span>
    </p>
   </div>
   <div class='ocr_carea' id='block_1_47' title="bbox 734 2493 2290 2562">
    <p class='ocr_par' dir='ltr' id='par_1_47' title="bbox 734 2493 2290 2562">
     <span class='ocr_line' id='line_1_47' title="bbox 734 2493 2290 2562; baseline 0.001 -14"><span class='ocrx_word' id='word_1_348' title='bbox 734 2505 912 2550; x_wconf 83' lang='lat' dir='ltr'><strong>autem</strong></span> <span class='ocrx_word' id='word_1_349' title='bbox 941 2496 1039 2549; x_wconf 90' lang='lat' dir='ltr'><strong>hoc</strong></span> <span class='ocrx_word' id='word_1_350' title='bbox 1069 2494 1241 2562; x_wconf 89' lang='lat' dir='ltr'><strong>ipsum</strong></span> <span class='ocrx_word' id='word_1_351' title='bbox 1265 2494 1479 2556; x_wconf 87' lang='lat' dir='ltr'><strong>innuat,</strong></span> <span class='ocrx_word' id='word_1_352' title='bbox 1505 2493 1629 2547; x_wconf 87' lang='lat' dir='ltr'><strong>audi</strong></span> <span class='ocrx_word' id='word_1_353' title='bbox 1684 2493 2050 2561; x_wconf 79' lang='lat' dir='ltr'><strong>Scripturam,</strong></span> <span class='ocrx_word' id='word_1_354' title='bbox 2099 2495 2290 2550; x_wconf 85' lang='lat' dir='ltr'><strong>dicen-</strong></span> 
     </span>
    </p>
   </div>
   <div class='ocr_carea' id='block_1_48' title="bbox 736 2581 2292 2651">
    <p class='ocr_par' dir='ltr' id='par_1_48' title="bbox 736 2581 2292 2651">
     <span class='ocr_line' id='line_1_48' title="bbox 736 2581 2292 2651; baseline 0.001 -13"><span class='ocrx_word' id='word_1_355' title='bbox 736 2593 877 2639; x_wconf 88' lang='lat' dir='ltr'><strong>tem:</strong></span> <span class='ocrx_word' id='word_1_356' title='bbox 915 2602 933 2635; x_wconf 87' lang='grc' dir='ltr'><strong>ι</strong></span> <span class='ocrx_word' id='word_1_357' title='bbox 970 2581 1185 2645; x_wconf 86' lang='lat' dir='ltr'><strong>Beatus,</strong></span> <span class='ocrx_word' id='word_1_358' title='bbox 1215 2582 1305 2651; x_wconf 90' lang='lat' dir='ltr'><strong>qui</strong></span> <span class='ocrx_word' id='word_1_359' title='bbox 1338 2597 1441 2636; x_wconf 92' lang='lat' dir='ltr'><strong>non</strong></span> <span class='ocrx_word' id='word_1_360' title='bbox 1498 2592 1580 2637; x_wconf 85' lang='lat' dir='ltr'><strong>est</strong></span> <span class='ocrx_word' id='word_1_361' title='bbox 1625 2583 1931 2638; x_wconf 82' lang='lat' dir='ltr'><strong>stimulatus</strong></span> <span class='ocrx_word' id='word_1_362' title='bbox 1973 2583 2088 2638; x_wconf 84' lang='lat' dir='ltr'><strong>sive</strong></span> <span class='ocrx_word' id='word_1_363' title='bbox 2144 2599 2292 2640; x_wconf 89' lang='lat' dir='ltr'><strong>com-</strong></span> 
     </span>
    </p>
   </div>
   <div class='ocr_carea' id='block_1_49' title="bbox 734 2672 2290 2744">
    <p class='ocr_par' dir='ltr' id='par_1_49' title="bbox 734 2672 2290 2744">
     <span class='ocr_line' id='line_1_49' title="bbox 734 2672 2290 2744; baseline 0.003 -18"><span class='ocrx_word' id='word_1_364' title='bbox 734 2684 963 2744; x_wconf 82' lang='lat' dir='ltr'><strong>punctus</strong></span> <span class='ocrx_word' id='word_1_365' title='bbox 987 2672 1039 2726; x_wconf 92' lang='lat' dir='ltr'><strong>in</strong></span> <span class='ocrx_word' id='word_1_366' title='bbox 1066 2673 1282 2727; x_wconf 84' lang='lat' dir='ltr'><strong>tristitia</strong></span> <span class='ocrx_word' id='word_1_367' title='bbox 1309 2672 1490 2727; x_wconf 89' lang='lat' dir='ltr'><strong>delicti</strong></span> <span class='ocrx_word' id='word_1_368' title='bbox 1523 2673 1590 2727; x_wconf 81' lang='lat'><strong>&quot;.</strong></span> <span class='ocrx_word' id='word_1_369' title='bbox 1639 2693 1659 2724; x_wconf 81' lang='grc' dir='ltr'><strong>ι</strong></span> <span class='ocrx_word' id='word_1_370' title='bbox 1714 2673 1876 2743; x_wconf 81' lang='lat' dir='ltr'><strong>Atqui</strong></span> <span class='ocrx_word' id='word_1_371' title='bbox 1928 2673 2149 2728; x_wconf 82' lang='lat' dir='ltr'><strong>tristitia</strong></span> <span class='ocrx_word' id='word_1_372' title='bbox 2201 2689 2290 2731; x_wconf 87' lang='lat' dir='ltr'><strong>se-</strong></span> 
     </span>
    </p>
   </div>
   <div class='ocr_carea' id='block_1_50' title="bbox 733 2763 2296 2836">
    <p class='ocr_par' dir='ltr' id='par_1_50' title="bbox 733 2763 2296 2836">
     <span class='ocr_line' id='line_1_50' title="bbox 733 2763 2296 2836; baseline 0.001 -17"><span class='ocrx_word' id='word_1_373' title='bbox 733 2765 965 2819; x_wconf 89' lang='lat' dir='ltr'><strong>cundum</strong></span> <span class='ocrx_word' id='word_1_374' title='bbox 992 2763 1157 2818; x_wconf 89' lang='lat' dir='ltr'><strong>Deum</strong></span> <span class='ocrx_word' id='word_1_375' title='bbox 1180 2764 1550 2834; x_wconf 63' lang='lat' dir='ltr'><strong>paenitentiam</strong></span> <span class='ocrx_word' id='word_1_376' title='bbox 1594 2764 1648 2820; x_wconf 92' lang='lat' dir='ltr'><strong>in</strong></span> <span class='ocrx_word' id='word_1_377' title='bbox 1700 2764 1930 2820; x_wconf 82' lang='lat' dir='ltr'><strong>salutem</strong></span> <span class='ocrx_word' id='word_1_378' title='bbox 1966 2780 2071 2820; x_wconf 93' lang='lat' dir='ltr'><strong>non</strong></span> <span class='ocrx_word' id='word_1_379' title='bbox 2116 2767 2296 2836; x_wconf 67' lang='lat' dir='ltr'><strong>paeni—</strong></span> 
     </span>
    </p>
   </div>
   <div class='ocr_carea' id='block_1_51' title="bbox 2400 2401 3958 2477">
    <p class='ocr_par' dir='ltr' id='par_1_51' title="bbox 2400 2401 3958 2477">
     <span class='ocr_line' id='line_1_51' title="bbox 2400 2401 3958 2477; baseline 0.001 -20"><span class='ocrx_word' id='word_1_380' title='bbox 2400 2406 2499 2475; x_wconf 78' lang='grc' dir='ltr'>μὲν</span> <span class='ocrx_word' id='word_1_381' title='bbox 2541 2401 2634 2457; x_wconf 79' lang='grc' dir='ltr'>οὖν</span> <span class='ocrx_word' id='word_1_382' title='bbox 2663 2406 2934 2473; x_wconf 70' lang='grc' dir='ltr'>εἴποιμεν,</span> <span class='ocrx_word' id='word_1_383' title='bbox 2963 2404 3036 2468; x_wconf 82' lang='grc' dir='ltr'><strong>ὡς</strong></span> <span class='ocrx_word' id='word_1_384' title='bbox 3073 2406 3274 2458; x_wconf 69' lang='grc' dir='ltr'>οἴονταί</span> <span class='ocrx_word' id='word_1_385' title='bbox 3324 2423 3494 2469; x_wconf 88' lang='grc' dir='ltr'>τινες,</span> <span class='ocrx_word' id='word_1_386' title='bbox 3536 2407 3630 2459; x_wconf 78' lang='grc' dir='ltr'>τὸν</span> <span class='ocrx_word' id='word_1_387' title='bbox 3681 2407 3803 2477; x_wconf 83' lang='grc' dir='ltr'>μηδ’</span> <span class='ocrx_word' id='word_1_388' title='bbox 3830 2408 3958 2469; x_wconf 82' lang='grc' dir='ltr'>ὅλως</span> 
     </span>
    </p>
   </div>
   <div class='ocr_carea' id='block_1_52' title="bbox 2398 2492 3958 2565">
    <p class='ocr_par' dir='ltr' id='par_1_52' title="bbox 2398 2492 3958 2565">
     <span class='ocr_line' id='line_1_52' title="bbox 2398 2492 3958 2565; baseline -0.001 -18"><span class='ocrx_word' id='word_1_389' title='bbox 2398 2495 2794 2565; x_wconf 85' lang='grc' dir='ltr'>ἀμαρτήσαντα</span> <span class='ocrx_word' id='word_1_390' title='bbox 2818 2492 3217 2565; x_wconf 77' lang='grc' dir='ltr'>μακαρίζεσθαι</span> <span class='ocrx_word' id='word_1_391' title='bbox 3250 2493 3656 2565; x_wconf 66' lang='grc' dir='ltr'>ἐνταῦθα.τάχα</span> <span class='ocrx_word' id='word_1_392' title='bbox 3683 2495 3856 2558; x_wconf 78' lang='grc' dir='ltr'>οὐδεὶς</span> <span class='ocrx_word' id='word_1_393' title='bbox 3867 2495 3958 2548; x_wconf 85' lang='grc' dir='ltr'><strong>τοῦ</strong></span> 
     </span>
    </p>
   </div>
   <div class='ocr_carea' id='block_1_53' title="bbox 2401 2585 3960 2657">
    <p class='ocr_par' dir='ltr' id='par_1_53' title="bbox 2401 2585 3960 2657">
     <span class='ocr_line' id='line_1_53' title="bbox 2401 2585 3960 2657; baseline 0.001 -19"><span class='ocrx_word' id='word_1_394' title='bbox 2401 2585 2755 2657; x_wconf 81' lang='grc' dir='ltr'>μακαρισμοῦ</span> <span class='ocrx_word' id='word_1_395' title='bbox 2781 2585 2969 2640; x_wconf 89' lang='grc' dir='ltr'>τούτου</span> <span class='ocrx_word' id='word_1_396' title='bbox 2985 2585 3336 2640; x_wconf 82' lang='grc' dir='ltr'>ἀπολαύσειε.</span> <span class='ocrx_word' id='word_1_397' title='bbox 3353 2587 3558 2649; x_wconf 82' lang='grc' dir='ltr'>Πάντες</span> <span class='ocrx_word' id='word_1_398' title='bbox 3579 2587 3688 2656; x_wconf 78' lang='grc' dir='ltr'><strong>γὰρ</strong></span> <span class='ocrx_word' id='word_1_399' title='bbox 3714 2588 3769 2639; x_wconf 77' lang='grc' dir='ltr'>ὲν</span> <span class='ocrx_word' id='word_1_400' title='bbox 3795 2589 3960 2640; x_wconf 71' lang='grc' dir='ltr'>ἐπιτι-</span> 
     </span>
    </p>
   </div>
   <div class='ocr_carea' id='block_1_54' title="bbox 2399 2676 3959 2748">
    <p class='ocr_par' dir='ltr' id='par_1_54' title="bbox 2399 2676 3959 2748">
     <span class='ocr_line' id='line_1_54' title="bbox 2399 2676 3959 2748; baseline 0.001 -19"><span class='ocrx_word' id='word_1_401' title='bbox 2399 2677 2543 2747; x_wconf 86' lang='grc' dir='ltr'>μίοις</span> <span class='ocrx_word' id='word_1_402' title='bbox 2583 2677 2770 2747; x_wconf 71' lang='grc' dir='ltr'>ἐσμέν.</span> <span class='ocrx_word' id='word_1_403' title='bbox 2812 2677 2910 2740; x_wconf 89' lang='grc' dir='ltr'>Τίς</span> <span class='ocrx_word' id='word_1_404' title='bbox 2949 2676 3055 2747; x_wconf 80' lang='grc' dir='ltr'>γὰρ</span> <span class='ocrx_word' id='word_1_405' title='bbox 3086 2677 3440 2746; x_wconf 84' lang='grc' dir='ltr'>καυχήσεται,</span> <span class='ocrx_word' id='word_1_406' title='bbox 3487 2678 3656 2748; x_wconf 78' lang='grc' dir='ltr'>ἁγνὴν</span> <span class='ocrx_word' id='word_1_407' title='bbox 3688 2677 3831 2748; x_wconf 76' lang='grc' dir='ltr'>ἔχειν</span> <span class='ocrx_word' id='word_1_408' title='bbox 3865 2679 3959 2746; x_wconf 72' lang='grc' dir='ltr'><strong>τὴν</strong></span> 
     </span>
    </p>
   </div>
   <div class='ocr_carea' id='block_1_55' title="bbox 2394 2765 3961 2838">
    <p class='ocr_par' dir='ltr' id='par_1_55' title="bbox 2394 2765 3961 2838">
     <span class='ocr_line' id='line_1_55' title="bbox 2394 2765 3961 2838; baseline 0.001 -18"><span class='ocrx_word' id='word_1_409' title='bbox 2394 2767 2658 2837; x_wconf 85' lang='grc' dir='ltr'>καρδίαν;</span> <span class='ocrx_word' id='word_1_410' title='bbox 2694 2766 2726 2838; x_wconf 82' lang='grc' dir='ltr'>ἢ</span> <span class='ocrx_word' id='word_1_411' title='bbox 2767 2767 2850 2830; x_wconf 82' lang='grc' dir='ltr'><strong>τίς</strong></span> <span class='ocrx_word' id='word_1_412' title='bbox 2889 2768 3326 2838; x_wconf 82' lang='grc' dir='ltr'>παρῤησιάσεται</span> <span class='ocrx_word' id='word_1_413' title='bbox 3378 2768 3618 2838; x_wconf 76' lang='grc' dir='ltr'>καθαρὸς</span> <span class='ocrx_word' id='word_1_414' title='bbox 3658 2765 3798 2823; x_wconf 81' lang='grc' dir='ltr'>εἶναι</span> <span class='ocrx_word' id='word_1_415' title='bbox 3858 2770 3961 2823; x_wconf 64' lang='lat' dir='ltr'><strong>dmi</strong></span> 
     </span>
    </p>
   </div>
   <div class='ocr_carea' id='block_1_56' title="bbox 734 2854 2300 2929">
    <p class='ocr_par' dir='ltr' id='par_1_56' title="bbox 734 2854 2295 2927">
     <span class='ocr_line' id='line_1_56' title="bbox 734 2854 2295 2927; baseline 0.002 -17"><span class='ocrx_word' id='word_1_416' title='bbox 734 2857 947 2912; x_wconf 88' lang='lat' dir='ltr'><strong>tendam</strong></span> <span class='ocrx_word' id='word_1_417' title='bbox 986 2865 1261 2924; x_wconf 83' lang='lat' dir='ltr'><strong>Operatur.</strong></span> <span class='ocrx_word' id='word_1_418' title='bbox 1304 2854 1441 2922; x_wconf 86' lang='lat' dir='ltr'><strong>Quid</strong></span> <span class='ocrx_word' id='word_1_419' title='bbox 1473 2865 1703 2925; x_wconf 87' lang='lat' dir='ltr'><strong>estergo</strong></span> <span class='ocrx_word' id='word_1_420' title='bbox 1728 2857 1870 2925; x_wconf 90' lang='lat' dir='ltr'><strong>quod</strong></span> <span class='ocrx_word' id='word_1_421' title='bbox 1898 2857 2009 2911; x_wconf 82' lang='lat' dir='ltr'><strong>ait?</strong></span> <span class='ocrx_word' id='word_1_422' title='bbox 2040 2856 2098 2912; x_wconf 90' lang='lat' dir='ltr'><strong>Si</strong></span> <span class='ocrx_word' id='word_1_423' title='bbox 2132 2859 2295 2927; x_wconf 83' lang='lat' dir='ltr'><strong>igitur</strong></span> 
     </span>
    </p>
   </div>
   <div class='ocr_carea' id='block_1_57' title="bbox 2399 2854 3961 2929">
    <p class='ocr_par' dir='ltr' id='par_1_57' title="bbox 2399 2855 3961 2929">
     <span class='ocr_line' id='line_1_57' title="bbox 2399 2855 3961 2929; baseline -0.001 -21"><span class='ocrx_word' id='word_1_424' title='bbox 2399 2855 2716 2924; x_wconf 80' lang='grc' dir='ltr'>ἀμαρτίαςς</span> <span class='ocrx_word' id='word_1_425' title='bbox 2761 2855 2826 2908; x_wconf 85' lang='grc' dir='ltr'>Εἰ</span> <span class='ocrx_word' id='word_1_426' title='bbox 2881 2856 2936 2908; x_wconf 75' lang='grc' dir='ltr'>δὲ</span> <span class='ocrx_word' id='word_1_427' title='bbox 2992 2857 3252 2925; x_wconf 78' lang='grc' dir='ltr'>φαίημεν,</span> <span class='ocrx_word' id='word_1_428' title='bbox 3308 2856 3390 2910; x_wconf 81' lang='grc' dir='ltr'>ὅτι</span> <span class='ocrx_word' id='word_1_429' title='bbox 3432 2857 3724 2929; x_wconf 77' lang='grc' dir='ltr'>μακαρίζει</span> <span class='ocrx_word' id='word_1_430' title='bbox 3768 2859 3829 2911; x_wconf 87' lang='grc' dir='ltr'>οὐ</span> <span class='ocrx_word' id='word_1_431' title='bbox 3874 2858 3961 2910; x_wconf 70' lang='grc' dir='ltr'><strong>τὸν</strong></span> 
     </span>
    </p>
   </div>
   <div class='ocr_carea' id='block_1_58' title="bbox 733 2943 2300 3018">
    <p class='ocr_par' dir='ltr' id='par_1_58' title="bbox 733 2946 2296 3018">
     <span class='ocr_line' id='line_1_58' title="bbox 733 2946 2296 3018; baseline 0 -16"><span class='ocrx_word' id='word_1_432' title='bbox 733 2961 797 3002; x_wconf 78' lang='lat' dir='ltr'><strong>ex</strong></span> <span class='ocrx_word' id='word_1_433' title='bbox 826 2949 1180 3018; x_wconf 83' lang='lat' dir='ltr'><strong>quorumdam</strong></span> <span class='ocrx_word' id='word_1_434' title='bbox 1211 2947 1466 3015; x_wconf 80' lang='lat' dir='ltr'><strong>Opinione</strong></span> <span class='ocrx_word' id='word_1_435' title='bbox 1500 2946 1798 3002; x_wconf 79' lang='lat' dir='ltr'><strong>dixerimus</strong></span> <span class='ocrx_word' id='word_1_436' title='bbox 1825 2964 1840 3014; x_wconf 88' lang='lat'><strong>;</strong></span> <span class='ocrx_word' id='word_1_437' title='bbox 1888 2961 2018 3002; x_wconf 87' lang='lat' dir='ltr'><strong>eum</strong></span> <span class='ocrx_word' id='word_1_438' title='bbox 2049 2949 2137 3018; x_wconf 90' lang='lat' dir='ltr'><strong>qui</strong></span> <span class='ocrx_word' id='word_1_439' title='bbox 2158 2963 2296 3002; x_wconf 83' lang='lat' dir='ltr'><strong>nuu-</strong></span> 
     </span>
    </p>
   </div>
   <div class='ocr_carea' id='block_1_59' title="bbox 2399 2943 3960 3018">
    <p class='ocr_par' dir='ltr' id='par_1_59' title="bbox 2401 2943 3960 3016">
     <span class='ocr_line' id='line_1_59' title="bbox 2401 2943 3960 3016; baseline 0.001 -19"><span class='ocrx_word' id='word_1_440' title='bbox 2401 2943 2477 3014; x_wconf 79' lang='grc' dir='ltr'>μὴ</span> <span class='ocrx_word' id='word_1_441' title='bbox 2519 2944 2631 3013; x_wconf 78' lang='grc'><strong>(35)</strong></span> <span class='ocrx_word' id='word_1_442' title='bbox 2655 2943 2984 3013; x_wconf 79' lang='grc' dir='ltr'>λυπηθέντα,</span> <span class='ocrx_word' id='word_1_443' title='bbox 3021 2944 3158 2996; x_wconf 84' lang='grc' dir='ltr'>ἀλλὰ</span> <span class='ocrx_word' id='word_1_444' title='bbox 3179 2945 3270 2998; x_wconf 82' lang='grc' dir='ltr'>τὸν</span> <span class='ocrx_word' id='word_1_445' title='bbox 3295 2945 3368 3016; x_wconf 81' lang='grc' dir='ltr'>μὴ</span> <span class='ocrx_word' id='word_1_446' title='bbox 3396 2945 3820 3014; x_wconf 81' lang='grc' dir='ltr'>καταπληγὲντα</span> <span class='ocrx_word' id='word_1_447' title='bbox 3851 2945 3960 3013; x_wconf 64' lang='lat'><strong>(34)</strong></span> 
     </span>
    </p>
   </div>
   <div class='ocr_carea' id='block_1_60' title="bbox 733 3034 2300 3109">
    <p class='ocr_par' dir='ltr' id='par_1_60' title="bbox 733 3038 2298 3109">
     <span class='ocr_line' id='line_1_60' title="bbox 733 3038 2298 3109; baseline 0.003 -19"><span class='ocrx_word' id='word_1_448' title='bbox 733 3054 891 3109; x_wconf 85' lang='lat' dir='ltr'><strong>quam</strong></span> <span class='ocrx_word' id='word_1_449' title='bbox 912 3039 1133 3094; x_wconf 88' lang='lat' dir='ltr'><strong>omnino</strong></span> <span class='ocrx_word' id='word_1_450' title='bbox 1159 3039 1416 3107; x_wconf 88' lang='lat' dir='ltr'><strong>peccarit,</strong></span> <span class='ocrx_word' id='word_1_451' title='bbox 1453 3038 1540 3092; x_wconf 88' lang='lat' dir='ltr'><strong>hic</strong></span> <span class='ocrx_word' id='word_1_452' title='bbox 1585 3038 1799 3093; x_wconf 86' lang='lat' dir='ltr'><strong>beatum</strong></span> <span class='ocrx_word' id='word_1_453' title='bbox 1848 3039 2153 3106; x_wconf 67' lang='lat' dir='ltr'><strong>praedicari,</strong></span> <span class='ocrx_word' id='word_1_454' title='bbox 2187 3039 2298 3094; x_wconf 59' lang='lat' dir='ltr'><strong>fore</strong></span> 
     </span>
    </p>
   </div>
   <div class='ocr_carea' id='block_1_61' title="bbox 2399 3034 3960 3109">
    <p class='ocr_par' dir='ltr' id='par_1_61' title="bbox 2401 3034 3960 3106">
     <span class='ocr_line' id='line_1_61' title="bbox 2401 3034 3960 3106; baseline 0.002 -19"><span class='ocrx_word' id='word_1_455' title='bbox 2401 3036 2505 3087; x_wconf 82' lang='grc' dir='ltr'><strong>ὑπὸ</strong></span> <span class='ocrx_word' id='word_1_456' title='bbox 2529 3036 2627 3104; x_wconf 89' lang='grc' dir='ltr'>τῆς</span> <span class='ocrx_word' id='word_1_457' title='bbox 2660 3034 2858 3104; x_wconf 86' lang='grc' dir='ltr'>λύπης,</span> <span class='ocrx_word' id='word_1_458' title='bbox 2894 3034 2990 3086; x_wconf 70' lang='grc' dir='ltr'>καὶ</span> <span class='ocrx_word' id='word_1_459' title='bbox 3022 3034 3405 3103; x_wconf 85' lang='grc' dir='ltr'>προδεδωκότα</span> <span class='ocrx_word' id='word_1_460' title='bbox 3434 3035 3529 3106; x_wconf 83' lang='grc' dir='ltr'>τὴν</span> <span class='ocrx_word' id='word_1_461' title='bbox 3561 3035 3766 3090; x_wconf 78' lang='grc' dir='ltr'>οἰκείαν</span> <span class='ocrx_word' id='word_1_462' title='bbox 3790 3054 3960 3106; x_wconf 78' lang='grc' dir='ltr'>σωτη-</span> 
     </span>
    </p>
   </div>
   <div class='ocr_carea' id='block_1_62' title="bbox 736 3120 2300 3222">
    <p class='ocr_par' dir='ltr' id='par_1_62' title="bbox 736 3126 2290 3183">
     <span class='ocr_line' id='line_1_62' title="bbox 736 3126 2290 3183; baseline 0 0"><span class='ocrx_word' id='word_1_463' title='bbox 736 3139 878 3183; x_wconf 82' lang='lat' dir='ltr'><strong>tasse</strong></span> <span class='ocrx_word' id='word_1_464' title='bbox 904 3143 1062 3182; x_wconf 88' lang='lat' dir='ltr'><strong>nemo</strong></span> <span class='ocrx_word' id='word_1_465' title='bbox 1091 3128 1537 3182; x_wconf 87' lang='lat' dir='ltr'><strong>hacbeatitudine</strong></span> <span class='ocrx_word' id='word_1_466' title='bbox 1597 3126 1826 3182; x_wconf 83' lang='lat' dir='ltr'><strong>fruetur.</strong></span> <span class='ocrx_word' id='word_1_467' title='bbox 1883 3127 2086 3183; x_wconf 82' lang='lat' dir='ltr'><strong>Omnes</strong></span> <span class='ocrx_word' id='word_1_468' title='bbox 2144 3130 2290 3183; x_wconf 90' lang='lat' dir='ltr'><strong>enim</strong></span> 
     </span>
    </p>
   </div>
   <div class='ocr_carea' id='block_1_63' title="bbox 2399 3120 3963 3222">
    <p class='ocr_par' dir='ltr' id='par_1_63' title="bbox 2402 3120 3963 3198">
     <span class='ocr_line' id='line_1_63' title="bbox 2402 3120 3963 3198; baseline 0.003 -22"><span class='ocrx_word' id='word_1_469' title='bbox 2402 3125 2543 3196; x_wconf 83' lang='grc' dir='ltr'>ρίαν,</span> <span class='ocrx_word' id='word_1_470' title='bbox 2568 3120 2676 3177; x_wconf 79' lang='grc' dir='ltr'>οἷον</span> <span class='ocrx_word' id='word_1_471' title='bbox 2699 3124 2899 3179; x_wconf 75' lang='grc' dir='ltr'>ἔπαθεν</span> <span class='ocrx_word' id='word_1_472' title='bbox 2933 3124 3134 3190; x_wconf 80' lang='grc' dir='ltr'>Ἰούδας</span> <span class='ocrx_word' id='word_1_473' title='bbox 3155 3167 3169 3191; x_wconf 93' lang='grc'><strong>,</strong></span> <span class='ocrx_word' id='word_1_474' title='bbox 3203 3125 3411 3198; x_wconf 79' lang='grc' dir='ltr'>ἀγχόνῃ</span> <span class='ocrx_word' id='word_1_475' title='bbox 3443 3128 3633 3180; x_wconf 77' lang='grc' dir='ltr'>ἑαυτὸν</span> <span class='ocrx_word' id='word_1_476' title='bbox 3664 3128 3908 3197; x_wconf 82' lang='grc' dir='ltr'>ἀνελὼν(</span> <span class='ocrx_word' id='word_1_477' title='bbox 3937 3127 3963 3180; x_wconf 76' lang='grc' dir='ltr'><strong>ὃ</strong></span> 
     </span>
    </p>
   </div>
   <div class='ocr_carea' id='block_1_64' title="bbox 734 3215 2300 3292">
    <p class='ocr_par' dir='ltr' id='par_1_64' title="bbox 734 3216 2295 3292">
     <span class='ocr_line' id='line_1_64' title="bbox 734 3216 2295 3292; baseline 0 -15"><span class='ocrx_word' id='word_1_478' title='bbox 734 3222 908 3292; x_wconf 70' lang='lat' dir='ltr'><strong>pinnis</strong></span> <span class='ocrx_word' id='word_1_479' title='bbox 961 3220 1176 3276; x_wconf 73' lang='lat' dir='ltr'><strong>obnoxii</strong></span> <span class='ocrx_word' id='word_1_480' title='bbox 1229 3235 1432 3274; x_wconf 89' lang='lat' dir='ltr'><strong>sumus.</strong></span> <span class='ocrx_word' id='word_1_481' title='bbox 1489 3216 1620 3273; x_wconf 82' lang='lat' dir='ltr'><strong>Nam</strong></span> <span class='ocrx_word' id='word_1_482' title='bbox 1673 3218 1795 3287; x_wconf 87' lang='lat' dir='ltr'><strong>quis</strong></span> <span class='ocrx_word' id='word_1_483' title='bbox 1846 3218 2184 3289; x_wconf 84' lang='lat' dir='ltr'><strong>gloriabitur,</strong></span> <span class='ocrx_word' id='word_1_484' title='bbox 2236 3237 2295 3277; x_wconf 84' lang='lat' dir='ltr'><strong>se</strong></span> 
     </span>
    </p>
   </div>
   <div class='ocr_carea' id='block_1_65' title="bbox 2399 3215 3963 3292">
    <p class='ocr_par' dir='ltr' id='par_1_65' title="bbox 2402 3215 3963 3291">
     <span class='ocr_line' id='line_1_65' title="bbox 2402 3215 3963 3291; baseline 0.003 -23"><span class='ocrx_word' id='word_1_485' title='bbox 2402 3218 2496 3268; x_wconf 64' lang='grc' dir='ltr'>καὶ.</span> <span class='ocrx_word' id='word_1_486' title='bbox 2529 3215 2715 3278; x_wconf 85' lang='grc' dir='ltr'>δεδιὼς</span> <span class='ocrx_word' id='word_1_487' title='bbox 2737 3219 2765 3269; x_wconf 85' lang='grc' dir='ltr'><strong>ὁ</strong></span> <span class='ocrx_word' id='word_1_488' title='bbox 2805 3215 3092 3281; x_wconf 73' lang='grc' dir='ltr'>θεσπέσιος</span> <span class='ocrx_word' id='word_1_489' title='bbox 3125 3217 3334 3281; x_wconf 82' lang='grc' dir='ltr'>Παῦλος</span> <span class='ocrx_word' id='word_1_490' title='bbox 3374 3219 3449 3290; x_wconf 81' lang='grc' dir='ltr'><strong>μὴ</strong></span> <span class='ocrx_word' id='word_1_491' title='bbox 3495 3220 3588 3272; x_wconf 74' lang='grc' dir='ltr'>καὶ</span> <span class='ocrx_word' id='word_1_492' title='bbox 3619 3221 3646 3273; x_wconf 85' lang='grc' dir='ltr'><strong>ό</strong></span> <span class='ocrx_word' id='word_1_493' title='bbox 3673 3236 3963 3291; x_wconf 71' lang='grc' dir='ltr'>πεπορνευο</span> 
     </span>
    </p>
   </div>
   <div class='ocr_carea' id='block_1_66' title="bbox 734 3309 2297 3382">
    <p class='ocr_par' dir='ltr' id='par_1_66' title="bbox 734 3309 2297 3382">
     <span class='ocr_line' id='line_1_66' title="bbox 734 3309 2297 3382; baseline 0.001 -18"><span class='ocrx_word' id='word_1_494' title='bbox 734 3327 929 3382; x_wconf 81' lang='lat' dir='ltr'><strong>purum</strong></span> <span class='ocrx_word' id='word_1_495' title='bbox 964 3326 1060 3364; x_wconf 90' lang='lat' dir='ltr'><strong>cor</strong></span> <span class='ocrx_word' id='word_1_496' title='bbox 1093 3309 1332 3364; x_wconf 82' lang='lat' dir='ltr'><strong>habere?</strong></span> <span class='ocrx_word' id='word_1_497' title='bbox 1371 3310 1474 3362; x_wconf 80' lang='lat' dir='ltr'><strong>Aut</strong></span> <span class='ocrx_word' id='word_1_498' title='bbox 1498 3310 1622 3378; x_wconf 88' lang='lat' dir='ltr'><strong>quis</strong></span> <span class='ocrx_word' id='word_1_499' title='bbox 1663 3309 1832 3364; x_wconf 87' lang='lat' dir='ltr'><strong>libere</strong></span> <span class='ocrx_word' id='word_1_500' title='bbox 1875 3309 2151 3380; x_wconf 85' lang='lat' dir='ltr'><strong>loquetur,</strong></span> <span class='ocrx_word' id='word_1_501' title='bbox 2178 3324 2239 3366; x_wconf 88' lang='lat' dir='ltr'><strong>se</strong></span> <span class='ocrx_word' id='word_1_502' title='bbox 2268 3327 2297 3366; x_wconf 88' lang='lat' dir='ltr'><strong>a</strong></span> 
     </span>
    </p>
   </div>
   <div class='ocr_carea' id='block_1_67' title="bbox 736 3398 2300 3470">
    <p class='ocr_par' dir='ltr' id='par_1_67' title="bbox 736 3398 2300 3470">
     <span class='ocr_line' id='line_1_67' title="bbox 736 3398 2300 3470; baseline -0.001 -15"><span class='ocrx_word' id='word_1_503' title='bbox 736 3413 955 3470; x_wconf 86' lang='lat' dir='ltr'><strong>peccato</strong></span> <span class='ocrx_word' id='word_1_504' title='bbox 979 3401 1235 3454; x_wconf 88' lang='lat' dir='ltr'><strong>mundum</strong></span> <span class='ocrx_word' id='word_1_505' title='bbox 1259 3400 1409 3454; x_wconf 75' lang='lat' dir='ltr'><strong>esse?</strong></span> <span class='ocrx_word' id='word_1_506' title='bbox 1433 3398 1526 3453; x_wconf 91' lang='lat' dir='ltr'><strong>Sin</strong></span> <span class='ocrx_word' id='word_1_507' title='bbox 1558 3409 1734 3454; x_wconf 88' lang='lat' dir='ltr'><strong>autem</strong></span> <span class='ocrx_word' id='word_1_508' title='bbox 1780 3400 2099 3465; x_wconf 77' lang='lat' dir='ltr'><strong>dixerimus,</strong></span> <span class='ocrx_word' id='word_1_509' title='bbox 2152 3402 2300 3469; x_wconf 88' lang='lat' dir='ltr'><strong>quod</strong></span> 
     </span>
    </p>
   </div>
   <div class='ocr_carea' id='block_1_68' title="bbox 738 3487 2305 3558">
    <p class='ocr_par' dir='ltr' id='par_1_68' title="bbox 738 3487 2305 3558">
     <span class='ocr_line' id='line_1_68' title="bbox 738 3487 2305 3558; baseline 0 -14"><span class='ocrx_word' id='word_1_510' title='bbox 738 3507 842 3544; x_wconf 86' lang='lat' dir='ltr'><strong>nou</strong></span> <span class='ocrx_word' id='word_1_511' title='bbox 880 3505 1007 3544; x_wconf 90' lang='lat' dir='ltr'><strong>eum</strong></span> <span class='ocrx_word' id='word_1_512' title='bbox 1047 3490 1136 3557; x_wconf 88' lang='lat' dir='ltr'><strong>qui</strong></span> <span class='ocrx_word' id='word_1_513' title='bbox 1171 3503 1275 3542; x_wconf 92' lang='lat' dir='ltr'><strong>non</strong></span> <span class='ocrx_word' id='word_1_514' title='bbox 1298 3490 1368 3543; x_wconf 90' lang='lat' dir='ltr'><strong>sit</strong></span> <span class='ocrx_word' id='word_1_515' title='bbox 1397 3487 1630 3543; x_wconf 71' lang='lat' dir='ltr'><strong>affectus</strong></span> <span class='ocrx_word' id='word_1_516' title='bbox 1665 3487 1881 3542; x_wconf 87' lang='lat' dir='ltr'><strong>tristitia</strong></span> <span class='ocrx_word' id='word_1_517' title='bbox 1920 3488 2134 3542; x_wconf 87' lang='lat' dir='ltr'><strong>beatum</strong></span> <span class='ocrx_word' id='word_1_518' title='bbox 2168 3504 2305 3558; x_wconf 75' lang='lat' dir='ltr'><strong>pra:-</strong></span> 
     </span>
    </p>
   </div>
   <div class='ocr_carea' id='block_1_69' title="bbox 736 3579 2297 3650">
    <p class='ocr_par' dir='ltr' id='par_1_69' title="bbox 736 3579 2297 3650">
     <span class='ocr_line' id='line_1_69' title="bbox 736 3579 2297 3650; baseline 0.003 -17"><span class='ocrx_word' id='word_1_519' title='bbox 736 3579 1014 3641; x_wconf 72' lang='lat' dir='ltr'><strong>diret,.sed</strong></span> <span class='ocrx_word' id='word_1_520' title='bbox 1039 3592 1162 3633; x_wconf 89' lang='lat' dir='ltr'><strong>eum</strong></span> <span class='ocrx_word' id='word_1_521' title='bbox 1197 3579 1424 3647; x_wconf 89' lang='lat' dir='ltr'><strong>qui-non</strong></span> <span class='ocrx_word' id='word_1_522' title='bbox 1483 3580 1554 3634; x_wconf 92' lang='lat' dir='ltr'><strong>sit</strong></span> <span class='ocrx_word' id='word_1_523' title='bbox 1611 3580 1663 3632; x_wconf 91' lang='lat' dir='ltr'><strong>in</strong></span> <span class='ocrx_word' id='word_1_524' title='bbox 1717 3588 1991 3650; x_wconf 86' lang='lat' dir='ltr'><strong>stuporem</strong></span> <span class='ocrx_word' id='word_1_525' title='bbox 2059 3580 2220 3636; x_wconf 87' lang='lat' dir='ltr'><strong>datus</strong></span> <span class='ocrx_word' id='word_1_526' title='bbox 2267 3597 2297 3636; x_wconf 90' lang='lat' dir='ltr'><strong>a</strong></span> 
     </span>
    </p>
   </div>
   <div class='ocr_carea' id='block_1_70' title="bbox 739 3670 2296 3741">
    <p class='ocr_par' dir='ltr' id='par_1_70' title="bbox 739 3670 2296 3741">
     <span class='ocr_line' id='line_1_70' title="bbox 739 3670 2296 3741; baseline 0.004 -20"><span class='ocrx_word' id='word_1_527' title='bbox 739 3680 989 3730; x_wconf 79' lang='lat' dir='ltr'><strong>mtnrore,</strong></span> <span class='ocrx_word' id='word_1_528' title='bbox 1024 3683 1196 3736; x_wconf 87' lang='lat' dir='ltr'><strong>neque</strong></span> <span class='ocrx_word' id='word_1_529' title='bbox 1231 3685 1380 3723; x_wconf 88' lang='lat' dir='ltr'><strong>suam</strong></span> <span class='ocrx_word' id='word_1_530' title='bbox 1409 3670 1638 3723; x_wconf 82' lang='lat' dir='ltr'><strong>salutem</strong></span> <span class='ocrx_word' id='word_1_531' title='bbox 1665 3672 1963 3736; x_wconf 84' lang='lat' dir='ltr'><strong>prodiderit</strong></span> <span class='ocrx_word' id='word_1_532' title='bbox 2002 3689 2014 3725; x_wconf 93' lang='lat'><strong>:</strong></span> <span class='ocrx_word' id='word_1_533' title='bbox 2075 3672 2126 3725; x_wconf 91' lang='lat' dir='ltr'><strong>id</strong></span> <span class='ocrx_word' id='word_1_534' title='bbox 2151 3672 2296 3741; x_wconf 81' lang='lat' dir='ltr'><strong>quod</strong></span> 
     </span>
    </p>
   </div>
   <div class='ocr_carea' id='block_1_71' title="bbox 738 3755 2294 3830">
    <p class='ocr_par' dir='ltr' id='par_1_71' title="bbox 738 3755 2294 3830">
     <span class='ocr_line' id='line_1_71' title="bbox 738 3755 2294 3830; baseline 0.003 -20"><span class='ocrx_word' id='word_1_535' title='bbox 738 3755 888 3810; x_wconf 67' lang='lat' dir='ltr'><strong>Iuda:</strong></span> <span class='ocrx_word' id='word_1_536' title='bbox 907 3758 1125 3816; x_wconf 81' lang='lat' dir='ltr'><strong>accidit,</strong></span> <span class='ocrx_word' id='word_1_537' title='bbox 1151 3757 1240 3826; x_wconf 90' lang='lat' dir='ltr'><strong>qui</strong></span> <span class='ocrx_word' id='word_1_538' title='bbox 1277 3757 1568 3826; x_wconf 84' lang='lat' dir='ltr'><strong>suspendio</strong></span> <span class='ocrx_word' id='word_1_539' title='bbox 1592 3759 1690 3812; x_wconf 89' lang='lat' dir='ltr'><strong>sibi</strong></span> <span class='ocrx_word' id='word_1_540' title='bbox 1718 3759 1881 3810; x_wconf 88' lang='lat' dir='ltr'><strong>vitam</strong></span> <span class='ocrx_word' id='word_1_541' title='bbox 1914 3759 2111 3828; x_wconf 87' lang='lat' dir='ltr'><strong>eripuit</strong></span> <span class='ocrx_word' id='word_1_542' title='bbox 2130 3761 2294 3830; x_wconf 91' lang='lat' dir='ltr'><strong>(quod</strong></span> 
     </span>
    </p>
   </div>
   <div class='ocr_carea' id='block_1_72' title="bbox 740 3843 2298 3921">
    <p class='ocr_par' dir='ltr' id='par_1_72' title="bbox 740 3843 2298 3921">
     <span class='ocr_line' id='line_1_72' title="bbox 740 3843 2298 3921; baseline 0.003 -21"><span class='ocrx_word' id='word_1_543' title='bbox 740 3847 901 3900; x_wconf 87' lang='lat' dir='ltr'><strong>etiam</strong></span> <span class='ocrx_word' id='word_1_544' title='bbox 940 3855 1182 3900; x_wconf 83' lang='lat' dir='ltr'><strong>metuens</strong></span> <span class='ocrx_word' id='word_1_545' title='bbox 1211 3843 1412 3900; x_wconf 83' lang='lat' dir='ltr'><strong>Paulus</strong></span> <span class='ocrx_word' id='word_1_546' title='bbox 1465 3863 1531 3902; x_wconf 89' lang='lat' dir='ltr'><strong>ne</strong></span> <span class='ocrx_word' id='word_1_547' title='bbox 1586 3847 1857 3902; x_wconf 88' lang='lat' dir='ltr'><strong>accideret</strong></span> <span class='ocrx_word' id='word_1_548' title='bbox 1899 3847 1974 3902; x_wconf 90' lang='lat' dir='ltr'><strong>illi</strong></span> <span class='ocrx_word' id='word_1_549' title='bbox 2027 3849 2117 3918; x_wconf 91' lang='lat' dir='ltr'><strong>qui</strong></span> <span class='ocrx_word' id='word_1_550' title='bbox 2159 3851 2298 3921; x_wconf 87' lang='lat' dir='ltr'><strong>apud</strong></span> 
     </span>
    </p>
   </div>
   <div class='ocr_carea' id='block_1_73' title="bbox 741 3935 2298 4009">
    <p class='ocr_par' dir='ltr' id='par_1_73' title="bbox 741 3935 2298 4009">
     <span class='ocr_line' id='line_1_73' title="bbox 741 3935 2298 4009; baseline 0.003 -20"><span class='ocrx_word' id='word_1_551' title='bbox 741 3935 1051 3990; x_wconf 87' lang='lat' dir='ltr'><strong>Corinthios</strong></span> <span class='ocrx_word' id='word_1_552' title='bbox 1074 3946 1320 4003; x_wconf 89' lang='lat' dir='ltr'><strong>stuprum</strong></span> <span class='ocrx_word' id='word_1_553' title='bbox 1374 3938 1694 4001; x_wconf 86' lang='lat' dir='ltr'><strong>admiserat,</strong></span> <span class='ocrx_word' id='word_1_554' title='bbox 1728 3939 2080 4006; x_wconf 62' lang='lat' dir='ltr'><strong>prmeipiebat</strong></span> <span class='ocrx_word' id='word_1_555' title='bbox 2124 3940 2298 4009; x_wconf 89' lang='lat' dir='ltr'><strong>ipsum</strong></span> 
     </span>
    </p>
   </div>
   <div class='ocr_carea' id='block_1_74' title="bbox 739 4027 2301 4095">
    <p class='ocr_par' dir='ltr' id='par_1_74' title="bbox 739 4027 2301 4095">
     <span class='ocr_line' id='line_1_74' title="bbox 739 4027 2301 4095; baseline 0.003 -16"><span class='ocrx_word' id='word_1_556' title='bbox 739 4036 860 4080; x_wconf 86' lang='lat' dir='ltr'><strong>acta</strong></span> <span class='ocrx_word' id='word_1_557' title='bbox 881 4027 990 4095; x_wconf 87' lang='lat' dir='ltr'><strong>jam</strong></span> <span class='ocrx_word' id='word_1_558' title='bbox 1015 4029 1350 4094; x_wconf 66' lang='lat' dir='ltr'><strong>paenitentia,</strong></span> <span class='ocrx_word' id='word_1_559' title='bbox 1378 4030 1552 4082; x_wconf 88' lang='lat' dir='ltr'><strong>denuo</strong></span> <span class='ocrx_word' id='word_1_560' title='bbox 1577 4029 1629 4080; x_wconf 93' lang='lat' dir='ltr'><strong>in</strong></span> <span class='ocrx_word' id='word_1_561' title='bbox 1655 4038 1850 4082; x_wconf 64' lang='lat' dir='ltr'><strong>coetum</strong></span> <span class='ocrx_word' id='word_1_562' title='bbox 1884 4028 2121 4082; x_wconf 78' lang='lat' dir='ltr'><strong>ﬁdelium</strong></span> <span class='ocrx_word' id='word_1_563' title='bbox 2161 4030 2301 4085; x_wconf 88' lang='lat' dir='ltr'><strong>reci-</strong></span> 
     </span>
    </p>
   </div>
   <div class='ocr_carea' id='block_1_75' title="bbox 739 4117 2300 4188">
    <p class='ocr_par' dir='ltr' id='par_1_75' title="bbox 739 4117 2300 4188">
     <span class='ocr_line' id='line_1_75' title="bbox 739 4117 2300 4188; baseline 0.003 -19"><span class='ocrx_word' id='word_1_564' title='bbox 739 4118 822 4185; x_wconf 86' lang='lat' dir='ltr'><strong>pl,</strong></span> <span class='ocrx_word' id='word_1_565' title='bbox 856 4132 921 4170; x_wconf 91' lang='lat' dir='ltr'><strong>ne</strong></span> <span class='ocrx_word' id='word_1_566' title='bbox 969 4117 1320 4170; x_wconf 76' lang='lat' dir='ltr'><strong>immoderato</strong></span> <span class='ocrx_word' id='word_1_567' title='bbox 1349 4132 1580 4172; x_wconf 71' lang='lat' dir='ltr'><strong>mmrore</strong></span> <span class='ocrx_word' id='word_1_568' title='bbox 1611 4117 1731 4171; x_wconf 87' lang='lat' dir='ltr'><strong>talis</strong></span> <span class='ocrx_word' id='word_1_569' title='bbox 1754 4118 2136 4172; x_wconf 86' lang='lat' dir='ltr'><strong>absorberetur</strong></span> <span class='ocrx_word' id='word_1_570' title='bbox 2161 4118 2241 4188; x_wconf 83' lang='lat'><strong>“)</strong></span> <span class='ocrx_word' id='word_1_571' title='bbox 2286 4137 2300 4174; x_wconf 87' lang='lat'><strong>:</strong></span> 
     </span>
    </p>
   </div>
   <div class='ocr_carea' id='block_1_76' title="bbox 739 4206 2304 4278">
    <p class='ocr_par' dir='ltr' id='par_1_76' title="bbox 739 4206 2304 4278">
     <span class='ocr_line' id='line_1_76' title="bbox 739 4206 2304 4278; baseline 0.001 -16"><span class='ocrx_word' id='word_1_572' title='bbox 739 4218 848 4263; x_wconf 88' lang='lat' dir='ltr'><strong>tum</strong></span> <span class='ocrx_word' id='word_1_573' title='bbox 883 4206 1129 4260; x_wconf 81' lang='lat' dir='ltr'><strong>fortassis</strong></span> <span class='ocrx_word' id='word_1_574' title='bbox 1176 4221 1358 4262; x_wconf 88' lang='lat' dir='ltr'><strong>verum</strong></span> <span class='ocrx_word' id='word_1_575' title='bbox 1391 4221 1606 4262; x_wconf 89' lang='lat' dir='ltr'><strong>sensum</strong></span> <span class='ocrx_word' id='word_1_576' title='bbox 1639 4207 1767 4261; x_wconf 85' lang='lat' dir='ltr'><strong>dieti</strong></span> <span class='ocrx_word' id='word_1_577' title='bbox 1817 4210 2166 4278; x_wconf 83' lang='lat' dir='ltr'><strong>attingemus.</strong></span> <span class='ocrx_word' id='word_1_578' title='bbox 2203 4209 2304 4265; x_wconf 75' lang='lat' dir='ltr'><strong>Mi-</strong></span> 
     </span>
    </p>
   </div>
   <div class='ocr_carea' id='block_1_77' title="bbox 2401 3306 3962 3380">
    <p class='ocr_par' dir='ltr' id='par_1_77' title="bbox 2401 3306 3962 3380">
     <span class='ocr_line' id='line_1_77' title="bbox 2401 3306 3962 3380; baseline 0.001 -20"><span class='ocrx_word' id='word_1_579' title='bbox 2401 3307 2510 3369; x_wconf 85' lang='grc' dir='ltr'>κὼς</span> <span class='ocrx_word' id='word_1_580' title='bbox 2531 3306 2679 3375; x_wconf 83' lang='grc' dir='ltr'><strong>παρά</strong></span> <span class='ocrx_word' id='word_1_581' title='bbox 2706 3306 3014 3376; x_wconf 78' lang='grc' dir='ltr'>Κορινθίοις</span> <span class='ocrx_word' id='word_1_582' title='bbox 3036 3307 3220 3371; x_wconf 82' lang='grc' dir='ltr'>πάθοι,</span> <span class='ocrx_word' id='word_1_583' title='bbox 3244 3307 3426 3377; x_wconf 78' lang='grc' dir='ltr'>ἔλεγεν</span> <span class='ocrx_word' id='word_1_584' title='bbox 3450 3326 3465 3340; x_wconf 91' lang='grc'><strong>·</strong></span> <span class='ocrx_word' id='word_1_585' title='bbox 3485 3309 3782 3380; x_wconf 78' lang='grc' dir='ltr'>προσέσθαι</span> <span class='ocrx_word' id='word_1_586' title='bbox 3806 3311 3962 3363; x_wconf 77' lang='grc' dir='ltr'>αὑτὸν</span> 
     </span>
    </p>
   </div>
   <div class='ocr_carea' id='block_1_78' title="bbox 2403 3399 3960 3473">
    <p class='ocr_par' dir='ltr' id='par_1_78' title="bbox 2403 3399 3960 3473">
     <span class='ocr_line' id='line_1_78' title="bbox 2403 3399 3960 3473; baseline 0.004 -24"><span class='ocrx_word' id='word_1_587' title='bbox 2403 3399 2835 3467; x_wconf 79' lang='grc' dir='ltr'>μετανοήσαντα,</span> <span class='ocrx_word' id='word_1_588' title='bbox 2865 3399 2940 3469; x_wconf 86' lang='grc' dir='ltr'><strong>μή</strong></span> <span class='ocrx_word' id='word_1_589' title='bbox 2974 3415 3090 3463; x_wconf 88' lang='grc' dir='ltr'><strong>πως</strong></span> <span class='ocrx_word' id='word_1_590' title='bbox 3117 3401 3180 3469; x_wconf 81' lang='grc' dir='ltr'><strong>τῇ</strong></span> <span class='ocrx_word' id='word_1_591' title='bbox 3215 3403 3577 3472; x_wconf 64' lang='grc' dir='ltr'>περισσοτέρᾳ</span> <span class='ocrx_word' id='word_1_592' title='bbox 3608 3402 3750 3473; x_wconf 73' lang='grc' dir='ltr'>λύπῃ</span> <span class='ocrx_word' id='word_1_593' title='bbox 3794 3420 3960 3456; x_wconf 83' lang='grc' dir='ltr'>κατα-</span> 
     </span>
    </p>
   </div>
   <div class='ocr_carea' id='block_1_79' title="bbox 2399 3488 3959 3563">
    <p class='ocr_par' dir='ltr' id='par_1_79' title="bbox 2399 3488 3959 3563">
     <span class='ocr_line' id='line_1_79' title="bbox 2399 3488 3959 3563; baseline 0.004 -23"><span class='ocrx_word' id='word_1_594' title='bbox 2399 3488 2537 3558; x_wconf 80' lang='grc' dir='ltr'>ποθῇ</span> <span class='ocrx_word' id='word_1_595' title='bbox 2583 3489 2612 3540; x_wconf 83' lang='grc' dir='ltr'>ὁ</span> <span class='ocrx_word' id='word_1_596' title='bbox 2647 3489 2923 3558; x_wconf 87' lang='grc' dir='ltr'>τοιοῦτος)</span> <span class='ocrx_word' id='word_1_597' title='bbox 2950 3504 2965 3519; x_wconf 83' lang='grc'><em>’</em></span> <span class='ocrx_word' id='word_1_598' title='bbox 2999 3489 3136 3560; x_wconf 83' lang='grc' dir='ltr'>τάχα</span> <span class='ocrx_word' id='word_1_599' title='bbox 3160 3507 3276 3554; x_wconf 83' lang='grc' dir='ltr'><strong>πως</strong></span> <span class='ocrx_word' id='word_1_600' title='bbox 3299 3492 3396 3561; x_wconf 79' lang='grc' dir='ltr'>τῆς</span> <span class='ocrx_word' id='word_1_601' title='bbox 3428 3492 3684 3561; x_wconf 79' lang='grc' dir='ltr'>ἀληθείας</span> <span class='ocrx_word' id='word_1_602' title='bbox 3721 3493 3959 3563; x_wconf 76' lang='grc' dir='ltr'>ἀψόμεθα</span> 
     </span>
    </p>
   </div>
   <div class='ocr_carea' id='block_1_80' title="bbox 2399 3578 3960 3654">
    <p class='ocr_par' dir='ltr' id='par_1_80' title="bbox 2399 3578 3960 3654">
     <span class='ocr_line' id='line_1_80' title="bbox 2399 3578 3960 3654; baseline 0.005 -23"><span class='ocrx_word' id='word_1_603' title='bbox 2399 3580 2495 3632; x_wconf 88' lang='grc' dir='ltr'><strong>τοῦ</strong></span> <span class='ocrx_word' id='word_1_604' title='bbox 2521 3578 2707 3650; x_wconf 81' lang='grc' dir='ltr'>ῥητοῦ.</span> <span class='ocrx_word' id='word_1_605' title='bbox 2741 3579 2802 3631; x_wconf 83' lang='grc' dir='ltr'>Εἰ</span> <span class='ocrx_word' id='word_1_606' title='bbox 2824 3579 2880 3632; x_wconf 74' lang='grc' dir='ltr'>δὲ</span> <span class='ocrx_word' id='word_1_607' title='bbox 2906 3580 2998 3632; x_wconf 76' lang='grc' dir='ltr'>καὶ</span> <span class='ocrx_word' id='word_1_608' title='bbox 3028 3582 3121 3632; x_wconf 77' lang='grc' dir='ltr'><strong>ἐπὶ</strong></span> <span class='ocrx_word' id='word_1_609' title='bbox 3162 3583 3329 3634; x_wconf 84' lang='grc' dir='ltr'>καλοῦ</span> <span class='ocrx_word' id='word_1_610' title='bbox 3357 3584 3566 3650; x_wconf 83' lang='grc' dir='ltr'>γίνεται</span> <span class='ocrx_word' id='word_1_611' title='bbox 3595 3587 3629 3653; x_wconf 86' lang='grc' dir='ltr'><strong>ή</strong></span> <span class='ocrx_word' id='word_1_612' title='bbox 3657 3585 3960 3654; x_wconf 73' lang='grc' dir='ltr'>κατάνυξις.</span> 
     </span>
    </p>
   </div>
   <div class='ocr_carea' id='block_1_81' title="bbox 2405 3668 3963 3746">
    <p class='ocr_par' dir='ltr' id='par_1_81' title="bbox 2405 3668 3963 3746">
     <span class='ocr_line' id='line_1_81' title="bbox 2405 3668 3963 3746; baseline 0.004 -25"><span class='ocrx_word' id='word_1_613' title='bbox 2405 3668 2730 3739; x_wconf 79' lang='grc' dir='ltr'>θαυμαζέτω</span> <span class='ocrx_word' id='word_1_614' title='bbox 2760 3670 2946 3739; x_wconf 73' lang='grc' dir='ltr'>μηδείς</span> <span class='ocrx_word' id='word_1_615' title='bbox 2968 3685 2980 3699; x_wconf 84' lang='grc'><em>’</em></span> <span class='ocrx_word' id='word_1_616' title='bbox 3007 3673 3170 3723; x_wconf 80' lang='grc' dir='ltr'>κάκεῖ</span> <span class='ocrx_word' id='word_1_617' title='bbox 3191 3673 3298 3740; x_wconf 83' lang='grc' dir='ltr'><strong>γάρ</strong></span> <span class='ocrx_word' id='word_1_618' title='bbox 3338 3674 3397 3725; x_wconf 82' lang='grc' dir='ltr'>τὸ</span> <span class='ocrx_word' id='word_1_619' title='bbox 3426 3674 3700 3746; x_wconf 79' lang='grc' dir='ltr'>τρωθῆναι</span> <span class='ocrx_word' id='word_1_620' title='bbox 3723 3677 3834 3736; x_wconf 90' lang='grc' dir='ltr'>τοῖς</span> <span class='ocrx_word' id='word_1_621' title='bbox 3871 3693 3963 3726; x_wconf 61' lang='grc' dir='ltr'><strong>και</strong></span> 
     </span>
    </p>
   </div>
   <div class='ocr_carea' id='block_1_82' title="bbox 2403 3757 3965 3834">
    <p class='ocr_par' dir='ltr' id='par_1_82' title="bbox 2403 3757 3965 3834">
     <span class='ocr_line' id='line_1_82' title="bbox 2403 3757 3965 3834; baseline 0.004 -24"><span class='ocrx_word' id='word_1_622' title='bbox 2403 3757 2514 3820; x_wconf 80' lang='grc' dir='ltr'><strong>λοῖς</strong></span> <span class='ocrx_word' id='word_1_623' title='bbox 2553 3759 2878 3828; x_wconf 75' lang='grc' dir='ltr'>ὲρμηνεύει·</span> <span class='ocrx_word' id='word_1_624' title='bbox 2923 3760 2997 3822; x_wconf 86' lang='grc' dir='ltr'>ὼς</span> <span class='ocrx_word' id='word_1_625' title='bbox 3047 3762 3140 3812; x_wconf 75' lang='grc' dir='ltr'>καὶ</span> <span class='ocrx_word' id='word_1_626' title='bbox 3181 3764 3212 3831; x_wconf 86' lang='grc' dir='ltr'><strong>ή</strong></span> <span class='ocrx_word' id='word_1_627' title='bbox 3253 3765 3341 3815; x_wconf 79' lang='grc' dir='ltr'>τὸν</span> <span class='ocrx_word' id='word_1_628' title='bbox 3375 3763 3518 3816; x_wconf 87' lang='grc' dir='ltr'>θεῖον</span> <span class='ocrx_word' id='word_1_629' title='bbox 3558 3764 3734 3834; x_wconf 79' lang='grc' dir='ltr'>ἔρωτα</span> <span class='ocrx_word' id='word_1_630' title='bbox 3789 3766 3965 3834; x_wconf 74' lang='grc' dir='ltr'>ἐρῶσα</span> 
     </span>
    </p>
   </div>
   <div class='ocr_carea' id='block_1_83' title="bbox 2400 3845 3966 3923">
    <p class='ocr_par' dir='ltr' id='par_1_83' title="bbox 2400 3845 3966 3923">
     <span class='ocr_line' id='line_1_83' title="bbox 2400 3845 3966 3923; baseline 0.005 -26"><span class='ocrx_word' id='word_1_631' title='bbox 2400 3845 2546 3916; x_wconf 83' lang='grc' dir='ltr'>ψυχὴ</span> <span class='ocrx_word' id='word_1_632' title='bbox 2581 3847 2709 3899; x_wconf 76' lang='grc' dir='ltr'>ἐϐόα</span> <span class='ocrx_word' id='word_1_633' title='bbox 2733 3862 2744 3874; x_wconf 92' lang='grc'><strong>·</strong></span> <span class='ocrx_word' id='word_1_634' title='bbox 2783 3866 2798 3898; x_wconf 89' lang='grc' dir='ltr'><strong>ι</strong></span> <span class='ocrx_word' id='word_1_635' title='bbox 2847 3847 2968 3923; x_wconf 69' lang='grc' dir='ltr'>’ᾮτι</span> <span class='ocrx_word' id='word_1_636' title='bbox 3020 3851 3332 3920; x_wconf 85' lang='grc' dir='ltr'>τετρωμένη</span> <span class='ocrx_word' id='word_1_637' title='bbox 3370 3852 3587 3921; x_wconf 80' lang='grc' dir='ltr'>ἀγάπης</span> <span class='ocrx_word' id='word_1_638' title='bbox 3631 3852 3760 3919; x_wconf 77' lang='grc' dir='ltr'>ἐγώ.</span> <span class='ocrx_word' id='word_1_639' title='bbox 3802 3873 3820 3903; x_wconf 82' lang='grc' dir='ltr'><strong>ι</strong></span> <span class='ocrx_word' id='word_1_640' title='bbox 3851 3855 3966 3922; x_wconf 74' lang='grc' dir='ltr'><strong>Χρὴ</strong></span> 
     </span>
    </p>
   </div>
   <div class='ocr_carea' id='block_1_84' title="bbox 2400 3937 3967 4014">
    <p class='ocr_par' dir='ltr' id='par_1_84' title="bbox 2400 3937 3967 4014">
     <span class='ocr_line' id='line_1_84' title="bbox 2400 3937 3967 4014; baseline 0.003 -25"><span class='ocrx_word' id='word_1_641' title='bbox 2400 3937 2458 3990; x_wconf 83' lang='grc' dir='ltr'>δὲ</span> <span class='ocrx_word' id='word_1_642' title='bbox 2494 3937 2730 4001; x_wconf 86' lang='grc' dir='ltr'>εἰδέναι,</span> <span class='ocrx_word' id='word_1_643' title='bbox 2768 3939 2851 3990; x_wconf 85' lang='grc' dir='ltr'>ὄτι</span> <span class='ocrx_word' id='word_1_644' title='bbox 2898 3939 2956 3990; x_wconf 85' lang='grc' dir='ltr'>οὺ</span> <span class='ocrx_word' id='word_1_645' title='bbox 3005 3939 3215 4003; x_wconf 84' lang='grc' dir='ltr'>πάντως</span> <span class='ocrx_word' id='word_1_646' title='bbox 3263 3944 3331 3994; x_wconf 86' lang='grc' dir='ltr'>τὰ</span> <span class='ocrx_word' id='word_1_647' title='bbox 3362 3944 3500 3995; x_wconf 80' lang='grc' dir='ltr'>αὑτά</span> <span class='ocrx_word' id='word_1_648' title='bbox 3539 3944 3776 4012; x_wconf 78' lang='grc' dir='ltr'>ὀνόματα</span> <span class='ocrx_word' id='word_1_649' title='bbox 3817 3944 3847 4012; x_wconf 73' lang='grc' dir='ltr'>ἢ</span> <span class='ocrx_word' id='word_1_650' title='bbox 3881 3946 3967 4014; x_wconf 76' lang='grc' dir='ltr'><strong>ῥή-</strong></span> 
     </span>
    </p>
   </div>
   <div class='ocr_carea' id='block_1_85' title="bbox 2405 4029 3969 4103">
    <p class='ocr_par' dir='ltr' id='par_1_85' title="bbox 2405 4029 3969 4103">
     <span class='ocr_line' id='line_1_85' title="bbox 2405 4029 3969 4103; baseline 0.003 -22"><span class='ocrx_word' id='word_1_651' title='bbox 2405 4046 2550 4099; x_wconf 85' lang='grc' dir='ltr'>ματα</span> <span class='ocrx_word' id='word_1_652' title='bbox 2595 4029 2654 4082; x_wconf 81' lang='grc' dir='ltr'>τὸ</span> <span class='ocrx_word' id='word_1_653' title='bbox 2681 4029 2817 4082; x_wconf 85' lang='grc' dir='ltr'>αὐτὸ</span> <span class='ocrx_word' id='word_1_654' title='bbox 2839 4032 3135 4101; x_wconf 78' lang='grc' dir='ltr'>παρίστησι</span> <span class='ocrx_word' id='word_1_655' title='bbox 3164 4034 3355 4101; x_wconf 82' lang='grc' dir='ltr'>νόημα.</span> <span class='ocrx_word' id='word_1_656' title='bbox 3397 4034 3616 4103; x_wconf 79' lang='grc' dir='ltr'>Ἐπειδὴ</span> <span class='ocrx_word' id='word_1_657' title='bbox 3648 4036 3740 4086; x_wconf 72' lang='grc' dir='ltr'>καὶ</span> <span class='ocrx_word' id='word_1_658' title='bbox 3759 4037 3786 4086; x_wconf 89' lang='grc' dir='ltr'>ὀ</span> <span class='ocrx_word' id='word_1_659' title='bbox 3811 4034 3969 4086; x_wconf 75' lang='grc' dir='ltr'>Δαϐὶδ</span> 
     </span>
    </p>
   </div>
   <div class='ocr_carea' id='block_1_86' title="bbox 2403 4120 3966 4195">
    <p class='ocr_par' dir='ltr' id='par_1_86' title="bbox 2403 4120 3966 4195">
     <span class='ocr_line' id='line_1_86' title="bbox 2403 4120 3966 4195; baseline 0.003 -23"><span class='ocrx_word' id='word_1_660' title='bbox 2403 4120 2586 4188; x_wconf 77' lang='grc' dir='ltr'>ἔλεγεν</span> <span class='ocrx_word' id='word_1_661' title='bbox 2611 4136 2625 4151; x_wconf 77' lang='grc' dir='ltr'><strong>ο</strong></span> <span class='ocrx_word' id='word_1_662' title='bbox 2654 4141 2672 4172; x_wconf 82' lang='grc' dir='ltr'><strong>ι</strong></span> <span class='ocrx_word' id='word_1_663' title='bbox 2707 4121 2895 4185; x_wconf 87' lang='grc' dir='ltr'>Ὅπως</span> <span class='ocrx_word' id='word_1_664' title='bbox 2927 4123 2993 4175; x_wconf 84' lang='grc' dir='ltr'>ἂν</span> <span class='ocrx_word' id='word_1_665' title='bbox 3021 4123 3165 4195; x_wconf 71' lang='grc' dir='ltr'>ψάλῃ</span> <span class='ocrx_word' id='word_1_666' title='bbox 3197 4139 3277 4176; x_wconf 89' lang='grc' dir='ltr'><strong>σοι</strong></span> <span class='ocrx_word' id='word_1_667' title='bbox 3307 4126 3338 4193; x_wconf 85' lang='grc' dir='ltr'>ἡ</span> <span class='ocrx_word' id='word_1_668' title='bbox 3363 4125 3494 4189; x_wconf 78' lang='grc' dir='ltr'>δόξα</span> <span class='ocrx_word' id='word_1_669' title='bbox 3532 4141 3654 4195; x_wconf 88' lang='grc' dir='ltr'>μου,</span> <span class='ocrx_word' id='word_1_670' title='bbox 3680 4126 3775 4178; x_wconf 78' lang='grc' dir='ltr'><strong>καὶ</strong></span> <span class='ocrx_word' id='word_1_671' title='bbox 3796 4127 3857 4177; x_wconf 85' lang='grc' dir='ltr'>οὐ</span> <span class='ocrx_word' id='word_1_672' title='bbox 3895 4126 3966 4194; x_wconf 80' lang='grc' dir='ltr'>μὴ</span> 
     </span>
    </p>
   </div>
   <div class='ocr_carea' id='block_1_87' title="bbox 2403 4209 3969 4286">
    <p class='ocr_par' dir='ltr' id='par_1_87' title="bbox 2403 4209 3969 4286">
     <span class='ocr_line' id='line_1_87' title="bbox 2403 4209 3969 4286; baseline 0.003 -23"><span class='ocrx_word' id='word_1_673' title='bbox 2403 4211 2726 4279; x_wconf 82' lang='grc' dir='ltr'>κατανυγῶ,</span> <span class='ocrx_word' id='word_1_674' title='bbox 2758 4213 2934 4284; x_wconf 82' lang='grc' dir='ltr'>ὅπερ,</span> <span class='ocrx_word' id='word_1_675' title='bbox 2971 4209 3158 4284; x_wconf 76' lang='grc' dir='ltr'>οἶμαι,</span> <span class='ocrx_word' id='word_1_676' title='bbox 3199 4215 3394 4283; x_wconf 80' lang='grc' dir='ltr'>δηλοῦν</span> <span class='ocrx_word' id='word_1_677' title='bbox 3439 4218 3532 4283; x_wconf 82' lang='grc' dir='ltr'>τὸ,</span> <span class='ocrx_word' id='word_1_678' title='bbox 3581 4217 3657 4269; x_wconf 85' lang='grc' dir='ltr'><strong>Οὐ</strong></span> <span class='ocrx_word' id='word_1_679' title='bbox 3699 4217 3775 4286; x_wconf 78' lang='grc' dir='ltr'>μὴ</span> <span class='ocrx_word' id='word_1_680' title='bbox 3805 4232 3969 4270; x_wconf 85' lang='grc' dir='ltr'>κατα-</span> 
     </span>
    </p>
   </div>
   <div class='ocr_carea' id='block_1_88' title="bbox 809 4379 2300 4455">
    <p class='ocr_par' dir='ltr' id='par_1_88' title="bbox 809 4379 2253 4452">
     <span class='ocr_line' id='line_1_88' title="bbox 809 4379 2253 4452; baseline 0.007 -21"><span class='ocrx_word' id='word_1_681' title='bbox 809 4379 850 4410; x_wconf 78' lang='lat'><strong>&quot;</strong></span> <span class='ocrx_word' id='word_1_682' title='bbox 875 4379 1023 4432; x_wconf 76' lang='lat' dir='ltr'><strong>liom.</strong></span> <span class='ocrx_word' id='word_1_683' title='bbox 1059 4381 1207 4441; x_wconf 72' lang='lat'><strong>1.29.</strong></span> <span class='ocrx_word' id='word_1_684' title='bbox 1264 4383 1308 4413; x_wconf 82' lang='lat'><strong>&quot;</strong></span> <span class='ocrx_word' id='word_1_685' title='bbox 1339 4380 1494 4437; x_wconf 82' lang='lat' dir='ltr'><strong>Joan.</strong></span> <span class='ocrx_word' id='word_1_686' title='bbox 1535 4398 1643 4448; x_wconf 79' lang='lat' dir='ltr'><strong>six,</strong></span> <span class='ocrx_word' id='word_1_687' title='bbox 1668 4383 1757 4437; x_wconf 68' lang='lat' dir='ltr'><strong>3i.</strong></span> <span class='ocrx_word' id='word_1_688' title='bbox 1828 4383 1875 4416; x_wconf 82' lang='grc'><strong><em>⁸⁸</em></strong></span> <span class='ocrx_word' id='word_1_689' title='bbox 1902 4384 2058 4440; x_wconf 84' lang='lat' dir='ltr'><strong>Rom.</strong></span> <span class='ocrx_word' id='word_1_690' title='bbox 2093 4401 2168 4452; x_wconf 78' lang='lat' dir='ltr'><strong>at,</strong></span> <span class='ocrx_word' id='word_1_691' title='bbox 2197 4386 2253 4442; x_wconf 89' lang='lat'><strong>8.</strong></span> 
     </span>
    </p>
   </div>
   <div class='ocr_carea' id='block_1_89' title="bbox 2399 4379 3400 4455">
    <p class='ocr_par' dir='ltr' id='par_1_89' title="bbox 2399 4386 3400 4455">
     <span class='ocr_line' id='line_1_89' title="bbox 2399 4386 3400 4455; baseline 0.003 -13"><span class='ocrx_word' id='word_1_692' title='bbox 2399 4386 2558 4442; x_wconf 84' lang='lat' dir='ltr'><strong>Eccli.</strong></span> <span class='ocrx_word' id='word_1_693' title='bbox 2603 4403 2716 4452; x_wconf 75' lang='lat' dir='ltr'><strong>XIV,</strong></span> <span class='ocrx_word' id='word_1_694' title='bbox 2749 4390 2799 4442; x_wconf 82' lang='grc'>1.</span> <span class='ocrx_word' id='word_1_695' title='bbox 2875 4389 2919 4422; x_wconf 77' lang='grc'><strong>⁸³</strong></span> <span class='ocrx_word' id='word_1_696' title='bbox 2949 4387 3136 4444; x_wconf 88' lang='lat' dir='ltr'><strong>llCor.</strong></span> <span class='ocrx_word' id='word_1_697' title='bbox 3175 4405 3235 4455; x_wconf 91' lang='grc' dir='ltr'><strong>ιι,</strong></span> <span class='ocrx_word' id='word_1_698' title='bbox 3270 4390 3321 4450; x_wconf 87' lang='lat'><strong>7.</strong></span> <span class='ocrx_word' id='word_1_699' title='bbox 3346 4392 3400 4446; x_wconf 89' lang='lat'><strong>8.</strong></span> 
     </span>
    </p>
   </div>
   <div class='ocr_carea' id='block_1_90' title="bbox 1829 4535 2886 4596">
    <p class='ocr_par' dir='ltr' id='par_1_90' title="bbox 1829 4535 2886 4596">
     <span class='ocr_line' id='line_1_90' title="bbox 1829 4535 2886 4596; baseline 0.004 -4"><span class='ocrx_word' id='word_1_700' title='bbox 1829 4536 2063 4592; x_wconf 69' lang='lat' dir='ltr'><strong>VARIAE</strong></span> <span class='ocrx_word' id='word_1_701' title='bbox 2101 4535 2489 4595; x_wconf 81' lang='lat' dir='ltr'><strong>LECTIONES</strong></span> <span class='ocrx_word' id='word_1_702' title='bbox 2529 4540 2615 4594; x_wconf 85' lang='lat' dir='ltr'>ET</span> <span class='ocrx_word' id='word_1_703' title='bbox 2657 4540 2886 4596; x_wconf 67' lang='grc' dir='ltr'><strong>ΝΟΤλΕ.</strong></span> 
     </span>
    </p>
   </div>
   <div class='ocr_carea' id='block_1_91' title="bbox 740 4707 2302 4829">
    <p class='ocr_par' dir='ltr' id='par_1_91' title="bbox 740 4707 2302 4829">
     <span class='ocr_line' id='line_1_91' title="bbox 740 4707 2302 4829; baseline 0.003 -68"><span class='ocrx_word' id='word_1_704' title='bbox 740 4709 924 4829; x_wconf 47' lang='lat' dir='ltr'><strong>“(31g</strong></span> <span class='ocrx_word' id='word_1_705' title='bbox 963 4707 1088 4761; x_wconf 87' lang='lat' dir='ltr'><strong>Post</strong></span> <span class='ocrx_word' id='word_1_706' title='bbox 1142 4709 1529 4778; x_wconf 79' lang='grc' dir='ltr'>καταπλήξεως</span> <span class='ocrx_word' id='word_1_707' title='bbox 1585 4711 1724 4765; x_wconf 90' lang='lat' dir='ltr'><strong>idem</strong></span> <span class='ocrx_word' id='word_1_708' title='bbox 1781 4711 1904 4767; x_wconf 87' lang='lat' dir='ltr'><strong>cod.</strong></span> <span class='ocrx_word' id='word_1_709' title='bbox 1975 4711 2124 4766; x_wconf 87' lang='lat' dir='ltr'><strong>addit</strong></span> <span class='ocrx_word' id='word_1_710' title='bbox 2165 4713 2302 4766; x_wconf 68' lang='lat' dir='ltr'><strong>tan.</strong></span> 
     </span>
     <span class='ocr_line' id='line_1_92' title="bbox 819 4793 946 4829; baseline 0.016 -3"><span class='ocrx_word' id='word_1_711' title='bbox 819 4793 888 4829; x_wconf 81' lang='lat' dir='ltr'><strong>&#39;..8l</strong></span> <span class='ocrx_word' id='word_1_712' title='bbox 933 4814 946 4828; x_wconf 91' lang='lat'><strong>.</strong></span> 
     </span>
    </p>
   </div>
   <div class='ocr_carea' id='block_1_92' title="bbox 783 4792 946 4830">
    <p class='ocr_par' dir='ltr' id='par_1_92' title="bbox 783 4792 946 4830">
     <span class='ocr_line' id='line_1_93' title="bbox 783 4792 946 4830; baseline -0.006 -1"><span class='ocrx_word' id='word_1_713' title='bbox 783 4792 946 4830; x_wconf 73' lang='lat' dir='ltr'><strong>0;.SIN.</strong></span> 
     </span>
    </p>
   </div>
   <div class='ocr_carea' id='block_1_93' title="bbox 811 4844 2311 4917">
    <p class='ocr_par' dir='ltr' id='par_1_93' title="bbox 811 4844 2311 4917">
     <span class='ocr_line' id='line_1_94' title="bbox 811 4844 2311 4917; baseline 0.003 -19"><span class='ocrx_word' id='word_1_714' title='bbox 811 4845 920 4915; x_wconf 70' lang='lat'><strong>(52)</strong></span> <span class='ocrx_word' id='word_1_715' title='bbox 956 4844 1272 4917; x_wconf 67' lang='grc' dir='ltr'>Μακάριος,</span> <span class='ocrx_word' id='word_1_716' title='bbox 1308 4845 1375 4912; x_wconf 79' lang='grc' dir='ltr'>ὃς</span> <span class='ocrx_word' id='word_1_717' title='bbox 1405 4847 1476 4899; x_wconf 86' lang='grc' dir='ltr'>οὐ</span> <span class='ocrx_word' id='word_1_718' title='bbox 1501 4848 1797 4915; x_wconf 73' lang='grc' dir='ltr'>κατενύτη</span> <span class='ocrx_word' id='word_1_719' title='bbox 1826 4848 1895 4901; x_wconf 81' lang='grc' dir='ltr'><strong>ἐν</strong></span> <span class='ocrx_word' id='word_1_720' title='bbox 1933 4850 2097 4916; x_wconf 78' lang='grc' dir='ltr'>λύπῃ</span> <span class='ocrx_word' id='word_1_721' title='bbox 2129 4849 2311 4917; x_wconf 78' lang='grc' dir='ltr'>ἁμαρ·</span> 
     </span>
    </p>
   </div>
   <div class='ocr_carea' id='block_1_94' title="bbox 741 4915 2312 4985">
    <p class='ocr_par' dir='ltr' id='par_1_94' title="bbox 741 4915 2312 4985">
     <span class='ocr_line' id='line_1_95' title="bbox 741 4915 2312 4985; baseline 0.004 -22"><span class='ocrx_word' id='word_1_722' title='bbox 741 4915 887 4985; x_wconf 66' lang='lat' dir='ltr'><strong>stac.</strong></span> <span class='ocrx_word' id='word_1_723' title='bbox 918 4915 1136 4985; x_wconf 75' lang='lat' dir='ltr'><strong>Siracbi</strong></span> <span class='ocrx_word' id='word_1_724' title='bbox 1157 4925 1237 4968; x_wconf 89' lang='lat' dir='ltr'><strong>est</strong></span> <span class='ocrx_word' id='word_1_725' title='bbox 1266 4917 1526 4968; x_wconf 88' lang='lat' dir='ltr'><strong>sententia</strong></span> <span class='ocrx_word' id='word_1_726' title='bbox 1559 4933 1607 4970; x_wconf 92' lang='lat' dir='ltr'><strong>c.</strong></span> <span class='ocrx_word' id='word_1_727' title='bbox 1635 4931 1744 4977; x_wconf 70' lang='grc' dir='ltr'>ειν,</span> <span class='ocrx_word' id='word_1_728' title='bbox 1779 4933 1828 4969; x_wconf 90' lang='lat' dir='ltr'><strong>v.</strong></span> <span class='ocrx_word' id='word_1_729' title='bbox 1858 4918 1906 4979; x_wconf 83' lang='lat' dir='ltr'><strong>l,</strong></span> <span class='ocrx_word' id='word_1_730' title='bbox 1935 4915 2183 4985; x_wconf 81' lang='lat' dir='ltr'><strong>quamvis</strong></span> <span class='ocrx_word' id='word_1_731' title='bbox 2212 4915 2312 4970; x_wconf 74' lang='lat' dir='ltr'><strong>Sa-</strong></span> 
     </span>
    </p>
   </div>
   <div class='ocr_carea' id='block_1_95' title="bbox 745 4983 2311 5040">
    <p class='ocr_par' dir='ltr' id='par_1_95' title="bbox 745 4983 2311 5040">
     <span class='ocr_line' id='line_1_96' title="bbox 745 4983 2311 5040; baseline 0.005 -8"><span class='ocrx_word' id='word_1_732' title='bbox 745 4983 938 5034; x_wconf 87' lang='lat' dir='ltr'><strong>lomoni</strong></span> <span class='ocrx_word' id='word_1_733' title='bbox 970 4983 1034 5035; x_wconf 86' lang='lat' dir='ltr'><strong>ab</strong></span> <span class='ocrx_word' id='word_1_734' title='bbox 1054 4983 1450 5036; x_wconf 88' lang='lat' dir='ltr'><strong>aliistribuatur</strong></span> <span class='ocrx_word' id='word_1_735' title='bbox 1471 5000 1483 5035; x_wconf 94' lang='lat'><strong>:</strong></span> <span class='ocrx_word' id='word_1_736' title='bbox 1502 4995 1556 5036; x_wconf 90' lang='lat' dir='ltr'><strong>ut</strong></span> <span class='ocrx_word' id='word_1_737' title='bbox 1575 4988 1811 5038; x_wconf 89' lang='lat' dir='ltr'><strong>incertus</strong></span> <span class='ocrx_word' id='word_1_738' title='bbox 1829 4983 2162 5040; x_wconf 26' lang='lat' dir='ltr'><strong>iacit‘auctor</strong></span> <span class='ocrx_word' id='word_1_739' title='bbox 2191 4986 2311 5040; x_wconf 75' lang='grc' dir='ltr'><strong>Ἀν-</strong></span> 
     </span>
    </p>
   </div>
   <div class='ocr_carea' id='block_1_96' title="bbox 745 5051 2306 5121">
    <p class='ocr_par' dir='ltr' id='par_1_96' title="bbox 745 5051 2306 5121">
     <span class='ocr_line' id='line_1_97' title="bbox 745 5051 2306 5121; baseline 0.004 -20"><span class='ocrx_word' id='word_1_740' title='bbox 745 5051 1084 5116; x_wconf 77' lang='grc' dir='ltr'>τικειμένων</span> <span class='ocrx_word' id='word_1_741' title='bbox 1147 5068 1183 5104; x_wconf 91' lang='grc' dir='ltr'><strong>ι.</strong></span> <span class='ocrx_word' id='word_1_742' title='bbox 1240 5052 1514 5117; x_wconf 85' lang='lat' dir='ltr'><strong>Quomodo</strong></span> <span class='ocrx_word' id='word_1_743' title='bbox 1566 5054 1815 5107; x_wconf 87' lang='lat' dir='ltr'><strong>Salomon</strong></span> <span class='ocrx_word' id='word_1_744' title='bbox 1872 5056 2035 5121; x_wconf 83' lang='lat' dir='ltr'><strong>dicat,</strong></span> <span class='ocrx_word' id='word_1_745' title='bbox 2091 5055 2306 5120; x_wconf 79' lang='lat' dir='ltr'><strong>Beatus,</strong></span> 
     </span>
    </p>
   </div>
   <div class='ocr_carea' id='block_1_97' title="bbox 741 5121 2304 5188">
    <p class='ocr_par' dir='ltr' id='par_1_97' title="bbox 741 5121 2304 5188">
     <span class='ocr_line' id='line_1_98' title="bbox 741 5121 2304 5188; baseline 0.006 -18"><span class='ocrx_word' id='word_1_746' title='bbox 741 5121 829 5183; x_wconf 83' lang='lat' dir='ltr'><strong>qui</strong></span> <span class='ocrx_word' id='word_1_747' title='bbox 861 5135 960 5170; x_wconf 87' lang='lat' dir='ltr'><strong>non</strong></span> <span class='ocrx_word' id='word_1_748' title='bbox 1007 5130 1079 5172; x_wconf 84' lang='lat' dir='ltr'><strong>est</strong></span> <span class='ocrx_word' id='word_1_749' title='bbox 1115 5132 1446 5186; x_wconf 85' lang='lat' dir='ltr'><strong>compunctus</strong></span> <span class='ocrx_word' id='word_1_750' title='bbox 1508 5123 1726 5174; x_wconf 79' lang='lat' dir='ltr'><strong>tristitia</strong></span> <span class='ocrx_word' id='word_1_751' title='bbox 1761 5124 1956 5188; x_wconf 82' lang='lat' dir='ltr'><strong>delicti,</strong></span> <span class='ocrx_word' id='word_1_752' title='bbox 1993 5139 2112 5178; x_wconf 89' lang='lat' dir='ltr'><strong>cum</strong></span> <span class='ocrx_word' id='word_1_753' title='bbox 2145 5122 2304 5178; x_wconf 81' lang='lat' dir='ltr'><strong>Jaco-</strong></span> 
     </span>
    </p>
   </div>
   <div class='ocr_carea' id='block_1_98' title="bbox 744 5188 2302 5260">
    <p class='ocr_par' dir='ltr' id='par_1_98' title="bbox 744 5188 2302 5260">
     <span class='ocr_line' id='line_1_99' title="bbox 744 5188 2302 5260; baseline 0.004 -20"><span class='ocrx_word' id='word_1_754' title='bbox 744 5189 841 5240; x_wconf 89' lang='lat' dir='ltr'><strong>bus</strong></span> <span class='ocrx_word' id='word_1_755' title='bbox 872 5190 1187 5260; x_wconf 61' lang='lat' dir='ltr'><strong>praecipiat:</strong></span> <span class='ocrx_word' id='word_1_756' title='bbox 1224 5188 1400 5242; x_wconf 73' lang='lat' dir='ltr'><strong>Miseri</strong></span> <span class='ocrx_word' id='word_1_757' title='bbox 1444 5200 1624 5250; x_wconf 82' lang='lat' dir='ltr'><strong>estote.</strong></span> <span class='ocrx_word' id='word_1_758' title='bbox 1659 5201 1705 5242; x_wconf 85' lang='lat' dir='ltr'><strong>et</strong></span> <span class='ocrx_word' id='word_1_759' title='bbox 1738 5190 1924 5260; x_wconf 78' lang='lat' dir='ltr'><strong>lugete,</strong></span> <span class='ocrx_word' id='word_1_760' title='bbox 1959 5203 2005 5244; x_wconf 87' lang='lat' dir='ltr'><strong>et</strong></span> <span class='ocrx_word' id='word_1_761' title='bbox 2055 5193 2302 5260; x_wconf 71' lang='lat' dir='ltr'><strong>plorata;</strong></span> 
     </span>
    </p>
   </div>
   <div class='ocr_carea' id='block_1_99' title="bbox 747 5255 2298 5328">
    <p class='ocr_par' dir='ltr' id='par_1_99' title="bbox 747 5255 2298 5328">
     <span class='ocr_line' id='line_1_100' title="bbox 747 5255 2298 5328; baseline 0.005 -20"><span class='ocrx_word' id='word_1_762' title='bbox 747 5261 1077 5328; x_wconf 83' lang='lat' dir='ltr'><strong>respondet:</strong></span> <span class='ocrx_word' id='word_1_763' title='bbox 1119 5255 1337 5328; x_wconf 87' lang='lat' dir='ltr'><strong>Beatum</strong></span> <span class='ocrx_word' id='word_1_764' title='bbox 1387 5261 1569 5327; x_wconf 88' lang='lat' dir='ltr'><strong>utique</strong></span> <span class='ocrx_word' id='word_1_765' title='bbox 1602 5260 1747 5311; x_wconf 89' lang='lat' dir='ltr'><strong>illum</strong></span> <span class='ocrx_word' id='word_1_766' title='bbox 1795 5255 1928 5313; x_wconf 75' lang='lat' dir='ltr'><strong>dicit</strong></span> <span class='ocrx_word' id='word_1_767' title='bbox 1971 5255 2065 5328; x_wconf 79' lang='lat' dir='ltr'><strong>qui</strong></span> <span class='ocrx_word' id='word_1_768' title='bbox 2095 5255 2298 5315; x_wconf 80' lang='lat' dir='ltr'><strong>nullum</strong></span> 
     </span>
    </p>
   </div>
   <div class='ocr_carea' id='block_1_100' title="bbox 744 5325 2306 5398">
    <p class='ocr_par' dir='ltr' id='par_1_100' title="bbox 744 5325 2306 5398">
     <span class='ocr_line' id='line_1_101' title="bbox 744 5325 2306 5398; baseline 0.006 -23"><span class='ocrx_word' id='word_1_769' title='bbox 744 5326 918 5398; x_wconf 69' lang='lat' dir='ltr'><strong>attigit</strong></span> <span class='ocrx_word' id='word_1_770' title='bbox 953 5325 1222 5398; x_wconf 84' lang='lat' dir='ltr'><strong>delictum,</strong></span> <span class='ocrx_word' id='word_1_771' title='bbox 1255 5327 1405 5394; x_wconf 88' lang='lat' dir='ltr'><strong>cujus</strong></span> <span class='ocrx_word' id='word_1_772' title='bbox 1437 5325 1608 5380; x_wconf 82' lang='lat' dir='ltr'><strong>delicti</strong></span> <span class='ocrx_word' id='word_1_773' title='bbox 1662 5329 1870 5381; x_wconf 88' lang='lat' dir='ltr'><strong>tristitia</strong></span> <span class='ocrx_word' id='word_1_774' title='bbox 1922 5325 2306 5398; x_wconf 86' lang='lat' dir='ltr'><strong>coinpungere-</strong></span> 
     </span>
    </p>
   </div>
   <div class='ocr_carea' id='block_1_101' title="bbox 747 5393 2303 5461">
    <p class='ocr_par' dir='ltr' id='par_1_101' title="bbox 747 5393 2303 5461">
     <span class='ocr_line' id='line_1_102' title="bbox 747 5393 2303 5461; baseline 0.005 -17"><span class='ocrx_word' id='word_1_775' title='bbox 747 5403 850 5445; x_wconf 89' lang='lat' dir='ltr'><strong>tur.</strong></span> <span class='ocrx_word' id='word_1_776' title='bbox 878 5393 1057 5461; x_wconf 73' lang='lat' dir='ltr'><strong>Potest</strong></span> <span class='ocrx_word' id='word_1_777' title='bbox 1089 5397 1222 5458; x_wconf 86' lang='lat' dir='ltr'><strong>lieri,</strong></span> <span class='ocrx_word' id='word_1_778' title='bbox 1256 5393 1580 5448; x_wconf 88' lang='lat' dir='ltr'><strong>utnonnulli</strong></span> <span class='ocrx_word' id='word_1_779' title='bbox 1617 5399 1770 5450; x_wconf 85' lang='lat' dir='ltr'><strong>beate</strong></span> <span class='ocrx_word' id='word_1_780' title='bbox 1792 5399 2033 5451; x_wconf 80' lang='lat' dir='ltr'><strong>viventes</strong></span> <span class='ocrx_word' id='word_1_781' title='bbox 2050 5393 2180 5450; x_wconf 51' lang='lat' dir='ltr'><strong>&#39;nou&#39;</strong></span> <span class='ocrx_word' id='word_1_782' title='bbox 2206 5401 2303 5452; x_wconf 90' lang='lat' dir='ltr'><strong>tri-</strong></span> 
     </span>
    </p>
   </div>
   <div class='ocr_carea' id='block_1_102' title="bbox 746 5462 2301 5583">
    <p class='ocr_par' dir='ltr' id='par_1_102' title="bbox 746 5462 2301 5583">
     <span class='ocr_line' id='line_1_103' title="bbox 746 5462 2301 5583; baseline 0.005 -69"><span class='ocrx_word' id='word_1_783' title='bbox 746 5464 886 5514; x_wconf 78' lang='lat' dir='ltr'><strong>stitia</strong></span> <span class='ocrx_word' id='word_1_784' title='bbox 911 5462 1253 5583; x_wconf 56' lang='lat' dir='ltr'><strong>ﬂagitiorum,</strong></span> <span class='ocrx_word' id='word_1_785' title='bbox 1286 5467 1376 5516; x_wconf 89' lang='lat' dir='ltr'><strong>sed</strong></span> <span class='ocrx_word' id='word_1_786' title='bbox 1403 5475 1722 5517; x_wconf 72' lang='lat' dir='ltr'><strong>aeternorum</strong></span> <span class='ocrx_word' id='word_1_787' title='bbox 1753 5466 2017 5521; x_wconf 87' lang='lat' dir='ltr'><strong>desiderio</strong></span> <span class='ocrx_word' id='word_1_788' title='bbox 2040 5480 2268 5535; x_wconf 90' lang='lat' dir='ltr'><strong>compun</strong></span> <span class='ocrx_word' id='word_1_789' title='bbox 2288 5497 2301 5509; x_wconf 86' lang='lat'><strong>-</strong></span> 
     </span>
     <span class='ocr_line' id='line_1_104' title="bbox 747 5532 2301 5583; baseline 0 0"><span class='ocrx_word' id='word_1_790' title='bbox 747 5540 957 5583; x_wconf 65' lang='lat' dir='ltr'><strong>ﬁtentur.</strong></span> <span class='ocrx_word' id='word_1_791' title='bbox 1018 5533 1099 5583; x_wconf 83' lang='lat' dir='ltr'><strong>Inc</strong></span> <span class='ocrx_word' id='word_1_792' title='bbox 1133 5544 1312 5583; x_wconf 84' lang='lat' dir='ltr'><strong>autem</strong></span> <span class='ocrx_word' id='word_1_793' title='bbox 1359 5536 1497 5583; x_wconf 80' lang='lat' dir='ltr'><strong>mind</strong></span> <span class='ocrx_word' id='word_1_794' title='bbox 1531 5532 1760 5583; x_wconf 84' lang='lat' dir='ltr'><strong>Jacobus</strong></span> <span class='ocrx_word' id='word_1_795' title='bbox 1787 5536 2071 5583; x_wconf 68' lang='lat' dir='ltr'><strong>lugendum</strong></span> <span class='ocrx_word' id='word_1_796' title='bbox 2109 5545 2161 5583; x_wconf 85' lang='lat' dir='ltr'><strong>et</strong></span> <span class='ocrx_word' id='word_1_797' title='bbox 2192 5537 2301 5583; x_wconf 82' lang='lat' dir='ltr'><strong>nlo-</strong></span> 
     </span>
    </p>
   </div>
   <div class='ocr_carea' id='block_1_103' title="bbox 747 5532 2304 5603">
    <p class='ocr_par' dir='ltr' id='par_1_103' title="bbox 747 5532 2304 5603">
     <span class='ocr_line' id='line_1_105' title="bbox 747 5532 2304 5603; baseline 0.004 -21"><span class='ocrx_word' id='word_1_798' title='bbox 747 5540 957 5603; x_wconf 82' lang='lat' dir='ltr'><strong>gantur.</strong></span> <span class='ocrx_word' id='word_1_799' title='bbox 994 5532 1099 5585; x_wconf 82' lang='lat' dir='ltr'><strong>iluc</strong></span> <span class='ocrx_word' id='word_1_800' title='bbox 1133 5544 1312 5585; x_wconf 84' lang='lat' dir='ltr'><strong>autem</strong></span> <span class='ocrx_word' id='word_1_801' title='bbox 1359 5536 1497 5601; x_wconf 85' lang='lat' dir='ltr'><strong>quod</strong></span> <span class='ocrx_word' id='word_1_802' title='bbox 1531 5532 1760 5588; x_wconf 85' lang='lat' dir='ltr'><strong>Jacobus</strong></span> <span class='ocrx_word' id='word_1_803' title='bbox 1787 5536 2071 5603; x_wconf 86' lang='lat' dir='ltr'><strong>lugendum</strong></span> <span class='ocrx_word' id='word_1_804' title='bbox 2109 5532 2304 5603; x_wconf 55' lang='lat' dir='ltr'><strong>et&#39;plo-</strong></span> 
     </span>
    </p>
   </div>
   <div class='ocr_carea' id='block_1_104' title="bbox 749 5602 2302 5671">
    <p class='ocr_par' dir='ltr' id='par_1_104' title="bbox 749 5602 2302 5671">
     <span class='ocr_line' id='line_1_106' title="bbox 749 5602 2302 5671; baseline 0.004 -20"><span class='ocrx_word' id='word_1_805' title='bbox 749 5602 968 5671; x_wconf 75' lang='lat' dir='ltr'><strong>randum</strong></span> <span class='ocrx_word' id='word_1_806' title='bbox 1021 5605 1289 5667; x_wconf 71' lang='lat' dir='ltr'><strong>praet-epit.</strong></span> <span class='ocrx_word' id='word_1_807' title='bbox 1346 5605 1394 5654; x_wconf 91' lang='lat' dir='ltr'><strong>iu</strong></span> <span class='ocrx_word' id='word_1_808' title='bbox 1445 5613 1727 5671; x_wconf 83' lang='lat' dir='ltr'><strong>utrumque</strong></span> <span class='ocrx_word' id='word_1_809' title='bbox 1772 5602 1937 5671; x_wconf 79' lang='lat' dir='ltr'><strong>accipi</strong></span> <span class='ocrx_word' id='word_1_810' title='bbox 1980 5602 2302 5670; x_wconf 32' lang='lat' dir='ltr'><strong>potest,’seu</strong></span> 
     </span>
    </p>
   </div>
   <div class='ocr_carea' id='block_1_105' title="bbox 749 5667 2304 5739">
    <p class='ocr_par' dir='ltr' id='par_1_105' title="bbox 749 5667 2304 5739">
     <span class='ocr_line' id='line_1_107' title="bbox 749 5667 2304 5739; baseline 0.003 -20"><span class='ocrx_word' id='word_1_811' title='bbox 749 5669 800 5739; x_wconf 79' lang='lat' dir='ltr'><strong>in</strong></span> <span class='ocrx_word' id='word_1_812' title='bbox 845 5667 924 5721; x_wconf 88' lang='lat' dir='ltr'><strong>bis</strong></span> <span class='ocrx_word' id='word_1_813' title='bbox 955 5672 1040 5735; x_wconf 83' lang='lat' dir='ltr'><strong>qui</strong></span> <span class='ocrx_word' id='word_1_814' title='bbox 1076 5673 1210 5722; x_wconf 81' lang='lat' dir='ltr'><strong>mala</strong></span> <span class='ocrx_word' id='word_1_815' title='bbox 1252 5686 1343 5723; x_wconf 88' lang='lat' dir='ltr'><strong>sua</strong></span> <span class='ocrx_word' id='word_1_816' title='bbox 1378 5667 1678 5739; x_wconf 76' lang='lat' dir='ltr'><strong>deplorant,</strong></span> <span class='ocrx_word' id='word_1_817' title='bbox 1720 5687 1812 5725; x_wconf 90' lang='lat' dir='ltr'><strong>seu</strong></span> <span class='ocrx_word' id='word_1_818' title='bbox 1853 5667 1903 5725; x_wconf 78' lang='lat' dir='ltr'><strong>in</strong></span> <span class='ocrx_word' id='word_1_819' title='bbox 1937 5667 2061 5730; x_wconf 81' lang='lat' dir='ltr'><strong>illis.</strong></span> <span class='ocrx_word' id='word_1_820' title='bbox 2095 5673 2184 5739; x_wconf 91' lang='lat' dir='ltr'><strong>qui</strong></span> <span class='ocrx_word' id='word_1_821' title='bbox 2215 5688 2304 5729; x_wconf 85' lang='lat' dir='ltr'><strong>so-</strong></span> 
     </span>
    </p>
   </div>
   <div class='ocr_carea' id='block_1_106' title="bbox 744 5736 2158 5811">
    <p class='ocr_par' dir='ltr' id='par_1_106' title="bbox 744 5736 2158 5811">
     <span class='ocr_line' id='line_1_108' title="bbox 744 5736 2158 5811; baseline 0.004 -23"><span class='ocrx_word' id='word_1_822' title='bbox 744 5736 858 5790; x_wconf 84' lang='lat' dir='ltr'><strong>ium</strong></span> <span class='ocrx_word' id='word_1_823' title='bbox 890 5740 952 5792; x_wconf 87' lang='lat' dir='ltr'><strong>de</strong></span> <span class='ocrx_word' id='word_1_824' title='bbox 983 5740 1218 5793; x_wconf 67' lang='lat' dir='ltr'><strong>cwiestis</strong></span> <span class='ocrx_word' id='word_1_825' title='bbox 1243 5736 1628 5808; x_wconf 58' lang='lat' dir='ltr'><strong>patrieamore</strong></span> <span class='ocrx_word' id='word_1_826' title='bbox 1676 5742 1962 5811; x_wconf 87' lang='lat' dir='ltr'><strong>suspirant.</strong></span> <span class='ocrx_word' id='word_1_827' title='bbox 1999 5736 2158 5794; x_wconf 67' lang='lat' dir='ltr'><strong>nm.</strong></span> 
     </span>
    </p>
   </div>
   <div class='ocr_carea' id='block_1_107' title="bbox 2474 4710 3964 4790">
    <p class='ocr_par' dir='ltr' id='par_1_107' title="bbox 2474 4710 3964 4790">
     <span class='ocr_line' id='line_1_109' title="bbox 2474 4710 3964 4790; baseline 0.008 -26"><span class='ocrx_word' id='word_1_828' title='bbox 2620 4710 2732 4790; x_wconf 59' lang='lat' dir='ltr'><strong>V9;</strong></span> <span class='ocrx_word' id='word_1_829' title='bbox 2777 4713 2876 4790; x_wconf 65' lang='grc' dir='ltr'><strong>μὴΔ</strong></span> <span class='ocrx_word' id='word_1_830' title='bbox 2901 4715 3224 4790; x_wconf 78' lang='lat' dir='ltr'><strong>additur_es</strong></span> <span class='ocrx_word' id='word_1_831' title='bbox 3271 4719 3388 4770; x_wconf 86' lang='lat' dir='ltr'><strong>cod.</strong></span> <span class='ocrx_word' id='word_1_832' title='bbox 3425 4716 3570 4786; x_wconf 61' lang='lat' dir='ltr'><strong>Vah,</strong></span> <span class='ocrx_word' id='word_1_833' title='bbox 3603 4736 3761 4790; x_wconf 80' lang='lat' dir='ltr'><strong>quam</strong></span> <span class='ocrx_word' id='word_1_834' title='bbox 3808 4735 3964 4778; x_wconf 79' lang='lat' dir='ltr'><strong>etiam</strong></span> 
     </span>
    </p>
   </div>
   <div class='ocr_carea' id='block_1_108' title="bbox 2407 4781 3267 4848">
    <p class='ocr_par' dir='ltr' id='par_1_108' title="bbox 2407 4781 3267 4848">
     <span class='ocr_line' id='line_1_110' title="bbox 2407 4781 3267 4848; baseline 0.002 -12"><span class='ocrx_word' id='word_1_835' title='bbox 2407 4783 2620 4848; x_wconf 72' lang='lat' dir='ltr'><strong>coniicit</strong></span> <span class='ocrx_word' id='word_1_836' title='bbox 2653 4781 3070 4838; x_wconf 77' lang='lat' dir='ltr'><strong>Rittersbusius.</strong></span> <span class='ocrx_word' id='word_1_837' title='bbox 3113 4784 3267 4839; x_wconf 82' lang='lat' dir='ltr'><strong>Em&#39;r.</strong></span> 
     </span>
    </p>
   </div>
   <div class='ocr_carea' id='block_1_109' title="bbox 2476 4852 3968 4931">
    <p class='ocr_par' dir='ltr' id='par_1_109' title="bbox 2476 4852 3968 4931">
     <span class='ocr_line' id='line_1_111' title="bbox 2476 4852 3968 4931; baseline 0.007 -26"><span class='ocrx_word' id='word_1_838' title='bbox 2476 4853 2586 4918; x_wconf 66' lang='grc'><strong>(56)</strong></span> <span class='ocrx_word' id='word_1_839' title='bbox 2622 4855 2704 4931; x_wconf 60' lang='grc' dir='ltr'><strong>ρῚύ</strong></span> <span class='ocrx_word' id='word_1_840' title='bbox 2725 4852 3226 4931; x_wconf 40' lang='grc' dir='ltr'>τὸν-λυπηθέντα,</span> <span class='ocrx_word' id='word_1_841' title='bbox 3249 4855 3408 4931; x_wconf 58' lang='lat' dir='ltr'><strong>me</strong></span> <span class='ocrx_word' id='word_1_842' title='bbox 3429 4855 3516 4931; x_wconf 72' lang='grc' dir='ltr'>μὴ</span> <span class='ocrx_word' id='word_1_843' title='bbox 3538 4858 3644 4911; x_wconf 77' lang='grc' dir='ltr'><strong>τὸν</strong></span> <span class='ocrx_word' id='word_1_844' title='bbox 3669 4867 3968 4931; x_wconf 68' lang='grc' dir='ltr'>κατακλη-</span> 
     </span>
    </p>
   </div>
   <div class='ocr_carea' id='block_1_110' title="bbox 2406 4921 3967 4995">
    <p class='ocr_par' dir='ltr' id='par_1_110' title="bbox 2406 4921 3967 4995">
     <span class='ocr_line' id='line_1_112' title="bbox 2406 4921 3967 4995; baseline 0.009 -23"><span class='ocrx_word' id='word_1_845' title='bbox 2406 4922 2600 4995; x_wconf 55' lang='lat' dir='ltr'><strong>Terra.</strong></span> <span class='ocrx_word' id='word_1_846' title='bbox 2639 4921 2814 4995; x_wconf 39' lang='lat' dir='ltr'><strong>ForteA</strong></span> <span class='ocrx_word' id='word_1_847' title='bbox 2832 4922 3123 4995; x_wconf 73' lang='lat' dir='ltr'><strong>legendum</strong></span> <span class='ocrx_word' id='word_1_848' title='bbox 3166 4924 3227 4974; x_wconf 89' lang='grc' dir='ltr'><strong>ού</strong></span> <span class='ocrx_word' id='word_1_849' title='bbox 3271 4925 3361 4976; x_wconf 84' lang='grc' dir='ltr'>τὸν</span> <span class='ocrx_word' id='word_1_850' title='bbox 3395 4921 3469 4995; x_wconf 62' lang='grc' dir='ltr'><strong>μὴ</strong></span> <span class='ocrx_word' id='word_1_851' title='bbox 3501 4921 3660 4994; x_wconf 86' lang='grc' dir='ltr'>λυπ.,</span> <span class='ocrx_word' id='word_1_852' title='bbox 3701 4930 3836 4982; x_wconf 88' lang='grc' dir='ltr'><strong>ἀλλά</strong></span> <span class='ocrx_word' id='word_1_853' title='bbox 3881 4921 3967 4986; x_wconf 66' lang='grc' dir='ltr'><strong>τόν</strong></span> 
     </span>
    </p>
   </div>
   <div class='ocr_carea' id='block_1_111' title="bbox 2411 4989 3971 5062">
    <p class='ocr_par' dir='ltr' id='par_1_111' title="bbox 2411 4989 3971 5062">
     <span class='ocr_line' id='line_1_113' title="bbox 2411 4989 3971 5062; baseline 0.008 -21"><span class='ocrx_word' id='word_1_854' title='bbox 2411 4989 2485 5059; x_wconf 86' lang='grc' dir='ltr'>μὴ</span> <span class='ocrx_word' id='word_1_855' title='bbox 2512 4990 2755 5062; x_wconf 59' lang='grc' dir='ltr'>καταπλ.</span> <span class='ocrx_word' id='word_1_856' title='bbox 2782 4989 3123 5044; x_wconf 81' lang='lat' dir='ltr'><strong>Observauda</strong></span> <span class='ocrx_word' id='word_1_857' title='bbox 3168 5003 3253 5046; x_wconf 87' lang='lat' dir='ltr'><strong>est</strong></span> <span class='ocrx_word' id='word_1_858' title='bbox 3288 5011 3351 5047; x_wconf 81' lang='lat' dir='ltr'><strong>ex</strong></span> <span class='ocrx_word' id='word_1_859' title='bbox 3395 4989 3503 5049; x_wconf 73' lang='lat' dir='ltr'><strong>hac</strong></span> <span class='ocrx_word' id='word_1_860' title='bbox 3541 4989 3698 5062; x_wconf 76' lang='lat' dir='ltr'><strong>epist.</strong></span> <span class='ocrx_word' id='word_1_861' title='bbox 3743 5000 3971 5062; x_wconf 78' lang='lat' dir='ltr'><strong>insignis</strong></span> 
     </span>
    </p>
   </div>
   <div class='ocr_carea' id='block_1_112' title="bbox 2410 5060 3960 5134">
    <p class='ocr_par' dir='ltr' id='par_1_112' title="bbox 2410 5060 3960 5134">
     <span class='ocr_line' id='line_1_114' title="bbox 2410 5060 3960 5134; baseline 0.001 -22"><span class='ocrx_word' id='word_1_862' title='bbox 2410 5060 2798 5134; x_wconf 79' lang='lat' dir='ltr'><strong>sententia,_i_n</strong></span> <span class='ocrx_word' id='word_1_863' title='bbox 2849 5062 3291 5134; x_wconf 72' lang='lat' dir='ltr'><strong>interpretatione</strong></span> <span class='ocrx_word' id='word_1_864' title='bbox 3338 5077 3503 5134; x_wconf 68' lang='lat' dir='ltr'><strong>sacra:</strong></span> <span class='ocrx_word' id='word_1_865' title='bbox 3545 5060 3834 5134; x_wconf 73' lang='lat' dir='ltr'><strong>Scriptura:</strong></span> <span class='ocrx_word' id='word_1_866' title='bbox 3872 5060 3960 5117; x_wconf 35' lang='lat' dir='ltr'><strong>&#39;at-</strong></span> 
     </span>
    </p>
   </div>
   <div class='ocr_carea' id='block_1_113' title="bbox 2410 5129 3968 5205">
    <p class='ocr_par' dir='ltr' id='par_1_113' title="bbox 2410 5129 3968 5205">
     <span class='ocr_line' id='line_1_115' title="bbox 2410 5129 3968 5205; baseline 0.004 -25"><span class='ocrx_word' id='word_1_867' title='bbox 2410 5130 2552 5205; x_wconf 80' lang='lat' dir='ltr'><strong>tendi</strong></span> <span class='ocrx_word' id='word_1_868' title='bbox 2576 5142 2608 5205; x_wconf 83' lang='lat' dir='ltr'><strong>a_</strong></span> <span class='ocrx_word' id='word_1_869' title='bbox 2653 5129 2804 5205; x_wconf 65' lang='lat' dir='ltr'><strong>nobis</strong></span> <span class='ocrx_word' id='word_1_870' title='bbox 2837 5129 3202 5205; x_wconf 63' lang='lat' dir='ltr'><strong>debere__robc_</strong></span> <span class='ocrx_word' id='word_1_871' title='bbox 3220 5131 3498 5205; x_wconf 70' lang='grc' dir='ltr'>τῆςίερᾶς</span> <span class='ocrx_word' id='word_1_872' title='bbox 3529 5129 3748 5205; x_wconf 73' lang='grc' dir='ltr'>Γραιρῆς</span> <span class='ocrx_word' id='word_1_873' title='bbox 3776 5137 3968 5204; x_wconf 86' lang='grc' dir='ltr'>νόμους</span> 
     </span>
    </p>
   </div>
   <div class='ocr_carea' id='block_1_114' title="bbox 2409 5196 3968 5265">
    <p class='ocr_par' dir='ltr' id='par_1_114' title="bbox 2409 5196 3968 5265">
     <span class='ocr_line' id='line_1_116' title="bbox 2409 5196 3968 5265; baseline 0.006 -18"><span class='ocrx_word' id='word_1_874' title='bbox 2409 5196 2505 5265; x_wconf 74' lang='grc' dir='ltr'>καὶ</span> <span class='ocrx_word' id='word_1_875' title='bbox 2555 5196 2622 5248; x_wconf 82' lang='grc' dir='ltr'><strong>τά</strong></span> <span class='ocrx_word' id='word_1_876' title='bbox 2681 5197 2962 5265; x_wconf 82' lang='grc' dir='ltr'>ἰδιώματα.</span> <span class='ocrx_word' id='word_1_877' title='bbox 3021 5197 3110 5251; x_wconf 83' lang='lat' dir='ltr'><strong>Sic</strong></span> <span class='ocrx_word' id='word_1_878' title='bbox 3169 5198 3226 5252; x_wconf 87' lang='grc' dir='ltr'><strong>Β.</strong></span> <span class='ocrx_word' id='word_1_879' title='bbox 3276 5196 3522 5257; x_wconf 72' lang='grc' dir='ltr'>ἸΙίΙ.ι’1’ἰιιε</span> <span class='ocrx_word' id='word_1_880' title='bbox 3574 5196 3674 5257; x_wconf 62' lang='grc' dir='ltr'><strong>Ἰἰιιζ</strong></span> <span class='ocrx_word' id='word_1_881' title='bbox 3706 5196 3850 5258; x_wconf 61' lang='grc' dir='ltr'>ἰιιι’</span> <span class='ocrx_word' id='word_1_882' title='bbox 3897 5196 3968 5257; x_wconf 70' lang='lat' dir='ltr'><strong>Ds</strong></span> 
     </span>
    </p>
   </div>
   <div class='ocr_carea' id='block_1_115' title="bbox 2412 5264 3966 5327">
    <p class='ocr_par' dir='ltr' id='par_1_115' title="bbox 2412 5264 3966 5327">
     <span class='ocr_line' id='line_1_117' title="bbox 2412 5264 3966 5327; baseline 0.005 -10"><span class='ocrx_word' id='word_1_883' title='bbox 2412 5264 2600 5318; x_wconf 72' lang='lat' dir='ltr'><strong>Triuia.</strong></span> <span class='ocrx_word' id='word_1_884' title='bbox 2629 5282 2648 5320; x_wconf 89' lang='lat'><strong>:</strong></span> <span class='ocrx_word' id='word_1_885' title='bbox 2691 5284 2708 5315; x_wconf 85' lang='grc' dir='ltr'><strong>ι</strong></span> <span class='ocrx_word' id='word_1_886' title='bbox 2746 5264 2859 5318; x_wconf 68' lang='lat' dir='ltr'><strong>Neu</strong></span> <span class='ocrx_word' id='word_1_887' title='bbox 2893 5275 2977 5320; x_wconf 89' lang='lat' dir='ltr'><strong>est</strong></span> <span class='ocrx_word' id='word_1_888' title='bbox 3018 5268 3250 5320; x_wconf 85' lang='lat' dir='ltr'><strong>humano</strong></span> <span class='ocrx_word' id='word_1_889' title='bbox 3282 5280 3373 5322; x_wconf 90' lang='lat' dir='ltr'><strong>aut</strong></span> <span class='ocrx_word' id='word_1_890' title='bbox 3403 5273 3581 5326; x_wconf 62' lang='grc' dir='ltr'>δαίουιί</span> <span class='ocrx_word' id='word_1_891' title='bbox 3610 5288 3768 5326; x_wconf 89' lang='lat' dir='ltr'><strong>sensu</strong></span> <span class='ocrx_word' id='word_1_892' title='bbox 3805 5277 3855 5326; x_wconf 88' lang='lat' dir='ltr'><strong>in</strong></span> <span class='ocrx_word' id='word_1_893' title='bbox 3882 5274 3966 5327; x_wconf 79' lang='lat' dir='ltr'><strong>Dei</strong></span> 
     </span>
    </p>
   </div>
   <div class='ocr_carea' id='block_1_116' title="bbox 2405 5334 3968 5407">
    <p class='ocr_par' dir='ltr' id='par_1_116' title="bbox 2405 5334 3968 5407">
     <span class='ocr_line' id='line_1_118' title="bbox 2405 5334 3968 5407; baseline 0.006 -23"><span class='ocrx_word' id='word_1_894' title='bbox 2405 5335 2564 5388; x_wconf 84' lang='lat' dir='ltr'><strong>rebus</strong></span> <span class='ocrx_word' id='word_1_895' title='bbox 2598 5334 2939 5407; x_wconf 81' lang='lat' dir='ltr'><strong>loquendum,</strong></span> <span class='ocrx_word' id='word_1_896' title='bbox 2994 5351 3163 5407; x_wconf 83' lang='lat' dir='ltr'><strong>neque</strong></span> <span class='ocrx_word' id='word_1_897' title='bbox 3197 5353 3291 5406; x_wconf 89' lang='lat' dir='ltr'><strong>per</strong></span> <span class='ocrx_word' id='word_1_898' title='bbox 3339 5341 3620 5394; x_wconf 82' lang='lat' dir='ltr'><strong>violentam</strong></span> <span class='ocrx_word' id='word_1_899' title='bbox 3666 5353 3823 5407; x_wconf 85' lang='lat' dir='ltr'><strong>atque</strong></span> <span class='ocrx_word' id='word_1_900' title='bbox 3874 5344 3968 5396; x_wconf 88' lang='lat' dir='ltr'><strong>itn-</strong></span> 
     </span>
    </p>
   </div>
   <div class='ocr_carea' id='block_1_117' title="bbox 2404 5406 3966 5472">
    <p class='ocr_par' dir='ltr' id='par_1_117' title="bbox 2404 5406 3966 5472">
     <span class='ocr_line' id='line_1_119' title="bbox 2404 5406 3966 5472; baseline 0.008 -19"><span class='ocrx_word' id='word_1_901' title='bbox 2404 5407 2714 5470; x_wconf 89' lang='lat' dir='ltr'><strong>prudentem</strong></span> <span class='ocrx_word' id='word_1_902' title='bbox 2759 5406 3192 5472; x_wconf 71' lang='lat' dir='ltr'><strong>prtedicationcm</strong></span> <span class='ocrx_word' id='word_1_903' title='bbox 3242 5407 3540 5463; x_wconf 77' lang='lat' dir='ltr'><strong>cteleStium</strong></span> <span class='ocrx_word' id='word_1_904' title='bbox 3576 5406 3841 5464; x_wconf 85' lang='lat' dir='ltr'><strong>dictorum</strong></span> <span class='ocrx_word' id='word_1_905' title='bbox 3879 5427 3966 5465; x_wconf 59' lang='lat' dir='ltr'><strong>sa.</strong></span> 
     </span>
    </p>
   </div>
   <div class='ocr_carea' id='block_1_118' title="bbox 2404 5473 3967 5548">
    <p class='ocr_par' dir='ltr' id='par_1_118' title="bbox 2404 5473 3967 5548">
     <span class='ocr_line' id='line_1_120' title="bbox 2404 5473 3967 5548; baseline 0.006 -25"><span class='ocrx_word' id='word_1_906' title='bbox 2404 5473 2555 5524; x_wconf 87' lang='lat' dir='ltr'><strong>uitati</strong></span> <span class='ocrx_word' id='word_1_907' title='bbox 2592 5474 2779 5548; x_wconf 79' lang='lat' dir='ltr'><strong>aliena:</strong></span> <span class='ocrx_word' id='word_1_908' title='bbox 2809 5475 3170 5548; x_wconf 74' lang='lat' dir='ltr'><strong>atqueimpia:</strong></span> <span class='ocrx_word' id='word_1_909' title='bbox 3213 5477 3576 5548; x_wconf 72' lang='lat' dir='ltr'><strong>intelligentia:</strong></span> <span class='ocrx_word' id='word_1_910' title='bbox 3601 5481 3967 5548; x_wconf 82' lang='lat' dir='ltr'><strong>extorquenda</strong></span> 
     </span>
    </p>
   </div>
   <div class='ocr_carea' id='block_1_119' title="bbox 2403 5540 3964 5614">
    <p class='ocr_par' dir='ltr' id='par_1_119' title="bbox 2403 5540 3964 5614">
     <span class='ocr_line' id='line_1_121' title="bbox 2403 5540 3964 5614; baseline 0.005 -23"><span class='ocrx_word' id='word_1_911' title='bbox 2403 5542 2727 5614; x_wconf 81' lang='lat' dir='ltr'><strong>perversitas</strong></span> <span class='ocrx_word' id='word_1_912' title='bbox 2747 5552 2848 5614; x_wconf 72' lang='lat' dir='ltr'><strong>est.</strong></span> <span class='ocrx_word' id='word_1_913' title='bbox 2883 5560 2900 5592; x_wconf 79' lang='grc' dir='ltr'><strong>ι</strong></span> <span class='ocrx_word' id='word_1_914' title='bbox 2927 5540 3187 5599; x_wconf 66' lang='grc' dir='ltr'>Ιιίθιιιιίι).</span> <span class='ocrx_word' id='word_1_915' title='bbox 3223 5561 3257 5598; x_wconf 88' lang='grc' dir='ltr'><strong>ιι</strong></span> <span class='ocrx_word' id='word_1_916' title='bbox 3291 5540 3723 5614; x_wconf 58' lang='grc' dir='ltr'>θ]ιιὲόειιιοι›ειίδ</span> <span class='ocrx_word' id='word_1_917' title='bbox 3756 5540 3824 5602; x_wconf 77' lang='grc' dir='ltr'>;ἰ</span> <span class='ocrx_word' id='word_1_918' title='bbox 3859 5551 3964 5602; x_wconf 72' lang='lat' dir='ltr'><strong>Non</strong></span> 
     </span>
    </p>
   </div>
   <div class='ocr_carea' id='block_1_120' title="bbox 2402 5610 3965 5684">
    <p class='ocr_par' dir='ltr' id='par_1_120' title="bbox 2402 5610 3965 5684">
     <span class='ocr_line' id='line_1_122' title="bbox 2402 5610 3965 5684; baseline 0.01 -23"><span class='ocrx_word' id='word_1_919' title='bbox 2402 5610 2612 5684; x_wconf 78' lang='lat' dir='ltr'><strong>est__iste</strong></span> <span class='ocrx_word' id='word_1_920' title='bbox 2643 5611 2818 5664; x_wconf 84' lang='lat' dir='ltr'><strong>saeculi</strong></span> <span class='ocrx_word' id='word_1_921' title='bbox 2859 5619 3074 5684; x_wconf 63' lang='lat' dir='ltr'><strong>sermo,</strong></span> <span class='ocrx_word' id='word_1_922' title='bbox 3107 5615 3230 5682; x_wconf 88' lang='lat' dir='ltr'><strong>quia</strong></span> <span class='ocrx_word' id='word_1_923' title='bbox 3262 5610 3334 5670; x_wconf 77' lang='lat' dir='ltr'><strong>de</strong></span> <span class='ocrx_word' id='word_1_924' title='bbox 3367 5631 3474 5684; x_wconf 86' lang='lat' dir='ltr'><strong>quo</strong></span> <span class='ocrx_word' id='word_1_925' title='bbox 3505 5610 3700 5684; x_wconf 78' lang='lat' dir='ltr'><strong>agitur,</strong></span> <span class='ocrx_word' id='word_1_926' title='bbox 3735 5633 3834 5673; x_wconf 87' lang='lat' dir='ltr'><strong>non</strong></span> <span class='ocrx_word' id='word_1_927' title='bbox 3869 5634 3965 5675; x_wconf 73' lang='lat' dir='ltr'><strong>sa:-</strong></span> 
     </span>
    </p>
   </div>
   <div class='ocr_carea' id='block_1_121' title="bbox 2403 5679 3022 5734">
    <p class='ocr_par' dir='ltr' id='par_1_121' title="bbox 2403 5679 3022 5734">
     <span class='ocr_line' id='line_1_123' title="bbox 2403 5679 3022 5734; baseline 0.006 -4"><span class='ocrx_word' id='word_1_928' title='bbox 2403 5679 2504 5730; x_wconf 87' lang='lat' dir='ltr'><strong>Cttli</strong></span> <span class='ocrx_word' id='word_1_929' title='bbox 2549 5694 2631 5732; x_wconf 87' lang='lat' dir='ltr'><strong>res</strong></span> <span class='ocrx_word' id='word_1_930' title='bbox 2659 5689 2757 5731; x_wconf 86' lang='lat' dir='ltr'><strong>est.</strong></span> <span class='ocrx_word' id='word_1_931' title='bbox 2801 5697 2818 5729; x_wconf 86' lang='grc' dir='ltr'><strong>ι</strong></span> <span class='ocrx_word' id='word_1_932' title='bbox 2858 5680 3022 5734; x_wconf 78' lang='lat' dir='ltr'><strong>Rtrr.</strong></span> 
     </span>
    </p>
   </div>
  </div>
