4164 6594
275 447 414 520 1169
1170 444 1708 507 EPISTOLARUM
1755 447 1903 506 LIB.
1944 446 2041 508 1v.
2083 471 2153 483 —
2183 445 2422 506 EPIST.
2460 443 2621 504 CIII.
3415 419 3561 507 Ἰιτο

271 556 465 626 πλατῶ
497 554 611 624 (35)
652 553 774 607 οὐδὲ
814 551 1069 624 μεταστῶ
1121 552 1203 614 είς
1244 550 1303 604 ea
1339 551 1539 622 μηκέτι
1593 552 1806 621 ὑμνεῖν.

1973 552 2082 608 rari
2107 563 2290 608 autem
2325 568 2486 608 nemo
2520 554 2701 618 debet,
2734 552 2778 608 si
2812 551 2978 608 etiam
3011 552 3063 606 in
3095 552 3297 609 bonam
3348 565 3558 624 partem

280 652 562 718 Ἐπήγαγε
581 646 690 717 γάρ
711 662 724 675 ·
766 664 784 696 ι
823 644 1029 716 Κύριος
1060 645 1087 696 ὁ
1115 642 1247 705 Θεός
1276 659 1401 712 μου,
1443 643 1524 708 εἰς
1558 641 1650 695 τὸν
1683 640 1841 696 αίῶνε

1967 646 2205 700 sumitur
2233 645 2676 715 compunctionis
2735 645 2983 700 verbum.
3025 644 3163 700 Nam
3221 645 3294 701 ibi
3339 661 3558 716 quoque

267 737 746 812 ἐξομολογήσομαί
785 753 888 790 σοι.
952 754 971 786 ι
1001 735 1111 787 Καὶ
1133 735 1181 787 oi
1211 735 1337 804 περὶ
1383 733 1650 805 Συμεῶνα
1671 734 1729 787 δὲ
1756 736 1841 788 καὶ

1963 736 2256 808 signiiiu-at,
2289 738 2632 792 vulneratum
2668 750 2790 792 esse
2811 736 2977 791 rebus
3008 737 3166 793 bonis
3200 755 3213 791 :
3243 739 3396 792 verbi
3433 754 3556 808 gra-

265 831 419 890 Λευῒ.
449 830 588 899 μετὰ
615 829 678 881 τὸ
708 825 1034 897 ὑϐρισθῆναι
1066 827 1147 889 είς
1169 827 1341 898 αὐτὴν
1371 825 1470 897 τὴν
1497 826 1841 897 σωφροσύνηι

1967 829 2063 893 tia,
2094 842 2216 881 cum
2245 829 2413 881 etiam
2441 829 2625 883 divino
2667 842 2855 883 amore
2908 826 3161 897 correpta
3213 829 3394 883 anima
3442 830 3553 884 cla-

265 923 365 991 τὴν
398 918 654 990 ἀδελφὴν,
682 915 1085 985 κατενύγησαν,
1117 916 1386 981 τουτέστι,
1410 915 1841 988 κατεπλάγησαν

1958 929 2113 974 mat:
2153 938 2172 971 ι
2224 918 2361 986 Quia
2404 919 2698 973 dilectione
2761 919 3043 974 vulnerata
3088 936 3206 974 sum
3283 935 3383 990 ego
3427 921 3493 976 ⁸³,
3530 940 3548 972 ι

265 1013 365 1066 καὶ
399 1007 838 1079 κατετρώθησαν
891 1007 996 1068 ὑπὸ
1031 1006 1198 1077 ζήλου
1219 1025 1234 1040 ο
1277 1008 1374 1060 καὶ
1395 1005 1574 1071 οὕτως
1615 1009 1694 1071 είς
1713 1009 1841 1079 άμε-

1957 1011 2256 1068 Sciendum
2282 1024 2363 1068 est
2392 1022 2597 1074 autem,
2651 1029 2758 1066 non
2812 1014 3036 1067 omnino
3089 1014 3281 1068 eadem
3331 1016 3553 1068 nomina

263 1105 494 1158 τάθετον
528 1101 798 1165 ἐξέπεσαν
838 1100 1033 1170 ὀργὴν,
1059 1100 1135 1164 ὡς
1168 1101 1265 1154 καὶ
1294 1099 1432 1170 δόλῳ
1472 1101 1534 1152 οὐ
1575 1100 1738 1170 μόνον
1763 1100 1841 1153 rbi

1954 1112 2050 1158 aut
2078 1103 2240 1159 verb
2275 1105 2529 1160 emndem
2577 1119 2797 1174 semper
2861 1105 3200 1160 intellectum
3266 1106 3538 1173 praabere.

263 1194 554 1266 ὑϐριστὴν,
600 1192 736 1247 ἀλλὰ
771 1194 869 1250 καὶ
899 1195 1081 1248 πᾶσαν
1119 1191 1285 1247 αὑτοῦ
1315 1190 1416 1263 τὴν
1459 1191 1619 1246 πόλιν
1652 1191 1841 1265 ήϐηδὸη

1955 1193 2090 1248 Nam
2117 1193 2287 1250 David
2317 1207 2537 1266 quoque
2559 1195 2734 1249 dixit:
2769 1212 2789 1248 ι
2818 1193 2893 1251 Ut
2953 1207 3140 1250 cantet
3202 1195 3300 1250 tibi
3367 1194 3539 1265 gloria

265 1287 634 1356 κατασφάξαι.

1955 1301 2101 1352 mea,
2123 1298 2300 1342 etnon
2331 1303 2668 1360 compungar
2696 1287 2768 1355 “,
2839 1290 2943 1344 hoc
2964 1299 3068 1354 est,
3108 1297 3166 1343 ut
3198 1299 3354 1359 puto,
3389 1303 3457 1342 ne
3485 1302 3551 1342 eo

268 1379 502 1446 redigar,
533 1387 592 1433 ut
626 1394 731 1433 non
786 1378 1016 1448 amplius
1067 1389 1261 1432 canam
1306 1374 1555 1445 hymnos.
1597 1394 1615 1426 ι
1647 1374 1873 1432 Addidit
1911 1378 2058 1434 enim
2093 1397 2108 1435 :
2148 1395 2168 1432 ι
2209 1382 2434 1436 Domine
2484 1382 2628 1438 Deus
2683 1396 2859 1450 meus,
2915 1383 2971 1438 in
3020 1391 3286 1437 aeternum
3319 1381 3548 1437 coniite-

267 1467 367 1520 hor
389 1468 481 1522 tibi
512 1467 582 1524 ⁸⁸.
611 1489 630 1522 ι
667 1469 772 1525 Sed
801 1483 855 1526 et
882 1471 973 1539 qui
1009 1469 1153 1522 circa
1214 1467 1526 1522 Simeonem
1581 1479 1636 1522 ct
1698 1468 1824 1523 Levi
1866 1479 2046 1539 erant,
2073 1481 2194 1542 post
2228 1474 2485 1532 violatam
2562 1489 2674 1532 suae
2747 1477 2952 1531 sororis
2999 1477 3336 1545 pudicitiam,
3406 1491 3550 1531 com-

262 1560 450 1626 puncti
483 1570 628 1625 sunt,
668 1561 770 1617 hoc
797 1561 956 1615 estin
1010 1568 1285 1626 stuporem
1325 1558 1454 1620 acti,
1509 1568 1560 1614 et
1598 1559 1977 1617 comminerati
2007 1572 2137 1618 sunt
2203 1565 2306 1621 zeli
2376 1577 2433 1621 et
2493 1567 2888 1637 indignationis
2947 1568 3291 1622 vehementia
3324 1584 3338 1621 :
3380 1577 3544 1636 atque

262 1648 340 1701 ita
400 1649 452 1702 in
504 1652 837 1718 pertinacem
895 1649 1031 1703 iram
1108 1648 1437 1711 inciderunt,
1494 1659 1553 1703 ut
1599 1647 1786 1706 dolose
1843 1667 2062 1723 quoque
2125 1655 2432 1729 neum
2500 1657 2675 1713 solum
2751 1657 2926 1728 ipsum
2992 1659 3206 1728 injuriae
3267 1669 3546 1714 auctorem

260 1737 510 1805 Sicheut,
539 1743 635 1796 sed
662 1756 766 1795 una
789 1739 949 1794 etiam
985 1748 1153 1795 totam
1179 1740 1348 1810 ipsius
1379 1740 1659 1794 civitatem
1712 1755 1742 1794 ε
1785 1742 1958 1812 prima
1988 1746 2275 1815 pubertate
2303 1758 2626 1804 mactarent.

747 1872 872 1929 PB’.
916 1905 988 1920 —
1016 1875 1366 1948 summa.

345 1984 560 2054 Ἐπειδὴ
614 1986 918 2057 γέγραφαςο
962 1988 1024 2042 El
1068 1989 1494 2046 συνεϐούλευσεν
1541 1994 1572 2047 δ
1599 1993 1811 2056 Παῦλος
1835 2011 1850 2026 ο

263 2095 284 2129 ι
327 2075 516 2154 ρέλεις
543 2077 601 2130 δέ
657 2078 734 2149 μὴ
774 2079 1062 2149 φοϐεῖσθαι
1106 2082 1515 2153 τὴνιέξουσίαν,
1554 2083 1617 2138 τὸ
1649 2084 1853 2154 ἀγαθὴν

256 2166 431 2231 ποίει,
457 2169 553 2222 καὶ
574 2169 720 2237 {Este
746 2170 971 2226 ίπαινον
1004 2171 1064 2238 ἐξ
1090 2173 1262 2245 αὐτῆς
1282 2193 1295 2207 ·
1337 2194 1355 2228 ι
1388 2176 1507 2241 πῶς
1547 2177 1685 2249 μετὰ
1717 2177 1852 2250 βρα-

251 2260 362 2331 χέα
404 2261 598 2328 φησιν’
654 2278 674 2314 ι
733 2261 984 2316 ⁹Δπόδοτιε
1011 2263 1089 2335 τῷ
1115 2265 1206 2318 τὸν
1240 2265 1428 2337 φόϐον,
1456 2268 1549 2323 τὸν
1582 2269 1780 2337 φόϐον;
1828 2288 1846 2322 ι

248 2345 435 2421 οἶμαι,
470 2352 552 2405 δτι
582 2353 632 2405 εί
668 2352 745 2423 μὴ
781 2354 1026 2424 περὶτοῦ
1064 2355 1203 2409 Θεοῦ
1227 2374 1372 2422 τινες
1399 2358 1533 2412 αὐτὸ
1570 2359 1850 2430 βούλονται

250 2441 516 2516 εἰρῆσθαι
544 2442 564 2514 (
596 2443 908 2514 γέγραπται
939 2447 1047 2517 γάρ
1069 2465 1082 2477 ·
1120 2467 1137 2498 ι
1191 2449 1340 2518 Τίμα
1374 2449 1466 2503 τὸν
1496 2451 1723 2520 Κύριον,
1756 2451 1850 2504 καὶ

253 2532 502 2603 ἰσχύσεις
528 2550 541 2565 ο
571 2534 713 2606 πλὴν
742 2535 798 2588 δὲ
834 2537 999 2590 αὑτοῦ
1031 2537 1105 2608 μὴ
1145 2539 1313 2608 φοϐοῦ
1364 2540 1528 2596 ἄλλον
1561 2544 1608 2612 ι)
1631 2561 1642 2573 ·
1671 2545 1851 2596 ἐκεῖνο

255 2622 362 2690 μὲν
394 2618 540 2688 εἷπε,
581 2625 661 2696 τῷ
695 2625 786 2678 τὸν
816 2626 982 2694 φόϐον
1029 2626 1140 2682 άπὸ
1179 2630 1276 2683 τοῦ
1304 2629 1495 2701 ξίφους
1522 2635 1637 2696 τοῖς
1668 2634 1852 2706 πλημο

252 2713 512 2772 μελοῦσιν
550 2716 939 2787 ἐπηρτημένον
969 2720 1372 2791 διαδιδράσκειν
1403 2723 1496 2779 τὸν
1533 2725 1844 2796 φιλάρετον,

248 2807 349 2859 καὶ
387 2807 484 2859 τοῦ
508 2808 833 2877 ἀρχοντικοῡ
868 2813 1091 2865 ἐπαίνου
1125 2813 1418 2883 τυγχάνειν
1438 2832 1452 2846 ·
1485 2816 1646 2870 τοῦτο
1668 2818 1724 2871 δὲ
1753 2817 1847 2872 τὸν

245 2898 316 2948 ἐκ
357 2899 454 2968 τῆς
489 2911 782 2970 συντυχίας
812 2904 906 2955 καὶ
933 2905 1035 2975 τῆς
1083 2905 1268 2970 αἰδοῦς
1293 2906 1390 2960 καὶ
1412 2908 1512 2978 τῆς
1554 2909 1722 2980 τιμῆς
1746 2910 1846 2980 τῆς

249 2992 750 3063 κικρεωστημένης
796 2998 911 3060 τοῖς
956 2997 1290 3067 ἡγουμένοις
1322 3003 1621 3070 χρεωστεῐν
1656 3001 1841 3070 φόϐον.

245 3079 388 3133 Οὐδὲ
422 3083 532 3154 γάρ
560 3085 710 3138 ἐστιν
751 3086 950 3157 ἀτελὴς
979 3089 1198 3154 τούτου,
1223 3091 1319 3142 τοῦ
1347 3091 1516 3161 μηδὲν
1537 3093 1704 3148 αὐτὸν
1732 3114 1840 3152 πα-

2413 1880 2520 1938 Cll.
2565 1911 2638 1924 —
2679 1881 3076 1940 PHILETRTO.

2023 1992 2290 2063 Quoniam
2334 2011 2431 2063 per
2459 1996 2674 2053 litteras
2721 2001 3018 2068 qumivisti
3070 2015 3180 2071 quo
3212 2012 3371 2070 parto
3405 2001 3547 2056 Pau-

1957 2086 2061 2154 Ius,
2087 2089 2131 2142 si
2161 2088 2450 2143 consilium
2479 2091 2628 2145 dedit
2659 2091 2743 2145 his
2776 2091 2957 2147 verbis
2988 2105 3002 2142 :
3051 2110 3069 2145 ι
3106 2092 3199 2148 Vis
3222 2103 3404 2148 autem
3439 2112 3544 2148 non

1957 2178 2150 2234 timere
2190 2188 2534 2248 potestatem,
2579 2179 2665 2237 fac
2713 2183 2916 2237 bonmn
2956 2194 3011 2238 et
3064 2185 3288 2241 habebis
3333 2186 3546 2240 laudem

1955 2270 2021 2324 ab
2057 2285 2121 2324 ea
2149 2271 2224 2338 ³⁶;
2265 2289 2286 2325 ι
2331 2271 2492 2342 paulo
2527 2281 2651 2342 post
2700 2273 2849 2329 dicat
2885 2294 2899 2329 :
2940 2295 2960 2328 ι
2996 2276 3227 2333 Reddite
3269 2277 3317 2332 ei
3362 2278 3448 2332 cui
3481 2277 3548 2332 ti-

1955 2376 2160 2417 morem
2214 2363 2466 2435 (debetis)
2527 2364 2782 2421 timorem
2814 2365 2859 2399 ⁸⁷
2899 2384 2912 2422 :
2965 2385 2983 2420 ι
3028 2367 3108 2423 sic
3154 2367 3433 2424 existimo.
3489 2368 3546 2424 Si

1954 2453 2043 2523 qui
2075 2455 2248 2510 nolint
2286 2446 2424 2510 l'ort'e
2461 2455 2592 2511 illud
2624 2457 2832 2514 dictum
2861 2473 2984 2513 esse
3013 2458 3084 2516 de
3113 2459 3225 2516 Deo
3256 2461 3545 2532 (scriptum

1952 2557 2036 2602 est
2059 2548 2255 2603 enim:
2308 2566 2327 2600 ι
2392 2548 2608 2604 Honora
2663 2550 2970 2616 Dominum,
3030 2563 3084 2608 et
3141 2561 3334 2623 potens
3389 2556 3545 2612 eris:

1953 2648 2148 2708 pra~ter
2193 2641 2366 2709 ipsum
2412 2657 2541 2697 vero
2590 2658 2696 2696 non
2733 2643 2951 2697 timebis
2994 2644 3161 2699 alium
3187 2645 3265 2713 ⁸⁸;
3307 2645 3364 2717 ι)
3415 2645 3545 2702 illud

1949 2733 2166 2798 quidem
2219 2733 2369 2801 prius
2422 2735 2624 2788 dixisse
2679 2734 2904 2788 Paulum
2958 2737 3097 2804 ideo,
3145 2737 3277 2806 quia
3327 2738 3544 2792 virtutis

1948 2821 2227 2876 studiosos
2283 2825 2534 2877 timorem
2570 2825 2744 2888 illum,
2798 2827 2939 2894 quia
2985 2827 3167 2894 gladio
3216 2828 3544 2884 facinorosis

1948 2910 2244 2981 impendet,
2293 2912 2534 2985 oll‘ugiat,
2580 2922 2636 2969 et
2689 2915 2900 2970 laudem
2951 2919 3305 2988 magistratus
3346 2934 3539 2974 conse-

1945 3015 2144 3076 qnatnr
2170 3027 2184 3059 ι
2222 3008 2325 3064 hoc
2354 3021 2534 3065 autem
2563 3011 2834 3080 posterius
2861 3012 3180 3083 (protulisse
3209 3017 3357 3084 eum)
3391 3016 3537 3080 ideo,

1945 3099 2072 3166 quia
2117 3099 2282 3154 etiam
2333 3109 2507 3156 metus
2549 3106 2772 3172 quidam
2814 3104 3079 3161 debeatur
3129 3106 3540 3175 magistratibus

248 3170 679 3240 ραϐλάπτοντος,
707 3175 846 3230 ἀλλὰ
877 3178 973 3231 καὶ
1006 3177 1431 3252 αίδεσιμώτερον
1457 3184 1551 3236 καὶ
1588 3183 1839 3257 λαμπρόν

1947 3201 2012 3242 ex
2052 3192 2350 3245 reverentia
2405 3205 2459 3247 et
2505 3194 2710 3250 boitore
2742 3197 2898 3263 ipsis,
2948 3198 3165 3266 quando
3221 3199 3376 3252 nobis
3415 3213 3538 3252 cum

242 3277 408 3332 τερον
435 3265 855 3334 ἀποφαίνοντος.
889 3269 1074 3321 Εῐκειν
1117 3269 1230 3341 γὰρ
1273 3271 1379 3343 χρὴ
1423 3275 1588 3328 παντὶ
1631 3277 1831 3343 σθένει,

240 3355 304 3407 ιν
332 3348 415 3417 οἷς
449 3356 576 3426 μήτ’
602 3357 855 3412 εὐσέϐεια
896 3361 1027 3430 μήθ’
1073 3364 1106 3433 ὴ
1148 3364 1322 3434 ἀρετὴ
1364 3366 1834 3434 καταϐλάπτεται,

242 3444 382 3500 ἀλλὰ
405 3447 497 3500 καὶ
527 3446 934 3522 βασιλικωτέρα
954 3455 1048 3506 καὶ
1079 3457 1486 3528 ἐπιφανεστέρα
1512 3460 1577 3513 ἐκ
1603 3460 1700 3530 τῆς
1727 3462 1834 3515 τῶν

245 3537 544 3606 μετιόντων
577 3539 881 3606 ἐπιεικείας
901 3545 1282 3614 ἀναφαίνεται.

1944 3269 2053 3334 illis
2080 3281 2348 3349 agendum
2377 3296 2480 3347 est,
2511 3285 2715 3342 debito.
2757 3287 2943 3359 Neque
2965 3290 3108 3345 enim
3151 3290 3202 3344 is
3231 3290 3321 3359 qui
3355 3291 3537 3346 virtuti

1947 3370 2039 3425 dat
2065 3386 2312 3439 Operam,
2359 3374 2623 3432 immunis
2651 3388 2738 3434 cst
2773 3394 2803 3434 a
2840 3381 2964 3435 talis
2997 3382 3211 3436 timoris
3237 3383 3318 3451 (ut
3348 3383 3428 3438 sic
3463 3382 3534 3438 io-

1945 3460 2120 3532 qnar)
2177 3466 2556 3520 reverentialis
2624 3470 3010 3537 praestatione,
3071 3473 3163 3540 qui
3227 3472 3543 3528 nullatenus

1948 3553 2122 3619 ipsum
2153 3552 2317 3620 laedit,
2371 3557 2504 3626 quin
2534 3561 2714 3627 potius
2767 3562 3219 3618 venerabiliorem
3264 3573 3430 3634 atque
3474 3563 3540 3619 il-

243 3627 556 3683 lustriorem
585 3630 846 3688 declarat.
897 3633 1106 3692 Cedere
1157 3639 1304 3692 enim
1359 3650 1574 3709 oportet
1642 3642 2034 3715 (magistratui)
2093 3645 2347 3702 omnibus
2429 3651 2660 3715 viribus,
2715 3654 2767 3707 in
2819 3653 2925 3710 illis
2975 3657 3159 3726 rebus,
3237 3659 3290 3712 in
3339 3627 3537 3726 quibus

243 3737 420 3791 neque
465 3723 676 3794 pietati,
728 3743 903 3797 neque
937 3731 1122 3786 virtuti
1176 3731 1341 3787 ullum
1393 3735 1619 3790 aﬂ'ertur
1663 3738 2074 3806 detrimentum,
2145 3742 2254 3796 into
2323 3743 2489 3798 etiam
2531 3749 2880 3815 prmtantior
2943 3760 3108 3821 atque
3146 3723 3436 3822 vinsignior
3467 3769 3539 3810 ex

240 3819 510 3874 cultorum
549 3836 772 3877 suorum
812 3825 1188 3882 moderatione
1219 3831 1651 3886 demonstratur.

493 3952 611 4008 PI".
655 3985 714 3994 -
748 3957 1061 4030 ΕΠΙΜΑΧῼ
1109 3960 1549 4036 ΑΝΑΓΝΩΣΤῌ.

406 4062 507 4128 ΕΙς
535 4065 632 4117 τὸ·
671 4084 688 4115 ι
733 4067 931 4134 Ὑμεῖς
966 4069 1110 4122 ἐστε
1126 4070 1298 4141 σῶμα
1337 4076 1616 4140 Χριστοῦ.
1668 4098 1684 4122 ι

323 4195 540 4267 Ἐπειδὴ
568 4197 872 4269 γέγραφαςο
915 4202 981 4255 Τί
1020 4204 1169 4258 ἐστιν
1195 4225 1208 4238 ·
1251 4225 1268 4256 ι
1312 4208 1498 4279 Ὑμεῖς
1527 4212 1649 4265 ἐστε
1677 4213 1835 4283 σῶμα

236 4291 499 4359 Χριστοῦ,
532 4294 626 4345 καὶ
660 4295 796 4363 μέλη
829 4296 893 4349 ἐκ
923 4298 1159 4368 μέρουςς
1189 4319 1206 4351 ι
1244 4296 1421 4372 οἶμαι,
1453 4304 1534 4357 ὃτι
1569 4306 1756 4376 ἐπειδὴ
1785 4307 1834 4359 oi.

239 4381 339 4447 μὲν
366 4381 680 4450 ἁπανταχοῦ
715 4385 812 4453 τῆς
838 4386 928 4455 ὑφ’
955 4386 1090 4457 ἡλίῳ
1130 4388 1460 4461 Ἐκκλησίας
1486 4393 1647 4463 σῶμα
1688 4397 1822 4465 Χρι-

236 4467 388 4529 στοῦ,
423 4470 696 4538 Κορίνθιοι
723 4472 781 4524 δὲ
813 4475 976 4543 μέρος
1006 4472 1146 4542 ἦσαν
1185 4478 1379 4532 τούτου
1419 4481 1513 4533 τοῦ
1542 4482 1820 4550 σώματος,

2251 3975 2384 4033 CIII.
2418 4010 2485 4020 —
2515 3979 2867 4037 El’lMACllO
2897 3983 3218 4041 LECTORI.
3310 4024 3312 4027 -

2115 4084 2181 4155 In
2215 4087 2369 4150 illud,
2410 4109 2427 4140 ι
2493 4091 2593 4145 Vos
2622 4095 2747 4145 estis
2777 4113 2967 4162 corpus
2996 4098 3192 4151 Clu-im
3227 4102 3294 4154 ⁸³.
3329 4122 3347 4154 ι

2006 4216 2274 4281 Quoniam
2324 4237 2423 4290 per
2478 4224 2690 4279 litteras
2721 4231 3048 4296 quaesit'istn,
3099 4234 3226 4300 quid
3269 4236 3372 4289 sibi
3407 4239 3533 4295 velit

1937 4306 2064 4361 illud
2105 4326 2118 4362 :
2157 4327 2176 4361 ι
2226 4309 2335 4367 Vos
2383 4316 2519 4369 estis
2558 4331 2758 4386 corpus
2804 4319 3040 4385 Christi',
3077 4334 3131 4377 et
3185 4328 3425 4381 membra
3466 4346 3529 4385 ex

1930 4408 2112 4465 parte;
2145 4419 2163 4451 ι
2196 4402 2454 4468 arbitror,
2485 4408 2611 4475 quia
2626 4415 3108 4482 quotquotuhique
3145 4417 3334 4473 vivunt
3355 4420 3528 4476 homi-

1930 4504 2046 4554 nes,
2078 4491 2334 4547 Ecclesiae
2373 4497 2699 4556 universalis
2722 4503 2825 4555 sub
2847 4505 2960 4557 solc
2992 4521 3087 4574 per
3133 4518 3305 4562 totum
3338 4513 3526 4567 orbem

233 4560 321 4612 διὰ
346 4559 506 4613 τοῦτο
526 4561 743 4631 ἔφησεν
772 4584 790 4615 ι
817 4559 923 4618 ’Ἐκ
958 4567 1177 4636 μέρουςι
1213 4589 1229 4618 ι
1258 4564 1389 4633 οἷον,
1414 4572 1591 4636 Μέλος
1610 4575 1757 4628 ἐστὶν
1790 4580 1822 4648 ἡ

1942 4582 2188 4649 Jispersae
2229 4598 2428 4655 corpus
2471 4591 3068 4660 constitunntC!u-isti;
3102 4599 3369 4654 Corinthii
3401 4619 3532 4656 vero

236 4652 368 4721 παρ’
407 4652 536 4721 ὑμῖν
580 4655 878 4724 Ἐκκλησία
911 4659 1009 4728 τῆς
1051 4660 1388 4731 ἁπανταχοῦ.
1426 4663 1588 4718 Ὥστε
1622 4667 1822 4722 δίκαιοι

235 4736 300 4790 ἂν
358 4740 505 4810 εῐητε
544 4741 606 4793 οὐ
645 4743 807 4811 μόνον
846 4747 981 4816 πρὸς
1029 4749 1257 4813 ἑαυτοὺς
1288 4752 1634 4820 (ἐστασίαζον
1664 4758 1819 4829 γὰρ),

1923 4688 2050 4741 pars
2077 4689 2171 4728 era
2216 4687 2233 4730 ι
2263 4678 2423 4748 hujus
2443 4684 2716 4751 corporis,
2747 4685 2866 4740 ideo
2895 4685 3119 4742 Paulum
3151 4691 3253 4745 hoc
3279 4693 3518 4752 dixisse:

1927 4779 1944 4812 ι
1980 4761 2058 4817 Ex
2101 4776 2272 4834 parte.
2317 4788 2335 4820 ι
2379 4770 2546 4836 Quasi
2589 4774 2794 4828 diceret
2843 4795 2855 4828 :
2908 4777 3148 4833 Ecclesia
3208 4796 3330 4850 qua?
3387 4791 3523 4852 apud

233 4830 490 4886 ἀλλὰκαὶ
546 4835 684 4906 πρὸς
735 4837 944 4902 πάντας
997 4841 1120 4904 τοὺς
1177 4843 1320 4896 κατὰ
1346 4845 1446 4915 τὴν
1487 4847 1821 4922 οἰκουμένην

2101 4830 2114 4834 -
2389 4830 2422 4836 τ-
2921 4830 2927 4831 γ
3213 4830 3328 4850 ,ηπ

1942 4869 2018 4909 tos
2047 4867 2152 4922 est,
2203 4862 2509 4914 membrum
2538 4874 2621 4915 est
2650 4865 2912 4920 Ecclesia:
2960 4870 3290 4926 universalis
3323 4875 3522 4943 ubique

232 4920 558 4990 δμοπίστους
583 4929 850 4995 ὁμονοεῖν,
884 4931 1062 4984 πᾶσαν
1084 4931 1350 5002 διχόνοιαν
1371 4937 1436 4988 ἐκ
1469 4938 1646 4992 ποδῶν
1666 4920 1820 5013 ποιη-

235 5010 454 5082 σάμενοι
465 5056 478 5067 .

1918 4947 2160 5002 locorum
2189 4950 2412 5006 diil'usze.
2448 4952 2817 5020 Quamobrem
2849 4973 3062 5026 aequum
3090 4973 3260 5026 esset,
3293 4979 3386 5019 vos
3419 4984 3524 5020 mm

1917 5039 2090 5094 solum
2121 5042 2261 5096 inter
2289 5048 2644 5116 vosmetipsos
2683 5048 3004 5121 (discordias
3036 5056 3179 5108 enim
3222 5056 3522 5131 fovebant),

233 5117 597 5156 tet-uinculum
623 5124 741 5156 cum
769 5110 1018 5165 omnibus
1068 5129 1162 5182 per
1217 5117 1403 5169 orlunn
1439 5127 1706 5174 terrarum
1741 5123 2058 5193 degentibus
2099 5133 2297 5200 passim
2333 5134 2454 5188 ﬁdei
2498 5138 2662 5191 sociis
2687 5110 3062 5196 ‘eoncordiam
3140 5147 3341 5214 rolere,
3375 5110 3522 5205 omni

234 5191 500 5214 At-.-,_-l!-
537 5195 721 5214 --_____I
758 5211 779 5214 __
799 5195 830 5214 ,Ι
852 5213 857 5214 ,
878 5213 887 5214 κ
915 5207 950 5214 γ.

230 5191 504 5248 discordia
537 5195 721 5261 procul
757 5195 1011 5266 relegata.

290 5374 336 5460 ξ’
363 5375 522 5460 gara.
548 5393 620 5439 tv,
652 5378 721 5460 3);
793 5380 840 5412 “
874 5381 1012 5437 Psal.
1049 5401 1200 5452 nix,
1233 5389 1318 5444 i5.
1395 5392 1440 5423 "'
1476 5393 1623 5449 Psai.
1651 5412 1820 5460 cxvn,
1850 5399 1936 5453 27.

231 5443 317 5500 "1
361 5447 490 5502 Cor.
533 5463 622 5510 xv,
651 5449 740 5504 27.

2029 5404 2074 5434 ⁸⁸
2105 5405 2392 5474 llom.xut,
2426 5413 2478 5466 ‘5.
2571 5414 2612 5445 ⁸⁷
2649 5415 2758 5470 ibid
2807 5421 2854 5474 7.
2935 5421 2979 5452 ”
3014 5423 3172 5478 l‘ror.
3214 5439 3297 5489 ιιι,
3331 5427 3386 5489 9,
3426 5427 3506 5483 l0.

1339 5615 1571 5673 νΑῐιιτΕ
1608 5620 1994 5684 LECTIONES
2034 5629 2122 5684 ET
2160 5632 2395 5692 ΝΟΤᾸΞ.

296 5761 610 5848 (ξιφιιίςιλιο,
654 5767 826 5848 ὅπερ..
877 5764 1032 5838 οἶμαι
1086 5785 1256 5840 usque
1312 5775 1378 5848 ad
1437 5779 1809 5848 καταπλαγῶ,

230 5833 511 5887 omittebat
545 5835 632 5890 eti.
681 5833 876 5904 Parim,
910 5833 963 5893 et
1010 5833 1180 5896 recte'
1209 5844 1527 5912 supplentur
1562 5864 1588 5900 a
1624 5833 1808 5905 codice

1926 5785 2185 5844 Vaticano
2215 5792 2341 5849 650.
2370 5795 2527 5854 Eon.
