4164 6496
206 467 345 535 1177

1078 473 1620 534 EPISTULABUM
1663 475 1809 535 LIB.
1856 477 1931 534 ιν
2013 502 2082 513 -~
2117 476 2355 536 EPIST.
2396 477 2578 539 CXII.

3361 469 3491 529 tt78

204 582 472 652 ἀλλήλους
528 580 886 648 καταλλαγῶν
936 580 1112 650 λόγος.
1163 583 1222 636 Ὀ
1253 583 1360 651 γὰρ
1403 584 1693 648 διαλλάξας
1728 586 1794 638 τὰ

1929 585 2394 641 econciliationes.
2424 585 2556 638 Nam
2604 584 2744 637 idem
2775 581 2884 644 ille,
2911 581 3000 648 qui
3036 577 3336 634 calestinm
3368 591 3491 632 cum

207 672 440 743 οὐράνια
467 675 580 734 τοῖς
607 671 888 740 ἐπιγείοις,
917 668 1071 737 οὗτος
1108 674 1202 728 καὶ
1245 674 1340 734 τὰς
1387 674 1586 745 ἔχθρας
1615 692 1796 745 παρα-

209 761 352 824 λύει.
393 765 532 832 μήτε
572 763 736 832 φῦναι
773 765 1095 835 συγχωρῶν,
1135 765 1230 818 καὶ
1268 765 1651 838 βλαστησάσας
1689 768 1800 820 ἀπὸ

209 851 325 904 τῶν
353 850 522 922 ριξῶν
567 852 738 917 αὑτὰς
767 855 1077 908 κατασείων
1099 870 1113 884 ·
1160 852 1313 922 λέγει
1339 857 1438 925 μὲν
1475 858 1614 926 γάρ·
1652 875 1670 908 ι
1706 856 1798 928 Μὴ

211 941 543 1013 ὀργίζουτῷ
567 941 785 1013 ἀδελφῷ
808 960 900 997 σου
946 945 1091 1013 εἰκῆ.
1137 963 1156 996 ι
1201 945 1420 1017 Ἐπειδὴ
1451 947 1507 999 δὲ
1537 943 1645 1000 οἶδε
1702 949 1799 1018 τὴν

214 1031 569 1104 ἀνθρωπίνην
596 1033 884 1087 ἀσθένειαν
929 1034 1339 1090 ὀλισθαίνουσαν
1363 1037 1498 1108 (52),
1534 1036 1626 1090 καὶ
1662 1038 1801 1107 μετὰ

212 1126 278 1178 τδ
313 1127 565 1192 γενέσθαι
596 1118 804 1182 διαλύει
845 1128 955 1199 (55)
1015 1129 1113 1191 τὰς
1151 1130 1329 1199 ῥίζας,
1379 1131 1476 1185 καὶ⁵
1501 1132 1562 1185 τὸ
1603 1133 1802 1186 οἰκεῖον

215 1217 391 1288 δῶρον
418 1219 604 1289 μένειν
638 1220 926 1274 ἀτέλεστον
951 1220 1222 1290 ἀνέχεται,
1257 1221 1365 1284 ἓως
1399 1224 1466 1277 ἂν
1498 1223 1636 1295 πρὸς
1675 1224 1804 1277 ἑαυ-

220 1314 350 1374 τοὺς
376 1311 760 1384 σπασώμεθα·
788 1313 901 1383 ἔχει
939 1313 1040 1382 μὲν
1061 1310 1154 1367 οὖν
1189 1315 1604 1387 φιλανθρωπίαν
1637 1318 1802 1388 ἀκρο-

216 1404 397 1472 τάτην
428 1403 490 1457 τὺ
520 1403 744 1475 λεχθέν⁶
776 1405 877 1458 οὐκ
933 1408 1156 1479 ἀμοιρεῖ
1184 1408 1240 1460 δὲ
1283 1409 1377 1461 καὶ
1423 1408 1687 1479 λογισμοῦ
1721 1409 1803 1462 δι-

221 1493 401 1546 καίου.
435 1495 508 1549 Σὺ
543 1496 642 1566 μὲν
668 1496 800 1567 γὰρ,
826 1498 980 1568 φησὶ,
1005 1497 1416 1568 φιλανθρωπίαν
1446 1501 1629 1569 ζητεῖς
1653 1517 1665 1531 ·
1685 1498 1804 1552 ἀλλ’

217 1586 246 1635 ὁ
273 1584 601 1654 ἠδικημένος
656 1585 956 1657 ἐκδίκησιν.
1010 1587 1081 1639 Σὺ
1136 1587 1234 1656 μὲν
1273 1585 1462 1650 καλεῖς
1504 1586 1806 1657 (Misitq-

1910 675 2264 730 terrestribus
2286 676 2519 746 gratiam
2549 672 2963 742 redintegravit,
2996 670 3118 724 odia
3151 681 3373 739 quoque
3393 666 3493 719 b0-

1909 767 2113 821 minmn
2140 768 2402 829 dissolvit,
2433 781 2610 836 neque
2655 765 2840 824 enasci
2900 780 2962 817 ea
3009 764 3353 832 permittens,
3388 760 3490 814 etsi

1909 857 2050 910 forte
2078 858 2530 927 germinaverint,
2563 856 2824 911 radicitus
2845 855 2941 909 illa
2976 853 3299 909 concutiens
3331 859 3496 918 atque

1909 947 2162 1001 evellens.
2195 949 2283 1000 Ait
2312 947 2456 1000 enim
2494 964 2508 1000 :
2547 964 2567 999 ι
2604 945 2723 1000 Νοιὶ
2776 944 2939 1000 irasci
2983 943 3143 996 fratri
3169 951 3264 995 tuo
3325 949 3496 995 teme-

1910 1051 1969 1092 re
1991 1038 2083 1093 9".
2125 1056 2144 1089 ι
2171 1037 2310 1105 Quia
2337 1053 2467 1092 vero
2495 1037 2665 1105 probe
2683 1038 2962 1108 cognitam
2984 1033 3145 1089 habet
3203 1034 3496 1087 humanam

1912 1127 2306 1192 inﬁrmitatem,
2335 1144 2455 1198 qua:
2480 1128 2582 1183 levi
2612 1137 2888 1182 momento
2916 1127 2982 1180 ad
3008 1126 3216 1195 lapsum
3247 1121 3486 1190 impelli-

1911 1227 2020 1282 tur,
2048 1216 2211 1270 etiant
2237 1217 2444 1272 exortis
2469 1216 2774 1272 inimicitiis
2809 1213 3060 1270 dissolvit
3117 1227 3305 1267 earum
3339 1211 3488 1266 radi-

1909 1321 2024 1372 ces,
2052 1307 2295 1376 adeoque
2314 1309 2592 1377 proprium
2623 1323 2820 1362 munus
2866 1306 3245 1376 imperfectum
3274 1317 3499 1359 manere

1911 1412 2066 1465 :equo
2092 1399 2274 1453 animo
2301 1400 2423 1464 fert,
2453 1399 2633 1466 quoad
2667 1414 2837 1468 usque
2863 1399 3008 1453 inter
3037 1412 3137 1451 nos
3171 1395 3226 1450 in
3265 1409 3500 1450 concor-

1915 1487 2058 1541 diam
2097 1491 2405 1543 redeamus.
2439 1489 2574 1543 Cum
2628 1488 2793 1558 igitur
2838 1487 2889 1542 id
2930 1485 3074 1556 quod
3134 1485 3341 1539 dictum
3396 1493 3499 1548 est,

1915 1594 2183 1633 summam
2243 1579 2296 1632 in
2361 1594 2419 1635 se
2478 1580 2876 1634 humanitatem
2914 1579 3356 1648 complectatur:
3391 1588 3502 1631 tum

224 1691 398 1743 μονα·
423 1675 548 1740 ,ἀλλ’
591 1677 800 1740 ἐκεῖνος
842 1677 1071 1732 δίκαιον.
1119 1678 1191 1730 Σὺ
1236 1677 1570 1749 συγγνώμην
1611 1678 1804 1741 αἰτεϊςν

1926 1671 2076 1739 etiam
2107 1671 2477 1740 rationejusta
2510 1687 2630 1729 non
2651 1671 2985 1726 destituitur.
3014 1672 3146 1726 Nam
3173 1683 3227 1725 tu
3261 1671 3504 1740 quidem,

220 1765 339 1817 ἀλλ’
370 1766 580 1829 ἐκεῖνος
617 1766 691 1837 μὴ
724 1767 1010 1838 βοηθηθεὶς
1039 1769 1301 1840 κατασοᾷ.
1332 1768 1551 1822 Παῦσον
1599 1771 1806 1824 ἐκεῖνον

1926 1763 2112 1831 inquit,
2133 1763 2523 1816 humanitatem
2549 1763 3050 1832 benignitatemque
3078 1765 3220 1832 apud
3253 1775 3338 1816 me
3355 1775 3508 1829 quae-

220 1853 448 1918 δικαίως
498 1856 879 1918 καταδοῶντα.
910 1859 1004 1911 καὶ
1034 1860 1132 1911 οὐκ
1173 1859 1502 1930 ἀμοιρήσεις
1532 1858 1630 1929 τῆς
1665 1858 1806 1929 ἐμῆς

1926 1854 2024 1915 ris;
2061 1862 2114 1906 at
2146 1855 2194 1907 is
2229 1855 2319 1922 qui
2349 1856 2447 1907 abs
2483 1865 2534 1908 te
2587 1852 2784 1921 injuria
2838 1850 3070 1908 aﬂ‘ectus
3116 1861 3222 1915 est,
3246 1851 3507 1905 ultionem

223 1946 514 2016 εὐμενείας
535 1964 548 1978 ο
571 1947 855 2015 διάλλαξον
874 1949 1056 2018 σαυτῷ
1077 1949 1169 2002 τὸν
1194 1949 1542 2020 ἀδικηθέντα,
1575 1953 1671 2004 καὶ
1683 1951 1805 2004 τότε

1926 1943 2104 2014 poscit.
2137 1943 2218 1996 Tu
2242 1944 2462 2012 quidem
2510 1941 2923 1996 misericordem
2955 1955 3041 1994 me
3072 1953 3236 1995 vocas
3273 1956 3286 1992 :
3325 1947 3382 1992 at
3411 1937 3506 1993 ille

226 2035 332 2104 ἐμὲ
400 2035 760 2107 διαλλαγῆναί
807 2055 891 2091 σοι
952 2038 1324 2106 ἀντιϐόλησον.
1374 2039 1450 2091 Οὐ
1512 2040 1813 2108 πιπράσκω

1926 2037 2142 2105 iustum.
2181 2032 2260 2088 Tu
2301 2035 2510 2089 veniam
2542 2033 2784 2103 postqu
2822 2048 2836 2086 :
2873 2039 2928 2085 at
2950 2031 3041 2084 ille
3076 2031 3318 2086 nondum
3349 2029 3504 2099 adju-

227 2124 389 2196 δώρῳ
435 2124 725 2198 ἀλλοτρίας
755 2127 1092 2198 ἐκδικήσεως
1138 2128 1468 2182 δίκαιον,οὑ
1514 2128 1719 2182 νοθεύω
1753 2130 1813 2181 τὺ

1926 2139 2010 2183 tus
2039 2129 2320 2182 reclamat.
2349 2125 2668 2196 Tranquilla
2705 2124 2860 2178 illum
2916 2124 3008 2194 qui
3049 2122 3196 2191 juste
3250 2119 3514 2176 reclamat

229 2216 532 2269 ἀδέκαστον
583 2217 864 2288 κριτήριον
911 2217 1066 2286 (55)·
1116 2217 1178 2271 οὐ
1228 2219 1563 2289 μεταδίδωμί
1619 2238 1700 2273 σοι
1739 2221 1813 2291 τῷ

1926 2219 2036 2291 (ne
2074 2220 2170 2274 tibi
2197 2219 2410 2272 veniam
2446 2215 2805 2285 concedam),
2829 2223 2884 2270 et
2941 2224 3070 2270 tunc
3125 2229 3252 2268 mea.
3277 2212 3374 2267 tihl
3404 2226 3513 2267 non

230 2303 555 2374 ἀδικήσαντι
593 2307 691 2376 τῆς
743 2305 856 2376 (56)
888 2306 1196 2377 εὐμενείας,
1226 2307 1332 2371 ἕως
1383 2307 1450 2361 ἂν
1479 2311 1506 2363 ὁ
1538 2309 1813 2379 ἀδικηθεὶς

1926 2310 2094 2365 deerit
2126 2309 2523 2367 benevolentia.
2546 2307 2859 2362 lteconcilia
2889 2307 3044 2377 prius
3075 2305 3171 2360 tibi
3202 2318 3328 2359 eum
3347 2316 3509 2372 quem

229 2393 604 2466 ὀλοφύρηται·
654 2396 831 2449 ἐκεῖνό
887 2414 970 2450 σοι
1024 2397 1336 2469 δωροῦμαι,
1383 2399 1445 2452 οὐ
1495 2401 1690 2471 μικρὸν
1734 2402 1813 2466 ὃν,

1926 2401 2102 2456 laesisti
2136 2418 2151 2467 ;
2183 2408 2239 2454 et
2273 2412 2402 2454 tunc
2439 2399 2595 2462 mihi,
2628 2408 2680 2452 ut
2720 2397 2816 2452 tibi
2870 2395 3216 2460 reconcilier,
3241 2393 3507 2464 supplice.

231 2485 369 2540 ἀλλά
406 2488 500 2539 καὶ
537 2488 730 2559 κομιδῇ
764 2487 1020 2558 μέγιστον
1044 2506 1058 2520 ο
1091 2490 1426 2561 ὑπερτίθημι
1453 2491 1552 2562 τὴν
1585 2492 1813 2560 διάγνω-

1926 2492 2034 2547 Νοιι
2059 2495 2233 2548 vendo
2274 2491 2611 2559 munerejus
2638 2490 2831 2545 aliena:
2883 2488 3110 2543 ultionis
3142 2506 3155 2542 :
3193 2501 3302 2541 non
3359 2482 3515 2539 adul-

235 2593 356 2630 σιν⁹
398 2580 500 2632 οὐκ
531 2580 750 2650 ἐκφέρω
779 2580 941 2643 εὐθὺς
973 2581 1234 2650 αὐτοτελῆ
1269 2583 1565 2651 ἀπόφασιν.
1616 2585 1813 2656 Δίδωμί

1926 2595 2038 2640 tero
2093 2584 2763 2654 incorruptumjudicium
2816 2597 3042 2637 meum:
3078 2596 3185 2634 non
3241 2577 3384 2632 facio
3439 2586 3515 2642 te,

235 2681 324 2719 σοι
353 2669 545 2740 καιρὸν
577 2670 1019 2740 ἀπολογήσασθαι
1050 2670 1129 2740 τῷ
1153 2671 1487 2741 ἀδικηθέντι.

1926 2677 2010 2746 qui
2048 2676 2278 2730 alterum
2307 2677 2500 2746 injuria
2534 2673 2788 2741 aﬂ‘ecisti,
2848 2670 3342 2743 mezeparticipem
3395 2681 3522 2738 gra-

235 2758 350 2821 tiae,
381 2773 544 2827 quam
568 2759 660 2812 diu
683 2759 884 2826 injuria
928 2758 1176 2827 allectus,
1211 2762 1339 2815 mihi
1382 2762 1459 2819 de
1531 2772 1582 2817 te
1645 2765 2019 2832 conqueritur.
2080 2765 2214 2820 Illud
2266 2766 2362 2820 tibi
2425 2766 2650 2838 largior,
2717 2767 2863 2836 quod
2921 2764 3140 2835 quidem
3199 2762 3519 2831 neutiquam

233 2850 514 2919 exiguum,
550 2851 644 2905 sed
705 2849 861 2919 longe
908 2852 1202 2926 maximum
1223 2860 1312 2906 est
1344 2870 1359 2908 :
1389 2854 1598 2920 protclp
1633 2869 1812 2909 causae
1851 2855 2295 2923 dijudicationem
2328 2873 2343 2911 :
2377 2871 2484 2911 non
2550 2855 2738 2912 statim
2791 2855 3086 2926 perfectam
3139 2868 3204 2908 ac
3274 2850 3520 2909 definiti-

234 2954 359 2993 vam
419 2937 709 3008 pronuntio
752 2939 1106 2994 sententiam.
1142 2938 1394 2999 Concedo
1431 2941 1523 2998 tibi
1553 2943 1786 3014 spatium
1827 2945 1894 3000 ad
1923 2946 2370 3003 satisfaciendum
2401 2946 2451 3000 ei
2481 2960 2646 3014 quem
2684 2945 2886 3015 injuria
2923 2942 3173 2998 aﬂ'ecisti.

755 3028 901 3082 PIB'.
937 3060 1009 3071 ——
1039 3031 1288 3091 ΩΡῙΩΝΙ.

2357 3036 2524 3110 ωε
2550 3034 2710 3093 cxu.
2739 3067 2811 3077 —
2837 3033 3096 3091 ORIO-Nl.

231 3119 493 3197 ﬂspi_(a}
537 3119 888 3197 συντᾴξεως
931 3122 1046 3197 τοᾷ
1080 3123 1492 3197 ἀποστολικοῦ
1513 3125 1813 3197 ῥήματος,

1933 3131 2010 3187 De
2040 3131 2434 3186 constructione
2472 3127 2752 3197 apostolici
2779 3128 2929 3194 dicti,
2956 3127 3047 3181 ubi
3085 3127 3220 3197 ait:
3253 3143 3274 3178 ι
3323 3124 3524 3180 Profli-

376 3189 522 3244 ἔνθα
554 3191 707 3259 φησι
728 3207 741 3220 °
781 3209 798 3242 ι
837 3192 1207 3246 κωλυόντων
1236 3195 1448 3262 ταμεῖν
1479 3189 1616 3265 (δη.
1656 3215 1674 3247 ι
1761 3189 1774 3194 ⁷
1806 3189 1813 3194 ⁷

2145 3201 2376 3255 bcntium
2408 3189 2806 3254 matrimonium
2822 3189 3130 3253 contrahere
3150 3196 3262 3254 "“.
3287 3214 3307 3247 ι

319 3281 572 3352 Ἐπειδὴ,
601 3283 653 3334 τί
680 3283 796 3335 ἐστι
833 3283 894 3335 τὸ
924 3284 1216 3353 εἰρημένον
1244 3285 1323 3354 τῷ
1362 3286 1594 3357 Παύλῳ,
1639 3307 1656 3339 ι
1698 3288 1813 3340 Κω-

2006 3292 2273 3359 Quoniam
2291 3290 2422 3361 quid
2446 3291 2517 3344 sit
2533 3289 2674 3359 quod
2694 3290 2835 3358 apud
2853 3287 3078 3342 Paulum
3101 3286 3321 3350 dicitur,
3345 3305 3364 3338 ι
3392 3283 3529 3342 Pro-

231 3374 473 3428 λυόντων
512 3377 710 3443 γαμεῖν
730 3390 744 3405 ο
792 3374 888 3428 καὶ
916 3375 1216 3446 ἀπέχεσθαι
1254 3376 1563 3447 βρωμάτων
1583 3419 1598 3443 ,
1643 3397 1663 3431 ι
1693 3377 1813 3449 ἠθέ-

1937 3383 2238 3438 bibentium
2283 3383 2510 3445 nubere,
2544 3389 2601 3436 et
2658 3380 2937 3435 abstinere
2982 3393 3013 3432 a
3043 3377 3199 3444 cibis,
3243 3395 3264 3430 ι
3316 3376 3532 3432 discere

235 3464 409 3540 λησας
446 3465 639 3535 μαθεῖν
662 3504 676 3528 ,
728 3465 859 3530 ἴσθι,
901 3467 983 3520 ὅτι
1011 3469 1157 3531 τινὲς
1205 3468 1332 3538 μὲν,
1368 3470 1808 3542 προσποιούμενο

1936 3473 2178 3536 voluisti,
2215 3471 2360 3528 scire
2385 3472 2551 3528 debes
2589 3471 2855 3538 quosdam
2883 3468 3208 3524 simulantes
3233 3481 3294 3522 se
3317 3468 3534 3523 nescire

233 3559 454 3628 ἀγνοεῖν
485 3558 567 3612 ὅτι
593 3558 838 3628 χάρισμα
865 3557 1122 3626 γνώσεως
1148 3560 1242 3613 καὶ
1269 3561 1461 3631 σοφίας
1486 3562 1702 3634 εῐληφε,
1739 3563 1813 3615 κα

1932 3563 2074 3630 quod
2103 3562 2304 3618 donum
2332 3562 2580 3617 scientiae
2601 3569 2654 3616 et
2676 3560 2959 3630 sapientiae
2989 3566 3336 3624 consecutus,
3360 3557 3538 3626 quod-

233 3651 322 3705 δτι
369 3649 577 3719 Ἐρμῆς
608 3648 748 3704 εῖναι
800 3651 1097 3723 ἐνομίσθη,
1135 3652 1272 3720 φασὶ
1303 3653 1379 3724 μὴ
1422 3654 1813 3725 κεκρατηκέναι

1937 3669 2044 3723 que
2070 3655 2141 3709 ob
2164 3654 2218 3709 id
2241 3654 2404 3709 etiam
2425 3653 2729 3709 Mercurius
2748 3652 3092 3708 existimatus
3119 3651 3192 3707 sit
3213 3649 3531 3719 Apostolus,

235 3742 331 3796 τὸν
358 3741 682 3795 ’Δπόστολον
701 3740 802 3811 τῆς
835 3743 1107 3814 φράσεως,
1131 3744 1246 3796 ἀλλ’
1283 3746 1365 3807 εἰς
1397 3732 1711 3800 τούναντίον
1741 3763 1812 3799 πε

1936 3745 2122 3800 dicere
2185 3760 2291 3801 non
2339 3757 2593 3801 servasse
2633 3742 3050 3814 eum-loquendi
3093 3741 3388 3807 rationem,
3438 3740 3534 3796 sed

239 3831 610 3903 ριενεχθῆναι.
648 3833 721 3886 Τὸ
746 3833 878 3905 γὰρ,
924 3852 943 3886 ι
987 3835 1329 3890 κωλυόντων
1365 3839 1597 3908 γαμεῖν,
1640 3856 1658 3889 ι
1699 3855 1813 3891 κατι

1942 3840 1994 3893 in
2037 3838 2372 3893 contrarium
2423 3836 2665 3892 delatum
2720 3850 2863 3892 esse.
2916 3835 3052 3891 Cum
3090 3832 3236 3889 enim
3278 3831 3535 3897 dixisset,

348 3966 722 4041 “‘Matth.'v,
761 3972 853 4028 22.
923 3973 1054 4029 ⁶⁸⁶¹1
1086 3975 1227 4029 Τίιη.
1261 3991 1332 4042 Iv,
1360 3976 1416 4030 '5.

1370 4087 1608 4144 VARle
1650 4087 2041 4145 LECTIONES
2076 4086 2167 4143 ET
2204 4086 2442 4144 NOTAE.

317 4238 435 4309 (52)
459 4230 610 4309 Tini
633 4238 1018 4306 ἀνθρωπίνην
1068 4239 1391 4294 ἀσθένειαν
1447 4239 1834 4309 ὀλισθαίντου-

245 4306 532 4367 σαν.’8ἱο
575 4306 1019 4377 Cbrysostomus,
1061 4310 1295 4380 πρᾶγμα
1342 4309 1619 4364 εὐόλισθον
1665 4306 1826 4378 φύσει

246 4380 554 4437 ἄνθρωπος.
597 4377 760 4433 Rt'r'l'.

322 4446 438 4519 (55.)
483 4446 700 4519 Διαλύει
750 4456 921 4502 mutat
966 4447 1106 4519 idem
1148 4448 1270 4519 cod.
1316 4448 1368 4501 in
1403 4447 1751 4519 διασαλεύει,
1783 4456 1840 4503 et

1934 4239 2152 4294 unitatis
2178 4248 2232 4293 et
2255 4237 2701 4310 confragositatis
2733 4253 2842 4292 non
2877 4252 2989 4310 una
3013 4246 3118 4310 est,
3164 4251 3327 4307 quam
3355 4239 3539 4308 quivis

1936 4310 2108 4364 lector
2145 4310 2359 4363 facilius
2410 4308 2533 4380 ipse
2573 4323 2671 4378 per
2702 4324 2762 4363 se
2808 4308 3202 4380 deprehendet,
3237 4323 3398 4378 quam
3436 4323 3540 4380 ego

1935 4393 2163 4436 necesse
2206 4381 2436 4434 habeam
2470 4376 2717 4447 pluribus
2766 4393 3064 4446 exponere.
3114 4376 3187 4431 Ea
3227 4376 3312 4432 me
3351 4394 3379 4431 a
3415 4376 3538 4433 vero

1938 4451 2100 4503 tendo
2127 4463 2263 4516 pene
2305 4451 2694 4503 deterruerat:
2726 4459 2880 4503 certe
2929 4447 2996 4502 ad
3035 4459 3341 4502 extremum
3399 4451 3542 4503 hanc

249 4517 398 4573 vers.
432 4527 546 4584 post
580 4517 762 4581 tertio,
793 4518 1034 4587 ἀκροτάτ
1076 4536 1103 4570 ν
1135 4519 1187 4573 in
1219 4517 1479 4590 ἄκρατον.
1511 4518 1723 4573 Possm.

323 4585 440 4641 (54)
469 4584 552 4639 Σὺ
595 4585 710 4641 ιιὲν
747 4587 973 4641 καλεῖς.
1021 4536 1248 4641 θὶόοιιιιι
1283 4591 1472 4641 deesse
1512 4604 1602 4641 με.
1632 4598 1723 4641 aut

323 4585 448 4708 (54;
469 4584 552 4639 Σὺ
591 4585 710 4654 μὲν
747 4584 973 4652 καλεῖς.
1021 4584 1248 4642 Videtur
1283 4584 1472 4644 deesse
1511 4604 1602 4658 με,
1632 4598 1724 4641 aut
1759 4587 1838 4641 ita

323 4673 352 4708 ο
382 4674 422 4708 υ.
453 4672 481 4707 ν
515 4659 900 4708 reponendum.
938 4656 1104 4708 Rt'rr.

453 4672 481 4707 ν
515 4659 900 4724 reponendum.
938 4656 1104 4711 RITT.

249 4672 352 4728 pro
382 4672 481 4780 git)
515 4672 900 4724 reponendum.
938 4672 1104 4711 m'r'r.

313 4726 384 4797 ,(5
421 4727 439 4794 )
474 4725 571 4797 θιῖ]Δ
592 4727 819 4797 νοθεύω
859 4727 926 4797 τὸ
969 4724 1666 4797 ἀδεκάστου-ἀδέκαστον
1708 4741 1833 4793 κρι-

252 4792 482 4865 tempe.
531 4792 681 4849 Fort.
717 4795 929 4865 legend.
961 4797 1022 4848 οὐ
1060 4813 1109 4848 ν.
1139 4813 1190 4849 τ.
1222 4795 1390 4865 ἀδίκῳ
1429 4795 1491 4848 τὸ
1537 4792 1835 4848 ἀδέκαστον

254 4859 348 4934 κρῖ
385 4859 458 4934 Ita
488 4873 638 4934 certe
681 4859 875 4920 sen'sus
912 4865 1167 4934 postulat.
1195 4859 1406 4920 Possm.

1937 4519 2209 4573 reservari
2242 4517 2429 4588 jussit,
2475 4533 2541 4571 ne
2572 4519 2750 4573 dicam
2775 4518 2974 4587 coegit.
3008 4516 3241 4588 Tentavi
3287 4527 3398 4572 tum
3441 4519 3541 4571 ali-

1945 4590 2097 4658 quid.
2133 4587 2256 4658 Sed
2274 4603 2360 4643 me
2392 4588 2595 4656 ubique
2637 4602 2858 4642 sensum
2907 4587 3197 4658 scriptoris
3227 4598 3542 4642 assecutum

1947 4656 2089 4728 esse,
2122 4657 2176 4713 id
2200 4673 2328 4713 vero
2357 4659 2680 4728 non__ausim
2718 4659 2942 4728 dicere:
2979 4656 3087 4728 imo
3112 4670 3313 4728 negare
3345 4671 3546 4728 propa-

1943 4727 2050 4781 lam
2085 4742 2188 4782 non
2225 4740 2439 4783 vereor.
2463 4724 2576 4782 Nec
2604 4735 2869 4796 praestare
2896 4727 3146 4782 lectionis
3171 4724 3542 4796 integritatem

1943 4797 2087 4861 volo,
2129 4797 2344 4852 tametsi
2381 4799 2632 4867 quaedam
2664 4797 3000 4852 correxerim
3034 4796 3410 4866 probabiliter.
3445 4796 3542 4850 Do-

1943 4868 2148 4922 ctiores
2179 4869 2307 4921 dent
2361 4867 2609 4929 meliora,
2660 4879 2720 4922 et
2759 4867 3009 4935 inprimis
3044 4867 3335 4921 ostendant
3366 4867 3543 4930 nobis,

322 4931 636 5006 (p6)_lnter
669 4933 769 5002 τῆς
813 4943 868 4990 et
914 4931 1202 5004 εὐμενείας
1266 4935 1407 4989 idem
1461 4936 1583 4989 cod.
1637 4933 1835 4990 inserit
1936 4947 2049 4990 tum
2083 4951 2193 5006 quo
2221 4945 2382 5005 pacto
2415 4938 2567 4990 varia
2589 4936 2734 4991 dicta
2759 4931 3061 5006 scriptura:
3093 4937 3147 5006 in
3181 4937 3283 4990 hac
3310 4935 3544 5006 epistola

254 5000 626 5139 t‘,'(Y.L>"i)'¥l.anc
655 5071 940 5140 epistolam
973 5086 1079 5127 non
1107 5072 1240 5126 satis
1272 5075 1554 5133 commode
1586 5087 1686 5128 nec
1719 5073 1840 5130 sine

255 5140 792 5211 diffijrultatentagna
818 5140 1068 5195 Latinam
1092 5142 1159 5211 ab
1189 5143 1483 5210 interprete
1515 5145 1628 5197 tieri
1653 5157 1834 5211 posse,

1934 5005 2270 5076 cobet-eant,
2306 5017 2472 5076 atque
2509 5007 2576 5060 ad
2604 5021 2771 5060 unum
2799 5005 3024 5075 scopum
3052 5005 3362 5059 referantur
3390 5017 3544 5062 :tum

1935 5077 2064 5146 quid
2095 5075 2196 5131 sibi
2227 5075 2285 5146 in
2304 5076 2737 5146 uniuscujusque
2760 5076 3088 5146 allegatione
3112 5083 3168 5129 et
3192 5076 3543 5146 expositione

1939 5143 2177 5216 Isidorus
2207 5143 2551 5216 velitLquodf
2571 5143 2825 5216 equidem
2862 5143 2966 5216 non
2994 5144 3196 5216 ubique
3224 5145 3405 5214 capio.
3429 5143 3544 5199 Cur

256 5208 418 5285 facile
466 5209 597 5263 mihi
645 5212 993 5285 assentietur,
1038 5210 1131 5278 qui
1191 5208 1363 5285 velata
1411 5208 1683 5285 paulisper
1716 5228 1838 5285 mea
1939 5215 2084 5270 enim
2119 5214 2220 5285 τὴν
2253 5208 3025 5285 épﬂumniav'dissimulem?
3059 5208 3226 5269 Ri'r'r.

260 5279 508 5334 ιενδίοηο
543 5281 769 5333 tentarit
815 5294 1010 5334 novatn
1044 5296 1108 5335 ac
1147 5279 1444 5351 propriam.
1491 5279 1668 5338 Causa
1699 5281 1843 5336 ditii-

333 5434 414 5504 (ο)
453 5433 732 5489 Eruditam
769 5450 903 5490 sane
931 5446 984 5490 et
1034 5435 1221 5491 utilem
1277 5437 1449 5492 sancti
1481 5435 1672 5491 lsidori
1724 5435 2005 5504 epistolam
2058 5433 2210 5488 novis
2259 5432 2499 5502 adjicere
2549 5432 2752 5487 idcirco
2799 5431 3022 5504 placuit,
3074 5427 3220 5504 quod
3277 5427 3546 5504 interpres

256 5499 825 5574 Germaims.__cwtera
851 5505 1118 5565 eruditus.
1155 5506 1242 5561 vel
1285 5506 1456 5574 ipsius
1478 5499 1844 5568 conl'essione,
1866 5499 2432 5574 senstttnmlnus'eat
2480 5513 2782 5574 assecutus,
2799 5499 2938 5574 'vitio
2974 5499 3168 5574 scripti
3215 5499 3550 5574 exemplaris

259 5573 544 5644 navaraci.
579 5570 723 5644 Nam
748 5573 800 5625 in
832 5576 946 5628 suis
969 5575 1128 5628 codd.
1159 5570 1326 5644 abbas
1353 5574 1541 5644 Billins
1574 5592 1678 5630 non
1714 5575 1933 5644 reperit.
1967 5572 2233 5644 Equidem
2259 5571 2580 5644 allaboravi,
2609 5571 3244 5644 Vaticani__coi_l._0pe,-ut
3278 5570 3380 5638 legi
3407 5583 3549 5625 nunc

259 5640 569 5712 ctintelligi
606 5642 798 5712 melius
820 5654 983 5711 queat
1010 5643 1234 5711 epistola
1261 5659 1431 5699 ωριτε
1463 5643 1759 5712 Scriptura:
1777 5640 2124 5698 illustrandae
2160 5640 2476 5712 peridonea,
2513 5642 2765 5712 viamque
2796 5641 2925 5693 aliis
2960 5640 3051 5712 bis
3075 5649 3544 5712 commonstraus.

263 5711 422 5783 Initio
449 5708 1058 5783 verol'aulum'lconii'
1086 5712 1412 5767 Mercurium
1459 5708 1784 5783 eloquentia:
1821 5711 2363 5783 gratiaiappellatum
2395 5710 2577 5783 discas
2626 5708 2811 5783 Actor.
2858 5723 2967 5783 x_tv,
3031 5708 3120 5771 il,
3155 5709 3328 5783 cuius
3378 5718 3434 5761 et
3495 5710 3546 5763 in

261 5781 508 5848 proxima
549 5782 704 5847 epist.
743 5780 845 5835 H5
893 5780 1099 5836 Uranio
1124 5784 1354 5837 diacono
1395 5776 1813 5839 missa'uunmct

1926 5783 1978 5836 it.
2013 5776 2119 5836 rro'
2155 5779 2572 5849 περιενεχθῆναι
2618 5789 2738 5834 erat
2783 5780 2837 5832 in
2880 5776 3039 5834 Rom.
3069 5778 3190 5833 cod.
3223 5776 3414 5847 script.
3449 5791 3548 5830 πι-

262 5849 624 5919 ριενηνέχθαι.
