  <div class='ocr_page' id='page_1' title='image "/cluster/home/n/w/nwhite01/storage/ocr_20150623/78/pst.000005712779/603.png"; bbox 0 0 4164 6430; ppageno 0'>
   <div class='ocr_carea' id='block_1_1' title="bbox 750 394 883 459">
    <p class='ocr_par' dir='ltr' id='par_1_1' title="bbox 750 394 883 459">
     <span class='ocr_line' id='line_1_1' title="bbox 750 394 883 459; baseline 0.008 -1"><span class='ocrx_word' id='word_1_1' title='bbox 750 394 883 459; x_wconf 79' lang='grc'><strong>1187</strong></span> 
     </span>
    </p>
   </div>
   <div class='ocr_carea' id='block_1_2' title="bbox 1945 394 2817 459">
    <p class='ocr_par' dir='ltr' id='par_1_2' title="bbox 1945 394 2817 459">
     <span class='ocr_line' id='line_1_2' title="bbox 1945 394 2817 459; baseline -0.003 -1"><span class='ocrx_word' id='word_1_2' title='bbox 1945 400 2005 459; x_wconf 88' lang='lat' dir='ltr'><strong>S.</strong></span> <span class='ocrx_word' id='word_1_3' title='bbox 2052 397 2342 459; x_wconf 72' lang='lat' dir='ltr'><strong>ISIDURI</strong></span> <span class='ocrx_word' id='word_1_4' title='bbox 2381 394 2817 456; x_wconf 76' lang='lat' dir='ltr'><strong>PELUSIOTIE</strong></span> 
     </span>
    </p>
   </div>
   <div class='ocr_carea' id='block_1_3' title="bbox 3866 394 4001 462">
    <p class='ocr_par' dir='ltr' id='par_1_3' title="bbox 3866 394 4001 462">
     <span class='ocr_line' id='line_1_3' title="bbox 3866 394 4001 462; baseline 0.03 -4"><span class='ocrx_word' id='word_1_5' title='bbox 3866 394 4001 462; x_wconf 75' lang='lat'><strong>1188</strong></span> 
     </span>
    </p>
   </div>
   <div class='ocr_carea' id='block_1_4' title="bbox 738 502 2306 577">
    <p class='ocr_par' dir='ltr' id='par_1_4' title="bbox 738 508 2305 577">
     <span class='ocr_line' id='line_1_4' title="bbox 738 508 2305 577; baseline -0.003 -13"><span class='ocrx_word' id='word_1_6' title='bbox 738 508 935 577; x_wconf 77' lang='lat' dir='ltr'><strong>ptura?</strong></span> <span class='ocrx_word' id='word_1_7' title='bbox 966 527 985 561; x_wconf 79' lang='grc' dir='ltr'>ι</span> <span class='ocrx_word' id='word_1_8' title='bbox 1027 509 1177 564; x_wconf 87' lang='lat' dir='ltr'><strong>Sicut</strong></span> <span class='ocrx_word' id='word_1_9' title='bbox 1212 526 1314 564; x_wconf 89' lang='lat' dir='ltr'><strong>non</strong></span> <span class='ocrx_word' id='word_1_10' title='bbox 1350 522 1475 564; x_wconf 90' lang='lat' dir='ltr'><strong>sunt</strong></span> <span class='ocrx_word' id='word_1_11' title='bbox 1508 510 1709 565; x_wconf 79' lang='lat' dir='ltr'><strong>similes</strong></span> <span class='ocrx_word' id='word_1_12' title='bbox 1747 508 1915 563; x_wconf 79' lang='lat' dir='ltr'><strong>facies</strong></span> <span class='ocrx_word' id='word_1_13' title='bbox 1946 510 2202 570; x_wconf 85' lang='lat' dir='ltr'><strong>facielms,</strong></span> <span class='ocrx_word' id='word_1_14' title='bbox 2237 510 2305 562; x_wconf 85' lang='lat' dir='ltr'><strong>ita</strong></span> 
     </span>
    </p>
   </div>
   <div class='ocr_carea' id='block_1_5' title="bbox 2407 502 3995 577">
    <p class='ocr_par' dir='ltr' id='par_1_5' title="bbox 2411 502 3995 577">
     <span class='ocr_line' id='line_1_5' title="bbox 2411 502 3995 577; baseline 0 -18"><span class='ocrx_word' id='word_1_15' title='bbox 2411 508 2546 559; x_wconf 75' lang='grc' dir='ltr'>πᾶσι</span> <span class='ocrx_word' id='word_1_16' title='bbox 2576 506 2881 576; x_wconf 79' lang='grc' dir='ltr'><strong>χαρακτὴρ,</strong></span> <span class='ocrx_word' id='word_1_17' title='bbox 2925 503 3016 556; x_wconf 78' lang='grc' dir='ltr'><strong>καὶ</strong></span> <span class='ocrx_word' id='word_1_18' title='bbox 3047 504 3102 556; x_wconf 71' lang='grc' dir='ltr'><strong>ἐν</strong></span> <span class='ocrx_word' id='word_1_19' title='bbox 3126 503 3367 574; x_wconf 80' lang='grc' dir='ltr'><strong>τοσαύτῃ</strong></span> <span class='ocrx_word' id='word_1_20' title='bbox 3394 502 3595 575; x_wconf 75' lang='grc' dir='ltr'><strong>πληθυῖ</strong></span> <span class='ocrx_word' id='word_1_21' title='bbox 3618 503 3855 577; x_wconf 71' lang='grc' dir='ltr'><strong>διαφορὰ</strong></span> <span class='ocrx_word' id='word_1_22' title='bbox 3877 507 3995 577; x_wconf 79' lang='grc' dir='ltr'>(Ἱῡ)</span> 
     </span>
    </p>
   </div>
   <div class='ocr_carea' id='block_1_6' title="bbox 742 597 2307 667">
    <p class='ocr_par' dir='ltr' id='par_1_6' title="bbox 742 597 2307 667">
     <span class='ocr_line' id='line_1_6' title="bbox 742 597 2307 667; baseline -0.001 -14"><span class='ocrx_word' id='word_1_23' title='bbox 742 612 918 667; x_wconf 85' lang='lat' dir='ltr'><strong>neque</strong></span> <span class='ocrx_word' id='word_1_24' title='bbox 946 600 1108 653; x_wconf 87' lang='lat' dir='ltr'><strong>corda</strong></span> <span class='ocrx_word' id='word_1_25' title='bbox 1136 600 1435 653; x_wconf 83' lang='lat' dir='ltr'><strong>hominum.</strong></span> <span class='ocrx_word' id='word_1_26' title='bbox 1468 618 1485 650; x_wconf 84' lang='grc'>›</span> <span class='ocrx_word' id='word_1_27' title='bbox 1514 597 1558 654; x_wconf 90' lang='grc' dir='ltr'><strong>Ο</strong></span> <span class='ocrx_word' id='word_1_28' title='bbox 1590 614 1702 653; x_wconf 87' lang='lat' dir='ltr'><strong>rem</strong></span> <span class='ocrx_word' id='word_1_29' title='bbox 1730 599 2142 652; x_wconf 81' lang='lat' dir='ltr'><strong>admirandam!</strong></span> <span class='ocrx_word' id='word_1_30' title='bbox 2170 612 2307 651; x_wconf 91' lang='lat' dir='ltr'><strong>unus</strong></span> 
     </span>
    </p>
   </div>
   <div class='ocr_carea' id='block_1_7' title="bbox 742 689 2307 757">
    <p class='ocr_par' dir='ltr' id='par_1_7' title="bbox 742 689 2307 757">
     <span class='ocr_line' id='line_1_7' title="bbox 742 689 2307 757; baseline -0.001 -15"><span class='ocrx_word' id='word_1_31' title='bbox 742 689 989 757; x_wconf 82' lang='lat' dir='ltr'><strong>idemque</strong></span> <span class='ocrx_word' id='word_1_32' title='bbox 1019 690 1157 743; x_wconf 89' lang='lat' dir='ltr'><strong>inest</strong></span> <span class='ocrx_word' id='word_1_33' title='bbox 1187 692 1434 744; x_wconf 86' lang='lat' dir='ltr'><strong>omnibus</strong></span> <span class='ocrx_word' id='word_1_34' title='bbox 1472 691 1759 744; x_wconf 76' lang='lat' dir='ltr'><strong>character</strong></span> <span class='ocrx_word' id='word_1_35' title='bbox 1788 707 1801 743; x_wconf 90' lang='lat'><strong>:</strong></span> <span class='ocrx_word' id='word_1_36' title='bbox 1844 701 1898 743; x_wconf 88' lang='lat' dir='ltr'><strong>et</strong></span> <span class='ocrx_word' id='word_1_37' title='bbox 1932 690 1986 742; x_wconf 90' lang='lat' dir='ltr'><strong>in</strong></span> <span class='ocrx_word' id='word_1_38' title='bbox 2032 700 2175 742; x_wconf 87' lang='lat' dir='ltr'><strong>tanta</strong></span> <span class='ocrx_word' id='word_1_39' title='bbox 2209 690 2307 742; x_wconf 88' lang='lat' dir='ltr'><strong>bo-</strong></span> 
     </span>
    </p>
   </div>
   <div class='ocr_carea' id='block_1_8' title="bbox 735 770 2304 843">
    <p class='ocr_par' dir='ltr' id='par_1_8' title="bbox 735 770 2304 843">
     <span class='ocr_line' id='line_1_8' title="bbox 735 770 2304 843; baseline -0.001 -11"><span class='ocrx_word' id='word_1_40' title='bbox 735 770 937 832; x_wconf 86' lang='lat' dir='ltr'><strong>minum</strong></span> <span class='ocrx_word' id='word_1_41' title='bbox 955 772 1299 834; x_wconf 63' lang='lat' dir='ltr'><strong>multitudine</strong></span> <span class='ocrx_word' id='word_1_42' title='bbox 1314 796 1533 833; x_wconf 83' lang='lat' dir='ltr'><strong>omnino</strong></span> <span class='ocrx_word' id='word_1_43' title='bbox 1556 780 1695 835; x_wconf 83' lang='lat' dir='ltr'><strong>inest</strong></span> <span class='ocrx_word' id='word_1_44' title='bbox 1718 780 2017 835; x_wconf 66' lang='lat' dir='ltr'><strong>differentia</strong></span> <span class='ocrx_word' id='word_1_45' title='bbox 2042 778 2304 843; x_wconf 89' lang='lat' dir='ltr'><strong>vultuum,</strong></span> 
     </span>
    </p>
   </div>
   <div class='ocr_carea' id='block_1_9' title="bbox 739 868 2307 939">
    <p class='ocr_par' dir='ltr' id='par_1_9' title="bbox 739 868 2307 939">
     <span class='ocr_line' id='line_1_9' title="bbox 739 868 2307 939; baseline 0 -18"><span class='ocrx_word' id='word_1_46' title='bbox 739 879 796 921; x_wconf 79' lang='lat' dir='ltr'><strong>ut</strong></span> <span class='ocrx_word' id='word_1_47' title='bbox 825 868 892 923; x_wconf 87' lang='lat' dir='ltr'><strong>iis</strong></span> <span class='ocrx_word' id='word_1_48' title='bbox 914 870 1002 936; x_wconf 90' lang='lat' dir='ltr'><strong>qui</strong></span> <span class='ocrx_word' id='word_1_49' title='bbox 1037 870 1218 923; x_wconf 89' lang='lat' dir='ltr'><strong>vident</strong></span> <span class='ocrx_word' id='word_1_50' title='bbox 1244 870 1443 939; x_wconf 85' lang='lat' dir='ltr'><strong>agnitio</strong></span> <span class='ocrx_word' id='word_1_51' title='bbox 1471 869 1810 925; x_wconf 80' lang='lat' dir='ltr'><strong>confusionis</strong></span> <span class='ocrx_word' id='word_1_52' title='bbox 1838 882 2031 936; x_wconf 78' lang='lat' dir='ltr'><strong>expers</strong></span> <span class='ocrx_word' id='word_1_53' title='bbox 2055 878 2307 922; x_wconf 84' lang='lat' dir='ltr'><strong>constare</strong></span> 
     </span>
    </p>
   </div>
   <div class='ocr_carea' id='block_1_10' title="bbox 739 960 2313 1030">
    <p class='ocr_par' dir='ltr' id='par_1_10' title="bbox 739 960 2313 1030">
     <span class='ocr_line' id='line_1_10' title="bbox 739 960 2313 1030; baseline 0.001 -18"><span class='ocrx_word' id='word_1_54' title='bbox 739 960 924 1026; x_wconf 77' lang='lat' dir='ltr'><strong>possit.</strong></span> <span class='ocrx_word' id='word_1_55' title='bbox 960 960 1274 1028; x_wconf 82' lang='lat' dir='ltr'><strong>Quanquam</strong></span> <span class='ocrx_word' id='word_1_56' title='bbox 1309 960 1452 1013; x_wconf 88' lang='lat' dir='ltr'><strong>enim</strong></span> <span class='ocrx_word' id='word_1_57' title='bbox 1478 962 1746 1015; x_wconf 77' lang='lat' dir='ltr'><strong>interdum</strong></span> <span class='ocrx_word' id='word_1_58' title='bbox 1776 964 1824 1015; x_wconf 90' lang='lat' dir='ltr'><strong>in</strong></span> <span class='ocrx_word' id='word_1_59' title='bbox 1855 961 2123 1030; x_wconf 85' lang='lat' dir='ltr'><strong>aliquibus</strong></span> <span class='ocrx_word' id='word_1_60' title='bbox 2153 962 2313 1016; x_wconf 84' lang='lat' dir='ltr'><strong>simi-</strong></span> 
     </span>
    </p>
   </div>
   <div class='ocr_carea' id='block_1_11' title="bbox 740 1047 2307 1120">
    <p class='ocr_par' dir='ltr' id='par_1_11' title="bbox 740 1047 2307 1120">
     <span class='ocr_line' id='line_1_11' title="bbox 740 1047 2307 1120; baseline 0.002 -19"><span class='ocrx_word' id='word_1_61' title='bbox 740 1047 908 1103; x_wconf 87' lang='lat' dir='ltr'><strong>litudo</strong></span> <span class='ocrx_word' id='word_1_62' title='bbox 938 1050 1113 1103; x_wconf 89' lang='lat' dir='ltr'><strong>inesse</strong></span> <span class='ocrx_word' id='word_1_63' title='bbox 1147 1050 1380 1111; x_wconf 83' lang='lat' dir='ltr'><strong>videtur.</strong></span> <span class='ocrx_word' id='word_1_64' title='bbox 1409 1060 1587 1105; x_wconf 90' lang='lat' dir='ltr'><strong>tamen</strong></span> <span class='ocrx_word' id='word_1_65' title='bbox 1620 1054 1841 1105; x_wconf 88' lang='lat' dir='ltr'><strong>omnino</strong></span> <span class='ocrx_word' id='word_1_66' title='bbox 1892 1052 2172 1120; x_wconf 83' lang='lat' dir='ltr'><strong>quidpiam</strong></span> <span class='ocrx_word' id='word_1_67' title='bbox 2222 1053 2307 1104; x_wconf 92' lang='lat' dir='ltr'><strong>in-</strong></span> 
     </span>
    </p>
   </div>
   <div class='ocr_carea' id='block_1_12' title="bbox 740 1140 2307 1211">
    <p class='ocr_par' dir='ltr' id='par_1_12' title="bbox 740 1140 2307 1211">
     <span class='ocr_line' id='line_1_12' title="bbox 740 1140 2307 1211; baseline 0.003 -19"><span class='ocrx_word' id='word_1_68' title='bbox 740 1141 983 1193; x_wconf 64' lang='lat' dir='ltr'><strong>vEuietur</strong></span> <span class='ocrx_word' id='word_1_69' title='bbox 1016 1140 1067 1193; x_wconf 89' lang='lat' dir='ltr'><strong>in</strong></span> <span class='ocrx_word' id='word_1_70' title='bbox 1103 1140 1289 1194; x_wconf 84' lang='lat' dir='ltr'><strong>iisdem</strong></span> <span class='ocrx_word' id='word_1_71' title='bbox 1330 1143 1473 1211; x_wconf 91' lang='lat' dir='ltr'><strong>quod</strong></span> <span class='ocrx_word' id='word_1_72' title='bbox 1506 1157 1601 1196; x_wconf 84' lang='lat' dir='ltr'><strong>eos</strong></span> <span class='ocrx_word' id='word_1_73' title='bbox 1640 1142 1999 1196; x_wconf 87' lang='lat' dir='ltr'><strong>discriminet.</strong></span> <span class='ocrx_word' id='word_1_74' title='bbox 2040 1141 2173 1195; x_wconf 81' lang='lat' dir='ltr'><strong>Nam</strong></span> <span class='ocrx_word' id='word_1_75' title='bbox 2207 1142 2307 1196; x_wconf 88' lang='lat' dir='ltr'><strong>etsi</strong></span> 
     </span>
    </p>
   </div>
   <div class='ocr_carea' id='block_1_13' title="bbox 740 1230 2305 1301">
    <p class='ocr_par' dir='ltr' id='par_1_13' title="bbox 740 1230 2305 1301">
     <span class='ocr_line' id='line_1_13' title="bbox 740 1230 2305 1301; baseline 0.003 -17"><span class='ocrx_word' id='word_1_76' title='bbox 740 1230 977 1299; x_wconf 84' lang='lat' dir='ltr'><strong>pulchris</strong></span> <span class='ocrx_word' id='word_1_77' title='bbox 1015 1232 1186 1286; x_wconf 85' lang='lat' dir='ltr'><strong>oculis</strong></span> <span class='ocrx_word' id='word_1_78' title='bbox 1218 1234 1425 1301; x_wconf 70' lang='lat' dir='ltr'><strong>prauliti</strong></span> <span class='ocrx_word' id='word_1_79' title='bbox 1452 1235 1560 1288; x_wconf 89' lang='lat' dir='ltr'><strong>sint</strong></span> <span class='ocrx_word' id='word_1_80' title='bbox 1594 1234 1766 1299; x_wconf 90' lang='lat' dir='ltr'><strong>multi,</strong></span> <span class='ocrx_word' id='word_1_81' title='bbox 1802 1242 2003 1298; x_wconf 81' lang='lat' dir='ltr'><strong>tamen,</strong></span> <span class='ocrx_word' id='word_1_82' title='bbox 2032 1237 2170 1288; x_wconf 89' lang='lat' dir='ltr'><strong>inter</strong></span> <span class='ocrx_word' id='word_1_83' title='bbox 2208 1235 2305 1288; x_wconf 90' lang='lat' dir='ltr'><strong>bos</strong></span> 
     </span>
    </p>
   </div>
   <div class='ocr_carea' id='block_1_14' title="bbox 711 1322 2305 1392">
    <p class='ocr_par' dir='ltr' id='par_1_14' title="bbox 711 1322 2305 1392">
     <span class='ocr_line' id='line_1_14' title="bbox 711 1322 2305 1392; baseline 0.003 -18"><span class='ocrx_word' id='word_1_84' title='bbox 711 1335 950 1392; x_wconf 79' lang='lat' dir='ltr'><strong>&#39;quoque</strong></span> <span class='ocrx_word' id='word_1_85' title='bbox 979 1332 1063 1378; x_wconf 87' lang='lat' dir='ltr'><strong>est</strong></span> <span class='ocrx_word' id='word_1_86' title='bbox 1094 1322 1413 1379; x_wconf 76' lang='lat' dir='ltr'><strong>diﬂ&#39;erentia.</strong></span> <span class='ocrx_word' id='word_1_87' title='bbox 1444 1324 1547 1379; x_wconf 85' lang='lat' dir='ltr'><strong>Alii</strong></span> <span class='ocrx_word' id='word_1_88' title='bbox 1595 1325 1741 1380; x_wconf 91' lang='lat' dir='ltr'><strong>enim</strong></span> <span class='ocrx_word' id='word_1_89' title='bbox 1785 1326 1959 1381; x_wconf 63' lang='lat' dir='ltr'><strong>caesiis</strong></span> <span class='ocrx_word' id='word_1_90' title='bbox 1989 1326 2184 1390; x_wconf 85' lang='lat' dir='ltr'><strong>oculis,</strong></span> <span class='ocrx_word' id='word_1_91' title='bbox 2215 1326 2305 1379; x_wconf 86' lang='lat' dir='ltr'><strong>alii</strong></span> 
     </span>
    </p>
   </div>
   <div class='ocr_carea' id='block_1_15' title="bbox 740 1412 2311 1484">
    <p class='ocr_par' dir='ltr' id='par_1_15' title="bbox 740 1412 2311 1484">
     <span class='ocr_line' id='line_1_15' title="bbox 740 1412 2311 1484; baseline 0.002 -19"><span class='ocrx_word' id='word_1_92' title='bbox 740 1426 965 1465; x_wconf 84' lang='lat' dir='ltr'><strong>uvarum</strong></span> <span class='ocrx_word' id='word_1_93' title='bbox 993 1412 1224 1467; x_wconf 80' lang='lat' dir='ltr'><strong>colorem</strong></span> <span class='ocrx_word' id='word_1_94' title='bbox 1256 1427 1315 1467; x_wconf 86' lang='lat' dir='ltr'><strong>ac</strong></span> <span class='ocrx_word' id='word_1_95' title='bbox 1345 1414 1593 1481; x_wconf 79' lang='lat' dir='ltr'><strong>speciem</strong></span> <span class='ocrx_word' id='word_1_96' title='bbox 1616 1414 1996 1476; x_wconf 76' lang='lat' dir='ltr'><strong>referentibus,</strong></span> <span class='ocrx_word' id='word_1_97' title='bbox 2028 1414 2117 1467; x_wconf 87' lang='lat' dir='ltr'><strong>alii</strong></span> <span class='ocrx_word' id='word_1_98' title='bbox 2153 1415 2311 1484; x_wconf 84' lang='lat' dir='ltr'><strong>nigri-</strong></span> 
     </span>
    </p>
   </div>
   <div class='ocr_carea' id='block_1_16' title="bbox 740 1498 2309 1567">
    <p class='ocr_par' dir='ltr' id='par_1_16' title="bbox 740 1498 2309 1567">
     <span class='ocr_line' id='line_1_16' title="bbox 740 1498 2309 1567; baseline 0.003 -16"><span class='ocrx_word' id='word_1_99' title='bbox 740 1498 987 1552; x_wconf 82' lang='lat' dir='ltr'><strong>cantibus</strong></span> <span class='ocrx_word' id='word_1_100' title='bbox 1020 1498 1405 1567; x_wconf 88' lang='lat' dir='ltr'><strong>reperiuntur:</strong></span> <span class='ocrx_word' id='word_1_101' title='bbox 1450 1498 1540 1551; x_wconf 83' lang='lat' dir='ltr'><strong>alii</strong></span> <span class='ocrx_word' id='word_1_102' title='bbox 1580 1500 1744 1554; x_wconf 85' lang='lat' dir='ltr'><strong>etiam</strong></span> <span class='ocrx_word' id='word_1_103' title='bbox 1784 1500 2159 1555; x_wconf 78' lang='lat' dir='ltr'><strong>albicantibus.</strong></span> <span class='ocrx_word' id='word_1_104' title='bbox 2204 1500 2309 1555; x_wconf 86' lang='lat' dir='ltr'><strong>Sed</strong></span> 
     </span>
    </p>
   </div>
   <div class='ocr_carea' id='block_1_17' title="bbox 739 1590 2307 1658">
    <p class='ocr_par' dir='ltr' id='par_1_17' title="bbox 739 1590 2307 1658">
     <span class='ocr_line' id='line_1_17' title="bbox 739 1590 2307 1658; baseline 0.001 -15"><span class='ocrx_word' id='word_1_105' title='bbox 739 1600 795 1643; x_wconf 85' lang='lat' dir='ltr'><strong>et</strong></span> <span class='ocrx_word' id='word_1_106' title='bbox 824 1590 874 1641; x_wconf 91' lang='lat' dir='ltr'><strong>in</strong></span> <span class='ocrx_word' id='word_1_107' title='bbox 902 1591 1109 1657; x_wconf 76' lang='lat' dir='ltr'><strong>capillis</strong></span> <span class='ocrx_word' id='word_1_108' title='bbox 1132 1590 1381 1658; x_wconf 85' lang='lat' dir='ltr'><strong>quiddam</strong></span> <span class='ocrx_word' id='word_1_109' title='bbox 1410 1592 1547 1645; x_wconf 88' lang='lat' dir='ltr'><strong>inest</strong></span> <span class='ocrx_word' id='word_1_110' title='bbox 1579 1592 1866 1657; x_wconf 81' lang='lat' dir='ltr'><strong>peculiare.</strong></span> <span class='ocrx_word' id='word_1_111' title='bbox 1899 1591 2048 1658; x_wconf 86' lang='lat' dir='ltr'><strong>Quod</strong></span> <span class='ocrx_word' id='word_1_112' title='bbox 2078 1593 2121 1646; x_wconf 89' lang='lat' dir='ltr'><strong>si</strong></span> <span class='ocrx_word' id='word_1_113' title='bbox 2143 1593 2307 1647; x_wconf 86' lang='lat' dir='ltr'><strong>etiam</strong></span> 
     </span>
    </p>
   </div>
   <div class='ocr_carea' id='block_1_18' title="bbox 738 1678 2309 1749">
    <p class='ocr_par' dir='ltr' id='par_1_18' title="bbox 738 1678 2309 1749">
     <span class='ocr_line' id='line_1_18' title="bbox 738 1678 2309 1749; baseline 0.001 -16"><span class='ocrx_word' id='word_1_114' title='bbox 738 1678 861 1733; x_wconf 80' lang='lat' dir='ltr'><strong>simi</strong></span> <span class='ocrx_word' id='word_1_115' title='bbox 891 1690 1013 1733; x_wconf 87' lang='lat' dir='ltr'><strong>sunt</strong></span> <span class='ocrx_word' id='word_1_116' title='bbox 1046 1680 1212 1749; x_wconf 87' lang='lat' dir='ltr'><strong>aliqui</strong></span> <span class='ocrx_word' id='word_1_117' title='bbox 1241 1697 1255 1743; x_wconf 90' lang='lat'><strong>;</strong></span> <span class='ocrx_word' id='word_1_118' title='bbox 1298 1690 1354 1734; x_wconf 86' lang='lat' dir='ltr'><strong>at</strong></span> <span class='ocrx_word' id='word_1_119' title='bbox 1387 1696 1489 1735; x_wconf 90' lang='lat' dir='ltr'><strong>non</strong></span> <span class='ocrx_word' id='word_1_120' title='bbox 1538 1696 1725 1735; x_wconf 90' lang='lat' dir='ltr'><strong>omnes</strong></span> <span class='ocrx_word' id='word_1_121' title='bbox 1768 1682 1957 1735; x_wconf 79' lang='lat' dir='ltr'><strong>eodem</strong></span> <span class='ocrx_word' id='word_1_122' title='bbox 2011 1683 2189 1748; x_wconf 89' lang='lat' dir='ltr'><strong>modo,</strong></span> <span class='ocrx_word' id='word_1_123' title='bbox 2216 1684 2309 1738; x_wconf 84' lang='lat' dir='ltr'><strong>sed</strong></span> 
     </span>
    </p>
   </div>
   <div class='ocr_carea' id='block_1_19' title="bbox 2409 594 3996 667">
    <p class='ocr_par' dir='ltr' id='par_1_19' title="bbox 2409 594 3996 667">
     <span class='ocr_line' id='line_1_19' title="bbox 2409 594 3996 667; baseline 0.001 -18"><span class='ocrx_word' id='word_1_124' title='bbox 2409 599 2628 659; x_wconf 80' lang='grc' dir='ltr'><strong>πάντως</strong></span> <span class='ocrx_word' id='word_1_125' title='bbox 2658 596 2833 649; x_wconf 76' lang='grc' dir='ltr'><strong>ἔνεστι</strong></span> <span class='ocrx_word' id='word_1_126' title='bbox 2864 594 3191 665; x_wconf 82' lang='grc' dir='ltr'><strong>προσώπων,</strong></span> <span class='ocrx_word' id='word_1_127' title='bbox 3228 594 3299 657; x_wconf 83' lang='grc' dir='ltr'><strong>ὡς</strong></span> <span class='ocrx_word' id='word_1_128' title='bbox 3328 594 3634 665; x_wconf 75' lang='grc' dir='ltr'><strong>ἀσύγχυτον</strong></span> <span class='ocrx_word' id='word_1_129' title='bbox 3656 598 3769 657; x_wconf 83' lang='grc' dir='ltr'><strong>τοῖς</strong></span> <span class='ocrx_word' id='word_1_130' title='bbox 3792 598 3996 667; x_wconf 77' lang='grc' dir='ltr'><strong>ὁρῶσιν</strong></span> 
     </span>
    </p>
   </div>
   <div class='ocr_carea' id='block_1_20' title="bbox 2408 682 3997 755">
    <p class='ocr_par' dir='ltr' id='par_1_20' title="bbox 2408 682 3997 755">
     <span class='ocr_line' id='line_1_20' title="bbox 2408 682 3997 755; baseline 0.001 -15"><span class='ocrx_word' id='word_1_131' title='bbox 2408 683 2675 755; x_wconf 70' lang='grc' dir='ltr'><strong>εἶναιτὴν</strong></span> <span class='ocrx_word' id='word_1_132' title='bbox 2717 685 2936 753; x_wconf 89' lang='grc' dir='ltr'><strong>γνῶσιν.</strong></span> <span class='ocrx_word' id='word_1_133' title='bbox 2974 684 3035 736; x_wconf 83' lang='grc' dir='ltr'><strong>Εἰ</strong></span> <span class='ocrx_word' id='word_1_134' title='bbox 3070 682 3177 753; x_wconf 75' lang='grc' dir='ltr'><strong>γὰρ</strong></span> <span class='ocrx_word' id='word_1_135' title='bbox 3209 682 3301 735; x_wconf 84' lang='grc' dir='ltr'><strong>καί</strong></span> <span class='ocrx_word' id='word_1_136' title='bbox 3341 700 3471 736; x_wconf 81' lang='grc' dir='ltr'><strong>ποτε</strong></span> <span class='ocrx_word' id='word_1_137' title='bbox 3508 684 3564 736; x_wconf 75' lang='grc' dir='ltr'><strong>ἐν</strong></span> <span class='ocrx_word' id='word_1_138' title='bbox 3604 700 3747 737; x_wconf 86' lang='grc' dir='ltr'><strong>τισιν</strong></span> <span class='ocrx_word' id='word_1_139' title='bbox 3794 688 3997 741; x_wconf 75' lang='grc' dir='ltr'><strong>ἐνεῖναι</strong></span> 
     </span>
    </p>
   </div>
   <div class='ocr_carea' id='block_1_21' title="bbox 2406 772 3996 847">
    <p class='ocr_par' dir='ltr' id='par_1_21' title="bbox 2406 772 3996 847">
     <span class='ocr_line' id='line_1_21' title="bbox 2406 772 3996 847; baseline 0.001 -19"><span class='ocrx_word' id='word_1_140' title='bbox 2406 776 2544 842; x_wconf 80' lang='grc' dir='ltr'><strong>δόξει</strong></span> <span class='ocrx_word' id='word_1_141' title='bbox 2570 775 2844 845; x_wconf 81' lang='grc' dir='ltr'><strong>ὁμοιότης,</strong></span> <span class='ocrx_word' id='word_1_142' title='bbox 2881 772 2994 827; x_wconf 80' lang='grc' dir='ltr'><strong>ἀλλ’</strong></span> <span class='ocrx_word' id='word_1_143' title='bbox 3030 772 3380 843; x_wconf 77' lang='grc' dir='ltr'><strong>εὑρεθήσεται</strong></span> <span class='ocrx_word' id='word_1_144' title='bbox 3410 790 3462 826; x_wconf 89' lang='grc' dir='ltr'><strong>τι</strong></span> <span class='ocrx_word' id='word_1_145' title='bbox 3490 774 3709 838; x_wconf 83' lang='grc' dir='ltr'><strong>πάντως</strong></span> <span class='ocrx_word' id='word_1_146' title='bbox 3731 775 3795 828; x_wconf 81' lang='grc' dir='ltr'><strong>τὸ</strong></span> <span class='ocrx_word' id='word_1_147' title='bbox 3822 776 3996 847; x_wconf 82' lang='grc' dir='ltr'><strong>διορί-</strong></span> 
     </span>
    </p>
   </div>
   <div class='ocr_carea' id='block_1_22' title="bbox 2408 862 3996 934">
    <p class='ocr_par' dir='ltr' id='par_1_22' title="bbox 2408 862 3996 934">
     <span class='ocr_line' id='line_1_22' title="bbox 2408 862 3996 934; baseline 0.002 -17"><span class='ocrx_word' id='word_1_148' title='bbox 2408 866 2587 929; x_wconf 82' lang='grc' dir='ltr'><strong>ζον.Εί</strong></span> <span class='ocrx_word' id='word_1_149' title='bbox 2604 866 2712 933; x_wconf 82' lang='grc' dir='ltr'><strong>γὰρ</strong></span> <span class='ocrx_word' id='word_1_150' title='bbox 2734 866 2824 917; x_wconf 73' lang='grc' dir='ltr'><strong>καὶ</strong></span> <span class='ocrx_word' id='word_1_151' title='bbox 2838 862 3167 934; x_wconf 70' lang='grc' dir='ltr'><strong>εὐόφθαλμοί</strong></span> <span class='ocrx_word' id='word_1_152' title='bbox 3185 864 3289 934; x_wconf 67' lang='grc' dir='ltr'><strong>τίσι</strong></span> <span class='ocrx_word' id='word_1_153' title='bbox 3302 862 3644 926; x_wconf 57' lang='lat' dir='ltr'><strong>uouemus</strong></span> <span class='ocrx_word' id='word_1_154' title='bbox 3661 866 3766 918; x_wconf 83' lang='grc' dir='ltr'><strong>κάν</strong></span> <span class='ocrx_word' id='word_1_155' title='bbox 3782 866 3996 930; x_wconf 81' lang='grc' dir='ltr'><strong>τούτοις</strong></span> 
     </span>
    </p>
   </div>
   <div class='ocr_carea' id='block_1_23' title="bbox 2406 932 3996 1025">
    <p class='ocr_par' dir='ltr' id='par_1_23' title="bbox 2406 932 3996 1025">
     <span class='ocr_line' id='line_1_23' title="bbox 2406 932 3996 1025; baseline 0.002 -17"><span class='ocrx_word' id='word_1_156' title='bbox 2406 956 2523 1009; x_wconf 74' lang='grc' dir='ltr'><strong>ἐστὶ</strong></span> <span class='ocrx_word' id='word_1_157' title='bbox 2551 932 2801 1025; x_wconf 78' lang='grc' dir='ltr'><strong>διαφορά.</strong></span> <span class='ocrx_word' id='word_1_158' title='bbox 2831 954 2891 1007; x_wconf 79' lang='grc' dir='ltr'><strong>Οἱ</strong></span> <span class='ocrx_word' id='word_1_159' title='bbox 2930 955 3027 1023; x_wconf 78' lang='grc' dir='ltr'><strong>μὲν</strong></span> <span class='ocrx_word' id='word_1_160' title='bbox 3049 932 3157 1025; x_wconf 69' lang='grc' dir='ltr'><strong>γάρ</strong></span> <span class='ocrx_word' id='word_1_161' title='bbox 3188 932 3300 1025; x_wconf 77' lang='grc'>(71)</span> <span class='ocrx_word' id='word_1_162' title='bbox 3323 957 3553 1024; x_wconf 77' lang='grc' dir='ltr'><strong>χαροποὶ</strong></span> <span class='ocrx_word' id='word_1_163' title='bbox 3576 996 3591 1019; x_wconf 94' lang='grc'><strong>,</strong></span> <span class='ocrx_word' id='word_1_164' title='bbox 3618 960 3668 1009; x_wconf 81' lang='lat' dir='ltr'><strong>oi</strong></span> <span class='ocrx_word' id='word_1_165' title='bbox 3691 958 3735 1009; x_wconf 76' lang='grc' dir='ltr'><strong>δ’</strong></span> <span class='ocrx_word' id='word_1_166' title='bbox 3762 958 3996 1023; x_wconf 73' lang='grc' dir='ltr'><strong>οἰνίζον-</strong></span> 
     </span>
    </p>
   </div>
   <div class='ocr_carea' id='block_1_24' title="bbox 2406 1043 3993 1115">
    <p class='ocr_par' dir='ltr' id='par_1_24' title="bbox 2406 1043 3993 1115">
     <span class='ocr_line' id='line_1_24' title="bbox 2406 1043 3993 1115; baseline 0.004 -18"><span class='ocrx_word' id='word_1_167' title='bbox 2406 1062 2518 1107; x_wconf 80' lang='grc' dir='ltr'><strong>τες,</strong></span> <span class='ocrx_word' id='word_1_168' title='bbox 2544 1046 2598 1098; x_wconf 72' lang='lat' dir='ltr'><strong>oi</strong></span> <span class='ocrx_word' id='word_1_169' title='bbox 2621 1045 2677 1097; x_wconf 84' lang='grc' dir='ltr'><strong>δὲ</strong></span> <span class='ocrx_word' id='word_1_170' title='bbox 2700 1044 3102 1115; x_wconf 81' lang='grc' dir='ltr'><strong>μελανόμματοι</strong></span> <span class='ocrx_word' id='word_1_171' title='bbox 3124 1043 3489 1114; x_wconf 79' lang='grc' dir='ltr'><strong>εὑρίσκονται,</strong></span> <span class='ocrx_word' id='word_1_172' title='bbox 3514 1046 3563 1097; x_wconf 80' lang='lat' dir='ltr'><strong>oi</strong></span> <span class='ocrx_word' id='word_1_173' title='bbox 3584 1046 3638 1099; x_wconf 71' lang='grc' dir='ltr'><strong>δὲ</strong></span> <span class='ocrx_word' id='word_1_174' title='bbox 3663 1048 3756 1100; x_wconf 77' lang='grc' dir='ltr'><strong>καὶ</strong></span> <span class='ocrx_word' id='word_1_175' title='bbox 3785 1047 3993 1105; x_wconf 83' lang='grc' dir='ltr'><strong>λευκοί.</strong></span> 
     </span>
    </p>
   </div>
   <div class='ocr_carea' id='block_1_25' title="bbox 2419 1134 3994 1209">
    <p class='ocr_par' dir='ltr' id='par_1_25' title="bbox 2419 1134 3994 1209">
     <span class='ocr_line' id='line_1_25' title="bbox 2419 1134 3994 1209; baseline 0.001 -20"><span class='ocrx_word' id='word_1_176' title='bbox 2419 1136 2581 1190; x_wconf 78' lang='grc' dir='ltr'><strong>Ἀλλὰ</strong></span> <span class='ocrx_word' id='word_1_177' title='bbox 2607 1137 2700 1190; x_wconf 78' lang='grc' dir='ltr'><strong>καὶ</strong></span> <span class='ocrx_word' id='word_1_178' title='bbox 2725 1136 2782 1187; x_wconf 73' lang='grc' dir='ltr'><strong>ὲν</strong></span> <span class='ocrx_word' id='word_1_179' title='bbox 2800 1134 2971 1206; x_wconf 74' lang='grc' dir='ltr'><strong>θριξὶν</strong></span> <span class='ocrx_word' id='word_1_180' title='bbox 3003 1134 3201 1204; x_wconf 89' lang='grc' dir='ltr'><strong>ίδιότης</strong></span> <span class='ocrx_word' id='word_1_181' title='bbox 3216 1136 3387 1188; x_wconf 77' lang='grc' dir='ltr'><strong>ἐστίν’</strong></span> <span class='ocrx_word' id='word_1_182' title='bbox 3417 1138 3467 1189; x_wconf 86' lang='grc' dir='ltr'><strong>εί</strong></span> <span class='ocrx_word' id='word_1_183' title='bbox 3485 1137 3541 1189; x_wconf 81' lang='grc' dir='ltr'><strong>δὲ</strong></span> <span class='ocrx_word' id='word_1_184' title='bbox 3562 1139 3654 1190; x_wconf 79' lang='grc' dir='ltr'><strong>καὶ</strong></span> <span class='ocrx_word' id='word_1_185' title='bbox 3681 1139 3853 1209; x_wconf 68' lang='grc' dir='ltr'><strong>σιμοὶ,</strong></span> <span class='ocrx_word' id='word_1_186' title='bbox 3871 1139 3994 1192; x_wconf 77' lang='grc' dir='ltr'><strong>ἀλλ’</strong></span> 
     </span>
    </p>
   </div>
   <div class='ocr_carea' id='block_1_26' title="bbox 2408 1225 3997 1300">
    <p class='ocr_par' dir='ltr' id='par_1_26' title="bbox 2408 1225 3997 1300">
     <span class='ocr_line' id='line_1_26' title="bbox 2408 1225 3997 1300; baseline 0 -20"><span class='ocrx_word' id='word_1_187' title='bbox 2408 1229 2469 1280; x_wconf 75' lang='grc' dir='ltr'><strong>οὐ</strong></span> <span class='ocrx_word' id='word_1_188' title='bbox 2494 1229 2691 1290; x_wconf 85' lang='grc' dir='ltr'><strong>πάντες</strong></span> <span class='ocrx_word' id='word_1_189' title='bbox 2716 1225 2935 1295; x_wconf 86' lang='grc' dir='ltr'><strong>ὁμοίως·</strong></span> <span class='ocrx_word' id='word_1_190' title='bbox 2960 1225 3073 1278; x_wconf 83' lang='grc' dir='ltr'><strong>ἀλλ’</strong></span> <span class='ocrx_word' id='word_1_191' title='bbox 3095 1227 3121 1278; x_wconf 86' lang='grc' dir='ltr'><strong>ό</strong></span> <span class='ocrx_word' id='word_1_192' title='bbox 3146 1225 3246 1294; x_wconf 82' lang='grc' dir='ltr'><strong>μὲν</strong></span> <span class='ocrx_word' id='word_1_193' title='bbox 3273 1225 3452 1289; x_wconf 79' lang='grc' dir='ltr'><strong>τοῦτο,</strong></span> <span class='ocrx_word' id='word_1_194' title='bbox 3482 1230 3510 1281; x_wconf 81' lang='grc' dir='ltr'>ὁ</span> <span class='ocrx_word' id='word_1_195' title='bbox 3528 1228 3582 1281; x_wconf 80' lang='grc' dir='ltr'><strong>δὲ</strong></span> <span class='ocrx_word' id='word_1_196' title='bbox 3612 1228 3785 1282; x_wconf 75' lang='grc' dir='ltr'><strong>ἐκεῖνο</strong></span> <span class='ocrx_word' id='word_1_197' title='bbox 3811 1230 3873 1281; x_wconf 83' lang='grc' dir='ltr'><strong>τὸ</strong></span> <span class='ocrx_word' id='word_1_198' title='bbox 3902 1230 3997 1300; x_wconf 74' lang='grc' dir='ltr'><strong>μὲ-</strong></span> 
     </span>
    </p>
   </div>
   <div class='ocr_carea' id='block_1_27' title="bbox 2408 1316 3993 1387">
    <p class='ocr_par' dir='ltr' id='par_1_27' title="bbox 2408 1316 3993 1387">
     <span class='ocr_line' id='line_1_27' title="bbox 2408 1316 3993 1387; baseline 0.001 -16"><span class='ocrx_word' id='word_1_199' title='bbox 2408 1319 2498 1381; x_wconf 62' lang='lat'><strong>10;</strong></span> <span class='ocrx_word' id='word_1_200' title='bbox 2526 1318 2743 1371; x_wconf 81' lang='grc' dir='ltr'><strong>κάλλιον</strong></span> <span class='ocrx_word' id='word_1_201' title='bbox 2779 1317 2913 1385; x_wconf 78' lang='grc' dir='ltr'><strong>ἔχει·</strong></span> <span class='ocrx_word' id='word_1_202' title='bbox 2950 1317 3044 1369; x_wconf 86' lang='grc' dir='ltr'><strong>καὶ</strong></span> <span class='ocrx_word' id='word_1_203' title='bbox 3082 1318 3110 1370; x_wconf 85' lang='grc' dir='ltr'><strong>ό</strong></span> <span class='ocrx_word' id='word_1_204' title='bbox 3142 1316 3238 1386; x_wconf 84' lang='grc' dir='ltr'><strong>μὲν</strong></span> <span class='ocrx_word' id='word_1_205' title='bbox 3263 1316 3473 1380; x_wconf 82' lang='grc' dir='ltr'><strong>λευκὸς,</strong></span> <span class='ocrx_word' id='word_1_206' title='bbox 3515 1319 3543 1370; x_wconf 88' lang='grc' dir='ltr'><strong>ό</strong></span> <span class='ocrx_word' id='word_1_207' title='bbox 3586 1316 3641 1370; x_wconf 67' lang='grc' dir='ltr'><strong>δὲ</strong></span> <span class='ocrx_word' id='word_1_208' title='bbox 3670 1319 3863 1387; x_wconf 68' lang='grc' dir='ltr'><strong>μέλαςθ</strong></span> <span class='ocrx_word' id='word_1_209' title='bbox 3891 1320 3993 1372; x_wconf 75' lang='grc' dir='ltr'><strong>καὶ</strong></span> 
     </span>
    </p>
   </div>
   <div class='ocr_carea' id='block_1_28' title="bbox 2410 1401 3993 1480">
    <p class='ocr_par' dir='ltr' id='par_1_28' title="bbox 2410 1401 3993 1480">
     <span class='ocr_line' id='line_1_28' title="bbox 2410 1401 3993 1480; baseline 0.002 -21"><span class='ocrx_word' id='word_1_210' title='bbox 2410 1408 2624 1469; x_wconf 76' lang='grc' dir='ltr'><strong>πάντως</strong></span> <span class='ocrx_word' id='word_1_211' title='bbox 2661 1405 2778 1459; x_wconf 73' lang='grc' dir='ltr'><strong>ἐστὶ</strong></span> <span class='ocrx_word' id='word_1_212' title='bbox 2808 1407 2868 1458; x_wconf 85' lang='grc' dir='ltr'><strong>τὺ</strong></span> <span class='ocrx_word' id='word_1_213' title='bbox 2890 1405 3141 1470; x_wconf 68' lang='grc' dir='ltr'><strong>διουίζον.</strong></span> <span class='ocrx_word' id='word_1_214' title='bbox 3176 1406 3250 1459; x_wconf 82' lang='grc' dir='ltr'><strong>Οὐ</strong></span> <span class='ocrx_word' id='word_1_215' title='bbox 3278 1407 3388 1477; x_wconf 83' lang='grc' dir='ltr'><strong>γάρ</strong></span> <span class='ocrx_word' id='word_1_216' title='bbox 3414 1406 3592 1461; x_wconf 83' lang='grc' dir='ltr'><strong>πάντα</strong></span> <span class='ocrx_word' id='word_1_217' title='bbox 3619 1401 3731 1461; x_wconf 79' lang='grc' dir='ltr'><strong>οἷον</strong></span> <span class='ocrx_word' id='word_1_218' title='bbox 3762 1408 3878 1480; x_wconf 75' lang='grc' dir='ltr'>(ἹΞ)</span> <span class='ocrx_word' id='word_1_219' title='bbox 3910 1413 3993 1462; x_wconf 75' lang='lat' dir='ltr'><strong>sl-</strong></span> 
     </span>
    </p>
   </div>
   <div class='ocr_carea' id='block_1_29' title="bbox 2409 1497 3992 1570">
    <p class='ocr_par' dir='ltr' id='par_1_29' title="bbox 2409 1497 3992 1570">
     <span class='ocr_line' id='line_1_29' title="bbox 2409 1497 3992 1570; baseline 0.003 -21"><span class='ocrx_word' id='word_1_220' title='bbox 2409 1501 2551 1551; x_wconf 82' lang='grc' dir='ltr'><strong>πεῖν·</strong></span> <span class='ocrx_word' id='word_1_221' title='bbox 2587 1497 2727 1550; x_wconf 73' lang='grc' dir='ltr'><strong>οὕτω</strong></span> <span class='ocrx_word' id='word_1_222' title='bbox 2771 1497 2865 1551; x_wconf 78' lang='grc' dir='ltr'><strong>καὶ</strong></span> <span class='ocrx_word' id='word_1_223' title='bbox 2894 1500 2947 1551; x_wconf 85' lang='lat' dir='ltr'><strong>ad</strong></span> <span class='ocrx_word' id='word_1_224' title='bbox 2996 1497 3213 1567; x_wconf 81' lang='grc' dir='ltr'><strong>καρδίαι</strong></span> <span class='ocrx_word' id='word_1_225' title='bbox 3259 1497 3367 1550; x_wconf 86' lang='grc' dir='ltr'><strong>τῶν</strong></span> <span class='ocrx_word' id='word_1_226' title='bbox 3402 1498 3724 1569; x_wconf 82' lang='grc' dir='ltr'><strong>ἀνθρώπων·</strong></span> <span class='ocrx_word' id='word_1_227' title='bbox 3771 1502 3836 1553; x_wconf 78' lang='grc' dir='ltr'><strong>οὐ</strong></span> <span class='ocrx_word' id='word_1_228' title='bbox 3880 1501 3992 1570; x_wconf 73' lang='grc' dir='ltr'><strong>γὰρ</strong></span> 
     </span>
    </p>
   </div>
   <div class='ocr_carea' id='block_1_30' title="bbox 2411 1572 3990 1659">
    <p class='ocr_par' dir='ltr' id='par_1_30' title="bbox 2411 1572 3990 1659">
     <span class='ocr_line' id='line_1_30' title="bbox 2411 1572 3990 1659; baseline 0.003 -17"><span class='ocrx_word' id='word_1_229' title='bbox 2411 1592 2545 1642; x_wconf 74' lang='grc' dir='ltr'><strong>πᾶσι</strong></span> <span class='ocrx_word' id='word_1_230' title='bbox 2571 1589 2637 1641; x_wconf 72' lang='grc' dir='ltr'><strong>τὰ</strong></span> <span class='ocrx_word' id='word_1_231' title='bbox 2669 1588 2807 1641; x_wconf 84' lang='grc' dir='ltr'><strong>αὐτά</strong></span> <span class='ocrx_word' id='word_1_232' title='bbox 2836 1588 3077 1659; x_wconf 79' lang='grc' dir='ltr'><strong>ἀρέσκει’</strong></span> <span class='ocrx_word' id='word_1_233' title='bbox 3116 1587 3250 1641; x_wconf 82' lang='grc' dir='ltr'><strong>ἀλλά</strong></span> <span class='ocrx_word' id='word_1_234' title='bbox 3288 1590 3399 1649; x_wconf 76' lang='grc' dir='ltr'><strong>τοῖς</strong></span> <span class='ocrx_word' id='word_1_235' title='bbox 3425 1588 3523 1658; x_wconf 84' lang='grc' dir='ltr'><strong>μὲν</strong></span> <span class='ocrx_word' id='word_1_236' title='bbox 3556 1572 3727 1643; x_wconf 74' lang='grc' dir='ltr'><strong>ταῦτα</strong></span> <span class='ocrx_word' id='word_1_237' title='bbox 3747 1629 3760 1653; x_wconf 95' lang='grc'><strong>,</strong></span> <span class='ocrx_word' id='word_1_238' title='bbox 3802 1595 3916 1653; x_wconf 85' lang='grc' dir='ltr'><strong>τοῖς</strong></span> <span class='ocrx_word' id='word_1_239' title='bbox 3945 1594 3990 1646; x_wconf 82' lang='grc' dir='ltr'><strong>δ’</strong></span> 
     </span>
    </p>
   </div>
   <div class='ocr_carea' id='block_1_31' title="bbox 2409 1678 3989 1751">
    <p class='ocr_par' dir='ltr' id='par_1_31' title="bbox 2409 1678 3989 1751">
     <span class='ocr_line' id='line_1_31' title="bbox 2409 1678 3989 1751; baseline 0.001 -18"><span class='ocrx_word' id='word_1_240' title='bbox 2409 1681 2612 1733; x_wconf 75' lang='grc' dir='ltr'><strong>ἐκεῖνα.</strong></span> <span class='ocrx_word' id='word_1_241' title='bbox 2638 1680 2747 1733; x_wconf 67' lang='grc' dir='ltr'><strong>Καὶ</strong></span> <span class='ocrx_word' id='word_1_242' title='bbox 2766 1679 2919 1732; x_wconf 61' lang='grc' dir='ltr'><strong>αὐτοὶ¹</strong></span> <span class='ocrx_word' id='word_1_243' title='bbox 2939 1678 2995 1731; x_wconf 72' lang='grc' dir='ltr'><strong>δὲ</strong></span> <span class='ocrx_word' id='word_1_244' title='bbox 3016 1679 3065 1731; x_wconf 78' lang='grc' dir='ltr'><strong>οἱ</strong></span> <span class='ocrx_word' id='word_1_245' title='bbox 3090 1678 3197 1732; x_wconf 91' lang='grc' dir='ltr'><strong>τῶν</strong></span> <span class='ocrx_word' id='word_1_246' title='bbox 3220 1678 3398 1732; x_wconf 84' lang='grc' dir='ltr'><strong>αὐτῶν</strong></span> <span class='ocrx_word' id='word_1_247' title='bbox 3419 1679 3641 1748; x_wconf 71' lang='grc' dir='ltr'><strong>ἐρασταὶ</strong></span> <span class='ocrx_word' id='word_1_248' title='bbox 3660 1682 3757 1750; x_wconf 81' lang='grc' dir='ltr'><strong>οὐχ</strong></span> <span class='ocrx_word' id='word_1_249' title='bbox 3782 1682 3989 1751; x_wconf 79' lang='grc' dir='ltr'><strong>ὁμοίως</strong></span> 
     </span>
    </p>
   </div>
   <div class='ocr_carea' id='block_1_32' title="bbox 740 1766 2306 1840">
    <p class='ocr_par' dir='ltr' id='par_1_32' title="bbox 740 1768 2306 1833">
     <span class='ocr_line' id='line_1_32' title="bbox 740 1768 2306 1833; baseline 0.003 -10"><span class='ocrx_word' id='word_1_250' title='bbox 740 1768 829 1823; x_wconf 87' lang='lat' dir='ltr'><strong>hic</strong></span> <span class='ocrx_word' id='word_1_251' title='bbox 857 1769 1014 1833; x_wconf 83' lang='lat' dir='ltr'><strong>istud,</strong></span> <span class='ocrx_word' id='word_1_252' title='bbox 1045 1770 1133 1824; x_wconf 89' lang='lat' dir='ltr'><strong>ille</strong></span> <span class='ocrx_word' id='word_1_253' title='bbox 1175 1771 1303 1825; x_wconf 92' lang='lat' dir='ltr'><strong>illud</strong></span> <span class='ocrx_word' id='word_1_254' title='bbox 1341 1772 1642 1826; x_wconf 84' lang='lat' dir='ltr'><strong>membrum</strong></span> <span class='ocrx_word' id='word_1_255' title='bbox 1692 1772 1852 1826; x_wconf 81' lang='lat' dir='ltr'><strong>habet</strong></span> <span class='ocrx_word' id='word_1_256' title='bbox 1892 1771 2201 1827; x_wconf 81' lang='lat' dir='ltr'><strong>formosius.</strong></span> <span class='ocrx_word' id='word_1_257' title='bbox 2243 1774 2306 1828; x_wconf 92' lang='lat' dir='ltr'><strong>Et</strong></span> 
     </span>
    </p>
   </div>
   <div class='ocr_carea' id='block_1_33' title="bbox 2407 1766 3987 1840">
    <p class='ocr_par' dir='ltr' id='par_1_33' title="bbox 2412 1766 3987 1840">
     <span class='ocr_line' id='line_1_33' title="bbox 2412 1766 3987 1840; baseline 0.001 -19"><span class='ocrx_word' id='word_1_258' title='bbox 2412 1769 2541 1840; x_wconf 66' lang='lat' dir='ltr'><strong>napi.</strong></span> <span class='ocrx_word' id='word_1_259' title='bbox 2575 1769 2641 1821; x_wconf 83' lang='grc' dir='ltr'><strong>τὰ</strong></span> <span class='ocrx_word' id='word_1_260' title='bbox 2674 1767 2950 1838; x_wconf 80' lang='grc' dir='ltr'><strong>ὲπέραστα</strong></span> <span class='ocrx_word' id='word_1_261' title='bbox 2977 1766 3207 1836; x_wconf 69' lang='grc' dir='ltr'><strong>ἔχουσιν·</strong></span> <span class='ocrx_word' id='word_1_262' title='bbox 3253 1766 3368 1819; x_wconf 88' lang='grc' dir='ltr'><strong>ἀλλ’</strong></span> <span class='ocrx_word' id='word_1_263' title='bbox 3399 1768 3447 1819; x_wconf 88' lang='grc' dir='ltr'><strong>οἱ</strong></span> <span class='ocrx_word' id='word_1_264' title='bbox 3484 1768 3580 1837; x_wconf 71' lang='grc' dir='ltr'><strong>μὲν</strong></span> <span class='ocrx_word' id='word_1_265' title='bbox 3616 1770 3898 1838; x_wconf 78' lang='grc' dir='ltr'><strong>μειζόνων,</strong></span> <span class='ocrx_word' id='word_1_266' title='bbox 3934 1772 3987 1823; x_wconf 76' lang='lat' dir='ltr'><strong>oi</strong></span> 
     </span>
    </p>
   </div>
   <div class='ocr_carea' id='block_1_34' title="bbox 738 1851 2306 1929">
    <p class='ocr_par' dir='ltr' id='par_1_34' title="bbox 738 1855 2306 1929">
     <span class='ocr_line' id='line_1_34' title="bbox 738 1855 2306 1929; baseline 0.004 -20"><span class='ocrx_word' id='word_1_267' title='bbox 738 1855 876 1910; x_wconf 77' lang='lat' dir='ltr'><strong>alius</strong></span> <span class='ocrx_word' id='word_1_268' title='bbox 892 1858 1106 1927; x_wconf 86' lang='lat' dir='ltr'><strong>qu’idem</strong></span> <span class='ocrx_word' id='word_1_269' title='bbox 1132 1859 1391 1913; x_wconf 91' lang='lat' dir='ltr'><strong>candidus</strong></span> <span class='ocrx_word' id='word_1_270' title='bbox 1418 1870 1521 1922; x_wconf 88' lang='lat' dir='ltr'><strong>est,</strong></span> <span class='ocrx_word' id='word_1_271' title='bbox 1545 1859 1682 1913; x_wconf 91' lang='lat' dir='ltr'><strong>alius</strong></span> <span class='ocrx_word' id='word_1_272' title='bbox 1704 1869 1883 1915; x_wconf 88' lang='lat' dir='ltr'><strong>autem</strong></span> <span class='ocrx_word' id='word_1_273' title='bbox 1907 1861 2059 1929; x_wconf 84' lang='lat' dir='ltr'><strong>niger</strong></span> <span class='ocrx_word' id='word_1_274' title='bbox 2090 1879 2103 1915; x_wconf 89' lang='lat'><strong>:</strong></span> <span class='ocrx_word' id='word_1_275' title='bbox 2131 1864 2306 1916; x_wconf 89' lang='lat' dir='ltr'><strong>omni-</strong></span> 
     </span>
    </p>
   </div>
   <div class='ocr_carea' id='block_1_35' title="bbox 2407 1851 3983 1929">
    <p class='ocr_par' dir='ltr' id='par_1_35' title="bbox 2409 1853 3983 1929">
     <span class='ocr_line' id='line_1_35' title="bbox 2409 1853 3983 1929; baseline 0.001 -20"><span class='ocrx_word' id='word_1_276' title='bbox 2409 1858 2465 1910; x_wconf 84' lang='grc' dir='ltr'><strong>δὲ</strong></span> <span class='ocrx_word' id='word_1_277' title='bbox 2521 1856 2758 1929; x_wconf 77' lang='grc' dir='ltr'><strong>μετρίων</strong></span> <span class='ocrx_word' id='word_1_278' title='bbox 2790 1854 2900 1926; x_wconf 77' lang='grc'>(73)</span> <span class='ocrx_word' id='word_1_279' title='bbox 2957 1856 3218 1925; x_wconf 80' lang='grc' dir='ltr'><strong>ἐφίενται.</strong></span> <span class='ocrx_word' id='word_1_280' title='bbox 3271 1856 3439 1909; x_wconf 83' lang='grc' dir='ltr'><strong>Πόσοι</strong></span> <span class='ocrx_word' id='word_1_281' title='bbox 3485 1853 3983 1927; x_wconf 72' lang='grc' dir='ltr'><strong>σώφρονέςέίσινι</strong></span> 
     </span>
    </p>
   </div>
   <div class='ocr_carea' id='block_1_36' title="bbox 740 1950 2357 2020">
    <p class='ocr_par' dir='ltr' id='par_1_36' title="bbox 740 1950 2357 2020">
     <span class='ocr_line' id='line_1_36' title="bbox 740 1950 2357 2020; baseline 0.004 -19"><span class='ocrx_word' id='word_1_282' title='bbox 740 1962 914 2017; x_wconf 82' lang='lat' dir='ltr'><strong>neque</strong></span> <span class='ocrx_word' id='word_1_283' title='bbox 944 1957 1024 2003; x_wconf 90' lang='lat' dir='ltr'><strong>est</strong></span> <span class='ocrx_word' id='word_1_284' title='bbox 1046 1950 1270 2019; x_wconf 87' lang='lat' dir='ltr'><strong>aliquid,</strong></span> <span class='ocrx_word' id='word_1_285' title='bbox 1297 1952 1442 2020; x_wconf 85' lang='lat' dir='ltr'><strong>quod</strong></span> <span class='ocrx_word' id='word_1_286' title='bbox 1474 1952 1765 2007; x_wconf 77' lang='lat' dir='ltr'><strong>diSCrimen</strong></span> <span class='ocrx_word' id='word_1_287' title='bbox 1803 1952 1943 2006; x_wconf 90' lang='lat' dir='ltr'><strong>inter</strong></span> <span class='ocrx_word' id='word_1_288' title='bbox 1970 1968 2064 2007; x_wconf 89' lang='lat' dir='ltr'><strong>eos</strong></span> <span class='ocrx_word' id='word_1_289' title='bbox 2116 1952 2302 2008; x_wconf 84' lang='lat' dir='ltr'><strong>faciat.</strong></span> <span class='ocrx_word' id='word_1_290' title='bbox 2354 1952 2357 1955; x_wconf 32' lang='grc' dir='ltr'><strong>λ</strong></span> 
     </span>
    </p>
   </div>
   <div class='ocr_carea' id='block_1_37' title="bbox 739 2039 2309 2111">
    <p class='ocr_par' dir='ltr' id='par_1_37' title="bbox 739 2039 2309 2111">
     <span class='ocr_line' id='line_1_37' title="bbox 739 2039 2309 2111; baseline 0.004 -17"><span class='ocrx_word' id='word_1_291' title='bbox 739 2039 923 2110; x_wconf 77' lang='lat' dir='ltr'><strong>Neque</strong></span> <span class='ocrx_word' id='word_1_292' title='bbox 954 2045 1096 2095; x_wconf 82' lang='lat' dir='ltr'><strong>enim</strong></span> <span class='ocrx_word' id='word_1_293' title='bbox 1150 2042 1329 2097; x_wconf 87' lang='lat' dir='ltr'><strong>omnia</strong></span> <span class='ocrx_word' id='word_1_294' title='bbox 1364 2044 1541 2097; x_wconf 81' lang='lat' dir='ltr'><strong>verbis</strong></span> <span class='ocrx_word' id='word_1_295' title='bbox 1584 2042 1811 2111; x_wconf 82' lang='lat' dir='ltr'><strong>exprimi</strong></span> <span class='ocrx_word' id='word_1_296' title='bbox 1843 2053 2083 2111; x_wconf 82' lang='lat' dir='ltr'><strong>possunt.</strong></span> <span class='ocrx_word' id='word_1_297' title='bbox 2122 2044 2214 2099; x_wconf 90' lang='lat' dir='ltr'><strong>Sic</strong></span> <span class='ocrx_word' id='word_1_298' title='bbox 2254 2054 2309 2100; x_wconf 88' lang='lat' dir='ltr'><strong>et</strong></span> 
     </span>
    </p>
   </div>
   <div class='ocr_carea' id='block_1_38' title="bbox 738 2130 2307 2201">
    <p class='ocr_par' dir='ltr' id='par_1_38' title="bbox 738 2130 2307 2201">
     <span class='ocr_line' id='line_1_38' title="bbox 738 2130 2307 2201; baseline 0.003 -14"><span class='ocrx_word' id='word_1_299' title='bbox 738 2134 901 2187; x_wconf 81' lang='lat' dir='ltr'><strong>corda</strong></span> <span class='ocrx_word' id='word_1_300' title='bbox 953 2133 1224 2187; x_wconf 91' lang='lat' dir='ltr'><strong>hominum</strong></span> <span class='ocrx_word' id='word_1_301' title='bbox 1268 2141 1392 2186; x_wconf 89' lang='lat' dir='ltr'><strong>sunt</strong></span> <span class='ocrx_word' id='word_1_302' title='bbox 1418 2145 1748 2201; x_wconf 88' lang='lat' dir='ltr'><strong>comparata.</strong></span> <span class='ocrx_word' id='word_1_303' title='bbox 1800 2130 1938 2187; x_wconf 85' lang='lat' dir='ltr'><strong>Nam</strong></span> <span class='ocrx_word' id='word_1_304' title='bbox 1980 2149 2082 2189; x_wconf 91' lang='lat' dir='ltr'><strong>non</strong></span> <span class='ocrx_word' id='word_1_305' title='bbox 2118 2136 2307 2191; x_wconf 89' lang='lat' dir='ltr'><strong>eadem</strong></span> 
     </span>
    </p>
   </div>
   <div class='ocr_carea' id='block_1_39' title="bbox 737 2224 2307 2293">
    <p class='ocr_par' dir='ltr' id='par_1_39' title="bbox 737 2224 2307 2293">
     <span class='ocr_line' id='line_1_39' title="bbox 737 2224 2307 2293; baseline 0.004 -15"><span class='ocrx_word' id='word_1_306' title='bbox 737 2224 987 2278; x_wconf 77' lang='lat' dir='ltr'><strong>omnibus</strong></span> <span class='ocrx_word' id='word_1_307' title='bbox 1020 2224 1230 2293; x_wconf 86' lang='lat' dir='ltr'><strong>placent</strong></span> <span class='ocrx_word' id='word_1_308' title='bbox 1267 2242 1281 2279; x_wconf 89' lang='lat'><strong>:</strong></span> <span class='ocrx_word' id='word_1_309' title='bbox 1311 2226 1403 2279; x_wconf 88' lang='lat' dir='ltr'><strong>sed</strong></span> <span class='ocrx_word' id='word_1_310' title='bbox 1432 2224 1553 2278; x_wconf 86' lang='lat' dir='ltr'><strong>aliis</strong></span> <span class='ocrx_word' id='word_1_311' title='bbox 1587 2226 1803 2293; x_wconf 82' lang='lat' dir='ltr'><strong>quidem</strong></span> <span class='ocrx_word' id='word_1_312' title='bbox 1847 2226 1982 2293; x_wconf 60' lang='lat' dir='ltr'><strong>haec,</strong></span> <span class='ocrx_word' id='word_1_313' title='bbox 2021 2228 2140 2283; x_wconf 89' lang='lat' dir='ltr'><strong>aliis</strong></span> <span class='ocrx_word' id='word_1_314' title='bbox 2179 2244 2307 2284; x_wconf 86' lang='lat' dir='ltr'><strong>vero</strong></span> 
     </span>
    </p>
   </div>
   <div class='ocr_carea' id='block_1_40' title="bbox 741 2315 2308 2386">
    <p class='ocr_par' dir='ltr' id='par_1_40' title="bbox 741 2315 2308 2386">
     <span class='ocr_line' id='line_1_40' title="bbox 741 2315 2308 2386; baseline 0.006 -19"><span class='ocrx_word' id='word_1_315' title='bbox 741 2316 849 2368; x_wconf 85' lang='lat' dir='ltr'><strong>illa.</strong></span> <span class='ocrx_word' id='word_1_316' title='bbox 875 2315 1010 2381; x_wconf 82' lang='lat' dir='ltr'><strong>Quid</strong></span> <span class='ocrx_word' id='word_1_317' title='bbox 1035 2317 1176 2384; x_wconf 89' lang='lat' dir='ltr'><strong>quod</strong></span> <span class='ocrx_word' id='word_1_318' title='bbox 1209 2316 1281 2371; x_wconf 89' lang='lat' dir='ltr'><strong>illi</strong></span> <span class='ocrx_word' id='word_1_319' title='bbox 1304 2318 1423 2385; x_wconf 87' lang='lat' dir='ltr'><strong>ipsi,</strong></span> <span class='ocrx_word' id='word_1_320' title='bbox 1453 2318 1544 2386; x_wconf 90' lang='lat' dir='ltr'><strong>qui</strong></span> <span class='ocrx_word' id='word_1_321' title='bbox 1572 2319 1888 2373; x_wconf 83' lang='lat' dir='ltr'><strong>earumdem</strong></span> <span class='ocrx_word' id='word_1_322' title='bbox 1912 2334 2091 2374; x_wconf 89' lang='lat' dir='ltr'><strong>rerum</strong></span> <span class='ocrx_word' id='word_1_323' title='bbox 2121 2335 2308 2377; x_wconf 89' lang='lat' dir='ltr'><strong>amore</strong></span> 
     </span>
    </p>
   </div>
   <div class='ocr_carea' id='block_1_41' title="bbox 742 2406 2308 2475">
    <p class='ocr_par' dir='ltr' id='par_1_41' title="bbox 742 2406 2308 2475">
     <span class='ocr_line' id='line_1_41' title="bbox 742 2406 2308 2475; baseline 0.004 -17"><span class='ocrx_word' id='word_1_324' title='bbox 742 2416 1012 2468; x_wconf 85' lang='lat' dir='ltr'><strong>tenentur,</strong></span> <span class='ocrx_word' id='word_1_325' title='bbox 1048 2419 1153 2460; x_wconf 85' lang='lat' dir='ltr'><strong>nun</strong></span> <span class='ocrx_word' id='word_1_326' title='bbox 1191 2406 1379 2461; x_wconf 78' lang='lat' dir='ltr'><strong>eodem</strong></span> <span class='ocrx_word' id='word_1_327' title='bbox 1408 2408 1565 2461; x_wconf 90' lang='lat' dir='ltr'><strong>modo</strong></span> <span class='ocrx_word' id='word_1_328' title='bbox 1588 2422 1713 2475; x_wconf 83' lang='lat' dir='ltr'><strong>erga</strong></span> <span class='ocrx_word' id='word_1_329' title='bbox 1757 2423 1843 2463; x_wconf 89' lang='lat' dir='ltr'><strong>res</strong></span> <span class='ocrx_word' id='word_1_330' title='bbox 1886 2419 2094 2463; x_wconf 83' lang='lat' dir='ltr'><strong>amatas</strong></span> <span class='ocrx_word' id='word_1_331' title='bbox 2130 2408 2308 2465; x_wconf 78' lang='lat' dir='ltr'><strong>aﬂ&#39;ecti</strong></span> 
     </span>
    </p>
   </div>
   <div class='ocr_carea' id='block_1_42' title="bbox 739 2483 2306 2562">
    <p class='ocr_par' dir='ltr' id='par_1_42' title="bbox 739 2483 2306 2562">
     <span class='ocr_line' id='line_1_42' title="bbox 739 2483 2306 2562; baseline 0.002 -10"><span class='ocrx_word' id='word_1_332' title='bbox 739 2483 884 2560; x_wconf 80' lang='lat' dir='ltr'><strong>suni,</strong></span> <span class='ocrx_word' id='word_1_333' title='bbox 914 2499 1005 2551; x_wconf 90' lang='lat' dir='ltr'><strong>sed</strong></span> <span class='ocrx_word' id='word_1_334' title='bbox 1032 2497 1121 2550; x_wconf 89' lang='lat' dir='ltr'><strong>alii</strong></span> <span class='ocrx_word' id='word_1_335' title='bbox 1153 2500 1548 2562; x_wconf 76' lang='lat' dir='ltr'><strong>vehementius,</strong></span> <span class='ocrx_word' id='word_1_336' title='bbox 1580 2499 1669 2552; x_wconf 89' lang='lat' dir='ltr'><strong>alii</strong></span> <span class='ocrx_word' id='word_1_337' title='bbox 1699 2501 2028 2553; x_wconf 89' lang='lat' dir='ltr'><strong>moderatius</strong></span> <span class='ocrx_word' id='word_1_338' title='bbox 2052 2516 2145 2555; x_wconf 86' lang='lat' dir='ltr'><strong>eas</strong></span> <span class='ocrx_word' id='word_1_339' title='bbox 2180 2515 2306 2555; x_wconf 92' lang='lat' dir='ltr'><strong>con-</strong></span> 
     </span>
    </p>
   </div>
   <div class='ocr_carea' id='block_1_43' title="bbox 737 2586 2309 2658">
    <p class='ocr_par' dir='ltr' id='par_1_43' title="bbox 737 2586 2309 2658">
     <span class='ocr_line' id='line_1_43' title="bbox 737 2586 2309 2658; baseline 0.004 -17"><span class='ocrx_word' id='word_1_340' title='bbox 737 2586 1057 2654; x_wconf 72' lang='lat' dir='ltr'><strong>cupiscunt?</strong></span> <span class='ocrx_word' id='word_1_341' title='bbox 1080 2586 1247 2653; x_wconf 84' lang='lat' dir='ltr'><strong>Quam</strong></span> <span class='ocrx_word' id='word_1_342' title='bbox 1288 2590 1436 2643; x_wconf 89' lang='lat' dir='ltr'><strong>multi</strong></span> <span class='ocrx_word' id='word_1_343' title='bbox 1474 2599 1598 2643; x_wconf 90' lang='lat' dir='ltr'><strong>sunt</strong></span> <span class='ocrx_word' id='word_1_344' title='bbox 1622 2589 1793 2643; x_wconf 83' lang='lat' dir='ltr'><strong>sobrii</strong></span> <span class='ocrx_word' id='word_1_345' title='bbox 1821 2603 1883 2642; x_wconf 88' lang='lat' dir='ltr'><strong>ac</strong></span> <span class='ocrx_word' id='word_1_346' title='bbox 1907 2592 2309 2658; x_wconf 79' lang='lat' dir='ltr'><strong>temperantes?</strong></span> 
     </span>
    </p>
   </div>
   <div class='ocr_carea' id='block_1_44' title="bbox 736 2677 2304 2748">
    <p class='ocr_par' dir='ltr' id='par_1_44' title="bbox 736 2677 2304 2748">
     <span class='ocr_line' id='line_1_44' title="bbox 736 2677 2304 2748; baseline 0.003 -18"><span class='ocrx_word' id='word_1_347' title='bbox 736 2678 807 2730; x_wconf 82' lang='lat' dir='ltr'><strong>At</strong></span> <span class='ocrx_word' id='word_1_348' title='bbox 835 2677 1187 2732; x_wconf 87' lang='lat' dir='ltr'><strong>dissimiliter.</strong></span> <span class='ocrx_word' id='word_1_349' title='bbox 1221 2680 1322 2731; x_wconf 81' lang='lat' dir='ltr'><strong>Alii</strong></span> <span class='ocrx_word' id='word_1_350' title='bbox 1366 2695 1597 2748; x_wconf 88' lang='lat' dir='ltr'><strong>namque</strong></span> <span class='ocrx_word' id='word_1_351' title='bbox 1624 2680 2025 2747; x_wconf 75' lang='lat' dir='ltr'><strong>virginitatem,</strong></span> <span class='ocrx_word' id='word_1_352' title='bbox 2054 2681 2143 2735; x_wconf 89' lang='lat' dir='ltr'><strong>alii</strong></span> <span class='ocrx_word' id='word_1_353' title='bbox 2176 2696 2304 2735; x_wconf 87' lang='lat' dir='ltr'><strong>con-</strong></span> 
     </span>
    </p>
   </div>
   <div class='ocr_carea' id='block_1_45' title="bbox 739 2768 2305 2841">
    <p class='ocr_par' dir='ltr' id='par_1_45' title="bbox 739 2768 2305 2841">
     <span class='ocr_line' id='line_1_45' title="bbox 739 2768 2305 2841; baseline 0.004 -20"><span class='ocrx_word' id='word_1_354' title='bbox 739 2768 1045 2828; x_wconf 84' lang='lat' dir='ltr'><strong>tinentiam,</strong></span> <span class='ocrx_word' id='word_1_355' title='bbox 1084 2768 1175 2821; x_wconf 84' lang='lat' dir='ltr'><strong>alii</strong></span> <span class='ocrx_word' id='word_1_356' title='bbox 1207 2770 1437 2837; x_wconf 85' lang='lat' dir='ltr'><strong>denique</strong></span> <span class='ocrx_word' id='word_1_357' title='bbox 1472 2770 1794 2825; x_wconf 81' lang='lat' dir='ltr'><strong>honorabile</strong></span> <span class='ocrx_word' id='word_1_358' title='bbox 1823 2771 2132 2841; x_wconf 72' lang='lat' dir='ltr'><strong>coniugium</strong></span> <span class='ocrx_word' id='word_1_359' title='bbox 2178 2783 2305 2827; x_wconf 84' lang='lat' dir='ltr'><strong>sunt</strong></span> 
     </span>
    </p>
   </div>
   <div class='ocr_carea' id='block_1_46' title="bbox 739 2855 2309 2923">
    <p class='ocr_par' dir='ltr' id='par_1_46' title="bbox 739 2855 2309 2923">
     <span class='ocr_line' id='line_1_46' title="bbox 739 2855 2309 2923; baseline 0.005 -15"><span class='ocrx_word' id='word_1_360' title='bbox 739 2856 994 2923; x_wconf 78' lang='lat' dir='ltr'><strong>amplexi.</strong></span> <span class='ocrx_word' id='word_1_361' title='bbox 1034 2855 1203 2920; x_wconf 85' lang='lat' dir='ltr'><strong>Quam</strong></span> <span class='ocrx_word' id='word_1_362' title='bbox 1235 2857 1383 2910; x_wconf 82' lang='lat' dir='ltr'><strong>inulti</strong></span> <span class='ocrx_word' id='word_1_363' title='bbox 1417 2867 1536 2912; x_wconf 90' lang='lat' dir='ltr'><strong>sunt</strong></span> <span class='ocrx_word' id='word_1_364' title='bbox 1584 2858 1998 2913; x_wconf 69' lang='lat' dir='ltr'><strong>misericordes?</strong></span> <span class='ocrx_word' id='word_1_365' title='bbox 2028 2861 2133 2914; x_wconf 85' lang='lat' dir='ltr'><strong>Sed</strong></span> <span class='ocrx_word' id='word_1_366' title='bbox 2169 2862 2309 2916; x_wconf 88' lang='lat' dir='ltr'><strong>inter</strong></span> 
     </span>
    </p>
   </div>
   <div class='ocr_carea' id='block_1_47' title="bbox 738 2944 2305 3017">
    <p class='ocr_par' dir='ltr' id='par_1_47' title="bbox 738 2944 2305 3017">
     <span class='ocr_line' id='line_1_47' title="bbox 738 2944 2305 3017; baseline 0.006 -19"><span class='ocrx_word' id='word_1_367' title='bbox 738 2960 799 2999; x_wconf 87' lang='lat' dir='ltr'><strong>se</strong></span> <span class='ocrx_word' id='word_1_368' title='bbox 829 2944 1099 2998; x_wconf 77' lang='lat' dir='ltr'><strong>diﬂeruut.</strong></span> <span class='ocrx_word' id='word_1_369' title='bbox 1140 2944 1310 3010; x_wconf 83' lang='lat' dir='ltr'><strong>Quam</strong></span> <span class='ocrx_word' id='word_1_370' title='bbox 1362 2947 1512 2999; x_wconf 89' lang='lat' dir='ltr'><strong>multi</strong></span> <span class='ocrx_word' id='word_1_371' title='bbox 1558 2956 1683 3001; x_wconf 86' lang='lat' dir='ltr'><strong>sunt</strong></span> <span class='ocrx_word' id='word_1_372' title='bbox 1728 2949 1899 3017; x_wconf 85' lang='lat' dir='ltr'><strong>justi?</strong></span> <span class='ocrx_word' id='word_1_373' title='bbox 1941 2950 2047 3004; x_wconf 88' lang='lat' dir='ltr'><strong>Sed</strong></span> <span class='ocrx_word' id='word_1_374' title='bbox 2077 2951 2305 3007; x_wconf 82' lang='lat' dir='ltr'><strong>variant.</strong></span> 
     </span>
    </p>
   </div>
   <div class='ocr_carea' id='block_1_48' title="bbox 736 3035 2305 3110">
    <p class='ocr_par' dir='ltr' id='par_1_48' title="bbox 736 3035 2305 3110">
     <span class='ocr_line' id='line_1_48' title="bbox 736 3035 2305 3110; baseline 0.003 -20"><span class='ocrx_word' id='word_1_375' title='bbox 736 3035 852 3090; x_wconf 80' lang='lat' dir='ltr'><strong>Non</strong></span> <span class='ocrx_word' id='word_1_376' title='bbox 881 3038 1051 3090; x_wconf 84' lang='lat' dir='ltr'><strong>solum</strong></span> <span class='ocrx_word' id='word_1_377' title='bbox 1090 3048 1267 3091; x_wconf 89' lang='lat' dir='ltr'><strong>autem</strong></span> <span class='ocrx_word' id='word_1_378' title='bbox 1301 3036 1351 3089; x_wconf 92' lang='lat' dir='ltr'><strong>in</strong></span> <span class='ocrx_word' id='word_1_379' title='bbox 1405 3038 1722 3103; x_wconf 81' lang='lat' dir='ltr'><strong>virtutibus,</strong></span> <span class='ocrx_word' id='word_1_380' title='bbox 1758 3040 1853 3094; x_wconf 90' lang='lat' dir='ltr'><strong>sed</strong></span> <span class='ocrx_word' id='word_1_381' title='bbox 1888 3040 1942 3093; x_wconf 93' lang='lat' dir='ltr'><strong>in</strong></span> <span class='ocrx_word' id='word_1_382' title='bbox 1992 3040 2136 3095; x_wconf 87' lang='lat' dir='ltr'><strong>vitiis</strong></span> <span class='ocrx_word' id='word_1_383' title='bbox 2166 3056 2305 3110; x_wconf 84' lang='lat' dir='ltr'><strong>quo-</strong></span> 
     </span>
    </p>
   </div>
   <div class='ocr_carea' id='block_1_49' title="bbox 736 3128 2300 3201">
    <p class='ocr_par' dir='ltr' id='par_1_49' title="bbox 736 3128 2300 3201">
     <span class='ocr_line' id='line_1_49' title="bbox 736 3128 2300 3201; baseline 0.004 -20"><span class='ocrx_word' id='word_1_384' title='bbox 736 3142 845 3198; x_wconf 90' lang='lat' dir='ltr'><strong>que</strong></span> <span class='ocrx_word' id='word_1_385' title='bbox 871 3128 1011 3182; x_wconf 86' lang='lat' dir='ltr'><strong>idem</strong></span> <span class='ocrx_word' id='word_1_386' title='bbox 1041 3128 1222 3183; x_wconf 89' lang='lat' dir='ltr'><strong>videre</strong></span> <span class='ocrx_word' id='word_1_387' title='bbox 1250 3136 1332 3182; x_wconf 88' lang='lat' dir='ltr'><strong>est</strong></span> <span class='ocrx_word' id='word_1_388' title='bbox 1356 3129 1667 3183; x_wconf 88' lang='lat' dir='ltr'><strong>discrimen.</strong></span> <span class='ocrx_word' id='word_1_389' title='bbox 1700 3130 1871 3196; x_wconf 79' lang='lat' dir='ltr'><strong>Quam</strong></span> <span class='ocrx_word' id='word_1_390' title='bbox 1910 3131 2058 3185; x_wconf 91' lang='lat' dir='ltr'><strong>multi</strong></span> <span class='ocrx_word' id='word_1_391' title='bbox 2082 3133 2300 3201; x_wconf 85' lang='lat' dir='ltr'><strong>pessimi</strong></span> 
     </span>
    </p>
   </div>
   <div class='ocr_carea' id='block_1_50' title="bbox 738 3218 2299 3292">
    <p class='ocr_par' dir='ltr' id='par_1_50' title="bbox 738 3218 2299 3292">
     <span class='ocr_line' id='line_1_50' title="bbox 738 3218 2299 3292; baseline 0.004 -21"><span class='ocrx_word' id='word_1_392' title='bbox 738 3218 1178 3287; x_wconf 85' lang='lat' dir='ltr'><strong>vitiosissimique</strong></span> <span class='ocrx_word' id='word_1_393' title='bbox 1222 3220 1382 3273; x_wconf 85' lang='lat' dir='ltr'><strong>sunt?</strong></span> <span class='ocrx_word' id='word_1_394' title='bbox 1414 3218 1792 3275; x_wconf 83' lang='lat' dir='ltr'><strong>Verumtamen</strong></span> <span class='ocrx_word' id='word_1_395' title='bbox 1831 3221 2132 3277; x_wconf 66' lang='lat' dir='ltr'><strong>differentia</strong></span> <span class='ocrx_word' id='word_1_396' title='bbox 2167 3239 2299 3292; x_wconf 90' lang='lat' dir='ltr'><strong>qua-</strong></span> 
     </span>
    </p>
   </div>
   <div class='ocr_carea' id='block_1_51' title="bbox 737 3309 2307 3376">
    <p class='ocr_par' dir='ltr' id='par_1_51' title="bbox 737 3309 2307 3376">
     <span class='ocr_line' id='line_1_51' title="bbox 737 3309 2307 3376; baseline 0.003 -13"><span class='ocrx_word' id='word_1_397' title='bbox 737 3309 859 3363; x_wconf 90' lang='lat' dir='ltr'><strong>dam</strong></span> <span class='ocrx_word' id='word_1_398' title='bbox 890 3309 1346 3363; x_wconf 82' lang='lat' dir='ltr'><strong>internoscantur.</strong></span> <span class='ocrx_word' id='word_1_399' title='bbox 1395 3310 1566 3376; x_wconf 85' lang='lat' dir='ltr'><strong>Quam</strong></span> <span class='ocrx_word' id='word_1_400' title='bbox 1627 3311 1777 3365; x_wconf 88' lang='lat' dir='ltr'><strong>multi</strong></span> <span class='ocrx_word' id='word_1_401' title='bbox 1838 3322 1964 3365; x_wconf 89' lang='lat' dir='ltr'><strong>sunt</strong></span> <span class='ocrx_word' id='word_1_402' title='bbox 1996 3312 2307 3368; x_wconf 84' lang='lat' dir='ltr'><strong>libidinibus</strong></span> 
     </span>
    </p>
   </div>
   <div class='ocr_carea' id='block_1_52' title="bbox 737 3397 2305 3469">
    <p class='ocr_par' dir='ltr' id='par_1_52' title="bbox 737 3397 2305 3469">
     <span class='ocr_line' id='line_1_52' title="bbox 737 3397 2305 3469; baseline 0.003 -17"><span class='ocrx_word' id='word_1_403' title='bbox 737 3397 942 3452; x_wconf 84' lang='lat' dir='ltr'><strong>dediti?</strong></span> <span class='ocrx_word' id='word_1_404' title='bbox 972 3399 1035 3449; x_wconf 90' lang='lat' dir='ltr'><strong>At</strong></span> <span class='ocrx_word' id='word_1_405' title='bbox 1068 3413 1169 3452; x_wconf 90' lang='lat' dir='ltr'><strong>non</strong></span> <span class='ocrx_word' id='word_1_406' title='bbox 1224 3412 1413 3453; x_wconf 90' lang='lat' dir='ltr'><strong>omnes</strong></span> <span class='ocrx_word' id='word_1_407' title='bbox 1468 3399 1657 3454; x_wconf 89' lang='lat' dir='ltr'><strong>iisdem</strong></span> <span class='ocrx_word' id='word_1_408' title='bbox 1709 3405 1853 3469; x_wconf 90' lang='lat' dir='ltr'><strong>capti</strong></span> <span class='ocrx_word' id='word_1_409' title='bbox 1882 3410 2027 3455; x_wconf 90' lang='lat' dir='ltr'><strong>sunt.</strong></span> <span class='ocrx_word' id='word_1_410' title='bbox 2067 3401 2221 3467; x_wconf 86' lang='lat' dir='ltr'><strong>Quod</strong></span> <span class='ocrx_word' id='word_1_411' title='bbox 2261 3403 2305 3456; x_wconf 85' lang='lat' dir='ltr'><strong>si</strong></span> 
     </span>
    </p>
   </div>
   <div class='ocr_carea' id='block_1_53' title="bbox 736 3489 2306 3559">
    <p class='ocr_par' dir='ltr' id='par_1_53' title="bbox 736 3489 2306 3559">
     <span class='ocr_line' id='line_1_53' title="bbox 736 3489 2306 3559; baseline 0.004 -19"><span class='ocrx_word' id='word_1_412' title='bbox 736 3489 899 3542; x_wconf 86' lang='lat' dir='ltr'><strong>etiam</strong></span> <span class='ocrx_word' id='word_1_413' title='bbox 930 3489 1115 3542; x_wconf 83' lang='lat' dir='ltr'><strong>iisdem</strong></span> <span class='ocrx_word' id='word_1_414' title='bbox 1145 3504 1359 3559; x_wconf 85' lang='lat' dir='ltr'><strong>quoque</strong></span> <span class='ocrx_word' id='word_1_415' title='bbox 1384 3490 1701 3559; x_wconf 88' lang='lat' dir='ltr'><strong>capiantur;</strong></span> <span class='ocrx_word' id='word_1_416' title='bbox 1735 3500 1791 3545; x_wconf 89' lang='lat' dir='ltr'><strong>at</strong></span> <span class='ocrx_word' id='word_1_417' title='bbox 1817 3506 1921 3546; x_wconf 91' lang='lat' dir='ltr'><strong>non</strong></span> <span class='ocrx_word' id='word_1_418' title='bbox 1945 3508 2133 3546; x_wconf 88' lang='lat' dir='ltr'><strong>omnes</strong></span> <span class='ocrx_word' id='word_1_419' title='bbox 2157 3492 2306 3546; x_wconf 78' lang='lat' dir='ltr'><strong>simi-</strong></span> 
     </span>
    </p>
   </div>
   <div class='ocr_carea' id='block_1_54' title="bbox 737 3580 2301 3650">
    <p class='ocr_par' dir='ltr' id='par_1_54' title="bbox 737 3580 2301 3650">
     <span class='ocr_line' id='line_1_54' title="bbox 737 3580 2301 3650; baseline 0.002 -17"><span class='ocrx_word' id='word_1_420' title='bbox 737 3580 858 3635; x_wconf 85' lang='lat' dir='ltr'><strong>liter</strong></span> <span class='ocrx_word' id='word_1_421' title='bbox 886 3580 1060 3635; x_wconf 81' lang='lat' dir='ltr'><strong>all&#39;ecti</strong></span> <span class='ocrx_word' id='word_1_422' title='bbox 1090 3591 1245 3646; x_wconf 90' lang='lat' dir='ltr'><strong>sunt;</strong></span> <span class='ocrx_word' id='word_1_423' title='bbox 1282 3596 1464 3636; x_wconf 89' lang='lat' dir='ltr'><strong>verum</strong></span> <span class='ocrx_word' id='word_1_424' title='bbox 1496 3581 1586 3635; x_wconf 87' lang='lat' dir='ltr'><strong>alii</strong></span> <span class='ocrx_word' id='word_1_425' title='bbox 1612 3582 1973 3650; x_wconf 86' lang='lat' dir='ltr'><strong>voluptatibus</strong></span> <span class='ocrx_word' id='word_1_426' title='bbox 2006 3585 2301 3638; x_wconf 89' lang='lat' dir='ltr'><strong>secundum</strong></span> 
     </span>
    </p>
   </div>
   <div class='ocr_carea' id='block_1_55' title="bbox 736 3671 2304 3741">
    <p class='ocr_par' dir='ltr' id='par_1_55' title="bbox 736 3671 2304 3741">
     <span class='ocr_line' id='line_1_55' title="bbox 736 3671 2304 3741; baseline 0.002 -16"><span class='ocrx_word' id='word_1_427' title='bbox 736 3682 1007 3735; x_wconf 84' lang='lat' dir='ltr'><strong>naturam,</strong></span> <span class='ocrx_word' id='word_1_428' title='bbox 1036 3671 1123 3726; x_wconf 90' lang='lat' dir='ltr'><strong>alii</strong></span> <span class='ocrx_word' id='word_1_429' title='bbox 1162 3673 1527 3741; x_wconf 85' lang='lat' dir='ltr'><strong>voluptatibus</strong></span> <span class='ocrx_word' id='word_1_430' title='bbox 1568 3689 1595 3726; x_wconf 91' lang='lat' dir='ltr'><strong>a</strong></span> <span class='ocrx_word' id='word_1_431' title='bbox 1650 3681 1841 3727; x_wconf 88' lang='lat' dir='ltr'><strong>natura</strong></span> <span class='ocrx_word' id='word_1_432' title='bbox 1886 3674 2304 3728; x_wconf 84' lang='lat' dir='ltr'><strong>abhorrentibus</strong></span> 
     </span>
    </p>
   </div>
   <div class='ocr_carea' id='block_1_56' title="bbox 737 3748 2306 3832">
    <p class='ocr_par' dir='ltr' id='par_1_56' title="bbox 737 3748 2306 3832">
     <span class='ocr_line' id='line_1_56' title="bbox 737 3748 2306 3832; baseline 0.003 -19"><span class='ocrx_word' id='word_1_433' title='bbox 737 3760 1094 3814; x_wconf 83' lang='lat' dir='ltr'><strong>delectantur.</strong></span> <span class='ocrx_word' id='word_1_434' title='bbox 1126 3761 1228 3816; x_wconf 89' lang='lat' dir='ltr'><strong>Alii</strong></span> <span class='ocrx_word' id='word_1_435' title='bbox 1262 3763 1477 3831; x_wconf 89' lang='lat' dir='ltr'><strong>quidem</strong></span> <span class='ocrx_word' id='word_1_436' title='bbox 1506 3763 1560 3816; x_wconf 91' lang='lat' dir='ltr'><strong>in</strong></span> <span class='ocrx_word' id='word_1_437' title='bbox 1586 3761 1878 3831; x_wconf 78' lang='lat' dir='ltr'><strong>legitimam</strong></span> <span class='ocrx_word' id='word_1_438' title='bbox 1902 3748 2148 3817; x_wconf 69' lang='lat' dir='ltr'><strong>naturam</strong></span> <span class='ocrx_word' id='word_1_439' title='bbox 2180 3778 2306 3832; x_wconf 88' lang='lat' dir='ltr'><strong>pce-</strong></span> 
     </span>
    </p>
   </div>
   <div class='ocr_carea' id='block_1_57' title="bbox 734 3849 2302 3919">
    <p class='ocr_par' dir='ltr' id='par_1_57' title="bbox 734 3849 2302 3919">
     <span class='ocr_line' id='line_1_57' title="bbox 734 3849 2302 3919; baseline 0.001 -16"><span class='ocrx_word' id='word_1_440' title='bbox 734 3859 862 3903; x_wconf 80' lang='lat' dir='ltr'><strong>cant</strong></span> <span class='ocrx_word' id='word_1_441' title='bbox 887 3860 941 3904; x_wconf 87' lang='lat' dir='ltr'><strong>et</strong></span> <span class='ocrx_word' id='word_1_442' title='bbox 970 3849 1350 3915; x_wconf 87' lang='lat' dir='ltr'><strong>libidinanlur;</strong></span> <span class='ocrx_word' id='word_1_443' title='bbox 1401 3850 1491 3905; x_wconf 88' lang='lat' dir='ltr'><strong>alii</strong></span> <span class='ocrx_word' id='word_1_444' title='bbox 1521 3865 1648 3905; x_wconf 86' lang='lat' dir='ltr'><strong>vero</strong></span> <span class='ocrx_word' id='word_1_445' title='bbox 1688 3852 1848 3905; x_wconf 91' lang='lat' dir='ltr'><strong>etiam</strong></span> <span class='ocrx_word' id='word_1_446' title='bbox 1882 3851 2145 3919; x_wconf 87' lang='lat' dir='ltr'><strong>posticam</strong></span> <span class='ocrx_word' id='word_1_447' title='bbox 2179 3867 2302 3905; x_wconf 82' lang='lat' dir='ltr'><strong>cor-</strong></span> 
     </span>
    </p>
   </div>
   <div class='ocr_carea' id='block_1_58' title="bbox 734 3940 2299 4009">
    <p class='ocr_par' dir='ltr' id='par_1_58' title="bbox 734 3940 2299 4009">
     <span class='ocr_line' id='line_1_58' title="bbox 734 3940 2299 4009; baseline 0.003 -17"><span class='ocrx_word' id='word_1_448' title='bbox 734 3940 879 4007; x_wconf 85' lang='lat' dir='ltr'><strong>poris</strong></span> <span class='ocrx_word' id='word_1_449' title='bbox 920 3952 1126 4009; x_wconf 88' lang='lat' dir='ltr'><strong>partem</strong></span> <span class='ocrx_word' id='word_1_450' title='bbox 1172 3941 1498 3996; x_wconf 85' lang='lat' dir='ltr'><strong>contumelia</strong></span> <span class='ocrx_word' id='word_1_451' title='bbox 1538 3941 1802 3998; x_wconf 78' lang='lat' dir='ltr'><strong>alliciunt.</strong></span> <span class='ocrx_word' id='word_1_452' title='bbox 1848 3944 1949 3995; x_wconf 83' lang='lat' dir='ltr'><strong>Alii</strong></span> <span class='ocrx_word' id='word_1_453' title='bbox 2002 3943 2299 3997; x_wconf 88' lang='lat' dir='ltr'><strong>meticulosi</strong></span> 
     </span>
    </p>
   </div>
   <div class='ocr_carea' id='block_1_59' title="bbox 2410 1944 3985 2019">
    <p class='ocr_par' dir='ltr' id='par_1_59' title="bbox 2410 1944 3985 2019">
     <span class='ocr_line' id='line_1_59' title="bbox 2410 1944 3985 2019; baseline 0.001 -17"><span class='ocrx_word' id='word_1_454' title='bbox 2410 1949 2525 2003; x_wconf 84' lang='grc' dir='ltr'><strong>ἁλλ⁹</strong></span> <span class='ocrx_word' id='word_1_455' title='bbox 2585 1950 2683 2019; x_wconf 77' lang='grc' dir='ltr'><strong>οὐχ</strong></span> <span class='ocrx_word' id='word_1_456' title='bbox 2726 1948 2946 2018; x_wconf 81' lang='grc' dir='ltr'><strong>ὁμοίως.</strong></span> <span class='ocrx_word' id='word_1_457' title='bbox 3006 1944 3070 2001; x_wconf 90' lang='grc' dir='ltr'><strong>Οί</strong></span> <span class='ocrx_word' id='word_1_458' title='bbox 3115 1946 3215 2017; x_wconf 78' lang='grc' dir='ltr'><strong>μὲν</strong></span> <span class='ocrx_word' id='word_1_459' title='bbox 3268 1947 3376 2017; x_wconf 83' lang='grc' dir='ltr'><strong>γὰρ</strong></span> <span class='ocrx_word' id='word_1_460' title='bbox 3416 1948 3513 2017; x_wconf 82' lang='grc' dir='ltr'><strong>τὴν</strong></span> <span class='ocrx_word' id='word_1_461' title='bbox 3569 1949 3886 2017; x_wconf 74' lang='grc' dir='ltr'><strong>παρθενίαν,</strong></span> <span class='ocrx_word' id='word_1_462' title='bbox 3932 1953 3985 2004; x_wconf 79' lang='lat' dir='ltr'><strong>oi</strong></span> 
     </span>
    </p>
   </div>
   <div class='ocr_carea' id='block_1_60' title="bbox 2407 2038 3983 2111">
    <p class='ocr_par' dir='ltr' id='par_1_60' title="bbox 2407 2038 3983 2111">
     <span class='ocr_line' id='line_1_60' title="bbox 2407 2038 3983 2111; baseline 0.001 -18"><span class='ocrx_word' id='word_1_463' title='bbox 2407 2040 2464 2093; x_wconf 82' lang='grc' dir='ltr'><strong>δὲ</strong></span> <span class='ocrx_word' id='word_1_464' title='bbox 2490 2041 2588 2110; x_wconf 85' lang='grc' dir='ltr'><strong>τὴν</strong></span> <span class='ocrx_word' id='word_1_465' title='bbox 2618 2042 2963 2111; x_wconf 78' lang='grc' dir='ltr'><strong>ἐγκράτειαν,</strong></span> <span class='ocrx_word' id='word_1_466' title='bbox 3003 2038 3051 2091; x_wconf 80' lang='grc' dir='ltr'><strong>οἱ</strong></span> <span class='ocrx_word' id='word_1_467' title='bbox 3079 2038 3135 2091; x_wconf 81' lang='grc' dir='ltr'><strong>δὲ</strong></span> <span class='ocrx_word' id='word_1_468' title='bbox 3178 2038 3269 2092; x_wconf 77' lang='grc' dir='ltr'><strong>τὸν</strong></span> <span class='ocrx_word' id='word_1_469' title='bbox 3321 2038 3535 2107; x_wconf 79' lang='grc' dir='ltr'><strong>ἔντιμον</strong></span> <span class='ocrx_word' id='word_1_470' title='bbox 3572 2040 3748 2108; x_wconf 88' lang='grc' dir='ltr'><strong>γάμον</strong></span> <span class='ocrx_word' id='word_1_471' title='bbox 3800 2042 3983 2109; x_wconf 74' lang='grc' dir='ltr'><strong>ἠσπά-</strong></span> 
     </span>
    </p>
   </div>
   <div class='ocr_carea' id='block_1_61' title="bbox 2410 2129 3979 2203">
    <p class='ocr_par' dir='ltr' id='par_1_61' title="bbox 2410 2129 3979 2203">
     <span class='ocr_line' id='line_1_61' title="bbox 2410 2129 3979 2203; baseline 0.001 -20"><span class='ocrx_word' id='word_1_472' title='bbox 2410 2147 2590 2185; x_wconf 89' lang='grc' dir='ltr'><strong>σαντο.</strong></span> <span class='ocrx_word' id='word_1_473' title='bbox 2632 2133 2794 2185; x_wconf 86' lang='grc' dir='ltr'><strong>Πόσοι</strong></span> <span class='ocrx_word' id='word_1_474' title='bbox 2843 2130 3161 2201; x_wconf 74' lang='grc' dir='ltr'><strong>ὲλεήμονεςί</strong></span> <span class='ocrx_word' id='word_1_475' title='bbox 3215 2129 3334 2183; x_wconf 82' lang='grc' dir='ltr'><strong>ἀλλ’</strong></span> <span class='ocrx_word' id='word_1_476' title='bbox 3372 2130 3580 2183; x_wconf 72' lang='grc' dir='ltr'><strong>ἑαυτῶν</strong></span> <span class='ocrx_word' id='word_1_477' title='bbox 3639 2131 3979 2203; x_wconf 77' lang='grc' dir='ltr'><strong>διαφέρουσι.</strong></span> 
     </span>
    </p>
   </div>
   <div class='ocr_carea' id='block_1_62' title="bbox 2407 2220 3983 2291">
    <p class='ocr_par' dir='ltr' id='par_1_62' title="bbox 2407 2220 3983 2291">
     <span class='ocr_line' id='line_1_62' title="bbox 2407 2220 3983 2291; baseline 0 -16"><span class='ocrx_word' id='word_1_478' title='bbox 2407 2222 2571 2275; x_wconf 84' lang='grc' dir='ltr'><strong>Πόσοι</strong></span> <span class='ocrx_word' id='word_1_479' title='bbox 2599 2221 2824 2275; x_wconf 77' lang='grc' dir='ltr'><strong>δίκαιοιὲ</strong></span> <span class='ocrx_word' id='word_1_480' title='bbox 2860 2220 2995 2273; x_wconf 82' lang='grc' dir='ltr'><strong>ἀλλὰ</strong></span> <span class='ocrx_word' id='word_1_481' title='bbox 3022 2220 3441 2273; x_wconf 81' lang='grc' dir='ltr'><strong>διαλλάττουσιν.</strong></span> <span class='ocrx_word' id='word_1_482' title='bbox 3474 2220 3549 2274; x_wconf 83' lang='grc' dir='ltr'><strong>Οὐ</strong></span> <span class='ocrx_word' id='word_1_483' title='bbox 3578 2220 3737 2291; x_wconf 85' lang='grc' dir='ltr'><strong>μόνον</strong></span> <span class='ocrx_word' id='word_1_484' title='bbox 3758 2223 3849 2274; x_wconf 78' lang='grc' dir='ltr'><strong>ἐπὶ</strong></span> <span class='ocrx_word' id='word_1_485' title='bbox 3876 2222 3983 2275; x_wconf 89' lang='grc' dir='ltr'><strong>τῶν</strong></span> 
     </span>
    </p>
   </div>
   <div class='ocr_carea' id='block_1_63' title="bbox 2407 2311 3981 2384">
    <p class='ocr_par' dir='ltr' id='par_1_63' title="bbox 2407 2311 3981 2384">
     <span class='ocr_line' id='line_1_63' title="bbox 2407 2311 3981 2384; baseline -0.001 -17"><span class='ocrx_word' id='word_1_486' title='bbox 2407 2314 2619 2384; x_wconf 82' lang='grc' dir='ltr'><strong>ἀρετῶν</strong></span> <span class='ocrx_word' id='word_1_487' title='bbox 2644 2312 2780 2383; x_wconf 70' lang='grc'>(74),</span> <span class='ocrx_word' id='word_1_488' title='bbox 2804 2312 2939 2364; x_wconf 76' lang='grc' dir='ltr'><strong>ἀλλὰ</strong></span> <span class='ocrx_word' id='word_1_489' title='bbox 2968 2312 3061 2365; x_wconf 70' lang='grc' dir='ltr'><strong>καὶ</strong></span> <span class='ocrx_word' id='word_1_490' title='bbox 3096 2312 3189 2365; x_wconf 68' lang='grc' dir='ltr'><strong>ἐπὶ</strong></span> <span class='ocrx_word' id='word_1_491' title='bbox 3211 2311 3315 2364; x_wconf 88' lang='grc' dir='ltr'><strong>τῶν</strong></span> <span class='ocrx_word' id='word_1_492' title='bbox 3339 2311 3545 2365; x_wconf 87' lang='grc' dir='ltr'><strong>κακιῶν</strong></span> <span class='ocrx_word' id='word_1_493' title='bbox 3567 2312 3629 2364; x_wconf 84' lang='grc' dir='ltr'><strong>τὸ</strong></span> <span class='ocrx_word' id='word_1_494' title='bbox 3660 2313 3792 2367; x_wconf 79' lang='grc' dir='ltr'><strong>αὐτὸ</strong></span> <span class='ocrx_word' id='word_1_495' title='bbox 3835 2312 3981 2366; x_wconf 73' lang='grc' dir='ltr'><strong>ἔστιν</strong></span> 
     </span>
    </p>
   </div>
   <div class='ocr_carea' id='block_1_64' title="bbox 2412 2404 3980 2475">
    <p class='ocr_par' dir='ltr' id='par_1_64' title="bbox 2412 2404 3980 2475">
     <span class='ocr_line' id='line_1_64' title="bbox 2412 2404 3980 2475; baseline -0.001 -15"><span class='ocrx_word' id='word_1_496' title='bbox 2412 2408 2559 2461; x_wconf 82' lang='grc' dir='ltr'><strong>ίδετν.</strong></span> <span class='ocrx_word' id='word_1_497' title='bbox 2616 2407 2780 2459; x_wconf 86' lang='grc' dir='ltr'><strong>Πόσοι</strong></span> <span class='ocrx_word' id='word_1_498' title='bbox 2828 2406 2932 2458; x_wconf 78' lang='grc' dir='ltr'><strong>εἰσὶ</strong></span> <span class='ocrx_word' id='word_1_499' title='bbox 2978 2405 3258 2459; x_wconf 79' lang='grc' dir='ltr'><strong>κάκιστοιι</strong></span> <span class='ocrx_word' id='word_1_500' title='bbox 3306 2404 3439 2458; x_wconf 84' lang='grc' dir='ltr'><strong>ἀλλὰ</strong></span> <span class='ocrx_word' id='word_1_501' title='bbox 3479 2404 3741 2475; x_wconf 83' lang='grc' dir='ltr'><strong>διορισμῷ</strong></span> <span class='ocrx_word' id='word_1_502' title='bbox 3779 2406 3980 2475; x_wconf 79' lang='grc' dir='ltr'><strong>γνωρί-</strong></span> 
     </span>
    </p>
   </div>
   <div class='ocr_carea' id='block_1_65' title="bbox 2408 2495 3980 2562">
    <p class='ocr_par' dir='ltr' id='par_1_65' title="bbox 2408 2495 3980 2562">
     <span class='ocr_line' id='line_1_65' title="bbox 2408 2495 3980 2562; baseline 0.001 -14"><span class='ocrx_word' id='word_1_503' title='bbox 2408 2496 2612 2561; x_wconf 82' lang='grc' dir='ltr'><strong>ζονται.</strong></span> <span class='ocrx_word' id='word_1_504' title='bbox 2666 2497 2828 2549; x_wconf 89' lang='grc' dir='ltr'><strong>Πόσοι</strong></span> <span class='ocrx_word' id='word_1_505' title='bbox 2872 2495 3095 2562; x_wconf 80' lang='grc' dir='ltr'><strong>λάγνοιί</strong></span> <span class='ocrx_word' id='word_1_506' title='bbox 3142 2495 3258 2549; x_wconf 84' lang='grc' dir='ltr'><strong>ἀλλ’</strong></span> <span class='ocrx_word' id='word_1_507' title='bbox 3288 2498 3350 2549; x_wconf 83' lang='grc' dir='ltr'><strong>οὑ</strong></span> <span class='ocrx_word' id='word_1_508' title='bbox 3396 2497 3594 2558; x_wconf 78' lang='grc' dir='ltr'><strong>πάντες</strong></span> <span class='ocrx_word' id='word_1_509' title='bbox 3632 2500 3741 2560; x_wconf 78' lang='grc' dir='ltr'><strong>τοῖς</strong></span> <span class='ocrx_word' id='word_1_510' title='bbox 3795 2498 3980 2560; x_wconf 66' lang='grc' dir='ltr'><strong>αὐτοῖς</strong></span> 
     </span>
    </p>
   </div>
   <div class='ocr_carea' id='block_1_66' title="bbox 2407 2584 3977 2648">
    <p class='ocr_par' dir='ltr' id='par_1_66' title="bbox 2407 2584 3977 2648">
     <span class='ocr_line' id='line_1_66' title="bbox 2407 2584 3977 2648; baseline -0.001 -9"><span class='ocrx_word' id='word_1_511' title='bbox 2407 2586 2673 2639; x_wconf 78' lang='grc' dir='ltr'><strong>ἑάλωσαν.</strong></span> <span class='ocrx_word' id='word_1_512' title='bbox 2727 2586 2791 2638; x_wconf 80' lang='grc' dir='ltr'>Εἰ</span> <span class='ocrx_word' id='word_1_513' title='bbox 2841 2584 2898 2638; x_wconf 83' lang='grc' dir='ltr'><strong>δὲ</strong></span> <span class='ocrx_word' id='word_1_514' title='bbox 2938 2586 3031 2639; x_wconf 74' lang='grc' dir='ltr'><strong>καὶ</strong></span> <span class='ocrx_word' id='word_1_515' title='bbox 3074 2588 3188 2647; x_wconf 84' lang='grc' dir='ltr'><strong>τοῖς</strong></span> <span class='ocrx_word' id='word_1_516' title='bbox 3253 2587 3437 2648; x_wconf 82' lang='grc' dir='ltr'><strong>αὐτοῖς</strong></span> <span class='ocrx_word' id='word_1_517' title='bbox 3488 2585 3685 2647; x_wconf 74' lang='grc' dir='ltr'><strong>ἁλοῖεν,</strong></span> <span class='ocrx_word' id='word_1_518' title='bbox 3748 2584 3863 2638; x_wconf 83' lang='grc' dir='ltr'><strong>ἀλλ’</strong></span> <span class='ocrx_word' id='word_1_519' title='bbox 3915 2588 3977 2638; x_wconf 78' lang='grc' dir='ltr'><strong>οὐ</strong></span> 
     </span>
    </p>
   </div>
   <div class='ocr_carea' id='block_1_67' title="bbox 2406 2674 3978 2746">
    <p class='ocr_par' dir='ltr' id='par_1_67' title="bbox 2406 2674 3978 2746">
     <span class='ocr_line' id='line_1_67' title="bbox 2406 2674 3978 2746; baseline -0.001 -16"><span class='ocrx_word' id='word_1_520' title='bbox 2406 2678 2609 2739; x_wconf 83' lang='grc' dir='ltr'><strong>πάντες</strong></span> <span class='ocrx_word' id='word_1_521' title='bbox 2640 2677 2842 2746; x_wconf 84' lang='grc' dir='ltr'><strong>ὁμοίως</strong></span> <span class='ocrx_word' id='word_1_522' title='bbox 2885 2676 3205 2729; x_wconf 67' lang='grc' dir='ltr'><strong>διάκεινταν</strong></span> <span class='ocrx_word' id='word_1_523' title='bbox 3254 2674 3394 2727; x_wconf 85' lang='grc' dir='ltr'><strong>ἀλλὰ</strong></span> <span class='ocrx_word' id='word_1_524' title='bbox 3444 2676 3495 2728; x_wconf 82' lang='grc' dir='ltr'><strong>οι</strong></span> <span class='ocrx_word' id='word_1_525' title='bbox 3528 2674 3627 2744; x_wconf 78' lang='grc' dir='ltr'><strong>μὲν</strong></span> <span class='ocrx_word' id='word_1_526' title='bbox 3670 2678 3789 2737; x_wconf 81' lang='grc' dir='ltr'><strong>ταῖς</strong></span> <span class='ocrx_word' id='word_1_527' title='bbox 3839 2678 3978 2728; x_wconf 72' lang='grc' dir='ltr'><strong>κατὰ</strong></span> 
     </span>
    </p>
   </div>
   <div class='ocr_carea' id='block_1_68' title="bbox 2409 2764 3971 2837">
    <p class='ocr_par' dir='ltr' id='par_1_68' title="bbox 2409 2764 3971 2837">
     <span class='ocr_line' id='line_1_68' title="bbox 2409 2764 3971 2837; baseline -0.001 -18"><span class='ocrx_word' id='word_1_528' title='bbox 2409 2767 2591 2835; x_wconf 77' lang='grc' dir='ltr'><strong>φύσιν,</strong></span> <span class='ocrx_word' id='word_1_529' title='bbox 2622 2768 2669 2818; x_wconf 82' lang='lat' dir='ltr'><strong>oi</strong></span> <span class='ocrx_word' id='word_1_530' title='bbox 2699 2766 2755 2819; x_wconf 80' lang='grc' dir='ltr'><strong>δὲ</strong></span> <span class='ocrx_word' id='word_1_531' title='bbox 2783 2769 2905 2828; x_wconf 81' lang='grc' dir='ltr'><strong>ταῖς</strong></span> <span class='ocrx_word' id='word_1_532' title='bbox 2937 2765 3252 2837; x_wconf 75' lang='grc' dir='ltr'><strong>ὑπερορίαις</strong></span> <span class='ocrx_word' id='word_1_533' title='bbox 3279 2764 3393 2836; x_wconf 82' lang='grc'>(75)</span> <span class='ocrx_word' id='word_1_534' title='bbox 3423 2766 3712 2835; x_wconf 84' lang='grc' dir='ltr'><strong>τέρπονται</strong></span> <span class='ocrx_word' id='word_1_535' title='bbox 3744 2768 3971 2837; x_wconf 76' lang='grc' dir='ltr'><strong>ἡδοναῖς·</strong></span> 
     </span>
    </p>
   </div>
   <div class='ocr_carea' id='block_1_69' title="bbox 2406 2857 3976 2929">
    <p class='ocr_par' dir='ltr' id='par_1_69' title="bbox 2406 2857 3976 2929">
     <span class='ocr_line' id='line_1_69' title="bbox 2406 2857 3976 2929; baseline -0.001 -18"><span class='ocrx_word' id='word_1_536' title='bbox 2406 2861 2454 2911; x_wconf 90' lang='grc' dir='ltr'><strong>οί</strong></span> <span class='ocrx_word' id='word_1_537' title='bbox 2512 2858 2619 2928; x_wconf 77' lang='grc' dir='ltr'><strong>μὲν⁸</strong></span> <span class='ocrx_word' id='word_1_538' title='bbox 2652 2860 2731 2919; x_wconf 78' lang='grc' dir='ltr'><strong>εἰς</strong></span> <span class='ocrx_word' id='word_1_539' title='bbox 2778 2859 2874 2929; x_wconf 79' lang='grc' dir='ltr'><strong>τὴν</strong></span> <span class='ocrx_word' id='word_1_540' title='bbox 2912 2857 3131 2927; x_wconf 72' lang='grc' dir='ltr'><strong>ἔννομον</strong></span> <span class='ocrx_word' id='word_1_541' title='bbox 3180 2859 3340 2926; x_wconf 80' lang='grc' dir='ltr'><strong>φύσιν</strong></span> <span class='ocrx_word' id='word_1_542' title='bbox 3387 2858 3771 2928; x_wconf 69' lang='grc' dir='ltr'><strong>παροινοῦσιψ</strong></span> <span class='ocrx_word' id='word_1_543' title='bbox 3827 2860 3875 2912; x_wconf 75' lang='grc' dir='ltr'><strong>οι</strong></span> <span class='ocrx_word' id='word_1_544' title='bbox 3918 2857 3976 2909; x_wconf 73' lang='grc' dir='ltr'><strong>δὲ</strong></span> 
     </span>
    </p>
   </div>
   <div class='ocr_carea' id='block_1_70' title="bbox 2411 2946 3976 3019">
    <p class='ocr_par' dir='ltr' id='par_1_70' title="bbox 2411 2946 3976 3019">
     <span class='ocr_line' id='line_1_70' title="bbox 2411 2946 3976 3019; baseline 0 -18"><span class='ocrx_word' id='word_1_545' title='bbox 2411 2949 2503 3001; x_wconf 76' lang='grc' dir='ltr'><strong>καὶ</strong></span> <span class='ocrx_word' id='word_1_546' title='bbox 2545 2948 2642 3017; x_wconf 81' lang='grc' dir='ltr'><strong>τὴν</strong></span> <span class='ocrx_word' id='word_1_547' title='bbox 2696 2949 3050 3018; x_wconf 76' lang='grc' dir='ltr'><strong>ἑδραστήριον</strong></span> <span class='ocrx_word' id='word_1_548' title='bbox 3075 2948 3184 3017; x_wconf 86' lang='grc'>(76)</span> <span class='ocrx_word' id='word_1_549' title='bbox 3218 2946 3544 3019; x_wconf 76' lang='grc' dir='ltr'><strong>ὑδρίζουσιν.</strong></span> <span class='ocrx_word' id='word_1_550' title='bbox 3573 2948 3636 3001; x_wconf 82' lang='grc' dir='ltr'><strong>Οἱ</strong></span> <span class='ocrx_word' id='word_1_551' title='bbox 3670 2946 3769 3017; x_wconf 79' lang='grc' dir='ltr'><strong>μὲν</strong></span> <span class='ocrx_word' id='word_1_552' title='bbox 3813 2948 3976 3017; x_wconf 68' lang='grc' dir='ltr'><strong>ψοφο-</strong></span> 
     </span>
    </p>
   </div>
   <div class='ocr_carea' id='block_1_71' title="bbox 2407 3038 3971 3109">
    <p class='ocr_par' dir='ltr' id='par_1_71' title="bbox 2407 3038 3971 3109">
     <span class='ocr_line' id='line_1_71' title="bbox 2407 3038 3971 3109; baseline 0.001 -19"><span class='ocrx_word' id='word_1_553' title='bbox 2407 3038 2548 3101; x_wconf 82' lang='grc' dir='ltr'><strong>δεεῖς</strong></span> <span class='ocrx_word' id='word_1_554' title='bbox 2567 3038 2678 3107; x_wconf 90' lang='lat'><strong>(77,</strong></span> <span class='ocrx_word' id='word_1_555' title='bbox 2718 3041 2874 3090; x_wconf 81' lang='grc' dir='ltr'><strong>είσιν⁶</strong></span> <span class='ocrx_word' id='word_1_556' title='bbox 2899 3040 2947 3090; x_wconf 83' lang='grc' dir='ltr'><strong>οί</strong></span> <span class='ocrx_word' id='word_1_557' title='bbox 2974 3038 3029 3089; x_wconf 78' lang='grc' dir='ltr'><strong>δὲ</strong></span> <span class='ocrx_word' id='word_1_558' title='bbox 3061 3038 3437 3108; x_wconf 61' lang='grc' dir='ltr'><strong>ῥιψοκίνδυνοι.</strong></span> <span class='ocrx_word' id='word_1_559' title='bbox 3464 3039 3524 3092; x_wconf 80' lang='lat' dir='ltr'><strong>Ol</strong></span> <span class='ocrx_word' id='word_1_560' title='bbox 3555 3038 3653 3109; x_wconf 78' lang='grc' dir='ltr'><strong>μὲν</strong></span> <span class='ocrx_word' id='word_1_561' title='bbox 3692 3040 3937 3107; x_wconf 81' lang='grc' dir='ltr'><strong>φειδωλοί</strong></span> <span class='ocrx_word' id='word_1_562' title='bbox 3958 3056 3971 3070; x_wconf 76' lang='grc' dir='ltr'><strong>ο</strong></span> 
     </span>
    </p>
   </div>
   <div class='ocr_carea' id='block_1_72' title="bbox 2406 3126 3973 3196">
    <p class='ocr_par' dir='ltr' id='par_1_72' title="bbox 2406 3126 3973 3196">
     <span class='ocr_line' id='line_1_72' title="bbox 2406 3126 3973 3196; baseline 0 -16"><span class='ocrx_word' id='word_1_563' title='bbox 2406 3128 2535 3181; x_wconf 82' lang='grc' dir='ltr'><strong>οί·δὲ</strong></span> <span class='ocrx_word' id='word_1_564' title='bbox 2555 3128 2772 3183; x_wconf 80' lang='grc' dir='ltr'><strong>ἄσωτοι.</strong></span> <span class='ocrx_word' id='word_1_565' title='bbox 2798 3128 2861 3179; x_wconf 80' lang='lat' dir='ltr'><strong>Ui</strong></span> <span class='ocrx_word' id='word_1_566' title='bbox 2883 3127 2979 3196; x_wconf 86' lang='grc' dir='ltr'><strong>μὲν</strong></span> <span class='ocrx_word' id='word_1_567' title='bbox 2998 3127 3115 3179; x_wconf 79' lang='grc' dir='ltr'><strong>οὐδὲ</strong></span> <span class='ocrx_word' id='word_1_568' title='bbox 3143 3126 3300 3194; x_wconf 78' lang='grc' dir='ltr'><strong>λόγου</strong></span> <span class='ocrx_word' id='word_1_569' title='bbox 3326 3126 3554 3179; x_wconf 77' lang='grc' dir='ltr'><strong>ἀκοῦσαι</strong></span> <span class='ocrx_word' id='word_1_570' title='bbox 3569 3126 3839 3180; x_wconf 81' lang='grc' dir='ltr'><strong>δύνανται·</strong></span> <span class='ocrx_word' id='word_1_571' title='bbox 3861 3128 3973 3181; x_wconf 67' lang='grc' dir='ltr'><strong>οίδδ</strong></span> 
     </span>
    </p>
   </div>
   <div class='ocr_carea' id='block_1_73' title="bbox 2404 3221 3969 3292">
    <p class='ocr_par' dir='ltr' id='par_1_73' title="bbox 2404 3221 3969 3292">
     <span class='ocr_line' id='line_1_73' title="bbox 2404 3221 3969 3292; baseline 0 -17"><span class='ocrx_word' id='word_1_572' title='bbox 2404 3222 2525 3275; x_wconf 80' lang='grc' dir='ltr'><strong>οὐδὲ</strong></span> <span class='ocrx_word' id='word_1_573' title='bbox 2554 3223 2649 3285; x_wconf 69' lang='grc' dir='ltr'><strong>τὰς</strong></span> <span class='ocrx_word' id='word_1_574' title='bbox 2672 3223 2940 3292; x_wconf 78' lang='grc' dir='ltr'><strong>τιμωρίας</strong></span> <span class='ocrx_word' id='word_1_575' title='bbox 2990 3222 3321 3292; x_wconf 81' lang='grc' dir='ltr'><strong>φρίττουσιν.</strong></span> <span class='ocrx_word' id='word_1_576' title='bbox 3348 3225 3411 3274; x_wconf 83' lang='grc' dir='ltr'><strong>Οἱ</strong></span> <span class='ocrx_word' id='word_1_577' title='bbox 3445 3221 3541 3291; x_wconf 70' lang='grc' dir='ltr'><strong>μὲν</strong></span> <span class='ocrx_word' id='word_1_578' title='bbox 3566 3221 3793 3285; x_wconf 79' lang='grc' dir='ltr'><strong>κόλακές</strong></span> <span class='ocrx_word' id='word_1_579' title='bbox 3818 3224 3969 3275; x_wconf 72' lang='grc' dir='ltr'><strong>εἰσιν·</strong></span> 
     </span>
    </p>
   </div>
   <div class='ocr_carea' id='block_1_74' title="bbox 2402 3311 3968 3385">
    <p class='ocr_par' dir='ltr' id='par_1_74' title="bbox 2402 3311 3968 3385">
     <span class='ocr_line' id='line_1_74' title="bbox 2402 3311 3968 3385; baseline 0.003 -21"><span class='ocrx_word' id='word_1_580' title='bbox 2402 3314 2452 3365; x_wconf 80' lang='lat' dir='ltr'><strong>oi</strong></span> <span class='ocrx_word' id='word_1_581' title='bbox 2482 3314 2539 3365; x_wconf 80' lang='grc' dir='ltr'><strong>δὲ</strong></span> <span class='ocrx_word' id='word_1_582' title='bbox 2565 3312 2955 3367; x_wconf 74' lang='grc' dir='ltr'><strong>κολακεύεσθαι</strong></span> <span class='ocrx_word' id='word_1_583' title='bbox 2987 3311 3284 3383; x_wconf 85' lang='grc' dir='ltr'><strong>βούλονται.</strong></span> <span class='ocrx_word' id='word_1_584' title='bbox 3332 3315 3394 3366; x_wconf 86' lang='grc' dir='ltr'><strong>Οἱ</strong></span> <span class='ocrx_word' id='word_1_585' title='bbox 3432 3314 3531 3384; x_wconf 74' lang='grc' dir='ltr'><strong>μὲν</strong></span> <span class='ocrx_word' id='word_1_586' title='bbox 3564 3313 3701 3385; x_wconf 76' lang='grc' dir='ltr'><strong>μέθῃ</strong></span> <span class='ocrx_word' id='word_1_587' title='bbox 3729 3314 3968 3385; x_wconf 67' lang='grc' dir='ltr'><strong>ἥδονται·</strong></span> 
     </span>
    </p>
   </div>
   <div class='ocr_carea' id='block_1_75' title="bbox 2402 3398 3972 3477">
    <p class='ocr_par' dir='ltr' id='par_1_75' title="bbox 2402 3398 3972 3477">
     <span class='ocr_line' id='line_1_75' title="bbox 2402 3398 3972 3477; baseline 0.001 -21"><span class='ocrx_word' id='word_1_588' title='bbox 2402 3406 2452 3456; x_wconf 89' lang='grc' dir='ltr'><strong>οἱ</strong></span> <span class='ocrx_word' id='word_1_589' title='bbox 2482 3404 2539 3456; x_wconf 75' lang='grc' dir='ltr'><strong>δὲ</strong></span> <span class='ocrx_word' id='word_1_590' title='bbox 2570 3404 2737 3466; x_wconf 84' lang='grc' dir='ltr'><strong>θέαις.</strong></span> <span class='ocrx_word' id='word_1_591' title='bbox 2766 3405 2829 3455; x_wconf 83' lang='lat' dir='ltr'><strong>0i.</strong></span> <span class='ocrx_word' id='word_1_592' title='bbox 2869 3398 2967 3473; x_wconf 67' lang='grc' dir='ltr'><strong>μὲν</strong></span> <span class='ocrx_word' id='word_1_593' title='bbox 2998 3405 3161 3474; x_wconf 82' lang='grc' dir='ltr'><strong>ᾠδαῖς</strong></span> <span class='ocrx_word' id='word_1_594' title='bbox 3186 3444 3200 3468; x_wconf 97' lang='grc'><strong>,</strong></span> <span class='ocrx_word' id='word_1_595' title='bbox 3230 3406 3279 3457; x_wconf 89' lang='grc' dir='ltr'><strong>οί</strong></span> <span class='ocrx_word' id='word_1_596' title='bbox 3316 3405 3373 3457; x_wconf 81' lang='grc' dir='ltr'><strong>δὲ</strong></span> <span class='ocrx_word' id='word_1_597' title='bbox 3405 3405 3655 3477; x_wconf 72' lang='grc' dir='ltr'><strong>θρήνοιςο</strong></span> <span class='ocrx_word' id='word_1_598' title='bbox 3689 3408 3736 3458; x_wconf 77' lang='grc' dir='ltr'><strong>οἱ</strong></span> <span class='ocrx_word' id='word_1_599' title='bbox 3784 3406 3881 3474; x_wconf 73' lang='grc' dir='ltr'><strong>μὲν</strong></span> <span class='ocrx_word' id='word_1_600' title='bbox 3914 3408 3972 3459; x_wconf 70' lang='grc' dir='ltr'><strong>ὲν</strong></span> 
     </span>
    </p>
   </div>
   <div class='ocr_carea' id='block_1_76' title="bbox 2409 3493 3972 3567">
    <p class='ocr_par' dir='ltr' id='par_1_76' title="bbox 2409 3493 3972 3567">
     <span class='ocr_line' id='line_1_76' title="bbox 2409 3493 3972 3567; baseline 0.001 -20"><span class='ocrx_word' id='word_1_601' title='bbox 2409 3496 2528 3556; x_wconf 77' lang='grc' dir='ltr'><strong>ταῖς</strong></span> <span class='ocrx_word' id='word_1_602' title='bbox 2561 3495 2787 3565; x_wconf 74' lang='grc' dir='ltr'><strong>ἐρήμοις</strong></span> <span class='ocrx_word' id='word_1_603' title='bbox 2809 3533 2823 3557; x_wconf 91' lang='grc'><strong>,</strong></span> <span class='ocrx_word' id='word_1_604' title='bbox 2865 3494 2916 3546; x_wconf 81' lang='grc' dir='ltr'><strong>οἱ</strong></span> <span class='ocrx_word' id='word_1_605' title='bbox 2944 3493 2999 3546; x_wconf 77' lang='grc' dir='ltr'><strong>δὲ</strong></span> <span class='ocrx_word' id='word_1_606' title='bbox 3030 3497 3087 3547; x_wconf 83' lang='grc' dir='ltr'><strong>ὲν</strong></span> <span class='ocrx_word' id='word_1_607' title='bbox 3116 3498 3236 3557; x_wconf 84' lang='grc' dir='ltr'><strong>ταῖς</strong></span> <span class='ocrx_word' id='word_1_608' title='bbox 3269 3495 3456 3547; x_wconf 81' lang='grc' dir='ltr'><strong>πόλεσι</strong></span> <span class='ocrx_word' id='word_1_609' title='bbox 3493 3495 3861 3567; x_wconf 79' lang='grc' dir='ltr'><strong>λῃστεύουσιν.</strong></span> <span class='ocrx_word' id='word_1_610' title='bbox 3911 3499 3972 3549; x_wconf 84' lang='grc' dir='ltr'><strong>Οἱ</strong></span> 
     </span>
    </p>
   </div>
   <div class='ocr_carea' id='block_1_77' title="bbox 2413 3583 3973 3655">
    <p class='ocr_par' dir='ltr' id='par_1_77' title="bbox 2413 3583 3973 3655">
     <span class='ocr_line' id='line_1_77' title="bbox 2413 3583 3973 3655; baseline 0.001 -19"><span class='ocrx_word' id='word_1_611' title='bbox 2413 3586 2513 3654; x_wconf 84' lang='grc' dir='ltr'><strong>μὲν</strong></span> <span class='ocrx_word' id='word_1_612' title='bbox 2555 3583 2816 3652; x_wconf 82' lang='grc' dir='ltr'><strong>φονῶσιν·</strong></span> <span class='ocrx_word' id='word_1_613' title='bbox 2863 3586 2911 3636; x_wconf 81' lang='lat' dir='ltr'><strong>oi</strong></span> <span class='ocrx_word' id='word_1_614' title='bbox 2945 3584 3001 3637; x_wconf 74' lang='grc' dir='ltr'><strong>δὲ</strong></span> <span class='ocrx_word' id='word_1_615' title='bbox 3046 3585 3163 3636; x_wconf 79' lang='grc' dir='ltr'><strong>οὐδὲ</strong></span> <span class='ocrx_word' id='word_1_616' title='bbox 3212 3584 3403 3650; x_wconf 75' lang='grc' dir='ltr'><strong>ἄλογον</strong></span> <span class='ocrx_word' id='word_1_617' title='bbox 3447 3586 3815 3655; x_wconf 75' lang='grc' dir='ltr'><strong>σφαττόμενον</strong></span> <span class='ocrx_word' id='word_1_618' title='bbox 3846 3588 3973 3639; x_wconf 68' lang='grc' dir='ltr'><strong>ἰδεῖν</strong></span> 
     </span>
    </p>
   </div>
   <div class='ocr_carea' id='block_1_78' title="bbox 2409 3675 3971 3747">
    <p class='ocr_par' dir='ltr' id='par_1_78' title="bbox 2409 3675 3971 3747">
     <span class='ocr_line' id='line_1_78' title="bbox 2409 3675 3971 3747; baseline 0 -18"><span class='ocrx_word' id='word_1_619' title='bbox 2409 3675 2792 3744; x_wconf 76' lang='grc' dir='ltr'><strong>ὑπομένουσιν.</strong></span> <span class='ocrx_word' id='word_1_620' title='bbox 2820 3675 2879 3728; x_wconf 78' lang='lat' dir='ltr'><strong>Ol</strong></span> <span class='ocrx_word' id='word_1_621' title='bbox 2904 3675 3003 3743; x_wconf 80' lang='grc' dir='ltr'><strong>μὲν</strong></span> <span class='ocrx_word' id='word_1_622' title='bbox 3026 3676 3187 3728; x_wconf 82' lang='grc' dir='ltr'><strong>δειλοί</strong></span> <span class='ocrx_word' id='word_1_623' title='bbox 3210 3679 3367 3729; x_wconf 60' lang='grc' dir='ltr'><strong>εἰσιν</strong></span> <span class='ocrx_word' id='word_1_624' title='bbox 3397 3677 3447 3729; x_wconf 78' lang='grc' dir='ltr'><strong>οι</strong></span> <span class='ocrx_word' id='word_1_625' title='bbox 3474 3676 3528 3729; x_wconf 86' lang='grc' dir='ltr'><strong>δὲ</strong></span> <span class='ocrx_word' id='word_1_626' title='bbox 3552 3676 3794 3747; x_wconf 74' lang='grc' dir='ltr'><strong>θρασεῖς.</strong></span> <span class='ocrx_word' id='word_1_627' title='bbox 3838 3678 3971 3730; x_wconf 51' lang='grc' dir='ltr'><strong>Ἀλλ’</strong></span> 
     </span>
    </p>
   </div>
   <div class='ocr_carea' id='block_1_79' title="bbox 2406 3765 3973 3839">
    <p class='ocr_par' dir='ltr' id='par_1_79' title="bbox 2406 3765 3973 3839">
     <span class='ocr_line' id='line_1_79' title="bbox 2406 3765 3973 3839; baseline 0.002 -21"><span class='ocrx_word' id='word_1_628' title='bbox 2406 3768 2457 3818; x_wconf 83' lang='grc' dir='ltr'><strong>εί</strong></span> <span class='ocrx_word' id='word_1_629' title='bbox 2499 3766 2674 3818; x_wconf 76' lang='grc' dir='ltr'><strong>πάντα</strong></span> <span class='ocrx_word' id='word_1_630' title='bbox 2706 3765 2774 3817; x_wconf 75' lang='grc' dir='ltr'><strong>τὰ</strong></span> <span class='ocrx_word' id='word_1_631' title='bbox 2823 3767 3193 3836; x_wconf 82' lang='grc' dir='ltr'><strong>ἁμαρτήματα</strong></span> <span class='ocrx_word' id='word_1_632' title='bbox 3228 3767 3737 3838; x_wconf 80' lang='grc' dir='ltr'><strong>καταριθμήσασθαι</strong></span> <span class='ocrx_word' id='word_1_633' title='bbox 3772 3771 3973 3839; x_wconf 67' lang='grc' dir='ltr'><strong>ἐπιχει-</strong></span> 
     </span>
    </p>
   </div>
   <div class='ocr_carea' id='block_1_80' title="bbox 2409 3841 3973 3929">
    <p class='ocr_par' dir='ltr' id='par_1_80' title="bbox 2409 3841 3973 3929">
     <span class='ocr_line' id='line_1_80' title="bbox 2409 3841 3973 3929; baseline 0.003 -22"><span class='ocrx_word' id='word_1_634' title='bbox 2409 3856 2657 3924; x_wconf 85' lang='grc' dir='ltr'><strong>ρήσαιμι,</strong></span> <span class='ocrx_word' id='word_1_635' title='bbox 2687 3856 2796 3907; x_wconf 82' lang='grc' dir='ltr'><strong>οὐδ’</strong></span> <span class='ocrx_word' id='word_1_636' title='bbox 2824 3857 2872 3908; x_wconf 88' lang='grc' dir='ltr'><strong>εί</strong></span> <span class='ocrx_word' id='word_1_637' title='bbox 2897 3855 3206 3909; x_wconf 76' lang='grc' dir='ltr'><strong>παύσασθαι</strong></span> <span class='ocrx_word' id='word_1_638' title='bbox 3235 3841 3542 3927; x_wconf 74' lang='grc' dir='ltr'><strong>βουλοίμην,</strong></span> <span class='ocrx_word' id='word_1_639' title='bbox 3570 3858 3855 3929; x_wconf 75' lang='grc' dir='ltr'><strong>δυναίμην.</strong></span> <span class='ocrx_word' id='word_1_640' title='bbox 3885 3860 3973 3912; x_wconf 74' lang='grc' dir='ltr'><strong>Διὸ</strong></span> 
     </span>
    </p>
   </div>
   <div class='ocr_carea' id='block_1_81' title="bbox 2406 3944 3970 4017">
    <p class='ocr_par' dir='ltr' id='par_1_81' title="bbox 2406 3944 3970 4017">
     <span class='ocr_line' id='line_1_81' title="bbox 2406 3944 3970 4017; baseline 0.002 -21"><span class='ocrx_word' id='word_1_641' title='bbox 2406 3944 2695 4008; x_wconf 78' lang='grc' dir='ltr'><strong>ἐκθειάσας</strong></span> <span class='ocrx_word' id='word_1_642' title='bbox 2721 3945 2816 4008; x_wconf 84' lang='grc' dir='ltr'><strong>τὰς</strong></span> <span class='ocrx_word' id='word_1_643' title='bbox 2848 3944 2997 4014; x_wconf 85' lang='grc' dir='ltr'><strong>ἱεράς</strong></span> <span class='ocrx_word' id='word_1_644' title='bbox 3029 3946 3121 3999; x_wconf 81' lang='grc' dir='ltr'><strong>καὶ</strong></span> <span class='ocrx_word' id='word_1_645' title='bbox 3157 3946 3302 4010; x_wconf 83' lang='grc' dir='ltr'><strong>θείας</strong></span> <span class='ocrx_word' id='word_1_646' title='bbox 3329 3947 3368 3999; x_wconf 93' lang='grc' dir='ltr'><strong>Γ</strong></span> <span class='ocrx_word' id='word_1_647' title='bbox 3372 3947 3581 4017; x_wconf 74' lang='grc' dir='ltr'><strong>ραφὰς,</strong></span> <span class='ocrx_word' id='word_1_648' title='bbox 3614 3946 3970 4008; x_wconf 83' lang='grc' dir='ltr'><strong>καταπαύσω,</strong></span> 
     </span>
    </p>
   </div>
   <div class='ocr_carea' id='block_1_82' title="bbox 734 4030 3974 4105">
    <p class='ocr_par' dir='ltr' id='par_1_82' title="bbox 734 4030 3974 4105">
     <span class='ocr_line' id='line_1_82' title="bbox 734 4030 3974 4105; baseline 0.004 -26"><span class='ocrx_word' id='word_1_649' title='bbox 734 4044 798 4082; x_wconf 85' lang='lat' dir='ltr'><strong>ac</strong></span> <span class='ocrx_word' id='word_1_650' title='bbox 824 4030 993 4082; x_wconf 87' lang='lat' dir='ltr'><strong>timidi</strong></span> <span class='ocrx_word' id='word_1_651' title='bbox 1028 4042 1186 4094; x_wconf 84' lang='lat' dir='ltr'><strong>sunt;</strong></span> <span class='ocrx_word' id='word_1_652' title='bbox 1231 4031 1324 4085; x_wconf 90' lang='lat' dir='ltr'><strong>alii</strong></span> <span class='ocrx_word' id='word_1_653' title='bbox 1352 4032 1587 4085; x_wconf 89' lang='lat' dir='ltr'><strong>audaces</strong></span> <span class='ocrx_word' id='word_1_654' title='bbox 1620 4041 1675 4086; x_wconf 87' lang='lat' dir='ltr'><strong>et</strong></span> <span class='ocrx_word' id='word_1_655' title='bbox 1707 4030 2066 4099; x_wconf 71' lang='lat' dir='ltr'><strong>praeﬁdentes.</strong></span> <span class='ocrx_word' id='word_1_656' title='bbox 2096 4031 2201 4083; x_wconf 87' lang='lat' dir='ltr'><strong>Alii</strong></span> <span class='ocrx_word' id='word_1_657' title='bbox 2235 4041 2453 4086; x_wconf 85' lang='lat' dir='ltr'><strong>tenaces</strong></span> <span class='ocrx_word' id='word_1_658' title='bbox 2486 4048 2549 4087; x_wconf 86' lang='lat' dir='ltr'><strong>ac</strong></span> <span class='ocrx_word' id='word_1_659' title='bbox 2582 4035 2769 4101; x_wconf 88' lang='lat' dir='ltr'><strong>parci;</strong></span> <span class='ocrx_word' id='word_1_660' title='bbox 2808 4036 2894 4088; x_wconf 89' lang='lat' dir='ltr'><strong>alii</strong></span> <span class='ocrx_word' id='word_1_661' title='bbox 2930 4035 3132 4105; x_wconf 80' lang='lat' dir='ltr'><strong>profusi</strong></span> <span class='ocrx_word' id='word_1_662' title='bbox 3187 4050 3250 4090; x_wconf 88' lang='lat' dir='ltr'><strong>ac</strong></span> <span class='ocrx_word' id='word_1_663' title='bbox 3308 4048 3546 4105; x_wconf 87' lang='lat' dir='ltr'><strong>nepotes.</strong></span> <span class='ocrx_word' id='word_1_664' title='bbox 3581 4037 3685 4091; x_wconf 82' lang='lat' dir='ltr'><strong>Alii</strong></span> <span class='ocrx_word' id='word_1_665' title='bbox 3741 4052 3807 4091; x_wconf 90' lang='lat' dir='ltr'><strong>ne</strong></span> <span class='ocrx_word' id='word_1_666' title='bbox 3858 4044 3974 4091; x_wconf 77' lang='lat' dir='ltr'><strong>ver;</strong></span> 
     </span>
    </p>
   </div>
   <div class='ocr_carea' id='block_1_83' title="bbox 732 4119 3971 4197">
    <p class='ocr_par' dir='ltr' id='par_1_83' title="bbox 732 4119 3971 4197">
     <span class='ocr_line' id='line_1_83' title="bbox 732 4119 3971 4197; baseline 0.003 -25"><span class='ocrx_word' id='word_1_667' title='bbox 732 4120 858 4172; x_wconf 88' lang='lat' dir='ltr'><strong>bum</strong></span> <span class='ocrx_word' id='word_1_668' title='bbox 892 4120 1105 4188; x_wconf 80' lang='lat' dir='ltr'><strong>quidem</strong></span> <span class='ocrx_word' id='word_1_669' title='bbox 1131 4121 1317 4175; x_wconf 91' lang='lat' dir='ltr'><strong>audire</strong></span> <span class='ocrx_word' id='word_1_670' title='bbox 1348 4130 1573 4188; x_wconf 87' lang='lat' dir='ltr'><strong>possunt</strong></span> <span class='ocrx_word' id='word_1_671' title='bbox 1607 4119 1930 4185; x_wconf 89' lang='lat' dir='ltr'><strong>acrius;a|ii</strong></span> <span class='ocrx_word' id='word_1_672' title='bbox 1953 4128 2142 4173; x_wconf 89' lang='lat' dir='ltr'><strong>contra</strong></span> <span class='ocrx_word' id='word_1_673' title='bbox 2208 4131 2334 4174; x_wconf 92' lang='lat' dir='ltr'><strong>sunt</strong></span> <span class='ocrx_word' id='word_1_674' title='bbox 2368 4122 2458 4190; x_wconf 92' lang='lat' dir='ltr'><strong>qui</strong></span> <span class='ocrx_word' id='word_1_675' title='bbox 2492 4138 2557 4176; x_wconf 91' lang='lat' dir='ltr'><strong>ne</strong></span> <span class='ocrx_word' id='word_1_676' title='bbox 2587 4124 2845 4193; x_wconf 89' lang='lat' dir='ltr'><strong>supplicia</strong></span> <span class='ocrx_word' id='word_1_677' title='bbox 2876 4125 3041 4197; x_wconf 64' lang='grc'><strong>476</strong></span> <span class='ocrx_word' id='word_1_678' title='bbox 3066 4127 3280 4196; x_wconf 84' lang='lat' dir='ltr'><strong>quidem</strong></span> <span class='ocrx_word' id='word_1_679' title='bbox 3330 4127 3572 4182; x_wconf 89' lang='lat' dir='ltr'><strong>horrent.</strong></span> <span class='ocrx_word' id='word_1_680' title='bbox 3641 4127 3741 4180; x_wconf 82' lang='lat' dir='ltr'><strong>Alii</strong></span> <span class='ocrx_word' id='word_1_681' title='bbox 3785 4128 3971 4182; x_wconf 76' lang='lat' dir='ltr'><strong>adula-</strong></span> 
     </span>
    </p>
   </div>
   <div class='ocr_carea' id='block_1_84' title="bbox 734 4211 3968 4286">
    <p class='ocr_par' dir='ltr' id='par_1_84' title="bbox 734 4211 3968 4286">
     <span class='ocr_line' id='line_1_84' title="bbox 734 4211 3968 4286; baseline 0.002 -21"><span class='ocrx_word' id='word_1_682' title='bbox 734 4221 879 4266; x_wconf 86' lang='lat' dir='ltr'><strong>tores</strong></span> <span class='ocrx_word' id='word_1_683' title='bbox 903 4222 1055 4277; x_wconf 86' lang='lat' dir='ltr'><strong>sunt;</strong></span> <span class='ocrx_word' id='word_1_684' title='bbox 1089 4214 1178 4266; x_wconf 90' lang='lat' dir='ltr'><strong>alii</strong></span> <span class='ocrx_word' id='word_1_685' title='bbox 1212 4227 1337 4267; x_wconf 85' lang='lat' dir='ltr'><strong>vero</strong></span> <span class='ocrx_word' id='word_1_686' title='bbox 1367 4228 1428 4267; x_wconf 89' lang='lat' dir='ltr'><strong>se</strong></span> <span class='ocrx_word' id='word_1_687' title='bbox 1461 4211 1668 4267; x_wconf 86' lang='lat' dir='ltr'><strong>adulari</strong></span> <span class='ocrx_word' id='word_1_688' title='bbox 1706 4211 1908 4267; x_wconf 87' lang='lat' dir='ltr'><strong>volunt.</strong></span> <span class='ocrx_word' id='word_1_689' title='bbox 1956 4212 2060 4265; x_wconf 89' lang='lat' dir='ltr'><strong>Alii</strong></span> <span class='ocrx_word' id='word_1_690' title='bbox 2104 4212 2366 4269; x_wconf 88' lang='lat' dir='ltr'><strong>ebrietate</strong></span> <span class='ocrx_word' id='word_1_691' title='bbox 2393 4216 2644 4283; x_wconf 78' lang='lat' dir='ltr'><strong>gaudent,</strong></span> <span class='ocrx_word' id='word_1_692' title='bbox 2711 4218 2800 4270; x_wconf 84' lang='lat' dir='ltr'><strong>alii</strong></span> <span class='ocrx_word' id='word_1_693' title='bbox 2872 4218 3226 4286; x_wconf 85' lang='lat' dir='ltr'><strong>spectaculis;</strong></span> <span class='ocrx_word' id='word_1_694' title='bbox 3282 4218 3373 4272; x_wconf 86' lang='lat' dir='ltr'><strong>alii</strong></span> <span class='ocrx_word' id='word_1_695' title='bbox 3407 4218 3677 4284; x_wconf 85' lang='lat' dir='ltr'><strong>cantibus,</strong></span> <span class='ocrx_word' id='word_1_696' title='bbox 3753 4217 3843 4271; x_wconf 84' lang='lat' dir='ltr'><strong>alii</strong></span> <span class='ocrx_word' id='word_1_697' title='bbox 3892 4218 3968 4271; x_wconf 89' lang='lat' dir='ltr'><strong>la-</strong></span> 
     </span>
    </p>
   </div>
   <div class='ocr_carea' id='block_1_85' title="bbox 734 4305 3967 4391">
    <p class='ocr_par' dir='ltr' id='par_1_85' title="bbox 734 4305 3967 4391">
     <span class='ocr_line' id='line_1_85' title="bbox 734 4305 3967 4391; baseline 0.002 -34"><span class='ocrx_word' id='word_1_698' title='bbox 734 4305 1167 4359; x_wconf 85' lang='lat' dir='ltr'><strong>mentationibus.</strong></span> <span class='ocrx_word' id='word_1_699' title='bbox 1200 4305 1302 4359; x_wconf 86' lang='lat' dir='ltr'><strong>Alii</strong></span> <span class='ocrx_word' id='word_1_700' title='bbox 1351 4307 1404 4361; x_wconf 89' lang='lat' dir='ltr'><strong>in</strong></span> <span class='ocrx_word' id='word_1_701' title='bbox 1449 4306 1705 4372; x_wconf 89' lang='lat' dir='ltr'><strong>desertis,</strong></span> <span class='ocrx_word' id='word_1_702' title='bbox 1737 4305 1829 4360; x_wconf 88' lang='lat' dir='ltr'><strong>alii</strong></span> <span class='ocrx_word' id='word_1_703' title='bbox 1863 4307 1916 4359; x_wconf 90' lang='lat' dir='ltr'><strong>in</strong></span> <span class='ocrx_word' id='word_1_704' title='bbox 1950 4306 2173 4360; x_wconf 90' lang='lat' dir='ltr'><strong>urbibus</strong></span> <span class='ocrx_word' id='word_1_705' title='bbox 2240 4308 2521 4362; x_wconf 88' lang='lat' dir='ltr'><strong>latrocinia</strong></span> <span class='ocrx_word' id='word_1_706' title='bbox 2585 4320 2860 4367; x_wconf 76' lang='lat' dir='ltr'><strong>exercent.</strong></span> <span class='ocrx_word' id='word_1_707' title='bbox 2909 4313 3011 4365; x_wconf 88' lang='lat' dir='ltr'><strong>Alii</strong></span> <span class='ocrx_word' id='word_1_708' title='bbox 3081 4314 3255 4367; x_wconf 61' lang='lat' dir='ltr'><strong>credes</strong></span> <span class='ocrx_word' id='word_1_709' title='bbox 3302 4312 3512 4382; x_wconf 88' lang='lat' dir='ltr'><strong>spirant</strong></span> <span class='ocrx_word' id='word_1_710' title='bbox 3550 4323 3605 4366; x_wconf 87' lang='lat' dir='ltr'><strong>et</strong></span> <span class='ocrx_word' id='word_1_711' title='bbox 3669 4322 3967 4391; x_wconf 72' lang='lat' dir='ltr'><strong>appetunt;</strong></span> 
     </span>
    </p>
   </div>
   <div class='ocr_carea' id='block_1_86' title="bbox 735 4394 3961 4468">
    <p class='ocr_par' dir='ltr' id='par_1_86' title="bbox 735 4394 3961 4468">
     <span class='ocr_line' id='line_1_86' title="bbox 735 4394 3961 4468; baseline 0.002 -21"><span class='ocrx_word' id='word_1_712' title='bbox 735 4395 821 4448; x_wconf 84' lang='lat' dir='ltr'><strong>alii</strong></span> <span class='ocrx_word' id='word_1_713' title='bbox 853 4410 918 4447; x_wconf 90' lang='lat' dir='ltr'><strong>ne</strong></span> <span class='ocrx_word' id='word_1_714' title='bbox 960 4394 1169 4448; x_wconf 88' lang='lat' dir='ltr'><strong>brutum</strong></span> <span class='ocrx_word' id='word_1_715' title='bbox 1198 4398 1411 4463; x_wconf 86' lang='lat' dir='ltr'><strong>quidem</strong></span> <span class='ocrx_word' id='word_1_716' title='bbox 1456 4395 1657 4450; x_wconf 78' lang='lat' dir='ltr'><strong>animal</strong></span> <span class='ocrx_word' id='word_1_717' title='bbox 1702 4403 1994 4451; x_wconf 87' lang='lat' dir='ltr'><strong>mactatum</strong></span> <span class='ocrx_word' id='word_1_718' title='bbox 2049 4396 2291 4465; x_wconf 87' lang='lat' dir='ltr'><strong>aspicere</strong></span> <span class='ocrx_word' id='word_1_719' title='bbox 2331 4413 2485 4465; x_wconf 64' lang='lat' dir='ltr'><strong>aequo</strong></span> <span class='ocrx_word' id='word_1_720' title='bbox 2513 4400 2695 4451; x_wconf 86' lang='lat' dir='ltr'><strong>animo</strong></span> <span class='ocrx_word' id='word_1_721' title='bbox 2726 4409 2967 4468; x_wconf 90' lang='lat' dir='ltr'><strong>possunt.</strong></span> <span class='ocrx_word' id='word_1_722' title='bbox 2998 4400 3100 4455; x_wconf 93' lang='lat' dir='ltr'><strong>Alii</strong></span> <span class='ocrx_word' id='word_1_723' title='bbox 3170 4400 3366 4468; x_wconf 77' lang='lat' dir='ltr'><strong>ignavi,</strong></span> <span class='ocrx_word' id='word_1_724' title='bbox 3402 4399 3490 4453; x_wconf 90' lang='lat' dir='ltr'><strong>alii</strong></span> <span class='ocrx_word' id='word_1_725' title='bbox 3568 4397 3779 4455; x_wconf 81' lang='lat' dir='ltr'><strong>feroces</strong></span> <span class='ocrx_word' id='word_1_726' title='bbox 3819 4411 3961 4454; x_wconf 73' lang='grc' dir='ltr'><strong>ειιιιι.</strong></span> 
     </span>
    </p>
   </div>
   <div class='ocr_carea' id='block_1_87' title="bbox 735 4484 3963 4557">
    <p class='ocr_par' dir='ltr' id='par_1_87' title="bbox 735 4484 3963 4557">
     <span class='ocr_line' id='line_1_87' title="bbox 735 4484 3963 4557; baseline 0.001 -17"><span class='ocrx_word' id='word_1_727' title='bbox 735 4484 842 4540; x_wconf 89' lang='lat' dir='ltr'><strong>Sed</strong></span> <span class='ocrx_word' id='word_1_728' title='bbox 875 4484 915 4537; x_wconf 91' lang='lat' dir='ltr'><strong>si</strong></span> <span class='ocrx_word' id='word_1_729' title='bbox 943 4486 1119 4538; x_wconf 88' lang='lat' dir='ltr'><strong>omnia</strong></span> <span class='ocrx_word' id='word_1_730' title='bbox 1158 4486 1437 4540; x_wconf 88' lang='lat' dir='ltr'><strong>hominum</strong></span> <span class='ocrx_word' id='word_1_731' title='bbox 1480 4496 1700 4555; x_wconf 83' lang='lat' dir='ltr'><strong>peccata</strong></span> <span class='ocrx_word' id='word_1_732' title='bbox 1743 4499 2065 4541; x_wconf 87' lang='lat' dir='ltr'><strong>enumerare</strong></span> <span class='ocrx_word' id='word_1_733' title='bbox 2109 4499 2295 4551; x_wconf 90' lang='lat' dir='ltr'><strong>coner,</strong></span> <span class='ocrx_word' id='word_1_734' title='bbox 2338 4501 2404 4540; x_wconf 91' lang='lat' dir='ltr'><strong>ne</strong></span> <span class='ocrx_word' id='word_1_735' title='bbox 2448 4486 2491 4539; x_wconf 93' lang='lat' dir='ltr'><strong>si</strong></span> <span class='ocrx_word' id='word_1_736' title='bbox 2556 4486 2718 4541; x_wconf 89' lang='lat' dir='ltr'><strong>velim</strong></span> <span class='ocrx_word' id='word_1_737' title='bbox 2758 4488 2972 4557; x_wconf 86' lang='lat' dir='ltr'><strong>quidem</strong></span> <span class='ocrx_word' id='word_1_738' title='bbox 3005 4488 3209 4541; x_wconf 82' lang='lat' dir='ltr'><strong>exitum</strong></span> <span class='ocrx_word' id='word_1_739' title='bbox 3279 4487 3524 4543; x_wconf 78' lang='lat' dir='ltr'><strong>invenire</strong></span> <span class='ocrx_word' id='word_1_740' title='bbox 3574 4497 3643 4543; x_wconf 73' lang='lat' dir='ltr'><strong>ac</strong></span> <span class='ocrx_word' id='word_1_741' title='bbox 3696 4488 3963 4553; x_wconf 81' lang='lat' dir='ltr'><strong>desinere,</strong></span> 
     </span>
    </p>
   </div>
   <div class='ocr_carea' id='block_1_88' title="bbox 736 4574 3253 4646">
    <p class='ocr_par' dir='ltr' id='par_1_88' title="bbox 736 4574 3253 4646">
     <span class='ocr_line' id='line_1_88' title="bbox 736 4574 3253 4646; baseline 0.002 -15"><span class='ocrx_word' id='word_1_742' title='bbox 736 4575 958 4645; x_wconf 81' lang='lat' dir='ltr'><strong>possim.</strong></span> <span class='ocrx_word' id='word_1_743' title='bbox 1007 4574 1342 4645; x_wconf 88' lang='lat' dir='ltr'><strong>Quapropter</strong></span> <span class='ocrx_word' id='word_1_744' title='bbox 1400 4585 1688 4633; x_wconf 86' lang='lat' dir='ltr'><strong>veneratus</strong></span> <span class='ocrx_word' id='word_1_745' title='bbox 1735 4591 1919 4633; x_wconf 84' lang='lat' dir='ltr'><strong>sacras</strong></span> <span class='ocrx_word' id='word_1_746' title='bbox 1970 4591 2034 4632; x_wconf 81' lang='lat' dir='ltr'><strong>ac</strong></span> <span class='ocrx_word' id='word_1_747' title='bbox 2096 4576 2306 4631; x_wconf 84' lang='lat' dir='ltr'><strong>divinas</strong></span> <span class='ocrx_word' id='word_1_748' title='bbox 2347 4575 2677 4646; x_wconf 88' lang='lat' dir='ltr'><strong>Scripturas,</strong></span> <span class='ocrx_word' id='word_1_749' title='bbox 2716 4578 2803 4633; x_wconf 90' lang='lat' dir='ltr'><strong>hic</strong></span> <span class='ocrx_word' id='word_1_750' title='bbox 2838 4578 2998 4633; x_wconf 84' lang='lat' dir='ltr'><strong>linem</strong></span> <span class='ocrx_word' id='word_1_751' title='bbox 3038 4578 3253 4636; x_wconf 78' lang='lat' dir='ltr'><strong>faciam.</strong></span> 
     </span>
    </p>
   </div>
   <div class='ocr_carea' id='block_1_89' title="bbox 1838 4752 2886 4810">
    <p class='ocr_par' dir='ltr' id='par_1_89' title="bbox 1838 4752 2886 4810">
     <span class='ocr_line' id='line_1_89' title="bbox 1838 4752 2886 4810; baseline 0.002 -3"><span class='ocrx_word' id='word_1_752' title='bbox 1838 4752 2073 4809; x_wconf 64' lang='lat' dir='ltr'><strong>VARUS</strong></span> <span class='ocrx_word' id='word_1_753' title='bbox 2110 4752 2498 4810; x_wconf 79' lang='lat' dir='ltr'><strong>LECTIONES</strong></span> <span class='ocrx_word' id='word_1_754' title='bbox 2533 4754 2620 4808; x_wconf 87' lang='lat' dir='ltr'><strong>ET</strong></span> <span class='ocrx_word' id='word_1_755' title='bbox 2654 4752 2886 4809; x_wconf 75' lang='grc' dir='ltr'><strong>ΝΟΤᾸΞ.</strong></span> 
     </span>
    </p>
   </div>
   <div class='ocr_carea' id='block_1_90' title="bbox 732 4922 2291 4993">
    <p class='ocr_par' dir='ltr' id='par_1_90' title="bbox 732 4922 2291 4993">
     <span class='ocr_line' id='line_1_90' title="bbox 732 4922 2291 4993; baseline -0.001 -14"><span class='ocrx_word' id='word_1_756' title='bbox 732 4924 1087 4993; x_wconf 89' lang='lat' dir='ltr'><strong>prospiciunt,</strong></span> <span class='ocrx_word' id='word_1_757' title='bbox 1126 4925 1248 4977; x_wconf 87' lang='lat' dir='ltr'><strong>dum</strong></span> <span class='ocrx_word' id='word_1_758' title='bbox 1280 4939 1383 4977; x_wconf 84' lang='lat' dir='ltr'><strong>non</strong></span> <span class='ocrx_word' id='word_1_759' title='bbox 1419 4923 1593 4977; x_wconf 91' lang='lat' dir='ltr'><strong>solum</strong></span> <span class='ocrx_word' id='word_1_760' title='bbox 1652 4923 1704 4977; x_wconf 93' lang='lat' dir='ltr'><strong>in</strong></span> <span class='ocrx_word' id='word_1_761' title='bbox 1739 4922 1969 4986; x_wconf 88' lang='lat' dir='ltr'><strong>actione,</strong></span> <span class='ocrx_word' id='word_1_762' title='bbox 2003 4924 2094 4978; x_wconf 89' lang='lat' dir='ltr'><strong>sed</strong></span> <span class='ocrx_word' id='word_1_763' title='bbox 2129 4925 2291 4980; x_wconf 88' lang='lat' dir='ltr'><strong>etiam</strong></span> 
     </span>
    </p>
   </div>
   <div class='ocr_carea' id='block_1_91' title="bbox 2470 4923 3965 4996">
    <p class='ocr_par' dir='ltr' id='par_1_91' title="bbox 2470 4923 3965 4996">
     <span class='ocr_line' id='line_1_91' title="bbox 2470 4923 3965 4996; baseline 0.001 -18"><span class='ocrx_word' id='word_1_764' title='bbox 2470 4924 2579 4993; x_wconf 78' lang='lat'><strong>(7&#39;5)</strong></span> <span class='ocrx_word' id='word_1_765' title='bbox 2600 4924 2737 4996; x_wconf 80' lang='lat' dir='ltr'><strong>Cod.</strong></span> <span class='ocrx_word' id='word_1_766' title='bbox 2769 4924 2889 4980; x_wconf 83' lang='lat' dir='ltr'><strong>Vat.</strong></span> <span class='ocrx_word' id='word_1_767' title='bbox 2916 4924 3020 4979; x_wconf 84' lang='lat'><strong>650</strong></span> <span class='ocrx_word' id='word_1_768' title='bbox 3059 4938 3155 4993; x_wconf 90' lang='lat' dir='ltr'><strong>pro</strong></span> <span class='ocrx_word' id='word_1_769' title='bbox 3189 4923 3452 4996; x_wconf 78' lang='grc' dir='ltr'><strong>μειζόνων</strong></span> <span class='ocrx_word' id='word_1_770' title='bbox 3487 4931 3544 4996; x_wconf 89' lang='lat' dir='ltr'><strong>e_t_</strong></span> <span class='ocrx_word' id='word_1_771' title='bbox 3570 4924 3807 4996; x_wconf 88' lang='grc' dir='ltr'><strong>μετρίων</strong></span> <span class='ocrx_word' id='word_1_772' title='bbox 3833 4926 3965 4979; x_wconf 88' lang='lat' dir='ltr'><strong>scri-</strong></span> 
     </span>
    </p>
   </div>
   <div class='ocr_carea' id='block_1_92' title="bbox 731 4991 2306 5065">
    <p class='ocr_par' dir='ltr' id='par_1_92' title="bbox 731 4991 2283 5065">
     <span class='ocr_line' id='line_1_92' title="bbox 731 4991 2283 5065; baseline 0.001 -19"><span class='ocrx_word' id='word_1_773' title='bbox 731 4997 781 5065; x_wconf 81' lang='lat' dir='ltr'><strong>in</strong></span> <span class='ocrx_word' id='word_1_774' title='bbox 834 4991 1167 5065; x_wconf 76' lang='lat' dir='ltr'><strong>cogitatione</strong></span> <span class='ocrx_word' id='word_1_775' title='bbox 1213 4993 1507 5065; x_wconf 60' lang='lat' dir='ltr'><strong>{militatem</strong></span> <span class='ocrx_word' id='word_1_776' title='bbox 1559 5008 1711 5065; x_wconf 88' lang='lat' dir='ltr'><strong>suam</strong></span> <span class='ocrx_word' id='word_1_777' title='bbox 1794 5006 2229 5065; x_wconf 79' lang='lat' dir='ltr'><strong>recognoscuut.</strong></span> <span class='ocrx_word' id='word_1_778' title='bbox 2266 5013 2283 5046; x_wconf 78' lang='grc' dir='ltr'><strong>ι</strong></span> 
     </span>
    </p>
   </div>
   <div class='ocr_carea' id='block_1_93' title="bbox 2407 4991 3965 5065">
    <p class='ocr_par' dir='ltr' id='par_1_93' title="bbox 2407 4991 3965 5065">
     <span class='ocr_line' id='line_1_93' title="bbox 2407 4991 3965 5065; baseline 0.001 -17"><span class='ocrx_word' id='word_1_779' title='bbox 2407 4994 2473 5048; x_wconf 74' lang='lat' dir='ltr'><strong>bit</strong></span> <span class='ocrx_word' id='word_1_780' title='bbox 2499 4991 2759 5063; x_wconf 76' lang='grc' dir='ltr'><strong>μειζόνως</strong></span> <span class='ocrx_word' id='word_1_781' title='bbox 2788 5002 2842 5047; x_wconf 87' lang='lat' dir='ltr'><strong>et</strong></span> <span class='ocrx_word' id='word_1_782' title='bbox 2872 4991 3135 5065; x_wconf 85' lang='grc' dir='ltr'><strong>μετρίως,</strong></span> <span class='ocrx_word' id='word_1_783' title='bbox 3170 4991 3272 5048; x_wconf 84' lang='lat' dir='ltr'><strong>non</strong></span> <span class='ocrx_word' id='word_1_784' title='bbox 3308 4994 3466 5049; x_wconf 87' lang='lat' dir='ltr'><strong>male.</strong></span> <span class='ocrx_word' id='word_1_785' title='bbox 3504 4991 3658 5049; x_wconf 75' lang='lat' dir='ltr'><strong>vers.</strong></span> <span class='ocrx_word' id='word_1_786' title='bbox 3677 4991 3800 5063; x_wconf 71' lang='grc' dir='ltr'><strong>ἐσσι.</strong></span> <span class='ocrx_word' id='word_1_787' title='bbox 3830 4996 3965 5049; x_wconf 77' lang='grc' dir='ltr'><strong>ιντι-</strong></span> 
     </span>
    </p>
   </div>
   <div class='ocr_carea' id='block_1_94' title="bbox 732 5062 2306 5133">
    <p class='ocr_par' dir='ltr' id='par_1_94' title="bbox 732 5062 2293 5133">
     <span class='ocr_line' id='line_1_94' title="bbox 732 5062 2293 5133; baseline 0 -16"><span class='ocrx_word' id='word_1_788' title='bbox 732 5062 1001 5119; x_wconf 54' lang='grc' dir='ltr'><strong>Βιττίω</strong></span> <span class='ocrx_word' id='word_1_789' title='bbox 1038 5062 1429 5133; x_wconf 35' lang='grc' dir='ltr'><strong>Οιιὶὼμ-ιὶιίείι,</strong></span> <span class='ocrx_word' id='word_1_790' title='bbox 1472 5063 1737 5115; x_wconf 87' lang='lat' dir='ltr'><strong>luculenta</strong></span> <span class='ocrx_word' id='word_1_791' title='bbox 1769 5072 1953 5133; x_wconf 77' lang='lat' dir='ltr'><strong>est_et</strong></span> <span class='ocrx_word' id='word_1_792' title='bbox 1988 5064 2293 5127; x_wconf 88' lang='lat' dir='ltr'><strong>pererudita</strong></span> 
     </span>
    </p>
   </div>
   <div class='ocr_carea' id='block_1_95' title="bbox 2407 5062 3145 5133">
    <p class='ocr_par' dir='ltr' id='par_1_95' title="bbox 2407 5062 3145 5133">
     <span class='ocr_line' id='line_1_95' title="bbox 2407 5062 3145 5133; baseline 0.003 -18"><span class='ocrx_word' id='word_1_793' title='bbox 2407 5062 2699 5132; x_wconf 23' lang='lat' dir='ltr'><strong>uov’mutut</strong></span> <span class='ocrx_word' id='word_1_794' title='bbox 2741 5067 2790 5116; x_wconf 92' lang='lat' dir='ltr'><strong>in</strong></span> <span class='ocrx_word' id='word_1_795' title='bbox 2824 5062 3024 5133; x_wconf 79' lang='grc' dir='ltr'><strong>τίμιον.</strong></span> <span class='ocrx_word' id='word_1_796' title='bbox 3068 5066 3145 5133; x_wconf 83' lang='lat' dir='ltr'><strong>lo.</strong></span> 
     </span>
    </p>
   </div>
   <div class='ocr_carea' id='block_1_96' title="bbox 730 5130 2039 5200">
    <p class='ocr_par' dir='ltr' id='par_1_96' title="bbox 730 5130 2039 5200">
     <span class='ocr_line' id='line_1_96' title="bbox 730 5130 2039 5200; baseline -0.002 -13"><span class='ocrx_word' id='word_1_797' title='bbox 730 5148 889 5200; x_wconf 84' lang='lat' dir='ltr'><strong>super</strong></span> <span class='ocrx_word' id='word_1_798' title='bbox 925 5134 1023 5184; x_wconf 87' lang='lat' dir='ltr'><strong>hoc</strong></span> <span class='ocrx_word' id='word_1_799' title='bbox 1054 5134 1198 5183; x_wconf 75' lang='lat' dir='ltr'><strong>dicto</strong></span> <span class='ocrx_word' id='word_1_800' title='bbox 1229 5130 1413 5184; x_wconf 78' lang='lat' dir='ltr'><strong>Isidm‘i</strong></span> <span class='ocrx_word' id='word_1_801' title='bbox 1441 5133 1845 5185; x_wconf 86' lang='lat' dir='ltr'><strong>commentatio.</strong></span> <span class='ocrx_word' id='word_1_802' title='bbox 1876 5130 2039 5184; x_wconf 84' lang='grc' dir='ltr'><strong>Εοιτ.</strong></span> 
     </span>
    </p>
   </div>
   <div class='ocr_carea' id='block_1_97' title="bbox 2468 5132 3963 5204">
    <p class='ocr_par' dir='ltr' id='par_1_97' title="bbox 2468 5132 3963 5204">
     <span class='ocr_line' id='line_1_97' title="bbox 2468 5132 3963 5204; baseline 0.005 -19"><span class='ocrx_word' id='word_1_803' title='bbox 2468 5134 2577 5201; x_wconf 58' lang='grc'>(74)</span> <span class='ocrx_word' id='word_1_804' title='bbox 2607 5136 2687 5185; x_wconf 77' lang='grc' dir='ltr'><strong>Οὺ</strong></span> <span class='ocrx_word' id='word_1_805' title='bbox 2714 5132 2908 5201; x_wconf 66' lang='grc' dir='ltr'><strong>μόνον·</strong></span> <span class='ocrx_word' id='word_1_806' title='bbox 2941 5136 3043 5186; x_wconf 77' lang='grc' dir='ltr'><strong>ἐπὶ</strong></span> <span class='ocrx_word' id='word_1_807' title='bbox 3067 5132 3205 5204; x_wconf 37' lang='grc' dir='ltr'><strong>*τῶν</strong></span> <span class='ocrx_word' id='word_1_808' title='bbox 3249 5132 3350 5201; x_wconf 80' lang='grc' dir='ltr'><strong>ἀρ.</strong></span> <span class='ocrx_word' id='word_1_809' title='bbox 3374 5133 3503 5188; x_wconf 87' lang='lat' dir='ltr'><strong>Post</strong></span> <span class='ocrx_word' id='word_1_810' title='bbox 3528 5134 3589 5187; x_wconf 74' lang='grc' dir='ltr'><strong>οὐ</strong></span> <span class='ocrx_word' id='word_1_811' title='bbox 3634 5134 3797 5204; x_wconf 82' lang='grc' dir='ltr'><strong>μόνον</strong></span> <span class='ocrx_word' id='word_1_812' title='bbox 3830 5137 3963 5192; x_wconf 85' lang='lat' dir='ltr'><strong>vide-</strong></span> 
     </span>
    </p>
   </div>
   <div class='ocr_carea' id='block_1_98' title="bbox 800 5201 2306 5270">
    <p class='ocr_par' dir='ltr' id='par_1_98' title="bbox 800 5201 2296 5270">
     <span class='ocr_line' id='line_1_98' title="bbox 800 5201 2296 5270; baseline 0 -15"><span class='ocrx_word' id='word_1_813' title='bbox 800 5201 908 5270; x_wconf 82' lang='grc'>(70)</span> <span class='ocrx_word' id='word_1_814' title='bbox 946 5201 1089 5254; x_wconf 84' lang='lat' dir='ltr'><strong>Inter</strong></span> <span class='ocrx_word' id='word_1_815' title='bbox 1132 5201 1364 5270; x_wconf 76' lang='grc' dir='ltr'><strong>διαφορὰ</strong></span> <span class='ocrx_word' id='word_1_816' title='bbox 1406 5212 1479 5270; x_wconf 82' lang='lat' dir='ltr'><strong>et</strong></span> <span class='ocrx_word' id='word_1_817' title='bbox 1517 5202 1732 5262; x_wconf 80' lang='grc' dir='ltr'><strong>πάντως</strong></span> <span class='ocrx_word' id='word_1_818' title='bbox 1781 5205 1903 5253; x_wconf 87' lang='lat' dir='ltr'><strong>cod.</strong></span> <span class='ocrx_word' id='word_1_819' title='bbox 1938 5201 2075 5270; x_wconf 10' lang='lat' dir='ltr'><strong>rvat.</strong></span> <span class='ocrx_word' id='word_1_820' title='bbox 2108 5202 2296 5255; x_wconf 90' lang='lat' dir='ltr'><strong>inserit</strong></span> 
     </span>
    </p>
   </div>
   <div class='ocr_carea' id='block_1_99' title="bbox 2407 5201 3233 5270">
    <p class='ocr_par' dir='ltr' id='par_1_99' title="bbox 2407 5201 3233 5257">
     <span class='ocr_line' id='line_1_99' title="bbox 2407 5201 3233 5257; baseline 0.001 -3"><span class='ocrx_word' id='word_1_821' title='bbox 2407 5218 2481 5254; x_wconf 65' lang='lat' dir='ltr'><strong>:tlt‘</strong></span> <span class='ocrx_word' id='word_1_822' title='bbox 2513 5219 2631 5254; x_wconf 80' lang='lat' dir='ltr'><strong>esse</strong></span> <span class='ocrx_word' id='word_1_823' title='bbox 2656 5206 2917 5257; x_wconf 72' lang='lat' dir='ltr'><strong>onussum</strong></span> <span class='ocrx_word' id='word_1_824' title='bbox 2954 5203 3032 5255; x_wconf 82' lang='grc' dir='ltr'><strong>δέ.</strong></span> <span class='ocrx_word' id='word_1_825' title='bbox 3066 5201 3233 5257; x_wconf 73' lang='grc' dir='ltr'><strong>Βιττ.</strong></span> 
     </span>
    </p>
   </div>
   <div class='ocr_carea' id='block_1_100' title="bbox 726 5269 2293 5341">
    <p class='ocr_par' dir='ltr' id='par_1_100' title="bbox 726 5269 2293 5341">
     <span class='ocr_line' id='line_1_100' title="bbox 726 5269 2293 5341; baseline -0.002 -15"><span class='ocrx_word' id='word_1_826' title='bbox 726 5269 963 5341; x_wconf 76' lang='grc' dir='ltr'><strong>πάντων,</strong></span> <span class='ocrx_word' id='word_1_827' title='bbox 1004 5282 1058 5323; x_wconf 88' lang='lat' dir='ltr'><strong>et</strong></span> <span class='ocrx_word' id='word_1_828' title='bbox 1112 5287 1251 5341; x_wconf 64' lang='lat' dir='ltr'><strong>vers.</strong></span> <span class='ocrx_word' id='word_1_829' title='bbox 1294 5269 1409 5341; x_wconf 68' lang='lat' dir='ltr'><strong>post</strong></span> <span class='ocrx_word' id='word_1_830' title='bbox 1460 5269 1515 5332; x_wconf 76' lang='grc'><strong>2,</strong></span> <span class='ocrx_word' id='word_1_831' title='bbox 1540 5286 1634 5341; x_wconf 80' lang='lat' dir='ltr'><strong>pro</strong></span> <span class='ocrx_word' id='word_1_832' title='bbox 1674 5272 1872 5322; x_wconf 81' lang='grc' dir='ltr'><strong>ἐνεῖναι</strong></span> <span class='ocrx_word' id='word_1_833' title='bbox 1926 5269 2064 5334; x_wconf 74' lang='grc' dir='ltr'><strong>δόξει</strong></span> <span class='ocrx_word' id='word_1_834' title='bbox 2102 5271 2293 5325; x_wconf 82' lang='lat' dir='ltr'><strong>scribit</strong></span> 
     </span>
    </p>
   </div>
   <div class='ocr_carea' id='block_1_101' title="bbox 727 5337 1511 5403">
    <p class='ocr_par' dir='ltr' id='par_1_101' title="bbox 727 5337 1511 5403">
     <span class='ocr_line' id='line_1_101' title="bbox 727 5337 1511 5403; baseline -0.006 -6"><span class='ocrx_word' id='word_1_835' title='bbox 727 5346 862 5398; x_wconf 87' lang='lat' dir='ltr'><strong>idem</strong></span> <span class='ocrx_word' id='word_1_836' title='bbox 886 5340 1083 5403; x_wconf 75' lang='grc' dir='ltr'><strong>δόξειεν</strong></span> <span class='ocrx_word' id='word_1_837' title='bbox 1115 5337 1274 5393; x_wconf 81' lang='grc' dir='ltr'><strong>εἶναι.</strong></span> <span class='ocrx_word' id='word_1_838' title='bbox 1303 5338 1511 5393; x_wconf 76' lang='lat' dir='ltr'><strong>Possm.</strong></span> 
     </span>
    </p>
   </div>
   <div class='ocr_carea' id='block_1_102' title="bbox 792 5408 2283 5481">
    <p class='ocr_par' dir='ltr' id='par_1_102' title="bbox 792 5408 2283 5481">
     <span class='ocr_line' id='line_1_102' title="bbox 792 5408 2283 5481; baseline -0.002 -19"><span class='ocrx_word' id='word_1_839' title='bbox 792 5411 906 5481; x_wconf 89' lang='lat'><strong>(7|)</strong></span> <span class='ocrx_word' id='word_1_840' title='bbox 930 5409 1207 5481; x_wconf 60' lang='lat' dir='ltr'><strong>Interfrdp</strong></span> <span class='ocrx_word' id='word_1_841' title='bbox 1229 5420 1281 5463; x_wconf 90' lang='lat' dir='ltr'><strong>et</strong></span> <span class='ocrx_word' id='word_1_842' title='bbox 1315 5410 1548 5479; x_wconf 78' lang='grc' dir='ltr'><strong>χαροποὶ</strong></span> <span class='ocrx_word' id='word_1_843' title='bbox 1581 5408 1721 5481; x_wconf 84' lang='lat' dir='ltr'><strong>idem</strong></span> <span class='ocrx_word' id='word_1_844' title='bbox 1754 5408 1945 5481; x_wconf 81' lang='lat' dir='ltr'><strong>inserit</strong></span> <span class='ocrx_word' id='word_1_845' title='bbox 1978 5410 2104 5463; x_wconf 82' lang='grc' dir='ltr'><strong>εἰσι.</strong></span> <span class='ocrx_word' id='word_1_846' title='bbox 2130 5408 2283 5462; x_wconf 84' lang='lat' dir='ltr'><strong>Vers.</strong></span> 
     </span>
    </p>
   </div>
   <div class='ocr_carea' id='block_1_103' title="bbox 2469 5270 3958 5347">
    <p class='ocr_par' dir='ltr' id='par_1_103' title="bbox 2469 5270 3958 5347">
     <span class='ocr_line' id='line_1_103' title="bbox 2469 5270 3958 5347; baseline 0.006 -26"><span class='ocrx_word' id='word_1_847' title='bbox 2469 5271 2581 5341; x_wconf 80' lang='lat'><strong>(75)</strong></span> <span class='ocrx_word' id='word_1_848' title='bbox 2614 5270 3071 5347; x_wconf 61' lang='lat' dir='ltr'><strong>P_ro_61:_spopipug</strong></span> <span class='ocrx_word' id='word_1_849' title='bbox 3104 5271 3243 5325; x_wconf 88' lang='lat' dir='ltr'><strong>idem</strong></span> <span class='ocrx_word' id='word_1_850' title='bbox 3275 5270 3397 5347; x_wconf 64' lang='lat' dir='ltr'><strong>end.</strong></span> <span class='ocrx_word' id='word_1_851' title='bbox 3445 5273 3608 5327; x_wconf 84' lang='lat' dir='ltr'><strong>habet</strong></span> <span class='ocrx_word' id='word_1_852' title='bbox 3638 5273 3958 5347; x_wconf 45' lang='grc' dir='ltr'><strong>,ὑπερορίοις</strong></span> 
     </span>
    </p>
   </div>
   <div class='ocr_carea' id='block_1_104' title="bbox 2394 5340 3718 5410">
    <p class='ocr_par' dir='ltr' id='par_1_104' title="bbox 2394 5340 3718 5410">
     <span class='ocr_line' id='line_1_104' title="bbox 2394 5340 3718 5410; baseline 0.002 -16"><span class='ocrx_word' id='word_1_853' title='bbox 2394 5352 2449 5394; x_wconf 90' lang='lat' dir='ltr'><strong>et</strong></span> <span class='ocrx_word' id='word_1_854' title='bbox 2476 5340 2774 5410; x_wconf 78' lang='lat' dir='ltr'><strong>vers._inde</strong></span> <span class='ocrx_word' id='word_1_855' title='bbox 2799 5340 2872 5402; x_wconf 41' lang='lat'><strong>4,</strong></span> <span class='ocrx_word' id='word_1_856' title='bbox 2896 5340 3181 5410; x_wconf 82' lang='grc' dir='ltr'><strong>ἀνέχονται</strong></span> <span class='ocrx_word' id='word_1_857' title='bbox 3216 5358 3311 5409; x_wconf 88' lang='lat' dir='ltr'><strong>pro</strong></span> <span class='ocrx_word' id='word_1_858' title='bbox 3336 5342 3605 5397; x_wconf 83' lang='grc' dir='ltr'><strong>δύνανται.</strong></span> <span class='ocrx_word' id='word_1_859' title='bbox 3638 5340 3718 5397; x_wconf 79' lang='lat' dir='ltr'><strong>In.</strong></span> 
     </span>
    </p>
   </div>
   <div class='ocr_carea' id='block_1_105' title="bbox 2459 5408 3956 5481">
    <p class='ocr_par' dir='ltr' id='par_1_105' title="bbox 2459 5408 3956 5481">
     <span class='ocr_line' id='line_1_105' title="bbox 2459 5408 3956 5481; baseline 0.005 -20"><span class='ocrx_word' id='word_1_860' title='bbox 2459 5410 2572 5478; x_wconf 86' lang='grc'>(76)</span> <span class='ocrx_word' id='word_1_861' title='bbox 2630 5408 3073 5479; x_wconf 67' lang='grc' dir='ltr'><strong>Ἐδραστήριώι.</strong></span> <span class='ocrx_word' id='word_1_862' title='bbox 3117 5408 3370 5481; x_wconf 83' lang='lat' dir='ltr'><strong>Intelligit</strong></span> <span class='ocrx_word' id='word_1_863' title='bbox 3415 5428 3573 5466; x_wconf 88' lang='lat' dir='ltr'><strong>anum</strong></span> <span class='ocrx_word' id='word_1_864' title='bbox 3614 5428 3627 5463; x_wconf 92' lang='lat'><strong>:</strong></span> <span class='ocrx_word' id='word_1_865' title='bbox 3668 5424 3723 5467; x_wconf 86' lang='lat' dir='ltr'><strong>et</strong></span> <span class='ocrx_word' id='word_1_866' title='bbox 3769 5413 3956 5469; x_wconf 80' lang='lat' dir='ltr'><strong>indicat</strong></span> 
     </span>
    </p>
   </div>
   <div class='ocr_carea' id='block_1_106' title="bbox 982 5478 2306 5551">
    <p class='ocr_par' dir='ltr' id='par_1_106' title="bbox 982 5478 2289 5551">
     <span class='ocr_line' id='line_1_106' title="bbox 982 5478 2289 5551; baseline 0.001 -22"><span class='ocrx_word' id='word_1_867' title='bbox 982 5479 1344 5547; x_wconf 87' lang='grc' dir='ltr'><strong>ελανόμματοι</strong></span> <span class='ocrx_word' id='word_1_868' title='bbox 1371 5478 1539 5551; x_wconf 84' lang='lat' dir='ltr'><strong>mutat</strong></span> <span class='ocrx_word' id='word_1_869' title='bbox 1581 5480 1631 5551; x_wconf 82' lang='lat' dir='ltr'><strong>in</strong></span> <span class='ocrx_word' id='word_1_870' title='bbox 1662 5478 2151 5551; x_wconf 60' lang='grc' dir='ltr'><strong>μεγαλονόμμαξοι,</strong></span> <span class='ocrx_word' id='word_1_871' title='bbox 2187 5494 2289 5551; x_wconf 81' lang='lat' dir='ltr'><strong>nou</strong></span> 
     </span>
    </p>
   </div>
   <div class='ocr_carea' id='block_1_107' title="bbox 2407 5478 3955 5551">
    <p class='ocr_par' dir='ltr' id='par_1_107' title="bbox 2407 5478 3955 5551">
     <span class='ocr_line' id='line_1_107' title="bbox 2407 5478 3955 5551; baseline 0.006 -21"><span class='ocrx_word' id='word_1_872' title='bbox 2407 5480 2563 5532; x_wconf 72' lang='lat' dir='ltr'><strong>melus</strong></span> <span class='ocrx_word' id='word_1_873' title='bbox 2603 5482 2748 5551; x_wconf 69' lang='lat' dir='ltr'><strong>quini</strong></span> <span class='ocrx_word' id='word_1_874' title='bbox 2784 5478 3129 5549; x_wconf 39' lang='lat' dir='ltr'><strong>nou&#39;prolicit</strong></span> <span class='ocrx_word' id='word_1_875' title='bbox 3168 5478 3330 5548; x_wconf 83' lang='lat' dir='ltr'><strong>scire,</strong></span> <span class='ocrx_word' id='word_1_876' title='bbox 3378 5494 3439 5536; x_wconf 88' lang='lat' dir='ltr'><strong>ut</strong></span> <span class='ocrx_word' id='word_1_877' title='bbox 3461 5497 3583 5537; x_wconf 92' lang='lat' dir='ltr'><strong>eum</strong></span> <span class='ocrx_word' id='word_1_878' title='bbox 3634 5483 3955 5551; x_wconf 85' lang='lat' dir='ltr'><strong>imperatore</strong></span> 
     </span>
    </p>
   </div>
   <div class='ocr_carea' id='block_1_108' title="bbox 724 5484 901 5534">
    <p class='ocr_par' dir='ltr' id='par_1_108' title="bbox 724 5484 901 5534">
     <span class='ocr_line' id='line_1_108' title="bbox 724 5484 901 5534; baseline -0.017 0"><span class='ocrx_word' id='word_1_879' title='bbox 724 5484 757 5534; x_wconf 77' lang='grc'><strong>4</strong></span> <span class='ocrx_word' id='word_1_880' title='bbox 789 5496 901 5534; x_wconf 78' lang='lat' dir='ltr'><strong>seu.</strong></span> 
     </span>
    </p>
   </div>
   <div class='ocr_carea' id='block_1_109' title="bbox 726 5496 2711 5617">
    <p class='ocr_par' dir='ltr' id='par_1_109' title="bbox 726 5496 2711 5617">
     <span class='ocr_line' id='line_1_109' title="bbox 726 5496 2711 5548; baseline -0.002 -14"><span class='ocrx_word' id='word_1_881' title='bbox 726 5496 757 5534; x_wconf 70' lang='grc' dir='ltr'>ι</span> <span class='ocrx_word' id='word_1_882' title='bbox 789 5496 901 5548; x_wconf 81' lang='lat' dir='ltr'><strong>seq.</strong></span> <span class='ocrx_word' id='word_1_883' title='bbox 982 5496 1344 5547; x_wconf 79' lang='grc' dir='ltr'><strong>εΑανομματοι</strong></span> <span class='ocrx_word' id='word_1_884' title='bbox 1371 5496 1539 5530; x_wconf 81' lang='lat' dir='ltr'><strong>mutat</strong></span> <span class='ocrx_word' id='word_1_885' title='bbox 1581 5496 1631 5531; x_wconf 87' lang='lat' dir='ltr'><strong>In</strong></span> <span class='ocrx_word' id='word_1_886' title='bbox 1662 5496 2151 5547; x_wconf 72' lang='grc' dir='ltr'><strong>μεγαλονομματοι,</strong></span> <span class='ocrx_word' id='word_1_887' title='bbox 2187 5496 2289 5531; x_wconf 88' lang='lat' dir='ltr'><strong>nou</strong></span> <span class='ocrx_word' id='word_1_888' title='bbox 2389 5496 2563 5532; x_wconf 78' lang='lat' dir='ltr'><strong>scelus</strong></span> <span class='ocrx_word' id='word_1_889' title='bbox 2603 5496 2711 5548; x_wconf 80' lang='lat' dir='ltr'><strong>quo</strong></span> 
     </span>
     <span class='ocr_line' id='line_1_110' title="bbox 726 5496 2711 5617; baseline -0.001 -14"><span class='ocrx_word' id='word_1_890' title='bbox 726 5560 889 5603; x_wconf 75' lang='lat' dir='ltr'><strong>recte.</strong></span> <span class='ocrx_word' id='word_1_891' title='bbox 935 5496 1081 5601; x_wconf 46' lang='lat' dir='ltr'><strong>vers.</strong></span> <span class='ocrx_word' id='word_1_892' title='bbox 1127 5563 1243 5614; x_wconf 88' lang='lat' dir='ltr'><strong>seq.</strong></span> <span class='ocrx_word' id='word_1_893' title='bbox 1282 5558 1400 5614; x_wconf 88' lang='lat' dir='ltr'><strong>post</strong></span> <span class='ocrx_word' id='word_1_894' title='bbox 1434 5546 1618 5600; x_wconf 72' lang='grc' dir='ltr'><strong>λευκοὶ</strong></span> <span class='ocrx_word' id='word_1_895' title='bbox 1653 5551 1765 5601; x_wconf 72' lang='lat' dir='ltr'><strong>hzec</strong></span> <span class='ocrx_word' id='word_1_896' title='bbox 1807 5560 1952 5601; x_wconf 84' lang='lat' dir='ltr'><strong>recte</strong></span> <span class='ocrx_word' id='word_1_897' title='bbox 1996 5550 2154 5617; x_wconf 63' lang='lat' dir='ltr'><strong>adiit</strong></span> <span class='ocrx_word' id='word_1_898' title='bbox 2186 5548 2288 5617; x_wconf 66' lang='grc' dir='ltr'><strong>κάν</strong></span> <span class='ocrx_word' id='word_1_899' title='bbox 2392 5550 2596 5617; x_wconf 70' lang='lat' dir='ltr'><strong>loquar.</strong></span> <span class='ocrx_word' id='word_1_900' title='bbox 2635 5550 2711 5602; x_wconf 86' lang='lat' dir='ltr'><strong>In.</strong></span> 
     </span>
    </p>
   </div>
   <div class='ocr_carea' id='block_1_110' title="bbox 724 5614 2287 5687">
    <p class='ocr_par' dir='ltr' id='par_1_110' title="bbox 724 5614 2287 5687">
     <span class='ocr_line' id='line_1_111' title="bbox 724 5614 2287 5687; baseline -0.002 -18"><span class='ocrx_word' id='word_1_901' title='bbox 724 5618 930 5679; x_wconf 72' lang='grc' dir='ltr'><strong>τούτοις</strong></span> <span class='ocrx_word' id='word_1_902' title='bbox 994 5618 1153 5669; x_wconf 69' lang='grc' dir='ltr'><strong>πάλιν</strong></span> <span class='ocrx_word' id='word_1_903' title='bbox 1208 5618 1511 5687; x_wconf 75' lang='grc' dir='ltr'><strong>ὲναλλαγή·</strong></span> <span class='ocrx_word' id='word_1_904' title='bbox 1565 5618 1612 5669; x_wconf 84' lang='grc' dir='ltr'><strong>οἱ</strong></span> <span class='ocrx_word' id='word_1_905' title='bbox 1678 5618 1732 5668; x_wconf 81' lang='grc' dir='ltr'><strong>δὲ</strong></span> <span class='ocrx_word' id='word_1_906' title='bbox 1810 5620 1903 5669; x_wconf 70' lang='grc' dir='ltr'><strong>καὶ</strong></span> <span class='ocrx_word' id='word_1_907' title='bbox 1959 5614 2140 5669; x_wconf 71' lang='grc' dir='ltr'><strong>οὖλοι·</strong></span> <span class='ocrx_word' id='word_1_908' title='bbox 2200 5616 2287 5667; x_wconf 81' lang='grc' dir='ltr'><strong>ἀλ.</strong></span> 
     </span>
    </p>
   </div>
   <div class='ocr_carea' id='block_1_111' title="bbox 724 5688 2284 5822">
    <p class='ocr_par' dir='ltr' id='par_1_111' title="bbox 724 5688 2284 5822">
     <span class='ocr_line' id='line_1_112' title="bbox 724 5688 2284 5822; baseline -0.002 -15"><span class='ocrx_word' id='word_1_909' title='bbox 724 5688 903 5816; x_wconf 39' lang='lat' dir='ltr'><strong>Iphi?)</strong></span> <span class='ocrx_word' id='word_1_910' title='bbox 932 5755 1073 5809; x_wconf 84' lang='lat' dir='ltr'><strong>Edit.</strong></span> <span class='ocrx_word' id='word_1_911' title='bbox 1105 5754 1302 5819; x_wconf 83' lang='lat' dir='ltr'><strong>Paris.,</strong></span> <span class='ocrx_word' id='word_1_912' title='bbox 1338 5755 1397 5807; x_wconf 73' lang='grc' dir='ltr'><strong>οὗ</strong></span> <span class='ocrx_word' id='word_1_913' title='bbox 1447 5754 1555 5822; x_wconf 76' lang='grc' dir='ltr'><strong>γὰρ</strong></span> <span class='ocrx_word' id='word_1_914' title='bbox 1599 5757 1847 5807; x_wconf 80' lang='grc' dir='ltr'><strong>παντοῖον</strong></span> <span class='ocrx_word' id='word_1_915' title='bbox 1886 5756 2076 5807; x_wconf 80' lang='grc' dir='ltr'><strong>εἰπεῖν.</strong></span> <span class='ocrx_word' id='word_1_916' title='bbox 2130 5754 2284 5807; x_wconf 80' lang='grc' dir='ltr'><strong>Εοιτ.</strong></span> 
     </span>
    </p>
   </div>
   <div class='ocr_carea' id='block_1_112' title="bbox 2464 5618 3948 5697">
    <p class='ocr_par' dir='ltr' id='par_1_112' title="bbox 2464 5618 3948 5697">
     <span class='ocr_line' id='line_1_113' title="bbox 2464 5618 3948 5697; baseline 0.004 -29"><span class='ocrx_word' id='word_1_917' title='bbox 2464 5618 2572 5697; x_wconf 75' lang='grc'>(77)</span> <span class='ocrx_word' id='word_1_918' title='bbox 2612 5619 2787 5697; x_wconf 80' lang='lat' dir='ltr'><strong>G_lo_ss.</strong></span> <span class='ocrx_word' id='word_1_919' title='bbox 2835 5629 2941 5671; x_wconf 86' lang='lat' dir='ltr'><strong>vet.</strong></span> <span class='ocrx_word' id='word_1_920' title='bbox 2975 5618 3263 5689; x_wconf 74' lang='grc' dir='ltr'><strong>ψοφοδεὴς.</strong></span> <span class='ocrx_word' id='word_1_921' title='bbox 3296 5637 3600 5697; x_wconf 72' lang='lat' dir='ltr'><strong>aonorostu.</strong></span> <span class='ocrx_word' id='word_1_922' title='bbox 3639 5620 3733 5675; x_wconf 84' lang='lat' dir='ltr'><strong>Est</strong></span> <span class='ocrx_word' id='word_1_923' title='bbox 3782 5633 3948 5677; x_wconf 83' lang='lat' dir='ltr'><strong>autem</strong></span> 
     </span>
    </p>
   </div>
   <div class='ocr_carea' id='block_1_113' title="bbox 2393 5689 3944 5806">
    <p class='ocr_par' dir='ltr' id='par_1_113' title="bbox 2393 5689 3944 5806">
     <span class='ocr_line' id='line_1_114' title="bbox 2393 5689 3944 5806; baseline 0.003 -67"><span class='ocrx_word' id='word_1_924' title='bbox 2393 5689 2437 5806; x_wconf 49' lang='lat' dir='ltr'><strong>is</strong></span> <span class='ocrx_word' id='word_1_925' title='bbox 2470 5690 2558 5755; x_wconf 88' lang='lat' dir='ltr'><strong>qui</strong></span> <span class='ocrx_word' id='word_1_926' title='bbox 2585 5690 2809 5742; x_wconf 88' lang='lat' dir='ltr'><strong>minimo</strong></span> <span class='ocrx_word' id='word_1_927' title='bbox 2840 5705 3054 5759; x_wconf 83' lang='lat' dir='ltr'><strong>quoque</strong></span> <span class='ocrx_word' id='word_1_928' title='bbox 3081 5706 3214 5745; x_wconf 79' lang='lat' dir='ltr'><strong>anno</strong></span> <span class='ocrx_word' id='word_1_929' title='bbox 3244 5703 3334 5744; x_wconf 84' lang='lat' dir='ltr'><strong>aut</strong></span> <span class='ocrx_word' id='word_1_930' title='bbox 3362 5692 3598 5761; x_wconf 84' lang='lat' dir='ltr'><strong>strepitu</strong></span> <span class='ocrx_word' id='word_1_931' title='bbox 3626 5700 3944 5747; x_wconf 74' lang='lat' dir='ltr'><strong>exterretur.</strong></span> 
     </span>
     <span class='ocr_line' id='line_1_115' title="bbox 2417 5772 2470 5806; baseline 0 0"><span class='ocrx_word' id='word_1_932' title='bbox 2417 5772 2470 5806; x_wconf 70' lang='grc' dir='ltr'><strong>υ.</strong></span> 
     </span>
    </p>
   </div>
  </div>
