4164 6480
219 481 363 548 1189

684 586 831 639 PlE'.
883 616 951 625 -
991 587 1338 657 ΕΠΙΦΑΝΙῼ.

219 677 328 746 Εἰς
365 675 430 730 τὸ
457 635 1012 746 συγκριτικ-ὸκπερὶ
1035 639 1307 746 perlatae
1345 671 1444 746 καί
1466 669 1701 734 κλοπῆς
1724 684 1815 737 γε·
1846 635 1860 646 ε

374 746 736 815 τραμμέγον’
786 763 804 795 ι
852 744 995 796 Ἐὰν
1033 742 1158 807 ἁλῷ
1192 759 1284 808 τις
1323 743 1615 796 κλέπτων.
1643 761 1661 793 ι

289 839 517 899 Ἔοικας
551 836 789 903 ἀγνοεῖν,
819 836 902 888 ὅτι
951 833 1044 886 ἐπὶ
1079 833 1188 886 τῶν
1220 833 1502 903 ὁμογενῶν
1530 830 1668 900 (78),
1714 829 1816 881 οὐκ

215 929 312 984 ἐπὶ
341 928 450 981 τῶν
481 925 814 997 ἑτερογενῶν
853 928 882 978 ό
912 919 1271 995 συγκριτικός
1294 923 1583 995 χαρακτὴρ
1605 920 1817 988 λαμϐά-

216 1036 371 1073 νεται
412 1018 514 1071 οὐκ
543 1020 624 1081 είς
646 1017 746 1088 τὴν
776 1016 1027 1069 ἐναντίαν
1057 1017 1210 1082 τάξιν
1243 1013 1460 1082 ὲξωθῶν
1487 1013 1555 1064 τὰ
1590 1028 1818 1082 συγκρι-

216 1112 439 1181 νόμενα·
491 1109 610 1162 ἀλλ’
673 1108 975 1161 ἐλάττωσιν
1024 1107 1308 1178 ἐμφαίνων
1364 1106 1458 1157 καὶ
1511 1104 1808 1172 ὑπεροχήν.

216 1203 436 1273 Ὥσπερ
477 1203 587 1272 γάρ
615 1203 672 1255 ὲν
693 1202 808 1262 τοῖς
835 1200 1146 1270 πταίσμασι
1173 1199 1233 1252 τὸ
1265 1199 1367 1269 μὲν
1392 1196 1506 1250 ἐστι
1539 1195 1728 1260 κακὸν,
1758 1199 1817 1248 τὺ

212 1293 270 1347 δὲ
305 1295 516 1357 κάκιον,
556 1293 615 1345 τὸ
645 1291 701 1344 δὲ
740 1289 1003 1343 κάκιστον
1042 1290 1236 1361 (κακὸν
1272 1290 1371 1360 μὲν
1397 1291 1506 1356 γὰρ
1542 1290 1574 1357 ἡ
1615 1287 1812 1356 κλοπή·

213 1385 410 1438 κάκιον
437 1384 493 1437 δὲ
525 1385 557 1453 ἡ
599 1381 848 1450 πορνεία·
878 1379 1136 1434 κάκιστον
1167 1381 1224 1434 δὲ
1261 1381 1295 1448 ἡ
1333 1378 1570 1450 μοιχεία)
1593 1395 1606 1408 ’
1644 1377 1817 1441 οὕτως

211 1477 322 1528 κάν
361 1477 472 1536 τοῖς
503 1471 930 1544 κατορθώμασι,
960 1471 1022 1524 τὸ
1055 1471 1154 1541 μὲν
1181 1471 1368 1535 καλὸν,
1396 1471 1456 1523 τὸ
1481 1471 1534 1523 δὲ
1572 1469 1815 1534 κάλλιον,

210 1566 276 1616 τὸ
299 1565 354 1617 δὲ
389 1563 698 1618 κάλλιστον·
744 1561 911 1615 καλὸν
951 1562 1052 1632 μὲν
1086 1561 1196 1632 γὰρ
1231 1563 1258 1614 ό
1285 1561 1481 1629 γάμος·
1512 1559 1729 1614 κάλλιον
1759 1559 1817 1611 δὲ

210 1657 248 1726 ἡ
281 1655 600 1726 ἐγκράτεια,
636 1653 924 1706 κάλλιστον
953 1653 1009 1706 δὲ
1041 1655 1074 1723 ἡ
1126 1651 1390 1723 παρθενία
1428 1650 1562 1721 (79).
1609 1651 1682 1702 'l‘b
1725 1645 1816 1701 οὖν

210 1747 311 1800 τοῦ
342 1745 631 1799 καλλίστου
664 1744 907 1810 ἔλαττον,
942 1744 1041 1798 οὐκ
1072 1745 1149 1806 είς
1184 1742 1282 1814 την
1322 1742 1572 1796 ἐναντίαν
1603 1740 1818 1805 ἐξωθεῖ-

212 1856 306 1892 ται
337 1838 511 1903 τάξιν,
544 1837 661 1890 ἁλλ’
700 1837 778 1900 είς
819 1835 917 1907 τὴν
952 1835 1209 1889 ἐλάττονα
1251 1834 1370 1904 μὲν,
1414 1833 1510 1904 τὴν
1541 1832 1709 1904 αὐτὴν
1736 1832 1814 1887 δέ.

1113 470 1647 540 EPISTOLARUM
1689 471 1836 531 LIB.
1880 469 1957 529 IV
1968 517 1979 530 .
2022 494 2091 505 --
2127 469 2364 529 EPIST.
2407 468 2607 529 CXVI.

3380 465 3517 533 1190

2369 581 2527 637 CXV.
2565 611 2635 635 .-
2673 579 3049 637 EPIPHANIO

1919 671 1983 724 In
2015 673 2466 745 comparationem
2517 675 2583 745 de
2633 673 2901 725 adulterio
2945 683 2994 726 et
3029 675 3173 742 furto
3203 676 3510 745 \scriptam,

2136 735 2154 792 ξ
2196 741 2397 812 Siquis
2427 743 2481 794 in
2513 742 2657 811 furto
2681 735 3037 810 deprehensus
3078 746 3145 795 sit
3188 735 3251 796 θ’.
3289 763 3307 795 ι

1990 830 2209 887 Videris
2242 834 2516 903 ignorare,
2551 835 2695 902 quod
2729 835 2780 887 in
2826 834 2931 887 illis
2965 849 3087 903 qum
3114 836 3358 902 ejusdem
3389 849 3516 892 sunt

1919 924 2160 993 generis,
2196 938 2300 976 non
2330 922 2382 975 in
2418 924 2484 977 iis
2512 940 2633 993 quze
2663 934 2792 978 sunt
2834 926 3063 991 diversi,
3088 929 3515 996 comparationis

1919 1026 2047 1068 nota
2078 1016 2254 1069 locum
2285 1015 2503 1081 habeat,
2528 1031 2632 1068 non
2677 1016 2728 1069 in
2760 1017 3099 1070 contrarium
3132 1020 3379 1074 ordinem
3419 1036 3512 1076 ve-

1920 1105 1997 1159 lut
2028 1106 2308 1174 expellens
2334 1120 2396 1160 ea
2423 1122 2653 1174 quorum
2689 1108 2994 1163 instituitur
3019 1112 3385 1178 comparatio;
3419 1113 3516 1167 sed

1924 1195 2007 1249 vel
2040 1197 2366 1251 deteriorem
2403 1198 2489 1252 vel
2541 1201 2979 1269 prmstantiorem
3030 1201 3278 1257 iudicans
3327 1204 3516 1257 condi-

1921 1285 2145 1340 tionem.
2173 1286 2310 1340 l‘tam
2352 1297 2412 1341 ut
2444 1288 2502 1342 in
2555 1289 2706 1344 vitiis
2739 1301 2795 1344 et
2827 1291 3064 1360 lapsibus
3109 1293 3257 1347 aliud
3294 1296 3514 1364 quidem

1923 1386 2007 1432 est
2035 1380 2261 1445 malum,
2292 1378 2438 1434 aliud
2472 1395 2602 1435 vero
2657 1381 2838 1450 pejus,
2869 1383 3016 1438 aliud
3076 1384 3313 1452 denique
3341 1386 3515 1454 pessi-

1919 1484 2066 1522 mum
2107 1477 2257 1539 (nam
2306 1469 2507 1524 malum
2538 1471 2758 1540 quidem
2789 1483 2875 1527 est
2920 1473 3147 1541 furtum,
3201 1476 3354 1544 pejor
3389 1490 3516 1531 vero

1918 1560 2178 1614 scortatio
2198 1550 2532 1630 ;'pessimum
2563 1573 2744 1617 autem
2771 1564 3146 1636 adulterium),
3167 1566 3246 1620 sic
3275 1566 3514 1620 etiamin

1918 1650 2212 1706 virtutibus
2243 1661 2302 1706 et
2348 1661 2494 1706 recte
2556 1652 2735 1717 iactis,
2773 1654 2920 1709 aliud
2984 1654 3183 1710 bonum
3237 1665 3340 1718 est,
3371 1657 3515 1710 aliud

1920 1745 2132 1811 melius,
2167 1745 2311 1799 aliud
2337 1747 2624 1815 optimum.
2652 1747 2816 1803 Verbi
2841 1749 3038 1819 gratia.
3066 1750 3265 1802 bonum
3295 1750 3514 1816 quidem

1927 1845 2008 1889 est
2075 1837 2410 1907 conjugium,
2442 1839 2534 1893 sed
2597 1839 2946 1908 praestantior
2996 1849 3079 1892 est
3144 1839 3512 1904 continentia;

212 1932 294 1982 Οὐ
332 1930 442 2000 γὰρ
488 1929 555 1983 ἀν
603 1946 685 1992 τις
737 1927 1032 1999 σωφρονῶν
1072 1929 1140 1999 τῇ
1194 1925 1422 1996 πορνείᾳ
1461 1925 1561 1996 τὴν
1609 1923 1819 1994 παρθε-

1924 1929 2370 1996 prmstantlssima
2410 1945 2537 1984 vero
2583 1939 2745 1998 atque
2771 1929 2977 1999 Optima
3034 1929 3338 1999 virginitas.
3382 1929 3515 1983 illud

212 2022 337 2073 νίαν
369 2018 480 2090 (80)
516 2017 878 2089 παραϐάλλοι,
912 2016 1048 2071 ἀλλὰ
1078 2018 1177 2087 τὴν
1219 2017 1546 2086 ἐγκράτειαν
1601 2015 1696 2068 καὶ
1726 2014 1815 2067 τὸν

210 2113 402 2183 τίμιον
448 2111 649 2184 γάμον.
681 2110 787 2163 Καὶ
816 2114 848 2180 ή
878 2111 1070 2180 Γραφὴ
1107 2111 1161 2162 δὲ
1214 2110 1421 2179 κλοπῆς
1448 2111 1540 2162 καὶ
1572 2108 1815 2180 μοιχείας

217 2206 513 2275 σύγκρισιν
536 2203 856 2273 ποιουμένη,
891 2204 1015 2272 ἔφη’
1055 2221 1073 2254 ι
1115 2203 1188 2256 Οὐ
1217 2202 1550 2272 Θαυμαστὸν,
1581 2201 1675 2256 ἐὰν
1705 2200 1816 2270 ἁλῷ

214 2313 304 2360 τις
343 2295 613 2349 κλέπτων·
646 2293 868 2347 κλέπτει
895 2295 1024 2365 γὰρ,
1061 2294 1145 2347 ἵνα
1194 2294 1447 2366 ὲκπλήσῃ
1480 2294 1591 2363 (81)
1633 2294 1814 2364 ψυχὴν

215 2386 516 2440 πεινῶσαν.
556 2387 616 2440 Ὀ
641 2386 696 2438 δὲ
727 2385 912 2456 μοιχὸς
943 2385 1010 2439 δι’
1054 2385 1259 2438 ἔνδειαν
1300 2384 1514 2454 φρενῶν
1540 2380 1820 2438 ἀπώλειαν

221 2482 288 2550 τῇ
321 2478 516 2533 ἑαυτοῦ
542 2479 688 2548 ψυχῇ
734 2481 1123 2546 περιποιεῖται.
1162 2497 1179 2529 ι
1224 2479 1297 2531 Οὐ
1328 2478 1437 2549 γὰρ
1484 2475 1815 2548 συγγνώμην

217 2570 541 2641 παρέχουσα
571 2571 652 2641 τῷ
688 2569 973 2622 κλέπτοντι
999 2611 1014 2634 ,
1042 2569 1137 2621 καὶ
1177 2570 1491 2622 ἀπολύουσαι
1517 2568 1679 2622 αὑτὸν
1710 2569 1817 2621 τῶν

207 2664 603 2732 ΐγκλημάτων,
637 2661 795 2715 τοῦτο
837 2661 962 2731 ἔφη’
1012 2661 1147 2715 ἀλλὰ
1187 2664 1253 2732 τῇ
1297 2660 1548 2731 μοιχείᾳ,
1583 2659 1816 2731 κακίστη

217 2735 378 2825 οὔσῃ.
401 2755 502 2826 τὴν
526 2754 734 2824 κλοπὴν
757 2753 1208 2825 παραϐάλλουσα,
1245 2753 1611 2825 ήμερωτέραν
1643 2752 1818 2822 αὐτὴν

218 2847 328 2917 ἔφη
376 2843 515 2900 εἶναι
559 2847 652 2899 καὶ
682 2847 1039 2916 κουφοτέραν,
1089 2846 1183 2899 καὶ
1225 2844 1463 2916 μάλιστα
1523 2845 1652 2896 ὅταν
1711 2842 1818 2896 ὑπὸ

219 2938 412 3002 πενίας
445 2939 722 3009 τίκτηται.

1926 2019 2109 2089 igitur.
2144 2020 2286 2087 quod
2321 2017 2526 2085 optimo
2547 2028 2633 2074 est
2663 2019 2918 2083 inferius,
2954 2036 3058 2074 non
3102 2021 3152 2074 in
3186 2022 3515 2077 contrariam

1917 2107 2226 2160 exurmlitur
2251 2107 2471 2172 seriem,
2500 2109 2592 2161 sed
2623 2118 2804 2162 manet
2835 2109 2886 2162 in
2921 2111 3110 2163 eadem
3133 2111 3296 2175 serie,
3325 2121 3518 2163 tamet-

1929 2198 1976 2252 si
2030 2196 2305 2253 inferiore.
2343 2197 2511 2253 Nemo
2534 2200 2678 2253 enim
2726 2200 2819 2270 qui
2850 2215 2996 2256 same
3059 2202 3257 2256 mentis
3286 2203 3377 2265 sit,
3405 2201 3518 2256 for-

1925 2288 2255 2344 nicationem
2287 2303 2409 2346 curn
2448 2289 2759 2360 virginitate
2810 2293 3121 2358 contulerit,
3185 2294 3279 2347 sed
3337 2292 3517 2363 potius

1922 2382 2312 2436 continentiam
2366 2390 2419 2437 et
2481 2382 2795 2439 bonorabile
2848 2384 3182 2454 conjugium.
3237 2384 3515 2454 Scriptura

1926 2488 2143 2541 quoque
2173 2470 2304 2528 furti
2334 2483 2388 2528 et
2418 2473 2668 2528 adulterii
2704 2476 3176 2544 comparationem
3203 2477 3514 2543 instituens,

1925 2565 1999 2618 ait
2031 2583 2043 2618 :
2080 2582 2100 2617 ι
2134 2564 2250 2621 Non
2275 2567 2349 2621 sit
2381 2567 2601 2632 mirum,
2633 2568 2675 2621 si
2724 2570 2973 2638 capiatur
3009 2570 3205 2641 aliquis
3243 2573 3333 2641 qui
3368 2571 3518 2626 fura-

1926 2666 2034 2715 tur.
2071 2657 2306 2712 l'uratnr
2333 2660 2502 2722 enim,
2529 2669 2588 2715 ut
2622 2661 2846 2730 impleat
2872 2664 3111 2718 animam
3161 2667 3515 2720 esurientem.

1924 2751 1994 2805 At
2024 2751 2271 2806 moechus
2322 2763 2544 2822 propter
2583 2754 2820 2824 inopiam
2860 2756 3081 2820 mentis,
3149 2757 3517 2826 perditionem

1925 2843 2121 2896 animae
2144 2857 2254 2897 suae
2283 2844 2540 2911 acquirit.
2578 2863 2596 2896 ι
2633 2845 2750 2900 Non
2774 2847 2916 2900 enim
2949 2862 3012 2901 eo
3042 2862 3204 2902 sensu
3235 2849 3336 2902 hoc
3359 2848 3515 2913 dixit,

1925 2932 2079 2999 quasi
2111 2933 2324 2985 veniant
2357 2935 2512 2988 daret
2550 2935 2687 3001 l‘uri,
2728 2951 2964 3005 eumque
3012 2939 3234 2994 omnino
3268 2939 3518 2994 absolve-

222 3041 308 3086 ret
335 3033 404 3086 ab
439 3033 586 3086 omni
629 3031 880 3097 crimine,
910 3030 1003 3086 sed
1050 3047 1171 3085 cum
1199 3029 1487 3096 adulterio,
1522 3029 1664 3099 quod
1723 3025 2021 3096 pessimum
2093 3035 2174 3081 est
2245 3028 2442 3089 scelus,
2485 3027 2688 3084 furtum
2750 3046 3099 3103 comparans,
3181 3033 3356 3091 levius
3416 3036 3518 3094 hoc

221 3136 391 3191 atque
444 3121 784 3176 tolerabilius
829 3136 951 3175 esse
999 3121 1390 3189 pronuntiavit;
1439 3120 1805 3189 maximeque,
1845 3117 2116 3187 quandoa
2151 3129 2476 3188 paupertate
2515 3132 2837 3189 generatur.

538 3212 701 3278 qu'.
740 3241 803 3252 —
849 3210 1148 3280 ΕΥΤΟΝΙῼ
1185 3209 1509 3279 ΔΙΛΚΟΝῼ.

509 3301 648 3368 Περὶ
671 3297 937 3369 Λαζάρου
967 3300 1065 3353 καὶ
1090 3300 1198 3354 τοῦ
1214 3300 1535 3360 πλουσίου.

297 3393 525 3454 Ἔοικας
559 3389 995 3463 τεθορυϐἧσθαι,
1024 3388 1113 3443 διὰ
1162 3389 1220 3441 τὸ
1254 3387 1577 3458 ἀκηκοέναι,
1616 3387 1698 3440 ὅτι
1738 3386 1826 3439 ὲν-

221 3485 402 3540 ταῦθα
428 3485 526 3539 καὶ
552 3486 581 3538 ό
611 3484 861 3555 Λάζαρος
890 3482 960 3535 τά
994 3481 1316 3550 πταίσματα
1335 3523 1351 3546 ,
1387 3480 1482 3534 καὶ
1509 3482 1537 3533 ό
1567 3479 1824 3543 πλούσιος

221 3577 295 3632 τὰ
346 3575 751 3647 κατορθώματα
786 3573 1088 3643 ἀπείληφεν
1110 3589 1124 3602 ·
1159 3572 1275 3625 ἀλλ’
1316 3573 1364 3624 εί
1428 3573 1715 3641 προσεῖχες
1748 3571 1825 3641 τῷ

223 3667 526 3740 εἰρημένῳ,
555 3667 656 3718 οὐκ
684 3665 750 3720 ἀν
786 3663 1006 3727 ἔπαθες.
1034 3663 1106 3715 Τὸ
1134 3663 1242 3734 γὰρ
1268 3661 1344 3734 μὴ
1367 3663 1562 3724 εἰπεῖν,
1609 3661 1822 3725 ἔλαϐες,

224 3758 343 3811 ἀλλ’
401 3757 702 3820 ἀπέλαϐες
747 3753 848 3824 (τὺ
897 3753 997 3825 μὲν
1028 3752 1134 3824 γὰρ
1171 3753 1332 3823 χάριν
1387 3751 1622 3823 μηνύει,
1661 3752 1723 3804 τὸ

223 3846 510 3916 ἀμοιϐὴν),
540 3846 722 3897 πᾶσαν
752 3841 1037 3913 σαφηνίζει
1058 3843 1151 3895 καὶ
1179 3841 1443 3908 ἐγγυᾶται
1471 3840 1568 3911 τὴν
1595 3840 1822 3904 ἔννοιαν,

220 3936 324 4006 τὴν
366 3935 495 4006 παρ’
542 3934 701 4005 ἡμῶν
735 3933 1055 4004 εἰρημένην.
1091 3933 1226 3988 ,Ὅτι
1263 3932 1319 3985 δὲ
1364 3932 1424 3985 οὐ
1470 3932 1629 4002 μόνον
1662 3931 1712 3983 oi
1745 3932 1823 3993 είς

223 4028 400 4098 ἄκρον
421 4027 625 4098 ἀρετῆς
649 4025 976 4096 ἐληλακότες
1002 4024 1218 4095 ἔχουσιν
1240 4021 1580 4095 ἀνθρώπινόν
1596 4041 1648 4075 τι
1669 4023 1827 4075 πταῖ-

228 4134 346 4188 σμα
373 4115 392 4188 (
420 4117 580 4186 μόνον
618 4115 728 4183 γὰρ
761 4115 820 4167 τὸ
848 4114 1002 4168 Θεῖον
1027 4113 1458 4186 ἀναμάρτητον),
1491 4111 1628 4165 ἀλλά
1653 4113 1750 4164 καὶ
1776 4113 1824 4164 oi

225 4210 312 4272 είς
342 4205 435 4260 τὶν
483 4207 736 4276 πυθμένα
769 4207 868 4277 τῆς
903 4206 1100 4268 κακίας
1141 4206 1601 4274 ἐμπεπτωκότες,
1640 4202 1824 4274 ἔχουσί

226 4315 284 4350 τι
333 4295 701 4367 κατόρθωμα,
756 4297 787 4366 ὴ
839 4295 960 4365 ἱερά
1003 4295 1265 4365 κηρύττει
1306 4294 1522 4365 Γραφή”
1556 4293 1683 4362 περὶ
1726 4292 1825 4361 μὲν

226 4387 459 4441 ἐκείνων
492 4387 746 4454 λέγουσα·
785 4405 802 4437 ι
834 4386 929 4448 Τίς
961 4387 1320 4455 καυχήσεται,
1354 4384 1523 4455 ἁγνὴν
1556 4384 1697 4452 ἔχειν
1724 4385 1825 4453 τὴν

229 4476 497 4549 καρδίαν;
547 4478 580 4548 ἢ
631 4477 715 4540 τίς
743 4476 1227 4549 παρρησιάσεται,
1275 4474 1515 4545 καθαρὸς
1549 4469 1688 4526 εἶναι
1719 4473 1826 4527 ἀπὸ

2239 3207 2426 3262 CXVI.
2455 3237 2525 3248 —
2549 3207 2855 3264 EUTONIO
2885 3211 3204 3270 DIALONO.

2390 3298 2469 3352 De
2494 3297 2699 3353 Lasaro
2728 3312 2774 3354 et
2800 3302 2964 3356 divite
2984 3304 3047 3357 ¹³.

2000 3386 2214 3442 Videris
2243 3393 2596 3458 perturbatus
2638 3407 2784 3456 esse,
2823 3394 2965 3462 quod
2998 3397 3295 3464 audiveris,
3339 3398 3388 3453 in
3419 3399 3522 3457 hoc

1925 3476 2126 3531 saeculo
2159 3488 2213 3531 et
2247 3477 2517 3534 Lazarum
2555 3481 2804 3552 lapsuum
2846 3499 3070 3540 suorum
3099 3501 3313 3556 prunas,
3351 3501 3403 3545 et
3437 3493 3522 3547 di-

1929 3568 2090 3623 vitem
2132 3581 2280 3625 recte
2311 3571 2377 3624 ab
2435 3587 2494 3626 se
2561 3573 2824 3628 factorum
2881 3579 3105 3646 praemia
3141 3583 3434 3651 recepisse.
3465 3582 3522 3640 Si

1928 3669 2058 3711 vero
2095 3658 2160 3709 ad
2197 3657 2250 3712 id
2273 3660 2417 3727 quod
2457 3660 2662 3714 dictum
2697 3670 2801 3728 est,
2843 3666 3194 3733 attendisses,
3256 3685 3362 3724 non
3419 3674 3522 3726 boc

1930 3747 2023 3800 tibi
2059 3748 2397 3816 contigisset.
2429 3748 2564 3804 Nam
2625 3755 2768 3821 quod
2829 3770 2935 3809 non
2971 3757 3071 3824 ait,
3111 3762 3393 3830 accepisti,
3424 3767 3519 3818 sed

1928 3839 2173 3906 recepisti
2201 3840 2356 3909 (illud
2399 3844 2542 3895 enim
2590 3843 2796 3900 indicat
2835 3849 3094 3915 gratiam,
3139 3852 3242 3905 hoc
3283 3868 3408 3907 vero
3436 3867 3524 3908 re-

1932 3929 2308 3999 tributionem)
2347 3953 2360 3984 :
2395 3933 2445 3986 id
2472 3948 2689 3988 onmem
2721 3938 2961 3991 declarat
2985 3953 3049 3992 ac
3079 3941 3347 4010 promittit
3372 3944 3520 3999 illum

1926 4035 2166 4089 sensum,
2198 4037 2359 4090 quem
2414 4039 2512 4078 nos
2557 4027 2816 4082 diximus.
2866 4028 3032 4100 477
3060 4030 3180 4086 Jam
3229 4037 3374 4102 quod
3411 4051 3518 4092 uou

1925 4110 2096 4164 solum
2133 4112 2165 4164 ii
2208 4113 2298 4178 qui
2335 4116 2402 4167 ad
2459 4131 2774 4184 supremum
2811 4111 3042 4177 virtutis
3083 4121 3361 4194 fastigium
3397 4143 3519 4196 per-

1925 4213 2210 4266 venerunt,
2247 4203 2483 4260 habeant
2519 4207 2739 4276 aliquod
2779 4213 3077 4268 humanum
3117 4230 3362 4273 erratum
3405 4220 3517 4290 (cui

1929 4290 2040 4343 sint
2096 4301 2191 4345 aut
2246 4291 2539 4365 aliquando
2612 4298 2822 4357 fuerint
2868 4305 3140 4377 obnoxii).
3176 4309 3337 4366 Solus
3370 4313 3517 4368 enim

1926 4380 2066 4436 Deus
2097 4386 2279 4440 omnis
2303 4396 2386 4441 est
2419 4393 2632 4457 peccati
2666 4408 2867 4464 expers
2901 4411 2914 4449 :
2942 4399 3035 4452 sed
3060 4400 3224 4454 etiam
3260 4401 3293 4455 ii
3333 4404 3424 4472 qui
3461 4406 3515 4458 in

1925 4471 2252 4538 profundum
2317 4479 2573 4534 vitiorum
2641 4484 2973 4549 inciderunt,
3043 4491 3268 4559 aliquod
3334 4471 3516 4552 tamen

229 4569 553 4641 ἁμαρτιῶν;
591 4587 608 4620 ι
633 4568 762 4639 περὶ
791 4567 849 4621 δὲ
869 4567 1093 4631 τούτων,
1125 4569 1206 4620 ὅτι
1246 4568 1304 4618 ὐ
1326 4567 1516 4636 κριτὴς
1540 4565 1770 4630 ἀδικίας,
1793 4566 1820 4616 ὁ

1929 4573 2077 4618 recte
2110 4565 2308 4621 factum
2366 4583 2520 4626 sacra
2551 4573 2834 4644 Scriptura
2866 4593 3081 4648 quoque
3111 4591 3359 4649 testatur,
3391 4587 3517 4642 dum

233 4661 377 4731 μήτε
399 4659 530 4712 Θεὸν
553 4658 718 4729 φοϐού
728 4676 908 4730 μενος,
938 4658 1074 4730 μήτε
1097 4658 1383 4728 ἄνθρωπον
1402 4657 1820 4725 ἐντρεπόμενος,

232 4750 463 4816 ἀποίησέ
493 4767 545 4803 τι
585 4750 846 4821 χρηστὸν,
894 4750 994 4819 τὴν
1029 4749 1269 4820 συνεχῶς
1313 4747 1645 4818 προσιοῦσαν
1674 4743 1823 4815 αὐτῷ

232 4845 412 4913 χήραν
462 4841 720 4911 ἐλεήσας,
764 4841 859 4895 καὶ
903 4839 1208 4907 ἐπεξελθὼν
1260 4841 1374 4901 τοῖς
1415 4837 1712 4891 ἀδικοῦσιν.
1759 4837 1823 4890 El

231 4934 417 4989 τοίνυν
449 4933 543 4986 καὶ
573 4934 630 4986 ἐν
657 4935 770 4998 τοῖς
801 4933 922 4988 λίαν
950 4934 1192 5005 ἀρίστοις
1219 4929 1536 5001 εὑρίσκεταί
1570 4946 1654 4985 τις
1677 4927 1822 4998 μέμ-

311 5089 357 5126 ⁸³
382 5088 546 5146 Prov.
578 5105 648 5157 ιη,
680 5088 876 5145 30-52.
954 5089 996 5120 ’³
1027 5087 1162 5142 Luc.
1189 5102 1299 5151 xw,
1338 5087 1358 5139 1
1401 5100 1555 5154 seqq.

1929 4650 1997 4704 de
2027 4654 2195 4745 priori
2230 4656 2448 4723 quidem
2495 4661 2775 4716 hominum
2821 4680 3022 4734 genere
3057 4670 3132 4724 ait
3166 4687 3180 4724 :
3223 4688 3244 4722 ι
3290 4676 3422 4740 Quis
3441 4676 3523 4745 ja-

1930 4744 2097 4796 CIabit
2135 4758 2344 4801 castum
2400 4751 2601 4806 habere
2642 4755 2777 4807 cor?
2828 4767 2923 4811 aut
2975 4761 3097 4827 quis
3151 4761 3321 4818 libere
3372 4744 3518 4822 dicet

1929 4851 1987 4891 se
2017 4853 2209 4906 purum
2246 4857 2366 4895 esse
2397 4857 2428 4896 a
2459 4847 2696 4912 pectatis
2731 4846 2813 4900 “?
2847 4867 2865 4898 ι
2914 4850 2983 4905 de
3012 4854 3298 4919 posteriori
3337 4868 3519 4913 autem

1936 4929 2092 4992 dicit,
2152 4928 2392 5000 judicem
2440 4935 2590 4990 illum
2636 4938 2963 5008 iniquitatis,
2992 4944 3082 5011 qui
3137 4961 3312 5016 neque
3353 4949 3518 5006 Deum

1639 5083 1683 5116 ιδ
1716 5081 1877 5139 Prov.
1901 5099 1994 5149 xx,
2035 5088 2088 5140 9.

1313 5220 1549 5277 VARIAC
1584 5219 1974 5275 LECTIONES
2015 5218 2104 5274 ΕΤ
2148 5219 2387 5277 NOTAE.

305 5388 420 5463 (78)
473 5389 597 5442 Ἐπὶ
627 5384 1106 5463 τῷν-ὁμογενῷν.
1139 5383 1416 5463 [ιξοηιιιςιιι.
1447 5380 1680 5463 regulari}:
1730 5393 1814 5463 re-

234 5450 338 5515 cta:
383 5450 826 5523 comparationis
855 5450 996 5522 same
1039 5454 1271 5507 inculcat
1315 5452 1567 5523 Isidorus.
1614 5450 1814 5504 Confer

234 5520 538 5600 epist.l53
565 5528 656 5600 lib.
692 5542 726 5580 ιι
761 5537 813 5600 et
847 5520 1002 5600 epist.
1031 5525 1127 5578 351
1167 5524 1379 5600 lib._ut.
1418 5520 1582 5600 Ryr'r.

313 5599 426 5669 (79)
467 5597 669 5669 Καλὸν
702 5596 818 5665 μὲν
917 5593 1123 5669 γάμος,
1155 5590 1426 5669 editior
1543 5592 1578 5658 ἡ
1604 5588 1818 5669 ἐγκρά-

236 5661 768 5749 τειάίκείίιλισζογ
823 5666 891 5718 δὲ
927 5661 1321 5749 named-erat.
1352 5661 1585 5749 .C‘onler.
1608 5661 1814 5749 ..μιλλε

239 5730 400 5808 epist.
437 5738 555 5799 155,
591 5746 644 5791 et
681 5736 771 5790 lib.
808 5751 866 5816 ιιι
901 5730 1058 5814 epist.
1098 5730 1230 5813 351,
1254 5743 1306 5784 et
1351 5732 1487 5784 infra
1523 5733 1576 5809 li.
1608 5730 1698 5809 lib.
1729 5745 1814 5795 ep.

243 5808 368 5872 192,
404 5807 492 5862 ubi
525 5809 680 5859 docet
717 5808 1095 5875 virginitatem
1123 5812 1384 5855 antistare
1417 5815 1665 5875 contingit)
1698 5815 1817 5875 qua:

242 5888 297 5934 et
327 5870 555 5947 apostoli
600 5874 748 5929 Pauli
798 5870 852 5929 ἐι
899 5876 1138 5930 omnium
1168 5882 1409 5929 veterum
1445 5870 1695 5924 Ecclesiae
1731 5871 1830 5922 do.~

1923 5389 2241 5461 ctorum,_et
2279 5383 2458 5461 ipsius
2489 5385 2624 5439 adeo
2673 5388 2876 5461 Christi
2927 5396 3194 5449 sententia
3246 5401 3520 5458 unanimis

1924 5462 2031 5530 est,
2057 5462 2110 5569 ιιί
2150 5454 2407 5516 demirer,
2448 5467 2689 5523 repertos
2735 5459 2902 5514 fuisse
2934 5465 3027 5532 qui
3072 5465 3364 5524 dissentire
3410 5454 3521 5527 sint

1918 5535 2034 5573 aus:
2117 5536 2167 5572 ι).

1985 5590 2670 5682 {tisi-ii]“sroorsr'o'rjzr
2716 5603 3066 5668 παρθενίαν.
3117 5604 3181 5661 F.
3224 5606 3336 5678 Τὴν
3383 5627 3520 5682 πορ-

1918 5667 2065 5711 νείαν
2095 5667 2159 5730 τῇ
2200 5667 2488 5734 παρθενίᾳ.
2536 5667 2610 5719 In.

1991 5732 2103 5816 (nl)
2149 5731 2285 5812 Ἵνα
2324 5731 2645 5816 eximia-(.7:
2695 5739 2799 5808 leg.
2826 5743 3128 5816 “terriﬁcam
3171 5755 3230 5801 ut
3273 5747 3325 5801 in
3383 5749 3517 5807 Bibl.

1918 5797 2150 5924 lGraecisI
2169 5804 2432 5871 scriptum
2466 5797 2567 5871 est,
2593 5797 2775 5864 'l’rov:
2821 5797 3128 5870 Sa'lomon‘."

1938 5885 2100 5924 metu.
2156 5886 2207 5924 D.
