4164 6428
696 374 833 444 H91

1898 369 1959 431 S.
2001 369 2292 430 ISIDORI
2331 365 2769 428 ΡΕιυΞΙΟΤίΕ

3823 355 3963 421 1192

694 481 986 546 metuebat,
1020 494 1192 550 neque
1219 479 1488 532 hominem
1509 475 1879 538 reverebatur,
1911 475 2035 529 boui
2075 484 2254 530 tamen

2390 490 2451 536 ιις
2478 515 2493 536 ,
2523 474 2616 525 καὶ
2643 474 2699 524 ὲν
2735 473 2847 535 τοῖς
2877 471 3156 530 κακίστοις
3190 468 3301 540 (8Ξ)
3329 469 3496 540 ἀρετή
3517 485 3529 499 ο
3559 467 3612 522 τί
3635 468 3963 537 θαυμάζεις,

694 573 976 646 quidpiam
1011 569 1231 634 fecisse,
1270 569 1394 621 dum
1448 568 1661 620 viduam
1721 565 1892 628 illum,
1930 581 2052 636 qua:
2090 563 2268 620 conti-

693 672 883 719 nenter
909 662 1086 730 ipsum
1123 660 1328 723 adibat,
1376 656 1751 712 misericordia
1809 664 2129 725 prosecutus
2161 664 2266 718 est,

692 765 749 808 et
773 760 1090 824 persecutus
1119 749 1323 803 ultione
1348 762 1442 803 eos
1471 747 1562 816 qui
1611 747 1784 814 ipsam
1818 743 2016 814 injuria
2057 743 2262 798 aflicie-

695 842 908 900 bant“.
935 841 990 895 Si
1028 840 1189 909 igitur
1209 848 1296 906 ,et
1328 840 1379 891 in
1409 837 1514 892 illis
1541 839 1630 908 qui
1667 846 1794 892 sunt
1821 837 2032 906 optimi,
2061 835 2266 904 aliquid

2363 567 2413 618 sl
2439 563 2674 618 ἐνταῦθα
2714 563 3098 635 διαλυσάμενοι
3127 564 3398 633 ἑκάτεροι,
3431 563 3611 615 ἐκεῖσε
3646 559 3966 632 ἀπηνέχθη-

2366 672 2487 718 σαν,
2520 658 2547 709 ὁ
2580 656 2679 726 μὲν
2716 656 2922 727 γυμνὸς
2959 655 3398 726 ἁμαρτημάτων,
3434 655 3462 707 δ
3514 653 3570 706 δὲ
3602 653 3813 725 ἔρημος
3849 669 3959 705 κα-

2364 745 2737 817 τορθωμάτων
2763 763 2776 810 ;
2812 746 2902 799 Διὸ
2927 747 2954 800 ὁ
2979 745 3078 815 μὲν
3127 743 3375 814 καθαράν
3403 743 3611 813 ὲτρὺγα
3630 744 3730 813 τὴν
3764 743 3970 814 εὐφρο-

2367 836 2553 906 σύνην·
2582 837 2611 889 δ
2647 837 2703 890 δὲ
2732 836 3165 908 ἀπαραμύθητον
3203 834 3442 905 ὑπέμενε
3468 834 3568 905 τὴν
3593 835 3890 904 τιμωρίαν.

701 937 970 1005 reperitur
992 933 1209 1001 dignum
1256 930 1699 998 reprehensione,
1724 939 1778 984 et
1821 937 2012 984 contra
2060 928 2114 982 in
2154 928 2260 983 illis
2298 943 2516 998 quoque
2547 929 2639 1000 qui
2676 939 2805 984 sunt
2856 928 3098 1000 pessimi,
3163 927 3342 996 aliqua
3414 927 3586 981 virtus
3617 927 3796 980 inest:
3826 923 3966 994 quid

700 1025 942 1089 miraris,
975 1023 1020 1078 si
1052 1024 1105 1076 in
1159 1023 1267 1076 vita
1301 1022 1462 1075 ambo
1511 1021 1671 1077 soluti
1709 1021 2095 1087 discesserunt,
2131 1019 2268 1076 alter
2307 1022 2525 1090 quidem
2576 1021 2751 1076 nudus
2813 1020 3072 1091 peccatis,
3097 1019 3234 1074 alter
3265 1033 3393 1074 vero
3428 1019 3675 1074 desertus
3719 1032 3748 1070 a
3779 1017 3962 1071 virtu-

703 1117 874 1177 tibus?
897 1119 1066 1186 Quam
1090 1115 1160 1170 ob
1189 1130 1406 1171 causam
1438 1115 1577 1171 alter
1602 1116 1815 1184 quidem
1847 1130 2040 1187 puram
2115 1116 2356 1186 percepit
2435 1115 2698 1182 laetitiam,
2729 1114 2866 1170 alter
2929 1123 3110 1171 autem
3148 1114 3326 1170 omnis
3371 1126 3568 1182 expers
3613 1112 3794 1168 solatii
3838 1127 3970 1169 sus-

705 1214 865 1269 tinuit
887 1210 1212 1281 supplicium
1226 1248 1241 1264 .

825 1323 1033 1383 CXVII.
1073 1352 1147 1363 —
1179 1318 1623 1378 VALENTIANO
1664 1319 2145 1378 PRESBYTERO.

703 1419 880 1487 Quare
937 1417 1042 1480 lex,
1109 1414 1252 1482 lepra
1311 1427 1402 1469 aut
1459 1414 1582 1468 aliis
1660 1415 1856 1469 morbis
1915 1416 2282 1468 insoluntariis

773 1489 1093 1548 laborantes,
1133 1493 1283 1538 extra
1312 1502 1469 1541 sacra
1503 1494 1687 1540 castra
1712 1487 1998 1540 consistere
2029 1501 2285 1554 prwcepe-

776 1559 846 1591 νει
884 1561 926 1591 ιε

776 1569 846 1611 rit
884 1569 949 1612 ’ὀ

775 1669 989 1727 Videris
1027 1671 1157 1726 mihi
1210 1683 1316 1723 non
1351 1670 1584 1738 probare
1619 1683 1734 1734 eos,
1765 1665 1857 1737 qui
1906 1665 2142 1722 lectores
2169 1666 2280 1734 (sa-

704 1773 920 1815 crarum
970 1755 1322 1827 Litterarum)
1380 1755 1447 1810 ad
1489 1753 2002 1823 contemplationem
2053 1769 2118 1809 ac
2169 1763 2284 1808 stu-

706 1850 853 1906 dium
905 1851 1285 1919 allegoriarum
1349 1845 1846 1915 investigandarum
1905 1845 2280 1901 exhortantur.

711 1944 845 1997 Dum
872 1943 1043 2005 enim,
1071 1950 1131 1995 ut
1155 1939 1360 2005 aiebas,
1402 1940 1724 2008 semetipsos
1749 1936 2045 2009 Scripturis
2070 1937 2286 2008 sapien-

710 2034 880 2090 tiores
904 2047 1026 2090 esse
1053 2032 1387 2093 existimant,
1431 2029 1555 2085 hinc
1591 2030 1648 2082 lit
1670 2039 1730 2083 ut
1761 2029 1939 2084 divina
1971 2027 2190 2083 oracula
2227 2028 2280 2082 in

714 2138 1068 2193 quascunque
1097 2124 1230 2193 ipsis
1280 2122 1502 2177 libuerit
1543 2122 1742 2194 figuras
1787 2121 2199 2184 transforment,
2231 2129 2284 2175 et

711 2215 988 2270 auditores
1011 2214 1195 2269 multis
1231 2213 1404 2268 modis
1436 2212 1642 2267 fallant.
1684 2212 1754 2266 At
1797 2227 1897 2283 ego
1927 2226 2101 2282 neque
2142 2210 2282 2277 illos,

709 2305 754 2361 si
784 2307 912 2376 quid
955 2305 1172 2376 sapiens
1218 2313 1382 2374 atque
1427 2305 1695 2358 eruditum
1741 2304 1988 2359 invenire
2029 2303 2286 2374 pollicen-

713 2407 822 2464 tttr,
851 2395 1204 2468 culpaverim,
1236 2410 1412 2465 neque
1450 2403 1504 2449 te
1545 2394 1820 2450 nolentem
1875 2407 1929 2452 et
1954 2395 2179 2451 invitum
2219 2395 2285 2450 ad

711 2490 999 2561 allegorias
1029 2489 1339 2543 tractandas
1365 2488 1661 2558 coegerim.
1689 2491 1782 2545 sed
1811 2497 1953 2544 recta
1991 2489 2058 2542 ad
2095 2488 2288 2543 defen-

712 2582 922 2638 sionem
961 2595 1046 2636 me
1087 2580 1384 2651 accingam.
1427 2581 1730 2648 Quaesiviin
1762 2582 1904 2636 enim
1937 2599 1953 2637 :
1987 2581 2165 2648 Quare
2209 2581 2288 2636 le—

711 2673 937 2744 gislator
967 2671 1207 2742 leprosos
1236 2682 1290 2726 et
1325 2673 1447 2726 aliis
1478 2672 1682 2729 morbis
1717 2672 2102 2727 involuntariis
2129 2672 2285 2728 labo-

713 2772 901 2820 rantes
925 2777 953 2815 s
983 2764 1156 2818 sacris
1181 2763 1412 2816 ratibus
1434 2762 1684 2818 exclusos
1715 2774 1879 2832 atque
1911 2771 2147 2817 remotos
2167 2777 2290 2817 esse

714 2853 994 2911 sanxerit?
1023 2853 1283 2908 Ausculta
1326 2852 1490 2919 igitur
1519 2856 1896 2922 compendiose
1925 2864 1988 2908 ac
2031 2853 2288 2918 breviter,

717 2951 951 3000 mentem
992 2952 1138 3004 tuam
1177 2942 1228 2997 in
1273 2940 1504 2996 collecto
1532 2941 1754 2998 babens.
1794 2940 2000 3013 (Neque
2031 2942 2176 2997 enim
2211 2941 2292 2996 fas

713 3046 800 3094 est
851 3045 1059 3091 natura:
1109 3049 1329 3100 arcana,
1374 3049 1494 3104 quae
1533 3035 1649 3103 ipsa
1705 3035 1885 3089 abdita
1936 3049 2058 3090 esse
2099 3035 2288 3101 voluit,

714 3126 1032 3198 ἄνοικοι-ε.)
1077 3126 1203 3181 Ideo
1245 3127 1344 3181 lioc
1389 3127 1463 3180 ita
1511 3126 1655 3180 cavit
1706 3136 1765 3180 ut
1811 3136 2096 3194 parentum
2137 3125 2294 3180 luxu-

719 3221 854 3274 riam
897 3229 1280 3286 compesceret,
1324 3224 1379 3272 et
1418 3215 1785 3287 voluptatibus
1844 3212 2027 3267 frenos
2096 3209 2284 3278 impo~

719 3320 914 3374 uret,
961 3319 1016 3364 et
1064 3311 1248 3361 modos
1298 3322 1360 3360 ac
1413 3307 1546 3360 lines
1597 3303 1971 3360 consuetudini
2025 3299 2291 3371 coniugali

719 3407 999 3456 statueret.
1039 3397 1173 3452 Nam
1217 3398 1342 3466 quia
1391 3396 1542 3450 multi
1586 3404 1712 3449 tunc
1741 3393 1959 3462 quando
2002 3391 2154 3448 nefas
2187 3402 2292 3457 est,

720 3493 774 3548 in
800 3502 994 3547 emtum
1037 3489 1387 3551 conveniunt,
1421 3498 1474 3542 et
1535 3503 1599 3542 ex
1639 3486 2015 3556 intempestiva
2062 3485 2282 3539 commi-

720 3585 897 3640 stione
934 3583 1142 3652 impura
1175 3589 1229 3634 et
1258 3579 1518 3636 deformia
1560 3592 1788 3645 corpora
1823 3587 2173 3644 procreantur
2204 3576 2291 3644 (li-

722 3665 1167 3737 berorum),ueid
1187 3669 1358 3733 ﬂeret,
1380 3682 1564 3722 curam
1588 3667 2006 3734 cautionemquc
2029 3665 2291 3719 adhibuit.

719 3764 872 3830 Quod
924 3772 1098 3815 autem
1145 3760 1257 3812 have
1291 3773 1378 3812 res
1421 3773 1526 3811 non
1580 3767 1687 3811 tam
1723 3757 1828 3811 illis
1875 3758 1964 3825 qui
2013 3756 2138 3810 inde
2169 3771 2293 3825 pro-

718 3853 864 3922 gnati
890 3862 1034 3912 sunt,
1063 3866 1220 3916 quam
1250 3849 1564 3918 parentibus
1590 3849 1740 3915 ipsis,
1769 3850 2059 3901 maximam
2093 3847 2292 3901 aﬂ'erat

718 3958 954 4012 pinnam,
997 3955 1177 4004 nemo,
1212 3950 1269 3993 ut
1310 3941 1524 4008 opinor,
1569 3939 1798 4009 ignorat.
1849 3939 1958 3992 Etsi
2008 3939 2150 3992 enim
2184 3939 2287 3991 ista

721 4048 807 4089 res
877 4033 1146 4101 aliquibus
1198 4031 1430 4086 fortasse
1468 4014 1560 4085 ‘ue
1611 4030 1824 4099 quidem
1875 4030 2085 4086 videtur
2135 4029 2296 4084 ullam

718 4121 996 4177 continere
1055 4135 1316 4189 pinnam,
1381 4123 1526 4189 quod
1591 4123 1925 4177 consuetudo
1987 4123 2295 4192 opinionem

717 4225 889 4280 poma:
942 4213 1224 4264 destruat:
1260 4218 1438 4264 tamen
1490 4212 1734 4280 plerique
1776 4226 1968 4267 omnes
2017 4223 2292 4281 parentes,

2477 1322 2620 1378 PlZ'.
2657 1353 2726 1366 —
2757 1321 3244 1394 orAAENTIANq
3282 1321 3394 1394 (ss)
3428 1321 3895 1394 ΠΡΕΣΒΥΤΕΡῼ.

2391 1415 2494 1469 Διά
2525 1415 2582 1468 τί
2622 1413 2654 1467 ὁ
2687 1415 2870 1483 νόμος
2911 1414 3051 1480 τοὺς
3081 1411 3449 1480 λεπρῶντας,
3503 1413 3541 1478 ἢ
3581 1413 3821 1483 ἐτέρους
3869 1431 3976 1466 rc-

2461 1485 2701 1553 σήματα
2752 1482 3012 1538 ἀκούσια
3072 1483 3434 1548 νοσοῦντας,
3484 1483 3601 1546 ἔξω
3635 1482 3789 1539 εἶναι
3850 1483 3976 1536 τῶν

2464 1552 2638 1622 ἱερῶν
2665 1556 3000 1621 περιϐόλων
3025 1552 3400 1622 προσέταξεν
3426 1553 3558 1623 (δέ).

2463 1669 2684 1731 Ἔοικας
2703 1668 2804 1720 οὐκ
2823 1666 3181 1737 ἀποδέχεσθαι
3203 1667 3325 1729 τοὺς
3361 1668 3453 1720 ἐπὶ
3475 1667 3570 1732 τὰς
3600 1666 3834 1736 θεωρίας
3854 1667 3972 1736 (e5)

2387 1759 2514 1822 τοὺς
2572 1758 3046 1826 ἀναγινώσκοντας
3097 1757 3568 1829 παρακαλοῦντας.
3618 1758 3977 1829 Σοφωτέρους

2390 1849 2519 1920 γὰρ,
2551 1849 2627 1913 ὡς
2658 1849 2815 1920 ἔφης,
2865 1849 2972 1902 τῶν
3006 1849 3240 1920 Γραφῶν
3277 1849 3504 1912 ἑαυτοὺς
3534 1848 3850 1921 ἡγούμενοι,
3889 1853 3974 1912 εἰς

2391 1943 2530 2012 ἅπερ
2554 1940 2831 2012 βούλονται
2865 1941 3321 2013 μετακομίζοντες
3347 1940 3416 1994 τά
3439 1941 3558 1994 θεῖα
3585 1941 3777 2009 Mm,
3803 1941 3976 1994 πολλά

2394 2035 2686 2102 σφάλλουσι
2733 2035 2862 2098 τοὺς
2914 2035 3233 2097 ἀκούοντας.
3298 2032 3440 2102 Ἐγὼ
3488 2033 3533 2086 δ’
3584 2033 3697 2088 οὔτ’
3731 2035 3975 2098 ἐκείνους

2392 2126 2771 2196 αἰτιασαίμην,
2819 2127 2867 2178 εί
2923 2127 3084 2194 σοφόν
3133 2144 3183 2180 τι
3229 2124 3470 2196 ἐξευρεῖν
3522 2127 3974 2193 ἐπαγγέλλονται,

2392 2216 2516 2272 οὗτε
2569 2217 2651 2280 σὲ,
2701 2221 2774 2290 μὴ
2819 2218 3159 2290 βουλόμενον,
3205 2219 3523 2289 ἀλληγορείν
3573 2218 3973 2288 ἀναγκάσαῳι,

2395 2310 2509 2364 ἀλλ’
2563 2311 2622 2375 ἐξ
2663 2309 2882 2374 εὐθείας
2912 2311 3010 2381 τὴν
3047 2309 3342 2378 ἀπολογίαν
3402 2308 3758 2378 ποιησαίμην.
3797 2309 3975 2376 ’Ἐφηῖ

2394 2403 2540 2470 γάρ’
2579 2401 2686 2455 Τοῦ
2719 2402 2879 2472 χάριν
2924 2405 2950 2454 ὀ
3003 2402 3301 2472 νομοθέτης
3347 2401 3474 2465 τοὺς
3506 2399 3847 2471 λιπρῶντας,
3879 2401 3975 2453 καὶ

2393 2492 2557 2564 ἔτερα
2585 2491 2865 2563 νοσήματα
2897 2492 3130 2546 ἀκούσια
3165 2489 3479 2559 νοσοῦντας,
3505 2489 3610 2555 ἔξω
3641 2487 3779 2542 εἶναι
3812 2488 3974 2560 ιερῶν

2395 2585 2698 2658 περιϐόλων
2729 2584 3047 2649 ἐθέσπισενς
3084 2585 3281 2637 Ἀκουε
3310 2584 3375 2653 δὴ
3405 2583 3704 2652 συντόμως,
3735 2598 3970 2649 συναγα-

2395 2679 2508 2748 γών
2543 2695 2635 2732 σου
2665 2678 2756 2731 τὸν
2791 2677 2914 2731 νοῦν
2938 2679 3030 2747 (οὐ
3067 2677 3175 2746 τάρ
3209 2677 3366 2747 Θέμις
3403 2674 3588 2744 σαφῶς
3627 2674 3696 2728 τά
3737 2673 3839 2743 τῆς
3867 2675 3970 2742 φῦ-

2398 2787 2532 2833 σεως
2578 2768 2922 2839 δημοσιεύειν
2953 2766 3269 2838 μυστήρια)·
3308 2767 3424 2818 Ὀτι
3445 2765 3542 2830 τάς
3573 2764 3843 2835 ἀκρασίας
3865 2765 3974 2816 τᾶν

2398 2861 2603 2930 γονέων
2647 2859 3012 2920 ἀναστέλλων,
3047 2859 3140 2910 καὶ
3167 2861 3284 2922 ταῖς
3316 2859 3527 2928 ἡδοναῖς
3567 2855 3819 2924 χαλινοὺς
3853 2857 3974 2906 επι-

2398 2952 2587 3016 τιθεὶς,
2638 2951 2733 3005 καὶ
2780 2950 2952 3020 μέτρα
3007 2947 3206 3019 ὁρίζων
3263 2949 3386 3010 ταῖς
3442 2946 3767 3009 συνουσίαις,
3817 2946 3975 2999 τοῦτο

2399 3040 2749 3112 προσέταξεν.
2796 3038 3014 3108 Ἐπειδὴ
3044 3037 3151 3108 γὰρ
3183 3036 3368 3090 πολλοὶ
3395 3037 3484 3090 ὅτε
3507 3035 3571 3089 οὐ
3599 3035 3756 3105 θέμις
3781 3036 3973 3106 συνέρ-

2395 3147 2600 3201 χονται,
2634 3129 2727 3182 καὶ
2755 3130 2818 3182 ἐκ
2846 3130 2942 3197 τῆς
2971 3129 3204 3199 ἀκαίρου
3240 3130 3530 3191 συνουσίας
3561 3127 3847 3198 ἀκάθαρτα
3878 3132 3973 3183 καὶ

2389 3220 2625 3290 δυσεχθῆ
2661 3220 2772 3291 (86)
2806 3219 3079 3272 τίκτονται
3111 3217 3357 3288 σώματα,
3392 3219 3479 3272 ῐνα
3513 3219 3587 3288 μὴ
3621 3217 3779 3271 τοῦτο
3809 3219 3968 3288 γένη-

2389 3328 2500 3371 ται,
2527 3311 2859 3380 ἐφρόντισεν.
2893 3311 3014 3363 Ὀτι
3038 3309 3095 3361 δὲ
3127 3309 3188 3362 οὐ
3219 3311 3329 3373 τοῖς
3363 3309 3651 3379 τεχθείσιν,
3691 3309 3828 3362 ἀλλά
3856 3313 3968 3372 τοῖς

2391 3400 2609 3454 τεκοῦσι
2655 3391 2854 3472 μᾶλλον
2887 3404 3149 3472 μεγίστην
3180 3401 3334 3471 φέρει
3379 3401 3618 3462 κόλασιν,
3663 3401 3858 3465 οὐδεὶς,
3893 3402 3968 3464 ὡς

2391 3486 2568 3562 οἶμαι,
2623 3493 2826 3561 ἀγνοεῖ.
2898 3491 2960 3545 Ol
3014 3493 3111 3562 μὲν
3164 3493 3273 3564 γὰρ
3328 3492 3447 3546 οὐδὲ
3513 3493 3784 3564 τιμωρίαν
3842 3493 3967 3556 ἴσως

2398 3583 2652 3653 ἡγοῦνται
2698 3583 2758 3637 τὸ
2806 3584 3059 3652 πρᾶγμα,
3108 3584 3207 3653 τῆς
3259 3583 3546 3654 συνηθείας
3600 3583 3702 3655 τὴν
3752 3585 3968 3639 κόλασιν

2396 3673 2730 3743 ἑκλυούσηςο
2782 3674 2831 3725 οί
2881 3672 2924 3725 δ’
2972 3672 3270 3742 ἀνήκεστον
3315 3673 3645 3744 ὑπομένουσι
3677 3675 3964 3744 τιμωρίαν,

2396 3760 2486 3822 οὒς
2513 3760 2742 3831 ηὔχοντο
2774 3760 3029 3830 ἀμείνους
3061 3760 3268 3814 ἑαυτῶν
3311 3759 3473 3827 εἶναι,
3521 3761 3746 3824 τούτους
3789 3765 3966 3833 είργο-

2401 3854 2594 3922 μένους
2641 3853 2801 3922 ίερῶν
2855 3853 3084 3906 συνόδων
3121 3852 3404 3924 θεώμενοι.
3462 3855 3568 3907 Καὶ
3618 3859 3729 3918 τοῖς
3781 3855 3876 3925 μὲν
3908 3856 3968 3908 τὸ

2396 3938 2533 3994 εἶναι
2571 3942 2824 3994 ἀκούσιον
2855 3945 2914 3995 τὸ
2949 3943 3114 4005 πάθος
3157 3943 3498 4013 ὲξευμαρίζει
3528 3945 3624 4015 τὴν
3660 3948 3962 4015 συμφοράν·

2395 4036 2506 4095 τοῖς
2554 4034 2610 4085 δὲ
2641 4036 2700 4085 τὸ
2737 4035 3036 4087 συνειδέναι
3084 4035 3165 4087 ὅτι
3215 4035 3313 4103 τῆς
3344 4037 3610 4105 ἀκρασίας
3645 4037 3826 4090 αὐτῶν
3855 4041 3964 4091 ἐστι

2397 4124 2664 4194 σύμϐολον
2714 4125 2828 4195 (87)
2879 4125 3145 4188 ἑκουσίου,
3185 4125 3509 4180 ἀνύποιστον
3551 4129 3695 4181 ποιεί
3727 4129 3826 4198 τὴν
3852 4128 3965 4182 ὀδύ-

2395 4233 2514 4285 νην.

715 4303 908 4371 quibus
930 4304 980 4354 id
1011 4316 1108 4353 usu
1135 4300 1298 4366 venit,
1332 4301 1633 4356 incurabile
1666 4304 1936 4357 sustinent
1959 4304 2274 4372 supplicium
2316 4316 2369 4358 et
2395 4308 2666 4360 cruciatos
2716 4308 2978 4362 maximos
3043 4309 3368 4378 animorum,
3389 4311 3520 4372 ,dum
3587 4309 3790 4365 liberos
3816 4324 3963 4368 suos.

715 4411 872 4464 quos,
907 4395 988 4464 (ut
1030 4393 1134 4448 fert
1183 4409 1469 4451 commune
1520 4405 1804 4464 parentum
1878 4397 2083 4455 votum)
2125 4399 2320 4468 seipsis
2395 4403 2798 4469 praestantiores
2853 4417 2977 4456 esse
3035 4405 3328 4471 Optabant,
3385 4405 3556 4459 sarris
3613 4405 3964 4460 conventibus

716 4489 887 4539 arceri
939 4497 1097 4555 atque
1135 4487 1346 4542 excludi
1378 4487 1581 4542 vident.
1626 4487 1691 4542 Et
1741 4487 1928 4543 liberis
1989 4489 2206 4557 quidem
2255 4489 2308 4544 id
2383 4491 2744 4546 calamitatem
2807 4493 2986 4548 reddit
3049 4495 3341 4559 leviorem,
3402 4499 3541 4565 quod
3606 4495 3806 4550 tualutn
3869 4496 3962 4549 hoc

719 4575 860 4630 nulla
889 4590 985 4628 sua
1012 4576 1165 4645 culpa
1194 4579 1296 4632 sibi
1329 4579 1676 4642 attraxerint,
1706 4578 1800 4636 sed
1825 4581 2032 4648 absque
2095 4595 2195 4635 sua
2259 4582 2530 4639 voluntate
2574 4587 2624 4637 iu
2680 4587 2731 4640 id
2813 4588 3143 4642 inciderint:
3180 4587 3348 4659 478
3380 4589 3697 4658 parentibus
3764 4598 3961 4654 autem,

795 4729 843 4764 "
871 4728 1001 4784 Luc.
1045 4745 1197 4796 xvm,
1242 4732 1264 4785 l
1297 4745 1449 4802 seqq.

1784 4889 2019 4947 VARUS
2059 4891 2444 4952 LECTIONES
2482 4897 2570 4952 ET
2628 4895 2858 4953 NOTAE.

781 5043 892 5113 (89.)
923 5043 1063 5098 Edit.
1113 5043 1307 5110 Paris.,
1342 5045 1402 5097 Ei
1446 5045 1628 5098 τοίνυν
1662 5049 1678 5066 ‘
1715 5047 1810 5100 καὶ
1861 5051 1917 5102 ὲν
1958 5051 2068 5113 τοῖς
2123 5052 2285 5106 κακί-

715 5129 883 5183 στοις.
912 5114 1123 5183 omissis
1155 5115 1490 5169 intermediis
1523 5132 1642 5183 qth
1683 5119 2038 5173 restituuntur
2063 5137 2128 5175 cx
2161 5126 2280 5176 cod.

715 5181 888 5235 Vatic.
915 5180 1040 5236 650.
1072 5181 1224 5235 Εοιτ.

784 5253 894 5320 (83)
927 5253 1062 5306 Cod.
1097 5252 1214 5305 Vat.
1241 5253 1367 5315 650,
1403 5253 1682 5309 Οὐάλεντι.
1712 5255 1922 5311 Possm.

784 5255 873 5320 (δῦ
927 5255 1062 5306 Cod.
1097 5255 1214 5305 Vat.
1241 5255 1367 5315 650,
1403 5255 1682 5309 Οὐάλεντι.
1712 5255 1922 5311 Possm.

711 5255 1242 5444 Μιεθίέςὲοέιίετθιυι·
1275 5339 1393 5375 rum
1431 5325 1532 5377 hac
1556 5328 1714 5394 epist.
1765 5328 1858 5380 Nl
1906 5327 2042 5381 infra
2077 5331 2176 5382 lioc
2224 5332 2291 5384 li-

749 5406 822 5441 ro.
875 5406 1037 5453 ιιιτςτ.

777 5460 888 5538 (85)
941 5460 1085 5538 Ἐπί.
1101 5459 1206 5524 τὰς
1236 5461 1497 5538 θεωρίας.
1533 5461 1774 5533 Θεωρίας
1807 5465 1893 5519 Itic
1923 5479 2076 5538 vorat
2114 5468 2274 5538 ἀλλη-

709 5530 916 5607 γορίας,
948 5529 1470 5607 quoduperspicuuiu
1521 5538 1573 5583 tit
1616 5529 1676 5584 uit
1711 5549 1884 5607 seqq..
1917 5537 2039 5588 οὕτε
2099 5555 2156 5589 σε
2205 5529 2277 5607 μὴ

710 5597 1032 5672 βουλόμενον
1048 5597 1381 5672 ἀλληγορεῐνΔ
1415 5597 1854 5672 άναγκασαίμην.
1887 5607 2147 5660 Similiter
2184 5597 2271 5660 ὶὶιέ

707 5683 798 5747 cra
825 5671 979 5736 epist.
1005 5667 1128 5747 295.
1153 5671 1320 5720 Aliter
1348 5669 1680 5747 Epiphanius
1726 5667 1923 5739 accipit
1955 5676 2190 5747 θεωρίαν
2228 5679 2279 5728 in

715 5741 807 5789 hac
832 5737 1116 5798 sententia,
1172 5753 1329 5804 quam
1369 5741 1707 5810 Ui'igeuiunis
1749 5737 2000 5810 Opposuit
2029 5765 2038 5797 :
2069 5737 2279 5798 ’Πάντα

2383 5054 2452 5130 τὰ
2477 5055 2593 5130 Θεία
2620 5057 2683 5130 et,
2694 5074 2837 5130 ματα
2866 5060 2966 5112 οὐκ
2989 5059 3314 5130 ἀλληγορίας
3339 5062 3531 5126 δεῖται.
3557 5060 3694 5119 ἀλλά
3721 5064 3798 5127 ὡς
3830 5057 3955 5130 Ιχει·

2386 5125 2628 5202 θεωρίας
2728 5129 2910 5202 *δεῖται
2938 5130 3031 5202 καὶ
3062 5125 3387 5202 αίσθῆσεως,
3431 5125 3594 5195 είςίτὸ
3619 5125 3815 5186 ειδέναι
3847 5125 3959 5187 [κά-

2389 5213 2520 5272 στης
2572 5200 2891 5272 ὑποθέσεως-
2924 5201 3018 5269 τὴν
3061 5200 3311 5270 δύναμιν.
3347 5203 3441 5256 llic
3490 5203 3690 5272 θεωρία
3742 5205 3834 5256 καὶ
3877 5205 3954 5258 αἴ-

2390 5265 2582 5334 σθησις
2623 5268 2928 5320 adliibenda
2958 5265 3008 5321 iit
3047 5265 3450 5337 Scrip'titrarum
3477 5265 3727 5335 lectione,
3767 5285 3954 5325 tracta-

2393 5337 2646 5412 tioneque
2684 5337 2814 5412 uiliil
2847 5337 2986 5389 aliud
3019 5351 3100 5392 est
3134 5343 3716 5412 QilallbépSUVévillllltl
3750 5359 3778 5395 ιι
3807 5343 3950 5396 Chri-

2390 5415 2475 5458 sto
2505 5409 2616 5471 ipso
2650 5406 2802 5458 nobis
2829 5406 3259 5461 conttttetttlatum
3286 5406 3440 5464 Juau.
3470 5406 3518 5464 ν’.
3559 5411 3726 5466 Βιττ.

2454 5475 2567 5543 (86)
2602 5475 2872 5541 Scriptum
2893 5475 3126 5552 δυξεχθῇ
3150 5481 3270 5552 cod.
3309 5479 3426 5552 Vat.
3453 5492 3624 5534 mutat
3653 5484 3703 5535 in
3727 5483 3949 5552 εἰδεχθῆ,

2386 5555 2437 5597 et
2477 5560 2616 5597 »νο-νς.
2653 5561 2768 5611 seq.
2811 5559 2926 5610 post
2955 5549 3037 5598 ὅτι
3073 5549 3126 5600 δὲ
3159 5549 3503 5602 τιιιιίίιτοῦτο.

2456 5615 2570 5683 (87)
2605 5617 2746 5665 Inter
2776 5615 3048 5683 σύμὸολον
3072 5629 3122 5670 et
3163 5621 3410 5671 ἑκουσίου
3455 5622 3592 5675 itletn
3622 5622 3739 5674 cod.
3779 5621 3952 5674 inserit

2389 5686 2504 5754 τῆς.
2542 5686 2746 5738 ι’ρεηικ.
