4150 6484
247 443 393 509 2205

1097 443 1635 506 EPISTULARUM
1674 445 1820 505 LIB.
1869 448 1966 506 IV.
2005 472 2074 481 -
2119 447 2356 508 EPIST.
2400 443 2660 507 CXXIX.

3395 443 3531 508 1206

242 559 476 626 Πνεῦμα
512 556 644 612 Θεοῦ
693 558 826 614 οἰκεῖ
858 558 917 610 ἐν
951 557 1095 627 ὑμῖν.
1129 576 1147 608 ι
1186 556 1466 626 Ψυχικοὺς
1491 555 1566 619 δέ,
1592 549 1825 628 περὶ’ὧν
1856 609 1857 615 η

1942 557 2148 627 quidem
2175 557 2413 627 Spiritus
2456 557 2547 611 Dei
2585 555 2792 611 habitat
2824 555 2874 608 in
2906 552 3146 610 vobis“.
3179 572 3198 606 ι
3248 553 3529 611 Animales

243 652 600 722 γέγραπται·
641 668 659 702 ι
700 649 939 720 ἰυχικοὶ
972 646 1192 718 πνεῦμα
1245 648 1318 719 μὴ
1352 646 1575 718 ’ἔχοντες
1599 663 1615 679 ·
1660 666 1677 698 ι
1705 646 1833 710 τοὺς

241 744 364 806 τοῖς
416 743 696 815 λογισμοῖς
744 741 839 794 καὶ
887 738 1266 808 συλλογισμοῖς
1308 739 1404 792 καὶ
1456 737 1832 807 διαλογισμοῖς

247 833 454 904 μᾶλλον
472 832 950 904 -ἐπερειδομένους,
979 831 1070 884 καὶ
1093 831 1154 883 τὸ
1173 830 1381 884 δίκαιον
1408 829 1502 884 καὶ
1531 829 1593 882 τὸ
1622 829 1833 899 συμφέ-

243 943 344 996 ρον
386 908 451 979 ἐκ
496 923 700 978 τούτων
745 921 1066 992 νομίζοντας
1115 921 1392 994 εὑρίσκειν
1419 937 1432 951 ·
1467 915 1571 973 οἷοί
1613 921 1752 972 εἰσιν
1782 921 1833 973 oi

243 1016 382 1089 παρ’
411 1016 634 1088 Ἕλλησι
686 1015 858 1083 σοφοί.
893 1015 1200 1084 Σαρκικοῦς
1239 1014 1296 1068 δὲ
1334 1015 1461 1078 τοὺς
1491 1015 1603 1076 τοῖς
1630 1011 1830 1066 πάθεσι

243 1110 350 1179 τῆς
380 1110 580 1180 σαρκὸς
607 1107 962 1180 ἡττηθέντας,
982 1108 1093 1161 ἀπὸ
1112 1107 1207 1160 τοῦ
1237 1105 1832 1176 πλειστοδυναμοῦντος

244 1202 447 1264 αὐτοὺς
471 1199 651 1254 καλῶν
675 1215 688 1231 ·
731 1195 833 1253 οἷοι
867 1200 1067 1261 πάντες
1099 1201 1148 1253 οἱ
1177 1201 1417 1267 ἐναγεῖς,
1452 1198 1545 1252 καὶ
1572 1196 1822 1268 ἀκάθαρ-

245 1307 354 1357 τοι,
386 1291 483 1344 καὶ
536 1291 665 1362 περὶ
711 1291 810 1354 τὰς
852 1288 1139 1355 συνουσίας
1186 1290 1510 1353 λυττῶντες.
1566 1289 1626 1343 El
1663 1289 1776 1359 γὰρ
1801 1288 1830 1340 6

247 1381 564 1452 σωματικδς
603 1380 981 1450 Πνευματικὸς
1028 1380 1142 1451 (17)
1171 1380 1331 1451 σῶμα
1361 1378 1474 1451 ἔχει
1509 1380 1601 1433 καὶ
1630 1378 1831 1450 ψυχὴν,

245 1473 346 1527 καὶ
377 1473 406 1525 6
436 1472 666 1544 ψυχικὸς
717 1471 876 1544 σῶμα
933 1473 1068 1543 ἔχει,
1115 1472 1220 1536 καὶἰ
1259 1474 1287 1523 6
1335 1473 1597 1544 σαρκικδς
1622 1472 1827 1543 ψυχὴν,

240 1563 364 1617 ἀλλ’
412 1563 523 1618 ἀπὸ
595 1563 688 1617 τοῦ
756 1563 1085 1636 κρατοῦντος
1139 1563 1374 1628 ἕκαστος
1420 1565 1666 1619 καλεῖται
1691 1564 1828 1636 (18).

242 1654 464 1723 Ὠσπερ
493 1652 602 1725 γὰρ
631 1654 822 1725 γήϊνον
847 1653 1065 1724 λέγεται
1095 1652 1157 1706 τὸ
1189 1653 1372 1724 σῶμα,
1400 1654 1582 1708 καίτοι
1601 1655 1696 1709 καὶ
1715 1654 1826 1708 τῶν

240 1743 423 1799 ἄλλων
453 1745 730 1816 στοιχείων
768 1745 1015 1817 μετέχον.
1057 1743 1137 1816 τῷ
1159 1734 1304 1800 κατὰ
1332 1744 1395 1799 τὸ
1441 1746 1694 1800 πλεῖστον
1730 1745 1826 1816 μέ-

247 1850 344 1908 ρος
371 1837 470 1909 τῆς
500 1837 602 1908 γῆς
636 1838 914 1909 μετέχεινο
948 1837 1092 1892 οὕτω
1122 1837 1396 1903 κάκείνοις
1430 1838 1540 1892 ἀπὸ
1566 1838 1661 1893 τοῦ
1693 1855 1830 1912 κρα-

240 1927 470 1994 τοῦντος
498 1928 776 2000 ἐξενίκησε
806 1929 1078 2001 τοῦνομα,

1941 662 2071 703 vero
2094 647 2348 717 appellat,
2382 649 2448 702 de
2477 647 2675 716 quibus
2721 645 2985 712 scriptum
3027 652 3149 700 est:
3191 644 3525 710 «Animalcs,

1936 741 2187 808 spiritum
2230 755 2335 794 non
2383 737 2709 794 habentes"
2741 753 2756 802 ;
2789 756 2807 789 ι
2857 752 2951 790 003
3003 736 3094 804 (ιιιῑ
3150 735 3532 791 “meinati”

1937 832 2117 898 nibus,
2149 841 2203 888 et
2232 832 2560 902 syllogismis
2589 840 2646 885 et
2673 828 3132 896 disputationibus
3167 829 3344 894 potius
3380 826 3532 881 inni-

1943 933 2158 989 tuntur,
2188 932 2242 978 et
2271 939 2334 977 ex
2370 924 2454 978 his
2486 938 2544 977 se
2587 923 2907 976 inventuros
2940 920 3278 975 arbitrantur
3305 918 3356 972 id
3386 921 3533 989 quod

1936 1017 2141 1085 justum
2192 1016 2266 1069 sit
2311 1022 2368 1069 et
2411 1013 2588 1069 utile:
2644 1012 2834 1082 quales
2885 1024 3016 1067 sunt
3065 1011 3342 1080 sapientes
3390 1011 3532 1078 apud

1936 1106 2181 1162 Grtccos.
2210 1106 2474 1162 Carnales
2497 1105 2738 1174 denique
2769 1118 2886 1169 eos,
2913 1104 3004 1173 qui
3033 1100 3317 1156 aﬂ'ectlbus
3348 1101 3534 1155 carnis

1937 1214 1996 1255 se
2026 1199 2166 1255 vinci
2208 1199 2522 1267 patiuntur;
2577 1196 2646 1252 ab
2681 1209 2746 1251 eo
2779 1195 2923 1264 quod
2956 1193 3248 1265 plurimum
3295 1192 3351 1246 in
3401 1191 3535 1260 ipsis

1936 1291 2124 1360 pollet,
2146 1289 2647 1345 denominationem
2679 1302 2870 1343 eorum
2897 1301 3149 1342 sumens:
3179 1284 3368 1354 quales
3409 1292 3534 1337 sunt

1936 1396 2129 1437 omnes
2161 1380 2433 1445 scelerati,
2463 1389 2518 1434 et
2549 1380 2745 1450 impuri
2772 1421 2786 1444 ,
2813 1388 2869 1435 et
2894 1379 2984 1449 qui
3015 1378 3162 1432 circa
3194 1375 3447 1432 libidines
3477 1386 3534 1431 et

1937 1472 2116 1527 coitus
2145 1472 2448 1527 insaniunt.
2481 1472 2803 1540 Quanquam
2847 1472 2994 1527 enim
3027 1468 3332 1538 spiritualis
3362 1469 3530 1522 etiam

1937 1565 2101 1620 homo
2135 1579 2334 1634 corpus
2374 1565 2534 1620 habet
2582 1574 2637 1619 et
2669 1564 2933 1628 animam,
2964 1572 3020 1618 et
3044 1559 3300 1615 animalis
3329 1574 3531 1630 corpus

1935 1655 2122 1720 habet,
2156 1663 2210 1710 et
2240 1657 2478 1714 carnalis
2506 1655 2690 1709 anima
2723 1670 2828 1708 non
2854 1653 3207 1710 destituitur:
3245 1664 3428 1708 tamen
3462 1653 3530 1707 ab

1934 1760 2002 1802 eo
2035 1748 2178 1816 quod
2211 1746 2557 1816 potissimum
2588 1756 2692 1809 est,
2714 1747 2944 1816 quisque
2965 1744 3289 1815 appellatur.
3323 1744 3531 1812 Quent-

1937 1837 2229 1892 admodum
2298 1836 2444 1892 enim
2491 1851 2691 1906 corpus
2720 1875 2735 1899 ,
2786 1835 2999 1890 tametsi
3045 1835 3276 1889 aliorum
3313 1848 3530 1902 quoque

1867 1924 1911 1982 Β
1937 1929 2330 1986 elementorum
2375 1930 2650 1999 particeps
2710 1930 2784 1983 sit
2809 1967 2826 1993 ,
2865 1928 2986 1983 ideo
3035 1941 3220 1982 tamen
3256 1938 3535 1982 terrenum

245 2021 486 2088 dicitur,
514 2023 656 2091 quod
692 2021 984 2076 maximam
1019 2031 1227 2091 partem
1273 2035 1337 2075 ex
1390 2031 1535 2076 terra
1576 2030 1826 2078 constet:
1866 2021 1947 2078 sic
1980 2020 2086 2076 illis
2106 2035 2324 2092 quoque
2352 2035 2419 2076 ex
2446 2036 2513 2076 eo
2545 2021 2687 2090 quod
2734 2018 3011 2088 potentius
3080 2029 3184 2082 est,
3221 2031 3418 2071 nomen
3445 2012 3536 2070 oh-

247 2110 430 2168 tinuit.

640 2204 821 2258 mur.
840 2233 911 2246 —
939 2204 1276 2277 summa
1297 2204 1434 2275 (t9).

247 2296 358 2361 Είς
382 2294 490 2350 τὸν
509 2293 783 2364 ἀοίδιμον
804 2294 1066 2350 θάνατον
1080 2295 1187 2351 τοῦ
1209 2295 1483 2366 Σωτῆρος
1509 2296 1676 2366 ἡμῶν
1696 2297 1831 2368 (20).

323 2384 516 2451 Πόθεν,
548 2385 702 2456 ἔφης,
743 2385 902 2458 δῆλόν
937 2387 1106 2450 ἐστιν,
1137 2388 1219 2441 ὅτι
1253 2387 1396 2443 ἑκὼν
1423 2389 1519 2442 ἐπὶ
1546 2390 1641 2442 τὸν
1669 2387 1826 2444 θάνα·

248 2494 344 2530 τον
369 2471 574 2547 ἦλθενὸ
590 2476 825 2548 Χριστός
843 2476 989 2547 (21);
1015 2477 1266 2532 Μάλιστα
1288 2478 1386 2548 μὲν
1403 2479 1468 2532 ἐκ
1487 2478 1581 2533 τοῦ
1606 2480 1833 2550 νεκροὺς

253 2570 562 2639 Δεσποτικῇ
605 2567 864 2640 αὐθεντίᾳ
903 2570 1289 2640 ἐγηγερκέναι.
1344 2571 1403 2625 '0
1449 2571 1560 2643 γὰρ
1623 2573 1837 2640 νεκροῖς

252 2659 400 2730 ζωὴν
430 2660 821 2732 χαρισάμενος,
853 2662 952 2715 οὐκ
972 2659 1038 2715 ἂν
1062 2661 1234 2733 δήπου
1268 2661 1420 2716 ἄκων
1445 2664 1540 2716 ἐπὶ
1570 2662 1630 2717 τὸ
1664 2663 1837 2728 ardia;

251 2751 418 2823 ἢχθη.
446 2749 510 2806 Et
529 2753 584 2806 δὲ
610 2753 706 2806 καὶ
733 2755 800 2823 τῇ
832 2752 986 2824 Θεῖκῇ
1017 2752 1236 2824 ἐξουσίᾳ
1261 2754 1360 2807 οὑκ
1395 2754 1555 2825 ἡθελε
1616 2755 1832 2825 χρήσα-

254 2843 404 2907 σθαι,
437 2841 570 2896 ἀλλά
616 2859 678 2911 γε
704 2843 831 2914 ἐξῆν
878 2843 1363 2928 ἀπολογησάμενον
1409 2845 1693 2916 ἐκφυγεῖν,
1723 2846 1838 2914 εἴγε

253 2933 437 3004 ἤθελε.
470 2934 579 2988 Καὶ
608 2933 716 3006 γὰρ
742 2930 858 3005 εἶχε
882 2936 976 2989 καὶ
1005 2935 1098 2991 τὸν
1127 2936 1357 2990 Πιλάτον
1389 2938 1468 3003 είς
1504 2935 1663 2991 τοῦτο
1689 2935 1839 3006 αὐτῷ

259 3027 698 3098 συμπράττοντα,
733 3028 824 3082 καὶ
852 3029 1103 3095 λέγοντα,
1146 3030 1278 3083 ποτὲ
1316 3030 1414 3100 μέν
1437 3047 1452 3062 ·
1490 3048 1509 3082 ι
1550 3031 1662 3099 Οὐχ
1692 3029 1840 3101 εὑρί-

255 3135 376 3172 σκω
405 3121 464 3172 ἐν
499 3117 648 3189 αὐτῷ
686 3119 808 3173 οὐδὲ
841 3119 970 3190 μίαν
1003 3121 1184 3174 αἰτίαν
1205 3121 1439 3175 θανάτου
1459 3138 1473 3153 ·
1516 3140 1534 3173 ι
1574 3122 1707 3175 ποτὲ
1731 3121 1787 3174 δέ
1819 3137 1832 3150 ·

2232 2203 2401 2278 ωε.
2436 2201 2717 2261 cxxvm.
2741 2231 2812 2244 .-
2834 2199 3250 2258 EUSTEPHIO.

2154 2297 2222 2351 In
2255 2298 2506 2351 celebrem
2532 2306 2754 2350 mortem
2789 2294 3090 2350 Saluatoris
3131 2294 3319 2347 nostri.

2017 2387 2172 2444 Unde
2220 2398 2475 2451 constat,
2534 2385 2719 2455 inquis
2749 2424 2764 2449 ,
2823 2383 3101 2440 Christum
3158 2383 3300 2439 ultro
3343 2389 3398 2437 et
3436 2397 3537 2438 sua

1944 2489 2138 2552 sponte
2165 2479 2231 2536 ad
2275 2488 2507 2536 mortem
2539 2479 2756 2534 venisse
2777 2479 2799 2523 τ
2828 2477 3062 2532 Maxime
3102 2477 3320 2546 quidem
3349 2492 3413 2531 ex
3444 2491 3534 2541 eo,

1946 2575 2090 2644 quod
2129 2584 2375 2628 mortuos
2408 2573 2688 2628 Dominica
2716 2570 3042 2627 auctoritate
3071 2581 3127 2626 et
3161 2570 3407 2639 potentia
3441 2586 3538 2625 ex-

1946 2665 2156 2719 citavit.
2220 2663 2353 2718 Nant
2403 2663 2493 2733 qui
2557 2662 2788 2717 mortuis
2841 2662 3010 2716 vitam
3046 2661 3278 2732 largitus
3320 2670 3446 2728 est,
3493 2661 3539 2716 is

1946 2753 2189 2825 profecto
2241 2772 2345 2808 non
2394 2754 2598 2808 invitus
2631 2754 2698 2807 ad
2734 2753 3043 2823 passionem
3083 2767 3237 2807 suam
3268 2753 3539 2807 abductus

1945 2857 2049 2902 est.
2093 2846 2246 2914 Quod
2281 2847 2324 2900 si
2381 2847 2547 2900 etiam
2604 2847 2786 2901 divina
2821 2843 3067 2915 potentia
3116 2845 3193 2898 uti
3231 2845 3413 2900 noluit
3437 2885 3451 2910 ,
3482 2851 3539 2897 at

1946 2949 2094 2992 certe
2135 2938 2333 2992 licebat
2370 2940 2418 2990 ei
2449 2978 2463 3000 ,
2525 2937 2569 2991 si
2618 2935 2876 2991 voluisset
2905 2976 2918 3000 ,
2974 2934 3290 2990 defensione
3337 2935 3539 2990 utendo

1947 3027 2206 3099 eﬂ'ugere.
2265 3029 2513 3084 Habebat
2563 3031 2707 3083 enim
2754 3026 2984 3082 Pilatum
3015 3041 3233 3096 quoque
3283 3025 3388 3104 sibi
3422 3026 3539 3096 ejus

1945 3128 2174 3174 conatus
2207 3120 2436 3185 socium,
2471 3129 2527 3176 et
2555 3119 2866 3183 dicentem,
2901 3134 3045 3174 nunc
3070 3118 3290 3188 quidem
3325 3141 3335 3172 :
3373 3136 3392 3168 ‹
3420 3117 3536 3172 Non

260 3229 279 3261 ο
338 3210 538 3275 Ἀθῶός
563 3212 679 3280 εἰμι
721 3212 830 3266 ἀπὸ
869 3212 963 3266 τοῦ
1010 3214 1239 3283 αἵματος
1270 3215 1484 3269 τούτου.
1527 3234 1544 3266 ι
1581 3215 1644 3268 Εἰ
1675 3215 1732 3268 δὲ
1764 3216 1840 3286 μὴ

1949 3211 2168 3267 invenio
2204 3212 2257 3264 in
2297 3211 2416 3281 ipso
2460 3211 2624 3265 ullam
2677 3209 2890 3280 culpam
2928 3219 3103 3262 morte
3151 3209 3368 3278 dignam
3392 3207 3479 3275 “;
3513 3229 3534 3262 ι

253 3304 703 3377 ἀπολογήσασθαι
733 3305 948 3378 ἢθελεν,
981 3306 1392 3360 ἐκκαλέσασθαι
1426 3305 1568 3360 κατὰ
1622 3304 1836 3366 Παῦλον

254 3396 405 3466 ἐξῆν.
459 3396 568 3450 Καὶ
598 3395 706 3467 γὰρ
741 3396 849 3450 ὑπὸ
896 3395 1204 3468 Ῥωμαίους
1254 3391 1419 3468 ἦσαν.
1466 3397 1670 3450 Λοιπὸν
1727 3396 1840 3464 γὰρ

253 3486 575 3554 Αὔγουστος
609 3487 639 3539 6
683 3485 976 3556 Ῥωμαίων
1023 3487 1386 3558 αὐτοκράτωρ
1425 3487 1840 3558 χειρωσάμενος

254 3580 526 3642 ἅπαντας,
565 3578 621 3630 ἐν
650 3571 731 3642 οἷς
761 3575 902 3649 ἦσαν
932 3580 1026 3632 καὶ
1058 3577 1234 3644 αυτοὶ,
1271 3577 1558 3631 ἐκέλευσεν
1598 3576 1842 3648 ἀπογρά-

249 3667 461 3739 ψασθαι
501 3668 682 3722 πᾶσαν
712 3666 809 3740 τὴν
839 3668 1189 3739 οὶκουμᾶνην,
1229 3666 1336 3738 πρὸ
1361 3667 1457 3723 τοῦ
1490 3668 1582 3721 τὸν
1611 3667 1841 3735 Σωτῆρα

253 3759 316 3812 ἐδ
354 3759 498 3813 κατὰ
526 3759 708 3830 σάρκα
753 3758 1114 3828 γεννηθῆναι·
1160 3759 1260 3812 καῖ
1297 3757 1588 3827 Ῥωμαίων
1619 3756 1841 3828 ἡγεμὼν

251 3844 325 3920 ἦν
357 3848 491 3920 παρ’
529 3849 713 3912 αὐτοῖς
766 3849 794 3900 6
841 3848 1094 3912 Πιλάτος,
1153 3847 1355 3905 διέπων
1389 3848 1458 3901 τὰ
1511 3849 1836 3920 πράγματα,

256 3942 354 3995 καὶ
383 3942 511 4006 τοὺς
532 3941 972 4012 ἐκκαλουμένους
1005 3936 1243 4011 πέμπων
1275 3942 1353 4004 εἰς
1389 3942 1487 4012 τὴν
1521 3939 1838 4013 Ῥωμαίων,

257 4034 353 4087 καὶ
407 4032 590 4104 τηρῶν
645 4032 830 4097 αὐτοῖς
892 4032 955 4085 τὸ
1006 4032 1241 4088 ἄσυλον·
1296 4031 1487 4104 ὥσπερ
1538 4029 1632 4087 οῦν
1684 4033 1778 4087 καὶ
1816 4036 1844 4087 6

255 4126 486 4195 φῆστος,
536 4126 584 4179 εί
613 4126 670 4179 δὲ
723 4124 936 4196 βούλει.
970 4126 999 4179 6
1037 4125 1341 4197 χιλίαρχος,
1376 4127 1467 4180 τὸν
1500 4126 1714 4180 Παῦλον
1749 4127 1844 4180 καὶ

257 4217 514 4270 διέσωσεν
544 4217 609 4269 ἐκ
651 4215 747 4286 τῆς
781 4203 1030 4287 φονώσης
1063 4216 1309 4277 συνόδου,
1356 4217 1453 4269 καὶ
1493 4217 1573 4280 εἰς
1624 4216 1844 4287 Ῥώμην

259 4306 398 4375 πρὸς
429 4306 686 4374 Καίσαρα
721 4303 1058 4376 ἀνέπεμψεν.
1102 4306 1239 4360 Ἀλλ’
1285 4305 1438 4360 οὐδὲν
1494 4305 1706 4360 τούτων
1743 4323 1843 4360 πε-

258 4389 490 4466 ποίηκεν
525 4399 554 4451 6
606 4395 842 4467 Χριστός
865 4413 880 4428 ·
934 4395 1058 4450 οὔτε
1092 4399 1201 4470 γὰρ
1236 4401 1296 4470 τῇ
1331 4397 1574 4472 ἐξουσίᾳ,
1604 4398 1729 4452 οῦτε
1777 4400 1843 4470 τῇ

260 4489 558 4562 ἀπολογίᾳ,
588 4487 711 4542 οὔτε
737 4491 804 4560 τῇ
831 4489 1083 4562 ἐκκλήτῳ
1122 4493 1416 4562 ἐχρήσατο,
1460 4492 1548 4545 ἴνα
1575 4492 1845 4563 λαμπρῶς

259 4579 432 4654 δείξῃ,
462 4581 545 4634 ὅτι
576 4579 665 4633 τὸν
698 4578 929 4635 θάνατον
958 4579 1287 4635 θανατώσων
1313 4582 1460 4652 δεῦρ’
1496 4585 1714 4652 ἀφῖκτο.

1943 3319 2088 3359 nunc
2121 3319 2285 3358 vero:
2323 3319 2341 3356 ι
2377 3303 2642 3359 lnnocens
2687 3316 2807 3355 sum
2857 3301 2925 3355 ah
2967 3300 3070 3355 hoc
3121 3299 3386 3369 sanguine
3413 3299 3480 3355 ⁸³.
3514 3318 3534 3352 ι

1943 3395 2098 3463 Quod
2146 3396 2192 3450 si
2240 3409 2343 3450 nec
2385 3394 2705 3449 defensione
2745 3391 3076 3447 innocentiae
3107 3391 3185 3444 uti
3221 3391 3432 3457 voluit,
3485 3402 3542 3447 at

1944 3501 2248 3555 provocare
2275 3484 2527 3555 exemplo
2561 3484 2715 3540 Pauli
2748 3483 2968 3539 licebat.
3013 3481 3190 3538 Erant
3241 3482 3388 3537 enim
3439 3483 3542 3539 sub

1947 3577 2206 3634 Romanis
2235 3578 2427 3634 Judaei.
2475 3577 2626 3659 Nam:
2661 3592 2785 3633 cum
2835 3576 3117 3647 Augustus
3163 3575 3540 3632 Romanorum

1947 3669 2243 3740 imperator
2288 3682 2479 3725 omnes
2528 3669 2584 3724 in
2633 3683 2788 3724 suam
2839 3667 3138 3739 redegisset
3191 3677 3540 3737 potestatem.

1945 3759 2091 3814 inter
2118 3774 2256 3830 quos
2282 3760 2381 3830 ipsi
2419 3772 2638 3829 quoque
2680 3767 2872 3826 erant,
2900 3759 3070 3830 jussit
3113 3773 3314 3814 census
3345 3760 3543 3831 agendi

1945 3865 2108 3905 causa
2151 3851 2389 3906 describi
2416 3865 2636 3905 omnem
2666 3859 2936 3906 terrarum
2969 3850 3180 3914 orbem,
3213 3850 3544 3921 priusquam

1949 3943 2204 3998 Salvator
2250 3942 2551 3997 secundum
2597 3955 2822 3996 carnem
2887 3951 3248 3997 nasceretur:
3306 3952 3361 3997 et
3424 3951 3545 3998 erat

1947 4033 2090 4102 apud
2125 4029 2271 4103 ipsos
2303 4031 2676 4088 Romanorum
2706 4047 2909 4102 praeses
2943 4032 3167 4098 Pilatus,
3199 4035 3292 4102 qui
3331 4048 3418 4089 res
3448 4033 3544 4087 ad-

1948 4125 2320 4188 ministrabat,
2349 4134 2402 4180 et
2426 4123 2757 4194 appellantes
2780 4123 3010 4181 Romam
3035 4126 3301 4194 mittebat,
3337 4141 3545 4194 eosque

1950 4218 2213 4271 adversus
2243 4217 2350 4270 vim
2391 4225 2536 4271 tutos
2570 4217 2901 4286 praestabat;
2940 4226 3000 4272 ut
3051 4227 3106 4273 et
3165 4216 3360 4273 Festus
3422 4225 3546 4285 post

1948 4323 2094 4376 eum,
2135 4309 2252 4364 sive
2285 4308 2460 4363 mavis
2493 4310 2744 4367 tribunus
2781 4309 3012 4365 militum
3039 4350 3056 4376 ,
3091 4308 3314 4364 Paulum
3339 4317 3397 4364 et
3427 4320 3545 4364 ser-

1949 4402 2096 4456 vavit
2129 4416 2198 4457 ex
2231 4405 2442 4473 synodo
2474 4401 2787 4458 Iudaeorum
2808 4444 2824 4470 ,
2869 4418 2990 4473 quae
3023 4405 3158 4459 nihil
3191 4404 3297 4458 nisi
3340 4403 3543 4459 caedem

1952 4495 2219 4563 spirabat,
2251 4505 2306 4549 et
2339 4493 2566 4549 Romam
2604 4495 2671 4550 ad
2694 4493 2969 4552 Caesarem
3002 4497 3234 4552 remisit.
3273 4495 3381 4552 Sed
3411 4496 3544 4553 nihil

1879 4576 1922 4630 Ι)
1953 4586 2184 4639 istorum
2221 4584 2348 4640 fecit
2397 4585 2667 4642 Christus.
2734 4587 2870 4643 Nam
2920 4603 3095 4658 neque
3147 4590 3386 4660 potentia
3425 4604 3545 4655 sua,

262 4686 440 4741 tu'qtte
487 4671 822 4736 defensione,
855 4683 1032 4741 neque
1077 4673 1442 4743 appellatione
1483 4690 1614 4729 usus
1641 4687 1758 4739 est,
1810 4686 1868 4728 ut
1908 4674 2110 4744 liquido
2178 4679 2513 4746 ostenderet,
2590 4695 2651 4733 se
2693 4681 2799 4735 huc
2849 4691 3138 4750 propterea
3189 4681 3402 4736 venisse
3429 4719 3446 4746 ,
3488 4687 3549 4734 ut

263 4777 490 4823 inertem
521 4777 694 4821 morte
720 4763 974 4830 alliceret.

447 4855 622 4910 PKG'.
678 4886 749 4897 —
806 4858 1190 4929 ΣΤΡΔἸἮΓῙῼ
1240 4860 1666 4916 ΜΟΝΑΖΟΝΤῙ.

261 4953 368 5016 Εις
394 4951 462 5004 τό
485 4965 500 4978 ·
537 4970 554 5002 ι
600 4950 729 5005 Πᾶν
754 4953 1092 5034 ςὶμιξρτηιία,
1198 4952 1306 5008 ἐὰν
1351 4954 1495 5024 ποιῇ
1536 4955 1872 5024 ἄνθρωπος,

741 5023 915 5088 ἐκτὸς
940 5024 1045 5078 τοῦ
1084 5023 1376 5093 σώματος.
1400 5044 1417 5076 ι

339 5112 566 5179 Πολλὰς,
626 5106 672 5166 ὦ
731 5114 991 5186 μακάριε.
1044 5115 1269 5169 δυνατὸν
1332 5119 1413 5181 είς
1474 5118 1573 5170 τό⁹
1638 5137 1655 5170 ι
1733 5120 1848 5172 Πᾶν

2167 4862 2405 4918 CXXIX.
2435 4896 2506 4905 —-
2536 4863 2935 4921 STRATEGIO
2972 4863 3328 4921 MONACHO.

1955 4955 2025 5011 In
2052 4957 2182 5009 illud
2229 4956 2388 5031 Pauli
2419 4960 2643 5031 dictum,
2683 4977 2701 5011 ι
2743 4958 2909 5014 Omne
2938 4969 3243 5031 peccatum,
3274 4958 3552 5031 quodcun-

2224 5044 2323 5098 que
2354 5028 2531 5097 fecerit
2562 5029 2737 5093 homo,
2765 5039 2916 5082 extra
2941 5028 3129 5098 corpus
3156 5030 3220 5084 ³⁵.
3253 5050 3273 5081 ι

2030 5119 2241 5186 Multae,
2284 5137 2315 5171 o
2369 5125 2566 5186 beate,
2625 5120 2771 5176 velut
2804 5121 2985 5192 januze
3042 5137 3298 5177 sensuum
3348 5125 3550 5196 aperiri

339 5251 385 5282 "
416 5247 569 5305 Rom.
603 5265 720 5316 VIII,
749 5249 801 5302 9.
879 5250 922 5282 "
945 5250 1067 5306 Jud.
1103 5252 1185 5307 l9.
1266 5253 1310 5285 ³³
1345 5253 1476 5310 Luc.
1518 5270 1671 5322 mn,
1700 5255 1754 5309 ι.
1831 5257 1852 5288 ³

1942 5257 2094 5313 Iattli.
2137 5275 2307 5326 xxvn,
2333 5261 2420 5316 9.4.
2503 5260 2548 5292 “
2574 5261 2595 5315 Ι
2620 5261 2750 5318 Cor.
2781 5278 2853 5328 ιιι,
2887 5262 2972 5317 l8.

1383 5368 1621 5425 VARIE
1659 5369 2051 5428 LECTIONES
2085 5372 2173 5427 ET
2213 5372 2448 5429 NOTAE.

340 5503 454 5579 (l7)
483 5500 584 5557 Ed.
616 5501 816 5579 Paris.)
841 5507 1232 5579 ὁῄσωματικός,
1266 5510 1439 5566 male:
1463 5525 1601 5565 corr.
1631 5526 1693 5565 ex
1722 5513 1843 5566 cod.

271 5573 446 5644 \‘atic.
480 5574 745 5644 sententia
774 5573 1071 5644 ﬂagitante.
1107 5579 1261 5633 Ευιτ.

343 5641 455 5719 (18)
508 5642 652 5696 Ἀπὸ
700 5641 1218 5719 τοῦ-κραζοῦντος
1263 5649 1518 5719 ἕκαστος
1559 5651 1848 5709 καλεῖται.

269 5712 406 5766 \‘nle
440 5727 603 5779 supra
628 5715 786 5778 epist.
821 5712 942 5770 ιιι.
980 5717 1142 5775 Rtrr.

275 5781 605 5907 roljlsﬂrosl
643 5784 923 5857 Εὑστεφίῳ
950 5791 1072 5850 cod.
1107 5789 1223 5844 Vat.
1256 5791 1360 5846 650
1402 5794 1547 5849 addit
1579 5795 1852 5865 vatua'tpxtp.

318 5868 480 5906 OtiSIH.

2032 5512 2144 5634 (‘23)
2175 5512 2308 5566 Cum
2342 5515 2442 5569 bac
2485 5517 2645 5585 epist.
2691 5516 2880 5570 confer
2921 5516 3079 5584 epist.
3135 5515 3197 5568 97
3233 5515 3390 5580 hujus
3427 5518 3549 5573 libri

2032 5624 2035 5634 .
2133 5598 2249 5634 ιττ.

1962 5598 2310 5723 “iatn-("Ton
2356 5655 2511 5709 ἑκὼν
2559 5655 2656 5709 ἐπὶ
2688 5657 2795 5710 τὸν
2830 5655 3093 5712 θάνατον
3127 5652 3315 5725 ἦλθεν
3352 5660 3382 5709 ὀ
3417 5659 3552 5724 Χρι-

1965 5727 2133 5798 στός.
2187 5725 2539 5781 Bernartius:
2581 5747 2597 5776 ι
2624 5729 2875 5781 Christus
2916 5729 3177 5795 quaesitus
3215 5729 3279 5779 ad
3328 5743 3549 5798 regnum

1969 5795 2126 5864 fugit,
2162 5798 2421 5862 quzesitns
2450 5800 2516 5850 ad
2541 5809 2771 5853 mortem
2803 5815 2903 5851 non
2939 5799 3093 5865 fugit.
3122 5801 3214 5850 sed
3244 5813 3361 5851 sesc
3394 5795 3549 5850 obfu-

1972 5867 2048 5920 lit.
2095 5887 2109 5916 ι
2135 5865 2361 5934 'Optitnc
2397 5869 2558 5934 igitur
2583 5872 2631 5922 in
2664 5869 2835 5938 ipsum
2874 5871 3102 5939 quadrat
3135 5884 3346 5931 vrrsns,
3388 5886 3546 5938 quem
