4150 6492
213 475 356 544 1209

1098 459 1633 546 EPISTOLARUM
1674 459 1818 518 LIB.
1858 459 1953 519 IV.
1996 483 2064 494 --
2107 462 2346 523 EPIST.
2387 463 2648 524 CXXIX.

3380 453 3517 519 1210

212 587 524 653 ἀπαλλάξαι
588 583 893 656 βουλόμεθα
918 599 929 612 ·
981 581 1192 652 μήποτε
1243 577 1337 631 καὶ
1388 577 1417 628 ὁ
1482 562 1807 632 ’Δττόστολος

1920 577 1962 630 is
1994 593 2102 631 non
2135 578 2497 653 commiserit
2553 584 2775 648 peccata
2831 575 2990 630 venia
3023 574 3253 644 majora,
3284 573 3517 630 dicimus

210 680 312 733 ἐπὶ
340 678 440 748 τῆς
476 675 734 747 πορνείας
766 673 924 727 τοῦτο
963 672 1088 740 ἔφη.
1131 668 1235 721 Τὸν
1267 667 1375 738 γάρ
1426 661 1808 734 πορνεύσαντα

213 768 373 843 παρά
423 764 732 837 Κορινθίοις
794 761 1129 832 σωφρονίσαι
1183 758 1544 829 βουλόμενος,
1601 753 1809 825 ταύτην

218 861 420 932 ἐρῤηξε
470 857 568 926 τὴν
625 858 832 929 φωνήν.
864 855 927 908 El
970 854 1026 907 δὲ
1073 853 1170 907 καὶ
1201 852 1413 922 τρίτην,
1449 847 1668 909 ἐννόει,
1726 848 1810 914 ὅτι

215 953 413 1021 ὥσπερ
451 950 481 1001 ὁ
530 951 613 1013 εἰς
645 949 912 1003 θάλατταν
959 948 1108 998 σῖτον
1153 944 1186 1014 ἢ
1248 941 1436 1013 ἕτερόν
1478 958 1532 993 τι
1585 938 1810 1011 σπέρμα

220 1044 432 1116 ῥίπτων
473 1045 551 1106 είς
600 1042 691 1095 τὸν
743 1040 950 1107 σπόρον
985 1036 1329 1108 ἁμαρτάνει,
1375 1033 1604 1087 κωλύων
1638 1032 1808 1086 αὑτὸν

216 1140 302 1200 είς
345 1136 562 1205 γένεσιν
596 1131 776 1186 ἐλθεῖν
800 1147 814 1160 ⁸
851 1129 995 1184 οὕτω
1025 1130 1122 1183 καὶ
1159 1130 1187 1181 ὁ
1237 1130 1316 1189 είς
1347 1126 1571 1197 ἑταίραν
1603 1126 1812 1198 ῥίπτων

215 1230 284 1282 τὸ
319 1225 515 1283 ἐαυτοῦ
580 1224 826 1297 σπέρμα,
850 1226 931 1283 είς
967 1223 1028 1277 τὸ
1061 1223 1259 1276 οἰκεῖον
1287 1219 1447 1290 σῶμα
1475 1220 1809 1289 ἁμαρτάνει,

216 1323 438 1390 ἐκείνης
472 1320 532 1372 ού
585 1318 645 1371 τὸ
695 1316 882 1387 τεχθὲν
935 1314 1266 1386 ἀναιρούσης
1325 1313 1506 1382 μόνον,
1533 1311 1670 1365 άλλά
1720 1311 1814 1364 καὶ

216 1414 480 1484 τεχθῆναι
533 1410 848 1480 κωλυούσης
892 1409 1026 1480 (ἳἹ).
1061 1409 1124 1461 Εἰ
1157 1407 1214 1461 δὲ
1247 1406 1549 1476 τετάρτηνο
1605 1405 1813 1457 ἐννοεῖν

217 1509 353 1577 χρὴ,
383 1508 464 1558 ὄτι
511 1505 633 1557 καθ’
673 1503 865 1574 δδρᾷ,
921 1502 1014 1556 καὶ
1048 1501 1246 1569 πάσχει
1291 1498 1426 1568 (28).
1467 1497 1527 1550 Εί
1576 1496 1685 1567 γὰρ
1737 1495 1813 1567 μὴ

216 1580 586 1663 Επαθεν,ὀὺκ
620 1597 685 1650 ἂν
720 1596 982 1668 ἐρρευσεν
1011 1610 1024 1624 ο
1059 1594 1106 1646 εἰ
1136 1592 1192 1645 δὲ
1237 1591 1520 1663 ἕρῤευσεν,
1557 1590 1771 1660 ἐφθάρη
1797 1605 1811 1618 °

217 1693 270 1743 εί
317 1691 374 1743 δὲ
416 1689 650 1759 ἐφθάρη,
691 1687 945 1758 ὑϐρίσθη.
1013 1685 1228 1756 Ἀμέλει
1281 1686 1366 1737 ἐπ’
1403 1683 1631 1753 οὐδεμιᾷ
1678 1680 1813 1752 ἄλλῃ

218 1783 446 1852 πράξει,
494 1783 525 1852 ἢ
561 1783 649 1834 ἐπὶ
684 1782 817 1850 μόνῃ
849 1781 914 1848 τῇ
950 1777 1141 1850 ἀνδρὸς
1173 1777 1309 1847 πρὸς
1341 1777 1576 1844 γυναῖκα
1613 1773 1816 1842 συνόδῳ

217 1875 444 1941 λέγεται
492 1874 764 1945 ἐφθάρθαι
811 1872 910 1940 τὴν
958 1869 1226 1939 παρθένον
1264 1871 1358 1923 καί
1405 1869 1496 1922 τὸν
1531 1868 1816 1926 νεανίσκον

219 1966 608 2036 πειραθέντας.
666 1965 727 2016 Εἰ
782 1962 839 2014 δὲ
883 1963 975 2016 καὶ
1011 1963 1290 2032 πέμπτην,
1349 1961 1563 2024 ἐννόει,
1627 1959 1712 2013 ὅτι
1739 1957 1817 2028 τῷ

220 2058 402 2128 πόρνῃ
441 2055 823 2127 συνερχομένῳ
852 2057 900 2108 εἰ
925 2053 1142 2124 τεχθείη
1177 2052 1410 2115 παιδίον,
1443 2052 1521 2114 εἰς
1553 2049 1814 2122 πορνείαν

218 2151 523 2219 τρέφεται,
574 2150 667 2200 καὶ
706 2152 732 2201 ό
763 2147 908 2218 δρῶν
950 2145 1088 2216 μετὰ
1119 2144 1332 2210 ταῦτα,
1382 2143 1563 2208 λέξει’
1607 2145 1818 2205 Ὄντως

218 2239 419 2293 ἑαυτὸν
442 2241 648 2301 ἐκεῖνος
668 2237 943 2308 ἠδίκησεν·
973 2237 1082 2290 ίδοὺ
1108 2236 1217 2306 γάρ
1244 2239 1302 2288 τὸ
1340 2234 1584 2306 σπέρμα,
1619 2234 1819 2305 μᾶλλον

218 2330 280 2382 δέ
320 2331 381 2383 τὸ
413 2331 569 2398 σῶμα
603 2331 765 2383 αὑτοῦ
812 2328 1086 2400 πορνεύει.
1127 2329 1189 2381 El
1226 2328 1282 2380 δὲ
1332 2329 1426 2380 καὶ
1469 2328 1660 2396 ἕκτην,
1694 2328 1816 2379 ἐπί-

220 2439 444 2493 στησον,
481 2424 561 2474 ὃτι
598 2425 644 2474 εί
679 2422 839 2492 δούλῃ
881 2439 964 2485 τις
1015 2422 1391 2491 κοινωνήσειε,
1430 2420 1614 2472 δοῦλον
1665 2420 1817 2472 ἔσται

219 2516 286 2567 τὸ
319 2515 644 2583 τικτόμενον
676 2531 688 2542 ·
726 2515 841 2575 πῶς
867 2508 959 2564 οὖν
987 2514 1087 2564 οὐκ
1119 2514 1197 2575 εἰς
1225 2512 1421 2564 ἑαυτὸν
1472 2511 1814 2582 ἁμαρτάνει,

220 2607 251 2657 ὁ
297 2605 485 2656 δοῦλον
539 2603 854 2666 σπουδάζων
894 2604 1117 2666 τεκεῖν;
1170 2601 1234 2654 Εἰ
1290 2599 1348 2653 δὲ
1413 2603 1505 2654 καί
1538 2601 1816 2670 ’έθδόμηη

219 2698 326 2767 ὅρα
358 2697 440 2748 ὅτι
473 2695 566 2746 καὶ
603 2694 658 2747 τὸ
685 2694 1006 2763 τικτόμενον
1041 2694 1328 2757 ἀδικεῖται,
1364 2693 1514 2745 νόθον
1546 2691 1820 2762 καλούμε-

223 2806 340 2851 νον,
372 2789 468 2840 καὶ
495 2788 692 2855 ἄτιμον
719 2785 998 2855 πανταχοῦ
1027 2785 1332 2853 γινόμενον,
1370 2784 1474 2837 κᾶν
1508 2786 1565 2837 ἐν
1597 2784 1818 2854 βουλευο

219 2880 421 2950 τηρίῳ,
459 2878 560 2931 κᾶν
604 2880 660 2929 ἐν
700 2878 1039 2947 δικαστηρίῳ
1101 2877 1253 2945 (‘29)
1309 2875 1365 2928 δὲ
1419 2875 1638 2946 εἰσέλθῃ
1665 2915 1678 2940 ν
1724 2876 1820 2928 ἐκ·

223 2971 481 3025 εάλλεται
511 2985 524 2999 ·
585 2971 651 3024 δι“
703 2963 762 3022 οὗ
797 2972 888 3022 καὶ
940 2970 968 3021 ό
1016 2970 1427 3037 φυτευσάμενος
1457 2967 1818 3023 συναπολαύει

223 3067 328 3136 τῆς
356 3064 619 3134 αἰσχύνης
644 3081 656 3093 ·
703 3063 1005 3132 ὑπόμνημα
1052 3063 1162 3132 γὰρ
1192 3063 1290 3131 τῆς
1326 3061 1533 3125 οἰκείας
1565 3061 1819 3132 λαγνείας

223 3159 570 3226 κατέλειψεν.
616 3157 677 3209 El
718 3157 773 3208 δὲ
811 3157 903 3209 καὶ
941 3156 1158 3224 ὀγδόην,
1197 3155 1588 3223 δοκιμάσωμεν
1629 3155 1724 3207 καὶ
1755 3155 1820 3208 τὸ

227 3251 606 3325 ῥηθησόμενον
633 3265 644 3278 ·
680 3249 871 3318 ἐπειδὴ
906 3250 934 3301 δ
966 3246 1268 3319 πορνεύων,
1306 3246 1364 3299 ἐν
1394 3247 1529 3318 πρὸς
1556 3247 1656 3317 τὴν
1684 3264 1821 3318 πορ-

223 3345 530 3415 νευομένην
554 3343 766 3412 γίνεται
791 3381 805 3404 ,
825 3343 913 3410 ,ὡς
952 3341 1020 3394 τὰ
1048 3341 1224 3394 οἰκεῖα
1257 3339 1395 3410 μέλη
1417 3338 1586 3393 ποιῶν
1613 3343 1823 3411 πόρνης

227 3437 388 3509 μέλη.
421 3438 500 3499 εἰς
529 3435 722 3488 ἐαυτὸν
757 3434 834 3504 τῷ
867 3433 982 3486 ὄντι
1028 3432 1356 3504 ἁμαρτάνει.
1387 3433 1537 3502 om
1571 3434 1669 3502 μὲν
1711 3435 1821 3504 γάρ

223 3546 371 3592 τινες
397 3524 454 3582 εὖ
487 3527 790 3598 ἐχρήσαντο
823 3527 919 3600 (ὼς
940 3526 1148 3595 Μωσῆς
1173 3525 1266 3578 καὶ
1291 3524 1524 3595 Φινεὲς),
1557 3525 1653 3579 καὶ
1682 3527 1822 3597 ὀργῇ

226 3623 278 3693 (ὁ
301 3622 506 3691 Πέτρος
538 3623 630 3673 καὶ
657 3619 912 3688 Ι]αὖλος)’
948 3619 1174 3690 πορνείᾳ
1208 3619 1264 3671 δὲ
1299 3619 1476 3682 οὐδεὶς
1515 3617 1734 3680 πώποτε
1763 3615 1822 3672 εὖ

223 3715 518 3784 ἐχρήσατο.
555 3712 646 3764 Διο
686 3711 781 3764 καὶ
806 3711 898 3763 τὸν
923 3711 1138 3782 δρῶντα
1175 3710 1416 3780 μολύνει.
1455 3711 1656 3764 Σιωπῶ
1689 3709 1822 3781 γὰρ,

223 3807 307 3859 ὅτι
337 3807 462 3868 τοὺς
492 3805 548 3856 ἐν
571 3803 792 3873 πολέμῳ
816 3802 1139 3872 φονεύοντας
1173 3804 1266 3856 καὶ
1296 3802 1511 3872 στηλῶν
1534 3803 1627 3856 καὶ
1653 3805 1824 3874 ἀναῤ-

227 3899 442 3970 ρήσεων
473 3895 735 3960 ἀξιοῦσιν.
775 3896 836 3948 El
883 3895 938 3948 δὲ
993 3896 1088 3948 καὶ
1132 3895 1408 3966 τραπῆναι
1445 3897 1592 3965 ἡμᾶς
1647 3895 1824 3965 βούλει

223 3994 306 4056 εἰς
345 3991 445 4062 τὴν
479 3991 580 4058 τῆς
622 3989 957 4060 ἀλληγορίας
987 3989 1126 4051 ὁδὸν,
1161 3989 1356 4055 ἐννάτη
1387 3987 1528 4042 ἔστω
1556 3991 1587 4059 ὴ
1624 3989 1823 4058 λεχθηο

226 4083 458 4152 σομένη.
507 4082 726 4152 Ἐπειδὴ
774 4084 830 4134 ἐν
868 4082 1030 4152 σῶμά
1060 4085 1208 4134 ἐστιν
1248 4083 1281 4152 ἡ
1332 4081 1654 4150 Ἐκκλησία,
1693 4082 1742 4133 οἱ
1767 4083 1824 4134 δὲ

225 4179 417 4238 καθείς
469 4177 716 4246 ἀλλήλων
771 4176 1085 4247 μέλη,ὁδὲ
1142 4174 1425 4244 πορνεύων
1480 4176 1559 4238 εἰς
1617 4174 1826 4241 πάντας

226 4269 536 4343 ἁμαρτάνει
567 4286 583 4302 ο
615 4269 908 4339 ἀνατρέχει
939 4270 1046 4339 γὰρ
1080 4268 1245 4323 αὑτοῦ
1277 4269 1337 4322 τὸ
1372 4269 1595 4338 σφάλμα
1642 4270 1735 4322 ἐπὶ
1764 4270 1825 4322 τὸ

225 4362 328 4430 τῆς
371 4361 701 4430 Ἑκκλησίας
740 4361 1015 4431 πλήρωμα
1039 4403 1053 4426 ,
1089 4353 1147 4412 οὗ
1179 4361 1276 4414 καὶ
1317 4361 1624 4430 ἐκκοπῆναι
1661 4361 1826 4414 αὐτόν

227 4454 584 4525 προσέταξεν,
629 4454 734 4516 ἕως
780 4455 845 4506 ἂν
896 4454 1230 4524 μετανοήσῃ.
1279 4454 1432 4507 Είοδὲ
1462 4454 1556 4506 καὶ
1589 4454 1826 4525 δεκάτην

231 4543 432 4615 βούλει,
474 4544 695 4613 λεχθείη
728 4545 827 4609 ἂν,
875 4545 957 4597 ὅτι
1002 4545 1190 4614 ἐπειδὴ
1229 4545 1278 4596 οἱ
1317 4545 1467 4614 νόμῳ
1506 4545 1601 4598 τοῦ
1637 4546 1822 4616 τιμίου

1912 669 2306 724 admonitionis
2362 684 2528 724 causa
2565 687 2578 723 :
2615 668 2849 734 Desiste,
2907 667 2980 721 mi
3042 665 3237 732 frater,
3289 668 3356 721 ab
3415 668 3518 723 hoc

1912 763 2150 817 morbo:
2185 763 2275 817 hic
2313 762 2537 817 morbus
2570 763 2816 817 omnium
2863 770 2950 816 est
3009 761 3365 823 deterrimus.
3407 775 3516 814 non

1911 856 2055 923 quod
2089 853 2179 907 hic
2200 868 2393 909 omnes
2417 853 2556 910 alios
2580 862 2824 924 superet,
2866 853 2962 908 sed
2985 851 3130 921 quod
3158 851 3278 920 ipso
3299 864 3520 920 quoque

1911 960 2035 1000 eum
2094 944 2333 999 liberare
2391 945 2727 1014 cupiamus:
2766 959 2948 998 annon
2999 945 3165 998 etiam
3208 940 3520 1009 'Apostolus

1912 1036 2167 1093 similiter
2230 1037 2297 1092 de
2356 1036 2724 1093 fornicatione
2757 1037 2860 1092 hoc
2913 1037 3138 1091 dixerit.
3195 1033 3329 1090 Nam
3386 1032 3516 1088 dum

1912 1126 2192 1197 corrigere
2225 1138 2391 1198 alque
2421 1127 2720 1183 emendare
2750 1126 2913 1181 vellet
2940 1141 3066 1181 eum
3104 1125 3197 1194 Qui
3224 1125 3366 1194 apud
3399 1121 3506 1178 Co-

1915 1222 2148 1276 rinthios
2186 1221 2484 1277 fornicatus
2511 1231 2654 1285 erat,
2687 1220 2738 1275 iu
2774 1222 2913 1276 hanc
2942 1233 3131 1274 vocem
3163 1219 3367 1288 erupit.
3389 1215 3512 1274 lam

1914 1315 1960 1370 si
2025 1314 2242 1368 tertiam
2307 1327 2527 1382 quoque
2578 1313 2662 1368 vis
2717 1312 2813 1366 tibi
2869 1311 3068 1381 aperiri
3122 1310 3370 1380 januam,
3411 1313 3516 1367 hoc

1915 1405 2336 1460 animadverte:
2370 1402 2836 1470 Quemadmodum
2874 1402 2964 1472 qui
3008 1400 3064 1455 in
3090 1408 3242 1456 mare
3273 1399 3520 1455 frumcn-

1916 1507 2028 1551 tum
2070 1506 2162 1550 aut
2194 1496 2337 1550 aliud
2371 1495 2666 1566 quodpiam
2719 1510 2907 1551 semen
2957 1495 3194 1565 projicit,
3226 1493 3287 1550 in’
3330 1506 3517 1549 semen

1916 1598 2126 1658 peccat,
2155 1586 2281 1642 dum
2341 1587 2392 1642 id
2451 1586 2712 1658 prohibet
2756 1584 2822 1638 ad
2860 1585 3272 1654 generationem
3325 1597 3520 1653 perve-

1918 1681 2037 1737 nire
2064 1680 2184 1734 :.ita
2211 1681 2377 1734 etiam
2408 1678 2454 1732 is
2482 1677 2573 1748 qui
2605 1678 2657 1732 in
2696 1678 3042 1732 meretricem
3079 1675 3302 1745 projicit
3347 1688 3516 1730 suum

1917 1787 2128 1838 semen,
2167 1772 2220 1826 in
2255 1771 2535 1842 proprium
2562 1783 2763 1839 corpus
2801 1774 3018 1838 peccat,
3049 1767 3164 1838 ipsa
3198 1781 3305 1820 non
3345 1765 3520 1821 solum

1924 1868 2224 1936 perintente
2271 1865 2322 1919 id
2371 1864 2516 1935 quod
2568 1873 2751 1918 natum
2800 1860 2990 1924 fuerit,
3029 1860 3123 1915 sed
3162 1860 3310 1914 nasci
3338 1860 3526 1929 prohi-

1923 1963 2102 2015 bente.
2135 1959 2305 2014 Porro
2333 1959 2377 2014 si
2406 1967 2657 2028 quartam
2720 1953 3045 2026 (desideras
3105 1953 3521 2022 interpretatio-

1922 2053 2084 2123 nem)
2130 2052 2372 2119 cogitare
2412 2055 2651 2117 oportet,
2707 2045 3009 2101 secundum
3070 2046 3122 2100 id
3189 2047 3334 2114 quod
3387 2046 3519 2114 agit,

1922 2147 2098 2216 ipsum
2135 2146 2297 2200 etiam
2336 2144 2467 2214 pati.
2497 2143 2634 2199 Nam
2670 2142 2771 2196 nisi
2825 2157 3020 2211 passus
3051 2141 3182 2211 quid
3213 2151 3381 2200 esset.
3415 2157 3521 2192 non

1923 2242 2191 2295 ﬂuxisset.
2230 2238 2286 2294 Si
2345 2248 2527 2293 autem
2579 2236 2754 2303 ﬂuxit,
2795 2247 3092 2307 corruptus
3135 2244 3219 2290 est
3250 2253 3263 2287 :
3291 2234 3336 2288 si
3390 2249 3523 2288 vero

1923 2343 2211 2404 corruptus
2243 2341 2346 2396 est,
2393 2331 2721 2386 contumelia
2773 2329 3000 2386 affectus
3050 2339 3155 2383 est.
3182 2327 3312 2393 Quae
3344 2326 3511 2380 etiam

1923 2442 2084 2481 causa
2111 2434 2216 2493 est,
2248 2425 2392 2495 quod
2428 2423 2497 2480 de
2529 2423 2673 2479 nulla
2731 2424 2838 2478 alia
2898 2424 3135 2486 actione,
3175 2419 3269 2476 sed
3296 2420 3362 2475 de
3410 2417 3526 2473 solo

1925 2520 2023 2572 viri
2049 2533 2173 2571 cum
2214 2517 2440 2572 muliere
2477 2532 2774 2587 congressu
2813 2516 3030 2581 dicitur,
3059 2522 3352 2581 corruptos
3403 2526 3527 2566 esse

1925 2611 2191 2677 virginem
2222 2619 2278 2665 et
2308 2609 2713 2663 adolescentem
2755 2623 2868 2663 rem
2905 2616 3161 2676 expertos
3195 2619 3514 2660 veneream.

1926 2706 1982 2762 Si
2042 2714 2094 2758 et
2147 2704 2390 2771 quintam
2423 2703 2537 2772 (vis
2599 2698 3177 2772 interpretationem),
3215 2701 3418 2766 cogita,
3479 2697 3524 2750 si

1923 2800 1971 2853 ei
2001 2799 2093 2866 qui
2127 2812 2251 2850 cum
2278 2804 2463 2850 scorto
2493 2809 2826 2862 congressus
2884 2805 2992 2858 est,
3019 2802 3183 2846 natus
3214 2789 3385 2844 fuerit
3419 2789 3523 2842 ali-

1924 2891 2046 2959 quis
2106 2889 2272 2954 ﬁlius,
2308 2889 2353 2943 is
2411 2889 2480 2942 ad
2535 2886 2950 2940 fornicationem
3013 2885 3381 2959 educatur,ct
3431 2883 3525 2951 qni

1925 2992 2113 3052 postea
2143 2996 2264 3036 eum
2304 2979 2676 3050 conspexerit,
2706 2977 2848 3032 dicet
2887 2995 2900 3031 :
2937 2958 3158 3030 Revera.
3183 2976 3235 3028 in
3279 2975 3526 3043 seipsum

1926 3075 2015 3130 ille
2060 3073 2164 3128 fuit
2215 3073 2447 3142 injurius
2492 3089 2506 3126 :
2552 3087 2682 3126 ecce
2730 3071 2876 3125 enim
2939 3084 3150 3135 semen,
3194 3069 3277 3124 vel
3342 3068 3528 3137 potius

1924 3180 2124 3234 corpus
2157 3163 2274 3232 ejus
2308 3172 2606 3219 scortator.
2632 3162 2689 3216 Si
2722 3175 2852 3215 vero
2889 3162 3053 3216 etiam
3109 3171 3350 3223 sextam,
3383 3160 3530 3214 scire

1851 3272 1894 3330 α
1929 3259 2112 3323 debes,
2145 3257 2288 3327 quod
2315 3258 2358 3311 si
2391 3272 2514 3311 cum
2569 3269 2726 3312 serva
2758 3254 2882 3325 quis
2938 3269 3053 3309 rem
3106 3253 3380 3319 habuerit,
3409 3268 3529 3308 ser-

1930 3365 2056 3405 vum
2119 3349 2224 3405 erit
2249 3349 2300 3404 id
2330 3357 2476 3419 quod
2525 3363 2589 3404 ex
2643 3363 2706 3402 ca
2764 3357 3040 3404 nascetur.
3064 3346 3346 3414 Quomodo
3399 3362 3532 3417 ergo

1933 3459 2038 3498 non
2108 3444 2161 3498 in
2214 3444 2455 3513 seipsum
2511 3449 2725 3512 peccat,
2756 3440 2848 3509 qui
2915 3453 3133 3494 servum
3172 3439 3367 3508 satagit
3396 3455 3529 3509 pro-

1929 3536 2164 3592 creare?
2211 3535 2268 3590 Si
2312 3545 2368 3590 et
2416 3534 2733 3604 septimam,
2771 3533 2893 3588 vide
2917 3534 3059 3602 quod
3088 3532 3257 3586 etiam
3297 3531 3347 3583 id
3386 3532 3530 3598 quiod

1929 3643 1995 3683 ex
2049 3627 2142 3683 tali
2201 3625 2489 3697 complexu
2552 3626 2818 3690 nascitur,
2881 3623 3214 3680 contumelia
3271 3621 3531 3688 adicitur,

1929 3719 2127 3790 quippe
2154 3718 2298 3788 quod
2332 3717 2558 3772 nathum
2616 3730 2681 3771 ac
2737 3716 2983 3785 spurium
3017 3723 3261 3778 vocetur,
3288 3723 3341 3768 et
3371 3713 3531 3782 igno-

1929 3811 2095 3866 minia
2129 3811 2330 3880 ubique
2367 3808 2614 3863 locorum
2649 3817 2873 3862 notetur
2909 3825 2923 3863 :
2962 3816 3016 3861 et
3047 3807 3164 3862 sive
3209 3807 3261 3860 in
3294 3822 3532 3860 senacuo

1927 3906 2036 3959 lum
2063 3904 2176 3958 sive
2205 3903 2258 3957 in
2280 3903 2546 3972 judicium
2594 3901 2959 3972 ingrediatur,
2991 3901 3116 3956 inde
3148 3903 3476 3955 exturbatur
3514 3919 3527 3956 :

1926 4011 2036 4068 quo
2070 3997 2188 4066 ipso
2240 3997 2405 4050 etiam
2465 3995 2680 4066 genitor
2725 3995 2844 4066 ejus
2905 3994 3087 4066 probri
3120 4003 3173 4048 et
3220 3995 3534 4062 ignominia:

1930 4089 2204 4159 particeps
2231 4089 2318 4142 iit:
2350 4087 2759 4142 Monumentum
2795 4087 2940 4140 enim
3013 4102 3126 4141 sua:
3185 4086 3426 4140 libidinis
3468 4102 3534 4141 ac

1930 4176 2169 4232 lascivia:
2210 4185 2331 4248 post
2387 4191 2448 4232 se
2501 4177 2747 4246 reliquit.
2788 4175 2845 4231 Si
2875 4192 3004 4231 vero
3059 4177 3227 4230 etiam
3279 4188 3531 4232 octavam

1929 4268 2203 4339 (requiris
2238 4270 2829 4339 interpretationem),
2889 4270 3268 4324 examinemus
3320 4279 3372 4324 ct
3431 4271 3535 4325 hoc

1928 4363 2071 4434 quod
2108 4365 2321 4418 dicetur
2357 4384 2368 4418 ε
2401 4366 2536 4432 Quia
2567 4366 2658 4434 qui
2689 4365 3018 4430 fornicatur,
3053 4379 3219 4418 unum
3267 4365 3530 4434 quiddam

1930 4470 2052 4508 cum
2088 4469 2148 4509 ea
2181 4454 2406 4520 lit,cum
2450 4471 2558 4524 qua
2614 4471 2674 4511 se
2735 4458 3081 4519 couuniscct,
3112 4458 3254 4524 quod
3316 4459 3532 4527 propria

1933 4561 2027 4600 sua
2063 4549 2307 4601 membra
2340 4547 2506 4602 faciat
2553 4550 2720 4604 scorti
2761 4549 3007 4604 membra
3043 4567 3056 4603 :
3092 4551 3142 4604 in
3176 4551 3532 4618 semetipsum

229 4639 410 4706 γάμου
445 4637 718 4698 συνιόντες
745 4635 803 4687 ἓν
832 4635 993 4705 σῶμα
1019 4636 1258 4702 γίνονται
1319 4635 1364 4706 (ι
1405 4637 1661 4690 Ἔσονται
1688 4639 1818 4709 γὰρ,

1935 4656 2121 4693 revera
2179 4650 2388 4709 peccat.
2422 4639 2558 4694 Nam
2626 4643 2775 4698 caede
2825 4646 3043 4713 quidem
3103 4646 3344 4700 noonnlli
3396 4645 3534 4708 bene

231 4730 416 4796 φησιν,
439 4731 488 4780 οἰ
506 4728 596 4780 δύο
613 4731 691 4792 εἰς
715 4729 894 4798 σάρκα
921 4731 1063 4791 μίανο
1083 4750 1099 4779 t
1135 4728 1214 4780 διὸ
1233 4729 1326 4781 καὶ
1357 4731 1388 4799 ἡ
1408 4729 1543 4800 γυνὴ
1564 4730 1659 4782 τοῦ
1688 4731 1818 4783 ἰδίου

231 4821 483 4890 σώματος
508 4820 608 4872 οὐκ
649 4821 972 4885 ἐξουσιάζει,
1011 4821 1126 4872 ἀλλ’
1161 4822 1187 4872 ὁ
1233 4820 1371 4890 ἀνήρ
1402 4837 1414 4850 ⁸
1468 4821 1576 4873 οὐδ’
1621 4823 1648 4874 ὁ
1681 4823 1820 4894 ἀνὴρ

227 4911 323 4965 τοῦ
359 4910 488 4964 ἰδίου
521 4911 772 4980 σώματος
802 4912 1129 4978 ἐξουσιάζει,
1160 4914 1274 4966 ἀλλ’
1308 4917 1338 4984 ἡ
1373 4916 1559 4986 γυνή)ο
1595 4917 1822 4979 εἰκότως

230 5008 259 5057 ὁ
288 5003 566 5074 πορνεύων
615 5003 713 5070 μὲν
758 5006 918 5075 ἀνὴρ,
955 5007 1032 5068 εἰς
1068 5006 1167 5076 τὴν
1213 5007 1492 5076 γαμετὴν,
1542 5008 1821 5060 τουτέστιν

232 5099 311 5160 εἰς
350 5095 409 5148 τὸ
444 5095 571 5148 ίδιον
622 5096 781 5165 σῶμα
842 5097 954 5162 (50)
1017 5099 1320 5168 ἁμαρτάνει
1350 5117 1361 5128 ·
1397 5100 1428 5168 ή
1459 5098 1515 5150 δὲ
1559 5115 1819 5168 πορνευο-

247 5189 408 5260 μένη,
460 5190 538 5250 εἰς
568 5188 627 5240 τὸ
659 5188 789 5242 ίδιον
819 5190 998 5259 σῶμα,
1029 5191 1304 5253 τουτέστι,
1336 5191 1425 5244 τὸν
1457 5192 1646 5264 ἄνδρα,
1680 5193 1839 5262 σῶμα

1933 4733 2012 4785 usi
2057 4741 2213 4796 sunt,
2263 4743 2318 4786 ut
2379 4732 2556 4789 Moses
2605 4745 2659 4789 et
2695 4734 3050 4804 Phinees;et
3100 4738 3202 4804 ira,
3240 4737 3434 4791 Petrus
3478 4747 3534 4792 et

1934 4825 2170 4889 Paulus;
2208 4826 2571 4881 fornicatione
2621 4837 2801 4884 autem
2869 4844 3030 4884 nemo
3087 4845 3325 4899 unquam
3389 4831 3526 4886 liene

1935 4933 2063 4971 usus
2086 4926 2188 4972 est.
2226 4915 2340 4984 Qua
2378 4919 2444 4971 de
2494 4935 2661 4974 causa
2715 4921 2880 4975 etiam
2929 4921 3106 4989 ipsum
3143 4923 3232 4991 qui
3272 4931 3529 4990 stuprum

1929 5019 2126 5079 patrat,
2159 5011 2371 5079 polluit.
2595 5013 2770 5069 Taceo
2826 5016 2993 5076 enim,
3031 5017 3174 5084 quod
3205 5031 3322 5079 eos,
3347 5016 3438 5084 qui
3479 5017 3531 5071 in

1933 5101 2072 5157 bello
2102 5105 2281 5157 credes
2307 5107 2679 5172 committunt,
2711 5108 2877 5162 etiam
2907 5109 3175 5164 columnis
3220 5121 3275 5164 et
3324 5125 3532 5178 praeco-

1951 5194 2056 5249 niis
2093 5195 2284 5265 dignos
2332 5206 2388 5251 et
2445 5196 2795 5255 honorandos
2823 5212 3071 5256 censent.
3097 5201 3251 5268 Quod
3287 5203 3332 5258 si
3364 5203 3534 5257 etiam

1354 5349 1592 5403 VARIAS
1632 5348 2020 5405 LEC'I'IUNES
2055 5343 2151 5405 ἘΤ
2186 5349 2417 5406 NOTAE.

306 5485 416 5554 (27)
451 5485 595 5550 "me,
622 5483 682 5536 ού
726 5487 952 5554 μόνον..;
1002 5483 1319 5554 κωλυούσης
1353 5502 1462 5542 om.
1499 5487 1583 5542 ed.
1630 5487 1802 5544 Paris.

236 5557 567 5625 Sllppiuttlttr
596 5571 661 5625 ex,
691 5558 875 5625 codice
904 5555 1075 5609 Valic.
1116 5557 1220 5608 650
1245 5558 1404 5611 Eutr.

306 5623 418 5696 (28)
463 5628 597 5680 Καθ’
639 5624 668 5676 ὃ
703 5623 832 5691 δρᾷ,
863 5625 958 5678 καὶ
1004 5625 1248 5694 πάσχει.
1289 5628 1384 5681 .‘vls.
1425 5628 1546 5680 καθ’
1575 5629 1673 5696 ὃν,Δ
1709 5643 1812 5681 non

236 5692 623 5767 ιὐιλιρζΝι-ιιιιιιι
659 5707 740 5748 est
774 5698 901 5747 illud
950 5692 1230 5755 vetus.in
1250 5698 1464 5767 δρῶντα
1497 5699 1575 5750 δεῖ
1613 5692 1678 5748 τι“
1720 5699 1814 5750 καὶ

234 5769 449 5821 παθεῖν.
483 5765 675 5838 Nolunt
722 5776 774 5818 et
806 5767 1149 5838 physicorum
1203 5765 1549 5821 consentiens
1591 5769 1809 5838 dogma.

234 5842 310 5894 Eo
336 5850 384 5889 et
421 5839 507 5890 hic.
540 5836 805 5901 respicere
843 5837 1052 5888 \'ltiCll|l‘
1087 5837 1339 5890 isidorus.
1380 5841 1541 5894 Ιιιτι.

305 5910 416 5981 (‘11))
459 5907 560 5961 Klti
622 5907 1143 5974 J'it‘ﬁniat-It)?IU‘."(:t,
1190 5909 1282 5963 βίη)
1326 5911 1391 5962 ἐφ’
1427 5912 1804 5978 δ”κλίίνιντηρίινίῃ

1916 5485 2022 5558 Ρη)
2075 5488 2132 5539 ἐν
2197 5498 2429 5558 utroque
2489 5489 2608 5542 loco
2650 5489 2737 5542 hic
2783 5491 3156 5558 reponendum
3205 5499 3406 5546 censeo
3456 5494 3528 5548 εί.

1923 5556 2107 5633 Possis
2159 5556 2590 5633 etiam—retento
2661 5562 2718 5612 ἐν
2785 5556 2913 5614 ante
2967 5560 3190 5633 εἰσέλθῃ
3267 5578 3533 5632 reponere

1922 5630 2183 5682 omissum
2224 5631 2308 5682 ἄν.
2355 5630 2427 5684 In.

1995 5699 2269 5772 (30))Qua:
2321 5711 2624 5772 sequuntur
2669 5711 2786 5772 post
2826 5701 2958 5755 ἴδιον
3007 5703 3192 5763 σῶμα,
3247 5704 3529 5771 nimirum,

1923 5771 2265 5844 άμαρτᾶ-ιει·
2303 5771 2420 5842 ἡδὲ
2471 5774 2875 5844 πορνευομένη,
2917 5775 2996 5837 εἰς
3041 5776 3100 5825 τὸ
3157 5775 3288 5827 ἴδιον
3345 5775 3527 5841 σῶμα,

1832 5887 1847 5902 ,,
1925 5841 2059 5914 ham,
2092 5841 2334 5909 inquam,
2364 5841 2555 5898 omnia
2574 5854 2627 5897 ιιι
2657 5841 2931 5914 superﬂua
2960 5843 3529 5902 ι·οι.1.ὶ’;ιι.(ίῗυυιιιίι-

1925 5913 2005 5965 tit.
2051 5912 2255 5966 l'okstx.
