4150 6470
247 421 388 488 1213

1106 425 1642 484 El’lSTtiLkH-U)!
1690 425 1834 483 LIB.
1878 425 1976 482 Π.
2022 449 2086 458 --
2122 423 2358 482 El’lST.
2399 419 2692 480 CXXXII.

3408 398 3540 470 1214

247 540 360 592 τῶν
384 536 641 592 ἐναντίων
665 537 884 610 ἔχθραν,
905 537 971 591 δι’
994 539 1058 608 ἣν
1080 536 1479 606 ὲκροτήθησαν,
1509 536 1838 598 ἐννοοῦντες,

1949 535 2183 588 ditorum
2225 529 2680 591 benevolentiam,
2708 541 2813 580 non
2843 523 3140 579 amicitiam
3177 535 3300 591 erga
3328 534 3408 585 sc,
3434 534 3540 572 non

247 632 314 685 οὐ
367 632 528 702 μόνον
561 631 668 683 ὑπὸ
701 632 811 683 τῶν
861 630 1072 701 κρότων
1119 628 1530 699 πτερωθέντες,
1579 629 1715 682 ἀλλά
1745 630 1842 682 καὶ

247 721 362 777 ὑπὸ
391 723 677 791 φιλαυτίας
709 721 1022 793 μεθύοντες,
1051 723 1110 774 ού
1144 723 1250 792 μὴν
1277 721 1412 774 ἀλλὰ
1442 723 1533 774 καὶ
1567 721 1674 772 ὑπὸ
1710 738 1842 792 προ-

243 815 465 886 λήψεως
503 815 920 888 κεχειρωμένοι,
955 813 1344 883 δογματίζουσι
1377 813 1644 876 πολλάκις
1677 812 1842 877 ἀδοξά

243 923 368 958 τινα
415 904 510 958 κοιλ⁵
543 904 929 971 καταγέλαστα
960 904 1214 974 δόγματα
1233 920 1246 932 ·
1293 904 1488 957 ἔπειτα
1512 945 1525 968 ,
1555 903 1674 956 δέον
1704 904 1842 974 μηδὲ

244 996 335 1048 διὰ
396 995 643 1065 γλώττης
697 993 1114 1067 προφέρεσθαι,
1161 997 1455 1064 κρατύνειν
1513 996 1837 1066 πειρῶνται.

247 1088 370 1158 Χρὴ
401 1085 692 1157 τοιγαροῦν
717 1089 845 1149 τοὺς
875 1087 934 1138 ἐν
968 1089 1079 1150 τοῖς
1119 1087 1348 1140 τοιοῖσδε
1395 1087 1583 1155 λόγοις
1610 1087 1841 1155 φοιτῶν-

246 1193 368 1241 τας,
406 1175 774 1244 γινώσκοντας
795 1217 809 1236 ,
838 1177 920 1230 ὅτι
951 1177 1080 1247 περὶ
1111 1167 1292 1247 ψυχῆς
1321 1178 1469 1231 ἐστιν
1503 1179 1531 1229 ό
1561 1176 1837 1242 κίνδυνος,

245 1269 344 1320 καὶ
374 1269 455 1321 ὅτι
488 1269 586 1339 τῆς
624 1267 885 1338 ἀληθείας
914 1268 1069 1322 οὐδὲν
1097 1269 1556 1341 προύργιαίτερον
1577 1286 1590 1297 ο
1636 1269 1697 1322 οὑ
1734 1269 1840 1340 μὴν

243 1358 304 1412 δέ
330 1357 580 1413 ἀλλὰκαὶ
616 1358 938 1422 ἐννοοῦντας
977 1359 1046 1413 τὰ
1083 1360 1262 1425 κακὰ,
1294 1361 1364 1414 τὰ
1393 1361 1459 1415 ἐκ
1506 1363 1606 1432 τῆς
1637 1359 1840 1432 ἔχθρας

246 1451 344 1502 καὶ
372 1452 467 1515 τῆς
504 1449 831 1520 προλήψεως
858 1451 1186 1522 τικτόμενα,
1217 1453 1435 1516 κοινοὺς
1476 1452 1574 1524 μέν
1611 1453 1840 1516 ἑαυτοὺς

249 1541 522 1614 παρέχειν
569 1544 684 1595 τοῖν
735 1543 1006 1612 λεγόντοιν
1057 1545 1370 1616 ἀκροατὰς,
1401 1545 1464 1599 οὐ
1511 1545 1615 1616 μὴν
1652 1545 1835 1608 τσους’

243 1632 364 1684 ἔστι
392 1631 438 1684 δ’
480 1634 541 1684 οῦ
583 1633 810 1695 ταυτὸν,
850 1634 927 1696 ὼς
954 1633 1157 1685 οἴονταί
1194 1650 1362 1706 τινες.
1389 1634 1558 1704 Κοινῇ
1595 1632 1695 1702 μὲν
1727 1631 1838 1703 γὰρ

244 1723 353 1793 χρὴ
381 1722 687 1792 ἀκροᾶσθαι
720 1723 1049 1794 ἀμφοτέρων
1071 1740 1084 1752 ·
1115 1725 1180 1777 ού
1213 1723 1321 1794 μὴν
1360 1724 1610 1795 ἑκατέρῳ
1647 1723 1838 1791 νέμειν

245 1813 310 1866 τὸ
354 1817 502 1869 [σονο
544 1814 682 1866 ἀλλά
724 1814 803 1884 τῷ
853 1815 953 1886 μὲν
988 1816 1345 1887 συνετωτέρῳ
1397 1816 1620 1888 μᾶλλον,
1670 1814 1749 1886 τῷ
1779 1815 1836 1869 δὲ

1945 623 2382 677 adversariorum
2416 619 2626 680 odium,
2665 624 2800 684 quas
2833 613 2901 666 ob
2951 627 3038 666 res
3095 609 3316 680 plausus
3360 615 3415 659 et
3453 613 3540 658 tn-

1946 715 2146 768 multus
2181 711 2399 766 excitati
2436 719 2584 769 sunt,
2620 706 2947 777 cogitantes,
2969 717 3074 756 non
3113 701 3288 754 solum
3316 697 3544 766 applau-

1943 807 2096 860 sibus
2122 801 2431 859 istiusmodi
2464 799 2618 864 elati,
2652 797 2752 852 sed
2780 798 2947 852 etiam
2980 807 3167 846 amore
3191 789 3272 845 sui
3304 787 3544 841 inebria-

1945 898 2008 962 ti,
2041 897 2170 966 quin
2205 904 2259 950 et
2319 893 2389 947 ab
2434 891 2731 959 anticipata
2774 888 2953 957 aliqua
3011 883 3272 953 opinione
3317 878 3541 961 devicti,

1944 1003 2087 1057 smpc
2108 985 2343 1040 absurda
2375 992 2537 1052 atque
2575 979 2805 1036 ridicula
2865 978 3109 1046 quaedam
3163 972 3416 1040 dogmata
3449 983 3545 1021 ex-

1943 1081 2185 1152 cositant
2224 1091 2279 1134 et
2314 1078 2571 1142 tradunt;
2606 1074 2802 1130 deinde
2847 1087 2970 1126 cum
2999 1083 3078 1122 ne
3108 1067 3325 1136 quidem
3354 1065 3536 1132 lingua

1943 1173 2176 1244 proferri
2207 1185 2268 1225 ea
2301 1168 2630 1239 oportuerit,
2651 1165 2901 1222 obtinere
2936 1160 3103 1216 etiam
3164 1159 3252 1213 illa
3310 1165 3543 1211 conten-

1943 1268 2100 1321 dunt.
2139 1263 2268 1332 Quae
2300 1277 2423 1324 cum
2453 1262 2524 1315 ita
2581 1261 2710 1315 sint.
2744 1267 2964 1327 oportet
3015 1251 3282 1323 ejusmodi
3343 1247 3546 1302 doctri-

1943 1370 2137 1411 narum
2163 1353 2462 1416 studiosos,
2482 1365 2607 1406 cum
2637 1347 2842 1414 sciant,
2870 1347 3110 1403 animam
3135 1342 3227 1396 hic
3252 1342 3304 1394 in
3345 1339 3544 1414 discri-

1943 1449 2090 1505 mine
2149 1444 2382 1508 versari,
2438 1451 2495 1498 et
2551 1441 2787 1496 veritate
2849 1437 2986 1492 nihil
3037 1431 3402 1516 praestabilius
3450 1437 3546 1482 aut

1943 1539 2226 1610 antiquius
2251 1551 2397 1600 esse,
2435 1540 2708 1605 praeterea
2734 1531 2898 1586 etiam
2950 1528 3256 1597 cogitantes
3281 1538 3342 1577 ea
3379 1521 3542 1581 mala,

1942 1648 2063 1703 quae
2089 1639 2153 1688 ex
2173 1630 2299 1688 odio
2351 1639 2407 1684 et
2446 1627 2747 1696 anticipata
2782 1624 3044 1693 opinione
3071 1619 3356 1680 oriuntur,
3387 1629 3542 1669 com-

1944 1736 2134 1776 munes
2182 1719 2402 1788 quidem
2454 1731 2514 1773 se
2577 1717 2821 1784 prtebere
2888 1710 3186 1766 dicentium
3234 1705 3543 1765 auditores;

1946 1829 2050 1868 non
2079 1821 2260 1867 tamen
2293 1809 2554 1878 aequales.
2601 1806 2718 1860 Non
2753 1814 2836 1860 est
2869 1808 3050 1858 autem
3080 1815 3248 1855 unum
3288 1809 3343 1853 et
3375 1797 3543 1860 idem,

244 1905 617 1976 ἀμαθεστέρῳ
648 1900 822 1977 ,ἦττον
845 1923 858 1937 ·
895 1907 991 1960 καὶ
1019 1906 1099 1975 τῷ
1130 1907 1230 1976 μὲν
1269 1908 1420 1978 σοφῷ
1446 1908 1726 1972 ἐπαίνους,
1756 1906 1836 1976 τῷ

1943 1916 2000 1960 ιιι
2031 1904 2252 1974 quidam
2292 1901 2652 1956 arbitrantur.
2679 1897 2819 1951 Nam
2850 1904 3067 1964 oportet
3089 1893 3309 1962 quidem
3336 1898 3546 1942 ntrum-
3599 1911 3604 1914 -

242 1997 302 2049 δὲ
333 1998 652 2067 ἀπαιδεύτῳ
679 2039 693 2062 ,
720 2001 768 2052 εί
800 2000 894 2068 μὲν
927 1999 1031 2052 ύπδ
1052 2000 1237 2069 ψόγων
1269 1996 1384 2057 οἶός
1415 2018 1474 2053 τε
1504 2001 1589 2072 εἴη
1620 2017 1832 2070 σωψρο-

245 2089 501 2159 νισθῆναι
525 2128 539 2153 ,
566 2091 805 2159 ψόγουςο
839 2092 889 2144 εί
924 2091 982 2146 δὲ
1023 2092 1123 2163 μὴ.
1159 2093 1342 2163 σιγήν.
1387 2091 1579 2145 Ταῦτα
1610 2092 1710 2162 μὲν
1742 2086 1838 2144 οῦν

243 2183 375 2252 περὶ
411 2181 521 2234 τῶν
551 2183 921 2252 ἀκροωμένων
967 2183 1231 2254 εἰρήσθω.
1262 2184 1403 2248 Τοὺς
1442 2183 1500 2238 δὲ
1535 2184 1794 2248 λέγοντας
1821 2225 1836 2248 ,

245 2273 703 2343 πρεπωδέστερον
724 2270 865 2326 εἶναί
883 2290 1047 2344 φημι,
1074 2273 1447 2345 ἀμφισϐητεῖν
1469 2274 1589 2344 μὲν,
1616 2273 1692 2345 μὴ
1712 2274 1838 2342 ἐρε-

245 2361 418 2428 θίζειν
441 2363 554 2434 (36)
583 2363 658 2417 δέ.
700 2363 1138 2437 Ἀμφισὸητοῦσι
1161 2364 1386 2436 μὲνγὰρ
1414 2364 1676 2429 πολλάκις
1705 2366 1841 2439 πρὸς

245 2455 466 2524 isnon;-
502 2459 868 2527 φιλονεικοῦσι
901 2459 957 2513 δέ
978 2463 1026 2513 oi
1055 2460 1363 2530 δυσμενεῖς.
1397 2458 1555 2513 Οὕτω
1573 2459 1682 2528 γὰρ
1707 2459 1839 2513 καλ-

244 2549 403 2618 λίστη
428 2550 519 2602 καὶ
535 2549 936 2620 ὠῳελιμωτάτη
958 2552 990 2620 ἡ
1020 2549 1279 2604 συνουσία
1307 2551 1420 2611 τοῖς
1440 2565 1500 2601 τε
1534 2549 1835 2619 φράζουσι,

241 2645 360 2707 τοῖς
396 2643 444 2694 τ’
490 2642 750 2696 ἀκούουσι
799 2645 1115 2712 γενήσεται.
1169 2642 1237 2695 Οί
1278 2659 1338 2694 τε
1379 2641 1487 2711 γάρ
1539 2639 1834 2707 λέγοντες,

248 2732 489 2800 μάλιστα
530 2732 596 2786 ἂν
651 2735 708 2785 ἐν
745 2735 860 2794 τοῖς
907 2732 1284 2803 ἀκροωμένοις
1335 2731 1509 2797 οὕτως
1557 2731 1838 2802 εὐδόκιμοι

241 2819 388 2894 ἦσαν
432 2824 555 2894 μὲν,
597 2824 699 2878 οὐκ
747 2825 1058 2879 ἐπαινοῖντο
1107 2825 1186 2880 δέ.
1233 2825 1526 2895 Εύδόκιμοι
1584 2825 1682 2895 μὲν
1729 2825 1840 2896 γάρ

242 2917 362 2968 ἐστι
404 2916 610 2987 κυρίως
644 2916 704 2969 τὸ
747 2916 1018 2986 ἀποδοχῆς
1062 2915 1348 2982 ἀξιοῦσθαι
1391 2917 1447 2968 ἐν
1473 2917 1597 2979 ταῖς
1639 2915 1840 2986 ψυχαῖς

242 3008 353 3060 τῶν
387 3009 717 3072 ἀκουόντων,
753 3012 876 3064 ταῖς
922 3009 1052 3062 ἄνευ
1103 3008 1323 3076 ἀπάτης
1369 3008 1688 3071 ἀδεκάστως
1732 3008 1836 3070 τὰς

241 3100 460 3166 ψήφους
493 3099 808 3169 φερούσαιςο
832 3097 1282 3169 ἐγκωμιάζεσθαι
1307 3100 1365 3149 ἐν
1405 3096 1550 3166 λόγῳ
1578 3096 1841 3159 πολλάκις

243 3190 540 3243 κολακείαν
586 3191 842 3252 πνέοντι,
887 3192 981 3242 καὶ
1029 3189 1197 3259 μηδὲν
1251 3187 1595 3257 ἀληθεύοντι.
1659 3188 1726 3240 Οῖ
1779 3204 1838 3240 τε

242 3281 538 3344 ἀκούοντες
565 3283 801 3353 μάλιστα
823 3277 1202 3352 εὐφραίνοιντο
1230 3282 1352 3353 μὲν,
1381 3283 1478 3350 οὺχ
1507 3275 1727 3350 ἥδοιντο
1755 3279 1836 3333 δέ.
1868 3253 1914 3313 c

242 3375 652 3446 Εὖφραίνεσθαι
695 3375 796 3444 μὲν
834 3375 946 3444 γάρ
986 3375 1126 3439 ἐστι,
1156 3375 1215 3428 τὸ
1245 3374 1438 3445 μαθεῖν
1467 3392 1517 3426 τι
1563 3375 1672 3428 τῶν
1706 3374 1840 3427 καλ·

242 3469 469 3533 λεστων,
507 3469 597 3520 καὶ
625 3469 726 3537 τὴν
761 3469 1026 3536 φρόνησιν
1048 3467 1141 3519 ἐπὶ
1165 3469 1226 3520 τὸ
1264 3466 1488 3536 ἄμεινον
1527 3467 1798 3538 ἀκονῆσαι
1821 3482 1834 3497 °

244 3561 474 3631 ἣδεσθαι
510 3561 595 3625 δὲ,
629 3560 884 3614 ἐσθίοντα
923 3562 957 3631 ἡ
990 3578 1044 3613 τι
1083 3559 1325 3614 τοιοῦτον
1367 3561 1838 3631 διαπραττόμενον

239 3654 334 3709 διὰ
366 3652 461 3706 τοῦ
499 3652 772 3724 σώματος.
803 3651 994 3706 Ταῦτα
1027 3652 1308 3724 κεκρίσθω
1330 3667 1342 3680 ·
1380 3652 1554 3706 ταῦτα
1581 3652 1832 3724 ὡρίσθω·

235 3745 416 3800 ταῦτα
442 3745 775 3816 πεφυλάχθω
795 3761 810 3775 ⁸
849 3745 942 3799 καὶ
979 3743 1150 3816 πολλὴ
1190 3745 1429 3809 ἐπίδοσις
1469 3745 1623 3798 ἔσται
1652 3746 1713 3800 οὐ
1739 3746 1837 3816 μό-

239 3855 335 3892 νον
370 3841 428 3892 ἐν
471 3842 584 3902 τοῖς
621 3837 1001 3909 ἀκροωμένοις
1035 3838 1116 3902 είς
1148 3838 1373 3909 ἀρετὴν,
1409 3837 1548 3892 ἀλλά
1599 3839 1693 3892 καὶ
1723 3841 1837 3902 τοῖς

237 3930 424 3999 λέγειν
458 3933 823 4002 πειρωμένοις
849 3934 930 3994 είς
957 3930 1298 4001 φιλοσοφίαν.

1943 2013 2048 2066 que
2071 1997 2442 2052 communiter
2472 1993 2704 2059 audire;
2739 2006 2845 2045 non
2885 1999 3066 2042 tamen
3124 1985 3340 2055 utrique
3362 1998 3547 2051 atqua-

1943 2091 2154 2145 litatem
2199 2089 2463 2151 tribuere,
2497 2086 2592 2140 sed
2616 2080 2963 2152 prsidentiori
3018 2077 3215 2148 magis,
3253 2071 3545 2128 iudoctiori

1939 2197 2072 2237 vero
2096 2182 2320 2245 minus;
2365 2189 2421 2235 et
2464 2176 2712 2247 sapienti
2764 2175 2988 2244 quidem
3038 2162 3250 2230 laudes,
3278 2167 3396 2222 rudi
3419 2179 3548 2220 vero

1944 2286 2112 2342 atque
2144 2271 2424 2339 imperito,
2451 2271 2498 2325 si
2534 2270 2753 2338 quidem
2787 2266 3311 2340 reprehensionibus
3343 2262 3545 2332 corrigi

1941 2364 2334 2434 emendariqne
2389 2362 2587 2434 possit,
2654 2361 3115 2432 reprehensiones
3151 2378 3165 2414 :
3198 2359 3283 2413 sin
3343 2359 3546 2448 minus,

1943 2457 2218 2512 silentium
2250 2455 2534 2512 adbibere.
2571 2455 2696 2510 Haec
2724 2456 2889 2526 igitur
2922 2455 2991 2510 de
3016 2453 3362 2508 auditoribus
3391 2450 3532 2506 dicta

1941 2559 2126 2607 sunto.
2165 2549 2340 2605 Porro
2396 2549 2542 2620 quod
2596 2552 2662 2604 ad
2720 2563 2816 2602 eos
2847 2548 2940 2618 qui
2979 2548 3173 2602 dicunt
3207 2546 3426 2610 attinet,
3458 2544 3546 2598 aio

1944 2644 2090 2713 ipsos
2123 2644 2364 2698 maxime
2393 2643 2591 2698 decere
2641 2644 2944 2697 modestam
2995 2639 3545 2698 dubitationem,non

1942 2742 2124 2788 autem
2159 2733 2400 2788 rixosam
2432 2733 2869 2786 contentionem.
2910 2732 3067 2800 Step6
3116 2731 3262 2785 enim
3294 2728 3362 2784 ad
3395 2728 3537 2784 auti-

1945 2841 2039 2881 cos
2068 2827 2348 2897 ambigere
2378 2827 2558 2880 solent
2609 2827 2860 2881 homines
2887 2843 2900 2881 :
2937 2823 3389 2882 contentionibus
3418 2836 3547 2875 vero

1943 2920 2075 2973 dant
2105 2933 2327 2988 operam
2359 2919 2588 2974 inimici.
2613 2919 2740 2974 Haec
2767 2919 2932 2990 igitur
2984 2917 3354 2988 pulcherrima
3380 2925 3547 2983 atque

1943 3011 2236 3066 utilissima
2266 3011 2371 3066 erit
2409 3014 2778 3077 conversatio,
2818 3022 2869 3064 et
2894 3011 2963 3065 iis
2996 3011 3086 3079 qui
3145 3009 3356 3072 dicunt,
3388 3017 3442 3061 ct
3482 3007 3550 3062 iis

1943 3103 2036 3172 qui
2069 3104 2317 3156 audiunt.
2354 3102 2487 3156 Nam
2521 3113 2573 3156 et
2613 3106 2705 3174 qui
2751 3105 2960 3166 dicunt,
3000 3115 3071 3156 ita
3128 3103 3365 3156 niaxime
3404 3101 3548 3170 apud

1946 3210 2042 3248 eos
2073 3193 2166 3263 qui
2197 3194 2428 3248 audiunt
2458 3195 2772 3264 probabiles
2808 3206 2861 3251 et
2895 3196 3034 3266 grati
3079 3204 3260 3257 erunt,
3298 3208 3409 3247 nun
3445 3208 3547 3245 au-

1947 3294 2054 3338 tem
2087 3283 2836 3340 laudabuntur.Probabilem
2870 3287 3015 3338 enim
3047 3299 3167 3339 esse
3192 3285 3296 3337 hoc
3325 3283 3546 3353 proprie

1947 3377 2110 3442 est,si
2147 3377 2268 3447 quis
2294 3379 2346 3430 in
2410 3379 2606 3433 animis
2653 3379 2990 3432 audientium
3041 3378 3437 3446 approbatione
3465 3377 3549 3430 di-

1947 3483 2088 3536 gnus
2148 3480 2461 3533 censeatur,
2523 3471 2618 3540 qui
2684 3471 2805 3527 sine
2866 3470 3060 3525 fraude
3107 3486 3171 3526 ac
3228 3470 3552 3538 deceptione

1947 3561 2266 3633 incorrupte
2294 3562 2532 3618 calculos
2596 3562 3056 3618 fernnt.Landari
3111 3579 3239 3619 vero
3293 3563 3548 3620 consistit

1947 3652 2002 3708 in
2033 3654 2304 3717 oratiOne,
2345 3668 2465 3724 qua:
2491 3668 2870 3724 s:epenumero
2897 3655 3325 3710 assentationem
3353 3654 3547 3722 spirat,

1946 3745 2193 3818 nihilque
2253 3747 2370 3802 veri
2426 3747 2478 3800 in
2530 3761 2589 3802 se
2638 3748 2908 3802 continet.
2966 3745 3033 3802 Et
3082 3762 3214 3802 vero
3271 3747 3551 3803 auditores

1947 3840 2186 3895 maxime
2218 3839 2436 3910 quidem
2470 3839 2820 3905 laetabuntur,
2841 3854 2948 3894 non
2986 3850 3165 3894 autem
3193 3838 3547 3894 delectabun-

1947 3939 2055 3986 tur.
2107 3931 2203 3987 Est
2260 3932 2402 3986 enim
2445 3931 2645 3998 laetari,
2676 3933 2892 3989 discere
2937 3933 3142 4003 aliquid
3206 3948 3389 3988 rerum
3429 3930 3549 4000 pul-

235 4026 640 4081 cherrimarum
689 4035 744 4081 et
799 4027 1308 4082 honestissimarum
1348 4043 1363 4080 :
1395 4025 1674 4083 [delectari
1704 4040 1834 4082 vero
1871 4025 2226 4096 suaviterque
2289 4026 2430 4082 allici
2467 4035 2570 4093 est,
2606 4027 2734 4082 dum
2785 4028 2908 4098 quis
2978 4027 3238 4092 comedit,
3275 4036 3369 4081 aut
3398 4026 3556 4095 quid-

237 4120 386 4188 piam
417 4118 595 4173 simile
620 4133 718 4187 per
754 4134 950 4190 corpus
981 4121 1111 4190 agit.
1147 4117 1272 4173 Haec
1317 4121 1392 4172 ita
1427 4117 1664 4187 iudicata
1694 4119 1830 4185 sint,
1871 4117 1987 4173 hzcc
2023 4119 2271 4182 deﬁnita,
2304 4119 2421 4175 haec
2489 4119 2890 4176 observentur:
2951 4120 3034 4176 sic
3073 4119 3316 4174 futurum
3349 4129 3454 4182 est,
3493 4130 3552 4172 ut

239 4224 438 4278 magna
469 4225 572 4265 non
629 4211 805 4264 solum
846 4213 897 4266 in
946 4214 1290 4268 auditoribus
1331 4214 1399 4268 ad
1432 4214 1709 4280 virtutem,
1735 4214 1831 4269 sed
1869 4213 2038 4270 etiam
2071 4215 2125 4268 in
2188 4213 2256 4270 iis
2285 4215 2378 4285 qui
2407 4214 2623 4269 dicendi
2693 4215 2878 4271 studio
2923 4223 3199 4281 tenentur,
3231 4214 3298 4270 ad
3321 4215 3546 4284 sapien-

239 4305 399 4366 tiam,
432 4306 523 4360 fiat
553 4309 820 4362 accessio.

744 4426 912 4480 PAB’.
955 4457 1024 4466 -
1064 4428 1321 4500 nano.

239 4518 375 4571 ὀτι
409 4520 520 4572 οὐκ
545 4514 625 4588 ἦν
651 4519 971 4593 συμφέρον,
988 4519 1108 4593 τῷν
1137 4519 1380 4574 πάντων
1407 4520 1634 4593 γνῶσιν
1668 4521 1834 4589 ἔχειν

944 4591 1124 4659 ἡμᾶς.

320 4702 538 4757 Πολλῶν
586 4703 993 4775 προόλημάτων
1033 4705 1203 4775 ἐσμὸν
1249 4707 1528 4776 συντόμως
1575 4705 1830 4764 ἐπιλῦσαι

240 4794 608 4865 πειράσομαι.
641 4796 789 4864 Φημὶ
835 4795 1034 4857 τοίνυν,
1068 4796 1150 4848 ὅτι
1199 4797 1231 4866 ἡ
1273 4797 1415 4865 θήρα
1446 4799 1546 4867 τῆς
1575 4797 1832 4864 γνώσεως

236 4887 356 4941 τῶν
393 4887 698 4957 μελλόντων
733 4888 865 4956 ἡμῖν
895 4890 1040 4941 κατά
1085 4888 1235 4940 τόνδε
1261 4889 1350 4940 τὸν
1381 4889 1494 4958 βίον
1525 4889 1556 4960 ἢ
1598 4893 1832 4960 πράττει

238 4980 370 5032 σθαι
416 4978 450 5050 ἢ
501 4978 840 5050 συμϐαίνειν,
881 4979 981 5032 κᾶν
1029 4982 1077 5032 εί
1135 4973 1274 5048 (57),
1306 4980 1379 5044 ὡς
1429 4981 1597 5051 ἔφης,
1632 4984 1830 5052 ἐφικτὴ

235 5071 336 5124 καὶ
369 5072 664 5142 ἁλώσιμος.
701 5072 982 5135 παντελῶς
1012 5073 1106 5125 καὶ
1143 5074 1426 5144 ἀνωφελὴς
1462 5077 1554 5128 καὶ⁹
1587 5077 1832 5146 σφαλερά

237 5161 524 5230 τυγχάνει.
561 5162 623 5214 Ei
653 5162 750 5231 μὲν
781 5162 886 5232 γάρ
912 5163 1011 5215 οῦκ
1045 5161 1160 5215 ἔστι
1196 5163 1556 5231 φυλάξασθαι,
1584 5166 1832 5235 ἀφαιρεῖ-

241 5272 336 5308 ται
392 5253 548 5324 ἡμῶν
603 5255 701 5324 τὴν
745 5255 880 5325 πρὸς
931 5254 1000 5306 τὰ
1052 5257 1432 5325 συμπίπτοντα
1487 5275 1838 5328 παρασκευα-

243 5346 441 5415 σθῆναι
473 5347 794 5416 ὀφείλουσαν
837 5349 1058 5420 ἀρετήν.
1094 5349 1199 5402 Τοῦ
1247 5348 1352 5420 γάρ
1405 5351 1840 5420 προσπίπτοντος

243 5439 563 5510 ἀδοκήτως,
611 5439 762 5493 οὐδὲν
811 5439 982 5503 οὕτως
1018 5440 1115 5511 τὴν
1161 5431 1542 5513 εὐθημοσύνην
1591 5443 1839 5513 πορίζειν

2437 4429 2700 4487 CXXXII.
2744 4461 2806 4475 ν·-
2837 4429 3088 4486 PAULO.

1948 4522 2071 4578 Non
2108 4523 2275 4592 fuisse
2310 4541 2374 4579 ex
2404 4542 2504 4579 mu
2553 4534 2760 4584 nostra,
2788 4535 2842 4576 ut
2883 4526 3127 4576 omnium
3164 4537 3344 4574 rerum
3374 4521 3555 4589 cogni-

2417 4597 2560 4649 tione
2593 4593 2808 4663 praediti
2833 4611 3088 4648 essemus.

2046 4709 2336 4765 Multarum
2413 4709 2776 4780 quaestionum
2861 4709 3080 4762 turbam
3165 4706 3552 4774 coinpeudiusc

1940 4797 2110 4870 488
2138 4799 2351 4855 solvere
2387 4801 2649 4853 conabor.
2689 4797 2792 4852 Aio
2848 4798 3035 4867 igitur,
3071 4797 3550 4864 ittvestigationent

1937 4897 2272 4966 cognitionis
2291 4911 2478 4951 earnm
2517 4911 2724 4960 rerum,
2756 4910 2878 4964 qua!
2911 4896 3068 4949 nobis
3100 4895 3149 4948 in
3185 4897 3283 4948 hac
3317 4895 3424 4947 vita
3461 4905 3556 4947 aut

1939 4988 2186 5059 agendae,
2221 4998 2317 5044 aut
2362 4999 2643 5043 eventura
2691 4999 2922 5051 restant,
2959 4989 3345 5057 quantumvis,
3383 4999 3441 5040 ut
3473 4988 3555 5042 in-

1939 5079 2192 5148 quiebas,
2230 5093 2352 5134 eam
2380 5079 2598 5150 assequi
2632 5089 2796 5150 atque
2850 5081 3320 5150 comprehendere
3357 5096 3548 5150 posse-

1941 5187 2080 5235 mus,
2109 5178 2164 5226 et
2189 5171 2434 5227 inutilem
2466 5181 2644 5226 tamen
2681 5174 2907 5227 omnino
2927 5184 2979 5228 et
3005 5172 3367 5241 periculosam
3393 5187 3542 5225 esse.

1943 5262 2074 5317 Nam
2110 5264 2154 5318 si
2193 5264 2355 5319 vitari
2389 5273 2691 5333 nequeunt,
2736 5265 3077 5334 prmscientia
3111 5264 3200 5319 illa
3239 5263 3419 5319 aufert
3452 5279 3547 5318 no-

1952 5354 2036 5407 bis
2058 5369 2201 5417 earn,
2235 5369 2357 5424 quae
2410 5354 2676 5409 adversus
2732 5369 2914 5418 casus,
2942 5353 3034 5423 qui
3085 5352 3241 5408 nobis
3273 5351 3551 5414 accidunt,

1951 5444 2170 5500 fortiter
2205 5445 2463 5502 ferendos
2524 5446 2720 5502 instrui
2775 5447 2956 5511 debet,
2993 5446 3274 5500 virtutem.
3302 5441 3450 5498 Nihil
3473 5450 3552 5497 cst

1350 5625 1579 5681 VARUS
1617 5624 2002 5681 LECTIONES
2040 5623 2126 5680 ET
2168 5625 2402 5682 NOTE.

331 5783 449 5857 (56)
479 5781 584 5857 l‘ro
613 5783 886 5857 2920-:ng
912 5786 1050 5838 idem
1079 5789 1192 5840 rod.
1234 5788 1383 5840 habet
1426 5787 1645 5857 ἐρίζειν.
1680 5789 1833 5842 Vcrs.

248 5864 301 5907 ct
344 5855 508 5908 verbo
540 5855 634 5907 ult.
683 5871 766 5918 ep.
814 5856 1130 5924 φιλοσοφίαν
1187 5860 1322 5911 idem
1376 5855 1577 5912 breviat
1639 5862 1688 5912 in
1748 5878 1828 5909 7r.-

1955 5789 2101 5854 φίαν.
2141 5787 2353 5843 Possis.

2023 5859 2135 5924 (Τοῖ’)
2169 5858 2270 5912 Pro
2299 5859 2396 5912 κὲἳη
2432 5863 2472 5909 εἰ
2501 5861 2617 5929 b'gtl
2660 5858 2760 5912 κᾶν
2865 5860 2981 5910 (Ἠλῖ.
3027 5859 3141 5910 Val.
3180 5859 3298 5911 ίίὸἱ).
3339 5854 3416 5912 1ο.
