4150 6502
137 471 150 480 ’
211 488 344 556 1221
1081 481 1614 542 EPISTOIARUM
1655 481 1799 541 LIB.

1905 483 1940 539 ’.
1987 505 2050 512 --
2086 480 2323 539 EPIST.
2367 478 2564 538 CXLI.

207 603 397 658 νεσθαι
443 592 572 670 περὶ
625 599 733 652 τῶν
777 597 1014 668 ἀδήλων,
1061 596 1197 648 ἀλλά
1246 596 1361 658 τοῖς
1406 596 1799 664 ἀκουσομένοις

1909 609 2004 646 cus
2034 594 2380 663 podagricum
2410 599 2683 662 procreet,
2709 604 2900 644 omnes
2927 590 3325 656 consentiunt.)
3353 591 3499 657 Quu-

3363 477 3379 538 1
3393 477 3498 538 ΞῖΞ

3395 516 3499 540 ά-ἱὸ

206 695 532 766 ἐπιτρέπειν
573 691 672 762 τὴν
712 689 956 760 κρίσιν),
1011 689 1138 756 περὶ
1181 687 1280 753 τῆς
1327 686 1598 758 ἀκρασίας
1654 682 1722 756 ἦν

202 785 386 854 λόγος,
429 786 579 844 ὅπως
610 781 686 851 μὴ
711 782 768 834 ἐν
800 781 964 834 παντὶ
995 775 1172 848 καιρῷ
1197 775 1567 846 συνέρχοιντο,
1599 774 1674 837 ὡς
1699 775 1797 843 τῆς

209 874 418 945 βλάϐης
443 877 524 936 εἰς
549 875 618 926 τά
647 871 707 937 ἐξ
750 870 931 926 αὐτῶν
955 867 1336 940 τεχθησόμενα
1376 865 1796 936 διαϐησομένης.

209 970 336 1021 Ὅτι
372 968 431 1022 δέ
453 967 556 1020 ούκ
583 966 699 1019 ἐστι
737 964 896 1020 τοῦτο
923 963 1030 1016 ἀπὸ
1055 961 1282 1024 σκοποῦ,
1312 961 1618 1031 τεκμήριον
1660 957 1797 1025 (52),

204 1063 266 1117 τὺ
304 1062 434 1124 τοὺς
482 1059 784 1129 ποδαλγοὺς
823 1056 984 1126 ἱερῶν
1027 1053 1331 1123 περιϐόλων
1371 1052 1446 1123 μὴ
1491 1051 1795 1122 εἱρχθῆναι.

205 1156 270 1208 Οἱ
302 1155 402 1226 μὲν
431 1154 546 1225 γὰρ
569 1153 627 1219 ἐξ
658 1153 832 1223 ἀρχῆς
853 1148 1010 1202 τοῦτο
1041 1148 1369 1218 νοσήσαντες
1393 1145 1452 1196 τὸ
1481 1144 1672 1208 πάθος,
1698 1143 1799 1196 ούκ

205 1247 319 1300 ἀπὸ
349 1245 706 1316 δυσκρασίας,
736 1241 850 1296 ἀλλ’
881 1241 990 1294 ἀπὸ
1020 1240 1265 1309 πονηρᾶς
1292 1237 1525 1306 διαίτης,
1553 1238 1646 1289 καὶ
1669 1253 1800 1306 τρυ-

205 1335 336 1402 φῆς,
382 1335 477 1386 καὶ
506 1331 785 1402 βλακείας,
815 1330 910 1382 καὶ
934 1328 1132 1398 ἀργίας
1157 1324 1304 1378 τοῦτ’
1342 1325 1642 1395 ἐσχήκασι·
1676 1323 1741 1376 δι’
1770 1324 1799 1376 ὃ

205 1428 302 1480 καὶ
329 1427 395 1479 δι’
429 1425 594 1478 αὑτοῦ
621 1421 998 1491 ἐκολάσθησαν
1022 1437 1035 1450 ·
1055 1421 1104 1473 οἱ
1134 1419 1177 1470 δ’
1203 1418 1259 1484 ἐξ
1283 1418 1463 1470 αὐτῶν
1489 1415 1796 1486 τεχθέντες,

202 1521 306 1572 ούκ
334 1517 687 1588 ἐκωλύθησαν
726 1514 885 1585 ἱερῶν
907 1513 1234 1582 κοινωνῆσαι
1264 1512 1520 1563 συνόδων.
1549 1510 1660 1579 Τῆς
1688 1509 1798 1578 γὰρ

200 1610 562 1681 δυσκρασίας,
598 1607 713 1660 ἀλλ’
749 1607 810 1659 ού
848 1605 945 1675 τῆς
971 1603 1244 1673 ἀκρασίας
1276 1602 1384 1655 τῶν
1411 1601 1615 1669 γονέων
1640 1602 1799 1668 γεγό-

202 1719 364 1755 νασιν
409 1699 725 1768 ἀναγκαίως
772 1697 1137 1767 κληρονόμοι·
1185 1695 1234 1747 οἱ
1279 1693 1335 1746 δὲ
1370 1693 1467 1763 τὴν
1503 1693 1800 1746 ἀκολασίαν

200 1793 314 1847 τῶν
345 1791 551 1862 γονέων
582 1792 639 1842 ἐν
673 1791 785 1851 τοῖς
818 1787 1066 1857 σώμασιν
1096 1783 1534 1855 ἀπομαξάμενοι,
1556 1783 1657 1836 οὐκ
1679 1785 1800 1835 ἐκο-

200 1884 486 1953 λάσθησαν
511 1881 609 1951 μὲν
637 1881 733 1950 (ού
765 1879 873 1948 γὰρ
899 1877 1186 1930 ἐκέλευσεν
1209 1875 1407 1939 αὐτοὺς
1428 1873 1801 1941 καταλευσθῆ-

1906 686 2050 740 circa
2086 684 2381 755 Iegislator,
2416 691 2473 737 ιιι
2511 684 2640 738 mihi
2673 682 2892 752 quidem
2938 684 3152 737 videtur
3183 680 3313 753 (non
3349 685 3496 738 enim

1904 777 1970 833 de
2014 777 2177 831 rebus
2213 777 2461 832 obscuris
2491 776 2715 846 praecise
2747 774 2947 842 aliquid
2980 789 3298 829 asseverare
3332 791 3497 843 opor-

1905 876 2006 934 tet,
2040 868 2135 923 sed
2170 867 2442 930 audilttris
2475 868 2794 933 permittere
2818 863 3371 932 judicittm),sollicite
3402 881 3498 917 cu-

1907 962 2065 1015 raltat
2090 960 2157 1013 de
2185 957 2578 1013 iucontinentia
2611 957 2918 1021 libidinum,
2944 971 3010 1008 ne
3033 955 3226 1024 quovis
3251 967 3498 1021 tempore

1906 1051 1958 1103 in
2013 1060 2213 1103 canum
2272 1049 2625 1102 convenirent
2683 1044 2965 1116 coniuges,
3010 1056 3066 1099 ut
3121 1046 3212 1114 qui
3273 1047 3498 1108 scirent,

1905 1156 2102 1195 noxam
2153 1142 2204 1194 itt
2253 1155 2382 1195 suos
2419 1142 2618 1194 liberos
2682 1141 3059 1193 transiturum.
3109 1138 3262 1205 Quod
3315 1147 3498 1192 autem

1905 1249 2010 1286 nou
2045 1233 2118 1287 sit
2147 1233 2270 1295 hoc,
2324 1233 2467 1301 quod
2521 1231 2652 1296 dixi,
2709 1231 3088 1301 impertinens,
3136 1240 3293 1284 auta
3334 1247 3499 1301 scopo

1903 1326 2140 1387 aberret,
2175 1334 2498 1394 argumento
2549 1333 2654 1389 est,
2704 1311 2846 1392 quod
2898 1323 3177 1393 podagrici
3231 1338 3262 1377 a
3324 1326 3497 1378 sacris

1902 1418 2100 1471 castris
2142 1426 2198 1470 ct
2248 1418 2608 1470 coitrentihus
2655 1433 2760 1469 non
2821 1426 3136 1470 arceantur.
3193 1417 3326 1470 Nam
3396 1418 3497 1486 ipsi

1902 1507 2142 1574 quidem,
2165 1509 2254 1574 qui
2288 1506 2356 1559 ab
2384 1505 2539 1560 initio
2572 1505 2642 1576 (et
2679 1507 2836 1574 primi
2889 1507 2941 1560 itt
2989 1522 3084 1560 sua
3139 1506 3366 1578 familia)
3398 1508 3502 1562 hoc

1901 1600 2044 1652 malo
2077 1596 2327 1652 laborare
2352 1608 2656 1666 cmpernnt,
2690 1616 2793 1651 non
2841 1601 2909 1649 ab
2970 1597 3172 1652 infelici
3225 1612 3500 1670 tempera-

1902 1697 2089 1742 mento
2115 1688 2282 1757 (quod
2315 1689 2452 1742 male
2483 1690 2593 1742 nati
2639 1689 2869 1758 essent),
2903 1690 2998 1744 sed
3051 1707 3078 1741 a
3128 1706 3292 1760 prava
3329 1694 3502 1748 tit-tus

1901 1778 2138 1844 ratione,
2187 1791 2242 1834 et
2286 1779 2514 1844 deliciis,
2558 1790 2613 1834 et
2657 1780 2850 1836 inertia
2903 1794 3069 1851 atque
3129 1784 3342 1852 ignavia
3400 1788 3504 1842 hoe

1902 1879 2306 1926 contraxerunt
2351 1872 2539 1924 :unde
2580 1871 2745 1925 etiam
2791 1887 2886 1941 per
2919 1873 2969 1926 id
3011 1876 3185 1942 puniti
3219 1885 3367 1930 sunt.
3400 1877 3506 1944 Qui

200 1990 330 2030 ναι·
372 1973 669 2040 ἀϐούλητον
697 1970 805 2040 γὰρ
831 1965 900 2039 ἦν
938 1966 1000 2020 τὸ
1034 1965 1264 2035 πάθος),
1293 1963 1648 2035 ἡτιμώθησαν
1685 1964 1796 2035 (55)

1904 1975 2034 2016 vero
2051 1975 2114 2015 ex
2146 1961 2275 2029 ipsis
2295 1961 2408 2014 nati
2437 1971 2566 2015 sunt
2591 1961 2940 2031 (podagrici),
2968 1963 3001 2016 ii
3029 1966 3204 2019 sacris
3230 1965 3502 2022 interesse

200 2067 282 2132 δέ,
307 2066 446 2136 πρὸς
475 2061 855 2150 σωφρονισμὸν
876 2059 984 2112 τῶν
1006 2057 1299 2111 τεκόντων.
1329 2057 1392 2110 Ei
1412 2055 1468 2110 δέ
1495 2072 1581 2119 τις
1601 2056 1794 2120 οἴεται,

200 2159 365 2213 τοῦτο
393 2161 466 2228 μὴ
497 2156 735 2224 εὐλόγως
763 2151 1244 2224 νενομοθετῆσθαι,
1274 2151 1328 2203 τί
1360 2151 1495 2222 φαίη
1531 2151 1657 2222 περὶ
1700 2151 1792 2205 τοῦ

204 2250 464 2313 θανάτου,
492 2249 578 2301 ὅτι
605 2248 732 2317 μιᾶς
755 2243 1157 2315 ἁμαρτησάσης
1190 2242 1356 2311 (φημὶ
1385 2241 1450 2312 δὴ
1476 2241 1572 2311 τῆς
1605 2240 1793 2308 Εὔας).

202 2341 328 2394 ὃλον
347 2341 409 2392 τὸ
437 2340 591 2406 γένος
613 2337 829 2405 θανάτῳ
851 2333 1175 2404 κατεκρίθη,
1212 2333 1388 2384 καίτοι
1418 2331 1628 2384 πολλῶν
1659 2331 1799 2384 εύδο⁹

203 2431 586 2502 κιμησάντων,
609 2427 706 2481 καὶ
730 2429 840 2488 τοῖς
873 2424 1178 2493 πταίσμασι
1211 2424 1324 2485 τοῖς
1346 2425 1690 2494 προγονικοῖς
1721 2423 1796 2492 μὴ

203 2521 722 2590 ἀκολουθησάντωνς
766 2519 829 2570 Εἰ
877 2517 920 2568 δ’
962 2519 1079 2569 ἐκεῖ
1120 2515 1220 2584 τῆς
1282 2515 1438 2586 ῥίζης
1491 2513 1798 2584 τεθνεώσης

204 2615 520 2684 ἀναγκαίως
544 2613 640 2666 καὶ
671 2613 720 2664 οί
751 2609 964 2668 κλάδοι,
997 2608 1072 2669 ὡς
1101 2607 1428 2677 κληρονόμοι
1451 2607 1552 2677 τῆς
1575 2607 1790 2674 ἀποφά.

204 2726 365 2772 σεως,
409 2705 837 2775 συναπήλαυσαν
863 2701 958 2753 τοῦ
1001 2698 1240 2762 πάθους·
1287 2700 1340 2751 τί
1370 2697 1704 2768 θαυμαστὸν,
1751 2697 1798 2751 εί

203 2798 488 2855 κάνταῦθα
515 2796 602 2848 διά
631 2793 730 2864 τὴν
761 2791 917 2863 ῥίζαν
937 2793 966 2843 ὁ
987 2789 1181 2853 κλάδος
1203 2789 1477 2859 ἠτιμώθη,
1503 2790 1800 2860 παραπέμ-

205 2909 324 2944 πων
351 2886 664 2954 ἀναγκαίως
692 2885 785 2938 ita)
815 2885 896 2947 είς
919 2883 1016 2954 τὴν
1044 2880 1202 2952 ῥίζαν
1224 2882 1285 2934 τὸ
1309 2865 1480 2944 πάθος
1505 2900 1518 2948 ;
1551 2881 1660 2934 Τοῦ
1690 2883 1798 2951 γὰρ

203 2980 579 3052 ἀτιμωθέντος
624 2977 820 3030 κλάδου
855 2979 920 3047 τῇ
969 2975 1092 3046 ῥίζῃ
1145 2975 1245 3027 ούκ
1275 2973 1513 3026 ἐλάττων
1545 2975 1576 3043 ή
1610 2974 1794 3041 ὀδύνη.

217 3077 281 3128 'H
313 3074 424 3144 γὰρ
480 3070 748 3141 εὐχομένη
800 3068 891 3120 τὸν
945 3067 1136 3120 κλάδον
1195 3067 1415 3136 ἄριστον
1474 3065 1621 3128 ίδεῖν,
1671 3065 1799 3118 ὅταν

204 3166 490 3234 αἴσθηται,
527 3163 610 3215 ὅτι
658 3163 722 3212 ἐκ
756 3160 855 3229 τῆς
900 3158 1070 3226 αὐτῆς
1101 3155 1399 3217 ἀκολασίας
1430 3156 1490 3207 τὸ
1521 3155 1690 3218 πάθος
1722 3155 1802 3216 είς

207 3262 419 3314 ἐκεῖνον
454 3255 630 3324 διέϐη,
683 3251 919 3307 ἐνταῦθα
961 3251 1058 3319 μὲν
1091 3251 1205 3311 τοῖς
1249 3247 1468 3311 οἰκείοις
1517 3249 1802 3318 λογισμοῖς

205 3347 702 3417 καταικισθήσεται
723 3361 736 3374 ·
771 3345 950 3395 ἐκεῖσε
982 3341 1038 3394 δὲ
1071 3341 1163 3394 καὶ
1197 3342 1264 3410 τῇ
1299 3340 1499 3411 κρίσει.
1530 3340 1591 3392 ΕΞ
1618 3339 1673 3392 δὲ
1707 3341 1801 3392 καὶ

206 3441 604 3513 προγινώσκων
664 3437 862 3497 αὐτοὺς
914 3437 941 3487 ὁ
994 3434 1126 3496 Θεὸς
1179 3435 1448 3504 πονηρους
1510 3432 1802 3502 ἐσομένους

208 3532 553 3604 προκατέσχε
584 3527 794 3590 τούτοις
822 3527 928 3588 τοῖς
958 3525 1198 3594 δεσμοῖς,
1247 3525 1340 3576 καὶ
1370 3523 1665 3594 ἐχαλίνωσε
1691 3525 1802 3586 τοῖς

210 3626 462 3682 πάθεσιν,
495 3621 735 3690 ἀκριϐῶς
764 3621 865 3692 οὐκ
893 3619 1000 3688 ἔχω
1035 3618 1210 3685 λέγειν
1280 3619 1360 3670 ὃτι
1388 3618 1443 3670 δὲ
1475 3617 1568 3670 καὶ
1598 3617 1802 3686 στεφά-

206 3733 320 3772 νων
369 3716 585 3776 πολλοῖς
620 3715 733 3783 (54)
773 3713 924 3766 αἴτια
967 3713 1160 3779 γέγονε
1193 3711 1367 3762 ταῦτα
1401 3710 1470 3762 τά
1495 3712 1802 3780 νοσήματα,

209 3805 562 3879 θαρρούντως
593 3802 1061 3873 διισχυρισαίμην.
1095 3801 1156 3851 El
1193 3800 1248 3851 δὲ
1288 3801 1446 3851 σκιάν
1477 3797 1620 3868 εἶχεν
1648 3801 1676 3852 ὁ
1715 3800 1804 3852 νό-

214 3917 316 3972 μος
367 3898 474 3951 τῶν
524 3895 826 3966 μελλόντων
859 3892 1100 3961 ἀγαθῶν,
1137 3892 1230 3944 καὶ
1263 3891 1363 3944 ούκ
1396 3892 1565 3959 αὐτὴν
1621 3893 1805 3946 εἰκόνα

208 3991 322 4044 τῶν
351 3989 714 4059 πραγμάτων,
760 3983 933 4054 οἶμαι,
969 3985 1053 4066 ὅτι
1091 3984 1188 4053 μὲν
1218 3982 1306 4035 διὰ
1339 3982 1433 4035 τὀῦ
1468 3982 1671 4055 λεπροῦ
1714 3987 1806 4037 τὸν

210 4083 457 4136 ποικίλον
491 4081 586 4133 καὶ
619 4077 946 4147 κακοῦργον,
992 4076 1082 4128 διὰ
1121 4076 1176 4128 δὲ
1209 4074 1302 4127 τοῦ
1333 4079 1546 4147 γονορῤι
1566 4075 1678 4139 οῦς,
1713 4076 1806 4130 τὸν

212 4177 412 4244 πόρνον
444 4176 538 4226 καὶ
587 4172 677 4224 τὸν
707 4171 950 4240 ἀσελγῆ·
1005 4171 1094 4223 διὰ
1119 4171 1174 4222 δὲ
1215 4169 1308 4222 τοῦ
1360 4171 1675 4241 ἀκαθάρτου
1713 4170 1807 4222 ἐπὶ

207 4266 359 4333 ψυχῇ
390 4262 700 4332 ἀνθρώπου,
730 4261 975 4312 τουτέστι
1004 4259 1092 4311 διά
1122 4257 1216 4310 τοῦ
1259 4259 1570 4328 ἁπτομένου
1607 4258 1804 4330 νεκροῦ

215 4356 493 4427 σώματος,
528 4353 617 4406 τὸν
644 4352 790 4423 ψυχῇ
836 4351 1225 4422 ἁμαρτανούσῃ
1258 4351 1682 4421 συμπράττοντα
1710 4353 1806 4404 καὶ

219 4445 611 4517 συναιρόμενον
633 4461 646 4474 ·
679 4443 768 4495 διά
809 4443 867 4495 δέ
898 4442 993 4494 τοῦ
1045 4443 1392 4507 πενθοῦντος,
1427 4443 1518 4497 τὸν
1565 4445 1658 4496 ἐπὶ
1683 4447 1806 4509 ταῖς

218 4540 528 4610 συμφοραῖς
564 4536 810 4607 πενθήρη
841 4537 936 4605 καὶ
968 4535 1240 4608 θρηνώδη,
1276 4537 1374 4606 τῆς
1415 4537 1524 4589 τῶν
1557 4537 1806 4608 ἁμώμων

1903 2052 2138 2107 εωιίὴυε
2171 2051 2398 2106 minime
2440 2053 2824 2122 prohibentur.
2864 2053 2998 2108 Nam
3057 2067 3344 2125 parentum
3375 2073 3507 2113 suo-

1905 2159 2027 2198 rum
2080 2144 2204 2199 mali
2250 2147 2695 2213 temperamenti,
2732 2161 2838 2199 non
2874 2157 3055 2201 autem
3090 2148 3507 2205 incontinentis!

1900 2237 2214 2304 libidinum,
2269 2241 2580 2294 necessario
2637 2243 2968 2296 exstiterunt
3030 2243 3296 2299 hmredes.
3334 2245 3506 2301 Alteri

1904 2343 2033 2383 vero
2083 2328 2198 2400 (qui
2252 2344 2315 2383 ex
2368 2341 2657 2399 parentum
2711 2331 2990 2388 luxurioso
3035 2336 3331 2390 concubitu
3391 2339 3508 2394 nati

1902 2423 2051 2491 sunt)
2107 2422 2347 2476 libidinis
2398 2433 2690 2492 parentum
2741 2434 2897 2478 notas
2933 2425 2985 2478 in
3039 2428 3152 2482 suis
3183 2429 3514 2497 corporibus

1906 2515 2203 2585 impressas
2237 2516 2522 2579 habentes,
2559 2531 2662 2570 n0n
2691 2517 2910 2586 quidem
2950 2518 3123 2587 puniti
3151 2531 3278 2573 sunt
3304 2519 3509 2590 (neque

1903 2608 2046 2661 enim
2073 2608 2220 2676 ipsos
2247 2610 2517 2676 lapidibus
2544 2611 2700 2663 obrui
2743 2609 2928 2680 jussit,
2967 2612 3093 2679 quia
3131 2612 3333 2665 malum
3369 2613 3508 2681 ipsis

1903 2699 2218 2754 nolentibus
2288 2701 2642 2770 contigerat),
2707 2702 3000 2778 ignominia
3070 2713 3248 2757 tamen
3324 2705 3508 2759 allecti

1905 2804 2054 2854 sunt,
2087 2791 2252 2860 idque
2293 2791 2364 2846 ad
2405 2793 2848 2847 emendationem
2895 2806 3202 2863 parentum.
3246 2793 3400 2862 Quod
3461 2796 3509 2849 si

1904 2880 2026 2951 quis
2049 2892 2136 2936 est
2179 2882 2271 2951 qui
2327 2883 2409 2938 sic
2458 2885 2766 2948 existimat,
2803 2889 2906 2939 hoc
2939 2887 3084 2939 nulla
3121 2888 3257 2941 bona
3297 2890 3510 2942 ratione

1906 2973 2178 3026 sancitum
2223 2972 2414 3036 fuisse,
2447 2974 2576 3042 quid
2616 2974 2705 3029 ille
2740 2976 2942 3032 dixerit
2993 2979 3061 3032 de
3115 2991 3314 3044 morte,
3362 2981 3508 3049 quod

1905 3079 2030 3119 cum
2081 3081 2186 3119 una
2243 3066 2484 3134 peccarit
2539 3068 2741 3122 femina
2790 3068 2982 3140 (Evam
3033 3070 3302 3141 intelligo)
3337 3082 3509 3125 totnnt

1904 3173 2078 3228 genus
2109 3158 2435 3224 humanum,
2458 3161 2602 3228 quod
2631 3161 2698 3213 ab
2730 3176 2792 3213 ea
2820 3159 3119 3226 descendit,
3153 3172 3328 3217 morte
3357 3165 3510 3216 dam-

1829 3294 1873 3354 C
1908 3260 2095 3302 natum
2125 3260 2208 3303 est
2237 3290 2252 3314 ,
2280 3267 2415 3304 cum
2453 3262 2635 3307 tamen
2671 3253 2825 3307 mulli
2871 3249 3218 3310 laudabiliter
3249 3257 3506 3319 vixerint,

1908 3354 1961 3399 ct
2001 3354 2218 3413 peccata
2258 3345 2556 3414 primorum
2596 3356 2881 3414 parentum
2917 3363 3024 3401 non
3061 3347 3266 3403 fuerint
3296 3350 3513 3407 secuti?

1910 3434 1966 3489 Si
2005 3449 2132 3487 vero
2167 3434 2238 3488 ibi
2287 3433 2470 3487 radice
2516 3445 2727 3488 mortua
2765 3438 3078 3490 necessario
3131 3439 3297 3492 etiam
3349 3443 3508 3505 rami,

1911 3537 2166 3596 tanquam
2224 3527 2433 3580 scilicet
2484 3526 2726 3581 ltmredes
2779 3529 3067 3584 sententia:
3126 3532 3506 3597 datnnatoriat,

1906 3620 2151 3687 ejuSdem
2189 3619 2317 3672 tnali
2359 3621 2652 3689 participes
2710 3622 2835 3676 lacti
2887 3633 3014 3676 sunt
3050 3641 3062 3676 :
3099 3626 3226 3693 quid
3253 3637 3337 3679 est
3365 3629 3511 3696 quod

1908 3713 2044 3766 adeo
2069 3712 2348 3775 mirentur,
2376 3711 2419 3763 si
2452 3711 2538 3764 hic
2563 3727 2778 3781 quoque
2805 3725 3026 3783 propter
3055 3717 3293 3770 radicem
3325 3733 3512 3772 ramus

1910 3802 2204 3872 ignominia
2245 3811 2463 3856 notatus
2513 3814 2618 3866 cst,
2656 3806 2967 3859 necessario
3022 3808 3187 3860 etiam
3236 3807 3288 3861 in
3333 3810 3507 3878 ipsam

1910 3897 2147 3949 radicem
2182 3893 2233 3947 id
2268 3895 2468 3948 malum
2519 3897 2942 3952 transmittens?
2973 3896 3108 3952 Nam
3151 3917 3303 3953 ramo
3339 3902 3510 3970 igno-

1911 3985 2071 4038 minia
2109 3982 2302 4037 allecto
2331 3999 2434 4037 non
2473 3986 2651 4037 minor
2696 3987 2938 4039 radicem
2985 3990 3262 4044 cruciatus
3297 3990 3508 4060 alﬂigit.

1914 4080 2084 4132 llatlix
2117 4077 2286 4142 cnim,
2310 4093 2429 4146 qua:
2454 4078 2504 4130 itt
2529 4077 2671 4131 votis
2699 4078 2885 4144 habet,
2921 4095 3130 4134 ramum
3173 4098 3334 4150 quam
3364 4088 3511 4151 upti-
3562 4111 3567 4116 ’

1912 4187 2055 4222 tnntn
2097 4169 2306 4230 videre,
2343 4169 2431 4220 ulti
2484 4169 2958 4233 anitnadrcrtet'it,
2989 4184 3052 4224 cx
3100 4189 3198 4225 sua
3243 4175 3510 4242 intempe-

1912 4261 2086 4315 rantia
2121 4261 2222 4315 hoc
2268 4261 2469 4314 malum
2503 4260 2555 4314 itt
2589 4262 2764 4330 ipsum
2795 4264 3082 4317 transiisse
3126 4279 3190 4317 ac
3240 4281 3509 4336 propaga-

1912 4366 2021 4407 tum
2060 4367 2201 4419 esse,
2242 4355 2292 4407 in
2349 4354 2602 4423 prwsettti
2635 4354 2852 4422 quidem
2909 4357 3016 4409 vita
3077 4360 3314 4427 propriis
3364 4362 3513 4431 cogi-

1912 4445 2210 4500 tationibus
2248 4446 2436 4516 (animi
2478 4446 2618 4501 male
2649 4447 2752 4500 sibi
2785 4450 3015 4519 conscii)
3046 4450 3410 4518 lacerabitur;
3457 4460 3509 4513 lu

1911 4539 2083 4593 altero
2139 4547 2321 4592 autent
2366 4540 2564 4593 sacculo
2605 4540 2771 4592 etiam
2822 4540 3030 4604 judicio
3085 4542 3374 4610 alnigctur.
3426 4549 3509 4601 Att

218 4634 372 4704 ἱερᾶς
406 4629 626 4684 συνόδου
656 4631 753 4682 καὶ
799 4629 1132 4700 Ἐκκλησίας
1161 4629 1655 4701 ἐξοστρακισθῆναι
1687 4631 1799 4684 ὲθέ.

1915 4641 2096 4685 autem
2149 4632 2290 4687 Deus
2346 4634 2510 4684 ctiatn
2570 4635 2852 4701 praescius,
2885 4637 3030 4704 ipsos
3080 4639 3250 4692 malos
3299 4640 3513 4695 iuturus

217 4741 430 4779 σπισεν.

1916 4739 2060 4788 esse,
2094 4724 2242 4778 hisce
2278 4725 2423 4778 velut
2463 4725 2692 4778 vinculis
2723 4727 3046 4795 quibusdam
3093 4743 3218 4783 ante
3251 4734 3515 4786 cohibue-

215 4821 307 4887 rit,
330 4835 394 4875 ac
419 4818 708 4873 refrenarit
761 4819 846 4874 his
892 4818 1078 4883 malis,
1107 4820 1173 4872 de
1205 4833 1269 4874 eo
1307 4820 1440 4874 nihil
1472 4821 1605 4875 certi
1670 4820 1841 4875 habeo
1915 4820 2117 4875 dicere.
2148 4820 2280 4874 lllud
2318 4835 2497 4874 autem
2552 4823 2891 4878 conﬁdenter
2938 4827 3336 4892 contenderim,
3382 4830 3514 4883 tales

214 4913 438 4967 morbos
487 4916 670 4967 tnultis
704 4913 869 4968 etiam
903 4927 1228 4966 coronarum
1299 4927 1496 4965 causas
1546 4923 1634 4965 aut
1685 4913 2000 4967 occasiones
2063 4915 2363 4967 exstitisse.
2390 4914 2543 4980 Quml
2602 4916 2644 4968 si
2689 4917 2771 4970 lex
2807 4916 2994 4986 (Paulo
3027 4921 3189 4989 teste)
3265 4921 3514 4975 umbram

215 5007 402 5060 habuit
432 5007 738 5060 futurorum
769 5007 1056 5069 bonorum,
1086 5016 1276 5058 etnon
1326 5006 1498 5071 ipsam
1543 5005 1833 5073 imaginem
1877 5020 2080 5066 rerum,
2123 5016 2278 5074 puto,
2313 5007 2454 5074 quod
2497 5009 2595 5060 suit
2641 5023 2870 5075 persona
2922 5010 3120 5077 leprosi
3162 5012 3512 5080 designatum

217 5103 496 5156 hominem
526 5103 735 5155 varium
767 5113 824 5155 et
887 5102 1099 5154 valrum
1153 5111 1315 5169 atque
1366 5101 1691 5160 tnalelicum.
1747 5115 1843 5169 per
1916 5100 2301 5165 seminiﬂuum,
2369 5114 2726 5156 scot'tatnrcm
2792 5116 2845 5158 et
2902 5107 3207 5176 impurum;
3265 5126 3362 5178 per
3416 5113 3519 5166 itn-

218 5195 478 5248 tnundum
530 5194 583 5246 itt
623 5195 803 5248 anima
836 5193 1096 5258 hominis,
1122 5191 1287 5264 492
1320 5193 1421 5247 hoc
1447 5202 1531 5247 est
1566 5209 1661 5260 per
1693 5209 1814 5246 cum
1855 5196 1945 5262 qui
1981 5194 2155 5262 tetigit
2183 5209 2382 5263 corpus
2449 5207 2746 5262 mortuum,
2775 5215 2898 5251 cum
2947 5202 3036 5268 qui
3089 5203 3327 5258 animam
3395 5222 3523 5275 pec-

217 5285 481 5342 catricem
527 5299 628 5351 ope
681 5294 736 5339 et
785 5286 990 5340 auxilio
1024 5285 1282 5354 adjuvat;
1317 5287 1551 5356 denique
1588 5303 1682 5356 per
1729 5286 2024 5355 lugentem,
2093 5304 2214 5342 eum
2288 5289 2378 5357 qui
2426 5290 2490 5343 de
2531 5289 2936 5347 Calamitatihus
3005 5296 3121 5349 suis
3154 5300 3413 5365 querulus
3463 5309 3518 5354 et

216 5377 557 5446 lacrytnosus
583 5386 688 5442 est,
719 5391 785 5432 ex
818 5393 976 5431 sacro
1003 5389 1146 5433 ctetu
1179 5380 1577 5450 inculpatorutu
1637 5380 1941 5445 hominum,
1973 5393 2025 5435 et
2056 5381 2124 5434 ab
2156 5382 2398 5437 Ecclesia
2427 5386 2781 5438 Cllel‘lttiltari
2820 5392 3161 5458 pt'mcepcrit.

1366 5580 1598 5637 VARIAE
1636 5580 2025 5646 LECTIONES
2060 5582 2149 5640 ET
2184 5583 2424 5642 ΝΟΤᾹΖ.

291 5779 405 5852 (52)
435 5780 539 5854 Pro
587 5783 884 5854 τεκμήριον
931 5783 1069 5838 idem
1125 5786 1245 5840 cod.
1279 5784 1400 5841 Vat.
1455 5789 1648 5850 scribit
1704 5807 1795 5844 τε-

213 5852 683 5923 κμηριοῖΡοεειΝ.

287 5923 399 5992 (55)
439 5924 713 5995 Ἰίτιμώθη
755 5925 892 5978 idem
930 5935 1099 5979 mutat
1146 5927 1196 5981 itt
1238 5929 1579 6001 ἐτιμωρήθη.
1619 5929 1690 5983 In.

1985 5795 2099 5865 (54)
2138 5795 2242 5850 Pro
2274 5797 2492 5860 πολλοῖς
2523 5797 2719 5852 iterum
2773 5798 2929 5867 ponit
2979 5798 3259 5865 πολλάκις,
3289 5809 3343 5856 et
3371 5810 3514 5858 vers.

1916 5867 2038 5921 inde
2067 5867 2101 5922 5
2137 5868 2278 5924 inter
2314 5868 2483 5939 αὐτὴν
2519 5880 2574 5924 et
2603 5869 2785 5924 εἰκόνα
2822 5871 3010 5926 inserit
3041 5872 3160 5939 τήν.
