4150 6438
723 399 863 466 1227

1921 392 1978 452 8.
2021 392 2303 452 ΙΞΙΒΟιιι
2351 387 2781 449 ιμευὶυιυίῖε

3823 368 3949 450 ιἐει

729 510 969 565 remedia
1012 507 1163 577 plura
1194 507 1353 560 etiam
1400 516 1458 558 ac
1505 504 1673 575 magis
1713 503 1859 557 varia
1902 518 2021 560 esse
2046 510 2276 571 oportet.

2384 493 2522 549 εἶναι
2562 498 2765 566 ὀφείλει
2801 499 2892 552 καὶ
2934 497 3314 567 ποικιλώτερα.
3351 498 3410 550 Ei
3444 496 3500 549 δὲ
3527 494 3619 549 καὶ
3645 494 3865 565 θορυϐεῖ
3894 513 3945 549 σε

735 599 888 667 Quod
923 598 966 652 si
1000 597 1274 667 perturbat
1307 603 1356 649 te
1391 596 1440 649 id
1471 599 1611 664 quod
1641 594 1841 647 dictum
1874 602 1975 654 est,
2016 591 2282 662 paulisper

731 688 957 751 sustine,
1006 687 1079 739 ita
1121 684 1248 748 iiet,
1290 692 1347 738 ttt
1376 683 1463 752 qui
1505 698 1647 737 nunc
1678 692 1729 737 te
1758 683 1960 737 detinet
1989 681 2151 735 animi
2198 688 2281 733 tu-

724 776 943 840 multus,
970 790 1035 829 eo
1055 783 1241 847 vergat
1279 774 1512 837 tandem,
1544 776 1600 826 ut
1634 775 1801 843 magis
1830 774 1988 827 etiam
2023 772 2281 824 miseran-

734 868 833 921 dos
879 866 997 921 illos
1024 880 1144 920 esse
1168 863 1459 919 existimet.
1524 862 1657 917 Cum
1696 862 1837 916 enim
1868 861 2013 924 multi
2053 875 2116 914 ac
2146 859 2280 913 varii

725 958 840 1011 sint
883 953 1227 1027 (animorum)
1276 952 1479 1020 morbi,
1536 954 1766 1023 primum
1808 951 2022 1021 quidem
2079 950 2281 1004 homini

718 1056 849 1101 nato
880 1043 1191 1117 perdilﬁcile
1225 1051 1390 1112 atque
1413 1044 1639 1096 arduum
1675 1049 1790 1106 est,
1839 1055 1930 1096 eos
1972 1049 2283 1110 perspectos

718 1147 776 1192 et
798 1136 1041 1208 cognitos
1070 1135 1296 1189 habere:
1327 1131 1519 1188 deinde
1544 1131 1753 1186 etiamsi
1785 1131 2029 1201 cognitos
2057 1120 2279 1197 habeat,

718 1240 879 1281 nosse
921 1224 1081 1293 quale
1118 1225 1198 1279 eis
1238 1221 1521 1277 conveniat
1570 1220 1888 1275 remedium.
1960 1219 2079 1274 Non
2132 1219 2277 1273 enim

718 1315 969 1369 omnibus
996 1314 1184 1369 eadem
1226 1323 1347 1383 apta
1380 1311 1859 1379 convenientiaque
1898 1320 2027 1365 sunt
2055 1310 2277 1373 auxilia,

718 1419 894 1475 neque
922 1418 1110 1458 omnes
1141 1404 1326 1457 iisdem
1352 1408 1608 1456 curantur
1658 1400 1933 1455 remediis.
1976 1399 2106 1453 Nam
2138 1398 2279 1468 quod

717 1496 859 1550 hunc
885 1494 1046 1564 juvit,
1084 1493 1236 1546 alteri
1274 1492 1492 1547 nocuit:
1530 1499 1586 1545 et
1616 1489 1759 1559 quod
1793 1489 1949 1544 alteri
1984 1489 2120 1544 bene
2147 1503 2277 1544 suc-

715 1586 901 1650 cessit,
938 1587 1039 1639 hoc
1068 1584 1294 1639 alterum
1326 1583 1543 1639 evertit.
1604 1582 1682 1636 Ac
1710 1595 1776 1635 ne
1812 1582 1905 1636 tibi
1944 1580 2082 1636 forte
2115 1595 2277 1651 para-

716 1678 852 1731 doxa
898 1686 953 1730 et
993 1677 1226 1732 absurda
1272 1676 1514 1745 quaedam
1561 1672 1805 1743 proferre
1852 1672 2078 1737 videar,
2131 1674 2274 1742 quod

714 1769 919 1822 dictum
953 1778 1057 1835 est,
1085 1767 1245 1821 latius
1268 1766 1569 1837 explicabo.
1627 1764 1742 1819 Non
1777 1764 1870 1835 qui
1899 1762 2147 1818 oratione
2174 1764 2275 1817 du-

2381 588 2441 640 τδ
2479 589 2786 659 εἰρημένον,
2830 589 3020 659 μικρὸν
3063 588 3371 659 ἀνάμεινον,
3400 589 3494 640 καὶ
3533 590 3563 640 ὁ
3595 586 3690 641 νῦν
3730 604 3789 639 σε
3819 603 3944 639 κατ·

2384 679 2521 745 έχων
2557 678 2783 749 θόρυϐος
2812 680 2889 742 εἰς
2920 680 2978 731 τὸ
3016 679 3254 739 ἐκείνους
3280 678 3438 732 πλέον
3470 678 3752 732 ταλανίσαι
3791 696 3944 747 μετα·

2380 773 2646 823 πεσεῖται.
2699 770 2917 824 Πολλῶν
2956 770 3061 840 γὰρ
3112 770 3203 823 καὶ
3245 770 3599 823 παντοδαπῶν
3630 770 3800 823 ὄντων
3845 770 3945 820 τῶν

2380 861 2859 931 ἀρρωστημάτων,
2901 861 3111 931 πρῶτον
3157 862 3254 931 μὲν
3314 862 3600 930 ἄνθρωπον
3638 860 3765 912 ὅντα
3798 861 3945 929 χαλε-

2390 952 2489 1005 πὸν
2533 953 2785 1013 συνιδεῖν,
2822 952 3009 1005 ἔπειτα
3055 952 3112 1006 δὲ
3176 952 3269 1004 καὶ
3312 952 3580 1022 μαθόντα,
3615 946 3677 1003 τδ
3717 952 3941 1014 εἰδέναι,

2380 1043 2531 1095 ποῖον
2558 1042 2815 1113 ἁρμόττει
2844 1041 3152 1113 φάρμακον.
3184 1042 3260 1094 Ub
3290 1041 3399 1111 γὰρ
3427 1043 3561 1093 πᾶσι
3593 1041 3661 1093 τὰ
3683 1040 3822 1093 αὐτὰ
3851 1042 3942 1110 ἀρ-

2382 1132 2567 1203 μόττει
2608 1132 2943 1203 βοηθήματα,
2986 1132 3106 1186 οὐδὲ
3153 1132 3352 1195 πάντες
3403 1135 3511 1194 τοῖς
3561 1114 3743 1193 αὐτοῖς
3787 1130 3945 1200 θερα-

2382 1219 2636 1275 πεύονται
2660 1236 2674 1251 ·
2708 1220 2737 1273 δ
2782 1222 2891 1291 γὰρ
2936 1219 3123 1275 τοῦτον
3169 1220 3487 1293 ὠφέλησεν,
3520 1221 3677 1276 ἄλλον
3709 1221 3907 1290 ἔϐλαψε
3928 1238 3940 1251 ·

2378 1313 2473 1367 καὶ
2506 1314 2566 1367 τδ
2594 1313 2738 1383 ἄλλῳ
2784 1312 3121 1382 κατάλληλον
3145 1350 3160 1377 ,
3189 1312 3374 1382 ἕτερον
3408 1311 3666 1379 ἐπέτριψε
3694 1327 3705 1340 ·
3739 1310 3831 1363 καὶ
3863 1310 3945 1363 ῖνα

2381 1404 2457 1476 μὴ
2481 1404 2694 1475 δόξαιμί
2723 1421 2803 1458 σοι
2831 1402 3109 1476 παράδοξά
3136 1420 3256 1456 τινα
3290 1402 3486 1470 λέγειν,
3527 1401 3864 1471 ἀπαμφιάσω
3890 1402 3945 1454 τὸ

2378 1496 2684 1566 λεγόμενον.
2720 1496 2831 1567 Ούχ
2856 1496 2903 1547 oi
2933 1493 3075 1565 λόγῳ
3107 1494 3385 1564 ἀγόμενοι,
3421 1496 3515 1547 καί⁸
3546 1494 3942 1564 παραδείγματι

2380 1586 2801 1657 σωφρονίζονται
2824 1603 2839 1620 ⁸
2872 1584 3007 1640 ἀλλὰ
3040 1583 3155 1655 (59)
3181 1586 3209 1636 ὁ
3242 1584 3342 1654 μὲν
3366 1584 3558 1655 τούτῳ,
3589 1586 3617 1636 ό
3648 1584 3702 1636 δὲ
3733 1582 3941 1652 ἐκείνῳ,

2377 1680 2457 1742 είς
2505 1676 2748 1748 βελτίονα
2783 1678 3112 1731 κατάστασιν
3146 1676 3388 1744 ἄγονται.
3434 1675 3569 1729 Οὐδὲ
3617 1676 3665 1727 oi
3708 1675 3943 1743 κέντρων

2378 1767 2639 1838 δεόμενοι,
2670 1761 2816 1820 οὗτοι
2857 1765 2950 1819 καὶ
2993 1763 3221 1835 χαλινῶν
3253 1764 3532 1833 ἀνέχονται
3558 1778 3571 1793 ο
3610 1759 3723 1812 ἀλλ’
3757 1761 3807 1812 oi.
3845 1761 3941 1827 μὲν

716 1868 939 1924 cuntur,
979 1830 1138 1911 iidem
1182 1866 1249 1920 et.
1283 1830 1527 1927 exemplo
1555 1830 1917 1911 emendantur
1964 1865 2019 1909 et
2058 1855 2124 1908 ad
2162 1868 2276 1909 mo-

2390 1830 2584 1931 νωθροὶ⁵
2602 1854 2713 1927 (60)
2737 1855 2831 1909 καί⁸
2846 1830 3148 1925 δυσκίνητοι
3174 1854 3234 1907 τδ
3260 1830 3440 1919 καλδν,
3471 1855 3534 1923 τῇ
3555 1852 3742 1920 λογικῇ
3770 1850 3943 1921 πληγῇ

726 1948 954 2001 destiam
986 1945 1309 2011 ﬂectuntur;
1351 1945 1444 2000 sed
1476 1944 1611 1999 alius
1644 1945 1766 2009 hoc,
1798 1942 2057 1998 aliusilio
2079 1944 2130 1996 in
2164 1957 2279 1996 me-

720 2038 910 2093 liorem
947 2046 1152 2092 statum
1188 2036 1561 2092 traducuntur.
1602 2034 1788 2103 Neque
1816 2033 1888 2087 illi
1927 2037 2017 2102 qui
2051 2034 2280 2089 stimulis

718 2127 982 2196 indigent,
1021 2127 1179 2180 iidem
1208 2127 1369 2181 etiam
1413 2124 1597 2179 frenos
1634 2125 1956 2195 patiuntur:
2009 2124 2103 2177 sed
2140 2123 2278 2194 pigri

713 2216 927 2287 quidem
961 2225 1117 2287 atque
1144 2216 1342 2287 ignavi,
1375 2214 1465 2285 qui
1503 2216 1568 2269 ad
1603 2216 1940 2270 honestatem
1972 2228 2269 2282 capessen-

710 2308 834 2362 dam
859 2306 1138 2361 diﬂicuiter
1167 2315 1568 2377 permoventur,
1602 2304 1827 2359 rationis
1851 2302 2003 2374 plaga
2030 2306 2276 2359 excitan-

719 2406 846 2463 tur;
882 2396 972 2467 qui
1009 2407 1184 2453 autem
1230 2397 1376 2466 iusto
1417 2397 1774 2452 l‘erventiores
1801 2406 1951 2463 sunt,
1983 2410 2083 2451 nec
2122 2396 2280 2452 facile

718 2487 1042 2553 retinentur,
1084 2503 1148 2542 ac
1192 2496 1443 2556 tanquam
1498 2487 1628 2557 pulli
1682 2486 1975 2558 (indomiti)
2027 2489 2215 2558 procul
2247 2505 2277 2543 a

714 2576 862 2633 linea
916 2578 1185 2642 feruntur,
1228 2577 1263 2631 ii
1302 2577 1720 2647 constringendo
1754 2580 2145 2651 retinendoque
2190 2581 2281 2649 ju-

716 2678 931 2723 vantur.
998 2668 1101 2723 Alii
1152 2668 1397 2723 laudibus
1422 2708 1437 2734 ,
1477 2669 1567 2723 alii
1610 2669 2123 2738 reprehensionibus
2155 2686 2279 2727 cor-

2377 1950 2729 2021 διεγείρονται
2755 1965 2768 1979 ·
2818 1950 2868 2000 oi
2899 1948 2956 2002 δὲ
2987 1948 3306 2019 θερμότεροι
3341 1945 3435 1999 τοῦ
3466 1945 3677 2008 δέοντος
3702 1947 3797 1997 καὶ
3821 1946 3944 1997 δυσο

2385 2042 2659 2104 κάθεκτοι,
2699 2042 2792 2094 καὶ
2833 2038 3084 2113 καθάπερ
3130 2037 3297 2092 πῶλοι
3350 2037 3537 2107 πόρρω
3598 2038 3696 2106 τῆς
3747 2035 3944 2105 νύσσης

2376 2135 2652 2205 ὁρμῶντες
2673 2174 2687 2199 ,
2717 2132 2794 2203 τῷ
2819 2132 3081 2203 ἄγχεσθαι
3112 2130 3202 2184 καί
3243 2128 3639 2191 ἀνακόπτεσθαι
3668 2127 3939 2196 ὠφελοῦν-

2375 2242 2483 2279 ται.
2513 2227 2573 2278 Οί
2604 2225 2702 2295 μὲν
2731 2224 3003 2289 ἐπαίνοις,
3030 2223 3079 2275 oi
3104 2221 3160 2275 δὲ
3186 2221 3371 2291 ψόγοις
3396 2218 3813 2289 σωφρονίζονται
3832 2261 3845 2281 ,
3879 2220 3941 2288 ἢν

2378 2316 2663 2386 ἀμφότερα
2687 2316 2915 2386 καιρίως
2946 2315 3185 2383 γένοιντο
3209 2332 3221 2345 ·
3253 2316 3331 2376 είς
3353 2311 3656 2366 τούναντίον
3683 2310 3739 2364 δὲ
3777 2326 3940 2381 μετα-

2379 2410 2657 2470 πεσεῖται,
2688 2409 2735 2459 εί
2782 2407 2885 2473 ἔξω
2918 2404 3025 2459 τῶν
3053 2405 3260 2476 καιρῶν
3289 2402 3556 2473 φέροιντο.
3599 2403 3663 2455 Oi.
3702 2401 3803 2471 μὲν
3837 2402 3937 2470 γὰρ

2378 2498 2720 2570 παρακλήσει
2742 2498 2997 2561 εῖκουσιν,
3026 2499 3072 2550 οί
3095 2495 3150 2548 δὲ
3174 2496 3483 2565 ἐπιτιμήσει
3505 2509 3519 2524 ·
3542 2496 3591 2546 oi
3616 2493 3714 2564 μὲν
3736 2496 3794 2545 ἐν
3823 2493 3941 2545 συλ-

2376 2592 2555 2662 λόγοις
2587 2588 2952 2661 ἐλεγχόμενοι,
2977 2590 3030 2643 οἱ
3054 2588 3109 2641 δὲ
3144 2590 3201 2641 ὲν
3234 2586 3567 2659 παραδύστῳ
3594 2585 3942 2653 νουθετούμε-

2375 2696 2456 2734 νοι
2494 2679 2875 2750 ἀποτρίὼνται
2936 2678 3005 2730 τὰ
3051 2675 3432 2739 ἐλαττώματα·
3486 2674 3695 2743 φιλοῦσι
3741 2676 3848 2744 γὰρ
3892 2675 3941 2726 oi

713 2759 983 2829 riguntur,
1036 2757 1084 2813 si
1132 2767 1361 2824 utraque
1409 2757 1724 2828 tempestive
1768 2759 2150 2817 adhibeantur.
2219 2762 2276 2818 In

2381 2769 2479 2841 μιν
2517 2769 2876 2837 καταφρονεῖν
2917 2768 3024 2819 τῶν
3073 2765 3464 2835 διαλεγομένων
3501 2764 3651 2835 (61),
3703 2764 3936 2836 δημοσία

712 2848 1044 2902 contrariam
1081 2862 1210 2903 vero
1238 2848 1430 2902 cadent
1472 2855 1685 2915 partem
1715 2888 1731 2912 ,
1774 2848 1820 2904 si
1848 2859 2000 2905 extra
2047 2852 2192 2922 justa
2221 2861 2276 2913 et

2378 2845 2691 2928 ιπιτιμήσει
2729 2855 3214 2927 σωφρονιζόμενοι“
3251 2856 3298 2909 oi
3340 2854 3396 2907 δὲ
3441 2854 3576 2921 πρὸς
3616 2855 3742 2918 τοὺς
3777 2856 3941 2922 δήμου

711 2936 1088 2993 convenientia
1135 2946 1380 3005 tempora
1411 2947 1723 3007 evagentur.
1783 2939 1888 2994 Alii
1933 2956 2166 3013 namque
2188 2958 2276 2999 co-

2383 2946 2530 3010 σίους
2559 2946 2812 3015 ἐλέγχους
2843 2945 3040 3015 μᾶλλον
3062 2943 3412 3013 ἀποδυόμενοι
3443 2942 3534 2996 καὶ
3556 2942 3651 3013 τὴν
3682 2941 3939 3011 αίσχύνιςν

714 3028 1005 3084 hortationi
1034 3029 1252 3092 cedunt,
1316 3027 1407 3081 alii
1441 3027 1835 3098 objurgationl;
1864 3031 1957 3086 alii
1981 3033 2194 3101 quidem
2229 3035 2276 3088 in

2380 3035 2761 3099 ἀποσείεσθαι,
2790 3034 2869 3105 τῷ
2897 3034 2996 3105 τῆς
3044 3035 3411 3104 ἐπιτιμήσεως
3457 3031 3816 3104 μυστηριώδει
3849 3033 3940 3085 καὶ

709 3118 1062 3173 conventibus
1097 3132 1159 3172 ac
1191 3116 1422 3172 coetibus
1475 3118 1751 3173 hominum
1789 3122 2096 3190 reprehensi
2120 3163 2136 3189 ,
2184 3122 2276 3178 alii

2380 3131 2445 3199 τῇ
2503 3125 2811 3197 συμπαθείᾳ
2866 3125 3001 3196 πρὸς
3051 3124 3360 3178 εὐπείθειαν
3420 3123 3936 3194 παιδοτρισούμενοι.

710 3224 843 3264 vero
875 3209 927 3262 in
972 3208 1228 3276 penetrali
1270 3208 1461 3263 domus
1496 3208 1753 3264 admoniti
1789 3226 1918 3266 suos
1955 3227 2133 3268 naevos
2176 3214 2269 3268 de-

2378 3220 2517 3280 Ίόὺς
2539 3218 2635 3289 μὲν
2666 3217 2802 3271 κατά
2826 3217 3001 3270 πάντα
3024 3217 3365 3288 παρατηρεῖν
3389 3217 3676 3287 προσήκει,
3700 3217 3853 3279 ὅσους
3880 3216 3940 3267 ιιδ

712 3307 944 3367 tergent.
1010 3296 1197 3351 Solent
1231 3296 1373 3351 enim
1422 3298 1511 3353 alii
1561 3302 1819 3370 quidem,
1867 3317 1987 3357 cum
2038 3303 2272 3374 alioquin

2378 3309 2581 3362 οἴεσθαι
2630 3307 2944 3371 λανθάνειν,
2998 3307 3182 3379 ἐπειδὴ
3228 3308 3387 3360 τοῦτο
3432 3308 3812 3379 μηχανῶνται,
3865 3309 3939 3370 tit;

712 3393 1121 3442 contemnerent
1152 3400 1245 3442 eos
1274 3389 1365 3456 qui
1405 3389 1471 3441 ad
1519 3388 1665 3457 ipsos
1697 3391 1859 3443 verba
1892 3389 2091 3445 iaciunt
2116 3431 2133 3459 ,
2174 3407 2273 3460 pu-

2381 3398 2718 3469 σοφωτέρους
2754 3396 2994 3468 ὲφύσησε
3016 3412 3031 3427 ·
3081 3397 3190 3451 τῶν
3226 3397 3271 3450 δ’
3307 3397 3453 3451 ἐστιν
3485 3397 3521 3451 ἃ.
3559 3399 3654 3453 καὶ
3697 3400 3936 3468 παρορᾷν

710 3481 855 3535 blica
916 3478 1286 3547 increpatione
1334 3479 1584 3550 corrigi;
1657 3479 1749 3533 alii
1801 3489 1981 3534 autem
2034 3496 2155 3535 cum
2208 3481 2275 3537 ad

2381 3489 2576 3560 χρεὼν,
2602 3490 2688 3543 ἵνα
2718 3488 2791 3560 μὴ
2820 3488 2956 3561 πρὸς
2980 3488 3311 3560 ἀναλγησίαν
3339 3487 3707 3560 ἑρεθίζωνται,
3732 3490 3823 3540 καὶ
3849 3503 3937 3540 τε-

710 3588 954 3657 publicas
977 3588 1424 3655 reprehensiones
1453 3588 1629 3656 potius
1658 3587 2088 3657 impudentiores
2122 3588 2272 3657 ﬁant,

712 3684 1033 3744 omnemque
1066 3675 1321 3743 pudorem
1364 3674 1679 3739 excutiant,
1738 3674 1942 3744 privata
1990 3685 2045 3730 et
2073 3691 2273 3747 arcana

712 3765 1085 3837 objurgatione
1140 3765 1361 3819 remotis
1435 3765 1659 3820 arbitris
1732 3765 1870 3819 facta
1965 3781 2172 3821 necnon
2226 3769 2272 3823 si

711 3859 1075 3924 ostendamus,
1107 3872 1205 3912 nos
1240 3858 1475 3926 ipsorum
1499 3856 1668 3911 vicem
1697 3858 1901 3921 dolere,
1929 3861 1994 3913 ad
2022 3860 2272 3917 obedien-

714 3951 842 4005 tiam
874 3948 1226 4003 institunntur
1252 3957 1307 4001 et
1337 3948 1651 4002 assueiiunt.
1696 3946 1862 4002 Porro
1887 3949 2020 4003 alios
2055 3952 2270 4019 quidem

716 4056 815 4112 per
856 4040 1037 4095 omnia
1073 4040 1363 4094 observare
1394 4038 1678 4103 convenit,
1730 4054 1864 4107 quos
1899 4040 2151 4095 nimirum
2184 4043 2271 4097 illa

717 4130 923 4200 opinio,
956 4129 1104 4198 quod
1158 4136 1344 4196 putant
1381 4141 1439 4182 se
1467 4127 1659 4192 latere,
1689 4129 1815 4181 dum
1864 4130 1916 4182 id
1955 4131 2268 4199 moliuntur,

714 4232 970 4292 tanquam
1001 4218 1353 4290 sapientiores
1387 4216 1666 4273 inﬂaverit.
1706 4218 1944 4273 Aliorum
1977 4235 2107 4275 vero
2141 4237 2274 4276 non-

714 4310 881 4367 nullae
907 4318 1032 4364 sunt
1062 4311 1302 4364 actiones
1335 4307 1555 4372 vitiosae,
1584 4322 1721 4378 quas
1744 4309 1905 4363 etiam
1935 4311 2274 4367 dissimulare

714 4407 960 4471 oporteat
981 4440 996 4462 ,
1028 4414 1095 4455 ne
1127 4399 1194 4454 ad
1238 4398 1584 4453 indolentiam
1617 4399 1918 4463 irritentnr,
1950 4399 2273 4471 tandemque

2380 3579 2623 3634 λευταῖον
2655 3579 2766 3650 (62)
2811 3579 2944 3651 πρὸς
2989 3579 3199 3634 ᾶπαντα
3224 3580 3487 3647 γένωνται
3520 3577 3837 3641 ἁκάθεκτοι,
3877 3577 3937 3631 τὸ

2383 3670 2636 3741 μέγιστον
2668 3672 2747 3735 είς
2773 3670 2944 3723 πειθὼ
2976 3671 3263 3741 φάρμακον
3288 3669 3387 3742 τὴν
3421 3668 3553 3723 αἱδὼ
3572 3670 3937 3741 ἀποτριψάμε·

2378 3779 2479 3816 νοι.
2510 3764 2618 3817 Καὶ
2653 3762 2963 3835 ὀργίζεσθαι
2990 3763 3035 3815 δ’
3059 3763 3138 3815 ἔτι
3176 3764 3255 3825 είς
3293 3761 3321 3815 ὃ
3350 3761 3454 3834 χρὴ
3475 3801 3489 3827 ,
3521 3762 3619 3816 οὐκ
3649 3762 3935 3833 ὀργιζομέ-

2377 3872 2520 3921 νους,
2552 3856 2645 3909 καὶ
2671 3856 2942 3927 ὑπερορᾷν
2968 3854 3066 3925 οὐχ
3099 3854 3509 3927 ὑπερορῶντας,
3546 3855 3638 3908 καὶ
3671 3853 3934 3925 ἀπογιννῦ-

2380 3963 2531 4001 σκειν
2564 3943 2663 4000 οὐκ
2705 3946 3210 4016 ἀπογινώσκοντας·
3258 3946 3351 4000 καὶ
3391 3946 3581 4010 ἄλλους
3632 3947 3731 4015 μὲν
3768 3948 3934 3999 επιει-

2377 4042 2500 4113 κείᾳ
2534 4041 2874 4114 θεραπεύειν,
2914 4040 3105 4103 ἀλλους
3139 4038 3197 4093 δὲ
3234 4036 3530 4109 χωρισμῴ*
3564 4035 3658 4091 καί
3684 4036 3807 4099 τοὺς
3840 4038 3934 4107 μὲν

2380 4135 2565 4204 νικᾷν,
2615 4133 2721 4187 τῶν
2770 4133 2827 4185 δὲ
2878 4132 2973 4185 καὶ
3024 4130 3287 4202 ἡττᾶσθαι
3346 4127 3550 4194 δοκεῖν,
3589 4129 3735 4190 ὅσοις
3780 4126 3934 4180 τοῦτο

2380 4225 2661 4279 λυσιτελεῖ.
2698 4224 2978 4277 Τοσούτων
3028 4217 3120 4276 οὖν
3150 4221 3317 4274 ὅντων
3370 4220 3462 4274 καὶ
3502 4219 3610 4273 τῶν
3650 4220 3932 4290 ἀρρωστη-

2383 4319 2567 4390 μάτων
2597 4316 2825 4371 καὶτῶν
2874 4313 3258 4385 βοηθημάτων,
3296 4313 3391 4365 καὶ
3434 4311 3645 4365 πάντων
3699 4309 3773 4380 μὴ
3826 4310 3933 4368 τοῖς

2380 4411 2562 4473 αὐτοῖς
2611 4407 2895 4472 είκόντων,
2940 4406 3074 4460 ἀλλά
3117 4406 3213 4458 καὶ
3260 4402 3562 4457 τούναντίον
3600 4403 3679 4463 είς
3720 4399 3931 4469 χείρονα

718 4505 814 4561 per
846 4489 1024 4546 omnia
1058 4488 1193 4542 tales
1222 4487 1472 4554 evadant,
1495 4488 1588 4559 qui
1618 4489 1761 4544 nulla
1791 4491 1999 4546 ratione
2030 4492 2081 4547 in
2103 4493 2275 4550 ollieio

2379 4497 2817 4569 πλημμελήματα
2858 4491 3245 4566 ὲρεθιζομένων
3281 4490 3414 4563 (θὸ),
3454 4490 3535 4553 τίς
3584 4490 3656 4560 μὴ
3705 4488 3782 4556 τῷ
3809 4486 3931 4555 θείῳ

719 4587 916 4647 queant
947 4578 1211 4632 contineri
1237 4616 1253 4641 ,
1284 4578 1483 4647 quippe
1513 4579 1606 4647 qui
1638 4580 1891 4649 pudorem
1924 4596 1986 4635 ac
2014 4596 2274 4638 verecun-

716 4670 859 4722 diam
886 4707 901 4733 ,
951 4669 1244 4721 maximum
1289 4668 1417 4722 illud
1444 4667 1766 4724 obedientiae
1811 4673 2107 4727 remedium
2131 4713 2146 4737 ,
2182 4676 2274 4730 de-

717 4757 967 4811 triverint
996 4765 1159 4826 atque
1192 4758 1567 4818 absterserint.
1618 4756 1883 4815 Praeterea
1917 4758 2077 4816 etiam
2115 4764 2272 4822 irasci

716 4848 987 4903 nonnullis
1033 4850 1086 4903 in
1115 4850 1349 4919 speciem
1382 4858 1613 4920 oportet,
1645 4852 1891 4919 quamvis
1927 4868 2113 4908 revera
2148 4855 2271 4912 irati

2380 4588 2656 4657 Πνεύματι
2684 4586 2779 4656 τὴν
2806 4586 2981 4657 ψυχὴν
3004 4582 3292 4654 φωτισθεὶς
3311 4624 3327 4649 ,
3353 4581 3549 4635 ειδέναι
3575 4580 3607 4648 ἦ
3636 4577 3929 4649 ἐπαρκέσαι

2379 4680 2693 4747 δυνήσεται;
2721 4676 2834 4729 ἀλλ’
2858 4674 3038 4745 tuabi;
3059 4675 3264 4745 ἄρχειν,
3296 4674 3343 4726 εί
3374 4672 3466 4725 καὶ
3491 4668 3665 4741 ἀρχὴν
3696 4667 3931 4738 νομίζον·

2381 4789 2465 4825 σιν
2496 4768 2796 4837 ἐπιτηδείαν
2817 4766 3020 4831 αὐτοῖς.
3050 4764 3306 4833 τολμῶσι,
3344 4762 3477 4832 μήτε
3500 4760 3598 4830 τὴν
3624 4758 3931 4828 δυσχέρειαν

2380 4856 2703 4920 ἐννοοῦντες,
2736 4857 2868 4925 μήτε
2898 4855 2996 4925 τῆς
3042 4851 3371 4921 Δεσποτικῆς
3409 4850 3589 4918 φωνῆς
3628 4847 3928 4909 ἀκούοντες,

1810 4984 2043 5041 VAle
2083 4988 2469 5048 LEC'i’lONES
2506 4990 2593 5047 ET
2633 4988 2860 5044 ΝΟΤᾸΞ.

786 5145 899 5213 (59)
937 5142 1067 5197 Post
1098 5141 1233 5205 ἀλλά
1262 5140 1395 5215 eqd.
1427 5140 1549 5193 Vat.
1723 5156 1833 5215 _pro
1869 5142 1896 5193 ὁ
1932 5142 2029 5212 μὲν
2068 5143 2191 5215 legit
2221 5150 2271 5201 οἱ

719 5209 917 5294 ptinet
932 5215 1101 5294 paulo
1129 5219 1245 5294 post
1276 5212 1323 5294 οἱ
1350 5209 1533 5294 ss‘pro
1549 5211 1589 5294 to
1611 5210 1695 5294 δέ.
1720 5209 1925 5294 i’osstn.

788 5282 897 5353 (60)
930 5281 1033 5335 Pro
1060 5280 1253 5348 νωθροὶ
1276 5278 1433 5331 habet
1470 5278 1680 5341 νωθεῖς.
1717 5278 1795 5332 lo.

784 5351 898 5472 (61%
930 5351 1031 5405 Pro
1053 5347 1445 5415 διαλεγομένων
1467 5348 1665 5451 ἐει-ἰιιίι
1722 5348 1860 5431 idem
1907 5348 2011 5416 ίδίᾳ
2042 5352 2269 5472 λεγοόιιέ-

784 5439 818 5472 ιν
904 5436 1010 5472 era.
1042 5429 1156 5472 post
1177 5418 1229 5472 2.
1261 5417 1613 5472 ἀποδυόμενοι
1642 5425 1811 5470 mutat
1841 5434 1891 5471 tn
1921 5419 2153 5472 ἀποδυεσ
2192 5439 2266 5472 αι.

716 5417 818 5477 ι-ων
858 5417 1010 5475 Vero.
1042 5429 1156 5485 post
1177 5418 1229 5481 2,
1261 5417 1613 5484 ἀποδυόμενοι
1642 5425 1811 5470 mutat
1841 5419 1891 5471 in
1921 5417 2266 5477 ἀποδύεσθαι.

716 5489 1028 5572 νρτελεεᾳ..
1046 5496 1161 5555 post
1210 5488 1596 5572 emptionem?
1616 5498 2068 5572 qttleseqnlnn‘t’ur
2102 5505 2271 5572 usque

715 5560 780 5609 ad
809 5559 933 5619 τοὺς
973 5558 1069 5625 μὲν
1114 5556 1384 5608 exelusive
1427 5556 1507 5609 sic
1549 5556 1766 5607 exhibet
1813 5559 1932 5609 cod.
1973 5557 2095 5611 Vat.
2144 5556 2269 5625 650,

720 5628 997 5678 ιιυστηοίω
1032 5624 1526 5678 παιδοτοισούιιενοι
1558 5625 1649 5675 καὶ
1697 5623 2045 5678 ἀμειϐόμενοι
2088 5630 2153 5678 τῆ
2184 5630 2269 5678 εὑ-

720 5628 997 5709 μυστηρίῳ
1032 5628 1526 5703 παιδοτρυισούμενοι
1558 5628 1649 5675 καὶ
1697 5628 2045 5696 ἀμεισόμενοι
2088 5630 2153 5697 τῇ
2184 5630 2271 5680 εὑ-

720 5695 938 5765 πειθεια,
958 5694 1051 5764 τὴν
1084 5693 1441 5765 συμπαθειαν.
1471 5692 1543 5746 In.
1764 5763 1771 5765 ξ
1900 5763 1920 5765 Α

789 5760 1059 5820 ίϐῑγιιίειιι
1082 5760 1382 5815 τελευταῖον
1418 5773 1588 5817 mutat
1620 5764 1669 5817 in
1703 5763 2075 5829 τελευτῶντες.
2110 5765 2260 5819 Vers.

2376 5166 2492 5225 seq.
2514 5164 2613 5225 pro
2634 5147 2693 5200 τὸ
2728 5146 2980 5225 μέγιστον
2999 5147 3077 5207 είς
3104 5140 3279 5225 πειθὼ
3297 5141 3616 5225 ξράρμακον,
3653 5145 3775 5194 cod.
3810 5138 3927 5193 Vat.

2374 5211 2778 5306 θερίιψεινέιδ
2808 5211 3045 5306 mea:
3069 5211 3424 5306 τῆεξτεξριὲε
3440 5211 3757 5306 merm-

2444 5289 2554 5357 (65)
2577 5277 2722 5376 lli-CIR
2734 5277 3310 5376 ἐρέθιςομένωνηιμιει
3334 5281 3385 5376 i2
3402 5277 3925 5376 ἐρεθιςόέτωνΝιτε.

2372 5349 2487 5426 sed.
2515 5349 2636 5424 post
2666 5349 2783 5409 ἀλλἱ
2812 5349 2963 5407 addit
2984 5354 3131 5412 ἴσως.
3169 5352 3321 5405 Vers.
3353 5349 3405 5413 6,
3434 5349 3570 5415 post
3602 5349 3787 5417 ἄρχειν
3814 5364 3929 5415 qua!

2378 5436 2678 5496 sequuntur
2712 5424 3149 5496 meditanteque
3182 5420 3263 5496 _ad_
3292 5417 3529 5496 τολμῶσι
3565 5418 3821 5496 inclusive
3853 5419 3930 5496 sic

2373 5482 2541 5548 codex
2577 5494 2696 5546 Vat.
2744 5491 2847 5547 650
2890 5482 3126 5549 exhibet,
3172 5490 3356 5553 ἁπλῶς
3391 5482 3567 5558 ἀὐτὴν
3616 5482 3751 5539 εἶναι
3778 5486 3927 5555 νομί-

2371 5562 2577 5627 ζουσιν,
2608 5563 2825 5615 ἐπειδὰν
2866 5562 3018 5613 αὐτοὶ
3072 5559 3328 5629 τολμῶσι.
3368 5557 3532 5629 Vers.
3570 5558 3663 5608 nit.
3704 5571 3788 5629 ep.
3821 5559 3927 5609 inec

2380 5624 2573 5695 ιἐιίιιι,
2588 5630 2681 5684 τοῦ
2719 5631 2917 5683 διδόναι
2963 5631 3143 5692 αὐτοῖς
3170 5624 3241 5680 ’τὸ
3270 5626 3629 5699 σιτομέτριον,
3675 5624 3867 5679 absuut
3897 5645 3922 5677 ει

2380 5707 2492 5757 red.
2529 5701 2645 5755 Vni.
2688 5701 2810 5754 650.
2842 5699 2914 5751 io.

2375 5715 2492 5757 (⁵ου.
2532 5715 2645 5755 Vill.
2688 5715 2810 5754 υῧυ.
2842 5715 2914 5751 ID.
