4150 6526
220 544 354 608 1229
1098 536 1630 601 EPISTOLARUM
1669 535 1807 596 LIB.

1911 533 1951 593 ἶ.
1990 558 2057 567 ’-
2095 533 2333 593 EPIST.
2372 534 2624 592 CXLVI.
3350 523 3482 586 ιω

217 655 359 708 οὕτω
386 654 446 707 τὸ
478 653 702 707 σπάνιον
735 654 1169 726 ἐνδεικνυμένης,
1192 653 1267 715 ὡς
1291 653 1382 705 καὶ
1416 649 1799 719 ἐπαπορητικῇ

1911 658 2010 696 non
2047 644 2240 707 simus,
2271 654 2324 698 et
2356 645 2629 713 negligere
2659 640 2836 709 aliqua
2861 679 2875 705 ,
2909 635 3125 689 tametsi
3169 649 3274 687 non
3311 637 3486 701 negli-

219 743 525 816 χρήσασθαι
555 744 732 810 λέξει·
770 763 789 798 ‹
851 744 945 807 Τίς
985 745 1094 813 ἄρα
1126 742 1272 795 ἐστὶν
1316 741 1343 792 ὁ
1392 738 1582 801 πιστῆς
1615 735 1800 796 δοῦλος

1911 751 2134 802 gamus:
2190 743 2244 788 el
2290 735 2419 791 alios
2448 736 2664 805 quidem
2718 730 3091 788 moderatione
3136 736 3187 779 et
3232 727 3489 796 atquitate

218 838 312 890 καὶ
341 836 622 907 φρόνιμος,
658 837 717 888 ὃν
747 838 1077 907 καταστήσει
1105 837 1132 888 ὁ
1156 836 1357 905 Κύριος
1380 833 1471 885 ἐπὶ
1497 833 1592 899 τῆς
1621 828 1797 888 οἰκίας

1911 827 2074 881 animi
2104 842 2299 881 sanare
2320 870 2334 894 ,
2369 829 2505 882 alios
2533 841 2661 881 vero
2694 824 3071 894 separatione:
3108 836 3164 880 et
3200 825 3334 879 alios
3364 821 3487 887 unl-

216 926 381 980 αύτοῦ
401 967 414 989 ,
445 925 538 978 τοῦ
572 926 767 979 διδόναι
799 927 977 988 αὐτοῖς
1007 925 1066 978 τὸ
1092 924 1469 994 σιτομέτριον;
1511 940 1528 970 ι

1911 920 2026 973 dem
2057 920 2280 975 vincere
2308 937 2323 986 ;
2379 920 2446 974 ab
2479 919 2600 974 aliis
2641 929 2822 974 autem
2847 921 2991 974 vinci
3044 933 3260 990 quoque
3292 917 3486 977 videri.

216 1019 415 1086 quibus
443 1019 694 1076 videlicet
733 1023 833 1076 hoc
859 1019 1090 1090 expedit.
1129 1018 1292 1091 5,95
1345 1019 1482 1073 Cum
1514 1015 1679 1084 igitur
1744 1022 1823 1067 tot
1862 1022 2082 1084 tamque
2159 1014 2474 1084 multiplicia
2520 1016 2632 1070 sint
2679 1031 2883 1084 genera
2949 1025 3006 1070 ct
3072 1015 3386 1069 morborum
3437 1021 3493 1066 et

218 1111 569 1176 auxiliorum,
601 1127 776 1182 neque
809 1127 998 1167 omnes
1035 1111 1226 1166 iisdem
1256 1111 1469 1174 cedant,
1499 1107 1592 1162 sed
1639 1106 1802 1161 etiam
1843 1115 2030 1162 contra
2069 1107 2136 1162 ad
2169 1109 2435 1162 deteriora
2475 1122 2860 1176 nonmmquam
2897 1116 3117 1178 peccata
3157 1107 3490 1161 admittenda

218 1202 542 1258 irritentur:
599 1207 752 1272 quis,
799 1219 1004 1273 quteso,
1057 1212 1150 1256 aut
1183 1202 1361 1256 omnia
1393 1201 1561 1264 scire,
1608 1209 1700 1252 aut
1736 1197 1866 1252 huic
1908 1207 2060 1252 tanto
2092 1200 2302 1253 muneri
2359 1214 2454 1268 par
2483 1215 2602 1255 esse
2629 1210 2823 1268 queat,
2867 1200 2970 1254 nisi
3009 1201 3223 1254 divinus
3255 1199 3492 1268 Spiritus

221 1295 464 1348 animum
501 1295 672 1363 ipsius
700 1295 1032 1349 illustrarit!
1077 1295 1183 1348 Sed
1211 1293 1337 1363 quia
1381 1292 1667 1361 imperium
1699 1289 1800 1345 sibi
1838 1289 2008 1359 probe
2073 1291 2365 1345 convenire
2432 1291 2780 1355 existimant,
2843 1291 2964 1346 ideo
3011 1299 3218 1345 tantum
3269 1299 3493 1345 sumunt

220 1387 461 1441 audaciae
487 1386 570 1457 (ut
593 1388 966 1457 episcopatum
1001 1384 1301 1455 invadant),
1339 1399 1511 1452 neque
1542 1383 1660 1452 ejus
1694 1382 2069 1438 difﬁcultatem
2095 1383 2339 1438 muneris
2402 1382 2542 1452 apud
2611 1384 2854 1437 animum
2927 1383 3346 1453 perpendentes,
3401 1397 3494 1436 ne-

218 1493 326 1548 que
358 1493 544 1535 vocem
577 1477 915 1534 Dominicam
953 1477 1256 1540 audientes,
1296 1490 1416 1544 quae
1449 1476 1584 1530 adeo
1615 1490 1798 1529 rarum
1840 1475 2118 1545 negotium
2145 1489 2265 1529 esse
2295 1473 2634 1529 demonstrat
2699 1475 2782 1542 (ut
2807 1475 2929 1544 quis
2998 1475 3136 1529 bene
3169 1475 3218 1529 ei
3262 1475 3488 1543 pra-stt).

219 1576 278 1622 ut
305 1569 471 1622 etiam
505 1569 868 1623 dubitabunda
897 1570 1148 1623 oratione
1186 1581 1313 1620 usus
1347 1565 1532 1634 fuerit,
1565 1565 1788 1620 dicens:
1837 1583 1856 1615 ‹
1881 1565 2036 1631 Quis,
2087 1575 2267 1635 putas,
2318 1573 2405 1620 est
2452 1564 2625 1619 lidelis
2689 1579 2879 1621 servus
2911 1573 2964 1620 et
3033 1567 3294 1635 prudens,
3330 1579 3490 1634 quem

215 1662 514 1718 constituet
552 1660 812 1717 Dominus
847 1677 1010 1732 super
1048 1662 1304 1716 familiam
1348 1677 1502 1716 suam
1530 1700 1547 1725 ,
1609 1669 1667 1714 ut
1695 1661 1788 1716 det
1835 1659 1942 1716 illis
1976 1662 2378 1716 demensum?»

507 1781 704 1848 Ριιιςῖο.
742 1813 812 1824 -
848 1781 1109 1854 ΙΣΙΔΩΡῼ
1145 1782 1516 1853 ΕΠιΣιςοιιο.

563 1887 585 1922 ι
621 1871 732 1925 Καὶ
762 1872 1086 1942 ἀπαλλάξῃ
1118 1873 1388 1939 τούτους.
1429 1893 1448 1926 ι

294 1980 361 2034 Τί
405 1980 575 2044 ἐστιν,
630 1981 786 2051 ἔφης,
847 2001 864 2033 ι
897 1981 1006 2035 Καὶ
1064 1982 1347 2053 ἀπαλλάξῃ
1396 1981 1647 2048 τούτους,
1689 1983 1803 2034 dum

219 2069 370 2142 φόϐῳ
411 2070 645 2125 θανάτου
689 2073 776 2141 δια
823 2071 1138 2144 σύμπαντος
1177 2074 1287 2145 (64)
1344 2073 1440 2127 τοῦ
1478 2074 1580 2145 ζῇν
1625 2072 1801 2144 ἔνοχοι

213 2156 359 2234 ἦσαν
405 2162 681 2229 δουλείας;
724 2182 742 2214 ι
791 2166 993 2218 Ἀκουε
1023 2165 1218 2219 τοίνυν.
1259 2165 1370 2236 υύχ
1404 2168 1432 2219 ὁ
1470 2165 1719 2230 θάνατος,
1756 2161 1802 2220 ὦ

221 2255 486 2325 βέλτιστε,
530 2256 666 2309 ἀλλὰ
693 2256 752 2309 τὸ
785 2256 1136 2326 δικαστήριον
1164 2256 1225 2310 τὸ
1258 2257 1397 2328 μετὰ
1424 2258 1515 2322 τὸν
1549 2258 1800 2324 Θάνατον,

219 2348 520 2420 ἀποτρέπει
546 2347 655 2401 τῶν
689 2349 1122 2421 ἁμαρτημάτων.
1153 2351 1213 2402 Οἱ
1236 2351 1343 2421 γὰρ
1371 2350 1612 2414 ἀσεϐεῖς,
1649 2369 1804 2405 σπιν-

218 2440 363 2512 θῆρα
395 2441 717 2511 νομίσαντες
763 2437 899 2494 εἶναι
947 2441 1046 2512 τὴν
1082 2442 1286 2512 ψυχὴν,
1327 2436 1388 2495 οὗ
1438 2443 1805 2498 ἀποσϐεσθέν-

215 2548 310 2594 τος
340 2530 449 2602 (65)
473 2571 488 2596 ,
519 2532 594 2594 ὡς
629 2531 869 2600 ἔφασαν,
912 2532 1086 2606 τέφρα
1108 2534 1446 2604 ἀποϐήσεται
1476 2533 1557 2598 τὸ,
1604 2534 1765 2604 σῶμα
1784 2575 1801 2599 ,

222 2626 383 2697 μόνον
421 2625 672 2678 τεθνᾶναι
702 2624 1046 2693 νομίζοντες,
1090 2627 1164 2696 μὴ
1196 2626 1476 2697 κρίνεσθαι
1512 2627 1567 2680 δὲ
1599 2627 1804 2697 (ταῦτα

217 2718 328 2790 γάρ
371 2719 428 2770 ἐν
462 2721 530 2788 τῆ
562 2717 1018 2787 ἐπιγεγραμμένη
1063 2716 1232 2788 Σοφίᾳ
1273 2718 1620 2787 Σολομῶντος
1655 2719 1805 2789 είρήο

220 2825 413 2868 κασιν,
447 2807 521 2870 ὡς
564 2805 748 2870 οἷσοα’
788 2807 836 2859 εί
866 2806 911 2859 δ’
945 2809 1190 2874 ἀγνοεῖς,
1228 2807 1410 2862 λαϐὼν
1444 2809 1581 2878 μετά
1615 2813 1804 2880 χεῖρας

216 2900 283 2952 τὺ
329 2899 569 2970 βιϐλίον,
634 2900 830 2969 εἴσῃ),
884 2899 1037 2953 οὐδὲν
1099 2900 1380 2970 ἄπρακτον
1443 2903 1665 2956 εἴασανο
1728 2902 1805 2965 ὡς

219 2989 330 3060 γὰρ
379 2990 578 3059 μηκέτι
625 2989 778 3052 ὄντες
833 2989 970 3059 μετὰ
1016 2988 1277 3055 θάνατον,
1333 2992 1511 3044 πάντα
1556 2991 1688 3062 δρᾷν
1738 2993 1807 3046 τὰ

217 3080 487 3152 αἰσχύνης
516 3081 610 3134 καὶ
640 3080 890 3135 Θανάτων
935 3082 1047 3151 (66)
1089 3083 1184 3135 καὶ
1214 3082 1494 3145 κολάσεως
1522 3084 1648 3147 ἄξια
1701 3085 1805 3137 tuo

218 3173 499 3244 εχείρουν,
542 3172 826 3239 λέγοντες·
865 3191 885 3223 r
925 3171 1072 3242 Αὕτη
1107 3174 1140 3243 ἡ
1195 3175 1353 3243 μερὶς
1400 3174 1594 3244 ἡμῶν,
1631 3175 1727 3228 καὶ
1776 3176 1806 3228 ὀ

2156 1774 2389 1831 CXLVI.
2433 1806 2500 1816 —
2550 1775 2825 1833 lSlDORO
2874 1775 3228 1834 EPISCOPO.

2302 1888 2321 1921 ‹
2359 1867 2427 1922 Et
2461 1869 2705 1925 liberaret
2735 1887 2822 1925 eos
2847 1872 2916 1936 ",
2955 1891 2974 1923 ι
3012 1881 3118 1926 etc.

1983 1980 2292 2046 Quaesivisti
2335 1981 2463 2051 quid
2500 1983 2572 2035 sit
2601 1983 2770 2037 illud:
2821 2001 2841 2034 ι
2865 1981 2931 2036 Ει
2959 1981 3219 2037 liberaret
3250 1996 3365 2044 eos.
3394 1985 3490 2053 qul

1913 2070 2107 2125 timore
2137 2072 2331 2125 mortis
2358 2085 2458 2140 per
2486 2079 2654 2126 totam
2686 2072 2851 2125 vitam
2883 2070 3104 2125 obnoxii
3136 2079 3294 2124 erant
3321 2071 3498 2124 servi-

1913 2162 2067 2216 tuti.»
2109 2161 2369 2218 Ausculta
2399 2163 2582 2231 igitur.
2643 2161 2757 2217 Non
2791 2176 2941 2217 mors
2971 2163 3111 2229 ipsa,
3132 2176 3166 2216 o
3199 2161 3362 2224 bone,
3397 2162 3494 2216 sed

1904 2253 2172 2323 judicium
2196 2292 2214 2318 ,
2241 2252 2388 2322 'quod
2432 2262 2556 2323 post
2592 2262 2820 2308 mortem
2856 2253 3100 2307 futurum
3129 2264 3246 2318 est,
3280 2253 3487 2307 avertit

1909 2359 1940 2398 a
1968 2345 2226 2412 peccatis.
2289 2344 2448 2415 lmpii
2479 2345 2623 2399 enim
2663 2359 2788 2399 cum
2824 2345 3199 2400 existimarent
3246 2346 3490 2399 animam

1908 2450 2032 2491 esse
2057 2436 2350 2490 scintillam
2371 2436 2686 2506 quamdam,
2720 2452 2824 2508 qua
2843 2438 3139 2503 exstincta,
3165 2449 3224 2490 ut
3247 2437 3487 2501 aiebant,

1911 2542 2108 2597 corpus
2166 2529 2217 2582 in
2251 2530 2492 2584 cinerem
2536 2527 2743 2594 abibit,
2798 2529 2934 2584 mori
2975 2544 3034 2584 se
3067 2539 3272 2583 tantum
3311 2530 3492 2598 (more

1910 2621 2218 2690 brutorum)
2256 2630 2528 2691 putantes,
2561 2637 2668 2676 non
2699 2633 2881 2676 autem
2915 2622 3062 2692 (post
3100 2622 3353 2691 mortem)
3405 2623 3495 2690 ju-

1910 2711 2118 2766 dicari:
2151 2711 2290 2782 (hac
2315 2712 2461 2766 enim
2497 2712 2622 2766 talia
2656 2713 2707 2765 in
2739 2713 2876 2767 libro
2907 2712 2998 2782 qui
3029 2712 3307 2780 Sapientia
3337 2711 3496 2767 Salo—

1911 2804 2090 2857 monis
2134 2803 2542 2870 inscribitur",
2585 2805 2860 2862 dixerunt.
2909 2813 2966 2857 ut
3011 2803 3198 2858 nosti:
3244 2810 3388 2872 quod
3441 2807 3485 2858 si

1911 2896 2115 2959 nescis,
2148 2910 2302 2951 sume
2339 2898 2392 2950 in
2429 2911 2622 2950 manus
2651 2911 2774 2951 eum
2819 2896 3045 2960 librum,
3075 2907 3129 2951 et
3158 2897 3316 2965 scies)
3363 2897 3494 2950 nilnl

1911 2990 2234 3043 intentatum
2263 2989 2346 3044 vel
2411 2989 2660 3044 inausum
2699 2990 3103 3059 relinquebant.
3173 2990 3289 3044 Non
3337 2991 3496 3045 aliter

1909 3081 2054 3135 enim
2082 3095 2148 3136 ac
2173 3081 2218 3135 si
2249 3090 2370 3152 post
2393 3093 2622 3137 mortem
2654 3097 2757 3136 non
2779 3083 3009 3152 amplius
3039 3082 3204 3138 futuri
3223 3083 3491 3143 “essent.

1909 3173 2095 3228 omnia
2144 3173 2346 3241 probro
2396 3187 2462 3228 ac
2518 3175 2723 3242 pudore
2775 3182 2830 3228 et
2885 3167 3070 3228 multis
3121 3174 3388 3229 mortibus
3441 3185 3496 3228 et

218 3263 421 3333 κλῆρος
476 3260 649 3326 οὗτος.
713 3283 731 3316 ι
771 3261 914 3316 *Ηκε
955 3263 1132 3317 τοίνυν
1175 3264 1202 3315 ὁ
1255 3266 1482 3335 Σωτὴρ,
1531 3266 1670 3336 μετά
1696 3266 1804 3321 τῶν

1911 3265 2177 3334 supplicio
2239 3264 2401 3334 digna
2459 3280 2620 3334 agere
2678 3266 2917 3336 aggressi
2987 3276 3137 3329 sunt,
3199 3268 3490 3322 dicentes:

218 3355 418 3418 ἄλλοιν,
450 3348 524 3407 ὧν
561 3354 914 3425 κατώρθωσε,
948 3355 1042 3407 καὶ
1086 3354 1290 3423 ταύτης
1324 3355 1651 3419 ἀπαλλάξων
1681 3357 1808 3419 τοὺς

219 3445 543 3517 ἀνθρώπους
587 3447 685 3517 τῆς
725 3447 998 3510 ὑπονοίας.
1034 3444 1145 3517 Τὴν
1173 3445 1281 3516 γὰρ
1321 3446 1418 3515 τῆς
1455 3445 1635 3516 ψυχῆς
1673 3445 1807 3499 ἀθα-

219 3537 415 3590 νασίαν
457 3536 814 3607 ὁρισάμενος,
850 3537 907 3588 ὲν
945 3535 1023 3606 τῷ
1067 3536 1268 3605 φάναι’
1320 3554 1336 3586 ι
1384 3536 1494 3604 Τὴν
1541 3535 1597 3588 δὲ
1630 3536 1810 3607 ψυχὴν

223 3628 302 3698 μὴ
347 3627 658 3697 δυναμένων
702 3628 1055 3681 ἀποκτεῖναι·
1103 3626 1198 3679 καὶ
1245 3626 1342 3696 τὴν
1384 3627 1494 3678 τῶν
1538 3627 1809 3697 σωμάτων

221 3719 522 3773 ἀνάστασιν
552 3719 1045 3788 εύαγγελισάμενος
1072 3718 1160 3771 διὰ
1200 3717 1295 3770 τοῦ
1326 3720 1519 3771 εἰπεῖν·
1557 3740 1575 3771 ι
1619 3719 1706 3772 Ἑν
1741 3722 1807 3792 τῇ

223 3812 518 3866 ἀναστάσει
555 3811 662 3864 τῶν
696 3811 906 3880 νεκρῶν
936 3810 1059 3865 οὔτε
1089 3811 1360 3880 γαμοῦσιν
1391 3810 1515 3864 οὔτε
1539 3813 1806 3883 γαμίζον-

221 3921 347 3964 ται,
396 3903 511 3956 ἀλλ’
543 3903 754 3956 ἔσονται
786 3903 861 3966 ὡς
892 3902 1005 3972 (67)
1049 3903 1292 3972 ἄγγελοιο
1331 3921 1350 3952 ›
1393 3903 1494 3973 τήν
1522 3921 1581 3957 τε
1629 3905 1811 3975 κρίσιν

225 3994 475 4066 μηνύσας
513 3994 599 4047 διὰ
637 3994 845 4047 πολλῶν
881 3995 977 4064 μὲν
1008 3994 1184 4047 ἄλλων
1209 4033 1223 4055 ,
1261 3997 1355 4048 καὶ
1394 3996 1453 4047 ὲν
1488 3995 1568 4067 τῷ
1603 3997 1810 4068 φρᾶσαι

221 4087 281 4139 δέ
303 4103 316 4116 ·
354 4104 372 4137 ι
418 4085 695 4156 Φοϐηθῆτε
727 4085 815 4138 τὸν
847 4085 1144 4155 δυνάμενον
1184 4089 1277 4138 καὶ
1307 4087 1484 4157 ψυχὴν
1528 4088 1621 4140 καὶ
1652 4087 1808 4158 σῶμα

221 4176 487 4230 ἀπολέσαι
521 4179 576 4229 ὲν
628 4177 818 4247 γεέννῃ
845 4194 858 4208 ο
905 4195 924 4228 ι
970 4177 1151 4246 πάσης
1181 4179 1396 4243 ἐκείνης
1439 4179 1810 4250 ἠλευθέρωσεν

221 4267 476 4330 ἅπαντας
508 4265 607 4335 τῆς
639 4264 920 4330 ὑπονοίους
954 4266 1093 4338 (68)·
1130 4267 1334 4337 μᾶλλον
1362 4267 1406 4320 δ’
1444 4267 1808 4338 ἀληθέστερον

223 4360 432 4420 εἰπεῖν,
481 4357 577 4426 τῆς
612 4356 876 4417 δουλείας.
925 4358 1000 4411 Τὸ
1029 4357 1139 4429 γὰρ
1177 4357 1320 4411 Θεῖον
1364 4358 1717 4431 δικαστήριον
1751 4362 1810 4412 ἐν

223 4449 303 4518 νῷ
329 4448 696 4520 λαμϐάνοντες
717 4490 731 4513 ,
765 4451 861 4504 καὶ
905 4451 981 4514 ὡς
1027 4450 1165 4520 πρὸς
1194 4451 1396 4504 σκοπὸν
1433 4451 1494 4503 τὸ
1521 4450 1676 4521 ὄμμα
1701 4451 1812 4504 τεί-

224 4557 430 4602 νοντες,
466 4541 558 4593 καὶ
592 4541 745 4594 οὐδὲν
773 4541 977 4609 φαῦλον
1002 4543 1207 4614 πρᾶξαι
1241 4543 1595 4616 τολμήσειαν.
1637 4539 1807 4612 Οἶμαι

1916 3357 2073 3412 «Haec
2088 3366 2172 3412 est
2198 3373 2325 3424 pars
2353 3368 2537 3411 nostra
2560 3368 2614 3412 et
2643 3359 2932 3413 hatreditas
2949 3369 3132 3414 nostra
3158 3369 3244 3415 est
3265 3360 3370 3415 ista
3389 3361 3453 3414 “.
3471 3380 3489 3412 ο

1911 3445 2091 3514 Quare
2141 3447 2289 3500 venit
2341 3446 2616 3513 Salvator,
2687 3459 2886 3517 praeter
2935 3448 3040 3503 alia
3104 3450 3320 3522 (multa)
3377 3465 3499 3518 qua:

1911 3535 2171 3602 praeclare
2207 3525 2380 3604 gessit
2424 3552 2488 3590 ac
2520 3532 2790 3603 restituit,
2845 3541 2946 3593 hac
2986 3541 3148 3594 etiam
3184 3542 3497 3610 suapicione

1913 3626 2528 3684 hominesliberaturus.
2566 3627 2700 3682 Nam
2733 3645 2856 3684 cum
2881 3631 3072 3685 animus
3111 3633 3493 3687 iuunortalita-

1913 3727 2020 3775 tem
2052 3717 2386 3776 deﬁnivisset
2419 3736 2513 3789 per
2541 3722 2592 3775 id
2622 3722 2951 3790 quoddixit:
2996 3725 3280 3778 «Animam
3311 3737 3492 3780 autem

1911 3810 2160 3866 occidere
2204 3825 2308 3864 non
2350 3811 2724 3880 possunt";i
2761 3828 2879 3867 cum
2917 3813 3042 3868 item
3080 3829 3369 3883 corporum
3407 3832 3494 3869 re-

1911 3903 2308 3958 surrectionem
2352 3904 2739 3958 annuntiasset
2775 3920 2869 3974 per
2920 3903 2972 3960 ιιι
3009 3905 3150 3973 quod
3180 3907 3358 3961 dixit:
3395 3925 3414 3957 ι
3439 3905 3495 3959 In

1913 3992 2315 4046 resurrectione
2341 4002 2678 4046 mortuorum
2714 4006 2886 4060 neque
2913 3993 3118 4047 ducunt
3153 4009 3375 4058 uxores,
3406 4010 3500 4046 ne—

1912 4098 2018 4152 que
2051 4091 2276 4152 nuptum
2309 4083 2528 4147 dantur,
2563 4085 2655 4138 sed
2689 4097 2848 4140 erunt
2883 4095 3138 4154 tanquam
3173 4087 3346 4156 angeli
3373 4088 3419 4122 ⁸⁸
3441 4104 3490 4152 ;ο

1913 4189 2148 4244 cumque
2195 4174 2824 4252 judicium_supremum
2879 4177 3240 4248 signiﬁcasset
3294 4180 3491 4252 partim

1913 4266 2036 4320 aliis
2079 4264 2262 4320 multis
2295 4233 2496 4328 verbis',
2541 4267 2734 4335 partim
2765 4282 2830 4322 eo
2866 4233 2990 4322 du‘in
3024 4269 3200 4324 dixit:
3254 4248 3495 4324 «Timete

1913 4373 2035 4414 eum
2077 4358 2168 4428 qui
2220 4367 2401 4428 potest
2447 4368 2503 4414 et
2543 4353 2780 4414 animam
2831 4371 2886 4416 ct
2921 4377 3117 4432 corpus
3163 4364 3392 4432 perdere
3441 4363 3492 4417 lu

1912 4450 2278 4520 gehennam;
2315 4464 2506 4506 omnes
2533 4451 2679 4505 omni
2716 4453 2803 4507 illa
2842 4455 3172 4525 suspicione,
3199 4455 3282 4510 vel
3317 4458 3497 4526 potius

1913 4542 1991 4601 (ut
2023 4541 2204 4595 verius
2234 4539 2437 4611 dicam)
2469 4543 2754 4609 servitute,
2809 4545 3027 4614 penitus
3071 4545 3342 4603 liberavit.
3401 4549 3492 4603 Di-

226 4629 328 4700 μὲν
378 4625 471 4684 οὖν
523 4629 916 4702 σεσαφηνίσθαι
960 4631 1020 4685 τὸ
1057 4633 1241 4705 ῥητόν.
1281 4634 1345 4686 Et
1393 4634 1449 4686 δὲ
1497 4637 1592 4688 καὶ
1636 4651 1806 4706 μετα-

1917 4634 2096 4686 vinum
2129 4649 2364 4704 natnque
2389 4634 2653 4702 judicium
2673 4638 2814 4705 apud
2844 4642 3084 4694 animum
3115 4639 3407 4711 agitantes,
3440 4653 3494 4695 et

221 4721 528 4791 φρασοῆναι
568 4722 701 4776 αὐτὸ
733 4721 941 4792 βούλει,
997 4724 1270 4794 φήσαιμιο
1312 4724 1528 4795 Ἐπειδὴ
1559 4725 1635 4788 ὡς
1672 4725 1802 4796 μέλ-

221 4810 406 4876 λοντες
436 4813 822 4885 ἀποθνήσκειν,
855 4813 1176 4868 ὲδούλευσαν
1198 4815 1432 4882 ἀφειδῶς
1459 4815 1591 4878 ’ταῖς
1619 4816 1801 4886 ἀμαρ-

221 4903 367 4964 τίαις
420 4902 482 4973 (ὁ
521 4905 629 4976 γὰρ
669 4903 764 4957 τοῦ
796 4903 1028 4958 θανάτου
1076 4905 1260 4975 φόϐος,
1316 4906 1576 4978 βλοσυρὸν
1620 4909 1803 4971 αὐτοῖς

220 4994 447 5064 ἐνορῶν,
481 4996 574 5048 καὶ
600 4995 698 5066 τὴν
719 4994 812 5049 τοῦ
846 4995 1042 5068 μηκέτι
1074 4992 1215 5050 εἶναι
1246 4997 1452 5051 ἔννοιαν
1477 4999 1697 5061 τίκτων,
1725 5001 1803 5061 εἰς

221 5088 405 5138 πᾶσαν
444 5087 641 5149 αὐτοὺς
673 5087 919 5141 δουλείαν
951 5088 1230 5160 ἁμαρτίας
1269 5089 1674 5161 παρέπεμπε),
1721 5091 1809 5143 διὰ

217 5244 269 5278 ³³
308 5241 470 5297 llebr.
498 5259 559 5307 tt,
597 5245 682 5298 15»
754 5245 801 5276 ⁸³
840 5244 970 5314 Sap.
1016 5262 1074 5308 ιι,
1107 5245 1129 5298 1
1171 5262 1327 5316 seqq.

1405 5248 1453 5278 ⁸⁸
1489 5248 1616 5301 lliltl.
1644 5247 1696 5300 9.

1784 5249 1829 5278 ⁸⁸
1859 5249 2047 5303 Matth.
2084 5266 2136 5311 ι,
2164 5250 2253 5304 28.
2333 5250 2378 5282 ⁸⁸
2406 5252 2601 5304 Matth.
2643 5269 2774 5317 χχιι,
2812 5253 2898 5306 50.

1913 4739 1978 4778 co
2008 4734 2262 4795 tanquam
2312 4727 2379 4779 ad
2433 4741 2657 4795 scopum
2691 4729 2988 4799 dirigentes
3021 4732 3236 4786 oculqu
3275 4736 3494 4798 mentis,

1916 4815 2048 4869 nihil
2084 4832 2322 4887 unquam
2360 4819 2483 4872 mali
2518 4815 2694 4875 facere
2724 4821 3019 4876 audebunt.
3057 4825 3237 4896 Atque
3267 4825 3354 4879 bis
3373 4828 3494 4894 qui.

1913 4910 2035 4965 dent
2087 4911 2350 4965 hactenus
2400 4919 2530 4979 pulo
2562 4927 2590 4963 a
2633 4927 2718 4966 me
2747 4914 2950 4969 dictum
3008 4914 3140 4968 illud
3184 4917 3490 4986 expositum

1916 5016 2038 5056 esse
2089 5003 2244 5059 satis.
2311 5002 2463 5069 Quod
2512 5004 2557 5059 si
2595 5005 2760 5057 etiam
2804 5019 2832 5058 a
2885 5020 2970 5060 me
3025 5005 3289 5074 postulas.
3339 5016 3394 5059 ut
3437 5007 3489 5060 id

1918 5093 2250 5161 metaphrasi
2295 5094 2528 5162 quadam
2581 5094 2848 5148 illustrem
2895 5095 3041 5166 (aliis
3073 5097 3254 5151 verbis
3304 5098 3494 5152 eadrut

2995 5255 3039 5286 "
3081 5254 3270 5313 Matth.
3308 5274 3358 5322 ι,
3404 5259 3493 5310 98.

1345 5383 1581 5437 VAlll/‘E
1617 5383 2001 5439 LECTIONES
2031 5383 2118 5438 ΕΤ
2153 5385 2385 5441 NOTAE.

292 5509 405 5578 (64)
441 5508 542 5564 Pro
578 5511 892 5581 σύμπαντος
937 5514 1058 5568 cod.
1104 5513 1278 5569 Vatic.
1332 5514 1438 5570 650
1483 5518 1676 5571 scribit
1715 5519 1802 5572 διὰ

219 5582 441 5641 παντὸς.
479 5581 684 5635 Possm.

293 5649 408 5718 (65)
438 5650 920 5718 ,Ἀποσϐεσθέντος
971 5663 1143 5708 mutat
1203 5655 1344 5708 idem
1396 5657 1516 5710 cod.
1567 5657 1622 5710 iu
1668 5657 1800 5709 ἀπο-

219 5717 634 5787 σκευασθέντος,
668 5722 844 5775 minus
872 5727 1174 5787 commode,
1219 5733 1276 5776 ut
1313 5727 1540 5779 videtur.
1577 5727 1649 5780 lo.

220 5786 406 5910 fl(6561))
439 5787 607 5841 Verba
629 5790 713 5843 illa
749 5792 842 5843 καὶ
866 5792 1109 5846 Θανάτων
1143 5786 1280 5849 idem
1313 5797 1431 5849 cod.
1466 5807 1610 5850 recte
1639 5797 1799 5850 omit-

249 5873 260 5907 ι
292 5895 304 5908 .
404 5895 417 5909 .

296 5927 410 5996 (67)
443 5928 585 5983 inter
623 5930 698 5992 ὡς
745 5939 797 5985 et
838 5931 1061 5999 ἄγγελοι
1102 5935 1240 5988 idem
1314 5936 1434 5989 cod.
1485 5935 1675 5991 inserit
1721 5938 1790 5992 οἱ.
1861 5936 1864 5938 ⁷

1914 5521 2031 5574 Mox
2065 5531 2184 5603 post
2215 5523 2404 5603 κρίσιν
2437 5527 2942 5603 γθξιιιιηι-μηνύσας
2990 5541 3148 5601 auget
3203 5535 3494 5603 prtcpositn

2095 5592 2247 5716 ἵξις.
2316 5598 2438 5649 inde
2489 5597 2542 5663 2,
2597 5592 2870 5669 φοϐηθῆτε
2925 5592 3275 5656 οηιθιῖιίιιῑῚη
3318 5592 3494 5676 ’φοιϐή-

1975 5732 2090 5802 (68)
2139 5733 2452 5809 Ἥπονοίους
2493 5739 2746 5809 mu_lat_i_n
2777 5738 3033 5808 ὑποψίας,
3066 5750 3121 5795 et
3163 5757 3306 5795 vers.
3375 5754 3493 5809 post

1907 5802 1940 5855 5
1968 5813 2091 5854 ante
2117 5802 2272 5877 οὺϐξν
2301 5807 2464 5877 _tollit
2503 5807 2618 5877 καί.
2673 5805 2828 5864 Vens.
2883 5802 3027 5864 inde
3056 5812 3109 5877 5,
3167 5802 3493 5867 adedit-tuom

1909 5881 2079 5925 :uutat
2116 5874 2166 5926 itt
2196 5873 2492 5929 ὶδούλευον.
2521 5875 2594 5931 lo.
