4150 6478
734 421 863 489 1231

1929 424 1989 485 S.
2042 422 2332 484 ISIDORI
2371 420 2806 482 PELUSIO’I‘E

3830 404 3957 486 m

723 548 979 605 expressa
1023 534 1312 602 sententia)
1369 531 1448 587 sic
1493 532 1759 588 dixerim:
1827 529 2088 601 Q‘uouiam
2142 535 2258 590 velu

2389 533 2544 585 τοῦτο
2575 526 2707 601 ἧκεν
2736 529 2847 601 (09)
2877 530 2904 583 ὁ
2932 528 3183 601 Χριστὸς,
3210 527 3304 583 καὶ
3335 529 3537 601 ταύτης
3563 529 3762 595 αὐτοὺς
3789 494 3954 585 dmi}

725 626 968 682 morituri
1048 625 1168 679 sine
1206 623 1410 694 pudore
1440 620 1641 678 aﬂatim
1689 625 1997 679 servierunt
2049 625 2286 693 peccatis

720 716 1114 793 593(mortis
1144 732 1375 787 namque
1402 727 1596 781 metus,
1617 716 1921 771 truculento
1951 732 2046 773 suo
2066 725 2283 786 aspectu

720 826 817 865 eos
849 808 1124 875 territans,
1154 816 1208 861 et
1240 808 1617 878 cogitationem
1651 807 1769 876 ejus
1815 816 2007 872 status,
2038 822 2145 877 quo
2176 823 2280 863 non

720 898 951 969 amplius
1002 904 1204 962 eruut,
1258 898 1312 950 in
1363 896 1601 966 ipsorum
1653 895 1849 951 animis
1908 897 2167 968 gignens,
2226 898 2281 952 in

717 1004 932 1045 omnem
984 988 1187 1059 peccati
1229 986 1540 1041 servitutem
1573 987 1719 1055 ipsos
1748 986 2037 1058 detrusit),
2082 988 2283 1044 idcirco

714 1080 865 1134 venit
891 1077 1159 1140 Christus,
1187 1084 1242 1132 et
1280 1076 1381 1131 hac
1422 1091 1518 1133 eos
1548 1078 1810 1134 servitute
1838 1078 2091 1134 liberavit
2123 1089 2283 1150 atque

716 1158 935 1223 exemit.
1004 1166 1157 1235 Quod
1208 1167 1251 1221 si
1298 1181 1365 1221 ne
1411 1167 1491 1223 sic
1534 1165 1754 1237 quidem
1789 1166 1925 1223 satis
1961 1166 2281 1238 intelligitur

716 1259 962 1330 (dictum)
992 1258 1203 1314 dicetur
1235 1257 1454 1312 clarius.
1507 1258 1550 1310 Α
1580 1258 1766 1313 multis
1798 1258 1941 1314 enim
1966 1274 2071 1314 non
2101 1267 2278 1327 poteSt

713 1350 834 1419 capi
886 1361 1076 1406 sensus
1102 1349 1446 1420 apostolicus.
1509 1346 1579 1405 Ut
1631 1349 1907 1417 liberaret,
1960 1350 2152 1421 inquit,
2182 1336 2277 1406 eos

713 1451 855 1496 metu
889 1440 1099 1505 mortis,
1150 1456 1273 1512 qua:
1319 1441 1371 1495 in
1403 1440 1633 1496 nihilum
1687 1442 1832 1509 ipsos
1878 1432 2186 1511 redigeret,
2222 1450 2276 1495 et

711 1531 1001 1587 adduceret
1049 1531 1103 1586 in
1134 1526 1511 1602 cogitationem
1566 1530 1860 1601 incorrupti
1912 1530 2078 1595 illius,
2130 1531 2274 1601 quod

2391 622 2564 687 λάξων
2592 623 2692 691 τῆς
2721 622 2980 684 δουλείας.
3017 621 3081 674 El
3106 620 3162 674 δὲ
3196 620 3320 691 μηδ’
3348 619 3524 686 οὕτως
3559 619 3830 693 νενόηται,
3850 639 3949 683 ou,-

2391 715 2651 784 φέστερον
2678 715 2956 783 εἰρήσεται
2980 727 2996 755 ν
3027 711 3240 777 πολλοῖς
3268 711 3376 783 γάρ
3404 710 3681 783 ἁλώσιμον
3709 711 3812 768 οὐκ
3841 711 3949 767 ἔστι

2386 804 2447 856 τὸ
2468 804 2644 874 νόημα
2668 804 2729 856 τὸ
2751 802 3124 859 ἀποστολικόν.
3172 802 3521 871 mmmam,
3548 802 3707 875 φησι,
3736 801 3951 868 τούτους

2384 893 2479 947 τοῦ
2506 894 2669 961 φόὸου
2704 892 2794 945 τοῦ
2832 892 3087 958 θανάτου,
3115 892 3209 947 τοῦ
3239 893 3577 965 ἁνυπαρξίαν
3606 894 3793 958 αὐτοῖς
3821 896 3949 951 ἀπο-

2384 985 2659 1048 τελοῦντος
2682 1024 2695 1048 ,
2735 983 2831 1038 καὶ
2887 983 3087 1052 ἀγάγοι
3140 988 3221 1048 είς
3256 983 3467 1039 ἔννοιαν
3511 983 3605 1039 τοῦ
3662 984 3803 1056 μετὰ
3844 984 3941 1054 τὴν

2383 1077 2633 1132 ἐντεῦθεν
2702 1076 2960 1149 τελευτὴν
3060 1077 3355 1133 ἀδεκάστου
3425 1078 3790 1151 δικαστηρίου.
3850 1072 3951 1134 Οὖ-

2380 1185 2460 1222 τοι
2490 1167 2599 1239 (70)
2639 1169 3015 1243 γὰράσμενοι
3048 1167 3148 1239 τὴν
3190 1168 3285 1221 ἐπὶ
3313 1168 3412 1240 τὴν
3444 1169 3644 1241 ἀρετὴν
3685 1169 3949 1240 φέρουσαν

2380 1257 2495 1313 ὁδὸν
2526 1257 2766 1331 ἔτρεχον,
2796 1261 2863 1329 τῇ
2908 1258 3083 1312 ἑλπίδι
3112 1258 3222 1312 τῶν
3258 1258 3537 1327 στεφάνων
3568 1258 3946 1330 πτερούμενοι,

2379 1349 2473 1403 καὶ
2499 1351 2597 1420 τὴν
2632 1349 2903 1422 ἁμαρτίαν
2940 1349 3189 1419 ἔφευγον,
3226 1349 3305 1421 τῷ
3334 1348 3485 1420 φόϐῳ
3525 1348 3632 1403 τῶν
3676 1351 3946 1419 ἐσομένων

2376 1438 2674 1511 τιμωριῶν.
2718 1440 2780 1493 El
2842 1440 2898 1494 δὲ
2937 1442 3032 1494 καὶ
3086 1442 3166 1505 είς
3199 1426 3327 1495 ἄλλο
3375 1440 3666 1512 ἐνθύμημα
3701 1438 3890 1511 βλέπει
3919 1441 3947 1492 ὁ

2375 1527 2496 1593 νοῦς
2525 1530 2553 1582 ὁ
2585 1528 2961 1593 ἁποστολικδς,
2996 1528 3096 1598 τῆς
3125 1529 3396 1593 συνέσεως
3423 1529 3524 1599 τῆς
3553 1529 3652 1601 σῆς
3686 1530 3945 1597 ἐστιυκρί-

710 1631 828 1690 post
857 1621 1059 1677 exitum
1094 1635 1160 1676 ex
1194 1623 1298 1677 hac
1325 1622 1433 1677 vita
1475 1622 1712 1677 futurum
1742 1630 1826 1676 est
1848 1661 1863 1688 ,
1913 1620 2131 1688 iudicii.
2204 1620 2266 1675 Hi

2374 1636 2480 1673 ναι.
2537 1619 2694 1682 Εἰκὸς
2731 1618 2840 1691 γὰρ
2891 1619 2984 1672 καί
3031 1636 3083 1672 τι
3132 1618 3377 1674 τοιοῦτον
3429 1620 3591 1675 αὐτὸν
3636 1621 3941 1692 ἐμφαίνειν·

707 1713 852 1767 euim
902 1712 1087 1767 libenti
1121 1713 1302 1768 animo
1338 1713 1392 1768 in
1423 1713 1506 1767 via
1540 1713 1606 1767 ad
1635 1712 1885 1767 virtutem
1917 1712 2147 1768 ducente
2175 1712 2266 1767 de-

2386 1708 2601 1781 Ἐπειδὴ
2631 1711 2815 1765 πολλοὶ
2839 1712 2931 1765 τὸν
2959 1710 3188 1766 θάνατον
3209 1712 3458 1777 δεδιότες,
3491 1712 3566 1776 ὡς
3588 1714 3669 1775 είς
3698 1713 3942 1783 ἁνυπαρ-

706 1813 1031 1868 currerunt,
1060 1803 1205 1873 quod
1258 1818 1354 1874 spe
1404 1817 1723 1860 coronarum
1755 1803 1906 1873 quasi
1948 1802 2266 1872 quibusdam

2374 1800 2491 1866 ξίαν
2530 1802 3003 1872 παραπέμποντα,
3062 1802 3231 1856 πολλὰ
3280 1802 3375 1858 καὶ
3408 1802 3559 1875 παρὰ
3590 1802 3818 1875 γνώμην
3851 1802 3942 1857 καὶ

704 1891 805 1948 alis
832 1891 986 1948 fuere
1019 1892 1282 1959 subvecti,
1312 1900 1367 1948 et
1394 1901 1676 1964 peccatum
1708 1892 1982 1964 fugerunt,
2016 1902 2158 1949 metu
2192 1890 2266 1948 l‘u-

2367 1891 2564 1963 δρᾶσαι
2601 1892 2692 1945 καὶ
2721 1890 2916 1945 παθεῖν
2941 1890 3143 1962 αἰσχρὰ
3178 1893 3472 1963 ὑπέμενον,
3504 1893 3590 1946 ἵνα
3618 1892 3729 1963 l7l)
3756 1893 3834 1963 μὴ
3861 1908 3939 1943 τι·

706 1991 952 2037 turorum
987 1973 1392 2052 suppliciorum.
1433 1979 1587 2049 Quod
1611 1983 1655 2039 si
1686 1983 1849 2038 etiam
1883 1983 2046 2038 aliam
2074 1998 2266 2053 quam-

2370 1981 2678 2054 μωρηθεῖεν
2728 1982 2880 2054 παρὰ
2921 1983 3454 2055 τῶνκδυνατωτέρων
3504 1983 3770 2053 (ἐρῶντες
3810 1982 3937 2053 γὰρ,

706 2071 1256 2142 damcogitationem
1312 2071 1529 2141 respicit
1577 2086 1731 2128 mens
1774 2072 2108 2141 apostolica,
2164 2082 2266 2129 tua:

2366 2075 2462 2126 καὶ
2501 2074 2575 2145 μὴ
2603 2075 2967 2145 τυγχάνοντες
2994 2074 3089 2129 τοῦ
3122 2075 3349 2141 σκοποῦ,
3380 2075 3566 2133 δόλους
3596 2076 3688 2129 καὶ
3716 2074 3935 2128 ἐπιδου-

702 2161 1002 2229 prudentie
1034 2164 1138 2217 erit
1173 2161 1437 2232 judicare.
1476 2160 1565 2217 Fit
1596 2163 1740 2217 enim
1774 2163 2091 2229 verisimile,
2120 2164 2265 2232 quod

2366 2164 2462 2227 λὰς
2489 2164 2716 2221 Θάνατον
2740 2166 3024 2230 τίκτοντας
3052 2166 3467 2232 κατεσκεύαζον
3505 2165 3582 2229 ὡς
3621 2163 3840 2236 δηλοῦσι
3868 2163 3935 2237 τά

702 2252 808 2307 tale
839 2251 1002 2333 etiam
1032 2250 1286 2321 quiddam
1314 2252 1579 2323 signiticet
1607 2271 1623 2307 :
1662 2251 1800 2320 Quia
1828 2251 1981 2308 multi
2011 2262 2262 2315 mortem.

2366 2255 2505 2310 κατὰ
2531 2257 2622 2310 τὸν
2662 2258 2880 2329 Ἰωσὴφ,
2906 2258 2941 2328 ἦ
2970 2275 3031 2311 τε
3053 2256 3196 2312 κατὰ
3222 2258 3321 2329 τὴν
3344 2257 3627 2312 Σωσάνναν
3653 2256 3897 2328 ἱστορία)
3922 2271 3935 2285 ο

700 2351 897 2411 utqute
923 2341 977 2396 in
1004 2341 1233 2397 nihilum
1259 2356 1491 2412 prorsus
1503 2357 1599 2400 eos
1618 2342 1905 2414 redigeret,
1938 2352 2263 2409 metuentes,

2366 2341 2463 2419 ἧκε
2500 2347 2804 2402 παιδεύσων
2833 2349 2959 2413 τοὺς
2986 2349 3328 2420 ἀνθρώπους,
3353 2351 3436 2404 ὅτι
3462 2350 3491 2403 δ
3521 2349 3749 2412 θάνατος
3791 2349 3935 2420 αἱρε-

699 2431 866 2487 multa
878 2433 1044 2489 etiam
1061 2441 1248 2489 contra
1264 2434 1428 2490 animi
1448 2435 1768 2489 sententiam
1786 2444 1894 2490 tam
1914 2433 2090 2491 facere
2101 2450 2264 2506 quam

2366 2437 2597 2510 τώτερός
2624 2441 2743 2494 ἐστι
2774 2440 2874 2510 τῆς
2900 2440 3118 2506 κακίας,
3149 2440 3244 2494 καὶ
3270 2440 3374 2512 χρὴ
3403 2439 3603 2510 μᾶλλον
3624 2439 3815 2495 τοῦτον
3838 2456 3936 2493 κα-

697 2522 808 2591 pati
846 2522 1020 2593 turpia
1047 2523 1439 2590 sustinuerunt,
1462 2540 1529 2580 ne
1546 2525 1844 2586 videliceta
1870 2526 2266 2596 potentioribus

2366 2529 2699 2600 ταδέχεσθαι,
2734 2532 2768 2601 ἧ
2810 2547 2862 2583 τι
2891 2529 3003 2584 τῶν
3044 2532 3340 2601 αἰσχίστων
3381 2530 3578 2601 δρᾶσαί
3614 2526 3674 2584 τε
3704 2531 3798 2585 καὶ
3831 2547 3932 2585 πσ-

695 2614 1021 2683 punirentur
1043 2616 1312 2685 (amantes
1340 2616 1581 2679 enim,et
1611 2630 1833 2687 scopum
1866 2630 1972 2672 non
2003 2618 2262 2683 assecuti,

2366 2620 2492 2674 θεῖν.
2532 2621 2590 2674 Ὀ
2631 2621 2731 2692 μὲν
2755 2622 2864 2693 γὰρ
2891 2621 2997 2676 ὑπὸ
3025 2622 3125 2691 τῆς
3153 2620 3504 2685 ἀναστάσεως
3534 2620 3891 2691 σϐεσθήσεται
3915 2636 3929 2650 ·

696 2705 847 2760 dolos
876 2714 1041 2775 atque
1072 2705 1297 2761 insidias
1331 2712 1559 2761 mortem
1597 2706 1871 2777 parientes
1905 2715 2218 2763 struxerunt
2246 2726 2260 2762 :

2366 2708 2426 2763 τὰ
2455 2710 2513 2765 δὲ
2537 2712 2617 2774 είς
2646 2712 2897 2775 κολάσεις
2928 2709 3341 2780 καταλήξουσιν.

698 2807 756 2851 ut
785 2798 1078 2853 ostendunt.
1106 2806 1256 2867 gesta
1290 2796 1505 2867 Josephi
1529 2838 1545 2862 ,
1585 2807 1639 2852 et
1685 2799 1910 2854 historia
1948 2798 2262 2870 Susanna),
2315 2800 2791 2872 venit((.‘hristus),
2860 2804 3206 2858 instituturus
3269 2801 3511 2857 homines
3559 2811 3782 2857 mortem
3815 2815 3933 2858 esse

698 2888 870 2959 magis
900 2888 1236 2959 eligendam,
1280 2904 1439 2958 quam
1480 2899 1538 2943 ut
1566 2890 1754 2943 vitium
1799 2889 2013 2958 aliquod
2069 2892 2121 2945 in
2157 2907 2252 2947 nos
2295 2893 2662 2961 admittamns,
2696 2905 2749 2948 et
2779 2894 2921 2947 illam
2992 2892 3171 2962 potius
3200 2893 3384 2949 libenti
3454 2893 3631 2947 animo
3661 2905 3921 2963 oppeten-

697 2980 844 3042 clam,
935 2992 1096 3047 quam
1149 2976 1350 3045 aliquid
1404 2992 1582 3032 rerum
1655 2977 2085 3046 turpissimarum
2128 2979 2213 3035 vel
2261 2978 2520 3037 faciamus
2573 2982 2657 3037 vel
2745 2981 3032 3051 patiamur.
3115 2981 3249 3036 Nam
3321 2996 3467 3038 mors
3508 2983 3724 3052 quidem
3765 3000 3793 3038 a
3842 2998 3930 3040 re-

696 3068 1035 3126 surrectione
1081 3067 1498 3137 exstinguctur;
1582 3066 1777 3135 probra
1824 3076 2006 3123 autem
2057 3067 2149 3123 illa
2202 3069 2255 3123 in
2294 3070 2555 3141 supplicia
2586 3072 2852 3127 desinent.

1088 3176 1334 3234 (lXLVII.
1367 3206 1440 3218 -—
1482 3176 1851 3233 MARCIANO.

2791 3183 2969 3236 PMZ'.
3007 3211 3076 3222 -
3111 3178 3494 3253 ΜΑΡΚῙΑΝῼ.

698 3297 767 3353 In
800 3298 853 3350 id
884 3296 1022 3366 quod
1051 3296 1305 3365 scriptum
1336 3306 1432 3359 est,
1467 3292 1645 3366 «Nam
1674 3295 1721 3349 si
1745 3297 1820 3350 eis
1842 3294 1995 3350 Iesus
2029 3299 2257 3366 requiem

2366 3295 2461 3361 Είς
2502 3295 2567 3348 τὸ
2606 3294 3048 3366 τετραμμένον.
3099 3314 3116 3347 ι
3152 3296 3220 3349 El
3264 3297 3373 3364 τὰρ
3430 3294 3648 3361 αὐτοὺς
3692 3297 3928 3364 Ἰησοῦς

1248 3367 1579 3432 pra'stt'liuet
1606 3365 1671 3420 ⁸⁸.
1688 3386 1706 3418 ι

764 3498 880 3559 Non
907 3504 973 3559 de
995 3502 1178 3572 requie
1204 3501 1571 3569 Hebraeorum,
1590 3515 1709 3571 qua
1738 3500 1868 3571 ipsis
1896 3502 1947 3556 in
1973 3501 2255 3557 Palaestina

694 3594 937 3666 contigit,
975 3604 1129 3665 parta
1159 3610 1255 3664 per
1290 3594 1533 3648 militiam
1569 3591 1694 3649 Jesu
1733 3593 1825 3648 lilii
1855 3593 2024 3661 Nave,
2077 3594 2257 3649 divino

694 3686 861 3742 Paulo
900 3685 1000 3741 fuit
1042 3700 1222 3741 sermo
1262 3685 1443 3756 (hujus
1486 3685 1629 3739 enim
1683 3685 1881 3739 nullam
1934 3685 2122 3740 habuit
2172 3700 2260 3740 ra-

691 3778 939 3847 tionem),
985 3777 1077 3832 sed
1105 3777 1170 3829 ad
1197 3791 1315 3830 eam
1346 3790 1463 3844 qum
1499 3775 1672 3829 futura
1713 3786 1792 3831 est
1824 3775 2060 3846 respicit,
2086 3786 2140 3831 et
2189 3778 2255 3831 ad

692 3884 812 3923 eam
865 3882 1060 3938 scopus
1113 3867 1501 3922 sententiarum
1549 3867 1715 3935 ipsius
1764 3852 2057 3921 contendit.
2143 3865 2253 3922 Hoc

692 3971 871 4014 autem
896 3974 1077 4014 verum
1096 3972 1238 4024 esse,
1273 3958 1389 4028 ipse
1417 3968 1586 4014 seruet
1614 3960 2015 4028 interpretatur,
2037 3959 2249 4013 dicens:

712 4069 730 4100 ι
757 4050 890 4105 Nam
933 4052 975 4105 si
1013 4050 1090 4105 eis
1118 4048 1274 4103 Jesus
1323 4049 1595 4116 (videlicet
1636 4048 1776 4103 illius
1808 4047 1953 4103 Nave
1987 4064 2077 4103 seu
2110 4048 2249 4117 Nun)

694 4141 934 4206 requiem
983 4139 1364 4208 praestitisset,
1396 4136 1763 4205 nunquam‘le
1802 4138 1904 4189 alia
1944 4137 2253 4207 loqueretur

692 4230 917 4297 posthac
946 4229 1051 4285 die.
1109 4228 1294 4297 itaque
1316 4228 1639 4297 relinquitur
1670 4227 2029 4283 sabbatismus
2059 4229 2251 4297 pepulo

688 4322 783 4376 Dei
800 4320 901 4374 “.o
944 4347 1012 4359 -ρ-
1037 4336 1054 4369 ι
1083 4317 1139 4373 Si
1163 4319 1304 4373 enim
1335 4318 1486 4387 ipsis,
1514 4317 1707 4387 inquit,
1731 4317 1819 4371 ille
1846 4319 2085 4386 requiem
2119 4334 2247 4372 con—

693 4414 953 4472 ciliasset,
982 4426 1086 4466 non
1114 4419 1258 4464 certe
1290 4409 1451 4463 David
1492 4417 1616 4478 post
1648 4407 1843 4463 multas
1873 4409 2249 4475 generationes

2911 3364 3310 3419 κατέπαυσεν.
3350 3384 3369 3415 ι

2428 3497 2504 3549 Οὐ
2532 3495 2663 3566 περὶ
2694 3494 2791 3565 τῆς
2824 3494 3222 3559 καταπαύσεως
3256 3495 3364 3549 τῶν
3400 3495 3683 3566 Ἐϐραίων,
3714 3495 3812 3567 τῆς
3841 3514 3927 3566 γε-

2357 3590 2584 3659 νομένης
2617 3591 2674 3642 ἐν
2708 3591 2773 3659 τῇ
2815 3587 3144 3660 Παλαιστίνῃ
3187 3587 3273 3641 διὰ
3300 3588 3398 3659 τῆς
3455 3588 3624 3657 Ἰησοῦ
3664 3588 3754 3643 τοῦ
3789 3590 3908 3643 υίοῦ

2354 3678 2448 3732 τοῦ
2473 3679 2625 3749 Ναυῆ
2667 3680 3018 3748 στρατηγίας,
3050 3678 3128 3749 τῷ
3162 3678 3433 3750 Θεσπεσίῳ
3460 3678 3654 3749 Παύλῳ
3683 3682 3712 3733 ὁ
3730 3681 3882 3749 λόγος
3908 3696 3922 3712 ·

2355 3770 2565 3841 ἐκείνης
2611 3769 2717 3841 γὰρ
2748 3770 2922 3834 οὐδεὶς
2948 3770 3103 3839 λόγος
3133 3768 3280 3841 αὐτῷ
3304 3786 3316 3798 ·
3365 3772 3444 3833 είς
3481 3770 3535 3823 δὲ
3564 3770 3663 3841 τὴν
3698 3771 3921 3842 προσδο-

2353 3864 2605 3934 κωμένην
2663 3864 2881 3918 ἔσεσθαι
2922 3864 3127 3935 βλέπει,
3168 3864 3263 3919 καὶ
3315 3867 3436 3919 κατ’
3488 3868 3704 3937 ἐκείνης
3737 3871 3766 3920 ὁ
3814 3868 3920 3920 τῶν

2352 3956 2637 4025 νοημάτων
2690 3956 2890 4019 σκοπὸς
2927 3957 3282 4012 συντείνεται.
3339 3958 3461 4011 Ὅτι
3503 3958 3557 4011 δὲ
3598 3958 3742 4013 τοῦτ’
3775 3958 3921 4015 ἔστιν

2353 4048 2567 4117 ἀληθὲς,
2617 4050 2777 4111 αὐτὸς
2809 4049 3000 4103 ἑαυτὸν
3048 4048 3343 4119 ἐρμηνεύει
3377 4048 3552 4115 λέγων
3577 4066 3589 4080 ⁸
3646 4069 3664 4101 ι
3722 4051 3785 4103 El
3813 4050 3920 4122 γὰρ

2352 4137 2545 4199 αὐτοὺς
2607 4138 2811 4213 Ἰησοῦς
2861 4137 3053 4209 (δῆλον
3097 4139 3142 4191 δ’
3215 4140 3297 4193 ὅτι
3341 4142 3369 4192 ὀ
3414 4139 3506 4192 τοῦ
3563 4140 3757 4208 Ναυῆ)
3794 4158 3919 4195 κατ-

2353 4226 2588 4277 έπαυσεν
2612 4264 2628 4290 ,
2659 4227 2756 4277 οὐκ
2785 4226 2850 4278 ἂν
2888 4227 3013 4295 περὶ
3041 4227 3204 4296 ἄλλης
3226 4227 3401 4281 ἐλάλει
3429 4228 3563 4297 μετὰ
3587 4228 3756 4281 ταῦτα
3791 4230 3919 4300 ἠμέ-

2353 4334 2471 4386 ρας.
2512 4319 2653 4387 Ἀρα
2707 4317 3059 4372 ὑπολείπεται
3115 4318 3482 4389 σαϐϐατισμὸς
3532 4318 3610 4388 τῷ
3656 4318 3771 4390 λαῷ
3824 4321 3915 4374 τοῦ

2348 4408 2505 4461 Θεοῦ.
2541 4428 2557 4460 ι
2596 4440 2661 4452 σ-
2689 4428 2706 4458 ι
2744 4409 2808 4462 Ei
2864 4410 2970 4479 γὰρ
3013 4410 3239 4473 αὐτοὺς,
3291 4412 3454 4481 φησὶν
3479 4451 3492 4472 ,
3528 4411 3730 4476 ἐκεῖνος
3794 4428 3915 4465 κατ-

691 4508 757 4559 tle
782 4504 965 4571 requie
995 4504 1266 4558 disserens
1314 4502 1536 4557 dixisset
1565 4518 1578 4555 :
1620 4500 1789 4556 Hodie
1833 4503 1876 4555 si
1910 4515 2093 4555 vocem
2128 4501 2243 4569 ejus

2366 4500 2607 4562 ἔπαυσεν,
2642 4502 2740 4553 οὐκ
2777 4501 2843 4567 ἂν
2886 4503 2913 4555 ὁ
2963 4502 3127 4554 Δαὸὶδ
3163 4502 3300 4572 μετὰ
3332 4501 3531 4565 πολλὰς
3556 4502 3744 4568 γενεὰς
3794 4506 3914 4571 περὶ

690 4593 989 4657 audieritis,
1044 4592 1208 4647 nolite
1247 4592 1513 4646 obdurare
1556 4594 1714 4646 corda
1747 4600 1945 4657 vestra,
2002 4593 2132 4646 sicut
2191 4592 2241 4643 iu

2366 4593 2742 4655 ιαταπαύσεως
2782 4593 3159 4664 διαλεγόμενος
3198 4593 3384 4662 ἐλεγε’
3418 4594 3663 4664 Σήμερον
3690 4595 3785 4648 ἐὰν
3819 4598 3913 4665 τῆς

689 4682 1220 4738 οιεοετὺοιίοηο⁶⁹.›
1286 4683 1446 4754 497
1491 4702 1509 4734 ι
1538 4683 1830 4749 Quocirca,
1876 4683 2088 4752 inquit,
2121 4699 2244 4737 vera

691 4775 903 4843 requies
927 4773 1120 4843 populo
1147 4774 1271 4838 Dei;
1296 4794 1314 4825 ι
1350 4777 1447 4828 hoc
1475 4783 1556 4828 est
1585 4774 1688 4828 illis
1708 4777 1796 4841 qui
1824 4784 2103 4843 postquam
2136 4790 2246 4828 cre-

688 4866 961 4929 dideruut,
980 4865 1141 4918 vitam
1165 4879 1376 4934 quoque
1404 4864 1719 4918 laudabilem
1745 4865 2129 4934 adjuuxeruut,
2163 4882 2244 4920 re-

685 4957 860 5023 posita
887 4963 990 5018 est,
1016 4969 1134 5025 quin
1166 4970 1267 5009 non
1302 4956 1351 5008 in
1378 4955 1658 5009 Palmstina
1686 4998 1700 5022 ,
1732 4956 1824 5011 sed
1865 4956 1915 5009 iu
1942 4954 2239 5011 Jerusalem

686 5046 1121 5115 supramundana
1150 5056 1232 5101 est
1258 5046 1540 5101 adornata.

758 5310 803 5343 ⁸⁸
836 5309 995 5365 Hebr.
1036 5325 1108 5376 Iv,
1137 5310 1190 5375 8,
1221 5311 1273 5365 9.
1353 5311 1397 5342 ⁸³
1426 5309 1555 5367 ibid.
1586 5310 1630 5343 ⁸⁸
1667 5310 1794 5366 ibid;
1822 5310 1876 5376 6,
1909 5311 1956 5365 7.

2350 4681 2533 4751 φωνῆς
2580 4683 2742 4735 αὐτοῦ
2786 4683 3055 4754 ἀκούσητε
3082 4722 3095 4746 ,
3137 4684 3210 4754 μὴ
3262 4684 3594 4755 σκληρύνητε
3633 4686 3733 4748 τὰς
3784 4703 3913 4756 καρ-

2346 4772 2462 4835 δίας
2516 4772 2686 4843 ὑμῶν,
2722 4774 2797 4836 ὡς
2845 4777 2901 4827 ἐν
2934 4774 3011 4845 τῷ
3064 4776 3537 4846 παραπικρασμῷ.
3580 4796 3597 4828 ι
3647 4804 3711 4817 --
3754 4796 3772 4828 ι
3819 4778 3913 4831 Οὐ·

2354 4863 2516 4928 κοῦν,
2571 4866 2769 4933 φησὶν,
2818 4867 2850 4934 ἡ
2907 4866 3134 4935 ἀληθινὴ
3186 4867 3482 4928 ἀνάπαυσις
3534 4865 3611 4937 τῷ
3657 4866 3770 4935 λαῷ
3820 4867 3909 4921 τοῦ

2354 4952 2510 5015 Θεοῦ,
2548 4972 2564 5003 ι
2598 4952 2742 5005 τοῦτ’
2777 4955 2913 5016 ἔστι,
2944 4958 3054 5019 τοῖς
3096 4957 3396 5025 εὐδοκίμως
3433 4958 3573 5027 μετὰ
3594 4957 3694 5028 τὴν
3724 4960 3903 5011 πίστιν

2355 5043 2850 5115 πολιτευσαμένοις,
2891 5048 3199 5112 ἀπόκειται,
3236 5050 3334 5102 οὐκ
3378 5052 3433 5103 ὲν
3466 5054 3531 5121 τῇ
3562 5051 3908 5121 Παλαιστίνῃ,

2355 5132 2467 5186 ἀλλ’
2502 5137 2558 5187 ὲν
2588 5139 2653 5205 τῇ
2689 5138 3044 5210 ὑπερκοσμίῳ
3099 5140 3447 5212 Ἰερουσαλὴμ
3477 5141 3907 5212 εὐτρεπισοεῖσα.

1772 5465 2005 5521 VARI/ﬁ
2044 5464 2428 5522 LECTIONES
2469 5468 2555 5522 ΕΤ
2591 5468 2821 5524 ΝΟΤΛΞ.

755 5647 865 5780 (ϐθζ
893 5647 994 5703 Pro
1014 5644 1148 5721 ἧκεν
1179 5651 1315 5705 idem
1348 5653 1465 5707 COll.
1505 5653 1691 5707 scribit
1723 5650 1900 5725 ἦλθεν.
1945 5655 2149 5710 Possm.

757 5717 844 5780 (10
892 5715 1033 5772 οὗτοι
1084 5720 1219 5771 idem
1257 5732 1423 5776 rutilat
1482 5724 1530 5777 iu
1580 5722 1737 5777 οὕτω.
1786 5725 1937 5780 Vers.
1971 5742 2082 5780 seu.
2141 5747 2149 5780 l

757 5715 1423 5795 (‘10)obsoritienumutat
1482 5724 1530 5777 iu
1580 5715 1756 5777 οὕτω.’
1786 5725 1937 5780 Vers.
1971 5742 2082 5795 seq.
2141 5742 2235 5795 pro

680 5784 780 5856 τὴν
813 5788 997 5843 scribit
1027 5789 1200 5859 τήνδε.
1234 5788 1306 5843 In.

2419 5658 2523 5725 (Ti)
2553 5658 2695 5710 inter
2716 5658 2800 5709 ἵνα
2828 5668 2881 5732 et
2911 5660 2982 5730 μὴ
3014 5661 3148 5714 idem
3180 5662 3367 5716 ίυευι·ίι
3401 5662 3577 5732 μόνον.
3607 5662 3757 5717 Vet‘s.
3786 5664 3907 5717 inde

2345 5728 2396 5783 5.
2448 5744 2539 5793 pro
2594 5728 2994 5791 κατεσκεὺαςον
3051 5731 3210 5784 habet
3259 5728 3686 5785 κατεσκεύασαν.
3760 5734 3903 5789 Vt-rs.

2346 5797 2438 5847 ult.
2477 5814 2559 5865 cp.
2594 5797 2838 5859 κολάσεις
2876 5800 3213 5869 singulariter
3248 5801 3421 5866 ell'erl,
3455 5802 3692 5857 κόλασιν.
3728 5800 3803 5856 Ιυ.
