4150 6444
756 392 894 458 12ἑ3
1944 386 2006 448 S.
2046 386 2333 448 ISIDORI
2375 386 2808 460 PELUSIOTJE
3868 380 3998 449 11M

758 503 965 558 sionem
994 507 1289 556 merentur.
1330 497 1507 569 Atque
1546 500 1685 553 hanc
1721 508 1897 553 meam
1949 496 2117 553 fuisse
2173 513 2312 553 men-

2422 497 2484 550 τδ
2514 498 2695 553 ὁσιοῦν
2726 500 2795 553 τὰ
2820 498 3047 571 σώματα
3094 499 3239 553 ὅσιον
3278 493 3417 551 εἶναι
3475 494 3695 567 ἐνόμιζε
3724 514 3739 562 ;
3782 496 3903 559 Πῶς
3937 494 4000 549 ιι

761 602 887 656 tem,
920 591 1204 645 invenietis
1242 589 1422 657 facile,
1463 590 1507 646 si
1541 591 1729 657 verba,
1786 590 1983 660 quibus
2024 604 2152 642 usus
2178 604 2312 651 sum,

2426 587 2487 642 τὸ
2517 589 2677 660 σῶμα
2712 591 3037 657 Ἐλισσαίου,
3086 592 3277 661 νεκρὸν
3322 591 3403 655 ὃν,
3446 590 3637 659 νεκρὸν
3676 587 3989 657 ἀνέστησενς

756 683 922 753 probe
954 686 1416 739 examinaveritis.
1450 684 1563 738 Non
1599 685 1741 739 enim
1772 685 1902 748 dixi,
1932 683 2089 754 502
2117 684 2194 737 Ad
2225 684 2521 747 hominem,
2547 687 2628 740 vel
2652 687 2716 739 ad
2774 701 2970 756 corpus
3032 698 3326 750 mortuum,
3386 689 3481 740 sed
3512 686 3777 749 _animnm.
3805 684 3991 735 Anima

755 792 988 845 namque
1016 792 1247 847 peccans
1283 778 1561 832 morietur.
1592 776 1727 831 Nam
1749 778 1791 832 si
1818 787 2085 832 mortuum
2120 790 2316 845 corpus
2354 775 2469 831 sive
2508 777 2745 833 cadaver
2804 781 2974 848 ipsum
3008 794 3102 848 per
3130 793 3189 834 se
3221 778 3447 848 pollutio
3512 786 3567 831 et
3620 776 3993 844 inquinamen-

758 877 865 922 tum
901 877 1006 933 est,
1060 871 1349 940 quomodo,
1388 885 1594 940 quaeso,
1643 880 1697 927 et
1754 871 2003 926 Salomon
2067 880 2211 942 (nam
2258 882 2314 923 et
2354 871 2497 927 hunc
2527 884 2742 942 oportet
2766 890 2865 929 nos
2898 877 2962 928 ad
3025 873 3189 929 Mosis
3258 872 3632 928 defensionem
3678 870 3988 939 adiungere)

754 956 893 1036 dixit
928 977 991 1013 ε(
1030 960 1217 1015 Melius
1241 970 1323 1016 est
1362 962 1567 1030 ingredi
1596 962 1649 1015 in
1684 962 1897 1017 domum
1933 960 2125 1025 luctus,
2155 976 2316 1029 quum
2360 963 2411 1015 in
2468 963 2706 1016 domum.
2761 963 2901 1020 risus
2924 965 3014 1018 "i
3043 963 3143 1030 Qui
3193 962 3253 1016 fit
3295 977 3511 1031 quoque
3580 960 3723 1030 quod
3768 972 3987 1028 corpora

754 1051 1126 1108 defunctorum
1160 1069 1345 1109 curam
1373 1065 1427 1111 et
1456 1056 1788 1126 sepulturam
1818 1062 1980 1122 atque
2027 1056 2318 1124 exsequias
2352 1066 2754 1127 consequantur
2810 1074 2839 1113 a
2903 1055 3569 1123 viventibus?‘Quomodo
3652 1056 3779 1108 item
3850 1054 3988 1123 justa

753 1149 980 1203 mortuis
1011 1149 1124 1204 fieri
1170 1151 1413 1217 tradidit,
1454 1151 1499 1207 si
1536 1150 1686 1206 nefas
1725 1164 1847 1206 esse
1885 1150 2222 1205 existimavit
2247 1161 2306 1206 ut
2340 1152 2487 1219 justa
2517 1154 2833 1222 corporibus
2856 1154 3274 1225 persolvuntur?
3339 1152 3574 1221 Denique
3611 1152 3700 1220 qui
3766 1149 3986 1214 factum,

753 1243 893 1311 quod
928 1240 1107 1297 Eliszei
1141 1253 1411 1298 mortuum
1443 1258 1642 1313 corpus
1680 1251 1949 1296 mortumn
1988 1243 2151 1297 alium
2182 1244 2443 1298 excitavit
2470 1242 2535 1306 ",
2571 1244 2616 1298 si
2648 1245 2911 1300 cadavera
2937 1246 3161 1301 omnino
3194 1254 3316 1297 sunt
3361 1244 3657 1314 inquinata.

1272 1354 1492 1410 CLVIII.
1524 1383 1597 1397 ——
1626 1353 1804 1413 NlLO.

760 1439 820 1497 In
873 1443 1004 1497 illud
1048 1442 1391 1514 (Salomonis)
1418 1461 1437 1498 :
1483 1463 1503 1496 ι
1545 1445 1752 1515 Septies
1779 1446 1926 1500 cadet
1961 1446 2140 1516 justus
2178 1448 2245 1501 ⁸⁸.
2290 1466 2310 1501 ι

821 1555 1002 1618 111ηά,‹
1031 1554 1240 1625 Septies
1260 1556 1412 1611 cadet
1434 1557 1631 1626 justus,
1648 1576 1665 1610 ι
1688 1572 1791 1613 non
1812 1558 2127 1628 simpliciter
2156 1571 2317 1631 atque

750 1642 995 1698 absolute
1028 1645 1228 1700 dictum
1277 1657 1398 1711 est;
1430 1648 1522 1702 sed
1570 1648 1710 1709 ideo,
1753 1649 1875 1717 quia
1932 1650 2021 1716 qui
2077 1649 2313 1720 legitime

2948 1357 3121 1409 PNH'.
3149 1388 3214 1397 —
3238 1355 3466 1423 ΝΕΙΛῼ.

2566 1446 2669 1511 Εἰς
2694 1446 2779 1510 τὸ,
2812 1465 2831 1497 ι
2868 1446 3149 1512 Ἐπτάκις
3173 1445 3441 1500 πεσεῖται
3466 1449 3498 1499 d
3543 1444 3793 1512 δίκαιος.
3828 1466 3848 1495 ι

2494 1558 2588 1621 Τὸ,
2623 1576 2641 1609 ι
2686 1557 2947 1622 Ἐπτάκις
2997 1561 3243 1612 πεσεῖται
3271 1558 3300 1609 6
3340 1556 3565 1621 δίκαιος,
3601 1575 3620 1609 ι
3655 1557 3871 1627 εἴρηται
3897 1558 3988 1627 οὐχ

2416 1647 2762 1712 ἁπλῶς,ἀλλ’
2797 1650 2980 1720 ἐπειδὴ
3008 1652 3036 1703 6
3079 1649 3322 1720 νομίμως
3368 1646 3635 1711 παλαίων,
3680 1648 3989 1715 ἀναγκαίαις

752 1743 950 1799 certat,
984 1739 1293 1791 necessario
1322 1738 1485 1791 etiam
1512 1738 1762 1792 athletice
1789 1739 1952 1795 cadit.
1986 1739 2099 1795 iloc
2137 1752 2312 1795 autem

2419 1740 2511 1791 καὶ
2554 1738 2860 1809 ἀθλητικῶς
2905 1740 3113 1793 πίπτει.
3162 1738 3333 1792 Τοῦτο
3358 1739 3415 1791 δὲ
3473 1740 3533 1792 οὐ
3566 1740 3784 1800 πάντως
3824 1740 3990 1808 ἥττης

751 1839 857 1879 non
885 1827 1108 1881 omnino
1135 1838 1297 1897 atque
1333 1829 1647 1883 indistincte
1695 1828 1875 1894 eilicit,
1917 1839 1974 1886 ut
2017 1832 2139 1900 quis
2187 1848 2312 1888 suc-

749 1917 969 1971 cumbat
1006 1927 1060 1972 et
1087 1918 1367 1972 victoriam
1397 1920 1715 1975 adversario
1738 1921 1929 1985 tradat,
1975 1924 2069 1977 sed
2123 1934 2313 1978 contra

750 2021 891 2074 sepe
923 2007 1204 2062 victoriam
1236 2010 1397 2079 parit.
1429 2009 1577 2065 Multi
1614 2028 1844 2082 namque
1872 2023 2153 2083 postquam
2180 2015 2315 2069 ceci-

750 2098 960 2160 derant,
986 2114 1171 2155 eorum
1231 2101 1396 2165 vires,
1443 2103 1535 2171 qui
1584 2113 1729 2158 stare
1770 2104 2115 2171 videbantur,
2151 2121 2313 2161 ener-

748 2198 963 2253 varunt,
1017 2200 1185 2244 totum
1230 2192 1463 2259 ipsorum
1496 2208 1691 2263 corpus
1752 2198 1883 2263 pede
1917 2196 2311 2265 supplantatum

745 2278 893 2333 humi
925 2289 1350 2349 prosternentes,
1378 2290 1539 2352 atque
1569 2284 1639 2337 ita
1667 2293 1905 2354 ereptum
1932 2286 2010 2339 eis
2032 2287 2311 2341 victoriam

747 2367 799 2442 in
825 2382 881 2421 se
916 2369 1327 2425 transferentes.
1360 2370 1590 2442 Ideoque
1616 2389 1718 2428 non
1748 2374 1920 2428 solum
1950 2374 2308 2442 dixitjustum

746 2426 959 2524 cadere,
1008 2462 1100 2514 sed
1127 2460 1355 2527 addidit,
1393 2463 1567 2532 ipsum
1596 2466 1759 2517 etiam
1810 2480 2112 2533 resurgere,
2147 2468 2309 2520 nimi-

2418 1830 2566 1881 ἐστὶν
2596 1831 2768 1884 αἴτιον
2788 1847 2801 1861 ·
2834 1829 2969 1884 ἀλλὰ
3000 1828 3263 1893 πολλάκις
3305 1830 3397 1881 καὶ
3443 1828 3616 1897 νίκης.
3655 1827 3850 1881 Πολλοὶ
3883 1827 3989 1897 γὰρ

2419 1919 2790 1983 πεπτωκότες,
2822 1920 2929 1973 τῶν
2966 1919 3267 1973 δοκούντων
3326 1920 3549 1973 ἑστάναι
3604 1920 3704 1991 τὴν
3756 1918 3988 1986 δύναμιν

2417 2006 2782 2079 ἔξενεύρισαν,
2813 2009 2902 2063 διὰ
2930 2008 3025 2063 τοῦ
3065 2008 3224 2071 ποδὸς
3262 2008 3409 2062 ἅπαν
3460 2008 3522 2061 τὸ
3560 2008 3719 2077 σῶμα
3746 2010 3828 2070 εις
3862 2005 3987 2060 τοῦ·

2417 2098 2582 2165 δαφος
2618 2098 2890 2168 ῥιψαντες,
2920 2102 3015 2153 καὶ
3065 2098 3164 2170 τὴν
3195 2100 3350 2168 νίκην
3395 2096 3757 2167 ἁρπάσαντες.
3811 2094 3902 2147 Διὸ
3927 2096 3987 2148 οὐ

2422 2189 2580 2258 μόνον
2609 2191 2690 2242 ὅτι
2737 2193 2985 2243 πεσεῖται
3015 2184 3185 2254 εἶπεν,
3223 2189 3336 2241 ἀλλ’
3365 2190 3447 2242 ὅτι
3484 2187 3579 2240 καὶ
3622 2188 3989 2255 ἀναστήσεται

2419 2282 2805 2352 προστέθεικεν
2836 2282 2970 2353 (95),
3016 2282 3103 2334 ἵνα
3152 2281 3243 2334 τὸν
3280 2281 3541 2350 στέφανον
3570 2277 3805 2349 μηνύσῃ.
3836 2280 3899 2331 Ei
3932 2279 3984 2331 δδ

2419 2377 2513 2428 καὶ
2543 2377 2630 2427 ὅτε
2665 2373 2877 2427 πταίσει
2922 2374 2952 2425 6
3000 2373 3305 2443 ἄνθρωπος,
3341 2370 3533 2426 θᾶττον
3581 2372 3874 2442 ἀνανήψει,
3916 2372 3988 2435 ὡς

2416 2469 2635 2537 ἄριστος
2665 2465 2977 2534 ἐπίστησον.

744 2563 862 2603 rum
896 2558 954 2601 ut
1000 2564 1253 2604 coronam
1298 2567 1327 2604 a
1372 2552 1577 2607 victore
1626 2564 1950 2622 reportatam
1979 2556 2137 2608 simul
2176 2557 2459 2611 indicaret.
2494 2558 2645 2623 Quod
2677 2556 2721 2610 si
2767 2557 2930 2610 etiam
2958 2554 3048 2609 ubi
3114 2553 3311 2609 cecidit
3367 2554 3550 2618 homo,
3612 2552 3869 2610 celeriter
3898 2565 3987 2608 ro-

745 2640 959 2710 sipiscit
992 2651 1154 2711 atque
1202 2643 1270 2697 ad
1304 2660 1491 2700 sanam
1531 2657 1763 2701 mentem
1793 2647 1953 2712 redit,
1984 2650 2127 2704 hunc
2171 2653 2432 2720 optimum
2459 2668 2579 2707 esse
2601 2651 2837 2706 noveris.

1051 2761 1231 2817 CLIX.
1264 2794 1329 2805 —-
1360 2764 1658 2821 EUTONIO
1688 2765 2001 2843 DIACONO.

743 2870 978 2941 liriilnd
1012 2873 1227 2941 (Christi
1262 2876 1478 2935 dictum)
1516 2892 1533 2929 :
1568 2894 1587 2927 ι
1646 2876 1839 2931 Lureat
1873 2878 1966 2931 tua:
1994 2889 2157 2932 vestra
2191 2878 2256 2931 “.
2290 2897 2309 2929 ι

814 2940 884 2994 Et
917 2940 1052 3011 quod
1122 2944 1216 2996 hoc
1269 2962 1369 2997 non
1424 2947 1492 2999 sit
1543 2949 1866 2999 contrarium
1919 2948 2068 3001 alteri
2106 2946 2247 3000 dicto
2294 2964 2313 3000 .'

819 3030 838 3062 ι
878 3014 1138 3067 Αιιεηιίίισ
1170 3014 1548 3083 elecnaosynam
1578 3025 1802 3069 vestram
1843 3016 1888 3049 "
1928 3035 1950 3070 ι
1984 3030 2029 3071 et
2067 3032 2183 3089 quae
2228 3034 2312 3069 se-

811 3093 1061 3150 quuumr.

812 3212 914 3279 Qui
952 3213 1108 3269 bonis
1135 3214 1384 3283 operibus
1418 3216 1665 3282 student,
1699 3218 1784 3275 bis
1811 3234 1941 3277 sane
1965 3222 2115 3279 lucro
2147 3226 2311 3293 cedit,

743 3306 788 3361 si
820 3307 870 3361 id
896 3303 1152 3359 facientes
1178 3303 1463 3362 manifesto
1487 3320 1780 3377 appareant
1802 3313 1974 3366 oculis
1999 3316 2311 3385 hominum;

746 3398 887 3451 unde
920 3405 973 3450 et
1013 3396 1257 3451 Salvator
1286 3398 1359 3451 ait
1395 3415 1408 3452 :
1452 3417 1471 3451 ι
1540 3398 1743 3455 Luceat
1797 3401 1885 3457 lux
1919 3415 2098 3460 vestra
2134 3423 2312 3462 coram

745 3485 1071 3545 hominibus.
1108 3496 1164 3540 nt
1195 3490 1414 3543 videant
1450 3496 1626 3545 vestra
1655 3491 1790 3546 bona
1826 3507 2011 3562 opera,
2046 3505 2100 3551 et
2145 3496 2312 3566 glori-

746 3577 907 3633 ﬁcent
962 3578 1176 3633 Patrem
1226 3590 1463 3635 vestrum
1504 3583 1596 3651 qui
1640 3584 1691 3637 in
1743 3585 1896 3640 etelis
1946 3597 2049 3641 est.
2108 3606 2127 3639 ι
2174 3588 2310 3655 Quia

741 3678 871 3719 Vero
903 3667 1141 3719 nonnulli
1174 3682 1278 3720 non
1312 3670 1377 3723 ad
1413 3669 1741 3725 Dominicant
1778 3672 2072 3743 respiciunt
2106 3691 2310 3743 vocem,

745 3756 837 3812 sed
871 3757 938 3810 ad
980 3771 1129 3811 suam
1161 3758 1410 3827 gloriam,
1466 3760 1669 3817 idcirco
1702 3761 1840 3820 hanc
1879 3766 2084 3820 addidit
2127 3768 2314 3822 admo-

743 3845 999 3900 nitionem
1027 3866 1040 3901 :
1084 3867 1100 3899 ι
1132 3849 1328 3903 Cavete
1366 3865 1429 3904 ne
1456 3851 1852 3925 eleemosynam
1881 3867 2113 3911 vestram
2143 3857 2312 3915 facia-

745 3938 813 3992 tis
866 3953 1047 3993 coram
1097 3940 1419 3995 hominibus.
1469 3943 1563 3997 Sin
1627 3955 1803 4001 autem
1854 3948 2031 4014 aliter,
2102 3964 2311 4006 merce-

745 4028 863 4082 dem
896 4045 997 4082 nun
1018 4031 1224 4085 habetis
1261 4051 1315 4085 ει
1362 4034 1633 4102 prioribus
1661 4037 1876 4104 quidem
1928 4041 2109 4094 verbis
2160 4043 2312 4096 beni-

744 4120 1005 4187 gnitatem
1040 4131 1095 4173 et
1120 4124 1335 4176 virtutis
1357 4140 1594 4179 amorem
1624 4128 1955 4196 significans,
1988 4145 2109 4199 qua:
2141 4147 2225 4186 res
2252 4148 2316 4189 ne

744 4209 960 4277 quidem
1010 4210 1054 4262 si
1087 4210 1252 4264 velint
1306 4212 1378 4265 illi
1441 4214 1530 4282 qui
1568 4226 1754 4283 agunt,
1802 4219 2059 4271 occultari
2116 4230 2313 4288 potest.

744 4299 850 4359 Per
877 4303 1174 4367 posteriora
1210 4312 1389 4356 autem
1423 4304 1603 4374 gloria
1626 4306 1864 4360 studium
1900 4310 2227 4377 reprimens,
2260 4321 2315 4367 et

745 4402 843 4458 per
867 4390 950 4442 illa
983 4392 1201 4459 quidem
1242 4392 1527 4457 malitiam,
1561 4409 1655 4463 per
1697 4396 1797 4450 ista
1829 4411 1955 4451 vero
1998 4400 2312 4453 ostentatio-

2720 2766 2890 2819 PNO’.
2942 2795 2992 2808 -
3025 2765 3321 2837 ΕΥΤΟΝΙῼ
3366 2764 3685 2834 ΔῘᾹΚΟΝῼ.

2419 2882 2525 2944 Εις
2557 2878 2653 2939 τὸ,
2694 2896 2709 2927 ι
2752 2878 3053 2947 Λαμψάτω
3086 2878 3151 2930 τὸ
3182 2876 3303 2947 ςρῶς
3328 2876 3512 2947 ὑμῶν.
3554 2896 3571 2927 ι
3614 2876 3721 2947 Kal
3756 2876 3843 2929 ὅτι
3876 2876 3987 2947 οὐκ

2488 2941 2618 3001 ἐστι
2670 2941 2852 3001 τοῦτό
2892 2941 3196 3000 ἐναντίον⁷
3223 2944 3339 3010 τῷ,
3364 2941 3424 3015 ’γι
3460 2941 3817 3015 ’Προσέχετε
3874 2946 3989 3012 τὴν

2487 3018 2909 3085 ἐλεημοσύνην
2941 3015 3127 3085 ὑμῶν,
3159 3035 3176 3067 ι
3212 3016 3310 3069 καὶ
3342 3014 3413 3069 τὰ
3445 3014 3613 3083 ἑξῆς.

2486 3218 2611 3281 Τοῖς
2660 3218 2756 3285 μὲν
2801 3217 2893 3270 ἐπὶ
2922 3217 3030 3269 τῶν
3082 3214 3334 3288 χρηστῶν
3388 3214 3722 3286 διατρίϐουσι
3784 3215 3981 3288 ἔργων,

2413 3308 2476 3362 τὸ
2510 3310 2779 3379 φανεροὺς
2836 3306 2975 3361 εἶναι
3030 3309 3185 3362 τοῦτο
3223 3308 3525 3373 ποιοῦντας,
3566 3310 3646 3371 εἰς
3678 3307 3864 3379 κέρδος
3894 3324 3983 3361 τι·

2413 3401 2498 3453 λεῖ
2524 3422 2534 3433 ·
2560 3402 2641 3454 διὸ
2671 3404 2763 3455 καὶ
2796 3403 2823 3454 6
2859 3401 3046 3472 Σωτὴρ
3068 3402 3171 3473 ἔφη
3197 3416 3209 3429 ·
3239 3420 3255 3452 ι
3288 3402 3571 3472 Λαμψὰτω
3609 3404 3668 3454 τὸ
3694 3400 3809 3469 φῶς
3833 3400 3985 3471 ὑμῶν

2416 3490 2722 3562 ἔμπροσθεν
2770 3492 2877 3545 τῶν
2923 3492 3247 3562 ἀνθρώπων,
3289 3494 3438 3556 ὅπως
3487 3495 3669 3547 ἴδωσιν
3718 3492 3873 3562 ὑμῶν
3919 3492 3986 3544 τὰ

2415 3583 2557 3636 καλὰ
2591 3584 2747 3654 ἔργα,
2782 3585 2876 3637 καὶ
2901 3584 3164 3650 δοξάσωσι
3188 3587 3277 3638 τὸν
3308 3584 3529 3656 Πατέρα
3580 3584 3733 3655 ὑμῶν
3783 3585 3876 3637 τὸν
3924 3585 3981 3635 ἐν

2412 3677 2525 3737 τοῖς
2568 3676 2833 3744 οὐρανοῖς.
2886 3695 2904 3727 ι
2958 3676 3173 3746 Ἐπειδὴ
3224 3677 3281 3730 δέ
3321 3693 3463 3740 τινες
3493 3678 3553 3729 οὐ
3598 3676 3735 3746 πρὸς
3768 3676 3866 3745 τὴν
3887 3677 3982 3727 Δε-

2416 3766 2677 3834 σποτικὴν
2701 3766 2943 3837 ἀφορῶσι
2967 3766 3171 3837 φωνὴν,
3193 3766 3328 3819 ἀλλὰ
3354 3766 3489 3837 πρὸς
3507 3766 3604 3836 τὴν
3626 3765 3835 3818 ἑαυτῶν
3872 3766 3982 3832 (96)

2415 3853 2771 3923 παραίνεσιν·
2832 3874 2849 3905 ι
2891 3857 3194 3926 Προσέχετε
3247 3859 3345 3926 τὴν
3380 3856 3747 3926 ἐλεημοσύνην
3807 3856 3981 3925 ὑμῶν,

2418 3945 2489 4014 μὴ
2522 3949 2693 3997 ποιεῖν
2724 3946 3032 4017 ἔμπροσθεν
3098 3949 3204 4003 τῶν
3238 3948 3557 4017 ἀνθρώπων.
3608 3949 3670 4001 Ei
3724 3948 3779 4001 δὲ
3819 3949 3981 4017 μήγε,

2418 4036 2605 4105 μισθὸν
2624 4039 2724 4089 οὐκ
2770 4038 2920 4108 ἔχετε
2946 4058 2957 4071 ι
2979 4059 2997 4089 ι
3035 4039 3122 4092 διὰ
3151 4040 3246 4109 μὲν
3272 4039 3379 4092 τῶν
3408 4039 3687 4111 προτέρων
3716 4038 3777 4092 τι
3811 4042 3982 4091 ὲπιει-

2416 4126 2511 4187 κὲς
2535 4128 2629 4179 καὶ
2658 4128 2953 4197 φιλάγαθον
3002 4132 3299 4199 ἐμφαίνων,
3330 4132 3468 4201 ὅπερ
3502 4131 3619 4185 οὐδὲ
3647 4131 3981 4201 βουλομένων

2416 4218 2522 4272 τῶν
2574 4220 2916 4289 πραττόντων
2970 4222 3306 4291 κρύπτεσθαι
3343 4222 3597 4276 δύναται·
3652 4223 3740 4277 διὰ
3789 4224 3849 4278 ει
3876 4226 3981 4277 τῶν

2414 4310 2680 4383 δευτέρων
2714 4313 2811 4382 τὴν
2858 4313 3156 4381 φιλοδοξίαν
3194 4314 3552 4368 ἀναστέλλων.
3591 4315 3697 4378 Καὶ
3728 4316 3793 4369 δι’
3851 4314 3983 4369 ὲκεί-

2416 4419 2521 4457 νων
2547 4404 2663 4471 μὲν,
2695 4403 2791 4474 τὴν
2825 4405 3044 4470 κακίαν,
3090 4406 3176 4459 διὰ
3215 4406 3271 4457 δὲ
3301 4406 3527 4469 τούτων,
3582 4407 3680 4475 τὴν
3726 4407 3982 4473 ἐπίδειξιν

746 4496 870 4534 nem
900 4483 1212 4548 prohibens.
1252 4484 1435 4553 Neque
1462 4486 1606 4539 enim
1633 4487 1732 4541 hoc
1762 4488 1832 4541 illi
1858 4498 1937 4542 est
1958 4491 2307 4552 contrarium,

2417 4494 2657 4547 κωλύων.
2690 4497 2765 4547 Οὐ
2818 4496 2927 4567 γὰρ
2975 4498 3214 4550 ἐναντίον
3266 4498 3381 4550 ἐστὶ
3413 4498 3556 4551 τοῦτ’
3595 4497 3787 4567 ἐκείνῳ
3852 4500 3984 4553 ἀλλὰ

746 4570 843 4623 sed
868 4571 993 4623 vitia
1034 4587 1152 4639 quae
1182 4573 1469 4628 virtutibus
1511 4577 1661 4643 quasi
1713 4574 1873 4629 affixa
1918 4588 2043 4631 sunt
2075 4589 2127 4631 et
2180 4579 2311 4633 insi-

747 4658 985 4724 diantur,
1018 4660 1285 4729 prohibet.
1319 4659 1504 4718 Virtus
1542 4664 1683 4719 enim
1716 4666 1892 4720 omnis
1928 4682 1987 4721 ea
2023 4666 2180 4738 503
2222 4670 2315 4723 (le-

750 4763 896 4804 mum
931 4766 1049 4821 quae
1079 4755 1282 4821 alisque
1313 4758 1674 4811 ostentatione
1704 4754 1842 4809 facta
1869 4766 1971 4819 est,
1998 4759 2165 4812 virtus
2189 4774 2311 4826 pro-

751 4842 867 4911 prie
898 4851 949 4897 et
974 4842 1174 4897 dicitur
1205 4852 1258 4898 et
1289 4852 1391 4899 est.
1428 4844 1481 4899 Si
1514 4861 1639 4901 vero
1682 4847 1844 4901 etiam
1884 4847 1951 4901 ad
1993 4848 2174 4919 gloria:
2200 4858 2313 4902 stu-

2418 4582 2513 4645 τὰς
2547 4584 3017 4655 παραπεπηγυίας¹
3047 4590 3137 4637 καὶ
3168 4585 3427 4655 ἐφέδρους
3459 4585 3657 4646 κακίας
3691 4588 3811 4647 ταῖς
3854 4586 3983 4656 ἀρι-

2419 4674 2537 4733 ταϊς
2578 4672 2797 4726 κωλύει.
2862 4672 3058 4744 Ἀρετὴ
3126 4673 3234 4743 γὰρ
3298 4674 3445 4725 πᾶσα
3498 4672 3627 4725 ἄνευ
3676 4673 3983 4741 ἐπιδείξεως

2420 4763 2700 4830 γινομένη,
2732 4762 2897 4833 ἀρετὴ
2926 4762 2991 4816 ἂν
3023 4764 3226 4833 κυρίως
3259 4762 3475 4816 καλοῖτο
3516 4766 3607 4816 καὶ
3658 4767 3765 4835 εἴη.
3827 4765 3888 4818 El
3929 4764 3981 4818 δὲ

2422 4852 2513 4903 καὶ
2543 4852 2678 4923 πρὸς
2711 4854 3013 4923 (φιλοδοξίαν
3047 4854 3353 4926 ἑλκυσθείη,
3382 4855 3473 4908 καὶ
3506 4856 3564 4908 τὸ
3591 4854 3724 4911 εἶναι
3801 4862 3984 4932 thpto

822 5021 866 5054 ⁸⁸
897 5023 1071 5079 Eccle.
1108 5039 1201 5091 \'ll,
1230 5023 1285 5079 3.
1362 5025 1408 5057 ³³
1444 5021 1506 5079 ιν
1539 5025 1666 5095 lleg.
1705 5042 1777 5091 ιν,
1808 5024 1898 5091 55,
1934 5024 2018 5080 56.
2099 5022 2143 5054 ⁸³
2170 5022 2309 5077 Prov

2417 5044 2517 5089 nv,
2550 5026 2633 5081 l6.
2712 5028 2757 5060 “
2780 5028 2970 5084 Matth.
3008 5045 3053 5095 ν,
3087 5030 3172 5086 16.
3248 5031 3292 5063 ⁸⁸
3321 5030 3509 5087 Matth.
3546 5048 3615 5098 vi,
3651 5034 3707 5088 9.

1810 5180 2039 5235 νΛΗΙᾹΞ
2079 5180 2462 5239 LECTIONES
2498 5180 2585 5237 ET
2626 5179 2858 5239 NOTAE.

751 5336 943 5407 δεῖται.
980 5333 1173 5407 Sttidas
1202 5352 1213 5389 :
1257 5335 1480 5407 '_Ocia,ﬁ
1515 5336 1605 5388 ἐπὶ
1629 5334 1839 5405 Θανάτῳ
1872 5336 2021 5407 τιμὴ,
2056 5338 2087 5406 ἠ
2141 5336 2312 5407 ἡμέρα

2430 5336 2609 5407 Vatic.
2644 5336 2751 5407 650
2787 5344 2838 5389 et
2870 5337 3084 5407 γεγεμό
3114 5339 3200 5407 ὅτε
3242 5340 3291 5390 in
3327 5339 3427 5394 ὅτι.
3461 5341 3669 5395 Possm.

752 5406 925 5468 ὁσίαν,
958 5404 1199 5473 κηδείαν,
1228 5403 1325 5475 τὴν
1356 5406 1443 5458 ἐπὶ
1467 5403 1675 5475 νεκροῖς
1702 5403 1889 5475 τιμήν.
1931 5403 2005 5460 Ei
2046 5403 2127 5459 his
2164 5403 2323 5475 igitur

2501 5406 2610 5473 (96)
2640 5406 2796 5480 Πρὸς
2827 5406 2941 5472 τὴν
2961 5406 3207 5480 ἑαυτῶν.
3244 5408 3468 5480 Videtur
3491 5409 3591 5463 tale
3611 5410 3739 5480 quid
3778 5412 3978 5477 deesse,

758 5476 1035 5528 verissima
1070 5478 1325 5549 probatur
1354 5479 1659 5549 conjectura
1705 5487 1887 5549 nostra
1921 5491 1933 5525 :
1970 5478 2312 5549 quam‘etiam‘

2420 5477 2595 5541 δόξαν,
2635 5476 2839 5547 ταύτην
2870 5477 3174 5549 προσέθηκε
3206 5477 3300 5549 τὴν
3340 5480 3588 5549 παραίν.,
3617 5476 3777 5548 atque
3810 5484 3883 5536 ita
3910 5476 3985 5537 itt-

756 5541 1397 5619 con‘lirniantlcod..Vat.
1431 5545 1535 5599 650
1577 5558 1661 5619 ap.
1700 5543 1863 5619 po’st_.]
1909 5541 2184 5619 sequentia
2217 5563 2229 5596 :
2270 5545 2321 5619 ei
2428 5553 2754 5619 terpretatus
2780 5541 3557 5619 suurquasibzec'adcsscnt,
3578 5541 3837 5619 poscente
3865 5567 3985 5607 sen-

760 5612 878 5665 οὺδὶ
902 5613 961 5684 τδ
992 5610 1170 5684 ὁσιοῦν
1202 5612 1284 5684 ,τὰ
1324 5615 1551 5684 σώματα
1580 5610 1726 5666 ὅσιον
1788 5610 1927 5667 εἶναι
1968 5612 2207 5684 ἐνόμιζε,
2233 5615 2312 5669 ubi

2426 5610 2604 5669 tentia:
2650 5610 2980 5679 integritate.
3024 5614 3185 5671 Βιττ.
3228 5648 3296 5657 -
3336 5619 3467 5673 Cod.
3520 5610 3637 5674 val.
3670 5620 3773 5674 650
3816 5631 3984 5677 mutu

763 5678 1054 5737 uelandum
1083 5678 1448 5738 πολύπτωτον.
1494 5685 1653 5739 Πιττ.

835 5751 944 5819 (95)
995 5752 1379 5823 Προστὲθεικεν
1454 5763 1626 5809 mutat
1690 5755 1743 5812 in
1803 5753 2138 5823 προσέθηκεν
2197 5753 2315 5809 cod.

2424 5684 2608 5761 ςεωνὴν
2641 5686 2691 5761 in
2722 5685 2878 5761 δόξαν
2899 5697 2987 5761 ’θιλ
3000 5688 3318 5761 παραίνεσιν
3344 5689 3394 5761 in
3422 5689 3716 5760 παρῄνεσε.
3746 5690 3863 5748 Mox
3890 5706 3983 5761 pro

2420 5753 2789 5824 ἐλεημοσύνην
2814 5756 2935 5824 legit
2961 5753 3323 5828 δικαιοσύνην.
3359 5753 3563 5815 νοεειὶη.
