4150 6486
153 454 321 520 1249

1126 451 1659 514 EPISTOLARUM
1698 455 1844 514 LIB.
1889 452 2326 516 IV.—EPIST.
2369 450 2632 542 CLXIII.

3313 448 3446 515 1250

161 567 304 636 μὶν,
339 564 417 627 ὡς
441 556 616 631 οἶμαι,
646 559 745 612 οὐκ
769 553 922 622 ὄντα,
953 557 1172 612 πιθανὸν
1211 558 1265 610 δὲ
1284 557 1562 622 δοκοῦντα,
1597 560 1752 612 mna

1872 560 1922 614 id
1989 561 2200 615 tametsi
2257 575 2481 623 verum,.
2524 568 2580 613 ut
2624 566 2773 625 puto,
2831 573 2938 614 non
3009 558 3111 627 sit,
3158 558 3452 614 verisimile

159 657 277 727 μὲν
327 654 426 709 καὶ
467 651 620 715 ἄλλα,
657 650 749 703 δύο
778 651 834 704 δὲ
863 651 960 721 (6),
999 649 1136 702 κατά
1162 666 1224 716 γε
1263 649 1351 701 τὸν
1385 650 1650 720 ἡμέτερον
1682 649 1763 701 λο-

156 744 406 816 γισμὸν,
461 741 786 812 ἀνατρέπειν
833 741 1008 794 δοκεῖ·
1059 739 1116 791 ἓν
1163 741 1282 811 μὲν,
1331 742 1392 794 τὺ
1444 743 1516 812 μὴ
1578 742 1764 810 σαφῶς

155 854 316 906 κεκη
329 832 526 906 ρύχθαι
555 835 612 886 ἐν
639 837 758 898 ταῖς
781 833 1044 903 Γραφαῖς*
1062 831 1308 903 δεύτερον
1337 834 1426 898 δὲ,
1462 836 1494 903 ή
1525 834 1763 904 ἄκρατος

155 926 344 997 λήθη.
380 925 456 978 Οὐ
492 925 768 995 συνορῶσα
797 923 906 993 γὰρ
942 923 1041 993 (7),
1071 927 1220 977 ποῖον
1244 924 1435 994 ἔμελλε
1458 927 1758 992 τίκτεσθαι,

159 1015 485 1070 σκάνδαλον
518 1015 583 1067 ὲκ
612 1013 705 1066 τοῦ
745 1013 1044 1082 διαρρήδην
1083 1013 1456 1085 κηρυχθῆναιο
1489 1016 1620 1086 ῥᾷον
1652 1014 1761 1086 γὰρ

157 1108 266 1160 ἐπὶ
291 1106 398 1174 τὴν
443 1105 502 1169 ἐξ
530 1105 708 1175 ἀρχῆς
734 1102 1117 1172 ἐπαλινδρόμει
1152 1103 1522 1162 κατάστασινς·
1561 1105 1628 1175 ἢν
1658 1122 1760 1158 κα-

158 1195 496 1249 ταπεσοῦσα
527 1195 602 1263 (8)
629 1192 786 1245 τοῦτο
838 1191 1084 1263 μαθοῦσα
1131 1192 1298 1264 ψυχὴ,
1337 1195 1420 1256 τίς
1453 1197 1486 1264 ἡ
1527 1196 1761 1267 ἄκρατος

159 1287 320 1359 αὕτη
358 1291 454 1342 καὶ
501 1287 692 1357 βαθεῖα
729 1284 889 1356 λήθη,
919 1285 995 1348 ὼς
1045 1286 1207 1358 μηδὲν
1243 1286 1412 1356 αὐτὴν
1440 1287 1548 1340 τῶν
1583 1289 1761 1340 ἐκεῖσε

161 1379 520 1450 μεμνῆσθαι,
567 1377 744 1430 καίτοι
773 1376 1206 1447 μνημονεύουσα,
1235 1377 1540 1450 ἀνέδραμεν
1568 1379 1634 1432 ἂν
1663 1379 1761 1450 τὴν

156 1477 470 1547 ταχίστην,
534 1475 657 1529 ὅθεν
708 1474 990 1539 ἐξέπεσεν,
1046 1476 1140 1528 καὶ
1195 1479 1243 1530 εί
1297 1479 1525 1548 μυρίους
1591 1481 1760 1550 ἐχρῆν

159 1569 485 1638 ὑποστῆναι
519 1567 735 1630 πόνους.
776 1566 886 1620 Καὶ
927 1565 1036 1637 γὰρ
1082 1567 1141 1618 εί.
1183 1565 1448 1636 βασιλέως
1481 1568 1618 1632 υίὸς,
1649 1569 1761 1625 ἀπὸ

161 1660 458 1732 ῥᾳθυμίας
489 1659 565 1729 (9)
592 1659 692 1729 τῆς
724 1657 1009 1729 βασιλικῆς
1034 1658 1134 1728 μὲν
1157 1659 1316 1728 δόξης
1342 1659 1589 1725 ἐκπέσοι,
1621 1661 1758 1729 μετὰ

160 1750 395 1824 λῃστῶν
429 1751 483 1804 δὲ
527 1751 622 1804 καὶ
659 1749 1001 1818 ἀνδροφόνων
1045 1748 1438 1820 συνδιατρίϐειν
1473 1750 1668 1816 ἕλοιτο,
1724 1753 1758 1821 ή

165 1841 374 1912 μνήμη
427 1842 528 1910 τῆς
579 1837 800 1908 πρώτης
855 1837 1162 1908 εὐημερίας
1199 1838 1486 1907 δυνήσεται
1536 1841 1757 1903 ἀπόνως

1869 649 2028 721 505
2061 661 2239 705 tamen
2275 665 2562 720 apparens,
2603 665 2724 704 cum
2761 649 2865 703 alia
2909 650 3071 703 multa
3103 659 3448 719 argumenta,

1869 753 1976 794 tum
2009 744 2090 797 vel
2137 743 2374 797 maxime
2415 745 2541 808 duo,
2575 753 2634 796 ut
2673 751 2855 795 nostra
2899 741 3003 796 fert
3048 741 3331 796 sententia:
3371 757 3444 795 ra-

1868 835 1959 898 tio,
2010 845 2258 890 evertere
2297 834 2546 888 videntur
2577 849 2775 891 :nnum
2826 833 3068 902 quidem,
3115 835 3256 900 quod
3306 833 3450 888 istud

1866 925 2055 992 dogma
2087 924 2140 978 in
2175 923 2471 990 Scripturis
2506 938 2610 977 non
2645 925 2717 977 sit
2745 923 3028 989 perspicue
3053 924 3400 990 praedicatum
3431 941 3445 984 ;

1866 1014 2092 1068 alterum
2129 1028 2260 1070 vero
2295 1014 2631 1084 imp’ermista
2655 1012 2874 1067 oblivio.
2909 1011 3028 1068 Non
3056 1013 3198 1066 enim
3255 1011 3444 1064 vident

1866 1107 2023 1176 quale
2050 1107 2390 1161 nasciturum
2424 1107 2494 1159 sit
2517 1104 2833 1159 scandalum
2861 1121 2925 1159 ex
2963 1103 3251 1158 manifesta
3284 1113 3448 1174 atque

1865 1199 2068 1253 diserta
2093 1197 2252 1267 hujus
2272 1196 2541 1263 dogmatis
2564 1195 2970 1266 praedicatione.
2992 1194 3231 1250 Facilius
3248 1195 3447 1264 quippe

1864 1293 1929 1344 ad
1973 1305 2120 1355 eum,
2177 1291 2229 1343 in
2281 1304 2387 1358 quo
2433 1288 2500 1342 ah
2534 1288 2691 1342 initio
2735 1285 2856 1350 fuit,
2895 1295 3095 1340 statum
3146 1293 3450 1340 recurreret

1863 1380 2039 1432 anima
2074 1393 2194 1446 quae
2232 1392 2298 1432 eo
2337 1377 2561 1443 excidit,
2610 1377 2698 1430 ubi
2745 1375 2848 1430 hoc
2885 1373 3157 1430 didicerit.
3191 1372 3448 1440 Quasnam

1862 1471 1978 1527 haec
2011 1480 2095 1526 est
2124 1480 2367 1526 extrema
2407 1478 2462 1524 et
2497 1470 2760 1538 profunda
2795 1466 3017 1530 oblivio,
3057 1476 3114 1520 ut
3158 1466 3291 1520 nihil
3335 1467 3446 1536 ipsa

1861 1563 2125 1628 omnium,
2156 1578 2277 1633 qua:
2317 1563 2369 1616 in
2403 1563 2584 1630 priore
2620 1576 2720 1616 suo
2760 1569 2904 1613 statu
2949 1558 3160 1622 habuit,
3201 1556 3450 1611 recorde-

1864 1654 1992 1708 tur?
2017 1655 2180 1724 Atqui
2210 1654 2255 1709 si
2301 1653 2701 1715 recordaretur,
2733 1664 2896 1720 quam
2940 1647 3229 1704 celerrime
3257 1662 3322 1702 eo
3359 1661 3448 1702 re-

1861 1756 2129 1810 curreret,
2184 1746 2326 1800 unde
2375 1755 2522 1800 esset
2572 1744 2811 1813 delapsa,
2862 1740 3113 1811 quamvis
3159 1747 3449 1794 sexcentos

1861 1845 2139 1904 spot-teret
2183 1837 2419 1890 tolerare
2468 1835 2703 1888 labores.
2761 1831 2894 1884 Nam
2947 1832 2991 1885 si
3036 1830 3183 1899 regis
3218 1827 3448 1895 alicujus

157 1901 408 2001 édx'tot'a
431 1901 802 1996 ἐπαναγαγεῖν
835 1901 1060 1998 ἐπὶ-τὴν
1100 1901 1361 2000 πατρῴαν
1396 1929 1572 1994 ἀξίαν.
1605 1931 1667 1983 Ei
1698 1901 1752 1983 δέ

1869 1901 2010 1982 illius
2033 1942 2130 1995 per
2156 1927 2462 1981 socordiam
2506 1924 2768 1995 dignitate
2796 1923 3013 1992 quidem
3043 1920 3193 1991 regia
3230 1918 3448 1974 excide-

160 2021 461 2084 παντελῶς
484 2019 849 2090 ἀποσϐεσθείη
881 2019 986 2072 ἀπὸ
1009 2023 1110 2090 τῆς
1137 2019 1318 2090 ψυχῆς
1348 2020 1511 2074 αὐτοῦ
1545 2025 1578 2092 ὴ
1619 2039 1754 2092 προ⁸

153 2114 310 2186 τέρα
369 2114 582 2183 μνήμη,
620 2111 743 2166 οὔτε
799 2111 1022 2184 βαρεῖαν
1073 2110 1482 2182 διαιτηθήσεται
1511 2112 1622 2182 (10)
1657 2113 1757 2182 τὴν

164 2202 322 2273 μετά
347 2203 458 2256 τῶν
485 2202 697 2272 λῃστῶν
724 2201 1022 2271 διαγωγὴν,
1063 2201 1199 2254 ἀλλά
1226 2203 1320 2256 καὶ
1353 2202 1543 2274 ἥδιστα
1574 2204 1757 2268 αὐτοῖς

161 2291 577 2363 συνδιατρίϐοιο
622 2290 747 2345 οὔτε
783 2310 835 2345 τι
868 2293 1064 2362 πράξοι
1095 2292 1207 2346 τῶν
1255 2293 1622 2364 ἐπαναγαγεῖν
1655 2297 1756 2349 αύ-

161 2382 265 2439 τὸν
317 2382 634 2452 δυναμένων
687 2383 772 2450 ἐφ’
838 2383 903 2454 ἢν
967 2383 1091 2454 μηδ’
1143 2381 1250 2438 οἵδε
1310 2385 1620 2455 βασιλείανο
1679 2389 1754 2459 μὴ

163 2471 436 2544 πράττων
485 2471 542 2525 δὲ
591 2471 659 2524 τὰ
701 2472 934 2545 φέροντα
975 2472 1143 2527 αὑτὸν
1173 2475 1376 2541 ἐκεῖσε,
1410 2477 1510 2529 οὐκ
1542 2477 1610 2530 ἂν
1655 2479 1754 2531 ἐπ-

164 2563 388 2618 ανέλθοι
438 2562 593 2616 ποτέ.
651 2561 709 2616 Ὀ
759 2563 857 2632 μὲν
889 2559 983 2617 οὖν
1033 2563 1132 2633 τῆς
1165 2565 1386 2635 μνήμης
1438 2566 1616 2636 λόγος,
1647 2568 1752 2636 εἴγ’

163 2654 384 2726 ἀληθὴς
432 2651 500 2725 ἦν
552 2657 585 2725 ἡ
647 2655 942 2722 ἔκπτωσις,
1004 2657 1212 2720 πάντας
1249 2659 1571 2730 ἀνθρώπους
1622 2663 1752 2732 ῆλα-

166 2762 270 2800 σεν
298 2747 409 2817 (11)
436 2747 527 2800 ἐπὶ
562 2745 657 2818 τὴν
693 2747 947 2801 ἐπάνοδον
968 2764 980 2776 ·
1013 2748 1046 2816 ή
1078 2746 1134 2798 δὲ
1166 2749 1342 2820 σαφὴς
1371 2751 1481 2805 τῶν
1511 2751 1744 2822 Γραφῶν

168 2836 490 2891 διδασκαλία
523 2838 685 2891 πλέον
715 2837 781 2892 ἂν
811 2839 1130 2895 ἐϐεϐαίωσε.
1172 2841 1512 2912 Πιστεύομεν
1535 2843 1592 2897 δὲ
1616 2843 1751 2897 ἄλλα

165 2925 298 2979 τυά
340 2927 563 2996 μείζονα
611 2927 769 2997 ήμῶν
801 2928 932 2982 ὄντα
964 2931 1062 2999 τῆς
1092 2930 1253 2995 ἀξίας
1288 2932 1710 3003 ἀποκεκρύφθαι
1731 2948 1744 2963 ·

174 3017 296 3073 ἀλλ’
323 3019 482 3088 αὕτη,
514 3018 586 3080 ὥς
633 3035 696 3087 γε
722 3013 897 3090 οἶμαι,
933 3022 1183 3088 φαίνεται
1232 3023 1659 3096 ὠφελιμωτάτη,
1687 3025 1749 3078 τὸ

174 3108 316 3178 μηδὲ
362 3109 621 3178 ὁπότερον
650 3111 997 3180 γεγενῆσθαι,
1051 3113 1223 3166 πολλά
1259 3114 1506 3183 δόγματα
1539 3118 1620 3180 εἰς
1657 3117 1748 3170 τὸν

175 3198 294 3268 βίον
344 3197 690 3265 εἰσεκώμασε
745 3200 836 3252 τὸν
892 3202 1180 3272 ἡμέτερον.
1219 3205 1281 3256 Ol
1333 3204 1431 3274 μὲν
1467 3205 1575 3276 γὰρ
1608 3206 1747 3260 οῖον-

171 3306 267 3344 ται
302 3289 436 3360 (12),
468 3288 788 3343 σϐέννυσθαι
828 3290 965 3361 μετά
992 3291 1086 3345 τοῦ
1130 3292 1380 3362 σώματος
1409 3294 1507 3364 τὴν
1533 3295 1711 3368 ψυχήν
1732 3312 1745 3326 ·

173 3381 225 3431 οι
256 3375 312 3429 δὲ
360 3378 442 3429 ὅτι
478 3377 882 3442 ἀπολαύσοντες
921 3379 1083 3450 μόνον
1114 3383 1223 3435 τῶν
1262 3384 1317 3435 ὲν
1358 3383 1493 3453 τῷδε
1526 3384 1602 3456 τῷ
1653 3386 1752 3456 βίῳ

173 3468 358 3523 καλῶν
409 3471 768 3541 παρήχθησαν
818 3473 896 3535 είς
932 3472 1022 3526 τὸν
1053 3473 1196 3543 βίονο
1229 3475 1323 3528 καὶ
1374 3478 1422 3528 oi
1457 3476 1556 3546 μὲν
1594 3477 1751 3530 αύτο-

180 3560 449 3633 ματισμὸν
488 3563 936 3635 ὲφαντάσθησανσ
971 3567 1018 3617 οἱ
1051 3565 1108 3618 δὲ
1138 3566 1449 3638 εἱμαρμένῃ
1474 3567 1567 3620 καὶ
1598 3569 1750 3635 γενέ-

177 3669 263 3706 σει
313 3653 407 3706 καὶ
442 3653 582 3726 τύχῃ
630 3655 700 3707 τὰ
755 3656 878 3709 καθ’
928 3658 1154 3720 ἑαυτοὺς
1193 3658 1536 3728 ἐπέτρεψαν·
1569 3661 1664 3713 κει)⁵
1701 3663 1748 3713 oi

179 3740 282 3813 μὲν
311 3743 567 3814 γεννητὸν
592 3745 704 3814 (l5)
730 3743 868 3800 εἶναι
890 3747 984 3800 τὸν
1005 3748 1210 3818 κόσμον
1237 3750 1583 3818 ἀπεφήναντο
1613 3750 1745 3822 (14)’

176 3833 227 3887 oi
258 3833 314 3888 δὲ
358 3834 450 3887 τὸν
485 3835 584 3906 μὲν
633 3837 862 3908 οὐρανὸν
902 3839 1160 3909 προνοίας
1199 3839 1500 3909 ἠξιῶσθαι·
1538 3843 1638 3915 τῂν
1693 3843 1750 3896 δὲ

176 3924 280 3994 γῆν
301 3925 450 3996 οὐχί·
485 3929 536 3980 οί
567 3928 611 3981 δ’
644 3929 749 3982 ὑπὸ
781 3930 880 3999 τῆς
914 3931 1108 3993 κακίας
1134 3931 1195 3983 τὸ
1230 3932 1389 4001 σῶμα
1415 3933 1745 4001 πεπλᾶσθαι,

178 4017 272 4070 καὶ
318 4017 392 4088 μὴ
437 4017 697 4072 δύνασθαι
747 4020 950 4090 ἀρετῆς
994 4021 1222 4090 ὄργανον
1272 4019 1446 4094 εἶναι·
1487 4024 1581 4076 καὶ
1612 4025 1748 4078 ἄλλα

181 4107 345 4176 μυρία
364 4124 375 4136 ο
407 4108 570 4177 ειπερ,
612 4109 696 4163 ἵνα
729 4111 804 4182 μὴ
834 4112 891 4164 τὸ
917 4113 1146 4181 λογίδιον
1175 4114 1528 4185 μηκύνωμεν,
1567 4133 1747 4186 παρα-

177 4195 358 4266 λείψω.
393 4198 576 4252 Ταῦτα
627 4200 682 4253 δὲ
720 4202 898 4255 πάντα
949 4203 1181 4273 ἐσϐέσθη
1208 4204 1342 4275 (l5),
1377 4205 1442 4274 ἢν
1471 4207 1503 4276 ὴ
1555 4207 1746 4276 μνήμη

178 4287 274 4354 τῆς
302 4289 572 4358 προτέρας
604 4293 992 4357 καταστάσεως
1024 4296 1298 4368 ἐνυπῆρχε
1327 4299 1394 4368 τῇ
1424 4296 1593 4369 ψυχῇ,
1627 4298 1745 4359 εἴγε

179 4376 379 4447 ἀληθὴς
415 4375 482 4450 ἦν
514 4383 542 4433 ὁ
582 4382 682 4451 τῆς
731 4382 1060 4448 ἐκπτώσεως
1107 4385 1282 4455 λόγος,
1326 4387 1419 4439 καὶ
1455 4388 1503 4440 ει
1549 4390 1608 4440 ἐν
1638 4394 1747 4452 τοῖς

183 4468 342 4538 ἱεροῖς
389 4473 659 4541 χρησμοῖς
697 4473 1010 4542 σαφέστατα
1064 4475 1342 4547 ἐκηρύχθη
1385 4476 1614 4547 αὐτῆςὴ
1660 4475 1748 4530 έκ-

1868 2023 1971 2078 ret,
2011 2029 2133 2067 cum
2169 2012 2473 2068 latronibus
2509 2022 2687 2067 autem
2720 2020 2776 2065 et
2812 2011 3030 2066 sicariis
3063 2008 3271 2065 versari
3315 2007 3450 2062 mal-

1867 2103 1957 2168 let,
1997 2102 2260 2158 memoria
2299 2117 2423 2158 eum
2478 2111 2628 2159 certe
2673 2102 2871 2174 prioris
2921 2100 3204 2156 felicitatis
3249 2099 3449 2170 poterit

1864 2190 2010 2246 nullo
2048 2192 2265 2262 negotio
2295 2205 2457 2260 quam
2501 2190 2788 2246 celerrime
2839 2189 3104 2245 reducere
3153 2189 3220 2242 ad
3264 2197 3448 2258 pater-

1864 2298 1990 2337 nam
2021 2283 2363 2353 dignitatem.
2395 2282 2490 2337 Sin
2521 2293 2698 2336 autem
2729 2281 2947 2351 penitus
2980 2280 3248 2336 exstincta
3278 2277 3448 2337 fuerit

1862 2383 2022 2443 atoue
2055 2373 2229 2428 deleta
2270 2388 2334 2427 ex
2366 2374 2550 2426 animo
2579 2372 2749 2442 ipsius
2774 2374 2926 2443 prior
2958 2370 3245 2437 memoria,
3271 2384 3447 2437 neque

1860 2477 2026 2532 grave
2066 2473 2162 2517 aut
2212 2461 2428 2518 diﬁicile
2475 2464 2635 2519 ducet
2675 2478 2794 2518 cum
2838 2463 3142 2518 latronibus
3202 2476 3441 2517 commo-

1862 2554 1970 2608 rari
2006 2572 2019 2607 :
2055 2555 2166 2609 imo
2206 2557 2371 2610 etiam
2421 2555 2785 2612 libentissime
2835 2555 3272 2624 suavissimcque
3321 2570 3446 2609 eum

1861 2645 1992 2713 ipsis
2015 2648 2343 2714 versabitur,
2377 2647 2619 2716 nihilque
2645 2662 2870 2717 prorsus
2897 2645 3059 2702 faciet
3087 2662 3298 2713 eorum,
3325 2660 3445 2715 qua:

1859 2747 2082 2806 possent
2132 2739 2307 2807 ipsum
2351 2739 2416 2793 ad
2463 2755 2710 2810 regnum,
2747 2739 2891 2808 quod
2936 2754 3004 2793 ne
3034 2740 3184 2793 novit
3225 2738 3443 2807 quidem

1865 2827 2115 2895 amplius,
2163 2829 2446 2884 reducere.
2483 2829 2620 2885 Cum
2675 2838 2857 2885 autem
2916 2829 3052 2884 nihil
3104 2845 3290 2884 eorum
3322 2845 3446 2901 qua:

1865 2915 2038 2986 ipsum
2061 2916 2187 2973 illuc
2214 2919 2476 2974 reducere
2497 2929 2738 2989 possent,
2769 2918 2951 2986 faciat,
2977 2936 3252 2992 nunquam
3277 2923 3442 2978 etiam

1863 3025 1928 3066 eo
1980 3021 2303 3066 revertetur.
2363 3011 2549 3082 Itaque
2604 3016 2880 3069 memoria:
2924 3016 3098 3083 ratio,
3153 3016 3198 3070 si
3252 3030 3442 3071 verum

1856 3112 2004 3159 esset
2051 3105 2196 3173 quod
2248 3105 2317 3160 de
2370 3105 2522 3175 lapsu
2564 3107 2869 3162 animarum
2948 3109 3205 3174 traditur,
3252 3123 3445 3165 omnes

1859 3194 2111 3249 homines
2156 3195 2223 3249 ad
2274 3197 2508 3251 reditum
2537 3197 2614 3267 (in
2666 3198 2902 3268 priorem
2944 3210 3144 3256 statum
3187 3201 3441 3259 felicissi-

1857 3282 2024 3354 mum)
2067 3283 2407 3353 impulisset;
2459 3286 2654 3341 deinde
2698 3289 2984 3357 perspicua
3030 3290 3440 3361 Scripturarum

1853 3374 2100 3430 doctrina
2133 3379 2306 3449 magis
2337 3378 2502 3434 etiam
2546 3379 2765 3435 eosdem
2801 3384 3202 3438 conﬁrmasset.
3247 3385 3440 3440 Credi-

1855 3481 1973 3523 mus
1995 3469 2139 3522 enim
2168 3470 2271 3524 alia
2304 3472 2575 3539 quaedam,
2612 3480 2858 3525 nostrum
2903 3473 3159 3527 meritum
3197 3474 3438 3546 dignita-

1855 3569 2070 3627 temque
2100 3560 2256 3630 longe
2284 3562 2625 3625 excedentia,
2653 3562 2934 3618 recondita
2965 3579 3088 3619 esse
3121 3565 3279 3621 nobis
3299 3581 3439 3636 pra:-

1854 3652 1980 3704 mia.
2018 3649 2123 3705 Sed
2157 3653 2290 3718 haec,
2326 3662 2383 3706 ut
2417 3667 2515 3722 ego
2561 3653 2840 3719 existimo,
2871 3655 3088 3709 videtur
3119 3657 3434 3723 utilissima,

1852 3746 1998 3811 quod
2044 3742 2243 3797 abolita
2294 3744 2488 3813 prioris
2543 3754 2718 3799 status
2767 3747 2962 3800 animae
3013 3747 3065 3801 in
3124 3763 3232 3817 quo
3272 3749 3436 3804 fuerit

1853 3835 2134 3897 memoria,
2165 3835 2330 3889 tnulta
2359 3851 2423 3890 ac
2451 3836 2599 3890 varia
2630 3837 2681 3889 in
2715 3837 2883 3891 vitam
2913 3847 3152 3893 nostram
3180 3841 3434 3910 dogmata

1852 3921 2185 3990 importavit.
2233 3925 2338 3979 Alii
2374 3941 2609 3995 namque
2654 3936 2845 3996 putant
2876 3931 3150 3999 exstingui
3193 3933 3427 3987 animam

1851 4031 1971 4070 cum
2003 4031 2262 4087 corpore;
2305 4019 2397 4073 alii
2429 4035 2559 4074 vero
2594 4022 2735 4088 quod
2779 4022 2832 4076 iu
2862 4023 3028 4077 vitam
3060 4026 3198 4078 hanc
3229 4027 3431 4094 produ-

1851 4108 1924 4162 cti
1971 4109 2080 4162 sint
2119 4111 2274 4179 quasi
2323 4111 2486 4181 hujus
2533 4120 2739 4168 tantum
2792 4115 2915 4170 vita:
2958 4117 3115 4172 bonis
3145 4117 3434 4187 perfruen-

1849 4199 1975 4253 dntn
2014 4201 2117 4254 sibi
2150 4213 2311 4256 esset.
2353 4200 2418 4255 Et
2450 4204 2538 4257 alii
2579 4207 2796 4272 quidem
2838 4222 3023 4262 casum
3057 4210 3432 4272 temerarium,

1850 4306 1958 4360 quo
1983 4293 2162 4346 omnia
2195 4292 2504 4362 volvantur,
2537 4298 2914 4368 excogitarunt
2941 4317 2956 4366 ;
2982 4300 3071 4353 alii
3107 4311 3288 4357 autem
3319 4303 3434 4357 fato

1850 4393 1903 4437 et
1930 4386 2244 4440 necessitati
2276 4396 2432 4441 ortus
2462 4398 2516 4461 et
2546 4390 2780 4444 fortunae
2808 4407 2896 4462 res
2932 4393 3199 4447 humanas
3233 4398 3424 4463 permi-

1850 4488 2038 4532 serunt
2083 4479 2564 4536 administrandas.
2608 4481 2673 4536 Et
2707 4483 2796 4536 alii
2839 4486 3054 4552 quidem
3094 4498 3271 4541 ortum
3313 4504 3432 4542 esse

182 4575 398 4625 πτωσις,
428 4561 667 4614 καλοῦσα
696 4564 787 4616 ἐπὶ
813 4565 912 4634 τὴν
945 4566 1223 4620 ἐπάνοδον.
1251 4569 1348 4621 Διά
1383 4567 1481 4636 μὲν
1510 4567 1620 4638 γὰρ
1647 4568 1743 4621 τοῦ

1859 4570 2112 4622 mundum
2169 4574 2594 4639 pronuntiarunt
2653 4575 2786 4632 (alii
2849 4589 3041 4631 contra
3106 4581 3173 4634 ab
3229 4591 3434 4636 aeterno

182 4647 388 4719 πρώτου
420 4652 514 4704 καὶ
543 4653 803 4724 Ἕλληνες
848 4655 941 4708 καὶ
971 4655 1265 4728 βάρϐαροι·
1303 4658 1390 4710 διὰ
1415 4657 1471 4711 δὲ
1498 4658 1592 4713 τοῦ
1621 4660 1746 4714 δευ-

1855 4660 2101 4733 fuisse);
2135 4663 2224 4716 alii
2251 4664 2452 4719 coelum
2483 4666 2700 4735 quidem
2737 4670 3135 4737 providentiam
3183 4672 3273 4727 Dei
3314 4687 3431 4728 sor-

1257 4828 1490 4883 VARIAE
1531 4829 1915 4887 LECTIONES
1954 4831 2041 4886 ET
2079 4833 2313 4888 NOTAE.

250 4975 323 5096 (6)
351 4975 478 5031 Post
501 4977 592 5030 δύο
619 4978 673 5032 δὲ
701 4981 818 5033 cod.
853 4979 969 5034 Vat.
1021 4982 1169 5036 addit
1206 4984 1460 5053 μάλιστα.
1520 4984 1740 5040 Possm.

273 5046 322 5096 7)
349 5049 429 5096 Οὐ
456 5047 776 5096 συνορῶσι.
812 5050 944 5096 φάο-
989 5051 1044 5096 F-
1081 5051 1181 5096 leg-
1235 5053 1519 5096 συυηωῒισι-
1575 5053 1738 5096 Ωιτ-ιιι.

273 5046 322 5122 Ἰ)
349 5049 429 5122 gi:
456 5047 776 5122 συνορῶσι.
812 5050 944 5116 γάρ.
989 5051 1044 5103 F.
1074 5051 1181 5122 leg.
1207 5046 1519 5122 συνορῶσι.
1575 5053 1740 5110 Rt'r'r.

253 5099 322 5186 (8)
357 5099 528 5189 verba
559 5099 664 5189 illa,
792 5099 1745 5189 x'oicfznésotﬁé‘;ei'quiinfséquimmé

186 5183 345 5253 usque
366 5185 430 5238 ad
455 5183 600 5254 ψυχὴ
636 5183 923 5248 inclusive,
962 5191 1040 5242 sic
1069 5190 1224 5243 alitrr
1248 5183 1559 5244 scribuntur
1585 5203 1631 5246 et
1659 5210 1747 5245 nr-

189 5254 425 5330 tlinatttur
474 5255 526 5330 [η
561 5255 679 5330 θοι]ἒ
731 5258 942 5330 cod.,_t‘;
990 5261 1368 5330 καταπεσοῦσα
1412 5259 1559 5330 ψυχὴ
1591 5262 1747 5314 τοῦτο

193 5321 598 5397 μᾳθῆοῦσακροει
626 5322 730 5387 τίς,
764 5327 903 5392 quod
932 5321 1122 5381 'statim
1154 5321 1593 5397 sequitur,'itl'ein
1625 5332 1745 5385 cod.

191 5391 322 5444 addit
350 5390 425 5444 δέ.
457 5390 666 5447 Possm.

256 5459 324 5532 (9)
355 5458 456 5532 Pro
475 5461 581 5514 ἀπὸ
605 5462 874 5532 ῥᾳθυμίας
902 5466 1038 5518 idem
1058 5469 1174 5520 cod.
1210 5467 1401 5522 scribit
1423 5483 1528 5522 uno
1560 5469 1740 5530 verbo,

190 5529 761 5653 ρπορρᾳουμήσαςίρί
804 5536 881 5587 sic
932 5538 1049 5589 cod.
1109 5537 1301 5589 Bavar.
1344 5551 1429 5605 ap.
1486 5529 1742 5610 ltitterh.]

213 5613 261 5650 υ.

213 5613 261 5650 υ.

255 5665 356 5752 (ill)
388 5667 493 5752 P50
523 5669 923 5752 διαιτηθήσεται
972 5673 1271 5752 idemcod.
1325 5677 1490 5731 habet
1543 5682 1743 5752 ήγήσε-

190 5753 288 5789 ται.
319 5735 392 5818 lt):
426 5738 578 5792 Vers.
622 5735 744 5818 seq1
760 5735 1058 5818 ’Διαγωγὴν
1088 5745 1227 5818 idem
1269 5757 1424 5818 auget
1454 5735 1744 5818 prir'po'sito

195 5821 299 5859 συν.
340 5805 453 5862 Mox
483 5824 579 5876 pro
620 5805 980 5882 συνδιατρίϐοἰ
1016 5805 1737 5886 scribitauvé‘larpids'tcod.

1853 4988 1973 5042 Vat.

1922 5059 2033 5128 (ll)
2071 5061 2305 5139 Ἤλασεν
2337 5072 2493 5139 auget
2542 5065 2592 5119 in
2632 5064 2949 5136 συνήλασεν.
3009 5071 3160 5126 Vers.
3208 5071 3332 5128 inde
3375 5075 3429 5139 2,

1850 5127 1905 5179 δὲ
1933 5127 2108 5202 mutat
2153 5132 2204 5183 in
2241 5133 2367 5202 γάρ.
2406 5127 2483 5186 ln.

1926 5197 2034 5284 (li)
2075 5204 2137 5284 (λὶ
2163 5197 2415 5281 μὲν-γὰρ
2464 5203 2714 5284 οἴονται.
2752 5205 2924 5284 varia:
2959 5209 3258 5284 ‘hominum
3312 5215 3433 5284 opi-

1853 5269 2042 5322 niones
2201 5269 2385 5325 anima
2429 5283 2483 5328 et
2531 5277 2888 5343 providentia.
2949 5278 3151 5334 Confer-
3197 5299 3284 5350 ep.
3340 5269 3428 5348 99,

1849 5351 2028 5405 supra.
2071 5339 2232 5393 litrr.

1922 5407 2461 5528 (ίὸὅοξὲἒγεννητὸν
2495 5414 2616 5466 cod.
2653 5413 2773 5468 Vat.
2819 5415 2925 5470 650
2976 5419 3126 5485 ponit
3157 5419 3426 5491 ἀπρονόη-

1849 5491 1957 5526 τον.
1999 5491 2206 5531 l’OSSlN.

1921 5545 2032 5630 (Η)
2069 5549 2504 5630 ζᾼῖζελξὴναντο.
2539 5550 2772 5630 _Vi_detnr
2796 5555 3122 5630 a_t_ldendum,
3162 5561 3209 5611 oi
3240 5559 3294 5612 δὲ
3332 5561 3428 5630 μὴ,

1849 5616 1954 5675 vel.
1980 5619 2027 5686 οἱ
2063 5618 2118 5668 δὲ
2147 5619 2440 5686 ἀγέννητον
2465 5623 2560 5674 καὶ
2593 5623 2782 5676 ἀΐδιον.
2816 5622 2981 5678 Βιττ.

1923 5685 2032 5754 (15)
2077 5687 2338 5769 ’βσϐἐσθη
2383 5701 2554 5769 mutat
2603 5693 2703 5769 cod
2761 5692 2904 5769 γηιᾷ
2936 5699 2985 5747 in
3037 5699 3339 5769 ἐσεὲάσθη.
3375 5708 3433 5753 et

1850 5753 1936 5823 ἢν,
1968 5753 2109 5824 qttod
2144 5753 2336 5811 statim
2361 5764 2607 5827 sequitur
2665 5763 2717 5816 in
2753 5764 2838 5816 ἀν.
2874 5764 3083 5821 Ρυδεικ.
