4150 6492
173 504 308 566 1253

1099 493 1642 558 EPI’S’I‘OLARUM
1683 487 1831 549 LIB.
1873 487 1971 547 Π.
2008 511 2076 522 -
2112 484 2350 548 EPIST.
2387 485 2599 547 CLXV.

3331 480 3464 550 125!

166 612 535 683 ἀτιμάσαντες
579 608 676 678 τὴν
727 607 829 661 ὑπὸ
865 605 1145 674 ἑκατέρων
1194 602 1304 654 τῶν
1339 598 1520 670 μερῶν
1557 598 1763 666 θαυμα-

1880 570 2226 645 Al‘rabamus
2253 588 2492 645 et'Anna
2539 590 2830 663 (Samuelis
2880 591 3076 662 mater)
3118 591 3464 647 sterilitatem

167 702 407 770 ξομένην
472 698 621 768 παρά
673 695 770 749 τοῦ
831 694 1114 754 δοκοῦντος
1177 689 1381 759 ἀδήλου
1437 686 1765 756 πράγματος

168 793 400 851 ἑαυτοὺς
442 789 776 858 παρέχομεν.
812 787 935 839 Εἴτε
962 784 1070 852 γὰρ
1096 782 1478 842 ἐκπέπτωκεν,
1512 776 1586 839 ὡς
1620 775 1765 826 ἐκεῖ·

166 882 250 933 νοί
295 897 480 949 φασιν,
525 879 727 949 ἀρετῆς
784 877 943 947 χρεία
983 874 1116 943 πρὸς
1168 872 1266 941 τὴν
1318 867 1597 921 ἐπάνοδον
1650 865 1760 917 εἴτε

168 969 551 1039 ἀγωνιουμένη
610 967 887 1037 παρήχθη,
920 965 995 1026 ὡς
1025 963 1186 1032 ἡμεῖς
1220 976 1421 1030 φαμεν,
1455 959 1522 1010 δι’
1554 958 1758 1026 ἀρετῆς

166 1063 219 1115 oi
258 1063 513 1128 στέφανοι
552 1059 865 1112 πλέκονται.

1874 683 2276 752 erbitatemque
2309 683 2686 739 deﬂeverunt?
2717 683 2999 750 Quomodo
3033 686 3084 738 in
3128 686 3465 738 benedictio-

1879 774 1963 826 nis
1992 783 2147 843 parte
2174 775 2503 828 censendum
2536 774 2640 828 erit
2673 774 2802 828 illud
2833 793 2847 829 :
2882 793 2902 826 ι
2941 774 3203 839 Crescite,
3238 787 3290 828 et
3328 771 3466 826 ιιιι.ι-

1876 865 2215 934 tiplicamini,
2266 874 2319 918 et
2361 865 2564 932 replete
2600 874 2801 920 terram
2829 864 2919 918 9‘?
2955 884 2974 915 ι
3035 864 3171 918 Nam
3210 865 3458 918 certami-

1867 971 1993 1009 num
2051 957 2424 1009 adeumlorum
2480 957 2696 1026 gratia,
2759 971 2863 1011 non
2913 965 3094 1010 autem
3161 967 3217 1009 ut
3271 970 3464 1024 pmnas

1861 1048 2103 1115 priorum
2148 1047 2474 1102 delictorum
2522 1048 2931 1116 persolvamus,
2992 1050 3043 1101 in
3096 1048 3240 1102 hanc
3289 1048 3455 1101 vitam

168 1157 421 1226 producti
451 1169 666 1209 sumus.
696 1151 847 1218 Quod
886 1149 931 1203 si
965 1149 1016 1201 in
1050 1146 1193 1201 luela
1224 1160 1289 1200 ac
1320 1143 1622 1199 certamine
1666 1141 1778 1194 isto
1815 1155 1913 1209 per
1950 1142 2220 1212 ignaviam
2294 1149 2460 1212 atque
2515 1142 2820 1196 socordiam
2895 1143 3366 1207 succubuerimus,
3408 1148 3464 1195 ct

169 1248 545 1302 remissionem
589 1261 652 1299 ac
685 1245 926 1312 requiem
956 1239 1389 1310 quaesiverimus.
1423 1245 1552 1289 tunc
1588 1239 1747 1299 sane;
1785 1243 1935 1296 tunc,
1992 1235 2234 1303 inquam,
2259 1234 2382 1303 jure
2427 1235 2734 1304 meritoque
2815 1248 3142 1288 coronarum
3208 1241 3460 1300 expertes

166 1340 394 1394 erimus.
433 1338 632 1392 Verum
668 1336 925 1406 quoniam
957 1335 1030 1389 illi
1064 1336 1153 1403 qui
1192 1332 1381 1386 vitiosa
1413 1329 1755 1394 tradiderunt
1799 1329 2078 1398 dogmata,
2117 1338 2296 1383 tamen
2338 1329 2594 1382 virtutem
2641 1329 2896 1399 amplecti
2967 1344 3066 1384 nos
3145 1337 3462 1382 monuerunt

167 1435 337 1503 (hanc
372 1434 514 1487 enim
543 1430 793 1485 arbitrati
830 1439 958 1484 sunt
982 1430 1243 1498 optimam
1277 1426 1470 1481 ducem
1500 1424 1566 1477 ad
1613 1423 1847 1477 reditum
1904 1424 1958 1476 in
1999 1424 2233 1492 priorem
2306 1422 2587 1478 felicitatis
2685 1425 2911 1493 statum)
2955 1441 2972 1478 :
3045 1425 3282 1480 Ecclesia
3327 1438 3463 1494 quo-

164 1540 294 1592 que,
352 1524 649 1586 aﬂirmans,
701 1522 948 1576 homines
998 1521 1064 1573 ad
1120 1519 1320 1572 lnctam
1371 1525 1425 1569 et
1469 1523 1740 1569 certamen
1797 1515 2084 1567 ordinatos
2113 1528 2258 1579 esse,
2303 1515 2369 1567 ad
2457 1515 2715 1567 virtutem
2756 1532 2849 1569 eos
2883 1516 3087 1569 excitat
3168 1526 3224 1568 et
3273 1516 3463 1569 horta-

167 1624 274 1666 tur.
313 1612 416 1666 l’er
457 1614 593 1665 lianc
621 1601 764 1666 enim
802 1625 896 1664 eos
931 1609 1297 1678 quivicerint,
1338 1607 1389 1659 in
1419 1605 1587 1659 caelos
1641 1605 1928 1672 praeconiis
1983 1613 2038 1658 et
2125 1606 2347 1660 coronis
2453 1616 2706 1660 ornatum
2767 1608 2832 1660 iri
2917 1607 3220 1676 pollicetur.
3282 1607 3460 1671 Quare

164 1703 388 1756 omissis
424 1701 866 1756 contentionibus
914 1700 982 1752 de
1029 1698 1193 1753 rebus
1258 1696 1437 1750 dubiis
1480 1706 1643 1763 atque
1714 1694 1963 1748 obscuris
2015 1693 2083 1748 ad
2168 1693 2221 1748 id
2296 1696 2437 1764 quod
2486 1697 2629 1763 apud
2719 1712 2911 1751 omnes
2971 1697 3022 1750 in
3077 1697 3327 1750 confesso
3378 1706 3464 1750 est

166 1799 533 1865 nosmetipsos
558 1810 967 1865 congregemus.
1005 1793 1139 1846 Nam
1163 1792 1346 1861 et'ipsi
1380 1801 1433 1844 et
1464 1808 1562 1846 nos
1593 1791 1738 1845 omni
1782 1790 1979 1844 robore
2022 1791 2277 1844 virtutem
2323 1800 2580 1860 tanquam
2652 1806 2765 1846 rem
2807 1792 3042 1846 divinam
3118 1793 3459 1847 celebramus

167 1905 334 1961 atque
380 1874 708 1946 extollimus.
768 1890 876 1945 Sed
929 1889 1147 1942 interim
1206 1902 1324 1940 eam
1376 1903 1495 1956 qua:
1540 1888 1744 1954 absque
1790 1886 2162 1940 controversia
2205 1883 2274 1938 ab
2358 1896 2589 1956 utraque
2639 1894 2796 1955 parte
2867 1886 2919 1939 in
2955 1885 3315 1939 admiratione
3361 1885 3459 1936 lia.

167 1991 351 2054 bctur,
401 1991 754 2059 negligentes,
798 1988 863 2040 de
910 2000 965 2039 re
1013 1987 1246 2040 obscura
1295 1993 1350 2039 et
1397 1993 1744 2037 controversa
1790 1982 1932 2035 inter
1960 1996 2058 2035 nos
2125 1981 2510 2051 digladiamur.
2589 1981 2716 2034 Sive
2761 1981 2908 2035 enim
2939 1980 3089 2043 lapsa
3133 1986 3219 2035 est
3253 1978 3455 2050 (anima

169 2099 464 2155 antequam
506 2087 555 2138 in
582 2098 779 2154 corpus
814 2081 1063 2150 veniret),
1099 2091 1156 2135 ut
1189 2081 1262 2134 illi
1327 2080 1634 2148 prohibent,
1705 2080 1903 2132 virtute
1945 2093 2082 2146 opus
2134 2085 2219 2132 est
2270 2077 2337 2130 ad
2409 2079 2789 2133 revertendum
2848 2078 2899 2131 in
2973 2079 3209 2146 priorem
3255 2086 3456 2131 statum

170 2178 334 2248 507
369 2179 485 2232 sive
516 2177 830 2232 certaminis
862 2190 925 2230 ac
963 2167 1120 2228 luctas
1155 2187 1284 2243 ergo
1322 2174 1373 2225 in
1404 2173 1543 2226 hanc
1583 2171 1745 2224 vitam
1785 2170 2047 2238 producta
2080 2181 2189 2236 est,
2226 2180 2285 2225 ut
2355 2185 2456 2226 nos
2501 2171 2755 2238 dicimus,
2789 2185 2887 2241 per
2955 2171 3207 2225 virtutem
3241 2183 3458 2225 coronae

171 2283 487 2327 πιευιιιιιιυν.

491 2381 650 2435 ΡΞΔ’.
690 2411 763 2421 -
800 2381 1063 2452 ΙΩΑΝΝῌ
1097 2380 1418 2452 ΔῐΑΚΟΝῼ.

2174 2375 2405 2432 CLXIV.
2443 2408 2512 2418 —
2540 2376 2786 2434 JOANNI
2832 2377 3149 2435 l)l.\CONO.

175 2479 279 2541 Εἰς
309 2474 398 2540 τὸ,
453 2494 470 2527 ι
532 2473 660 2526 Ὀτι
696 2474 820 2538 τοῖς
870 2473 1150 2543 ἀγγέλοις
1197 2474 1388 2527 αὑτοῦ
1431 2469 1759 2525 ἐντελεῖται

1867 2468 1932 2522 In
1982 2468 2120 2522 illud
2171 2468 2405 2538 (Pw/mi
2448 2472 2693 2543 dictum).
2735 2490 2751 2521 ι
2788 2471 3052 2543 Quoniam
3100 2471 3301 2542 angelis
3346 2470 3458 2527 suis

771 2541 926 2610 arepr
955 2543 1091 2596 σοῦ.
1133 2561 1152 2592 ι

2363 2541 2636 2596 mandabit
2669 2544 2732 2594 de
2764 2552 2814 2594 te
2835 2542 2904 2594 ⁹¹.
2939 2561 2959 2592 ι

244 2657 356 2721 Τὸ,
399 2673 417 2707 ι
461 2655 585 2716 Τοῖς
617 2654 869 2722 ἀγγέλοις
914 2652 1079 2705 αὑτοῦ
1130 2652 1421 2706 ἐντελεῖται
1458 2652 1584 2720 περὶ
1621 2651 1715 2704 σοῦ
1741 2665 1753 2677 '

174 2748 271 2800 ἐπὶ
315 2745 515 2816 χειρῶν
567 2744 758 2816 ἀροῦσί
816 2760 914 2809 σε,
961 2745 1033 2813 μή
1087 2761 1215 2796 ποτε
1271 2742 1587 2815 προσκόψῃς
1624 2742 1759 2812 πρὸς

172 2841 324 2894 λίθον
357 2838 451 2891 τὸν
492 2838 627 2891 πόδα
669 2855 761 2890 σου
785 2877 798 2902 ,
843 2855 861 2886 ι
906 2836 1000 2888 καὶ
1049 2835 1178 2906 περὶ
1216 2833 1408 2904 ἀνδρὸς
1435 2835 1643 2888 δικαίου
1681 2836 1759 2887 εί-

178 2929 437 3002 ρημένον,
476 2930 569 2980 καὶ
601 2928 784 2989 κακῶς
817 2926 894 2996 τῷ
924 2925 1152 2994 διαϐόλῳ
1182 2923 1506 2994 νενοημένον
1546 2923 1564 2993 (
1582 2925 1614 2994 ἢ
1651 2924 1758 2995 γὰρ

179 3019 656 3091 παραλογίσασθαι
735 3017 1013 3087 ἠϐουλήθη
1079 3015 1386 3086 νενοηκὼς,
1457 3015 1488 3087 ἢ
1574 3016 1761 3078 κακῶς

177 3113 416 3183 ἐνόησε),
452 3112 762 3178 σαφέστατα
786 3110 878 3162 καὶ
907 3107 1293 3177 συντομώτατα
1324 3107 1549 3177 ἤλεγξεν
1575 3110 1602 3160 ὁ
1629 3109 1763 3178 Χρι-

179 3203 330 3268 στὸς,
372 3198 587 3270 φράσας
610 3215 624 3228 ·
680 3216 698 3248 ι
732 3198 1080 3268 Γέγραπταν
1113 3197 1227 3250 Οὐκ
1264 3198 1614 3266 ἐκπειράσεις
1646 3195 1760 3249 Κύ-

182 3308 299 3363 ριον
342 3291 433 3344 τὸν
467 3289 599 3342 Θεόν
628 3305 742 3341 σου.
775 3287 1153 3340 Κινδυνεύοντι
1181 3287 1309 3359 γὰρ,
1347 3288 1446 3340 οὐκ
1495 3287 1760 3357 ἐκπειρά-

180 3382 330 3448 ζοντι
353 3381 484 3443 Θεὸς
514 3378 880 3450 ἐπηγγείλατο
903 3378 1001 3448 τὴν
1036 3376 1319 3450 βοήθειαν·
1353 3379 1410 3430 ἐν
1438 3379 1601 3447 χρείᾳ
1632 3378 1764 3430 καθ-

182 3473 405 3536 εστῶτι,
454 3473 554 3525 οὐκ
599 3469 1028 3540 ἐπιδεικνυμένῳ
1073 3468 1168 3522 καὶ
1209 3469 1372 3538 κενὴν
1438 3469 1551 3539 (24)
1584 3468 1766 3541 θηρω-

185 3567 339 3638 μένῳ
367 3564 545 3627 δόξαν.
578 3561 744 3616 Οὔπω
771 3562 879 3631 γὰρ
923 3561 1067 3628 λέγω
1102 3560 1238 3631 (25),
1268 3562 1328 3615 οὐ
1355 3561 1483 3632 περὶ
1514 3561 1670 3631 ἐμοῦ,
1700 3553 1762 3614 οὗ

181 3660 280 3714 καὶ
331 3657 552 3725 ἄγγελοι
607 3655 934 3726 χρῄζουσιν
973 3653 1107 3707 ἀλλὰ
1155 3653 1283 3724 περὶ
1332 3653 1541 3707 δικαίου
1573 3653 1764 3723 ἀνδρὸς

180 3751 400 3822 ιῐρηται
429 3747 506 3818 τῷ
532 3747 790 3818 Μελῳδῷ.

1936 2654 2149 2710 Dictum
2177 2652 2304 2707 illud
2335 2671 2347 2706 ι
2381 2671 2400 2703 ι
2436 2652 2656 2721 Angelis
2690 2655 2806 2709 suis
2849 2654 3127 2708 mandabit
3165 2656 3231 2709 de
3267 2667 3316 2710 te
3351 2670 3363 2709 :
3399 2657 3449 2710 in

1862 2746 2115 2799 manibus
2143 2746 2435 2812 portabunt
2471 2752 2544 2809 te,
2581 2760 2650 2800 ne
2675 2743 2816 2799 forte
2847 2744 3092 2802 offendas
3123 2749 3190 2802 ad
3220 2749 3452 2816 lapidem

1863 2835 2053 2904 pedem
2085 2845 2260 2899 tuum,
2292 2852 2312 2886 ›
2346 2835 2489 2890 etde
2517 2834 2804 2902 virdjusto
2834 2837 3058 2902 dictum,
3091 2849 3145 2891 et
3171 2853 3200 2890 a
3241 2840 3456 2893 diabolo

1864 2925 2007 2980 male
2048 2935 2327 2994 acceptum
2373 2941 2502 2980 esse
2551 2926 2669 2993 (aut
2715 2927 2862 2979 enim
2908 2928 3032 2981 data
3080 2943 3245 2997 Opera
3286 2931 3459 2983 voluit

1864 3015 2052 3071 fallere
2078 3026 2244 3084 atque
2279 3016 2555 3086 decipere,
2605 3031 2726 3071 cum
2772 3018 2990 3087 quidem
3025 3020 3157 3072 satis
3191 3019 3460 3091 intellige-

1865 3119 1945 3163 ret
1984 3108 2114 3177 quid
2162 3107 2266 3162 sibi
2317 3107 2523 3162 vellet:
2557 3115 2651 3161 aut
2707 3109 2846 3162 male
2897 3109 3211 3180 intellexit),
3262 3111 3455 3166 claris-

1866 3198 2006 3254 sime
2058 3197 2493 3266 brevissimeque
2541 3199 2718 3268 arguit
2766 3199 3039 3265 Christus,
3094 3215 3217 3254 cum
3273 3202 3452 3257 dixit:

1872 3307 1890 3340 ι
1925 3288 2203 3356 Scriptum
2258 3297 2343 3344 est
2398 3305 2413 3344 :
2459 3287 2577 3344 Non
2645 3291 2884 3345 tentabis
2937 3292 3226 3345 Dominum
3289 3294 3456 3349 Deum

1869 3390 2020 3436 tuum
2047 3379 2119 3444 ”,
2154 3397 2173 3433 ι
2211 3378 2346 3433 Nam
2379 3380 2432 3434 in
2464 3381 2772 3450 periculum
2817 3382 3075 3450 adducto,
3117 3399 3225 3438 non
3274 3398 3454 3440 autem

1868 3473 2103 3526 tentanti
2163 3471 2305 3525 Deus
2349 3471 2615 3525 auxilium
2668 3486 2728 3525 ευ
2774 3471 3010 3526 laturum
3061 3475 3349 3542 promisit;
3401 3478 3456 3530 in

1869 3564 2197 3619 necessitate
2225 3563 2546 3621 constituto.
2581 3577 2688 3618 non
2725 3574 2904 3618 autem
2951 3579 3010 3620 se
3037 3567 3359 3632 ostentanti,
3403 3577 3460 3623 et

1872 3671 2062 3710 vanam
2113 3655 2337 3725 gloriam
2389 3657 2746 3710 consectanti.
2805 3654 3057 3712 Nondum
3113 3660 3260 3713 enim
3307 3662 3452 3727 dico,

1789 3740 1831 3799 C
1867 3746 2206 3801 Psalmorum
2257 3747 2585 3816 scriptorem
2639 3747 2771 3801 illud
2821 3749 3024 3803 dictum
3087 3765 3191 3804 non
3249 3751 3317 3804 de
3371 3766 3460 3807 me

182 3844 366 3914 (cujus
402 3854 502 3912 ope
548 3851 602 3896 et
651 3841 852 3895 auxilio
893 3841 993 3911 ipsi
1036 3855 1250 3913 quoque
1283 3841 1527 3912 indigent
1569 3843 1768 3914 angeli,
1813 3851 2023 3898 tantum
2089 3843 2244 3897 abest
2295 3851 2355 3895 ut
2399 3855 2502 3912 ego
2544 3842 2784 3911 ipsorum
2827 3843 3043 3912 indigus
3075 3847 3223 3913 sim),
3269 3848 3363 3902 sed
3393 3848 3460 3902 de

185 3935 307 3989 viro
333 3930 479 4001 justo
507 3932 815 4000 protulisse.

399 4041 559 4099 pse.
585 4073 654 4084 -
676 4045 908 4099 IEPAKI
938 4043 1390 4116 ΠΡΕΣΒΥΤΕΡῼ
1411 4043 1549 4115 (se).

179 4138 288 4205 Εις
313 4136 404 4203 τὸ,
455 4155 473 4189 ι
505 4139 586 4191 Οὐ
610 4136 834 4202 πάντες
857 4138 1118 4206 χωροῦσι
1138 4138 1248 4191 τὸν
1270 4137 1456 4206 λόγον
1475 4136 1710 4192 τοῦτον.
1745 4154 1764 4189 ι

257 4314 335 4367 Τὸ
389 4312 518 4384 ’περὶ¹
561 4310 862 4384 παρθενίας
891 4310 1082 4382 ρηθένο
1121 4329 1141 4362 ‹
1179 4311 1252 4364 Οὐ
1287 4310 1490 4373 πάντες
1530 4305 1768 4380 χωροῦσι

185 4407 279 4461 τὸν
329 4405 489 4473 λόγον
520 4403 732 4469 τοῦτον,
767 4402 882 4456 ἀλλ’
929 4397 1009 4464 οἷς
1053 4403 1298 4456 δέδοται·
1339 4419 1358 4453 ι
1398 4401 1635 4471 εἴρηται,
1671 4399 1769 4470 οὐχ

187 4501 274 4554 ὅτι
322 4497 467 4550 κατὰ
501 4494 886 4566 ἀποκλήρωσίν
913 4495 1034 4547 τινά
1059 4511 1197 4546 τισιν
1235 4492 1389 4563 ἐδόθη
1436 4492 1535 4564 (οὐ
1566 4491 1674 4562 γὰρ
1705 4491 1769 4544 ἂν

194 4591 379 4651 αὐτοῖς
411 4587 510 4658 τὴν
555 4585 832 4657 βασιλείαν
859 4586 970 4638 τῶν
996 4585 1240 4656 οὐρανῶν
1273 4583 1507 4636 ἔπαθλον
1548 4583 1770 4654 προύτί-

189 4679 318 4749 θει),
353 4677 472 4732 ἀλλ’
524 4677 614 4732 ἵνα
647 4677 818 4749 δείξῃ,
869 4676 1084 4747 πρῶτον
1122 4675 1219 4745 μὲν
1269 4675 1366 4744 τῆς
1416 4673 1564 4745 θείας
1596 4675 1770 4744 ῥοπῆς

191 4769 497 4843 χρῄζοντας
549 4770 672 4832 τοὺς
725 4768 862 4838 πρὸς
911 4766 1096 4819 τοῦτον
1153 4767 1597 4836 ἀγωνισαμένους
1654 4763 1768 4836 (27)

193 4865 284 4916 τὸν
309 4859 498 4930 ἀγῶνα
541 4859 631 4912 τὸν
662 4857 922 4930 ὑπερφυῆ
943 4874 956 4887 ·
982 4855 1154 4910 ἔπειθ’
1182 4857 1265 4911 ὅτι
1299 4855 1595 4926 οὐρανόθεν
1627 4856 1768 4926 αὕτη

2099 4044 2309 4101 CLXV.
2343 4075 2415 4087 —-
2436 4043 2714 4101 HIERACI
2753 4045 3233 4103 PBESBYTERO.

1870 4135 1938 4191 In
1965 4136 2101 4191 illud
2128 4135 2352 4192 (Christi
2374 4137 2632 4207 dictum):
2672 4135 2693 4189 ι
2719 4137 2842 4192 Non
2871 4155 3048 4192 omnes
3081 4143 3293 4204 capiunt
3319 4139 3459 4196 [tunc

2436 4223 2728 4262 sermonem
2757 4208 2826 4261 “.
2865 4225 2884 4259 ι

1941 4318 2095 4386 Quod
2136 4320 2204 4374 de
2251 4320 2566 4391 virginitate
2613 4321 2816 4375 dictum
2850 4338 2865 4376 :
2901 4339 2920 4372 ι
2953 4319 3072 4377 Non
3127 4337 3318 4378 omnes
3360 4340 3457 4380 ca~

1870 4409 2027 4480 piunt
2059 4424 2364 4466 sermonem
2402 4412 2568 4476 hunc.
2618 4413 2714 4467 sed
2744 4412 2940 4481 quibus
2977 4413 3160 4467 datum
3191 4424 3312 4469 est:
3345 4434 3366 4468 ι
3405 4419 3458 4472 id

1871 4511 1976 4552 non
2023 4507 2108 4552 est
2148 4511 2215 4553 eo
2261 4513 2423 4554 sensu
2473 4499 2698 4564 dictum,
2746 4501 2902 4570 quasi
2947 4500 3272 4570 quibusdam
3311 4514 3460 4558 sorte

1865 4589 2111 4657 'quadam
2143 4605 2342 4645 arcana
2373 4591 2635 4646 tributum
2675 4593 2746 4646 sit
2778 4593 2926 4662 (nam
2966 4593 3009 4646 si
3041 4592 3115 4646 ita
3147 4603 3311 4656 esset,
3346 4609 3456 4650 non

1871 4681 2243 4750 proposuisset
2269 4683 2400 4750 ipsis
2437 4683 2716 4751 praemium
2745 4697 2969 4753 regnum
3005 4684 3292 4754 caelorum)
3319 4703 3332 4740 :
3363 4687 3459 4743 sed

1871 4780 1929 4823 ut
1967 4771 2240 4838 ostendat,
2280 4773 2514 4842 primum
2562 4775 2780 4843 quidem
2827 4775 3014 4830 divino
3061 4776 3264 4830 auxilio
3315 4777 3459 4833 indi-

1871 4875 2000 4930 gere
2042 4875 2160 4926 eos,
2207 4863 2298 4931 qui
2348 4863 2491 4918 istud
2544 4875 2736 4918 natura
2775 4863 3136 4920 excellentius
3179 4876 3456 4924 certamen

183 4952 442 5014 ,κάτεισιν
485 4952 520 5022 ἡ
572 4949 873 5021 συμῦουλὴ.
925 4949 984 5001 οὐ
1042 4947 1190 5018 νόμῳ
1231 4946 1601 5013 θεσπίζουσα,
1634 4948 1763 5002 ἀλλά

1876 4965 2273 5023 susceperunt;
2311 4955 2530 5023 deinde,
2573 4957 2716 5025 quod
2763 4956 2980 5013 ctelitus
3029 4956 3134 5014 hoc
3167 4957 3457 5014 consitium

264 5133 310 5164 ’ί
342 5129 476 5186 Gen.
517 5146 556 5194 ι,
587 5129 677 5184 28.
753 5129 798 5161 "
831 5127 974 5189 Psa‘l.
1008 5140 1094 5191 xc,
1130 5127 1215 5183 Η.
1294 5127 1342 5160 ’³
1381 5127 1573 5183 Matth.
1607 5142 1682 5193 tv,
1714 5128 1763 5180 ϐ.

1869 5129 1888 5160 ⁸
1926 5128 2115 5185 Matth.
2152 5148 2264 5196 χιι,
2295 5133 2380 5186 ΙΙ.

1334 5281 1568 5338 VARle
1603 5281 1988 5340 LECTIONES
2027 5286 2114 5341 ET
2154 5286 2387 5342 NOTA‘J.

201 5445 416 5511 inserit,
444 5444 590 5506 τίνος
613 5442 794 5495 ἕνεκεν
824 5440 993 5510 αὐτὴν
1035 5440 1134 5494 οὐκ
1175 5439 1550 5510 ἀσπαζόμεθα.
1609 5439 1761 5495 Verr.

199 5531 316 5585 seq.
345 5515 493 5585 παρὰ
522 5514 769 5585 mutatin
797 5512 921 5580 περὶ
940 5520 1009 5585 _et
1036 5527 1154 5585 mox
1189 5511 1509 5585 πράγματος
1540 5513 1771 5578 ἑαυτοὺς

203 5581 348 5639 recte
383 5581 576 5639 set-ibit
605 5581 902 5652 πράγματα
934 5582 1163 5652 ἑαυτοῖς.
1194 5581 1404 5634 Possm.

273 5654 385 5723 (24)
420 5655 515 5706 Ed.
547 5649 744 5723 Paris,
764 5649 985 5723 καινήν
1013 5649 1314 5704 Lectioueut
1368 5652 1609 5720 sequitur
1640 5653 1763 5706 cod.

201 5721 377 5777 Vatia.
410 5723 513 5777 650
537 5733 588 5774 et
625 5721 887 5772 Buvarici.
918 5721 1072 5773 Eni'r.

275 5794 390 5864 (est
421 5792 546 5845 Post
573 5791 714 5858 λέγω
737 5790 880 5864 addit
912 5792 1013 5853 ὃτι,
1040 5798 1238 5864 ctante
1269 5790 1499 5864 ἄγγελοι
1520 5792 1668 5864 ponit
1692 5794 1762 5846 οξ.

205 5859 329 5918 Ροὲι
382 5864 626 5917 ultimum
689 5859 906 5916 verbum
970 5860 1207 5928 epistola:
1259 5863 1405 5914 addit
1457 5862 1515 5913 τὸ
1578 5862 1762 5929 ῥηθέν.

1872 5441 2201 5635 ζέοὲῗὲᾇῖέἶιυ
2246 5513 2608 5588 Πρεσϐυτέρῳ
2646 5518 2768 5572 cod.
2815 5518 2990 5574 Vatie.
3036 5519 3162 5586 650,
3207 5523 3458 5594 λαμπρο.

1906 5611 2032 5635 ε-ιυ.
2067 5611 2084 5633 ι
2127 5622 2141 5636 .

1937 5611 2229 5730 ῖ27)“ἤ1ειη
2279 5655 2726 5726 ἀγωνισαμένους
2777 5668 2948 5730 mutat
2988 5660 3049 5730 riu
3106 5661 3462 5730 ἀποδυσαμέ-

1871 5722 2204 5798 νουςηνρτε.
2247 5738 2500 5798 antcpen.
2533 5722 2624 5788 cn.
2662 5745 2760 5796 pro
2793 5729 2948 5798 ἐδόθη
2985 5729 3110 5795 legit
3141 5722 3374 5794 δέδοται,
3402 5743 3461 5786 et

1872 5792 2371 5928 :;:»;é‘iggtel;n~répzc
2400 5809 2452 5851 et
2482 5798 2542 5851 οὐ
2573 5792 2686 5853 haec
2712 5792 2998 5863 inseritﬁi
3026 5792 3082 5853 δὲ
3113 5803 3173 5854 οὐ
3200 5792 3460 5872 περιττὸν
