4150 6498
185 424 322 495 ῙΞΞἸ

1060 417 1601 482 EPISTOLARUM
1642 414 1787 478 LIB.
1830 412 1931 477 1V.
1970 437 2042 452 ·-
2078 408 2315 471 EPIST.
2360 406 2610 470 CLXVI.

3346 396 3479 464 1258

182 540 250 593 Et
275 538 456 593 τοίνυν
486 536 512 589 ὀ
533 535 632 601 τάς
676 535 827 598 κλεῐς
883 531 995 587 τῶν
1018 530 1266 604 οὐρανῶν
1295 530 1781 602 ἐγκεχειρισμένος

1895 526 2018 581 dum
2056 524 2240 580 omnia
2292 532 2668 577 commemoro
2711 516 2858 586 justo
2912 514 3126 585 longius
3174 514 3480 569 orationem

186 631 288 702 τὴν
328 628 510 700 σάρκα
547 627 752 698 κυρίως
786 625 1107 695 ἀπεφήνατο
1142 621 1494 683 πεπονθέναι,
1530 623 1628 693 τὴν
1673 639 1780 673 πα-

179 720 298 776 θῶν
322 720 577 791 δεκτικὴν
607 716 852 790 (ἀπαθὲς
879 717 985 788 γὰρ
1008 714 1070 768 τὸ
1094 714 1269 783 Θεῖον)
1291 731 1305 745 ·
1341 716 1391 768 εί
1419 715 1532 778 καὶ,
1558 715 1634 777 ὡς
1685 714 1778 766 τὸν

182 812 527 884 κληρονόμον
556 808 982 871 ἀποκτείναντες
1014 804 1153 877 (56),
1202 805 1446 858 Ἰουδαῖοι
1479 804 1782 859 πεπόνθασι

182 902 498 975 τραγῳδίας
546 902 766 974 ἀπάσης
821 899 1046 970 μείζονα
1141 898 1217 970 μὴ
1249 898 1571 969 ταραττέτω
1613 908 1673 949 σε
1721 895 1784 950 τὸ

183 997 365 1061 πάθος
392 1013 409 1029 ο
442 995 560 1050 ἀλλ’
596 997 676 1059 είς
701 991 1056 1064 εὐχαριστίας
1082 989 1315 1062 μέγεθος
1347 989 1780 1060 χειραγωγείτω’

181 1094 270 1146 δτι
299 1092 328 1144 6
365 1089 613 1162 βασιλεὺς
659 1090 688 1142 6
714 1085 956 1157 ἀπαθὴς,
990 1087 1022 1139 6
1059 1085 1220 1138 σκιὰν
1248 1086 1458 1154 τροπῆς
1495 1083 1571 1156 μὴ
1600 1084 1783 1137 ἔπιδε-

181 1183 422 1253 χόμενος
453 1179 589 1252 (57),
619 1178 720 1248 τὴν
753 1176 963 1230 οἰκείαν
996 1175 1264 1229 ἐκδέδωκε
1296 1173 1409 1240 ('58)
1441 1175 1620 1246 σάρκα
1645 1192 1657 1205 ·
1689 1175 1786 1228 καὶ

182 1273 362 1326 πολλά
387 1272 464 1335 ὡς
488 1269 777 1342 ἄνθρωπος
791 1266 1026 1339 ἀσθενὴς
1054 1265 1449 1337 φθεγξάμενος,
1475 1268 1561 1320 ἵνα
1589 1283 1786 1338 στρατ-

182 1366 440 1436 ηγήματι
488 1362 584 1432 ἕλῃ
636 1361 727 1415 τὸν
789 1359 1121 1432 πανοῦργον,
1173 1360 1415 1432 τρόπαιά
1469 1378 1526 1414 τε
1583 1361 1787 1432 στήσας

181 1456 441 1527 λαμπρὰ,
482 1454 652 1524 ἀνέϐη
680 1455 762 1518 είς
792 1453 922 1516 τοὺς
949 1451 1238 1524 οὐρανοὺς,
1269 1452 1371 1523 τὴν
1397 1451 1657 1523 ἀπαρχὴν
1687 1453 1787 1522 τῆς

185 1550 476 1624 ἡμετέρας
506 1548 725 1618 φύσεως
763 1544 1162 1617 ἠμφιεσμένος.
1194 1543 1256 1596 Ei
1284 1543 1342 1596 δὲ
1376 1542 1664 1615 ἄνθρωπος
1694 1539 1785 1613 ἦν,

179 1643 265 1707 ὣς
296 1658 449 1710 φασι,
477 1639 651 1706 ψιλὸς,
679 1638 801 1710 θείᾳ
825 1638 1012 1709 χάριτι
1038 1635 1364 1707 κοσμηθεὶς,
1392 1635 1460 1687 δι’
1506 1635 1572 1706 ἢν
1601 1635 1786 1688 αἰτίαν

183 1734 420 1797 πολλοὺς
469 1731 754 1794 ἀνελόντες
802 1729 1004 1799 ἄνδρας
1044 1729 1235 1796 ἁγίους
1300 1727 1566 1786 Ἰουδαῖοι.
1627 1726 1785 1780 οὐδὲν

181 1824 432 1879 τοιοῦτον
479 1822 814 1876 πεπόνθασιν
835 1835 849 1850 ⁸
882 1820 974 1873 ἐπὶ
1009 1819 1066 1873 δὲ
1104 1819 1281 1890 τούτῳ
1328 1821 1477 1872 πᾶσα
1507 1817 1786 1887 νενίκηται

1886 616 2213 685 producam.
2263 612 2419 679 Quod
2468 611 2515 667 si
2552 621 2604 665 te
2646 608 2834 679 passio
2877 605 3126 677 (Christi)
3175 605 3482 676 perturbat.

1888 722 2010 778 quae
2058 716 2254 763 contra
2287 705 2458 760 Deum
2489 704 2710 774 quidem
2748 717 2844 772 per
2876 715 3145 756 summam
3198 699 3482 754 audaciam

1885 799 2148 854 adornata
2188 797 2311 863 fuit,
2348 797 2443 851 sed
2472 809 2697 850 carnem
2734 792 2913 864 attigit
2946 832 2964 859 ,
2993 793 3118 847 audi
3147 793 3482 863 corypheum

1885 904 1950 945 ac
1977 890 2280 960 principem
2315 879 2711 958 apostOlorum,
2739 885 3008 942 dicentem
3039 905 3054 942 :
3091 903 3110 938 ι
3138 885 3275 941 Cum
3318 887 3486 958 igitur

1887 982 2143 1039 Chrisms
2174 996 2370 1051 passus
2399 980 2471 1036 sit
2501 994 2670 1034 carne
2690 978 2757 1033 ".
2796 997 2814 1031 ι
2852 980 2907 1033 Si
2937 995 3067 1051 ergo
3100 980 3165 1046 is,
3187 981 3274 1036 cui
3298 980 3482 1034 claves

1886 1074 2152 1131 ccelorum
2204 1073 2415 1129 tradita:
2449 1081 2598 1139 sunt,
2636 1087 2860 1127 carnem
2900 1074 3173 1143 propriam
3211 1087 3331 1128 esse
3361 1089 3487 1143 pro-

1887 1165 2185 1230 nuntiavit,
2237 1180 2362 1234 qua:
2393 1163 2682 1236 passiones
2725 1165 2974 1220 videlictt
3025 1167 3269 1236 recipere
3305 1169 3488 1236 potuit

1886 1259 2095 1331 (divina
2151 1259 2300 1312 enim
2347 1267 2543 1313 natura
2599 1258 2915 1329 passionum
2975 1273 3174 1329 expers
3225 1259 3370 1332 est)?
3429 1258 3484 1314 Si

1890 1349 2017 1404 item
2057 1348 2254 1414 Judaei,
2299 1360 2357 1404 ut
2397 1350 2490 1419 qui
2550 1349 2824 1405 haeredem
2877 1351 3204 1417 occiderint,
3245 1366 3338 1407 eas
3371 1368 3488 1420 per-

1888 1443 2029 1511 pessi
2101 1451 2229 1498 sunt
2287 1442 2674 1508 calamitates,
2727 1457 2849 1516 qure
2893 1458 3110 1498 omnem
3163 1447 3485 1515 tragcediam

1890 1537 2046 1607 longe
2096 1545 2363 1606 superant
2395 1575 2412 1602 ,
2453 1535 2587 1589 nihil
2622 1545 2706 1590 est
2747 1536 2888 1605 quod
2930 1538 3217 1606 perturbet
3269 1547 3320 1592 te
3364 1552 3490 1605 pas-

1889 1629 2000 1694 sio;
2044 1629 2140 1683 sed
2182 1629 2367 1698 potius
2399 1643 2461 1684 ea
2516 1642 2603 1684 res
2641 1629 2802 1684 debet
2846 1638 2899 1683 te
2948 1629 3016 1684 ad
3064 1640 3215 1684 tanto
3247 1630 3488 1700 majores

1889 1720 2127 1791 agendas
2174 1721 2383 1790 gratias
2447 1722 2693 1776 excitare
2743 1738 2808 1777 ac
2858 1723 3009 1778 velut
3052 1739 3214 1778 manu
3261 1724 3485 1779 ducere.

1890 1811 2028 1879 Quia
2058 1813 2272 1869 scilicet
2297 1829 2392 1871 rex
2427 1815 2700 1884 passionis
2725 1831 2944 1887 expers,
2975 1816 3067 1886 qui
3094 1819 3343 1871 umbram
3373 1833 3491 1871 mu-

181 1917 473 1987 τραγῳδία
497 1911 960 1986 παραῦαλλομένη
989 1913 1099 1974 τοῖς
1121 1911 1331 1964 τούτων
1361 1909 1626 1976 πάθεσινς
1649 1909 1786 1963 ἀλλὰ

1895 1905 2114 1960 tationis
2148 1920 2256 1961 non
2307 1907 2528 1976 recipit,
2564 1909 2844 1976 pr0priam
2891 1909 3116 1964 tradidit
3153 1923 3398 1974 carnem,
3437 1919 3492 1964 et

179 2010 348 2081 δῆλον
375 2010 456 2062 ὅτι
481 2002 734 2078 μὲν-ἦσαν
761 2005 871 2076 (39)
894 2004 1061 2073 ἅγιοι,
1089 2006 1117 2056 6
1148 2003 1204 2058 δὲ
1231 2003 1528 2074 μονογενὴς
1547 2003 1676 2067 Υἱὸς
1698 2004 1786 2055 ὲν-

184 2100 555 2172 ανθρωπῆσαι
601 2096 970 2163 καταξιώσας.
1002 2095 1076 2148 T6
1113 2095 1222 2167 γὰρ
1255 2095 1330 2166 μὴ
1360 2096 1468 2148 ἀπὸ
1493 2096 1592 2165 τῆς
1615 2096 1787 2164 αὐτῆς

184 2193 350 2259 ἀξίας
388 2193 548 2262 ἥκειν
578 2192 671 2243 ἐπὶ
713 2190 782 2242 τὰ
813 2187 983 2257 πάθη,
1032 2187 1170 2241 ἀλλά
1200 2188 1329 2251 τοὺς
1360 2187 1460 2259 μὲν
1491 2182 1632 2241 εἶναι
1664 2186 1789 2240 δού-

185 2286 342 2346 λους,
366 2285 459 2336 τὸν
483 2283 539 2336 δὲ
560 2282 860 2349 Δεσπότην,
886 2280 1274 2348 ἀσύγγνωστον
1299 2280 1488 2332 ἔτεκεν
1517 2278 1788 2340 Ἰουδαίοις

184 2376 291 2446 τὴν
324 2373 500 2443 δίκην.
526 2391 547 2424 ι
575 2365 744 2435 Οὗτος
777 2373 906 2443 γὰρ,
936 2373 1123 2440 φησὶν,
1152 2371 1343 2424 ἐστὶνὸ
1371 2371 1711 2441 κληρονόμος
1735 2387 1782 2422 ⁸)

187 2468 245 2520 οἱ
281 2463 660 2536 ἀμπελουργοὶ
706 2463 800 2516 τὸν
850 2463 1192 2533 κληρονόμον
1234 2463 1558 2516 ἀποκτεῖναι
1591 2462 1788 2534 ὥρμη-

189 2575 315 2622 σαν,
335 2559 396 2610 οὗ
419 2557 510 2610 τὸν
542 2555 851 2616 σύνδουλον,
880 2553 972 2607 τὸν
998 2553 1114 2606 υἱὸν
1142 2552 1237 2607 τοῦ
1281 2555 1663 2607 οἰκοδεσπότου
1693 2555 1787 2607 τὸν

187 2651 436 2720 γνήσιον.
491 2648 590 2717 οὐχ
633 2646 730 2700 ἕνα
777 2646 836 2711 ἐξ
883 2645 1066 2699 αὐτῶν
1113 2647 1194 2710 είς
1247 2644 1523 2710 υἱοθεσίας
1567 2646 1788 2717 ἀξίωμα

188 2741 653 2812 ἀνακομισθέντα.
703 2741 832 2804 Πῶς
883 2739 993 2811 γὰρ
1044 2740 1187 2810 μετὰ
1227 2741 1357 2804 τοὺς
1398 2741 1621 2804 δούλους
1660 2741 1789 2804 Υἱὸς

190 2833 498 2904 ἀπεστάλη,
524 2833 584 2888 ὃν
604 2833 699 2887 καὶ
720 2834 1057 2904 ὲντραπῆναι
1079 2833 1279 2904 ὲχρῆν;
1312 2833 1438 2897 Πῶς
1462 2835 1518 2887 δὲ
1538 2834 1790 2905 δεύτερος

189 2924 480 2992 ἄνθρωπος
530 2923 588 2990 ἐξ
615 2922 845 2994 οὐρανοῦ
886 2924 1140 2992 sim-tat;
1185 2924 1303 2988 πῶς
1333 2924 1392 2977 δὲ
1421 2923 1555 2989 Θεὸς
1590 2926 1788 2997 ἐπεδή-

191 3035 393 3090 μησεν,
427 3017 460 3088 ἢ
505 3017 781 3087 ἁνθρωπῳ
825 3015 1199 3086 συνέπραξεν;
1247 3015 1364 3080 πῶς
1395 3017 1452 3070 δὲ
1484 3019 1789 3072 ἐταπείνω-

191 3123 290 3162 σεν
322 3105 547 3170 ἑαυτὸν,
593 3105 684 3158 ἴσα
735 3104 853 3175 Θεῷ
902 3104 1199 3175 ὐπάρχων;
1243 3104 1363 3168 πῶς
1390 3105 1448 3158 δὲ
1482 3107 1509 3158 ὀ
1538 3106 1672 3170 Θεὸς
1701 3106 1792 3159 τὸν

1892 1997 2061 2053 multa
2104 2008 2166 2053 ut
2207 2001 2372 2054 homo
2401 1999 2695 2054 imbecillis
2734 2000 2982 2069 protulit,
3013 2011 3074 2054 ut
3117 2001 3328 2054 valrum
3363 2001 3492 2068 {ho-

1890 2091 2053 2160 stem)
2079 2100 2474 2162 stratagemale
2507 2093 2742 2162 quodam
2785 2093 2866 2148 sic
2896 2104 3138 2162 caperet,
3179 2102 3493 2161 tropmaquo

1892 2185 2088 2237 Statuit
2136 2184 2423 2253 splendida
2479 2199 2596 2238 :ac
2652 2183 2849 2239 deinde
2898 2184 2952 2238 in
3005 2184 3176 2240 caelos
3219 2186 3490 2244 ascendit.

1895 2276 2154 2343 primitiis
2197 2285 2398 2331 nosme
2449 2287 2659 2330 natura:
2703 2277 2945 2331 indutus.
2977 2277 3133 2344 Quod
3184 2277 3252 2343 si,
3296 2288 3353 2330 ut
3391 2278 3490 2347 ipsi

1893 2368 2044 2421 aiunt
2082 2369 2342 2439 (Ariani),
2379 2369 2556 2423 nudus
2595 2369 2696 2423 fuit
2748 2369 2930 2434 homo,
2967 2370 3150 2424 divina
3184 2373 3359 2440 gratia
3399 2372 3494 2424 de-

1892 2467 2135 2527 Cttt'ultts,
2170 2475 2343 2528 quare
2372 2459 2568 2523 Judaei,
2607 2477 2731 2516 cum
2763 2463 2892 2517 olim
2940 2463 3143 2518 multos
3173 2465 3322 2520 viros
3367 2480 3496 2519 san-

1893 2563 2010 2607 CIos
2069 2552 2415 2618 sustulerint,
2479 2553 2616 2608 nihil
2684 2564 2864 2610 tamen
2924 2555 3193 2625 ejusmodi
3254 2571 3493 2627 unquam

1891 2652 2020 2696 sunt
2047 2645 2116 2697 ob
2153 2643 2205 2697 id
2238 2645 2517 2714 perpessi;
2551 2653 2774 2716 propter
2804 2647 2948 2701 hunc
2979 2656 3161 2700 autem
3192 2644 3493 2719 (Christum

1893 2737 2164 2808 occisum)
2187 2751 2250 2792 ea
2273 2738 2677 2811 sustinuerunt,
2709 2756 2939 2810 quorum
2972 2742 3255 2811 atrocitas,
3290 2742 3335 2795 si
3370 2757 3495 2796 cum

1895 2830 2087 2899 quavis
2143 2831 2407 2902 tragmdia
2472 2841 2858 2900 comparetur,
2915 2831 3240 2902 longissimo
3305 2848 3498 2889 omnes

1896 2923 2185 2980 intervallo
2244 2925 2588 2980 antecedit?
2645 2925 2751 2979 Sed
2814 2925 3160 2980 manifestum
3222 2935 3306 2981 est
3377 2925 3500 2980 illos

1896 3017 2114 3086 quidem
2145 3017 2313 3073 fuisse
2338 3018 2486 3073 viros
2521 3027 2775 3075 sanctos:
2812 3020 2957 3074 hunc
2985 3034 3117 3072 vero
3153 3019 3497 3090 unigenitum

1898 3108 2042 3178 (Dei)
2095 3107 2326 3172 Filium,
2382 3111 2474 3178 qui
2524 3109 2692 3164 homo
2730 3109 2844 3164 ﬂeri
2897 3111 3153 3179 dignatus
3202 3121 3307 3164 est.
3361 3108 3498 3164 Nam

191 3195 325 3249 Υἱὸν
366 3192 632 3264 ἔπεμψεν,
679 3192 991 3262 ὁμοιώματι
1048 3192 1164 3262 (40)
1216 3192 1421 3264 σαρκὸς
1479 3194 1788 3264 “Lamia”

1899 3199 2044 3265 quod
2073 3214 2178 3253 non
2214 3199 2281 3254 ab
2302 3201 2490 3254 eadem
2519 3199 2732 3271 (omnes
2756 3209 2866 3254 tam
2901 3201 2952 3255 hi
2982 3217 3147 3269 quam
3189 3201 3288 3273 illi)
3321 3201 3500 3272 digni-

195 3287 272 3341 Ἦ
325 3285 442 3350 πῶς
483 3285 582 3338 οὔκ
625 3282 1026 3351 ἑξευτελίζεται
1075 3283 1143 3337 τά
1185 3282 1433 3355 ἄκραντα
1487 3284 1788 3355 μυστήρια,

195 3377 359 3447 σῶμα
393 3377 488 3430 καὶ
513 3371 653 3446 αἷμα
703 3374 996 3447 ἀνθρώπου
1036 3373 1299 3428 δοκοῦντα
1344 3370 1526 3442 sitiat;
1585 3376 1702 3440 πῶς
1733 3377 1789 3431 δὲ

193 3471 342 3541 ἔφη·
403 3489 422 3522 ι
487 3467 656 3540 Σῶμα
705 3468 766 3522 δὲ
819 3468 1136 3540 κατηρτίσω
1195 3484 1318 3538 μοι;
1354 3486 1374 3520 ι
1409 3467 1535 3531 Πῶς
1563 3468 1620 3521 δὲ
1660 3471 1792 3524 ἀνα-

195 3564 416 3632 γκαῖον,
450 3559 596 3631 ἔχειν
637 3577 690 3614 τι
722 3561 815 3613 καὶ
846 3558 1058 3624 τοῦτον,
1087 3558 1116 3612 ὃ
1153 3558 1498 3630 προσενέγκῃ
1519 3575 1553 3624 ;.
1585 3557 1703 3622 πῶς
1735 3560 1792 3612 δὲ

193 3651 285 3706 διά
300 3651 394 3704 τοῦ
423 3650 553 3704 ἰδίου
582 3649 819 3722 αἵματος
843 3651 974 3713 τοὺς
1001 3647 1385 3721 αἰχμαλώτους
1411 3648 1792 3719 ἔλυτρὼσατος

194 3742 230 3814 ἢ
268 3742 387 3801 πῶς
411 3742 505 3796 τὸν
535 3742 744 3814 Κύριον
789 3742 889 3812 τῆς
938 3740 1101 3810 δόξης
1145 3740 1539 3811 ὲσταύρωσαν;
1590 3739 1710 3803 πῶς
1737 3739 1794 3792 δὲ

195 3835 226 3889 6
256 3836 434 3904 Λόγος
477 3833 620 3905 σάρξ
663 3834 920 3902 trivere;
959 3831 1078 3896 πῶς
1107 3831 1163 3886 δὲ
1199 3831 1528 3903 πολυμερῶς
1557 3831 1652 3884 καὶ
1693 3845 1791 3884 πο-

196 3927 490 4000 λυτρόπως
539 3929 567 3980 6
617 3926 808 3998 Πατὴρ
870 3925 1112 3998 λαλήσας
1169 3926 1228 3978 ἐν
1277 3926 1393 3988 τοῖς
1452 3924 1788 3995 προφήταις,

197 4022 429 4094 ὕστερον
476 4019 743 4091 ἐλάλησεν
791 4020 850 4072 ἰν
897 4018 1052 4089 Υίῷξς
1106 4017 1140 4088 ἢ
1207 4015 1328 4080 πῶς
1381 4016 1785 4087 παραπλησίως

196 4209 454 4277 λέγοντες
482 4205 639 4275 ὄχλον
674 4203 842 4257 πολὺν
876 4207 941 4275 τῇ
979 4205 1046 4276 σῇ
1073 4204 1213 4273 ἀκοῇ
1247 4202 1792 4274 παρασκευάσωμεν,

200 4299 420 4355 ἅπαντα
449 4297 628 4352 τοίνυν
657 4295 768 4366 (Η)
795 4294 937 4362 λέξω
956 4313 968 4325 ·
1001 4295 1064 4350 τὸ
1091 4295 1224 4350 Θεὸν
1259 4294 1370 4366 (42)
1403 4294 1533 4350 ὄντα
1556 4294 1793 4349 ταπεινά

272 4459 363 4514 ’Ἰ
398 4460 542 4514 Petr.
583 4476 659 4523 tv,
691 4458 739 4513 Ι.
815 4458 863 4491 ’³
896 4455 1084 4511 Matth.
1112 4472 1230 4524 xxt,
1263 4455 1357 4512 58.

1904 3297 2014 3342 tate
2063 3287 2130 3340 ad
2163 3289 2450 3357 passiones
2482 3303 2547 3343 ac
2594 3290 2863 3359 supplicia
2929 3306 3026 3346 sua
3064 3291 3499 3346 descenderint:

1902 3378 1998 3433 sed
2050 3378 2124 3433 illi
2174 3379 2394 3448 quidem
2435 3380 2579 3434 servi
2625 3364 2854 3448 meum,
2900 3381 2991 3435 hic
3024 3396 3152 3436 vero
3194 3383 3499 3438 Dominus:

1902 3468 2007 3523 hoc
2053 3468 2185 3522 illud
2233 3479 2338 3532 est,
2386 3469 2528 3539 quod
2582 3470 2765 3524 outuis
2809 3471 2980 3525 venite
3016 3479 3269 3540 caperles
3313 3485 3504 3540 pmuas

1901 3559 2102 3616 ludatis
2140 3563 2370 3632 peperit.
2407 3581 2425 3614 ι
2463 3561 2563 3616 llic
2607 3562 2786 3627 enim,
2820 3563 3030 3632 inquit,
3063 3571 3147 3618 est
3179 3562 3440 3621 haeres".
3478 3582 3499 3616 ι

1903 3650 2211 3720 Haeredem,
2244 3651 2411 3724 509
2457 3653 2705 3721 inquam,
2749 3669 2856 3708 non
2908 3668 3233 3710 conservum
3288 3657 3506 3711 invase-

1901 3753 2029 3799 runt
2068 3744 2334 3800 vinitores
2370 3756 2423 3801 et
2451 3745 2518 3798 ad
2549 3748 2750 3802 credent
2781 3759 3125 3817 rapuerunt:
3153 3747 3348 3804 Filium
3397 3749 3506 3805 Pa-

1903 3835 2245 3891 lrisl‘amilias
2288 3851 2634 3920 germanum,
2669 3855 2773 3894 non
2813 3856 2981 3896 unum
3024 3855 3093 3896 ex
3134 3856 3236 3903 suo
3271 3858 3504 3900 numero

1907 3927 1963 3982 in
2021 3926 2338 3997 adoptionis
2382 3927 2706 3997 dignitatem
2753 3930 2987 3985 ascitum
3044 3945 3110 3987 ac
3157 3932 3503 3988 subvectum.

1902 4020 2185 4086 Quomodo
2216 4019 2364 4073 enim
2397 4028 2521 4088 post
2548 4033 2739 4075 servos
2770 4020 2974 4076 missus
3003 4030 3088 4075 est
3117 4019 3310 4088 Filius,
3340 4037 3501 4092 quem

1901 4118 1956 4167 et
1986 4109 2230 4166 revereri
2257 4109 2590 4179 oportebat?
2625 4108 2910 4177 Quomodo
2937 4111 3213 4168 secundus
3240 4112 3404 4166 homo
3427 4127 3499 4168 ex

1901 4202 2041 4258 cmlo
2083 4201 2258 4257 dictus
2281 4200 2399 4256 est?
2433 4199 2723 4267 Quomodo
2753 4201 2880 4257 item
2911 4202 3056 4257 Deus
3088 4202 3141 4257 in
3189 4202 3351 4258 terris
3377 4218 3503 4257 ver-

1902 4304 2053 4350 satus
2110 4301 2218 4361 est,
2268 4300 2363 4348 aut
2416 4306 2540 4347 cum
2591 4291 2816 4349 homine
2861 4293 3164 4366 operatus?
3221 4293 3503 4363 Quomodo

1315 4577 1560 4633 γΑιιιλΕ
1594 4574 1988 4634 LECTIONES
2029 4574 2117 4632 ET
2158 4573 2394 4634 ΝΟΤᾹΞ.

274 4735 387 4805 (56)
425 4734 526 4790 Pro
562 4735 981 4801 ἀποκτείναντες
1011 4737 1131 4792 cod.
1172 4734 1289 4790 Vat.
1341 4733 1471 4805 legit
1502 4734 1789 4788 dmxtovd

1912 4744 1993 4788 set
2036 4733 2370 4806 accendere,
2416 4749 2499 4806 ne
2538 4736 2781 4789 omnium
2831 4735 3167 4806 captivorum
3225 4733 3508 4791 amitteret

208 4823 324 4869 τες.
361 4810 569 4860 l'ussm.

276 4873 395 4947 (57)
443 4877 505 4929 '0
557 4877 742 4931 σκιὰν
796 4876 1026 4945 τροπῆς
1083 4876 1170 4946 μὴ
1212 4875 1657 4944 ἐπιδεχόμενος,
1711 4875 1803 4927 Vi-

207 4948 372 5003 detur
403 4957 531 4999 ante
554 4950 741 5002 oculos
776 4948 1031 5001 habuisse
1061 4947 1252 5001 Isidor.
1297 4948 1389 5000 illa
1436 4949 1666 5013 apostoli
1710 4947 1804 5000 .la-

203 5017 362 5088 cobi,
399 5031 439 5081 ι,
481 5017 549 5088 ΛΠ
589 5036 603 5072 :
685 5018 819 5070 Ἀπὸ
860 5017 954 5071 τοῦ
1001 5016 1216 5088 Πατρὸς
1260 5017 1369 5069 τῶν
1418 5016 1634 5084 φώτων.
1669 5019 1799 5084 παρ’

201 5082 247 5155 ᾧ
308 5087 413 5141 οὐκ
466 5086 581 5140 ἔστι
630 5088 1071 5160 παραλλσ.γὴ,ἢ
1128 5082 1343 5160 τριττῆς
1415 5082 1795 5157 ἀποσκίασμα.

207 5160 377 5212 Ιιιττ.

278 5229 391 5298 (58)
430 5227 550 5295 Τὴν
595 5228 822 5281 οἰκείαν
875 5227 1190 5283 ἐκδέδωκε.
1243 5228 1393 5282 Fort.
1456 5228 1792 5293 ἐκδεδωκώς.

209 5296 413 5354 Eadem
455 5310 507 5352 et
537 5299 766 5352 aliorum
825 5298 1078 5353 Ecclesiae
1118 5301 1403 5354 doctorum
1437 5309 1522 5353 est
1576 5309 1796 5353 senten-

211 5370 306 5430 tia,
340 5377 398 5422 ut
458 5367 656 5423 Leonis
685 5367 756 5422 Μ.
787 5382 910 5422 cum
940 5369 1061 5424 aliis
1095 5369 1248 5434 locis,
1284 5379 1394 5422 tum
1425 5382 1593 5423 serm.
1623 5369 1683 5422 Η
1722 5369 1796 5423 De

208 5435 468 5494 Persium
515 5437 772 5493 Domini:
809 5458 827 5490 ι
866 5435 938 5494 Ut
989 5439 1280 5493 humanum
1334 5453 1505 5508 genus
1559 5438 1794 5495 vinculis

209 5510 506 5564 mortifera:
555 5509 1020 5577 pnevaricationis
1074 5510 1400 5572 absolveret,
1452 5518 1506 5562 et
1550 5510 1796 5564 satvienti

208 5578 423 5634 diabolo
453 5579 749 5648 potentiam
813 5595 924 5634 sine
958 5579 1256 5646 maiestatis
1283 5578 1603 5648 occultavit,
1636 5590 1690 5634 et
1723 5580 1799 5634 iu-

210 5649 519 5722 Iirtuitatetu
555 5650 1112 5722 nostrzeiluuuilitalis
1141 5650 1360 5718 obiecit.
1403 5647 1637 5722 Sieuim
1672 5666 1798 5705 cru-

207 5719 345 5788 delis
375 5725 430 5772 et
455 5722 720 5788 superbus
771 5719 1026 5775 inimicus
1070 5721 1357 5775 consilium
1407 5720 1797 5776 misericordiae

211 5787 303 5844 Dei
346 5802 507 5843 nosse
527 5787 820 5857 potuisset,
855 5788 1167 5844 Judatorum
1214 5792 1427 5845 animos
1478 5803 1795 5847 mansuetu-

212 5862 334 5915 dine
362 5859 544 5930 potius
577 5866 901 5929 temperare,
933 5877 1095 5931 quam
1123 5859 1340 5927 iniustis
1382 5860 1523 5917 odiis
1552 5862 1790 5918 studuis-

531 5953 799 6016 PATBOL.
841 5953 962 6017 Gn.
1012 5954 1351 6018 LXXVIII.

1905 4804 2252 4867 servitutem,
2291 4809 2418 4858 dum
2453 4805 2584 4859 nihil
2621 4806 2723 4861 sibi
2764 4804 3014 4862 debentia
3063 4807 3410 4875 persequitur
3441 4806 3508 4860 ii-

1903 4876 2273 4947 lttg'tatem,i
2317 4884 2422 4947 etc.
2477 4875 2625 4931 idem
2683 4891 2848 4931 serm.
2902 4876 2935 4930 4
2984 4875 3058 4930 De
3113 4876 3449 4947 Quadrages.
3485 4892 3532 4932 :'

1908 4964 1926 4996 ι
1965 4943 2326 4999 Prudentiatn
2361 4945 2564 5017 diaboli
2606 4947 2829 5002 stultam
2888 4947 3018 5001 l'rcit
3061 4943 3352 5017 sapientia'
3385 4949 3506 5012 Dei,

1901 5028 1953 5067 ut
1987 5019 2252 5082 superbus
2285 5017 2457 5070 hostis
2491 5016 2767 5072 hominem
2799 5019 3015 5081 videns,
3057 5016 3219 5086 quem
3254 5019 3508 5088 aliquan-

1901 5088 1970 5136 tlu
1995 5095 2372 5159 superaverat,
2407 5103 2512 5140 ttutt
2551 5099 2816 5143 metueret
2845 5102 2968 5159 eum
3023 5088 3297 5159 persequi,
3342 5104 3504 5159 quem

1907 5171 2004 5223 pro
2048 5157 2302 5209 omnibus
2356 5159 2644 5225 Oportebat
2711 5158 2907 5213 occidi.
2973 5177 2990 5209 ι
3060 5156 3191 5214 Vide
3251 5156 3505 5215 eumdem

1905 5241 2072 5280 serm.
2108 5226 2130 5279 i
2166 5237 2219 5277 et
2248 5227 2284 5280 9
2313 5225 2388 5280 De
2433 5226 2658 5281 Nativit.
2695 5228 2929 5282 Domini.
2967 5228 3134 5283 [ὶιττ.

1979 5296 2094 5370 (59)
2136 5297 2265 5370 Ὀτι
2297 5297 2416 5370 μὲν
2459 5293 2643 5368 ἦσαν.
2682 5298 2740 5352 F.
2797 5299 2897 5369 leg.
2931 5301 3015 5353 ὃτι
3055 5300 3106 5352 σί
3146 5298 3266 5370 μέν,
3299 5299 3380 5356 νει
3423 5300 3505 5354 ὅτι

1904 5366 2102 5420 ἐκεῖνοι
2144 5368 2265 5436 μέν.
2297 5366 2372 5421 In.

1978 5437 2090 5522 (49)
2123 5439 2459 5559 "(immitem
2495 5439 2836 5510 ὀμοιάψατι.
2866 5440 3324 5512 luterpouendum
3357 5441 3510 5498 vide-

1978 5525 1993 5559 Γ
2030 5525 2109 5559 εν.
2179 5524 2230 5559 ι).

1907 5517 1993 5562 tur
2030 5509 2109 5562 ἐν.
2155 5509 2230 5562 lo.

1976 5579 2090 5647 (Η)
2121 5578 2228 5633 Pro
2257 5579 2477 5635 ᾶπαντα
2505 5581 2688 5636 τοίνυν
2718 5591 2866 5638 recte
2891 5582 3013 5637 cod.
3045 5580 3169 5636 Val.
3206 5582 3421 5647 scribit,
3449 5582 3509 5637 ἓν

1903 5647 2031 5714 εἰςὸ
2064 5648 2246 5703 πάντα
2271 5652 2461 5704 τείνει.
2503 5652 2660 5709 Vers.
2691 5663 2810 5720 post
2837 5654 2894 5716 2,
2931 5651 3088 5718 ἀξίαν
3117 5663 3291 5707 mutat
3330 5654 3382 5706 itt
3416 5654 3511 5708 οὑο

1904 5720 2067 5796 σ-ίοινζ
2091 5731 2146 5774 et
2170 5735 2316 5796 νοτε.
2360 5732 2612 5794 antepeu.
2644 5738 2730 5795 ep.
2768 5724 2909 5779 inter
2934 5723 3128 5796 ὥσπερ
3161 5734 3217 5781 et
3240 5723 3338 5778 καὶ
3371 5723 3505 5779 inse-

1905 5793 1975 5847 rit
2006 5786 2123 5845 οὖν.
2167 5789 2383 5847 Possm.

1976 5862 2091 5934 (te)
2118 5862 2188 5916 Τὸ
2225 5864 2392 5920 Θεόν.
2425 5862 2648 5923 Videtur
2672 5866 2726 5922 in
2755 5864 2936 5924 medio
2970 5866 3160 5923 deesse
3183 5866 3305 5939 μέν.
3331 5863 3497 5924 ιιιττ.

3064 5956 3140 6021 40
