4150 6450
713 369 850 439 1259
1903 367 1964 428 S.
2004 365 2296 428 ISIDORI
2334 363 2769 428 PELUSIO’LE
3828 362 3957 429 1260

712 488 947 554 seipsum
995 480 1330 546 humiliavit,
1392 494 1511 535 cum
1564 486 1709 536 esset
1769 479 1992 551 mqualls
2057 478 2279 535 Deo"?

2412 478 2741 550 ιθέγεασθαι,
2784 478 2877 531 καὶ
2909 478 3246 547 οἰκονομικόν
3281 481 3392 533 ἐστι
3441 479 3534 533 καὶ
3563 479 3839 550 χρειῶδες,
3868 482 3953 532 καὶ

672 618 675 623 .
712 576 991 643 Quomodo
1035 574 1171 628 Deus
1205 572 1398 627 Filium
1432 587 1585 628 suum
1630 571 1802 638 inisit,
1848 572 1900 626 in
1934 572 2285 628 similitudine

2412 572 2541 625 ιύδὲν
2584 570 2683 640 τὴν
2720 569 2992 641 ἄχραντον
3036 569 3190 635 ἀξίαν
3237 569 3655 625 καταϐλάπτον·
3692 571 3753 624 τὸ
3779 571 3824 624 δ’
3863 572 3953 625 ἄν·

718 669 900 720 carnis
929 664 1130 734 peccati
1158 664 1215 719 ιτ
1255 673 1346 718 aut
1390 667 1661 732 quomodo
1690 679 1795 721 non
1832 665 2129 718 redduntur
2162 663 2287 719 vilia

2412 663 2607 732 tpwrcov
2644 660 2772 713 ὄντα
2822 658 2941 715 θετά
2985 677 3105 714 τινα
3155 661 3248 714 καὶ
3283 662 3530 731 ὑπερφυῆ
3577 662 3827 733 φράζειν,
3862 662 3955 732 τῆς

719 754 1000 824 impolluta
1051 751 1331 824 mysteria,
1371 755 1417 808 si
1463 754 1698 809 hominis
1740 762 1947 808 tantum
1994 766 2191 823 corpus
2235 760 2292 808 et

2412 752 2649 805 ινωτάτω
2695 752 2955 822 τυγχάνει
2990 752 3212 823 τόλμης.
3256 752 3478 805 Βασιλεῖ
3510 752 3609 822 μὲν
3651 753 3759 823 γὰρ
3786 753 3955 817 ἔξεστι

720 848 939 915 sanguis
1000 860 1122 901 esse
1166 847 1493 907 videantur?
1542 845 1823 913 Quomodo
1870 855 2047 901 autem
2104 844 2285 899 dixit:

2412 842 2764 913 ιετριολογεῐν
2826 841 2923 896 καὶ
2975 845 3411 914 μετριοφρονιῖν·
3464 843 3769 915 στρατιώτῃ
3818 842 3874 895 δὲ
3921 843 3954 912 ἢ

724 955 743 988 s
778 935 984 1006 Corpus
1010 946 1188 991 autem
1226 936 1498 1007 perfecisti
1523 936 1652 991 mihi
1677 936 1739 989 'i
1767 953 1787 986 ι
1816 934 2095 1001 Quomodo
2122 949 2285 1003 Opor-

2412 931 2684 1003 ττρατηγῷ
2730 930 3019 1002 βασιλικὰς
3067 934 3282 1002 ἀφιέναι
3330 934 3536 1003 φωνὰς,
3581 935 3643 987 οὐ
3677 934 3852 1003 θέμις.
3897 934 3956 986 Ei

718 1028 821 1079 tuit
850 1028 989 1080 lnmc
1017 1027 1180 1080 etiam
1200 1027 1415 1097 aliquid
1447 1027 1644 1081 habere
1667 1026 1807 1096 quod
1841 1023 2107 1079 oll'erret?
2134 1024 2283 1091 Quo-

2412 1022 2491 1074 ιὲν
2536 1019 2631 1077 οὖν
2654 1023 2786 1087 Θεὸς
2812 1020 2901 1096 ἦν,
2928 1024 3117 1097 ὥσπερ
3151 1026 3246 1078 καὶ
3272 1021 3361 1096 ἦν,
3395 1026 3841 1097 ἐνανθρωπήσας,
3871 1027 3957 1078 καὶ

717 1118 879 1171 modo
911 1133 1006 1185 per
1034 1120 1310 1187 preprium
1351 1118 1670 1189 sanguinem
1699 1118 1944 1185 captivos
1982 1116 2211 1171 redemit
2233 1117 2287 1169 "l

2412 1113 2453 1167 τά
2478 1114 2708 1168 ταπεινά
2735 1113 2917 1188 χώραν
2948 1116 3091 1187 ἔχει·
3124 1118 3173 1169 εἰ
3203 1116 3246 1169 δ’
3275 1116 3558 1189 ἄνθρωπος
3581 1113 3669 1188 ἦν,
3701 1117 3768 1171 τὰ
3787 1116 3959 1186 ὑψηλά

716 1205 994 1273 Quomodo
1019 1208 1302 1264 Dominum
1327 1210 1510 1278 gloriae
1532 1207 1922 1265 crocitixerunt
1937 1207 1995 1260 εἳ
2011 1206 2289 1273 Quomodo

2412 1201 2575 1274 [ὠραν
2607 1205 2707 1259 οὐκ
2739 1206 2873 1277 ἔχει.

716 1296 953 1353 Verbum
1004 1315 1132 1354 caro
1167 1301 1364 1354 factum
1411 1298 1579 1354 est“?
1621 1298 1903 1365 Quomodo
1952 1296 2136 1362 Pater,
2216 1309 2337 1349 cum
2375 1296 2502 1349 olim
2552 1296 2901 1351 multifariam
2995 1300 3281 1369 multisque
3338 1302 3510 1355 modis
3560 1301 3773 1356 locutus
3822 1312 3961 1357 esset

718 1409 815 1462 per
860 1396 1171 1466 prophetas,
1215 1406 1487 1464 postremo
1516 1396 1730 1451 locutus
1769 1403 1851 1450 est
1920 1408 2015 1465 per
2056 1388 2327 1448 Filium”?
2366 1398 2458 1443 aut
2492 1393 2775 1461 quomodo
2819 1394 3071 1449 similiter
3138 1396 3449 1451 earumdem
3495 1397 3761 1467 particeps
3795 1395 3963 1449 factus

719 1500 802 1544 est
845 1490 1063 1546 Filius?
1110 1491 1214 1546 Sed
1245 1507 1334 1557 ne,
1404 1491 1539 1546 dum
1598 1491 1779 1549 omnia
1825 1488 2135 1559 singulatim
2210 1498 2575 1550 recensemus,
2654 1487 2875 1542 auribus
2922 1490 3026 1542 tuis
3079 1491 3379 1546 molestiam
3427 1492 3642 1546 nimiam
3697 1506 3962 1545 creemus.

725 1583 978 1639 uoit'erse
1008 1597 1071 1638 ac
1106 1584 1273 1638 semel
1303 1583 1485 1637 omnia
1528 1583 1703 1637 dicam
1736 1600 1750 1637 :
1778 1582 1910 1636 Eum
1947 1580 2164 1649 quidem
2202 1575 2294 1645 qui
2333 1576 2402 1629 sit.
2466 1576 2631 1645 Deus,
2664 1580 2886 1635 humilia
2912 1581 3148 1636 locutum
3176 1597 3317 1646 esse,
3381 1595 3437 1637 et
3461 1584 3878 1653 dispensationis
3907 1598 3965 1637 ac

719 1674 1098 1729 submissiouis
1135 1673 1235 1728 fuit
1266 1689 1422 1742 opus,
1463 1684 1514 1730 et
1566 1674 1713 1739 utile,
1750 1682 1803 1728 et
1872 1673 2184 1727 nullatenus
2257 1669 2594 1738 impollutam
2677 1673 2795 1743 ejus
2865 1676 3180 1743 dignitatem
3226 1676 3424 1732 laedens
3472 1688 3563 1730 ant
3609 1677 3963 1740 imminucus;

717 1784 839 1823 eum
881 1784 1007 1823 vero
1041 1770 1128 1839 qui
1166 1770 1235 1823 sit
1262 1768 1484 1840 (nudus)
1515 1770 1697 1835 homo,
1728 1770 1910 1824 divina
1990 1770 2231 1837 qnmdam
2263 1776 2317 1823 et
2396 1780 2605 1825 natura:
2655 1771 2905 1827 humanae
2946 1774 3208 1831 terminos
3244 1776 3557 1829 excedentia
3600 1772 3833 1841 jactare.
3880 1789 3968 1826 ex-

721 1866 905 1914 tremae
947 1869 1029 1913 est
1071 1857 1331 1913 audacia}.
1365 1855 1499 1911 Nam
1535 1860 1645 1928 regi
1684 1859 1906 1927 quidem
1938 1858 2071 1912 licet
2111 1857 2392 1914 moderate
2425 1858 2569 1929 loqui
2613 1870 2671 1916 et
2751 1863 3030 1918 moderate
3100 1865 3307 1919 sentire
3366 1864 3629 1935 (seposita
3700 1866 3968 1935 paulisper

721 1951 865 2019 regia
907 1966 1002 2004 sua
1044 1949 1347 2021 majestate)
1383 1968 1396 2003 :
1431 1950 1593 2004 militi
1622 1959 1803 2003 autem
1838 1949 1921 2003 vel
1952 1948 2119 2004 etiam
2154 1947 2384 2017 principi
2439 1951 2648 2007 militiae
2730 1954 2881 2009 nefas
2959 1964 3045 2015 est,
3094 1956 3296 2024 regales
3385 1957 3636 2011 emittere
3670 1973 3854 2012 voces.
3904 1957 3957 2011 Si

723 2043 888 2112 igitur
931 2041 1075 2099 Deus
1130 2043 1229 2096 fuit
1275 2043 1434 2111 (sicut
1486 2051 1632 2097 certe
1682 2042 1834 2110 fuit),
1893 2042 2052 2096 homo
2103 2041 2294 2105 factus,
2338 2041 2499 2094 etiam
2548 2044 2770 2098 humilia
2816 2047 2867 2100 in
2942 2047 3058 2115 ipso
3097 2047 3270 2102 locum
3320 2048 3554 2116 habent;
3625 2051 3670 2104 si
3699 2065 3827 2105 vero
3856 2051 3969 2105 luu-

726 2135 846 2203 dus)
881 2137 1039 2190 homo
1068 2135 1167 2190 fuit
1195 2136 1275 2205 (ut
1303 2134 1489 2187 Ariani
1529 2134 1661 2188 falso
1689 2134 2025 2204 perhibent),
2052 2134 2301 2189 sublimia
2346 2134 2435 2187 illa
2469 2134 2645 2190 locum
2683 2154 2785 2195 non
2823 2140 3041 2196 habent.

1228 2246 1480 2301 CLXVII.
1503 2276 1565 2288 -—-
1587 2246 1767 2303 NILO.

2892 2256 3121 2310 rszz—
3150 2255 3485 2327 ΝΕιΑᾳμδ)

864 2340 936 2396 De
963 2340 1215 2407 sapientia
1250 2340 1480 2393 Danielis
1533 2350 1581 2394 et
1632 2341 1791 2393 trium
1817 2356 2121 2408 puerorum.

2504 2345 2641 2411 Περὶ
2682 2345 2793 2412 τῆς
2822 2349 3045 2416 σοφίας
3075 2334 3296 2415 Δακιὴλ
3331 2348 3429 2401 καὶ
3468 2348 3583 2401 τῶν
3616 2350 3863 2404 παίδων.

794 2454 1139 2523 Babylonios,
1173 2455 1260 2523 qui
1304 2462 1427 2507 tunc
1474 2455 1736 2523 temporis
1768 2456 2051 2525 supercilia
2086 2453 2293 2509 extule-

2470 2456 2612 2521 Τοὺς
2665 2458 3039 2523 Βαϐυλωνίους
3089 2461 3210 2513 τότε
3261 2460 3664 2531 ὼφρυωμένους
3720 2463 3821 2515 sui
3862 2466 3967 2525 τοῖς

722 2556 844 2601 rant
872 2561 1033 2613 super
1080 2545 1323 2599 victoriis
1358 2556 1409 2599 et
1447 2546 1607 2600 rebus
1639 2547 1776 2600 bello
1824 2546 2054 2601 feliciter
2103 2548 2293 2616 gestis,

2402 2544 2719 2615 πολεμικοῖς
2750 2547 3210 2619 πλεονεκτήμασι,
3240 2550 3334 2601 καὶ
3366 2549 3709 2620 ἐπηρμένους
3734 2551 3826 2603 ἐπὶ
3860 2555 3967 2613 τοῖς

721 2646 776 2691 et
807 2637 1025 2705 tropaeis
1048 2651 1076 2688 a
1108 2650 1166 2689 se
1203 2636 1403 2690 erectis
1448 2636 1918 2705 superbiebaut,et
1951 2638 2298 2704 prmdictione

2412 2639 2705 2707 τροπαίοις,
2741 2641 2835 2693 καὶ
2864 2640 3330 2713 ἐναϐρυνομένους
3359 2643 3451 2695 ἐπὶ
3486 2644 3807 2714 προρρήσει,
3840 2662 3964 2697 κατ-

720 2742 779 2782 se
825 2725 1126 2796 iactabant,
1192 2726 1431 2779 divinum
1490 2742 1689 2781 nomen
1750 2726 2130 2796 obstupefecit,
2173 2743 2291 2782 cum

2412 2729 2608 2799 ἔπληξε
2657 2731 2719 2784 τὸ
2764 2731 2942 2798 Θεῖον,
2989 2733 3184 2795 παῖδας
3219 2732 3594 2803 αἰχμαλώτους
3637 2735 3699 2787 οὐ
3733 2736 3967 2804 σοφωτέ-

722 2831 922 2886 pueros
951 2815 1191 2884 captivos
1218 2831 1323 2870 non
1365 2816 1723 2884 sapientiores
1747 2816 1878 2886 ipsis
1927 2818 1980 2871 in
2015 2832 2296 2886 compara-

2412 2837 2531 2891 ρους
2560 2821 2742 2875 αὐτῶν
2772 2824 2913 2887 κατά
2947 2823 3235 2894 σύγκρισιν
3270 2825 3287 2895 (
3314 2825 3533 2879 ἐπὶτῶν
3566 2826 3841 2896 ὁμογενῶν
3864 2828 3969 2898 γὰρ

727 2909 874 2964 tione
904 2906 992 2978 (in
1023 2906 1129 2961 illis
1161 2908 1307 2959 enim
1348 2905 1529 2971 rebus,
1554 2922 1673 2975 quae
1716 2916 1843 2959 sunt
1877 2906 2114 2974 ejusdem
2146 2916 2302 2961 natu-

2412 2910 2435 2980 ή
2466 2909 2754 2984 σύγκρισις
2779 2912 2887 2986 (Η)
2912 2912 2932 2985 )
2958 2954 2973 2980 ,
3010 2914 3146 2969 ἀλλά
3184 2916 3527 2984 σοφωτάτους
3560 2918 3867 2989 ἀποφῆναν.

726 3012 821 3061 rae,
867 2996 1201 3066 comparatio
1239 2996 1439 3063 valet),
1500 2997 1591 3049 sed
1645 2997 2073 3065 sapientissimos
2124 2998 2301 3053 decla-

730 3087 890 3141 ravit.

1024 3178 1643 3235 CLXVIIL—JOANNI
1690 3179 2009 3237 DIACONO.

2721 3179 2889 3231 PEll'.
2938 3209 3003 3219 -
3037 3180 3301 3251 marum
3336 3181 3653 3250 AIAKoNa.

726 3267 795 3322 In
846 3269 977 3321 illud
1027 3270 1226 3350 (Pauli
1285 3271 1543 3390 dictum),
1602 3289 1620 3323 ι
1654 3268 1889 3351 .Irrt'tqm
1931 3274 2046 3342 quis
2100 3274 2299 3340 faciens

803 3340 961 3390 lenem
1004 3338 1226 3390 Mottsts.
1284 3356 1393 3390 stne
1440 3343 1490 3390 ul
1518 3358 1548 3390 a
1594 3352 1929 3390 nmeratmne
1988 3342 2189 3390 duobus
2220 3344 2299 3390 υρι

2412 3268 2499 3332 Elc
2529 3267 2615 3331 τὸ,
2665 3288 2680 3319 ι
2719 3268 3047 3346 ξΑΟετήσας
3096 3287 3187 3333 τις
3231 3272 3418 3331 νόμον
3454 3270 3745 3335 Μωσέως,
3797 3272 3971 3339 χωρὶς

2474 3340 2791 3390 οὶκτιοιιων
2838 3338 2936 3390 ἐπὶ
2978 3338 3163 3390 δυσὶν
3193 3340 3229 3390 ἣ
3280 3340 3436 3390 muri
3493 3339 3789 3390 ιιάοτυσιν
3824 3342 3967 3390 ἀπο-

803 3340 961 3407 legem
1004 3338 1226 3407 uagas,
1284 3342 1393 3392 sine
1440 3338 1548 3392 ulla
1594 3338 1953 3396 miseratione
1988 3338 2189 3395 duobus
2220 3344 2299 3396 vel

2474 3338 2791 3408 οἰκτιρμῶν
2838 3338 2936 3390 ἐπὶ
2978 3338 3163 3391 δυσὶν
3193 3340 3229 3406 ἡ
3280 3340 3436 3408 τρισί
3487 3338 3967 3407 μάρτυσιν-ὀπο-

800 3411 965 3462 tribus
996 3410 1211 3461 testibus
1244 3411 1467 3463 moritur
1490 3409 1532 3462 ".
1571 3428 1589 3461 ι

2474 3407 2743 3473 θνήσκει.
2792 3426 2808 3457 ι

799 3521 935 3575 Dum
972 3520 1057 3574 lex
1085 3535 1176 3574 eos
1210 3509 1298 3589 qui
1332 3521 1535 3591 majora
1568 3523 1931 3593 gravioraque
1952 3496 2110 3593 quam
2140 3524 2302 3597 510

2476 3521 2582 3574 Τοῦ
2630 3520 2794 3591 νόμου
2838 3521 2965 3584 τοὺς
3006 3520 3334 3592 συγγνώμης
3392 3522 3803 3593 ἁμαρτάνοντας
3852 3525 3964 3593 μεί-

730 3612 926 3682 q‘uibos
956 3612 1159 3681 ignosci
1201 3620 1399 3680 posset,
1440 3614 1773 3670 admiserant
1823 3624 2063 3684 peccata,
2095 3618 2299 3687 absque

2412 3612 2535 3674 ζονα
2556 3611 2939 3680 ἀπαραιτήτως
2955 3610 3292 3675 κολάζοντος,
3320 3613 3353 3682 ή
3378 3612 3534 3683 χάρις
3557 3614 3970 3683 ὲπιφοιτήσασα,

735 3702 1053 3757 remissione
1075 3703 1181 3755 ulla
1211 3703 1459 3771 puniret:
1482 3707 1863 3773 superveniens
1887 3708 2059 3776 gratia
2092 3709 2300 3779 (Evan-

2412 3702 2503 3755 καὶ
2555 3702 2646 3755 τὸν
2700 3702 2893 3772 θνητὸν
2926 3703 3021 3756 καὶ
3057 3702 3279 3773 ἐμπαθῆ
3337 3702 3695 3759 θανατώσασα
3751 3704 3838 3757 διὰ
3877 3703 3971 3757 τοῦ

732 3792 855 3861 gelii
873 3792 914 3862 ),
932 3806 1060 3862 quae
1088 3794 1372 3847 mortalem
1402 3802 1458 3848 et
1480 3795 1982 3864 perturbationibus
2006 3800 2297 3854 obnoxiam

2412 3792 2783 3864 βαπτίσματος
2828 3793 2961 3863 βίον,
2996 3793 3085 3847 διὰ
3125 3794 3546 3862 παλιγγενεσίας
3581 3789 3737 3855 αὖθις
3786 3794 3971 3864 ὥσπερ

732 3883 900 3961 vitam
933 3897 1029 3952 per
1051 3884 1375 3953 baptismum
1408 3887 1772 3953 mortiﬁcavit,
1793 3904 1891 3959 per
1924 3892 2291 3961 regeneratio-

2412 3886 2471 3939 ὲκ
2501 3889 2747 3956 μηχανῆς
2781 3886 2859 3949 είς
2906 3885 3065 3939 ἀλλον
3098 3885 3423 3955 ἀνεγέννησε
3473 3884 3607 3956 βίον,
3669 3887 3765 3940 καὶ
3810 3904 3974 3958 προσ-

734 3959 859 4031 nem
908 3978 1085 4032 denuo
1123 3976 1371 4032 homines
1406 3980 1558 4046 quasi
1598 3994 1665 4034 ex
1715 3982 1965 4036 machina
1995 3959 2079 4037 _iu
2137 3983 2298 4038 aliam

740 4069 1078 4136 regeneravit
1125 4070 1315 4132 vitam,
1372 4073 1737 4139 praecepitque
1779 4083 1837 4127 ut
1897 4089 1994 4139 per
2044 4076 2299 4143 optimam

736 4154 951 4210 vivendi
982 4158 1249 4212 rationem
1280 4160 1529 4228 corporis
1562 4162 1994 4230 perturbationes
2044 4180 2151 4219 non
2194 4176 2300 4220 tam

738 4247 1033 4303 labefactas
1056 4264 1546 4320 eompesceremus,
1577 4268 1737 4321 quam
1768 4256 1991 4309 omnino
2042 4272 2304 4313 enecare-

740 4354 881 4394 mus.
912 4338 1016 4393 Eos
1042 4350 1221 4395 autem
1253 4341 1344 4411 qni
1402 4342 1579 4397 adhuc
1615 4358 1839 4411 peccare
1897 4360 2000 4399 non
2057 4347 2302 4402 destituri

738 4438 938 4495 essent,
984 4444 1155 4499 neque
1190 4430 1563 4498 plenitentiam
1623 4432 1819 4499 acturi,
1849 4435 2191 4502 gravioribus
2219 4448 2301 4491 at-

743 4534 848 4589 que
902 4521 1266 4575 acerbioribus
1297 4522 1665 4590 etiam,quam
1701 4522 1810 4589 lex,
1842 4526 2017 4593 paruis
2062 4542 2120 4582 se
2174 4528 2307 4583 alle-

742 4622 950 4665 cturam
982 4611 1303 4665 comminata
1345 4621 1447 4666 est.
1483 4611 1583 4678 Qui
1618 4612 1761 4667 enim
1799 4624 1944 4670 tanto
1972 4619 2115 4687 digni
2139 4620 2303 4674 habiti

742 4706 902 4767 deuo,
934 4712 984 4757 et
1036 4702 1087 4755 iu
1130 4703 1389 4758 honorem
1426 4704 1631 4772 regium
1668 4705 1862 4771 evecti,
1893 4716 1945 4761 et
2002 4710 2305 4763 divinorum

743 4794 869 4848 facti
919 4796 1207 4864 participes
1266 4794 1642 4865 mysteriorum
1682 4805 1735 4849 et
1781 4798 2044 4857 donorum
2100 4804 2307 4871 gratim,

2408 3968 2616 4043 ἔταξεν,
2645 3975 2735 4031 διὰ
2765 3976 3035 4040 πολιτείας
3056 3976 3287 4049 ἀρίστης
3308 3980 3375 4031 τὰ
3395 3976 3485 4031 τοῦ
3521 3976 3768 4047 σώματος
3800 3979 3975 4047 μαρᾶ-

2409 4085 2518 4131 ναι,
2558 4055 2760 4138 μᾶλλον
2804 4068 2861 4121 δὲ
2896 4069 3171 4141 νεκρῶσαι
3222 4068 3403 4139 πάθη·
3439 4072 3549 4131 τοῖς
3580 4069 3637 4122 δὲ
3690 4072 3972 4128 πταίσασι,

2411 4158 2508 4211 καὶ
2550 4159 2624 4227 μὴ
2661 4159 3053 4229 μετανοήσασι,
3089 4158 3289 4228 μᾶλλον
3322 4159 3353 4228 ἢ
3381 4159 3409 4210 ὁ
3440 4158 3601 4227 νόμος
3636 4158 3973 4227 πικροτέρως

2411 4249 2664 4315 ἐκόλασε,
2689 4250 2784 4303 καὶ
2809 4250 3073 4320 ἠπείλησε
3102 4250 3200 4314 τὰς
3228 4250 3516 4319 τιμωρίας.
3545 4251 3607 4303 Ui
3641 4251 3748 4320 γὰρ
3782 4250 3975 4303 sonti-

2412 4359 2513 4411 της
2568 4343 2892 4408 ἀξιωθέντες
2925 4345 3170 4414 δωρεᾶς,
3217 4345 3311 4398 καὶ
3344 4347 3423 4407 είς
3474 4345 3638 4415 τιμὴν
3696 4344 3975 4414 βασιλικὴν

2416 4435 2876 4507 ἀνακομισθέντες
2898 4478 2911 4497 ,
2946 4437 3040 4488 καὶ
3076 4435 3235 4492 θείων
3266 4436 3546 4504 γενόμενοι
3582 4436 3894 4506 μυστηρίων
3918 4451 3976 4486 τε

2414 4528 2509 4581 καὶ
2537 4527 2890 4598 χαρισμάτων
2925 4528 3189 4590 κοινωνοὶ,
3242 4521 3359 4579 εἶτα
3391 4525 3829 4597 ρᾳθυμήσαντες,
3860 4526 3976 4595 μεί-

2415 4617 2569 4682 ζονος
2602 4619 2665 4671 ἂν
2696 4614 2806 4670 εἷεν
2834 4618 3108 4689 τιμωρίας
3138 4618 3307 4683 ἀξιοι.
3338 4618 3446 4671 Καὶ
3484 4617 3631 4671 τοῦτ’
3663 4617 3923 4686 ιγγυᾶται
3952 4617 3979 4667 ὁ

2416 4710 2626 4774 Παῦλος
2648 4711 2872 4782 φράζων
2902 4710 3048 4762 τοῦθ’
3079 4712 3216 4781 ὅπερ
3246 4709 3434 4778 μαθεῖν
3461 4708 3751 4777 ἠθέλησας·
3783 4727 3801 4759 ι
3845 4706 3980 4760 ’Δθε-

2415 4804 2587 4873 ⁴τήσιικς
2610 4820 2695 4865 τις
2720 4804 2883 4872 νόμον
2908 4804 3175 4864 Μωσέως,
3213 4802 3378 4871 χωρὶς
3401 4800 3717 4869 οἰκτιρμῶν.
3746 4801 3867 4852 ἀντὶ
3890 4799 3977 4852 τοῦ

744 4895 922 4940 tamen
950 4889 1109 4942 etiam
1141 4889 1220 4943 sic
1251 4886 1423 4957 ignavi
1462 4900 1585 4941 esse
1612 4886 1700 4955 (ad
1730 4889 1865 4943 bona
1895 4902 2093 4963 opera)
2120 4908 2302 4960 perse-

2419 4896 2587 4966 χωρὶς
2619 4894 2802 4957 ἐλέους
2830 4895 2921 4947 καλ⁸
2948 4894 3329 4965 παραιτήσεως
3365 4894 3459 4946 καὶ
3482 4891 3812 4963 συγγνώμης
3839 4932 3853 4953 ,
3888 4893 3976 4943 ἐπὶ

744 4988 951 5043 verant,
984 4979 1171 5047 majori
1212 4980 1475 5050 supplicio
1514 4982 1664 5051 digni
1717 4986 2103 5037 censelmntur.
2136 4986 2302 5056 Atque

2422 4986 2572 5039 δυσὶν
2603 4984 2638 5056 ἢ
2668 4986 2815 5057 τρισὶ
2851 4984 3117 5059 μάρτυσιν
3161 4983 3494 5054 ἀποθνήσκει
3522 4984 3657 5055 (45),
3685 4984 3828 5037 τοῦτ’
3861 4983 3979 5036 ἔστι

811 5133 855 5205 _”
885 5133 1118 5205 Philipp.
1151 5151 1211 5201 ιι,
1246 5136 1297 5190 6.
1377 5136 1575 5192 ‘Rom.
1615 5152 1733 5198 Vltt.
1770 5137 1822 5190 5.

745 5202 765 5233 ³
796 5201 929 5257 «ἰοειιι
991 5201 1148 5267 ﬁli.
1226 5206 1247 5236 ⁸
1274 5205 1436 5261 llebr.
1473 5222 1511 5271 ι,
1543 5207 1591 5263 l.
1669 5208 1686 5237 "
1721 5206 1884 5261 Hebr.
1915 5224 1966 5271 χ,
2003 5210 2091 5262 “28.

1936 5141 1954 5170 ¹
1991 5138 2138 5199 Psal.
2181 5157 2368 5205 xxxix,
2398 5141 2462 5207 '7;
2497 5142 2661 5196 llcbr.
2693 5158 2723 5195 ι
2749 5180 2763 5205 ,
2796 5141 2849 5195 5.

2960 5140 3232 5195 'Zachar.
3271 5154 3361 5205 tv,
3388 5140 3475 5194 ll.
3579 5140 3796 5196 ‘lCor.
3841 5156 3900 5204 it,
3928 5141 3978 5195 8.

1847 5364 2078 5419 VARI/IS
2119 5366 2493 5420 LECTIONES
2529 5367 2615 5421 ΕΤ
2653 5367 2873 5421 ΝΟΤτΕ.

818 5521 926 5589 tif.)
960 5520 1200 5574 lutitqu
1237 5531 1356 5589 post
1397 5520 1576 5589 Νείλῳ
1626 5520 1745 5575 cod.
1794 5519 1967 5576 Vatie.
2018 5520 2123 5574 650
2166 5525 2311 5576 addit

749 5590 1007 5661 Διακόνῳ,
1036 5602 1085 5641 et
1111 5592 1329 5661 verbum
1361 5593 1606 5661 ultimum
1636 5590 1874 5659 epistolae
1900 5608 2002 5646 non
2032 5592 2312 5661 ἀποφῆναν

752 5674 777 5711 s
798 5659 1135 5730 aldinogﬁvai
1170 5660 1375 5715 scribit.
1403 5660 1612 5715 Possm.

824 5728 930 5797 (ii)
970 5728 1098 5785 Vide
1128 5745 1285 5800 supra
1324 5730 1480 5799 epist.
1508 5730 1629 5784 115.
1662 5729 1823 5783 Βιττ.

2493 5524 2604 5592 (45)
2644 5524 2787 5576 inter
2812 5521 3145 5592 ἀποθνήσκει
3172 5533 3225 5578 et
3253 5523 3397 5582 τοῦτ’
3431 5525 3545 5579 ἔστι
3570 5527 3683 5581 hsce
3716 5527 3833 5581 coll.
3866 5524 3976 5579 Vat.

2422 5593 2527 5648 650
2550 5594 2793 5670 inserit;
2822 5592 2947 5670 Atio,
2974 5594 3157 5670 φησὶν,
3188 5595 3220 5667 ἢ
3260 5595 3427 5665 τριῶν
3460 5597 3751 5670 μαρτύρων
3784 5612 3979 5667 μαρτυ-

2426 5664 2706 5736 ρησάντων
2748 5662 3092 5736 ἀποθνήσκει
3123 5662 3264 5735 [qum
3294 5662 3357 5719 ex
3409 5662 3655 5736 margine
3683 5669 3735 5721 in
3786 5662 3977 5721 lcitum

2425 5730 2706 5804 irrepsisse
2743 5730 3035 5805 videntur].
3068 5730 3273 5788 Possis.
