4150 6494
239 445 371 520 lett
1200 441 1733 508 EPISTOLARUM
1770 438 1915 502 LIB.
1958 441 2057 501 1v.
2103 431 2436 500 —EPIST.
2478 430 2698 497 CLXX.
3395 414 3530 487 1262

231 571 592 626 λιθο6ολεῐται
622 586 633 599 ⁸
691 567 842 640 πόσῳ
890 565 1098 621 δοκεῖτε
1148 566 1396 635 χείρονος
1456 560 1826 630 ἀξιωθήσεται

1943 558 2036 610 hoc
2062 554 2239 627 ipsum
2274 551 2475 608 Paulus
2516 549 2810 622 signiﬁcat,
2839 561 2963 604 cum
3000 545 3052 600 id
3110 537 3345 614 profert,
3378 540 3524 611 quod

239 663 520 734 τιμωρίας
545 705 558 725 ,
606 663 634 714 ό
668 662 760 715 τὸν
791 633 1274 730 ἐλευθερώσαντα,
1324 654 1458 726 φησὶ
1486 694 1498 719 ,
1536 650 1630 706 καὶ
1664 652 1826 721 τιμή-

1943 661 1990 704 ιιι
2020 651 2231 704 discero
2281 644 2503 700 voluisti
2542 663 2554 699 :
2598 662 2616 695 ι
2652 641 2872 696 irritam
2922 638 3046 709 quis
3070 635 3280 692 iaciens
3347 633 3530 703 legem

238 771 434 818 σαντα,
469 755 536 807 δι’
565 747 640 806 ὧν
675 753 929 824 πράττει,
962 747 1315 820 καθυϐρίζων
1343 765 1357 812 ;

1943 734 2158 810 lloysis,
2189 739 2306 792 sine
2340 729 2449 791 ulla
2499 728 2856 788 miseratione
2904 731 3042 802 (hoe
3072 735 3158 783 est
3193 725 3397 797 absque
3429 725 3533 779 mi-

236 813 562 908 sericordia,
603 854 658 898 et
698 813 1076 901 excusatione,
1106 813 1161 893 et
1211 837 1429 906 venia),
1465 833 1676 888 duobus
1739 829 1824 884 vel
1867 830 2045 883 tribus
2069 825 2299 883 testibus
2366 820 2748 887 moritur,hoc
2810 829 2915 886 est,
2945 813 3213 888 lapidibus
3242 813 3532 908 obruitur;

236 948 445 1007 quanto
467 905 640 1007 magis
678 936 880 1005 putatis
934 932 1204 988 deteriora
1271 928 1471 984 mereri
1531 922 1818 997 supplicia,
1860 921 1950 995 qui
1979 930 2102 975 eum
2142 937 2169 974 a
2237 934 2344 989 quo
2377 914 2664 984 liberatus,
2701 912 2899 984 inquit,
2961 918 3016 966 et
3060 909 3270 965 honore
3305 905 3536 962 allectus

233 1035 343 1100 est,
373 1026 698 1080 contumelia
727 1022 925 1078 allicit?
964 1042 980 1074 ι

543 1136 707 1190 esea
738 1166 807 1175 —
841 1135 1104 1204 ismare
1144 1124 1520 1200 ΕΠΙΣΚΟΠῼ.

440 1233 543 1295 Είς
573 1230 660 1294 τὸ,
701 1248 717 1279 ι
761 1225 1051 1294 Μακάριοι
1079 1228 1133 1278 οὶ
1166 1216 1551 1292 εἰρηνοποιοί.
1594 1239 1610 1270 i

309 1343 452 1407 Τοὺς
483 1339 864 1414 εἰρηνοποιοὺς
903 1343 933 1394 ὁ
962 1338 1153 1410 Σωτὴρ
1186 1337 1518 1408 ἐμακάρισε,
1554 1336 1648 1388 καὶ
1680 1335 1828 1394 υιοὺς

235 1434 609 1503 ἐπηγγείλατο
648 1431 783 1485 Θεοῦ
817 1428 1073 1499 γενέσθαι
1125 1427 1239 1499 (46}
1261 1444 1274 1457 '
1309 1429 1438 1490 τοὺς
1483 1425 1700 1495 στρῶσον
1730 1424 1828 1492 μὲν

235 1531 297 1579 ἐν
326 1528 542 1588 ἑαυτοῖς
589 1523 1003 1595 είρηνεύοντας,
1050 1523 1143 1575 καὶ
1197 1521 1272 1592 μὴ
1323 1515 1826 1581 διαστασιάζοντας,

233 1614 378 1668 ἀλλά
424 1615 514 1666 τὸν
567 1613 831 1684 ἐμφύλιον
886 1613 1121 1682 πόλεμον
1181 1609 1591 1671 καταλύοντας,
1648 1606 1727 1677 τῷ
1770 1607 1830 1659 τδ

238 1705 403 1775 σῶμα
435 1703 510 1773 τῷ
541 1703 815 1772 πνεύματι
845 1697 1190 1762 ὑποτάττειν,
1217 1701 1312 1752 καὶ
1341 1697 1553 1753 πείθειν
1583 1697 1641 1750 τὸ
1672 1696 1830 1749 ἔλατ-

234 1804 329 1847 Ιιον
364 1793 444 1863 τῷ
479 1793 749 1863 κρείττονι
789 1790 1082 1853 δουλεύειν,
1115 1787 1360 1842 δουλείαν
1400 1787 1581 1858 πάσης
1615 1785 1832 1839 ἐλευθε-

239 1887 366 1958 ρίας
398 1886 494 1938 καὶ
527 1884 803 1954 βασιλείας
835 1883 1044 1952 ἀμείνω
1068 1898 1079 1910 ⁸
1120 1882 1312 1933 ἔπειτα
1363 1879 1460 1932 καὶ
1487 1880 1600 1940 τοῖς
1650 1877 1833 1938 ἄλλοις

235 1980 350 2041 τοῖς
376 1995 436 2030 τε
466 1979 598 2047 πρὸς
633 1976 860 2036 ἑαυτοὺς
898 1977 1008 2038 τοῖς
1037 1988 1098 2026 τε
1137 1975 1274 2043 πρὸς
1297 1972 1563 2042 ἀλλήλους
1604 1969 1832 2023 στασιά-

236 2069 426 2131 ζουσιν
460 2069 688 2138 εἰρήνην
745 2065 1134 2137 βραϐεύοντας.
1175 2065 1292 2116 Οὐκ
1327 2064 1394 2116 ἂν
1438 2063 1496 2115 δέ
1550 2078 1635 2124 τις
1689 2059 1837 2129 ἀλλῳ

239 2161 619 2231 πρυτανεῦσαι
647 2160 855 2222 δίκαιος
884 2157 950 2211 ἂν
990 2159 1096 2228 εἴη,
1134 2153 1161 2208 ὃ
1197 2155 1270 2225 μὴ
1312 2154 1474 2217 αὐτὸς
1503 2154 1636 2225 ἔχει.
1672 2150 1837 2204 Ὅθεν

237 2254 333 2306 καὶ
361 2252 574 2322 ἄγαμαι
600 2253 699 2321 τῆς
726 2251 877 2313 θείας
907 2247 1322 2319 φιλανθρωπίας
1361 2245 1462 2316 τὴν
1493 2243 1838 2314 ἀνυπέρϐλη-

239 2361 334 2398 τον
371 2344 708 2414 φιλοτιμίαν,
741 2343 824 2396 ὅτι
857 2342 952 2405 τὰς
981 2339 1196 2408 ἀγαθὰς
1225 2337 1553 2400 ἀντιδόσεις,
1581 2337 1642 2389 ού
1677 2337 1838 2406 μόνον

239 2435 432 2498 πόνοις
479 2437 574 2489 καὶ
628 2432 888 2504 ἱδρῶσιν,
927 2432 1065 2484 ἀλλὰ
1103 2431 1201 2484 καὶ
1253 2429 1583 2492 εὐπαθείαις
1633 2427 1837 2498 τρόπον

238 2523 366 2577 τινὰ
401 2525 511 2594 (47)
558 2524 772 2593 ὀρέγειν
820 2523 1188 2591 ὑπισχνεῖται,
1221 2521 1276 2573 εί
1295 2533 1363 2589 γε·
1398 2522 1431 2592 ἡ
1469 2519 1682 2589 κορυφὴ
1732 2518 1838 2571 τῶν

237 2617 645 2688 εὐφραινόντων
668 2616 702 2684 ἡ
729 2615 920 2683 εἰρήνη
949 2615 1118 2678 ἐστὶν,
1147 2606 1216 2684 ἦς
1246 2612 1518 2684 ἀπούσης,
1549 2611 1704 2665 οὐδὲν
1727 2610 1834 2664 τῶν

239 2710 322 2772 εἰς
357 2707 628 2778 θυμηδίαν
659 2708 901 2776 ἡκόντων
936 2703 1167 2774 ἰσχύσει,
1202 2703 1448 2774 πολέμου
1479 2703 1581 2774 τήν
1611 2704 1836 2774 εἰρήνην

240 2796 714 2861 κατασῆεννύντος
751 2814 762 2828 ·
804 2794 863 2850 εὖ
898 2797 954 2850 δὲ
986 2796 1082 2849 καὶ
1127 2796 1313 2866 φάναι,
1356 2797 1508 2858 υἱοὺς
1547 2793 1684 2848 Θεοῦ
1714 2793 1841 2863 κλη-

239 2891 504 2962 θήσεσθαι
529 2892 653 2953 τοὺς
697 2887 1072 2959 είρηνοποιούς
1098 2903 1110 2915 ·
1141 2886 1233 2940 καὶ
1284 2887 1344 2940 τὸ
1393 2885 1628 2939 ἔπαθλον
1663 2887 1839 2939 ὲκεῐνο

237 2984 419 3051 τούτῳ
443 2982 521 3052 τῷ
551 2982 699 3050 ἀθλῳ
729 2979 1220 3049 ἀπονενεμηκέναι.
1268 2977 1490 3049 Ἐπειδὴ
1520 2980 1630 3050 γὰρ
1651 2978 1835 3044 alit-3;,

239 3072 469 3142 γνήσιος
515 3070 592 3123 ὢν
629 3071 761 3131 Υἱὸς
787 3112 801 3135 ,
857 3069 1238 3139 είρηνοποίησε
1274 3068 1342 3120 τὰ
1372 3068 1550 3120 πάντα
1580 3109 1594 3134 ,
1626 3068 1686 3120 τὸ
1739 3069 1837 3138 μὲν

241 3163 404 3232 σῶμα
439 3164 775 3233 ὁρμητήριον
827 3161 928 3229 τῆς
971 3160 1174 3230 ἀρετῆς
1221 3160 1509 3230 ἀποφήνας
1540 3197 1556 3221 ,
1604 3161 1730 3222 τοὺς
1781 3159 1838 3212 δὲ

2224 1123 2458 1180 CLXIX.
2477 1157 2538 1168 -
2559 1120 2842 1179 ISlDORO
2901 1116 3256 1176 El'lSCOPO.

2280 1216 2350 1271 In
2383 1209 2542 1283 illud,
2606 1234 2623 1268 ι
2661 1214 2812 1272 Beati
2841 1213 3052 1283 paciﬁci
3084 1212 3124 1268 ³.
3158 1232 3176 1265 ι

2010 1327 2278 1384 Paciﬁcos
2306 1328 2495 1384 beatos
2513 1328 2833 1398 praedicavit
2877 1324 3152 1391 Salvator,
3183 1334 3236 1382 et
3261 1321 3407 1383 ﬁlios
3438 1318 3530 1380 Dei

1939 1419 2154 1477 futuros
2180 1415 2303 1476 esse
2341 1421 2596 1492 promisit
2625 1437 2639 1477 :
2672 1421 2763 1490 qui
2793 1421 2970 1490 primo
2997 1420 3216 1491 quidem
3249 1412 3302 1474 in
3328 1429 3538 1475 semet.

1940 1515 2075 1571 iosis
2126 1528 2315 1583 pacem
2373 1513 2586 1577 colunt,
2636 1527 2738 1567 nec
2790 1511 3044 1567 laborant
3105 1511 3399 1575 seditione,
3436 1499 3534 1566 sed

1940 1603 2139 1660 bellum
2171 1605 2326 1674 quasi
2387 1605 2548 1660 civile
2599 1613 2655 1658 et
2707 1605 3027 1658 intestinum
3087 1595 3372 1667 dirimunt,
3407 1594 3534 1657 dum

1941 1705 2138 1764 corpus
2164 1693 2379 1765 spiritui
2418 1692 2739 1762 subjiciunt.
2770 1699 2824 1748 et
2858 1694 3068 1763 partem
3103 1693 3185 1748 sui
3218 1685 3538 1747 inferiorem

1939 1799 2005 1838 eo
2035 1784 2335 1850 adducunt,
2391 1795 2452 1836 ut
2505 1783 2878 1854 praestantiori
2937 1784 3146 1838 serviat
3210 1784 3537 1838 servitutem

1943 1873 2133 1944 quavis
2190 1875 2464 1942 libertate,
2499 1878 2742 1947 adeoque
2795 1887 2849 1934 et
2905 1887 3075 1948 regno
3102 1876 3322 1944 quovis,
3356 1874 3536 1946 potio-

1941 1974 2052 2021 rem
2083 1985 2096 2020 :
2125 1967 2342 2033 deinde,
2375 1967 2465 2038 qui
2495 1968 2616 2024 aliis
2647 1983 2888 2040 quoque,
2926 1968 3004 2024 vel
3027 1978 3215 2023 sc'eum
3269 1969 3404 2037 ipsis
3448 1962 3536 2021 vel

1941 2072 2062 2113 cum
2099 2058 2220 2114 aliis
2249 2059 2638 2116 dissidentibus
2683 2062 2832 2131 pacis
2891 2069 3020 2116 sunt
3056 2069 3331 2116 auctores.
3365 2049 3538 2114 Nemo

1942 2160 2124 2205 autem
2177 2150 2246 2204 ad
2293 2149 2346 2205 id
2404 2151 2563 2205 alteri
2621 2149 3024 2207 conciliandum
3077 2151 3305 2207 idoneas
3352 2141 3535 2212 fuerit,

1939 2243 2084 2312 quod
2112 2243 2230 2313 ipse
2267 2257 2372 2298 non
2399 2242 2763 2300 liabet.Unde
2799 2243 2858 2300 lit
2908 2243 3074 2299 etiam
3125 2253 3184 2297 ut
3209 2245 3536 2298 immensam

1941 2336 2139 2391 divinae
2164 2337 2426 2393 bonitatis
2479 2340 2587 2392 vim
2646 2335 2906 2405 demirer,
2936 2351 3057 2408 qua:
3093 2335 3264 2391 bonas
3299 2337 3540 2393 retribu-

1944 2430 2118 2486 tiones
2182 2445 2288 2485 non
2351 2439 2562 2486 tantum
2629 2431 2908 2486 laboribus
2954 2441 3019 2486 ae
3069 2431 3384 2495 sudaribus,
3439 2431 3538 2486 sed

1941 2521 2347 2590 quodammodo
2419 2524 2584 2577 etiam
2672 2521 3042 2592 voluptatibus
3101 2535 3223 2576 sese
3280 2523 3534 2577 daturam

1940 2612 2246 2682 pollicetur,
2267 2613 2312 2667 si
2341 2613 2563 2683 quidem
2597 2613 2874 2683 fastigium
2915 2627 3096 2669 rerum
3134 2612 3538 2668 delectabilium

1940 2705 2184 2759 omnium
2216 2717 2320 2774 pax
2363 2704 2606 2760 continet
2641 2722 2654 2759 :
2689 2719 2796 2775 qua
2855 2704 3104 2766 absente,
3165 2703 3296 2758 niliil
3375 2702 3540 2772 quid-

1942 2811 2104 2866 quam
2159 2811 2350 2851 eorum
2381 2796 2601 2862 valebit,
2636 2811 2760 2867 qua
2801 2797 2871 2851 ad
2911 2796 3158 2851 animum
3216 2795 3540 2850 demulcen-

1942 2889 2069 2943 dum
2101 2898 2229 2943 sunt
2261 2889 2762 2959 comparatamello
2803 2889 3054 2944 videlicet
3099 2900 3291 2959 pacem
3321 2890 3534 2943 exstin-

1940 2989 2161 3050 gueute.
2196 2980 2303 3036 Sed
2333 2991 2386 3036 et
2414 2983 2514 3036 hoc
2544 2981 2769 3051 pulchre
2817 2991 2979 3052 atque
3010 2983 3279 3038 concinne
3325 2983 3535 3037 dictum

1942 3086 2062 3127 esse
2087 3073 2387 3140 putandum
2419 3083 2523 3139 est,
2579 3074 2720 3128 lilios
2751 3075 2840 3128 Dei
2873 3082 3122 3128 vocatum
3153 3074 3215 3127 iri
3245 3072 3538 3142 paciﬁcos:

1942 3164 2194 3233 quodque
2221 3165 2350 3219 illud
2379 3165 2658 3234 praemium
2690 3164 3118 3220 buiccertaminl
3145 3167 3217 3219 sit
3251 3164 3538 3222 tributum.

237 3258 333 3310 δύο
355 3257 569 3329 (48)τόν
588 3274 646 3308 τε
669 3258 726 3322 ἐξ
743 3256 1012 3308 Ἰουδαίων
1036 3255 1236 3307 καὶτὸν
1258 3254 1317 3318 ἐξ
1347 3254 1519 3307 ἐθνῶν
1541 3271 1835 3307 πεπιστευ-

1943 3255 2076 3310 Cum
2106 3256 2252 3310 enim
2279 3256 2415 3326 ipse,
2450 3265 2509 3310 ut
2539 3257 2628 3325 qui
2649 3258 2916 3338 genuinus
2935 3258 3006 3311 sit
3032 3254 3224 3322 Filius,
3245 3256 3312 3310 ad
3348 3271 3540 3326 pacem

238 3350 406 3411 κότας
435 3350 626 3412 κτίσας
656 3350 736 3410 εἰς
760 3349 857 3401 ἕνα
883 3347 1066 3400 καινὸν
1094 3346 1382 3417 ἄνθρωπον
1401 3364 1413 3379 ·
1433 3347 1502 3400 τά
1525 3363 1584 3398 τε
1613 3346 1839 3418 οὐράνια

240 3443 358 3502 τοῖς
409 3440 675 3508 ἐπιγείοις
723 3438 1010 3507 συνάψας,
1049 3437 1278 3501 εἰκότως
1321 3439 1448 3501 τοὺς
1490 3438 1556 3491 τὰ
1592 3437 1733 3490 αὑτὰ
1762 3439 1837 3503 ὡς

238 3532 514 3601 ἐνδέχεται
551 3530 856 3594 ποιοῦντας,
884 3531 980 3598 τῆς
1011 3530 1186 3598 αὐτῆς
1221 3530 1625 3600 ἀξιωθήσεσθαι
1657 3548 1834 3601 προσ-

235 3623 472 3692 ηγορίας
518 3623 617 3692 ἔφη
645 3661 659 3683 ,
723 3623 816 3674 καὶ
869 3623 948 3684 είς
993 3622 1090 3693 τὴν
1133 3624 1233 3692 τῆς
1266 3621 1540 3684 υἱοθεσίας
1591 3623 1835 3688 εἰσποιη-

239 3715 506 3785 θήσεσοαι
560 3715 736 3778 ἀξίαν,
782 3714 905 3784 ἥτις
938 3716 1085 3766 ἐστὶν
1129 3717 1156 3765 ὀ
1192 3715 1494 3784 ἀκρότατος
1525 3715 1623 3784 τῆς
1659 3732 1836 3784 μακα-

240 3809 494 3878 ριότητος
526 3808 672 3876 ὄρος.

1943 3346 2313 3414 composuerit
2348 3346 2553 3411 omnia,
2583 3329 2709 3400 dum
2736 3357 2790 3400 et
2818 3359 3017 3417 corpus
3070 3346 3305 3400 reddidit
3350 3347 3541 3402 virtuti

1945 3451 2174 3505 pronum
2203 3447 2366 3507 atque
2423 3439 2703 3503 obediens,
2739 3449 2793 3492 et
2833 3439 3060 3510 populos
3107 3441 3266 3504 duos,
3304 3439 3420 3510 qui,
3450 3441 3534 3494 in-

1948 3543 2135 3598 quam,
2171 3531 2445 3584 etJud;eis
2479 3532 2688 3600 pariter
2736 3547 2800 3587 ac
2849 3533 3106 3601 gentibus
3158 3533 3539 3597 crediderunt,

1949 3625 2001 3678 in
2042 3639 2210 3678 unum
2274 3639 2476 3678 novum
2540 3625 2815 3681 hominem
2865 3625 3133 3692 condidit,
3192 3635 3247 3680 et
3300 3625 3543 3696 denique

1946 3715 2185 3769 cmlestia
2222 3715 2455 3770 terrenis
2511 3717 2956 3784 compaginavit:
2998 3727 3144 3772 recte
3185 3715 3344 3787 511
3380 3728 3545 3787 atque

1944 3806 2138 3860 ordine
2167 3805 2319 3872 fecit,
2347 3807 2492 3874 quod
2529 3808 2741 3870 eadem,
2767 3819 3027 3876 quantum
3066 3809 3283 3878 quidem
3332 3810 3384 3862 iu
3411 3809 3543 3879 ipsis

238 3909 351 3960 est,
382 3909 719 3966 pt'.t!Sl:tnle.s,
758 3899 945 3952 eadem
1011 3913 1225 3966 quoque
1284 3897 1666 3968 appellationis
1727 3899 1992 3966 dignitate
2063 3898 2406 3954 decorandos
2448 3899 2844 3969 pronuntiavit,
2883 3909 2940 3957 et
2992 3901 3046 3956 in
3106 3900 3387 3958 ﬁliationis
3441 3903 3540 3956 Ιιο-

239 4005 428 4044 norem
457 3989 788 4057 cooptandus
831 4003 845 4040 :

526 4102 646 4154 PO'.
684 4131 755 4140 —
786 4101 1036 4172 ΖΩΣΙΜῼ
1075 4101 1550 4172 ΠΡΕΣΒΥΤΕΡῼ.

240 4194 438 4248 Ποίων·
483 4191 1171 4316 ἁμαρτημάτωνθᾶρείζιν
1225 4191 1429 4246 ἐδίδου
1458 4195 1490 4245 ό
1518 4193 1704 4263 νόμος
1742 4193 1838 4248 διὰ

963 4275 1174 4315 υσιων.

963 4275 1174 4315 υσιων.

314 4375 435 4428 Τῶν
469 4374 566 4444 μὲν
597 4373 900 4428 δοκούντων
943 4369 1081 4427 εἶναι
1122 4375 1563 4446 ἁμαρτημάτων,
1603 4379 1631 4428 ό
1675 4377 1839 4448 νόμος

239 4470 459 4538 ἄφεσιν,
480 4466 511 4534 ἦ
534 4465 620 4519 διὰ
649 4467 868 4531 θυσιῶν,
896 4469 926 4537 ἣ
955 4468 1019 4519 δι’
1045 4468 1492 4540 ὲ).εημοσύνης,ἢ
1526 4469 1611 4524 διὰ
1636 4471 1844 4543 καθαρ-

893 3991 982 4058 qui
1016 4004 1303 4056 supremus
1368 4000 1453 4044 est
1513 3991 1868 4045 beatitudinis
1913 3990 2204 4045 terminus.

2187 4102 2399 4158 CLXX.
2423 4135 2489 4146 -
2512 4104 2766 4163 ZOSlMO
2813 4099 3301 4164 PRESBYTERO.

1950 4193 2203 4260 Qualium
2262 4207 2598 4267 peccatorum
2659 4201 3017 4272 remissionem
3084 4199 3286 4255 dederit
3333 4203 3416 4256 lea:
3451 4221 3545 4272 per

2603 4266 2892 4337 sacriﬁcia.

2014 4380 2404 4448 Appareutiuui
2467 4383 2686 4452 quidem
2753 4393 3098 4454 peccaturum
3162 4386 3545 4443 remissidnem

1947 4471 2032 4525 lex
2065 4474 2148 4526 vel
2190 4490 2285 4543 per
2315 4477 2584 4530 sacrilicia
2622 4487 2674 4531 et
2721 4478 2994 4543 victimas,
3033 4479 3114 4534 vel
3162 4495 3258 4548 per
3310 4480 3548 4535 eleemo-

242 4558 397 4620 σίων,
433 4559 662 4627 παρεῖχε
685 4572 696 4586 ·
729 4559 835 4609 τῶν
864 4557 918 4610 δὲ
954 4559 1124 4611 ὄντων
1161 4559 1300 4628 οὐχί.
1339 4561 1420 4614 Τὰ
1449 4560 1559 4631 γὰρ
1590 4565 1834 4631 συγγνώ-

1949 4579 2161 4635 synam,
2223 4568 2304 4621 vel
2362 4583 2456 4636 per
2522 4569 2872 4626 lustrationes
2930 4572 3203 4642 praebebat
3240 4592 3252 4626 :
3293 4587 3547 4636 verorum

243 4666 354 4719 μης
393 4649 639 4716 μείζονα,
668 4648 995 4712 κατεδίκαζε
1029 4648 1265 4718 θανάτῳ.
1303 4651 1690 4705 Καταλύεσοαι
1724 4656 1832 4723 (49)

239 4741 352 4809 γὰρ
383 4741 542 4792 παντὶ
589 4741 777 4810 τρόπῳ
802 4742 951 4802 τοὶς
983 4739 1151 4793 ταῦτα
1175 4741 1419 4809 δρῶντας
1449 4744 1834 4813 προσέταττεν,

240 4831 342 4901 οὐχ
375 4831 460 4883 ἵνα
496 4831 563 4883 τὰ
595 4831 733 4884 αὐτὰ
758 4830 975 4901 δρῶμεν
1003 4848 1016 4862 °
1048 4831 1226 4885 λαθὼν
1263 4833 1372 4903 (50)
1412 4834 1466 4886 δὲ
1495 4835 1642 4888 λίΟον
1676 4839 1836 4889 ἀκον-

241 4923 392 4976 τίσαι
434 4923 576 4975 κατὰ
612 4921 705 4976 τοῦ
744 4921 963 4985 ἁλόντος
988 4939 1000 4953 ·
1055 4923 1169 4974 ἀλλ’
1208 4923 1294 4976 ἵνα
1334 4927 1381 4977 οί
1412 4924 1518 4977 τῶν
1551 4927 1835 4994 ἀσυγγνώ-

319 5079 341 5112 ⁸
370 5079 562 5134 liattli.
602 5094 657 5144 ν,
691 5079 744 5132 9.

1946 4661 2124 4708 autem
2184 4670 2287 4707 non
2342 4657 2494 4710 item.
2529 4656 2663 4711 Nam
2729 4662 2884 4713 venia
2930 4659 3139 4728 majora
3203 4671 3378 4717 morte
3417 4677 3550 4717 cou-

1944 4747 2255 4801 demnabat.
2300 4749 2532 4803 Ouinino
2556 4749 2697 4803 enim
2730 4768 2822 4805 eos
2855 4753 2945 4821 qui
2971 4753 3096 4807 talia
3127 4754 3540 4824 perpetrabant,

1943 4840 2008 4892 de
2038 4840 2216 4894 medio
2256 4842 2366 4921 tolli
2415 4854 2579 4912 atque
2636 4843 2838 4899 aboleri
2903 4846 3254 4916 praecipiebat
3292 4866 3305 4901 :
3343 4863 3448 4902 non
3490 4858 3550 4901 ut

1949 4929 2137 4984 eadem
2172 4929 2456 5000 faciamus,
2489 4934 2645 5004 quasi
2671 4935 2976 4990 clanculum
3008 4937 3090 4990 lex
3139 4937 3376 5005 lapidem
3410 4952 3547 4993 con-

1377 5199 1612 5261 νΑιιιιΕ
1655 5201 2044 5265 LECTIONES
2086 5210 2173 5265 ET
2205 5207 2437 5268 NOTAE.

315 5361 557 5434 (Μὴ-[ΤΟ
614 5357 867 5428 γενέσθαι
925 5360 1063 5415 idem
1135 5363 1255 5416 cod.
1317 5362 1507 5416 seribit
1578 5362 1846 5434 κληθήσε-

247 5432 389 5488 σθαι.
431 5432 642 5487 Possm.

318 5503 430 5573 (47)
466 5503 607 5575 [nter
633 5501 755 5554 τινὰ
783 5510 836 5555 et
856 5501 1075 5575 ὀρέγειν
1110 5502 1303 5557 inserit
1339 5503 1502 5575 idem,
1547 5505 1654 5575 xa't
1702 5505 1842 5575 θυμ-

241 5571 442 5643 ηδίαις.
480 5571 631 5626 Vers.
657 5582 778 5640 post
806 5575 860 5637 ‘2,
890 5571 1108 5643 ίσχύσει
1136 5581 1309 5643 mutat
1345 5574 1395 5626 in
1437 5574 1634 5643 ἰσχύει.
1677 5571 1844 5629 Paulo

244 5642 369 5709 past
398 5659 492 5712 pro
524 5644 748 5713 εἰρήνην
780 5642 984 5698 scribit
1018 5642 1379 5715 εὐφροσύνην.
1412 5642 1566 5699 Vet's.
1612 5660 1729 5715 seq.
1767 5647 1845 5699 iu-

249 5725 332 5767 trr
363 5715 456 5766 καὶ
489 5721 540 5764 ct
572 5719 763 5778 φάναι,
796 5715 1076 5769 interserit
1107 5718 1184 5766 τό.
1219 5713 1293 5767 ln.

320 5785 434 5855 (48)
469 5783 613 5856 Τοὺς
640 5783 707 5834 δὲ
746 5781 875 5840 δύο.
909 5785 971 5839 F.
1008 5787 1157 5841 deest
1191 5785 1374 5852 λαοὺς,
1429 5789 1530 5844 nisi
1561 5802 1658 5856 pro
1710 5791 1837 5850 τοὺς

253 5853 350 5926 gas
377 5853 560 5916 λαούς.
587 5855 751 5910 lltrr.

2032 5367 2142 5436 (’59)
2185 5367 2319 5422 Cod.
2354 5367 2480 5425 Vat.
2515 5368 2884 5426 καταλύεσθαι
2925 5378 3094 5427 mutat
3163 5369 3214 5428 in
3250 5375 3551 5430 καταλεύεε

1952 5437 2095 5490 σθαι.
2128 5439 2338 5493 Possm.

2027 5510 2137 5579 (50)
2161 5509 2269 5584 ΔΡιό
2296 5510 2642 5584 λαθὼνίιίειη
2669 5512 2857 5567 scribit
2885 5513 3187 5581 λανθάνων,
3209 5524 3262 5570 et
3283 5532 3378 5584 pro
3397 5519 3552 5571 ιΞικον⁴

1950 5580 2121 5652 τίσαι,
2148 5581 2445 5652 ἀκοντίζει.
2483 5582 2635 5636 Vers.
2683 5594 2805 5652 post
2839 5585 2873 5637 2
2896 5624 2908 5647 ,
2939 5580 3243 5638 πταιόντων
3283 5580 3465 5640 inutat
3495 5592 3548 5642 in

1951 5650 2208 5704 ἁλόντων.
2244 5650 2398 5726 Yers.
2435 5653 2640 5726 penult.
2672 5650 2757 5721 ep.
2798 5667 2918 5724 post
2949 5655 3279 5710 καταλιθοῦν
3311 5673 3431 5726 qua:
3463 5673 3553 5710 se;

1949 5731 2193 5788 quuntur
2214 5724 2279 5794 ad
2317 5721 2478 5777 linem
2527 5724 2606 5778 sic
2636 5721 2858 5780 exhibet
2906 5727 3047 5782 idem
3080 5729 3225 5794 cod.,
3279 5721 3368 5780 τδν
3400 5728 3550 5781 ὲλάτο

1947 5809 2062 5844 τονι
2099 5791 2402 5862 πταίσματι
2446 5794 2789 5866 φωραθέντα.
2822 5797 2898 5851 lt).
