4150 6450
712 367 844 430 1263

1871 359 1932 418 S.
1977 355 2271 418 ISIDORI
2306 354 2742 418 PELUSIOTE

3817 357 3949 422 1264

706 497 785 537 ira
813 480 1209 551 deprehensum
1250 475 1303 533 in
1340 476 1606 547 ejusmodi
1661 484 1884 546 peccato
1931 475 2266 546 projecisset,

2376 489 2514 527 στων
2546 472 2906 543 πταισμάτων
2933 471 3345 544 καθαρεύοντες,
3377 472 3474 544 τὴν
3500 475 3772 544 τιμωρίαν
3809 477 3948 531 κατὰ

701 573 794 629 sed
831 579 888 625 ut
952 569 1031 623 illi
1093 569 1183 640 qui
1231 583 1263 623 ιι
1321 567 1556 639 peccatis
1611 567 1765 623 venia
1816 567 2053 636 indignis
2105 576 2264 634 atque

700 660 1004 717 carentibus
1026 659 1210 714 mundi
1267 668 1323 715 et
1363 660 1631 713 immunes
1689 665 1894 721 essent,
1941 654 2264 725 supplicium

698 753 804 809 illis
825 752 918 820 qui
950 759 1265 822 peccarunt,
1288 750 1616 819 irrogarent.
1649 746 1744 803 Est
1771 748 1915 803 enim
1941 743 2266 800 absurdissi-

697 857 843 898 mum
874 851 924 897 et
943 841 1341 911 gravissimum,
1362 854 1459 896 eos
1487 839 1726 908 quidem,
1755 839 1846 909 qui
1881 839 2034 906 longe
2061 837 2264 906 majora

2368 563 2479 616 τῶν
2518 564 2818 618 πταιόντων
2850 563 3195 635 άποερέροιεν.
3252 565 3619 619 Ἀτοπὼτατον
3690 568 3800 639 γάρ
3834 570 3920 621 ἔστ

2373 656 2472 710 καὶ
2499 655 2619 710 λίαν
2639 657 2965 721 δεινότατον,
2992 659 3116 720 τοὺς
3152 656 3372 729 μείζονα
3401 657 3629 721 πολλοὺς
3658 657 3948 721 πταίοντας

2374 748 2496 818 μὲν,
2554 749 2916 812 λανθάνοντας
2947 747 3003 802 δὲ
3028 789 3043 814 ,
3090 751 3339 821 παρορᾷν
3363 766 3376 779 ⁶
3420 748 3741 804 ωταλιθοῦν
3769 751 3828 803 δὲ
3858 749 3947 802 τὸν

2372 839 2465 892 ἐπὶ
2493 839 2736 894 ἐλάττονι
2786 841 2884 911 μὲν
2915 839 3238 903 πταίσαντα,
3263 839 3586 912 φωραθέντα
3616 841 3695 895 δέ.

697 945 942 1005 peccant,
966 935 1058 991 sed
1130 933 1326 990 occulti
1394 934 1583 999 latent,
1651 932 1987 1003 negligenter
2049 932 2454 1001 transmittere;
2515 917 2794 1005 lapidibus
2855 944 3033 990 autem
3093 935 3325 990 obruere
3414 948 3538 990 eum
3587 934 3680 1010 qui
3749 933 3944 990 minori

697 1028 909 1097 quidem
966 1029 1020 1081 in
1062 1040 1120 1080 re
1172 1026 1354 1096 lapsus
1403 1035 1511 1093 est,
1536 1027 1631 1082 sed
1662 1026 2028 1094 deprehensus
2083 1025 2137 1077 in
2165 1023 2379 1080 delicto.

905 1141 1134 1197 CLXXI.
1157 1173 1224 1183 —
1241 1140 1497 1199 HEIlONl
1548 1141 2046 1197 SCHOLASTICO.

760 1253 876 1309 Non
903 1256 1074 1309 solum
1107 1270 1194 1321 ea,
1229 1271 1351 1325 quae
1375 1270 1481 1311 non
1513 1264 1640 1311 sunt
1679 1256 1732 1310 in
1759 1265 1942 1310 nostra
1968 1263 2254 1325 potestate,

582 1390 592 1401 .
694 1354 755 1400 ut
786 1355 864 1410 tu,
900 1345 980 1400 vir
1015 1345 1249 1414 sapiens,
1303 1344 1608 1416 arbitraris,
1632 1346 1726 1402 sed
1770 1361 1833 1401 ea
1879 1359 2091 1415 quoque
2124 1360 2260 1416 quo—

694 1452 812 1490 rum
834 1452 932 1492 nos
964 1451 1146 1490 sumus
1178 1435 1403 1500 domini,
1430 1436 1476 1491 si
1501 1451 1608 1491 non
1649 1450 1841 1507 magna
1896 1435 2082 1491 auxilii
2110 1436 2266 1506 copia

693 1529 850 1582 nobis
875 1542 906 1581 a
932 1526 1109 1582 divina
1137 1527 1474 1596 providentia
1503 1526 1777 1591 adveniat,
1814 1541 1917 1581 non
1961 1527 2264 1596 poterimus

694 1619 760 1673 ad
789 1617 1087 1688 perfectura
1126 1619 1286 1674 [luem
1354 1617 1667 1686 exitumque
1722 1619 2042 1688 perducere.
2067 1618 2260 1673 Aderit

2644 1144 2814 1199 POA’.
2844 1174 2912 1185 —
2952 1145 3158 1197 HPf-LNI
3202 1142 3653 1213 ΣΧΟΛΑΣΤΙΚῼ.

2441 1258 2514 1310 Οὐ
2547 1255 2708 1325 μόνον
2737 1259 2848 1318 τοῖς
2868 1257 2970 1309 οὐκ
3000 1255 3083 1323 ἐφ’
3119 1256 3269 1327 ἡμῖν,
3296 1247 3341 1307 ὦ
3371 1256 3521 1324 σοφὲ,
3554 1253 3627 1317 ὡς
3657 1256 3787 1324 ἡγῇ,
3814 1253 3946 1306 ἀλλὰ

2369 1348 2461 1401 καὶ
2488 1349 2546 1400 ὲν
2568 1348 2751 1410 αὐτοῖς
2779 1348 2866 1415 ἐφ’
2894 1349 2926 1415 ἡ
2937 1348 3050 1415 μίν,
3075 1346 3122 1398 εί
3162 1345 3235 1416 μὴ
3263 1344 3432 1415 πολλὴ
3467 1346 3598 1415 ἡμῖν
3797 1347 3947 1414 παρὰ

2367 1437 2465 1507 τῆς
2501 1435 2652 1499 Θείας
2681 1435 2940 1505 προνοίας
2972 1434 3340 1502 ἐπιφοιτήσει,
3372 1435 3472 1486 οὐκ
3506 1433 3568 1486 ἂν
3591 1431 3947 1502 δυνηθείημεν

2369 1525 2510 1581 αὐτὰ
2553 1527 2633 1588 είς
2665 1525 2815 1586 τέλος
2842 1524 3028 1595 ἄρτιον
3059 1522 3170 1592 (51)
3201 1523 3446 1592 ἀγαγεῖν.
3495 1520 3863 1593 Ἑπιφοιτησει
3892 1522 3944 1574 δὲ

2369 1617 2619 1677 πάντως,
2651 1619 2766 1678 τοῖς
2803 1616 2984 1668 πάντα
3017 1613 3086 1666 τὰ
3129 1615 3258 1683 παρ’
3292 1612 3498 1666 ἑαυτῶν
3532 1614 3659 1667 ἄνευ
3693 1613 3947 1681 σκήψεω;

693 1720 872 1765 autem
909 1711 962 1765 id
994 1721 1208 1780 praesto,
1234 1711 1454 1765 omnino
1486 1709 1551 1765 iis
1586 1709 2026 1781 liomiuibus,qui
2060 1712 2265 1782 absque

2369 1707 2700 1778 είσφέρουσι,
2729 1708 2822 1758 καὶ
2854 1706 3019 1776 μηδὲν
3048 1703 3530 1775 παραλιμπάνουσι
3561 1704 3667 1759 τῶν
3689 1707 3768 1768 είς
3792 1703 3948 1756 τοῦτο

693 1800 1142 1869 tergiversatione
1171 1813 1233 1852 ac
1256 1806 1523 1868 prmtextu
1550 1797 1660 1854 ullo
1715 1813 1777 1855 ea
1807 1813 1929 1868 qua:
1976 1814 2143 1868 penes
2204 1815 2264 1854 se

691 1903 816 1948 sunt
869 1892 1131 1958 inierunt,
1164 1893 1410 1962 nihilque
1465 1906 1672 1957 eorum,
1703 1907 1821 1962 quae
1854 1892 1920 1947 ad
1975 1888 2101 1947 illud
2160 1893 2263 1946 im-

695 1983 1015 2051 petrandum
1047 1983 1350 2037 conducere
1378 1983 1647 2049 videntur,
1674 1983 2111 2053 praetermittunt.
2129 1982 2262 2037 Nam

693 2071 903 2138 (divina
965 2071 1330 2143 providentia)
1379 2087 1496 2142 quae
1543 2089 1650 2128 non
1709 2073 1950 2130 volentes
1982 2074 2180 2130 excitat
2209 2084 2264 2129 et

2371 1801 2666 1871 φερόντων.
2733 1799 2796 1851 Ἦ
2843 1797 2952 1867 γὰρ
2999 1797 3124 1861 τοὺς
3171 1798 3244 1868 μὴ
3306 1796 3664 1868 βουλομένους
3716 1797 3943 1868 προτρέ-

2368 1907 2543 1944 πουσα
2563 1932 2578 1958 ,
2609 1890 2734 1954 τοὺς
2763 1889 3144 1960 βουλομένους,
3177 1890 3274 1943 καὶ
3299 1891 3478 1944 πάντα
3506 1889 3817 1954 ποιοῦντας,
3853 1890 3944 1942 καὶ

2369 1981 2953 2053 πραγματευομένους,
2982 1983 3198 2046 πάντως
3225 1985 3305 2047 είς
3327 1983 3498 2054 αὐτὴν
3523 1983 3632 2036 τῶν
3663 1983 3944 2053 κατορρω-

2375 2073 2560 2142 μάτων
2597 2073 2802 2126 ἀνοίσει
2828 2074 2928 2143 τὴν
2959 2077 3225 2146 κορυφήν.

689 2167 937 2222 hortatur
963 2173 1021 2218 ut
1048 2164 1231 2231 velint,
1270 2164 1516 2236 profecto
1551 2179 1666 2232 eos,
1696 2167 1785 2235 qui
1864 2168 2073 2232 volunt,
2127 2167 2418 2238 omniaque
2480 2166 2688 2222 faciunt
2738 2179 2792 2221 et
2845 2167 3078 2222 sollicite
3131 2175 3317 2238 agunt,
3386 2168 3607 2222 omnino
3660 2167 3712 2221 in
3769 2167 3945 2238 ipsum

691 2256 955 2326 prmelare
987 2252 1254 2308 factorum
1273 2253 1538 2310 subvebet
1562 2254 1860 2326 fastigium.

852 2366 1109 2424 CLXXII.
1129 2367 1565 2424 -ΕΜΙΙΛΑΝΟ
1612 2368 2088 2424 PRESBYTERO.

763 2481 878 2537 Non
905 2483 1096 2551 exigua
1119 2497 1185 2536 ex
1219 2482 1578 2536 maximorum
1607 2483 2255 2551 praeclarissimorumqne

693 2575 908 2628 virtutis
935 2587 1156 2642 operum
1189 2573 1702 2628 commemoratione
1727 2582 2010 2643 promanat
2033 2574 2260 2628 utilitas.

2555 2370 2722 2425 POB'.
2763 2400 2829 2410 -
2858 2337 3218 2441 ΑἰΜιΛιΑΝῼ
3246 2370 3726 2441 messorum.

2441 2481 2551 2552 (52)
2585 2481 2657 2534 Οὐ
2701 2480 2874 2551 μικρὰ
2903 2481 3013 2550 (55)
3043 2483 3107 2534 ὲκ
3129 2480 3237 2534 τῶν
3276 2479 3544 2551 μεγίστων
3575 2475 3937 2550 κατορθωμά-

2375 2588 2486 2626 των
2531 2572 2834 2642 διηγήσεως
2862 2572 3122 2640 ὠφέλεια.
3166 2572 3277 2634 Τὰς
3310 2569 3407 2640 μὲν
3451 2571 3560 2640 γὰρ
3593 2570 3940 2642 κοιμωμένας

693 2661 826 2716 Nam
845 2671 897 2717 et
929 2662 1261 2717 dormientes
1278 2662 1491 2717 animas
1516 2663 1584 2718 ad
1607 2664 1858 2719 virtutem
1880 2670 2260 2733 capessendam

2370 2664 2547 2734 ψυχὰς
2566 2663 2822 2733 διεγείρει
2856 2663 2992 2730 πρὸς
3030 2665 3234 2734 ἀρετήν
3253 2679 3266 2694 ·
3313 2662 3413 2725 τὰς
3439 2661 3497 2716 δὲ
3521 2661 3734 2732 νωθρὰς
3755 2660 3942 2725 ὀξυτέ-

696 2752 1015 2816 cxsuscitat-,
1057 2760 1112 2805 et
1173 2751 1397 2819 ignavas
1459 2765 1522 2806 ac
1575 2754 1834 2808 socordes
1918 2755 2263 2808 excitatiores

2375 2774 2473 2828 ρας
2533 2753 2990 2821 παρασκευάζει·
3043 2756 3145 2817 τὰς
3196 2754 3252 2807 δὲ
3305 2753 3506 2807 κακίαν
3559 2751 3941 2823 ἁσπαζομένας

698 2838 884 2902 cilicii,
934 2851 986 2892 et
1015 2839 1161 2893 vitiis
1197 2839 1534 2909 indulgentes
1561 2841 1887 2897 erubescere
1909 2842 2086 2906 docet,
2105 2851 2266 2911 atque

2371 2846 2635 2919 ὲρυθριᾷν
2679 2845 2950 2912 διδάσκει,
2992 2845 3086 2900 καὶ
3120 2848 3198 2909 είς
3241 2844 3525 2914 μετάνοιαν
3573 2843 3776 2914 ὁδηγεῖ.
3831 2845 3940 2896 Καὶ

694 2932 760 2986 ad
794 2930 1163 2999 paenitentiam
1193 2931 1453 2998 agendam
1485 2931 1727 2986 adducit.
1750 2932 1918 3001 idque
1971 2932 2263 2987 ostendens

2380 2939 2541 2992 τοῦτο
2592 2940 2620 2991 ὁ
2652 2937 2813 3006 σοφὸς
2860 2936 3072 3000 δεικνὺς
3103 2935 3514 3005 Παροιμιαστὴς
3545 2933 3666 3005 ἔφη·
3709 2953 3726 2985 ι
3759 2935 3941 3006 Κηρία

693 3021 913 3088 sapiens
945 3019 1033 3075 ille
1094 3018 1512 3075 Proverbiorum
1578 3022 1812 3092 scriptor
1861 3022 2040 3078 dixit:
2076 3041 2095 3075 ι
2130 3022 2259 3077 Favi

2369 3028 2582 3099 μέλιτος
2617 3027 2767 3095 λόγοι
2817 3026 2991 3081 καλοί.
3035 3048 3052 3078 ι
3089 3027 3304 3087 Καλοὺς
3341 3025 3506 3093 λέγει,
3541 3026 3665 3088 τοὺς
3688 3025 3816 3096 περὶ
3848 3025 3938 3078 εὖ.

696 3110 871 3165 mellis
898 3119 1026 3165 sunt
1074 3124 1353 3165 sermones
1406 3112 1617 3167 honesti
1647 3113 1689 3165 ’.
1722 3132 1742 3166 ι
1778 3110 2047 3170 lionestos
2107 3124 2260 3169 vocat

2369 3117 2580 3181 σεϐείας
2622 3120 2717 3172 καὶ
2758 3120 2960 3191 ἀρετῆς
2995 3118 3348 3188 κινουμένους
3370 3159 3384 3181 ,
3417 3118 3476 3170 οὐ
3507 3118 3632 3182 τοὺς
3665 3119 3940 3190 έπικτήτῳ

695 3215 806 3263 eos,
830 3201 918 3268 qui
949 3199 1013 3253 de
1040 3199 1241 3269 pietate
1267 3214 1330 3254 ac
1365 3201 1561 3256 virtute
1621 3202 1927 3269 habentur;
1961 3218 2066 3259 non
2113 3204 2257 3268 illos,

698 3289 788 3359 qui
836 3289 1070 3343 ascititia
1102 3290 1330 3358 quadam
1361 3301 1641 3347 venustate
1657 3308 1715 3348 se
1742 3296 2037 3360 venditant,
2064 3296 2156 3350 sed
2170 3298 2262 3364 qui

693 3394 757 3432 ex
789 3391 847 3432 se
868 3378 996 3446 ipsis
1027 3379 1182 3446 quasi
1207 3380 1363 3434 domo
1397 3379 1626 3436 aifcruut
1655 3381 1902 3437 veritatis
1955 3383 2262 3452 pulchritu-

694 3469 872 3521 dinem
906 3485 920 3520 :
953 3481 1057 3522 non
1104 3471 1196 3538 qui
1255 3476 1512 3538 tanquam
1557 3471 1610 3524 in
1657 3486 1821 3526 curru
1896 3472 2111 3540 poetico
2164 3481 2258 3527 aut

693 3559 929 3614 oratorio
953 3560 1245 3625 vehuntur,
1283 3559 1379 3615 sed
1429 3561 1553 3630 quia
1602 3563 1838 3616 nativam
1894 3573 2055 3632 atque
2084 3579 2112 3617 a
2145 3564 2255 3618 Deo

697 3649 874 3703 datam
913 3649 1216 3717 pedestrem
1268 3651 1514 3704 semitam
1564 3662 1763 3706 terunt.
1806 3651 1968 3723 512
2017 3654 2081 3708 Et
2132 3655 2262 3724 quid

700 3742 912 3797 tandem
966 3742 1091 3797 hinc
1149 3743 1288 3798 redit
1343 3743 1634 3799 utilitatis?
1665 3744 1797 3798 doce
1850 3759 2200 3814 nos,qua:so,
2231 3761 2262 3801 ο

699 3832 946 3902 Sapiens.
993 3851 1011 3885 ι
1043 3833 1275 3889 Dulcedo
1305 3845 1482 3889 autem
1510 3850 1697 3888 eorum
1733 3836 1979 3908 (inquit)
2005 3849 2086 3892 est
2107 3853 2263 3892 sana-

700 3923 773 3987 tio
803 3924 998 3977 aniium
1033 3924 1098 3976 ¹⁰.
1138 3943 1156 3975 ι
1193 3923 1456 3990 Quoniam
1507 3926 1668 3993 igitur
1699 3937 1912 3982 constat
1964 3930 2262 3998 priscorum

702 4013 975 4068 beininum
1004 4015 1260 4083 praeclara
1295 4016 1554 4081 facinora,
1591 4019 1637 4072 si
1669 4020 1875 4074 crebris
1924 4031 2264 4090 usurpentur

698 4105 1059 4169 sermonibus,
1082 4120 1183 4158 non
1220 4107 1466 4177 exiguam
1508 4123 1700 4175 parere
1757 4111 2044 4166 utilitatem
2078 4131 2094 4178 ;
2123 4113 2262 4166 assi-

2363 3213 2692 3281 κομμωτικῇ
2725 3210 3196 3280 σεμνυνομένους,
3232 3209 3369 3263 ἀλλά
3416 3210 3542 3272 τοὺς
3591 3208 3803 3262 οἴκοθεν
3839 3211 3938 3262 ἐπ-

2364 3300 2669 3372 αγομένους
2701 3302 2800 3372 τῆς
2832 3300 3091 3372 ἀληθείας
3127 3301 3188 3354 τὸ
3229 3300 3454 3364 κάλλος·
3491 3300 3552 3353 οὑ
3580 3302 3706 3362 τοὺς
3729 3299 3814 3368 ἐφ’
3839 3301 3938 3368 ἆρ-

2368 3409 2538 3462 ματος
2571 3392 2857 3460 ποιητικοῦ
2886 3393 2919 3463 ἢ
2955 3390 3247 3463 ῥητορικοῦ
3273 3391 3620 3460 ὀχουμένους,
3653 3389 3788 3443 ἀλλὰ
3814 3391 3938 3454 τοὺς

2364 3485 2466 3554 τὴν
2487 3484 2734 3555 ἔμφυτον
2777 3487 2871 3537 καὶ
2916 3483 3248 3556 θεοδώρητον
3281 3483 3454 3555 πεζὴν
3484 3483 3708 3552 πορείαν
3756 3501 3936 3538 croton-

2371 3575 2565 3645 μένους
2585 3592 2599 3606 ·
2630 3576 2723 3630 καὶ
2751 3576 2806 3630 τί
2831 3576 2894 3630 τὸ
2925 3575 3174 3630 ἐντεῦθεν
3202 3576 3429 3645 δφελοςς
3457 3575 3692 3640 Δίδαξον,
3715 3570 3758 3630 ὦ
3784 3577 3934 3645 σοφέ.

2374 3682 2394 3716 ι
2440 3665 2738 3736 Γλύκασμα
2771 3666 2827 3718 δὲ
2862 3664 3042 3719 αὐτῶν
3088 3665 3231 3728 ἴασις
3260 3664 3456 3736 ψυχῆς.
3503 3683 3520 3716 ι
3571 3666 3723 3718 Ἐπεὶ
3757 3665 3936 3719 τοίνυν

2369 3757 2427 3809 οὐ
2463 3756 2665 3826 μικρὰν
2692 3755 2872 3810 ὠδίνει
2903 3756 3001 3827 τὴν
3029 3756 3301 3823 ὠφέλειαν
3333 3756 3400 3808 τὰ
3434 3755 3544 3809 τῶν
3577 3757 3821 3810 παλαιῶν
3844 3758 3934 3808 άν-

2369 3845 2769 3916 δραγαθήματα
2798 3886 2811 3910 ,
2848 3845 3091 3917 συνεχῶς
3137 3846 3236 3909 τὰς
3295 3846 3500 3900 τούτων
3538 3847 3815 3917 ἀριστείας
3880 3849 3934 3898 ὲν

2372 3934 2650 4002 συλλόγοις
2685 3934 2779 3986 καὶ
2817 3934 3088 4003 διαλόγοις
3136 3935 3194 3986 ὲν
3231 3935 3380 4004 μέσῳ
3425 3935 3701 4005 φέρωμεν.
3761 3936 3932 3988 Πολλὰ

2368 4025 2476 4096 γάρ
2513 4026 2723 4095 ψυχικὰ
2764 4028 3044 4097 νοσήματα
3070 4070 3084 4092 ,
3118 4028 3216 4080 καὶ
3255 4027 3614 4093 λανθάνοντα,
3639 4030 3731 4082 καὶ
3763 4029 3893 4098 δῆλα
3916 4067 3928 4089 ,

2369 4116 2670 4187 Θεραπείας
2700 4120 3018 4189 προσφόρου
3051 4118 3318 4183 τεύξεται.

697 4196 800 4248 due
831 4196 1066 4263 ipsorum
1101 4199 1316 4267 egregia
1371 4198 1510 4254 facta
1543 4201 1595 4257 in
1628 4203 1860 4257 cmtibus
1889 4213 1942 4257 et
1973 4205 2258 4274 colloquiis
2299 4208 2350 4261 in
2381 4208 2618 4263 medium
2667 4209 3026 4275 proferamus.
3098 4208 3245 4262 Multi
3301 4207 3445 4262 enim
3483 4208 3654 4263 morbi
3725 4208 3928 4263 animo-

698 4307 836 4355 rum,
889 4301 993 4345 tam
1057 4293 1284 4347 latentes
1345 4311 1503 4364 quam
1559 4296 1851 4361 manifesti.
1914 4298 2040 4355 hinc
2090 4298 2414 4355 medicinam
2441 4301 2747 4370 appositam
2778 4309 2832 4355 et
2865 4299 3273 4355 convenientem
3302 4315 3721 4374 consequentur.

990 4401 1592 4461 CLXXlll.—liELl/E
1646 4408 1963 4464 DlACUNO.

753 4488 816 4542 In
845 4491 996 4555 illud,
1029 4510 1047 4543 ι
1086 4493 1334 4564 υίεμοηει
1363 4512 1623 4551 sernwues
1651 4515 1771 4552 suos
1797 4501 1846 4552 iu
1874 4500 2075 4567 judicio
2097 4501 2159 4554 “.
2195 4519 2213 4553 ι

774 4643 1186 4712 Sapientis-sitne
1215 4648 1314 4711 vir,
1338 4648 1427 4718 qui
1465 4649 1526 4702 ad
1575 4652 1804 4720 gratiam
1832 4653 2072 4719 laudant,
2106 4664 2159 4709 ct
2195 4659 2259 4708 ad

700 4737 879 4790 odium
915 4737 1223 4805 vituperant
1267 4741 1423 4804 alios,
1453 4757 1556 4796 non
1589 4751 1716 4798 sunt
1748 4745 1801 4799 in
1828 4745 2108 4801 hominum
2163 4763 2260 4802 nu-

701 4840 852 4880 mero
880 4825 1113 4882 habendi
1145 4845 1160 4881 :
1191 4828 1286 4884 sed
1315 4830 1413 4894 illi,
1443 4833 1533 4898 qui
1552 4843 1700 4888 certo
1724 4834 1929 4902 judicio
1968 4845 2022 4890 et
2078 4847 2264 4891 amant

701 4929 755 4974 ct
782 4920 1198 4988 reprehendunt.
1228 4920 1357 4988 Quae
1393 4937 1556 4977 causa
1592 4939 1806 4996 queque
1846 4937 1949 4994 est,
1975 4942 2074 4983 cur
2116 4928 2266 4983 Psal-

2751 4411 2916 4467 POI".
2948 4442 3020 4452 —
3047 4412 3215 4484 ΗΛΙᾼ
3245 4412 3559 4485 ΔιΑκοΝῼ.

2412 4496 2512 4564 Εἰς
2535 4499 2625 4566 τὸ,
2681 4517 2700 4550 ι
2741 4498 3134 4623 οἰκονομήσεῖ
3186 4499 3328 4566 τοὺς
3360 4502 3580 4570 λόγους
3615 4500 3800 4555 αὑτοῦ
3839 4503 3904 4555 ἐν

3027 4587 3099 4623 κο
3126 4585 3239 4623 σει.
3258 4596 3277 4623 ι

3027 4585 3239 4638 κρίσει.
3258 4596 3277 4629 ι

2436 4659 2512 4710 Οὐ
2536 4658 2638 4730 χρὴ
2661 4701 2675 4725 ,
2703 4653 2748 4714 ὦ
2801 4661 3101 4730 σοφώτατε,
3133 4650 3425 4732 τοὺξπρὸς
3457 4662 3616 4733 χάριν
3643 4663 3923 4716 ἐπαινοῖν-

2371 4765 2500 4815 τας,
2537 4752 2631 4804 καὶ
2666 4753 2801 4824 πρὸς
2839 4753 3136 4822 ἀπέχθειαν
3172 4753 3460 4823 ψέγοντας,
3497 4755 3575 4816 εἰς
3619 4753 3929 4825 ἀνθρώπους

2369 4841 2622 4912 ἀριθμεῖν
2646 4856 2660 4870 ·
2714 4841 2827 4895 ἀλλ’
2860 4843 3101 4907 ἐκείνους
3140 4843 3266 4905 τοὺς
3304 4844 3482 4914 κρίσει
3524 4845 3615 4896 καὶ
3653 4843 3929 4913 φιλοῦντας

2371 4935 2465 4986 καὶ
2491 4932 2837 5002 ἐλέγχοντας.
2881 4935 2973 4987 Διὸ
3002 4934 3096 4987 καὶ
3122 4936 3149 4988 ὁ
3174 4935 3425 5006 Μελῳδδς
3448 4936 3539 4989 τὸν
3569 4937 3777 4990 δίκαιον
3805 4937 3927 4990 ἁνα-

703 5023 909 5064 morum
971 5012 1202 5081 scriptor
1261 5014 1436 5067 virum
1492 5015 1700 5084 justum
1762 5018 2083 5086 praedicans,
2125 5021 2266 5074 inter

2371 5022 2699 5094 κηρὺττων,
2755 5023 2892 5094 μετὰ
2936 5025 3046 5077 τῶν
3086 5024 3262 5078 ἄλλων
3304 5026 3793 5097 πλεονεκτημάτων
3841 5029 3929 5080 καὶ

704 5098 805 5153 alia
831 5099 1025 5170 quibus
1043 5102 1278 5169 excellit,
1305 5105 1468 5161 etiam
1525 5107 1626 5163 boc
1665 5110 1918 5179 apposuit
1958 5110 2114 5182 eique
2171 5115 2266 5166 tri-

769 5261 792 5293 ’
815 5260 976 5318 Prov.
1007 5278 1117 5328 xvr,
1148 5262 1236 5318 24.
1313 5263 1356 5294 ¹⁹
1380 5262 1509 5318 ibid.
1589 5263 1630 5295 ¹¹
1664 5262 1803 5319 Psal.
1830 5280 1940 5330 οτι,
1966 5266 2019 5320 5.

2368 5115 2527 5166 τοῦτο
2561 5115 2900 5185 προσέθηκεν
2920 5133 2931 5144 ·
2968 5135 2985 5166 ι
3016 5117 3372 5192 Οἰκονομησει
3403 5119 3527 5182 τοὺς
3557 5118 3746 5187 λόγους
3771 5117 3929 5174 αὐτοῦ

1793 5417 2028 5473 γΑιιιΑε
2069 5418 2447 5477 LECTIONiiS
2483 5423 2567 5476 ΕΤ
2601 5422 2829 5477 NOTAE.

766 5575 876 5641 (5|)
910 5575 1125 5644 ’Λρτιον
1155 5588 1327 5633 mutat
1352 5578 1401 5632 in
1430 5578 1604 5632 αἴσιον
1630 5575 1748 5632 cod.
1789 5575 2033 5631 Vat.tia‘i0.
2062 5576 2267 5632 PuS<tN.

771 5645 881 5712 (5‘2)
914 5643 1107 5702 Confer
1141 5648 1440 5716 gnomicam
1468 5649 1793 5720 epigrapben
1825 5663 1911 5718 ep.
1946 5647 2045 5703 167
2072 5651 2164 5702 lib.
2203 5663 2266 5700 ιι.

700 5713 860 5767 Rtn‘.

2450 5579 2561 5656 (5'5)
2587 5577 2716 5656 Post
2744 5579 2802 5656 οθ
2838 5581 3008 5650 μικρὰ
3040 5581 3118 5637 sic
3149 5583 3340 5656 scribit
3370 5585 3547 5656 codex
3601 5583 3722 5638 Val.
3754 5581 3874 5656 650,
3901 5587 3931 5656 ἠ

2375 5649 2438 5701 ἐκ
2486 5652 2596 5725 τῆς
2637 5648 2959 5718 διηγήσεως,
2997 5661 3049 5708 et
3094 5667 3143 5708 γ.
3194 5654 3229 5709 2
3272 5655 3475 5710 omittit
3518 5670 3700 5712 vocem
3751 5648 3930 5725 διηγηξ

2375 5734 2528 5782 σεως.
2566 5717 2770 5776 Possm.
