4150 6484
239 465 378 533 1269

1145 461 1687 524 EBISTOLARUM
1717 462 1866 527 LIB.
1900 465 2332 533 lV.—,EPIST.
2367 463 2676 526 CLXXIX.

3405 453 3542 520 1270

235 590 289 644 οἱ
317 585 571 657 λογισμοὶ
623 581 1072 653 καταπτήξαντες
1103 579 1165 633 τὸ
1193 577 1536 651 παράστημα
1578 578 1826 650 τάνδρὸς,

1959 598 2133 638 :urona
2161 585 2466 654 praeditam,
2495 580 2590 635 sed
2620 576 2801 648 gladio
2826 575 3020 646 quavis
3039 589 3241 631 corona
3270 573 3540 630 illustrius

236 681 544 752 ἑστήκεσαν
575 674 725 746 αὐτῷ
758 673 1215 743 ὑποτεταγμένοι,
1250 671 1346 724 καὶ
1369 671 1668 742 τρέμοντες
1693 671 1832 741 μᾶλ-

235 773 330 826 λον
359 772 392 843 ἢ
426 768 651 841 βασιλέα
677 767 728 820 οἱ
757 764 1082 837 δορυφόροι·
1123 762 1403 834 βλέμματι
1434 762 1543 834 γὰρ
1584 760 1834 832 βλοσυρῷ

238 865 453 925 πάντας
502 857 868 914 κατέστειλεν.
935 856 994 908 ’0
1047 854 1105 907 δὲ
1158 855 1266 908 τῶν
1318 853 1569 924 ἀγγέλων
1626 852 1834 907 ἄνωθεν

238 955 532 1026 ἐπεκρότει
569 954 770 1023 δῆμοςο
827 947 923 1002 καὶ
953 949 981 999 ὁ
1025 947 1158 1010 Θεὸς
1210 947 1605 1017 ἀνεκήρυττεν.
1652 945 1716 998 El
1777 943 1834 997 δὲ

243 1046 426 1116 βούλει
471 1045 583 1116 (67)
626 1041 771 1095 τοῦτ’
826 1037 1026 1108 ἀληθὲς
1068 1037 1180 1108 (68)
1219 1039 1516 1105 σκοπῆσαι,
1580 1036 1689 1089 ἀπὸ
1726 1034 1834 1088 τῶν

241 1140 446 1205 ἔξωθεν
490 1136 650 1190 τοῦτο
679 1134 853 1204 θεάσῃ
895 1133 1260 1202 πραγμάτων.
1312 1130 1374 1182 El
1425 1129 1547 1199 γὰρ·
1598 1127 1833 1198 ἀθλητοῦ

242 1229 571 1299 νικήσαντος
607 1223 684 1297 μὴ
719 1219 898 1293 κήρυξ
951 1221 1199 1274 κάτωθεν
1231 1219 1429 1285 ἑστὼς,
1468 1218 1584 1270 ἀλλ’
1628 1217 1836 1272 ἄνωθεν

244 1320 563 1389 καθήμενος
607 1314 771 1379 αὐτὸς
812 1315 841 1366 ὁ
892 1312 1146 1383 βασιλεὺς
1186 1309 1424 1373 ἀναστὰς
1472 1308 1838 1380 άνακηρύξειε

243 1414 341 1465 τὸν
398 1407 850 1480 Ὀλυμπιονίκην,
891 1405 1013 1476 οὐχὶ
1041 1404 1151 1457 τῶν
1184 1403 1466 1471 στεφάνων
1500 1401 1649 1471 αὐτῷ
1679 1399 1839 1454 τοῦτο

245 1502 634 1575 λαμπρότερον
685 1494 827 1554 εἶναι
854 1496 980 1569 δόξῃ
1012 1496 1166 1568 (69);
1206 1493 1375 1565 Δῆλον
1418 1493 1622 1549 ἅπασίν
1668 1495 1836 1548 ἐστιν.

250 1597 424 1650 Ὅταν
467 1588 560 1647 οῦν
605 1591 680 1664 μὴ
717 1590 971 1662 βασιλεὺς
1003 1587 1217 1659 θνητὸς,
1251 1585 1365 1641 ἀλλ’
1399 1585 1560 1648 αὐτὸς
1588 1586 1617 1637 ό
1646 1583 1837 1650 ἀΐδιος,

247 1686 355 1740 οὐκ
379 1685 438 1738 ὲν
466 1685 680 1754 θεάτρῳ
712 1681 1041 1754 ἀνθρωπίνῳ
1080 1679 1194 1750 ΠΟ)
1234 1678 1416 1749 μόνον,
1451 1677 1587 1731 ἀλλὰ
1619 1678 1713 1730 καὶ⁵
1740 1678 1841 1745 ἀγ-

248 1775 426 1845 γέλων
463 1775 561 1829 καὶ
594 1771 963 1845 ἁρχαγγέλων
990 1769 1087 1825 καὶ
1116 1768 1225 1822 τῶν
1247 1768 1360 1823 ἄνω
1392 1766 1692 1838 δυνάμεων,
1716 1767 1845 1820 άναο

250 1868 519 1940 κηρύττει
570 1867 707 1940 (Ἡ),
756 1865 990 1936 λαμπρᾷ
1018 1865 1086 1933 τῇ
1123 1863 1285 1932 ’φωνῇ
1330 1859 1470 1931 βοῶν
1515 1859 1838 1931 οὐρανόθεν·

1938 677 2175 746 fulgente
2201 682 2492 730 armatam.
2511 672 2659 730 Unde
2678 671 2882 726 factum
2903 679 3005 734 est,
3026 680 3083 723 ιιι
3107 683 3297 724 omnes
3315 669 3536 738 quidem

1938 769 2383 825 ratiocinationes
2401 768 2657 823 humanae
2684 762 3074 833 obstupefacta;
3098 762 3164 816 ad
3183 771 3538 830 conspectum

1938 875 2405 932 congressumque
2429 860 2532 916 viri
2564 855 2777 925 starent
2798 857 2864 911 ab
2900 856 3018 925 ipso
3046 856 3307 918 subactae,
3335 862 3391 907 et
3419 866 3537 906 ma-

1940 953 2021 1023 gis
2056 953 2218 1008 etiam
2284 951 2775 1007 contremiscentes
2830 963 2995 1018 quam
3056 947 3123 1000 ad
3183 954 3537 1014 conspectum

1943 1044 2086 1113 regis
2116 1042 2295 1097 solent
2323 1042 2441 1111 ejus
2468 1044 2782 1111 stipatores.
2821 1039 3075 1094 Terribili
3113 1053 3350 1106 namque
3386 1036 3538 1090 vultu

1941 1150 2134 1190 omnes
2168 1135 2424 1205 perculit.
2457 1136 2524 1188 At
2555 1137 2791 1204 desuper
2833 1131 3148 1201 angelorum
3183 1130 3413 1201 p0pulus
3442 1146 3540 1200 ap-

1945 1226 2139 1295 plausit
2172 1245 2189 1294 ;
2221 1235 2276 1281 et
2311 1226 2455 1282 Deus
2481 1226 2830 1298 praeconium
2854 1224 2983 1282 fecit
3011 1223 3272 1282 victoriae.
3311 1223 3463 1291 Quod
3492 1225 3540 1282 si

1944 1319 2075 1372 libet
2127 1319 2413 1373 veritatem
2471 1319 2613 1389 ejus,
2654 1317 2798 1387 quod
2849 1317 2984 1384 dixi,
3039 1316 3408 1382 considerare,
3472 1317 3542 1372 ab

1943 1408 2188 1463 externis
2238 1409 2399 1463 rebus
2451 1410 2554 1463 hoc
2605 1409 2792 1464 licebit
2855 1407 3237 1478 contemplari.
3287 1405 3424 1461 Nam
3470 1407 3541 1472 si,

1946 1509 2302 1570 posteaquam
2361 1501 2558 1572 aliquis
2611 1486 2814 1555 athleta
2881 1500 3164 1555 victoriam
3218 1500 3542 1570 reportavit,

1946 1606 2052 1647 non
2085 1603 2262 1660 praeco
2292 1590 2522 1648 interius
2569 1591 2903 1656 consistens,
2959 1591 3054 1646 sed
3104 1591 3357 1661 superius
3401 1589 3546 1646 resi-

1945 1686 2079 1742 dens
2111 1688 2226 1757 ipse
2251 1698 2367 1753 rex,
2421 1684 2492 1741 de
2543 1683 2682 1738 solio
2720 1699 2820 1739 suo
2853 1697 3189 1754 consurgens
3249 1682 3548 1753 proclamet

1945 1779 2211 1834 victorem
2272 1775 2590 1833 certaminis
2636 1775 2925 1848 Olympici,
2963 1789 3146 1831 nonne
3176 1789 3241 1830 ea
3292 1790 3381 1832 res
3441 1776 3546 1845 ipsi

1948 1867 2170 1925 coronis
2204 1865 2540 1938 splendidior
2566 1879 2691 1922 esse
2721 1864 3031 1921 videbitur?
3054 1863 3400 1948 Manifestum
3443 1864 3549 1923 hoc

251 1960 378 2031 οὐχὶ
425 1959 605 2013 πάντα
660 1957 991 2029 ὑπερϐάλλει
1063 1954 1178 2027 (7‘2)
1234 1953 1392 2008 τοῦτο
1456 1953 1841 2025 λαμπρότητος

1959 1958 2204 2016 videlicet
2245 1965 2331 2014 est
2383 1956 2638 2014 omnibus
2679 1956 2754 2013 ita
2799 1958 2976 2014 visum
3003 1957 3090 2012 iri.
3125 1946 3351 2025 Quando
3385 1957 3552 2028 igitur

254 2052 420 2121 ὅρονς
464 2048 679 2121 Κομιδῇ
725 2047 901 2117 ἔγωγε
952 2044 1364 2118 ἰσχυρισαίμην.
1417 2043 1627 2100 Οὐκοῦν
1661 2045 1710 2096 εί
1751 2045 1846 2098 καὶ

256 2143 420 2211 ἡμεῖς
445 2139 774 2212 βουλοίμεθα
801 2141 901 2195 ἀνα
911 2138 1279 2211 κηρυχθῆναι,
1298 2138 1392 2191 καὶ
1409 2137 1844 2208 στεφανωθῆναι,

260 2222 497 2296 ἑαυτοὺς
527 2232 956 2305 ἀφιερώσωμεν,
992 2232 1084 2285 καὶ
1109 2232 1276 2303 μηδὲν
1307 2232 1522 2304 θνητὸν,
1552 2233 1685 2307 μηδὲ
1716 2233 1849 2304 βιω-

253 2325 408 2379 τικδν
445 2326 720 2397 χορευέτω
769 2328 828 2381 ἐν
855 2329 989 2398 ἡμῖν
1039 2327 1242 2391 πάθοςο
1278 2327 1416 2381 ἀλλὰ
1448 2328 1584 2381 πᾶσι
1629 2328 1847 2398 χαίρειν

256 2417 596 2487 φράσαντες,
638 2417 708 2472 τὰ
730 2417 841 2472 τῶν
871 2418 1120 2490 οὐρανῶν
1144 2418 1271 2482 ἄξια
1301 2418 1394 2473 καὶ
1425 2417 1728 2492 φράζωμεν
1756 2418 1851 2473 καὶ

255 2511 484 2578 πράττω
492 2527 612 2581 μεν.

1956 2065 2064 2106 non
2101 2058 2352 2105 terrenus
2391 2049 2662 2121 quispiam
2713 2063 2779 2105 ac
2819 2048 3069 2104 mortalis
3129 2063 3245 2114 rex,
3299 2047 3395 2104 sed
3435 2049 3553 2119 ipse
3639 2119 3641 2124 η

1953 2139 2070 2197 Rex
2123 2142 2514 2211 sempiternus,
2555 2157 2664 2199 non
2719 2142 2900 2199 solum
2943 2145 2996 2199 in
3029 2143 3248 2199 theatro
3286 2143 3550 2210 humano,

1952 2235 2051 2291 sed
2096 2233 2260 2290 etiam
2317 2234 2372 2302 in
2421 2234 2622 2290 visorio
2671 2235 3032 2306 Angelornm,
3075 2245 3132 2290 et
3181 2235 3553 2310 Arehangelo-

1955 2341 2102 2394 rum,
2131 2334 2186 2382 et
2220 2340 2580 2396 supernarum
2615 2326 2916 2396 Virtutum,
2954 2331 3214 2385 victorem
3261 2344 3362 2385 suo
3414 2345 3553 2400 prae—

1924 2447 1933 2459 ~
1959 2418 2117 2473 conio
2147 2418 2384 2489 aliquem
2418 2421 2715 2486 renuntiet,
2741 2421 2883 2476 clara
2916 2438 3050 2480 voce
3082 2422 3301 2477 caelitus
3330 2422 3551 2490 emissa,

1961 2526 2145 2567 nonne
2172 2527 2234 2568 ea
2273 2527 2363 2567 res
2392 2527 2608 2568 omnem
2642 2514 2950 2584 Splendoris
2980 2516 3272 2570 terminum
3302 2517 3556 2570 excedit?

259 2601 520 2671 Equidem
556 2604 607 2659 id
637 2605 863 2661 lirmiter
889 2609 1336 2663 asseveraverim.
1374 2607 1716 2675 Quapropter
1744 2620 1841 2659 nos
1880 2618 2099 2674 quoque
2152 2602 2421 2673 siquidem
2499 2605 2735 2663 victores
2824 2607 3154 2676 proclamari
3193 2616 3248 2660 et
3301 2607 3558 2662 coronari

257 2696 587 2766 expetimus,
645 2699 1009 2768 nosmetipsos
1074 2713 1477 2764 eunsecremus,

1573 2696 1886 2764 nullumque
1965 2692 2268 2758 mortalem,
2329 2695 2534 2748 nullum
2607 2697 2674 2749 ad
2748 2697 2889 2752 hanc
2957 2697 3124 2750 vitam
3190 2696 3558 2768 pertinentem

259 2785 516 2841 allectum
566 2790 616 2842 in
665 2790 819 2844 nobis
862 2791 1136 2846 exsultare
1166 2792 1428 2856 sinamus,
1462 2788 1857 2856 sed,omuihus
1891 2789 2072 2842 valere
2097 2786 2284 2857 jussis,
2325 2788 2480 2844 cmlis
2510 2789 2668 2856 digna
2737 2800 2791 2844 et
2836 2793 3120 2860 loquamur
3184 2800 3238 2845 ct
3268 2789 3557 2847 faciamus.

782 2901 948 2956 Ροεν.
984 2935 1052 2945 -
1087 2903 1319 2974 Nemo.

269 2998 373 3058 Εἷς
401 2996 469 3052 τὸ
501 2998 820 3067 είρημένον
842 2997 961 3052 ἀπὸ
995 2996 1102 3051 τοῦ
1142 2998 1393 3066 Κυρίου,
1425 2996 1557 3064 «Εἰς
1581 2996 1686 3068 ἐμὲ
1710 2996 1859 3061 ﬁle-

989 3084 1187 3125 τίετε.»

339 3161 568 3228 Οὐδένα,
599 3156 775 3232 οἶμαι,
806 3161 1032 3216 τοιαῦτα
1069 3160 1503 3232 πεπαρῳνῆσθαι
1528 3160 1662 3231 (73),
1695 3155 1783 3212 οἷα
1834 3159 1861 3210 ὁ

2485 2898 2763 2959 CLXXIX.
2795 2933 2866 2945 --
2895 2900 3075 2960 NlLO.

1956 2997 2017 3046 In
2069 2996 2122 3046 id
2173 2993 2312 3062 quod
2348 3011 2378 3046 a
2415 2992 2638 3048 Domino
2682 2995 2898 3096 aiebam
2956 3007 3052 3061 est,
3096 3015 3114 3047 (
3151 2995 3218 3050 In
3260 3012 3341 3050 me
3385 2997 3563 3054 inlue-

2619 3080 2748 3117 imm
2776 3080 2842 3117 ".
2881 3084 2900 3117 ι

2037 3158 2320 3213 Neminem
2344 3172 2444 3227 ego
2486 3172 2728 3226 unquam
2766 3167 2845 3212 tot
2885 3159 3162 3229 tantisque
3205 3161 3446 3216 arbitror
3475 3162 3563 3216 in--

264 3256 375 3309 τ’ἰν
413 3253 679 3325 οὐρανίων
711 3252 990 3320 βασιλεὺς,
1021 3251 1185 3322 δεῦρο
1221 3252 1610 3322 ὲπιφοιτήσας,
1638 3266 1853 3319 πεπαρ-

1960 3244 2122 3318 juriis
2159 3260 2213 3305 et
2245 3249 2590 3305 contumeliis
2615 3249 2868 3304 allectum
2899 3265 3040 3316 esse,
3076 3262 3208 3321 quot
3234 3254 3566 3324 quantisque

265 3344 480 3419 ῴνητπι
537 3345 668 3416 παρ’
716 3344 980 3407 ἐκείνων,
1031 3343 1125 3407 οὓς
1174 3345 1371 3413 ἀφῖκτο
1419 3343 1639 3396 σώσων*
1693 3342 1752 3405 ὃς
1800 3358 1853 3409 γε

1969 3340 2197 3396 allectus
2230 3351 2312 3396 est
2341 3341 2646 3398 caelestium
2680 3341 2793 3397 Rex
2831 3357 2955 3398 cum
2989 3343 3042 3397 in
3081 3353 3258 3398 terras
3299 3343 3564 3410 venisset,

267 3439 393 3490 οὐδὲ
412 3437 610 3508 λῃστοῦ
635 3437 731 3491 καὶ
761 3437 1092 3508 ἀνδροφόνου
1117 3423 1442 3508 προεκρίθη.
1464 3435 1599 3488 ἀλλὰ
1631 3434 1723 3488 καί
1750 3433 1862 3504 (74)

270 3528 630 3599 ἐκολαφίσθη.
670 3529 732 3581 Εἰ
753 3528 810 3581 δὲ
836 3527 928 3580 καί
949 3545 1034 3592 τις
1067 3528 1310 3596 τὰὸμοια
1341 3525 1579 3580 πέπονθε
1612 3523 1867 3592 (δεδόσθω

273 3619 427 3690 γὰρ),
469 3618 607 3672 ἀλλά
635 3619 696 3672 τὸ
736 3620 811 3691 μὴ
841 3619 948 3673 ἀπὸ
975 3620 1074 3690 τῆς
1108 3619 1230 3689 ἴσης
1253 3619 1410 3684 ἀξίας
1441 3615 1716 3690 ὁρμᾶσθαι
1740 3616 1866 3678 τοὺς

274 3707 639 3772 πεπονθότας,
673 3708 835 3763 ἄνισα
874 3709 1038 3765 πάλιν
1063 3709 1301 3762 δείκνυσι
1332 3709 1402 3761 τὰ
1441 3707 1611 3776 πάθη.
1654 3707 1730 3759 Οὐ
1760 3707 1868 3775 γὰρ

274 3799 494 3866 ταύτὸν,
527 3798 756 3868 βασιλέα
798 3799 1021 3870 ὑϐρίσαι
1053 3799 1166 3869 (75)
1198 3800 1291 3851 καὶ
1338 3795 1583 3867 ἰδιώτην·
1619 3796 1741 3850 οὐδὲ
1784 3796 1870 3849 δε-

278 3890 487 3960 σπότην
517 3890 611 3942 καὶ
641 3888 830 3944 δοῦλον
851 3905 863 3918 ·
891 3889 1029 3944 ἀλλὰ
1049 3889 1118 3942 τὰ
1148 3889 1245 3957 μὲν
1277 3887 1418 3942 κατὰ
1449 3887 1540 3938 τοῦ
1580 3885 1866 3956 βασιλέως,

277 3983 384 4038 κᾶν
420 3981 595 4052 μικρὰ
628 3975 690 4056 ᾖ.
715 3979 931 4052 μεγάλα
958 3983 1025 4051 τῇ
1053 3977 1182 4050 ἀξίᾳ.
1207 3978 1302 4034 τοῦ
1331 3977 1664 4041 πεπονθότος
1688 3976 1872 4046 κρίνε-

277 4087 408 4127 ταιο
440 4071 509 4126 τά
545 4071 602 4124 δὲ
637 4072 782 4125 κατὰ
827 4069 920 4125 τοῦ
961 4068 1195 4136 ἰδιώτου,
1230 4069 1335 4126 κᾶν
1376 4070 1612 4147 μέγιστα
1649 4063 1707 4142 ᾖ,
1742 4069 1872 4121 tino.-

281 4163 540 4234 τέμνεται
587 4161 686 4232 τὴν
719 4161 921 4232 ὀργὴν,
964 4161 1059 4218 καὶ
1098 4162 1179 4225 είς
1225 4160 1569 4231 συγγνώμην
1610 4158 1873 4221 πολλάκις

279 4255 406 4325 ὁρᾷ.
439 4251 628 4308 Ταῦτα
672 4251 716 4304 δ’
755 4250 914 4322 ἔφην,
969 4249 1159 4321 ἐπειδὴ
1205 4251 1516 4322 γέγραφας,
1561 4249 1613 4302 τί
1668 4250 1782 4304 ἐστι
1811 4250 1874 4303 τὸ

199 4329 202 4331 Δ
283 4346 438 4417 παρὰ
466 4343 562 4401 τοῦ
595 4343 832 4414 Χριστοῦ
864 4342 1091 4414 λεχθένο
1130 4361 1148 4394 ι
1190 4344 1282 4405 Εἰς
1311 4343 1411 4413 ἐμὲ
1451 4341 1699 4412 βλέπετε.
1749 4361 1767 4393 ›
1808 4344 1873 4395 Ὃ

284 4438 394 4507 γὰρ
422 4437 593 4505 λέγει,
633 4436 916 4505 συντόμως
943 4433 1187 4489 τοιοῦτόν
1213 4437 1383 4490 ἐστιν.
1429 4434 1649 4506 Ἐπειδὴ
1682 4435 1792 4505 γὰρ
1823 4435 1872 4487 οἱ

287 4529 590 4599 πάντολμοι
639 4527 882 4581 Ἰουδαῖοι
909 4527 1377 4596 ὲπιλυττήσαντες
1417 4526 1874 4599 ἐδραματούργη-

1969 3444 2022 3489 et
2078 3434 2302 3504 Quidcm
2337 3437 2404 3488 ab
2455 3433 2581 3500 illis,
2623 3450 2762 3504 quos
2823 3447 3101 3490 servatum
3168 3447 3438 3491 venerat:
3475 3437 3566 3506 qui

1973 3538 2151 3592 neque
2181 3523 2377 3579 latroni
2413 3538 2463 3577 et
2504 3523 2790 3581 homicidae
2822 3523 3082 3594 praelatus
3113 3532 3214 3590 est,
3254 3523 3347 3578 sed
3379 3533 3433 3577 et
3470 3538 3567 3578 co-

1971 3612 2148 3682 laphis
2179 3627 2375 3668 caesus.
2397 3612 2558 3683 515
2589 3612 2699 3667 Etsi
2731 3613 2876 3668 enim
2903 3612 3102 3667 similia
3138 3611 3277 3668 forte
3308 3615 3429 3683 quis
3449 3611 3571 3683 per-

1973 3718 2163 3771 pessus
2196 3713 2281 3759 est
2327 3705 2510 3774 (detur
2549 3705 2692 3760 enim
2725 3705 2800 3759 ita
2836 3707 3003 3775 esse),
3032 3715 3269 3760 attamen
3307 3707 3408 3762 hoc
3455 3708 3571 3763 dis-

1972 3794 2180 3850 similes
2212 3804 2267 3850 et
2297 3795 2532 3864 impares
2582 3799 2822 3852 ostendit
2874 3800 3276 3870 perpessioncs,
3310 3800 3451 3868 quod
3496 3801 3571 3856 illi

1975 3891 2065 3960 qui
2092 3890 2335 3958 perpessi
2375 3905 2467 3944 eas
2503 3899 2649 3957 sunt,
2675 3906 2780 3946 non
2812 3906 2840 3945 a
2873 3893 2988 3961 pari
3044 3893 3311 3961 dignitate
3344 3894 3576 3953 descen-

1975 3981 2192 4037 derunt.
2227 3977 2342 4034 Non
2378 3980 2524 4035 enim
2555 3990 2637 4035 cst
2677 3981 2843 4047 idem,
2877 3981 3073 4051 injuria
3109 3981 3324 4038 allicere
3366 3999 3572 4052 regem,

1975 4079 2032 4126 et
2061 4069 2337 4126 hominem
2374 4070 2670 4142 privatum,
2715 4088 2893 4143 neque
2928 4074 3206 4128 dominum
3248 4084 3302 4128 ct
3330 4056 3570 4145 servum,

1976 4165 2071 4220 sed
2137 4178 2258 4233 quae
2311 4164 2573 4220 adversus
2637 4179 2815 4235 regem
2845 4166 3067 4235 quidem
3131 4167 3573 4232 committuntur,

1976 4255 2332 4326 quantumvis
2378 4271 2477 4326 pcr
2529 4271 2588 4312 se
2639 4258 2835 4326 exigua
2892 4269 3035 4321 sunt,
3073 4273 3266 4330 magna
3300 4268 3478 4314 tamen
3521 4269 3580 4313 ιιι

1974 4349 2553 4418 judicentur,cjusqui
2580 4348 2706 4404 talia
2755 4349 3405 4421 patiturdignitasellicit.
3449 4352 3581 4418 Quae

1978 4454 2109 4494 vero
2144 4440 2196 4495 in
2235 4439 2470 4509 aliquem
2508 4441 2776 4509 privatum
2816 4449 3223 4512 perpetrantur,
3254 4453 3312 4495 nt
3343 4443 3581 4498 maxima

1981 4533 2109 4599 sint,
2155 4543 2339 4587 tamen
2372 4533 2508 4586 iram
2546 4533 2810 4588 minorem
2843 4534 3064 4599 habent,
3095 4546 3149 4591 et
3185 4552 3327 4606 saepe
3381 4537 3447 4591 ad
3486 4552 3581 4592 ve-

286 4637 389 4675 σαν
420 4619 754 4692 τραγῳδίαν,
788 4620 931 4673 κατὰ
961 4619 1097 4674 Θεοῦ
1131 4620 1230 4690 μὲν
1261 4619 1646 4690 τολμηθείσαν,
1676 4620 1853 4691 σαρκο

1983 4625 2127 4679 niam
2159 4633 2431 4694 spectant.
2474 4625 2599 4679 llaec
2635 4636 2816 4681 autem
2848 4628 2970 4683 ideo
2993 4629 3124 4693 dixi,
3174 4630 3298 4697 quia
3350 4645 3446 4699 per
3488 4630 3580 4683 lit-

285 4714 343 4767 δὲ
371 4713 660 4784 άψαμένην
708 4712 938 4784 (ἀπαθὲς
969 4713 1077 4782 γὰρ
1114 4713 1174 4765 τὺ
1219 4713 1374 4766 Θεῐον
1409 4711 1695 4788 κυρίως
1732 4715 1781 4767 οί
1817 4714 1853 4768 δὲ

1985 4727 2131 4772 teras
2161 4731 2227 4772 ex
2259 4733 2347 4772 me
2372 4719 2694 4787 quaesivisti,
2718 4720 2848 4790 quid
2877 4722 2947 4775 sit
3002 4722 3145 4789 quod
3179 4738 3206 4774 a
3244 4721 3460 4777 Christo
3494 4723 3571 4777 tli-

289 4805 430 4873 μετά
474 4803 643 4857 ταῦτα
681 4804 970 4873 μέλλοντες
999 4803 1338 4874 ὑϐρίζεσθαι,
1382 4807 1511 4869 ἴσως
1545 4807 1873 4875 ἀγανακτεῖν

285 4898 543 4968 ἤμελλον,
577 4901 652 4962 ὡς
681 4899 832 4972 παρὰ
860 4899 962 4974 τὴν
995 4900 1175 4954 αὐτῶν
1207 4901 1365 4966 ἀξίαν
1409 4900 1670 4963 τοιούτοις
1717 4917 1873 4975 περι-

389 5056 431 5086 "
468 5055 608 5110 Psal.
643 5071 790 5123 xxw,
822 5055 906 5110 16.

1983 4819 2130 4864 ctum
2162 4818 2247 4865 est
2283 4827 2296 4864 :
2347 4827 2366 4861 ι
2408 4808 2464 4864 ltt
2498 4824 2583 4864 mc
2617 4810 2924 4867 intuemini.
2964 4832 2981 4863 ι
3037 4813 3170 4868 Nam
3228 4817 3372 4884 quod
3429 4817 3578 4879 dicit,

1987 4901 2037 4954 in
2065 4915 2275 4958 summa
2309 4900 2415 4958 tale
2450 4901 2552 4961 est.
2595 4901 2808 4958 Etenim
2844 4905 2968 4976 quia
3010 4905 3364 4966 attdacissimi
3413 4907 3581 4963 .lutlmi

1382 5173 1617 5229 VARUE
1653 5173 2040 5232 LECTIONES
2080 5176 2167 5232 ET
2210 5175 2443 5234 NOTAE.

362 5331 478 5399 (67)
516 5331 642 5386 Post
676 5331 802 5383 εἰδὲ
833 5331 1010 5400 βούλει
1037 5331 1153 5384 loco
1198 5329 1343 5382 τοῦτ’
1374 5329 1572 5400 ἀληθὲς
1604 5331 1756 5399 ,ἰιιριη
1788 5349 1882 5400 p0-

291 5405 371 5457 nit
399 5403 490 5455 καὶ
519 5400 676 5453 τοῦτο
709 5401 965 5471 ἀκριϐῶς,
1005 5402 1215 5455 Possm.

292 5543 338 5597 n
368 5471 480 5542 (68)
537 5470 701 5526 Τοῦτ’
755 5467 997 5539 ἀληθές.
1054 5473 1112 5527 F.
1174 5470 1427 5552 τάληθὲς,
1483 5467 1660 5525 tlclcto
1710 5473 1879 5528 τοῦτ’.

349 5558 461 5596 ιττ.

349 5558 461 5596 ιττ.

365 5611 478 5681 (69)
512 5614 689 5678 Δόξῃ.
731 5613 792 5667 ιτ.
831 5613 992 5676 δόξει.
1023 5611 1096 5667 ln.

365 5682 481 5753 (70}
508 5681 640 5736 Coti.
671 5682 810 5745 Υιιιη
849 5684 1174 5753 ἀνθρώπιον.
1207 5682 1413 5736 Possm.

367 5752 499 5830 (7|)ﬂ
532 5752 1009 5830 Ἀνᾳκηρύττε-ιν.
1059 5753 1118 5807 l".
1175 5755 1546 5830 ἁνακηρύττῃ,
1605 5755 1884 5824 praecessit

294 5830 442 5875 enim
473 5823 618 5886 ὅταν.
649 5822 806 5876 lit'r'r.
911 5883 914 5886 Α

369 5891 484 5962 (72)
519 5882 878 5964 ’Υπερὸἀλλει
911 5883 1030 5954 eod.
1072 5898 1192 5955 Vat.
1224 5899 1388 5956 vertit
1438 5897 1490 5954 in
1535 5896 1877 5971 ὑπερϐαίνει,

1995 5344 2042 5414 [ξι
2071 5347 2224 5414 vers.
2258 5345 2378 5414 post
2414 5337 2576 5390 tertio
2604 5338 3051 5410 ἀνακηρυχθῆναι
3084 5341 3292 5394 breviat
3333 5344 3382 5394 in
3415 5345 3586 5414 5mg,-

1996 5403 2245 5474 ῥηθῆναι.
2288 5405 2495 5464 Possm,

2068 5475 2177 5555 (13)
2207 5475 2310 5555 lit‘o
2355 5477 2752 5548 πεπαρῴνηται
2785 5482 2903 5533 (ἳΟιΙ.
2944 5478 3064 5535 Vat.
3109 5481 3213 5536 6ὃο
3248 5483 3377 5550 legit
3419 5487 3590 5555 ἐπαρ-

1993 5544 2197 5614 ῳνήὓη.
2234 5544 2308 5599 lD.

2069 5615 2180 5698 (ll)
2226 5617 2367 5698 inter
2407 5619 2498 5672 καὶ
2563 5620 2896 5694 ἐκολαφίσθη
2948 5622 3090 5678 idem
3143 5625 3356 5688 inserit,
3412 5629 3590 5698 ὲκωμυ

1994 5686 2175 5755 ῳδήθη
2209 5689 2321 5740 καί.
2353 5688 2429 5743 In.

2068 5759 2177 5877 (iiii)
2257 5759 2508 5831 ’Υϐρὶται
2561 5763 2700 5819 ltlcnt
2767 5776 2915 5821 recte
2986 5776 3159 5821 mutat
3210 5767 3263 5821 itt
3325 5768 3589 5841 ὑϐρισθῆ-

2068 5846 2099 5877 ι.
2163 5844 2207 5877 ι).

1994 5846 2099 5882 ναι.
2141 5844 2207 5883 ll).
