4150 6444
714 401 843 470 1271

1915 415 1974 474 S.
2022 415 2313 476 ISIDORI
2350 413 2792 476 PELUSIO’I‘E

3850 412 3986 475 1272

711 519 766 572 in
819 518 1054 573 furorem
1099 524 1204 576 actl
1257 523 1578 594 tragcediam
1632 529 1903 594 egerunt;
1965 540 2086 595 quae
2136 525 2284 580 Deun

2411 524 2760 585 πεπτωκότες
2812 521 3064 586 πάθεσιν,
3122 520 3263 593 ἔφη·
3317 539 3335 572 ι
3375 520 3469 583 Et;
3522 519 3620 589 ἐμὲ
3667 520 3913 590 βλέπετε.
3961 543 3978 573 ι

711 611 924 678 quidem
965 612 1205 680 appetiit,
1239 628 1456 669 carnem
1490 627 1622 669 vero
1654 615 1831 685 attigit
1861 615 2101 687 (proprie
2152 615 2296 670 enim

709 703 979 768 iuquendo
1005 704 1262 759 divinitas
1298 706 1540 775 passioni
1587 707 1825 762 obnoxia
1878 723 1999 764 esse
2051 706 2284 777 nequit):

721 795 913 864 quibus
971 805 1152 852 autem
1205 809 1390 868 postea
1450 799 1629 868 aliqua
1678 796 1945 855 inferetur
1992 799 2209 870 injuria,
2255 797 2295 853 ii

713 886 932 940 forsitan
968 889 1335 959 indimatione
1368 891 1737 962 corripientur
1766 893 1918 962 quasi
1949 901 2148 962 praeter
2179 905 2293 948 me-

707 976 870 1030 ritum
905 979 957 1033 in
990 983 1120 1037 tales
1148 985 1434 1040 inciderint
1465 988 1802 1045 calamitates
1833 1005 1845 1042 :
1880 988 2083 1044 idcirco
2107 987 2244 1041 dixit
2272 1004 2288 1042 :

714 1084 735 1117 ι
777 1068 831 1121 In
861 1085 944 1123 me
974 1071 1278 1130 intuemini.
1315 1094 1335 1128 ι
1370 1077 1600 1132 Maxime
1641 1078 1808 1143 enim,
1853 1077 2048 1156 inquit,
2093 1075 2288 1130 intole-

709 1161 896 1212 rabilia
929 1173 1102 1228 erant,
1157 1180 1278 1235 qua:
1319 1182 1349 1222 a
1396 1169 1674 1225 sceleratis
1726 1183 1790 1224 ac
1833 1168 2057 1224 nefariis
2089 1167 2290 1224 Judmis

706 1261 1013 1320 perpetrata
1058 1267 1204 1310 sunt.
1239 1257 1619 1314 Verumtamen
1651 1259 1979 1316 concedatur
2017 1275 2170 1324 sane,
2207 1267 2288 1314 to-

2404 617 2658 670 Μάλιστα
2697 616 2961 686 μὲνγὰρ,
2996 621 3162 684 φησι,
3216 613 3308 667 καὶ
3341 613 3408 666 τὰ
3450 613 3601 684 παρὰ
3638 613 3747 666 τῶν
3799 615 3984 678 ἀλιτη-

2402 709 2534 778 ρίων
2577 707 2844 760 Ἰουδαίων
2883 705 3247 780 τολμηθέντα,
3293 706 3544 776 ἀφόρητα
3568 700 3669 776 ἦν·
3725 705 3867 774 πλὴν
3895 708 3982 759 δε-

2397 798 2568 853 δόσθω
2616 797 2831 868 φορητὰ
2870 794 3038 852 εἶναι⁹
3093 795 3146 850 τί
3177 797 3242 851 ἄν
3291 814 3375 860 τις
3425 795 3553 867 φαίη
3607 797 3701 849 καὶ⁵
3734 796 3982 866 περὶτοῦ

2397 889 2682 961 προδότου,
2727 891 2784 953 ὃς
2817 908 2882 958 γε
2912 891 3010 960 τῆς
3043 887 3184 960 ὲμῆς
3220 887 3700 960 ὑπερεμπλησθεὶς
3723 888 3982 953 ἀνεξικα-

2396 982 2541 1044 κίας,
2583 982 2703 1034 κατ’
2750 981 2886 1050 ἐμοῦ
2939 981 3033 1034 τὸν
3075 981 3234 1051 κόρον
3266 981 3500 1050 ἧνεγκες
3559 981 3796 1043 Ταύταις
3847 982 3968 1040 ταῖς

2402 1072 2638 1142 ἐπῳδαῖς
2669 1071 3091 1142 καταπραΰνετε
3131 1067 3228 1131 τὰς
3261 1067 3448 1140 ὕϐρεις
3481 1070 3617 1139 (76),
3654 1071 3749 1123 καὶ
3798 1069 3982 1122 ctua:-

2399 1162 2607 1216 σεύετε.
2681 1161 2898 1226 Εἵξουσι
2951 1161 3061 1232 γὰρ
3142 1160 3339 1232 ῥᾳδίως
3383 1163 3493 1225 τοῖς
3546 1161 3715 1215 ταῦτα
3769 1176 3980 1214 κατεπ-

2397 1255 2636 1326 ᾴδουσιν.

705 1337 950 1400 lerabilia
985 1362 1125 1404 esse.
1158 1349 1294 1417 Quid
1325 1352 1523 1406 dixerit
1551 1354 1672 1424 quis
1698 1355 1860 1409 etiam
1889 1354 1956 1408 de
1985 1353 2284 1425 proditore,
2322 1350 2417 1423 qui
2487 1361 2606 1403 mea
2647 1346 3055 1419 longanimitate
3097 1359 3151 1403 et
3218 1348 3500 1404 tolcrantia
3556 1351 3618 1403 ad
3673 1357 3976 1403 extremam

703 1439 1042 1494 saturitatem
1091 1442 1344 1512 repletus,
1395 1455 1584 1500 contra
1633 1461 1719 1500 me
1767 1446 2070 1502 satietatem
2125 1446 2273 1501 illam
2311 1439 2543 1498 extulit?
2577 1439 2734 1494 Hisce
2799 1439 2953 1508 quasi
3029 1438 3352 1508 quibusdam
3405 1440 3822 1494 incantamentis
3855 1440 3976 1495 illa-

702 1539 786 1585 tas
817 1531 970 1585 vobis
996 1531 1219 1600 injurias
1253 1534 1416 1590 lenite
1448 1545 1610 1606 atque
1627 1537 1890 1594 cicurate.
1922 1536 2105 1593 Facile
2131 1547 2364 1605 namque
2399 1531 2598 1587 cedent
2628 1529 2718 1595 iis,
2751 1530 2842 1600 qui
2875 1529 3135 1584 adversus
3167 1544 3260 1583 eas
3290 1529 3561 1586 occinent.

843 1643 1098 1701 CLXXX.
1129 1679 1202 1688 —
1231 1647 1620 1706 THEODOSIO
1658 1650 2138 1709 PRESBYTERO.

705 1756 880 1823 Quare
910 1761 979 1812 ad
1013 1775 1234 1836 crucem
1255 1761 1587 1836 proﬁciscens
1621 1762 1862 1836 Christus
1896 1766 2128 1836 lugentes
2161 1781 2279 1821 ntu-

1195 1831 1350 1886 lieres
1387 1833 1682 1903 objurgarit
1717 1834 1788 1889 ³⁸.

771 1942 955 2013 Neque
1002 1947 1322 2004 luctatorem
1380 1965 1721 2021 generosum,
1751 1952 1850 2024 qui
1888 1953 1947 2008 in
2002 1961 2285 2009 certamen

702 2035 997 2102 descendit,
1063 2048 1117 2094 et
1181 2042 1402 2104 pulvere
1462 2046 1789 2115 aspergitur,
1839 2052 1891 2102 et
1954 2045 2282 2114 percbtitur,

701 2126 898 2183 deﬂere
946 2129 1305 2201 lacrymisque
1353 2136 1606 2205 prosequi
1658 2135 1859 2191 decet:
1895 2136 2108 2192 labores
2139 2136 2284 2190 enim

701 2217 802 2286 ipsi
835 2220 887 2273 in
912 2235 1139 2277 coronas
1169 2225 1459 2291 desinunt;
1493 2242 1666 2297 neque
1714 2238 1996 2284 strenuum
2048 2228 2280 2297 aliquem

699 2308 927 2364 militem
968 2312 1034 2366 ad
1061 2313 1255 2368 bellum
1288 2315 1744 2386 proficiscentem,
1774 2317 1862 2371 ubi
1893 2328 1948 2372 et
1981 2317 2200 2373 vulnera
2230 2325 2286 2373 et

701 2403 1060 2459 mactationes
1115 2406 1473 2476 perpetietur,
1515 2409 1768 2464 lamentis
1817 2407 2032 2465 allicere
2084 2423 2283 2464 conveo

700 2493 781 2548 nit
814 2511 828 2547 :
864 2495 1058 2549 redibit
1099 2499 1244 2552 enim
1285 2500 1458 2554 victor
1505 2500 1774 2570 gloriosus
1817 2509 1871 2556 et
1919 2500 2184 2556 columnis
2230 2509 2286 2556 et

699 2587 992 2654 praeconiis
1029 2589 1285 2656 potietur.
1319 2588 1423 2646 Sed
1443 2590 1565 2645 illos
1595 2592 1774 2661 potius
1806 2593 2283 2663 lacrymisprose-

700 2674 794 2743 qui
817 2674 1033 2744 dignum
1063 2687 1166 2745 est,
1201 2679 1290 2748 qui
1320 2680 1388 2734 ad
1429 2680 1712 2737 latrocinia
1744 2682 2026 2752 caedesque
2053 2693 2280 2752 patran-

703 2766 802 2820 das
833 2777 1083 2832 currunt,
1109 2772 1351 2827 maxime
1381 2773 1598 2840 quidem
1632 2783 1758 2828 tunc
1799 2788 1921 2828 cum
1951 2774 2282 2829 maleﬁcium

703 2861 1079 2926 exercuerint;
1108 2861 1304 2916 deinde
1344 2877 1471 2918 vero
1502 2865 1666 2919 etiam
1729 2874 1856 2920 tunc
1903 2866 2118 2935 quando
2156 2882 2286 2936 sup-

701 2947 868 3017 plicio
893 2948 1218 3007 adiciuntur.
1255 2951 1532 3020 Quomodo
1593 2956 1759 3024 igitur
1815 2955 2027 3013 discere
2084 2958 2283 3027 quaesi-

702 3037 851 3102 visti,
881 3052 1040 3105 quam
1085 3040 1155 3093 ob
1201 3054 1416 3095 causam
1451 3041 1726 3108 Christus,
1777 3058 1884 3113 quo
1933 3053 2172 3113 tempore
2215 3046 2284 3101 ad

703 3142 918 3182 crucem
953 3129 1176 3185 victoris
1214 3140 1270 3185 et
1304 3132 1714 3202 triumpbatoris
1762 3133 1935 3188 instar
1971 3134 2283 3203 proﬁcisce-

701 3218 884 3282 batur,
913 3219 1269 3277 lamentantes
1292 3200 1542 3280 mulieres
1567 3240 1671 3278 non
1698 3225 1857 3280 modo
1880 3200 1986 3279 non
2004 3227 2284 3296 amplexus
2310 3200 2354 3260 θ

702 3307 890 3372 fuerit,
931 3323 1118 3365 verum
1172 3310 1337 3367 etiam
1391 3314 1837 3382 reprehenderit?
1864 3313 2087 3370 Constat
2111 3317 2279 3382 enim,

704 3400 750 3454 si
784 3403 907 3469 quis
947 3401 1115 3458 vicem
1150 3404 1326 3460 doleat
1351 3407 1626 3476 patientis,
1659 3407 1712 3462 id
1740 3408 1790 3462 ei
1820 3409 2037 3478 quidem
2077 3409 2169 3478 qui
2197 3409 2283 3464 in-

701 3493 848 3547 vitus
872 3494 1097 3562 patitur,
1145 3496 1343 3552 solatio
1377 3513 1531 3563 esse;
1559 3499 1609 3554 ei
1637 3513 1765 3553 vero
1792 3501 1881 3569 qui
1922 3515 2021 3556 sua
2067 3509 2280 3570 sponte,

700 3585 962 3656 iniuriam
993 3587 1206 3645 ali‘erre.
1244 3588 1443 3658 lnjuria
1479 3591 1624 3647 enim
1671 3600 1757 3646 est
1810 3591 1886 3647 illi
1939 3593 2280 3649 condolentia

705 3692 771 3731 ac
803 3679 1226 3745 commiseratio,
1255 3681 1342 3735 cui
1375 3697 1478 3737 non
1516 3689 1841 3762 praeter‘aut
1873 3693 2062 3739 contra
2095 3685 2281 3740 volun-

701 3778 867 3822 tatem
896 3770 1075 3826 evenit
1104 3774 1247 3841 quod
1279 3774 1499 3843 patitur.
1527 3774 1691 3844 516
1733 3774 1996 3841 Quoniam
2034 3775 2200 3846 igitur
2228 3785 2283 3832 et

701 3863 818 3929 ipse
872 3864 1054 3920 volens
1108 3866 1176 3920 ad
1233 3866 1538 3936 passionem
1601 3868 1870 3932 veniebat,
1931 3878 1985 3922 et
2048 3878 2280 3924 mortem

701 3953 1094 4020 exstincturus,
1143 3965 1198 4011 et
1238 3957 1510 4013 diabolum
1562 3970 1956 4023 comaturus;
2001 3959 2103 4016 illa:
2151 3974 2280 4016 vero

702 4043 966 4100 deflebant
998 4050 1193 4117 ipsum,
1219 4051 1309 4118 qui
1343 4050 1548 4104 laudari
1587 4054 1766 4119 potius
1792 4061 1846 4105 et
1873 4051 2060 4120 plausu
2104 4054 2280 4123 excipi

701 4135 1015 4190 merebatur
1045 4154 1058 4190 :
1091 4153 1210 4190 eam
1234 4137 1303 4192 ob
1330 4153 1444 4192 rem
1478 4140 1661 4205 etiam,
1704 4150 1762 4195 ut
1791 4143 2147 4211 quorumdam
2177 4141 2283 4197 fert

2630 1645 2760 1699 Pll'.
2797 1674 2868 1688 _
2898 1644 3230 1715 esoaostp
3258 1642 3727 1714 ΠΡΕΣΒΥΤΕΡῼ.

2386 1758 2488 1814 Διά
2521 1759 2580 1813 τί
2603 1758 2699 1812 ἐπὶ
2725 1758 2835 1812 τὸν
2863 1758 3132 1826 σταυρὸν
3150 1758 3476 1826 ἐρχόμενος
3498 1758 3530 1810 d
3565 1756 3820 1822 Χριστὸς
3848 1756 3975 1824 ταῖς

2633 1827 3034 1898 κοπτομέναις
3057 1828 3337 1898 γυναιξίν
3361 1827 3745 1896 ἐπετιζιιησεν.

2459 1941 2596 1996 Οὔτε
2623 1943 2714 1995 τὸν
2740 1943 2987 2011 γενναῖον
3016 1940 3254 2010 ἀθλητὴν
3272 1942 3351 2004 είς
3373 1939 3462 1993 τὸν
3487 1939 3675 2008 ἀγῶνα
3710 1939 3971 2006 καθέντα,

2388 2034 2484 2089 καὶ
2525 2035 2900 2105 κονιζόμενον,
2954 2033 3048 2087 καὶ
3085 2032 3458 2103 τυπτόμενον,
3516 2031 3813 2103 θρηνητέσν
3837 2049 3852 2062 ·
3894 2033 3973 2098 είς

2389 2127 2686 2196 στεφάνους
2724 2127 2833 2198 γὰρ
2881 2125 3028 2197 αὺτῷ
3072 2127 3122 2178 oi
3158 2125 3308 2178 πόνοι
3335 2125 3688 2179 τελευτῶσιν·
3725 2124 3852 2178 οὒτε
3881 2125 3974 2178 τὸν

2386 2217 2612 2287 ἀριστέα
2644 2217 2701 2270 ἐν
2743 2215 2966 2287 πολέμῳ
2979 2201 3218 2282 ἐξιόντα,
3241 2215 3338 2269 καὶ
3357 2213 3668 2285 τραύματα,
3705 2214 3802 2269 καὶ
3830 2231 3968 2284 σφα-

2385 2308 2488 2376 γὰς
2520 2307 2787 2378 μέλλοντα
2834 2308 3151 2378 ὑπομένειν,
3205 2307 3562 2377 ὀλοφυρτέον·
3605 2305 3968 2375 τροπαιοῦχος

2385 2398 2492 2470 γάρ
2538 2399 2824 2469 ἐπανήξει,
2885 2401 2982 2452 καὶ
3034 2398 3244 2468 στηλῶν
3277 2398 3372 2451 καὶ
3403 2397 3757 2470 ὰναρῤήσεων
3779 2398 3966 2465 τεύξετ

2383 2507 2502 2544 ταν
2555 2489 2671 2544 ἀλλ’
2704 2490 2950 2553 ἐκείνους
3003 2491 3319 2560 θρηνητέον,
3355 2491 3482 2553 τοὺς
3541 2491 3632 2542 ἐπὶ
3687 2489 3966 2560 λῃστείαις

2390 2584 2486 2636 καὶ
2541 2582 2919 2652 ἀνδροφονίαις
2968 2581 3212 2646 θέοντας,
3267 2582 3502 2651 μάλιστα
3553 2581 3653 2651 μὲν
3690 2582 3819 2634 ὅταν
3867 2598 3966 2633 κα-

2384 2676 2714 2746 κουργῶσιν,
2777 2675 2970 2728 ἔπειτα
3019 2675 3075 2727 δὲ
3125 2675 3220 2728 καὶ
3272 2675 3400 2728 ὅταν
3438 2674 3772 2738 κολάζωνται
3844 2674 3966 2738 Πῶς

2383 2763 2477 2821 οὖν
2516 2765 2791 2838 ἐζήτησας
2847 2765 3062 2836 μαθεῖν,
3105 2765 3170 2819 δι’
3197 2767 3266 2837 ἦν
3301 2765 3478 2819 αἰτίαν
3525 2766 3828 2837 θρηνούσας
3868 2765 3966 2828 τὰς

2385 2860 2674 2926 γυναῖκας,
2729 2860 2818 2912 ὅτε
2889 2860 2982 2912 ἐπὶ
3033 2858 3124 2912 τὸν
3184 2860 3416 2930 σταυρὸν
3485 2858 3560 2922 ὡς
3607 2858 3966 2930 τροπαιοῦχος

2385 2950 2550 3021 ἀπῄει
2578 2952 2606 3003 ὁ
2638 2952 2874 3021 Χριστὸς
2927 2953 2989 3005 οὐ
3022 2953 3183 3022 μόνον
3213 2952 3314 3004 οὐκ
3349 2951 3669 3016 ἀπεδέξατο.
3701 2951 3838 3004 ἀλλὰ
3871 2952 3965 3005 καὶ

2385 3030 2724 3110 inuitantis;
2763 3041 2934 3111 Δῆλον
2958 3042 3068 3114 γὰρ
3101 3043 3183 3095 ὅτι
3215 3041 3292 3112 τῷ
3331 3041 3430 3112 μὲν
3463 3041 3651 3094 ἀκοντὶ
3705 3043 3965 3111 πάσχοντι

2385 3131 2418 3200 ἠ
2455 3131 2769 3201 συμπάθεια
2797 3133 3170 3204 παράκλησις,
3204 3132 3280 3202 τῷ
3310 3132 3365 3186 δὲ
3397 3133 3575 3186 ἑκοντὶ
3605 3131 3763 3203 ὓϐριν
3785 3133 3961 3202 φέρει.

2387 3222 2587 3294 ’Υϐρις
2633 3224 2746 3296 γὰρ
2783 3225 2977 3295 ἐκείνῳ
3005 3225 3067 3278 τὸ
3120 3223 3429 3294 συμπαθὲς,
3483 3217 3527 3292 ᾧ
3575 3222 3649 3293 μὴ
3699 3222 3760 3276 τὸ
3795 3223 3962 3288 πάθος

2385 3318 2716 3390 ἀϐούλητον.
2764 3321 2920 3374 Ἐπεὶ
2949 3321 3127 3374 τοίνυν
3155 3321 3251 3374 καὶ
3283 3320 3446 3382 αὐτὸς
3478 3318 3617 3372 ἑκὼν
3648 3321 3739 3373 ἐπὶ
3771 3319 3832 3372 es
3861 3318 3965 3373 πάι

2387 3410 2481 3474 θος
2515 3411 2740 3482 ἡρχετο,
2770 3413 2981 3466 καὶτὸν
3005 3412 3235 3466 θάνατον
3266 3411 3498 3475 σϐέσων,
3539 3411 3633 3464 καὶ
3659 3411 3749 3465 τὸν
3781 3412 3960 3466 διάδο-

2385 3503 2476 3556 λον
2506 3503 2842 3574 ὲκνευρίσων
2863 3522 2876 3535 ο
2899 3504 3157 3575 ἐθρήνουν
3182 3503 3237 3556 δὲ
3261 3505 3465 3557 ἐκεῖναι
3483 3503 3572 3560 τὸν
3600 3504 3737 3574 εὑιρη
3748 3502 3960 3573 μεῖσθαι

2384 3593 2478 3646 καὶ
2510 3593 2821 3663 κροτεῖσθαι
2843 3593 3052 3647 δίκαιον
3080 3593 3210 3647 ὄντα
3231 3610 3243 3624 ο
3267 3593 3354 3646 διὰ
3382 3593 3538 3646 τοῦτο
3564 3593 3676 3659 καὶ,
3705 3593 3781 3656 ὡς
3811 3593 3960 3663 νομί-

2387 3682 2540 3747 ζουσί
2581 3701 2743 3749 τινες,
2801 3686 3184 3757 κατηράσατο·
3235 3685 3310 3749 ὼς
3355 3685 3411 3738 δὲ
3457 3688 3490 3756 ἡ
3540 3685 3770 3755 ἀλήθεια
3827 3685 3956 3755 ἔχει,

2383 3781 2738 3851 προεμήνυσε
2769 3780 2837 3834 τὰ
2866 3781 3132 3852 μέλλοντα
3159 3783 3350 3844 αὑταῖς
3393 3779 3767 3851 συμϐήσεσθαι
3797 3782 3954 3835 κακά.

2383 3870 2711 3940 Θρηνεῖσθαι
2769 3871 2878 3942 γὰρ
2924 3872 2986 3924 οὐ
3036 3870 3196 3942 θέμις
3240 3871 3333 3924 τὸν
3389 3870 3818 3942 τροπωσάμενον
3863 3872 3960 3943 τὴν

2384 3963 2682 4033 ἁμαρτίαν,
2730 3964 2822 4016 καὶ
2861 3963 3162 4017 σπεύδοντα
3207 3964 3301 4016 ἐπὶ
3345 3963 3422 4034 τῷ
3475 3963 3685 4016 καὶτὸν
3737 3963 3959 4017 θάνατον

2385 4053 2720 4120 θανατῶσαι,
2754 4054 2848 4107 καὶ
2879 4054 2969 4106 τὸν
3017 4053 3264 4109 διάϐολον
3293 4055 3476 4124 δῆσαι,
3512 4052 3651 4106 ἀλλὰ
3693 4054 3786 4107 καὶ
3836 4053 3958 4114 τοὺς

2387 4145 2493 4197 ὑπὸ
2513 4144 2719 4197 τούτων
2747 4145 3003 4198 ἁπάντων
3031 4145 3256 4209 ἁλόντας
3286 4146 3420 4217 (77).

701 4225 902 4292 Opinio,
937 4227 1070 4282 diris
1105 4229 1251 4299 ipsas
1321 4229 1628 4300 deligebat;
1674 4241 1732 4286 ut
1774 4243 1956 4286 autem
2031 4234 2232 4290 veritas
2299 4235 2484 4301 liabet,
2544 4237 3018 4306 praesigniﬁcabat-
3055 4253 3118 4291 ea
3173 4253 3291 4306 quas
3340 4237 3472 4306 ipsis
3521 4250 3743 4292 ventura
3775 4247 3954 4292 essent

703 4318 863 4370 mala.
893 4317 1027 4372 Nam
1075 4319 1328 4391 lacrymis
1357 4336 1477 4376 eum
1516 4325 1768 4393 prosequi
1795 4323 1877 4380 fas
1910 4341 2013 4380 non
2045 4336 2146 4390 est,
2184 4329 2274 4397 qui
2317 4329 2382 4383 de
2409 4338 2636 4398 peccato
2670 4338 2930 4398 trapetum
2957 4330 3248 4393 statuebat,
3275 4338 3329 4382 et
3399 4342 3759 4398 praeterquam
3815 4331 3952 4398 quod

704 4408 772 4462 ad
804 4422 1027 4463 mortem
1058 4423 1231 4467 morte
1265 4413 1592 4469 multandam
1639 4416 1929 4472 festinabat
1960 4427 2014 4472 et
2054 4420 2119 4473 ad
2149 4419 2493 4476 vinciendum
2558 4423 2854 4488 diabolum,
2905 4422 2971 4476 ad
3036 4437 3129 4477 eos
3182 4436 3418 4492 quoque,
3455 4421 3544 4491 qui
3615 4423 3682 4475 ab
3737 4421 3819 4475 his
3845 4436 3954 4475 om-

704 4502 861 4557 nibus
901 4504 1095 4572 captivi
1133 4506 1471 4572 tenebantur,
1520 4509 1825 4566 liberandos
1859 4527 1917 4567 se
1941 4513 2279 4569 conferebat.

881 4615 1165 4671 CLXXXI.
1197 4647 1267 4658 —
1306 4618 1580 4674 HIERACI
1621 4623 2098 4681 PRESBY'I‘ERO.

705 4727 772 4783 1η
799 4728 955 4796 illud,
990 4749 1008 4782 ι
1056 4729 1235 4786 Nolite
1268 4743 1455 4787 sancta
1490 4736 1618 4788 dare
1658 4738 1878 4793 canibus
1910 4741 1975 4806 ",
2014 4759 2033 4793 ι
2079 4749 2133 4796 et
2159 4757 2279 4812 qua:

1321 4815 1643 4872 sequuntur.

777 4907 980 4964 Revera
1009 4911 1226 4983 dignum
1263 4915 1619 4973 admiratione
1661 4927 1746 4974 est
1795 4923 2100 4990 oraculum,
2134 4930 2275 4994 quod

782 5087 824 5118 ⁸⁸
851 5085 981 5144 Luc.
1011 5106 1167 5157 xxnt,
1191 5093 1281 5159 27,
1309 5094 1400 5149 28.
1477 5097 1518 5129 ¹⁹
1545 5096 1736 5155 Matth.
1771 5117 1868 5166 vn,
1904 5103 1956 5155 (i.

2663 4629 2837 4682 PHA’.
2869 4657 2940 4668 ——
2971 4627 3205 4682 IEPAKI
3242 4625 3712 4695 ΠΡΕΣΒΥΤΕΡῼ.

2391 4741 2493 4809 Εἰς
2523 4745 2614 4796 τό·
2642 4761 2659 4794 ι
2693 4741 2790 4810 Μὴ
2834 4740 2985 4797 δῶτε
3027 4741 3267 4864 τὰὲᾅχια
3317 4742 3440 4806 τοῖς
3499 4739 3663 4806 κυσί,
3701 4757 3720 4791 ι
3773 4738 3862 4792 καὶ
3890 4737 3953 4791 τὰ

3138 4829 3253 4864 ξηε.

3138 4829 3253 4879 ςης-

2461 4927 2668 4990 Ὄντως
2688 4925 3017 4995 ἀξιάγαστος
3049 4929 3078 4980 ὁ
3117 4926 3257 4988 θεῖος
3286 4925 3551 4997 χρησμὸς,
3592 4925 3650 4978 ὃν
3690 4925 3950 4996 ἑρμηνευ·

1788 5257 2024 5314 V'ARl/E
2067 5260 2445 5320 LECTIONES
2485 5265 2572 5320 ET
2606 5266 2836 5322 ΝΟΤᾹΞ.

779 5405 888 5485 (ῖϐ)
923 5408 1121 5482 anler
1159 5426 1246 5480 ep.
1282 5413 1408 5479 151,
1445 5415 1539 5470 lib.
1579 5433 1637 5485 ιι,
1676 5418 1902 5474 Videtur
1940 5419 2178 5475 alludere
2210 5422 2274 5475 ad

710 5476 1163 5561 Pythagoreorum
1183 5476 1523 5552 sapientiam.
1552 5481 1650 5562 Qui
1674 5490 1816 5542 enim
1843 5491 1908 5543 de
1936 5491 2041 5542 vita
2078 5490 2279 5562 Pytlia‘

711 5563 852 5612 gone
881 5559 1188 5606 accuratius
1221 5559 1569 5610 comruentati
1603 5568 1746 5622 sunt,
1806 5569 2077 5613 testantur
2125 5559 2276 5618 illum

710 5633 836 5694 snas
867 5622 1119 5684 quasdam
1160 5625 1409 5698 habuisse
1437 5627 1670 5697 ἐπῳδὰς,
1708 5629 1901 5698 quibus
1951 5645 2054 5683 non
2098 5631 2275 5685 minus

712 5701 1012 5768 animorum
1057 5695 1488 5768 perturbationes
1526 5695 1690 5764 quam
1723 5695 2009 5765 corporum
2048 5701 2269 5768 εῖδει-ἰω-

710 5762 863 5834 ιιι-ιιινδ
925 5763 1188 5834 depellere
1235 5766 1434 5834 ⁸ςυίίιυε
1489 5762 1577 5820 sit.
1641 5769 1772 5822 Vide
1818 5762 2178 5823 ἶηιηίιΙίρΙιῦιιι
2219 5783 2272 5822 et

711 5824 971 5879 Mali-lium
994 5824 1052 5881 in
1083 5830 1193 5885 Vita
1235 5831 1565 5906 l’yt’raguru‘.
1602 5839 1734 5904 Quid
1781 5851 1957 5895 autem
1990 5841 2052 5896 de
2085 5842 2270 5911 cpodis

2389 5425 2502 5476 sive
2531 5423 3006 5483 incantationibus,
3042 5439 3160 5490 quae
3200 5423 3591 5486 vetustissimo,
3623 5421 3717 5476 sed
3755 5426 3949 5488 Impro-

2388 5497 2514 5546 batu
2561 5510 2746 5555 more,
2801 5497 3052 5548 curandis
3097 5493 3407 5548 vulneribus
3461 5508 3522 5546 ac
3570 5492 3773 5546 morbis
3814 5494 3946 5545 adlu-

2386 5563 2604 5627 bentur,
2652 5564 2988 5616 sentiendum
3023 5565 3115 5628 sit,
3163 5563 3344 5616 muitis
3371 5564 3470 5618 SS.
3505 5562 3720 5614 Patrum
3771 5574 3950 5614 aucto-

2385 5635 2810 5686 ritatiliusdncui
2844 5635 2893 5685 in
2933 5633 3215 5688 Sncrnrnm
3247 5632 3544 5685 Lectionum
3577 5632 3746 5684 libris.
3778 5631 3930 5685 Πιττ.

2455 5704 2566 5770 (771)
2622 5704 2926 5767 Ἀλόνταςκ
2974 5704 3241 5758 Omissum
3304 5714 3358 5755 et
3391 5705 3688 5754 adllt‘lltlllill
3745 5704 3946 5755 videtur

2385 5782 2605 5828 verbum
2640 5773 2931 5841 λυτρῶται,
2972 5777 3046 5826 ιϊΙ
3078 5772 3480 5841 emissem-361'.
3542 5771 3702 5826 Rt".
