4150 6468
267 489 407 557 1273

1066 488 1605 550 EPISTULARUM
1633 487 1780 546 LIB.
1823 484 1920 543 IV.
1947 507 2014 517 -
2039 478 2279 540 EPIST.
2335 475 2712 537 CLXXXIII.

3412 472 3549 537 1271

261 599 427 671 ϐῆναί
452 615 534 654 σοι
566 597 979 672 παρεκελεύσω.
1020 600 1091 653 Τὸ
1112 600 1253 671 γάρ·
1288 617 1306 652 ι
1339 598 1430 669 Μὴ
1457 598 1592 652 δῶτε
1631 597 1699 650 τὰ
1718 595 1851 664 ἆγια

1957 594 2050 645 tibi
2084 590 2281 660 exponi
2323 588 2550 658 petiisti.
2612 585 2748 640 illud
2793 583 2937 638 enim
2982 583 3229 638 dictum:
3291 601 3310 635 ι
3369 584 3552 641 Nolite

257 695 377 756 τοῖς
403 693 551 758 κυσὶ,
588 691 723 762 μηδὲ
773 689 966 762 ῥίψητε
1000 693 1127 754 τοὺς
1173 693 1522 762 μαργαρίτας
1566 689 1721 761 ὑμῶν
1754 687 1854 757 ἐμ-

257 783 506 854 προσθεν
540 783 648 834 τῶν
673 785 895 852 χοίρων,
924 782 1135 853 μήποτε
1159 783 1627 852 καταπατήσωσιν
1651 779 1850 840 αὐτοὺς

255 877 376 938 τοῖς
408 875 569 928 ποσὶν
589 873 792 942 αΰτῶν,
841 873 934 926 καὶ
977 871 1314 943 στραφέντες
1344 872 1584 943 ῥήξωσιν
1618 872 1784 940 ὑμᾶς,
1823 887 1843 920 ›

254 965 503 1020 τοιοῦτόν
532 982 654 1018 τινα
679 965 862 1018 ὡδίνει
887 962 1033 1018 νοῦν.
1073 964 1295 1036 Ἐπειδὴ
1324 964 1478 1027 ἅγιος
1508 964 1602 1016 καὶ
1630 979 1848 1034 μαργαο

257 1056 420 1128 ρίτης
444 1055 613 1118 ὅντως
646 1054 1084 1126 τιμαλφέστατος
1114 1054 1142 1106 ό
1185 1054 1328 1117 θεῖος
1368 1054 1550 1120 λόγος,
1605 1051 1765 1114 κύνες
1790 1051 1847 1104 δὲ

255 1148 359 1200 καὶ
385 1149 558 1216 χοῖροι
592 1147 654 1198 οὐ
695 1146 856 1216 μόνον
888 1145 936 1197 oi
967 1147 1098 1215 περ)⁸
1126 1151 1196 1198 τά
1218 1144 1484 1215 δόγματα,
1512 1143 1650 1198 ἀλλά
1677 1142 1773 1198 καὶ
1797 1145 1846 1196 oi

254 1239 394 1309 περὶ
415 1236 513 1300 τάς
536 1237 767 1308 πράξεις
797 1236 1106 1303 πταίοντες,
1134 1237 1602 1306 καταπάτησιςίδὲ
1639 1239 1671 1307 ﬁ
1718 1236 1847 1306 περὶ

251 1329 441 1384 αὐτῶν
489 1327 604 1400 ἔρις
638 1330 731 1382 καὶ
780 1328 1110 1399 ζυγομαχία.
1153 1328 1262 1381 τῶν
1301 1329 1398 1398 μὲν
1442 1329 1541 1399 τὴν
1576 1328 1846 1401 ὀρθότητα

249 1420 369 1472 τῶν
399 1419 685 1490 δογμάτων
715 1418 1047 1490 ἀνατρέπειν
1077 1419 1461 1490 πειρωμένων,
1511 1418 1621 1472 τῶν
1647 1417 1703 1472 δὲ
1745 1419 1844 1488 τὴν

250 1512 490 1582 ἀρίστην
539 1511 817 1565 πολιτείαν
859 1511 1288 1582 ἐξυϐριζόντων
1339 1511 1496 1583 ῥῆξις
1521 1511 1578 1565 δὲ
1611 1510 1723 1564 τῶν
1751 1510 1844 1564 τὸν

251 1601 402 1654 θεῖον
427 1600 583 1670 λόγον
608 1602 1045 1672 πρεσϐευόντων,
1078 1603 1172 1656 καὶ
1198 1603 1306 1656 τῶν
1338 1604 1450 1674 (78)
1478 1603 1676 1674 ἄριστα
1702 1621 1844 1673 συμ-

249 1689 644 1754 ϐουλευόντων,
683 1691 717 1760 ἠ
747 1689 855 1744 τῶν
901 1693 1001 1744 οὑκ
1033 1691 1211 1764 ὀρθῶς
1265 1692 1527 1763 βιούντων
1559 1695 1842 1763 καταφρό-

247 1797 412 1850 νησις
439 1780 534 1834 καὶ
567 1781 762 1852 ἀτιμία
781 1798 795 1813 ο
819 1781 905 1835 διὰ
927 1781 1084 1835 τοῦτο
1107 1782 1213 1854 ἔφη
1233 1798 1247 1812 ·
1270 1783 1362 1854 Μὴ
1385 1780 1459 1847 ὼς
1486 1783 1689 1837 εὕωνόν
1718 1801 1838 1837 τινα

246 1873 350 1926 καὶ
381 1872 707 1943 εὐπόριστον
737 1873 959 1946 ρίπτετε
986 1874 1077 1927 τὸν
1103 1875 1284 1944 λόγον,
1321 1875 1408 1929 ἵνα
1437 1875 1512 1946 μὴ
1548 1877 1642 1929 καὶ
1678 1875 1839 1938 αὐτὸς

1954 695 2143 740 sancta
2203 684 2332 736 date
2387 681 2635 745 canibus,
2690 693 2868 746 neque
2924 677 3172 747 projicite
3224 681 3549 747 margaritas

1953 785 2164 830 vestras
2189 783 2316 828 ante
2344 788 2560 842 porros.
2597 771 2888 840 nequando
2915 772 3235 824 conculcent
3265 786 3358 825 eas
3399 774 3546 840 pedi-

1952 869 2052 921 bns
2074 870 2208 933 suis,
2244 877 2298 920 et
2330 867 2579 920 conversi
2627 867 2873 919 lacerent
2919 879 3050 928 vos;
3102 881 3121 914 ι
3171 863 3329 916 talem
3359 873 3550 932 quem-

1950 965 2071 1014 dam
2116 960 2258 1029 parit
2309 973 2552 1014 sensum.
2607 956 2743 1022 Quia
2800 955 3026 1009 verbum
3075 956 3317 1008 divinum
3348 967 3434 1028 est
3462 971 3549 1010 sa-

1949 1062 2320 1115 crosanctum,
2373 1059 2428 1104 et
2488 1049 2787 1120 margarita
2847 1063 3036 1103 revera
3094 1049 3545 1116 pretiosissima:

1947 1131 2120 1198 canes
2164 1151 2346 1196 autem
2394 1124 2448 1196 et
2497 1140 2647 1210 porci
2681 1150 2826 1206 sunt,
2872 1154 2981 1193 non
3030 1140 3205 1193 solum
3253 1141 3343 1209 qui
3403 1139 3550 1194 circa

1948 1238 2199 1309 dogmata
2230 1235 2563 1290 Christianus
2593 1233 2892 1304 religionis,
2921 1234 3016 1289 sed
3055 1235 3218 1288 etiam
3265 1236 3356 1303 qui
3400 1234 3546 1289 circa

1946 1328 2192 1382 actiones
2218 1327 2476 1382 labuntur
2509 1344 2522 1380 :
2561 1324 2904 1381 conculcatio
2935 1335 3119 1379 autem
3148 1333 3235 1378 est
3263 1323 3546 1378 contentio

1945 1428 2109 1488 atque
2154 1417 2497 1473 concertatio
2552 1415 2619 1470 de
2668 1415 2774 1470 illis
2830 1423 3107 1485 suscepta,
3147 1414 3274 1468 dum
3307 1414 3399 1468 alii
3451 1415 3549 1468 do-

1945 1517 2186 1580 gmatum
2219 1509 2607 1563 rectitudinem
2639 1509 3122 1576 sinceritatemque
3166 1515 3416 1562 evertere
3456 1522 3550 1561 co-

1945 1609 2176 1666 nantur;
2213 1599 2307 1654 alii
2347 1601 2611 1668 optimam
2652 1600 2871 1654 vivendi
2917 1604 3184 1653 rationem
3213 1599 3546 1652 contumelia

1945 1689 2206 1746 alliciunt.
2259 1689 2558 1746 Laceratio
2608 1692 2844 1759 denique
2901 1707 3093 1746 eorum
3149 1691 3239 1760 qui
3301 1691 3546 1744 divinum

1947 1782 2170 1836 verbum
2202 1789 2462 1852 tanquam
2501 1782 2667 1853 legati
2697 1784 3046 1843 annuntiant,
3067 1784 3386 1851 optimaque
3417 1783 3550 1835 dant

1949 1873 2200 1936 consilia,
2229 1885 2314 1928 est
2341 1884 2689 1944 contemptus
2732 1883 2788 1929 et
2828 1873 3150 1943 ignominia,
3173 1888 3278 1943 qua
3308 1888 3402 1928 eos
3432 1872 3549 1928 allio

243 1966 636 2037 παροινηθείη,
683 1967 776 2020 καὶ
841 1968 1000 2038 ὑμεῖς
1045 1966 1473 2039 κωμῳδηθείητε
1531 1968 1684 2039 παρά
1732 1968 1841 2020 τῶν

1945 1966 2093 2018 ciunt
2123 1967 2214 2035 qui
2245 1982 2354 2021 non
2398 1978 2548 2022 recte
2577 1967 2806 2032 vivunt;
2842 1969 2981 2021 hanc
3008 1967 3076 2020 oh
3108 1981 3328 2020 causam
3355 1966 3493 2020 dixit
3529 1983 3544 2021 :

241 2056 428 2126 ὀρθῶς
458 2057 568 2128 (79)
603 2058 772 2128 μηδὲν
806 2059 943 2129 μήτε
983 2057 1271 2126 λεγόντων,
1292 2060 1430 2129 μήτε
1461 2060 1838 2129 πραττόντων.

240 2143 408 2207 Τινὲς
440 2143 498 2196 δέ
535 2162 700 2212 φασιν
727 2146 828 2198 οὐκ
855 2145 965 2200 ἀπὸ
997 2146 1226 2211 σκοποῦ,
1252 2147 1333 2200 ὅτι
1356 2147 1451 2200 καί
1475 2147 1575 2218 τὴν
1607 2147 1841 2219 ίερωσύ-

239 2251 348 2304 νην
378 2234 688 2304 διαγορεύει
742 2234 817 2308 μὴ
862 2235 1083 2306 δοθῆναι
1133 2239 1245 2300 τοῖς
1275 2239 1536 2307 ἀσελγέσι
1581 2240 1677 2293 καὶ
1699 2240 1838 2293 ἀκα-

239 2324 486 2395 θάρτοις,
519 2326 605 2377 ἵνα
639 2327 713 2396 μὴ
744 2327 839 2380 καὶ
870 2326 1042 2395 αὐτὴν
1091 2326 1396 2398 ὐδρίσειαν,
1437 2331 1534 2383 καὶ
1559 2335 1702 2386 κατά
1727 2331 1836 2384 τῶν

236 2418 748 2487 χειροτονησάντων
797 2420 1117 2489 όρμήσαιεν,
1170 2419 1239 2490 ῆν
1285 2417 1431 2488 εἶχον
1484 2423 1592 2491 πρὸ
1647 2423 1839 2477 τούτου

239 2508 450 2579 σεμνὴν
479 2509 639 2572 δόξαν
669 2509 1122 2580 διαρρηγνύντες.
1151 2511 1213 2562 El
1236 2510 1292 2563 δὲ
1322 2512 1415 2562 καὶ
1442 2515 1557 2574 τοῖς
1585 2512 1838 2584 ἀμαρτά⁶

239 2615 398 2651 νουσι
429 2599 658 2664 λαῖκοίς,
701 2601 769 2652 τὰ
824 2599 941 2652 θεῖα
969 2599 1044 2670 μὴ
1087 2600 1330 2654 δίδοσθαι
1382 2602 1680 2673 μυστήρια,
1718 2605 1840 2656 ἐπί·

235 2705 462 2759 στησον.
498 2689 559 2744 Εἰ
589 2691 645 2744 δὲ
677 2692 768 2744 καὶ
796 2693 910 2754 τοῖς
943 2692 1439 2762 προσποιουμένοις
1477 2695 1578 2763 μὲν
1616 2695 1840 2764 προσιέ-

1942 2055 2020 2111 Ne
2049 2065 2304 2127 tanquam
2335 2074 2447 2112 rem
2479 2057 2716 2126 aliquam
2759 2057 2919 2112 vilem
2967 2072 3031 2111 ac
3078 2068 3270 2126 paratu
3330 2056 3545 2112 facilem

1945 2147 2196 2216 projicite
2221 2147 2469 2213 verbum,
2495 2163 2563 2202 ne
2591 2158 2645 2202 et
2678 2148 2858 2218 ipsum
2890 2148 3221 2201 contumelia
3255 2145 3544 2213 aliiciatur,

1947 2248 2002 2295 et
2028 2255 2122 2294 vos
2144 2240 2510 2295 traducamini
2537 2255 2602 2294 ac
2625 2239 2858 2294 ludibrio
2889 2237 3201 2293 habeamini
3233 2239 3302 2291 ab
3332 2238 3420 2303 iis,
3453 2237 3544 2307 qui

1951 2331 2086 2386 nihil
2111 2341 2257 2386 recte
2294 2347 2471 2400 neque
2505 2331 2713 2394 dicunt,
2739 2346 2918 2402 neque
2948 2327 3174 2384 faciunt.
3201 2328 3544 2383 Suntautetn

1946 2423 2037 2491 qni
2078 2437 2183 2476 non
2217 2423 2454 2478 absurde
2502 2423 2708 2489 dicant,
2753 2423 2899 2493 quod
2947 2422 3114 2476 etiam
3174 2422 3545 2476 sacerdotium

1947 2514 2236 2583 prohibeat
2257 2515 2376 2567 dari
2404 2515 2672 2583 improbis
2707 2524 2872 2582 atque
2910 2512 3162 2581 impuris,
3188 2527 3255 2566 ne
3288 2522 3340 2566 et
3368 2513 3545 2581 ipsum

1942 2604 2142 2674 injuria
2173 2604 2432 2674 alliciant,
2470 2615 2526 2660 et
2573 2606 2627 2660 in
2670 2620 2766 2660 eos
2819 2621 2849 2659 a
2901 2606 3100 2674 quibus
3135 2602 3292 2658 electi
3317 2614 3443 2657 sunt
3471 2604 3546 2658 ir-

1941 2705 2125 2761 ruant,
2180 2697 2381 2751 bonam
2416 2708 2582 2768 atque
2631 2699 2938 2763 honestam,
2977 2710 3084 2765 qua
3131 2697 3280 2764 prius
3333 2696 3544 2764 praediti

235 2799 331 2834 ναι
378 2785 444 2852 τῇ
494 2782 698 2847 πίστει,
748 2781 825 2853 μὴ
880 2783 1273 2852 ἀφισταμένοις
1312 2784 1369 2836 δὲ
1410 2784 1520 2839 τῶν
1552 2785 1837 2856 παρόντων

1941 2797 2119 2852 erant,
2157 2789 2621 2845 existimationem
2677 2789 3068 2843 dilacerantes.
3100 2787 3255 2854 Quod
3291 2789 3335 2841 si
3377 2789 3542 2841 etiam

231 2872 714 2942 ἐπιτηδευμάτων,
766 2873 1105 2944 ἀπαγορεύει
1144 2875 1207 2926 τὸ
1255 2874 1411 2928 Θεῐον
1463 2877 1703 2931 δίδοσθαι
1739 2877 1836 2948 βά-

1941 2880 2291 2948 peccantibus
2347 2880 2502 2936 laicis
2553 2883 2762 2936 dixeris
2814 2895 2919 2934 non
2973 2895 3094 2934 esse
3145 2880 3320 2933 danda
3361 2879 3545 2934 divina

237 2982 480 3035 πτισμα,
516 2966 834 3035 ἐπίστησον.

1941 2971 2216 3040 mysteria,
2251 2972 2392 3026 scias
2422 2981 2477 3027 te
2505 2981 2653 3026 recte
2693 2973 2964 3041 accipere.
3003 2970 3060 3025 Si
3095 2971 3335 3038 denique
3370 2970 3538 3024 etiam

233 3058 464 3122 dixeris,
505 3061 646 3126 quod
700 3061 983 3126 prohibeat
1032 3058 1272 3113 divinum
1332 3062 1601 3130 intpartiri
1653 3063 1980 3132 baptismum
2019 3065 2150 3129 illis,
2209 3067 2300 3135 qui
2360 3066 2620 3120 simulant
2683 3067 2929 3136 quidem,
2995 3080 3054 3119 se
3081 3066 3148 3119 ad
3186 3064 3344 3122 Iidem
3379 3061 3537 3119 Chri-

233 3152 470 3205 stianam
505 3151 769 3206 accedere
800 3191 817 3216 ,
848 3155 942 3207 sed
972 3155 1189 3209 interim
1244 3170 1349 3207 non
1387 3157 1653 3210 desistunt
1688 3172 1718 3210 a
1763 3160 2129 3230 praesentibus
2190 3163 2313 3216 vitae
2349 3161 2632 3226 institutis,
2663 3161 2801 3215 scito
2847 3158 2984 3214 nihil
3059 3169 3112 3217 te
3151 3176 3180 3214 a
3251 3175 3381 3215 vero
3442 3163 3542 3213 ab-

231 3258 444 3300 errare.

553 3365 726 3420 PHB’.
769 3395 841 3408 -
886 3367 1150 3438 tmere
1186 3365 1512 3437 ΔΙΑΚΟΝῼ.

238 3474 357 3533 Τοῦ
385 3478 727 3546 ψαλτηρίου
749 3519 760 3532 .
803 3480 944 3547 Περὶ
973 3480 1086 3559 τῇς
1117 3479 1238 3532 τῶν
1289 3478 1552 3548 Ψαλμῶν
1594 3480 1832 3553 smmu-

948 3568 1093 3618 φης·

313 3661 442 3713 Ὅτε
476 3660 575 3728 μὲν
603 3662 632 3713 ὁ
661 3661 968 3726 Μελοποιδς
996 3663 1280 3734 ἐμελῴδει,
1309 3665 1658 3735 ἐπεγράφετο
1689 3665 1830 3736 ψαλ-

237 3752 378 3822 μόςο
416 3751 550 3821 ’ῼδὴ
587 3750 666 3817 τῷ
695 3755 876 3807 Δαόίδ
905 3755 1039 3824 (80).
1075 3756 1206 3808 Ὅτε
1240 3756 1296 3808 δὲ
1329 3756 1492 3819 αὐτὸς
1531 3758 1629 3826 μὲν
1663 3757 1829 3827 ἐμελ-

232 3843 385 3912 ῴδει,
435 3843 594 3906 ἄλλος
625 3845 681 3896 δὲ
741 3845 1074 3915 ὲμελοποίει,
1126 3847 1158 3916 ἦ
1210 3848 1292 3910 είς
1354 3848 1518 3901 αὑτὸν
1572 3847 1633 3900 τὸ
1669 3847 1830 3918 μέλος

233 3933 371 4004 παρ’
405 3933 580 3987 ἄλλων
607 3935 786 4006 ᾔδετο,
819 3937 851 4007 ἢ
881 3940 962 4000 είς
989 3939 1081 3991 τὸν
1105 3938 1162 4004 ὲξ
1189 3937 1356 3992 αὑτοῦ
1387 3939 1448 3992 τὺ
1483 3940 1626 3993 κατά
1651 3941 1832 4010 σάρκα

233 4025 474 4094 Χριστὸν
505 4027 771 4096 ἀνήγετο,
812 4029 1063 4098 Ψαλμὸς
1101 4029 1182 4094 τῷ
1216 4031 1415 4085 Δαϐίδ.
1455 4033 1529 4084 Οὐ
1561 4033 1669 4103 γὰρ
1695 4033 1833 4085 ἰτάν⁸

231 4132 328 4177 τες
371 4116 419 4166 οἱ
477 4117 816 4186 μελογρ’ἁφοι
869 4115 1032 4193 ᾖδον,
1091 4120 1213 4173 οὐδὲ
1264 4122 1466 4183 πάντες
1510 4122 1558 4173 οί
1614 4121 1834 4192 ᾄδοντες

233 4205 689 4275 ἑμελογράφουνο
742 4207 858 4260 ἀλλ’
908 4210 958 4261 οί
1001 4209 1102 4280 μὲν
1126 4211 1308 4272 τοῦτο,
1367 4224 1414 4264 οι
1445 4210 1501 4264 δὲ
1538 4213 1752 4264 ἐκεῖνοο
1781 4213 1831 4265 oi

234 4296 294 4350 δὲ
322 4299 415 4350 καὶ
447 4299 736 4367 ἀμφότερα
759 4299 1170 4368 διεπράττοντο,
1197 4300 1292 4354 τοῦ
1330 4300 1476 4354 θείου
1510 4302 1832 4373 Πνεύματος

232 4389 455 4460 ἑκάστῳ
492 4391 550 4442 τὸ
577 4391 887 4461 πρόσφορον
909 4393 1298 4462 ἀπονέμοντος.

2196 3369 2504 3425 CLXXXII.
2533 3399 2604 3410 -
2635 3369 2911 3425 15100110
2949 3368 3271 3424 οιΑϐοΝο.

2116 3482 2203 3539 Ea:
2226 3483 2515 3546 Psalterio,
2535 3483 2598 3536 de
2625 3482 2968 3536 Paulinorum
2992 3483 3360 3551 inscriptione.

2006 3658 2234 3725 Quando
2281 3660 2395 3729 ipse
2425 3659 2766 3716 Psalmorum
2801 3669 2998 3716 auctor
3040 3661 3295 3727 canebat,
3345 3661 3547 3718 inscri-

1933 3752 2160 3806 hebatur
2210 3752 2471 3822 psalmus,
2505 3751 2619 3807 Ode
2651 3752 2861 3807 Dauidi.
2895 3754 2964 3806 At
2992 3755 3213 3825 quando
3235 3755 3352 3824 ipse
3376 3753 3540 3825 517

1939 3843 2156 3912 quidem
2213 3845 2464 3908 canebat,
2517 3845 2662 3899 alius
2704 3859 2836 3900 vero
2891 3848 3081 3900 modos
3138 3845 3395 3911 faciebat,
3453 3849 3542 3901 vel

1938 3933 2159 4001 quando
2189 3933 2257 3986 ab
2284 3935 2405 3989 aliis
2432 3949 2652 3988 carmen
2699 3936 2751 3988 in
2790 3935 2965 4004 ipsum
3001 3936 3318 4001 cauebatur,
3354 3934 3439 3991 vel
3472 3937 3541 3992 ad

1939 4017 2246 4085 Christum,
2292 4021 2386 4089 qui
2418 4036 2484 4075 ex
2524 4022 2640 4090 ipso
2691 4023 2988 4076 secundum
3018 4038 3239 4078 carnem
3270 4035 3390 4080 erat
3442 4041 3542 4080 na-

1937 4111 2199 4177 sciturus,
2235 4114 2595 4178 relerebatur,
2650 4115 2938 4184 inscriptio
2979 4117 3143 4170 fiebat
3191 4117 3308 4171 haec
3337 4135 3351 4170 :
3379 4115 3540 4171 Psal-

1937 4219 2052 4256 mus
2082 4202 2294 4258 Damdi.
2328 4203 2443 4258 Non
2498 4206 2644 4260 enim
2693 4221 2888 4262 omnes
2920 4210 3013 4277 qui
3058 4223 3278 4262 cannea
3313 4223 3543 4278 compo-

1936 4298 2159 4363 nebant,
2180 4298 2346 4351 etiam
2371 4297 2642 4352 canebant
2666 4317 2680 4354 :
2719 4315 2898 4369 neque
2917 4315 3110 4354 omnes
3133 4301 3226 4368 qui
3245 4303 3538 4366 cauebant,

1932 4391 2096 4445 etiam
2128 4403 2349 4443 carmen
2376 4391 2820 4457 componebant;
2855 4394 2950 4447 sed
2980 4393 3070 4444 alii
3113 4393 3242 4456 hoc,
3277 4393 3367 4446 alii
3406 4391 3537 4446 illud

234 4482 533 4544 iaciebant,
565 4484 652 4536 alii
686 4500 816 4539 vero
838 4487 1000 4539 etiam
1029 4497 1340 4555 utrumque,
1367 4487 1550 4542 divino
1577 4490 1825 4544 videlicet
1867 4485 2075 4556 Spiritu
2110 4482 2408 4551 unicuique
2442 4483 2515 4549 id,
2549 4483 2691 4552 quod
2730 4484 2831 4554 ipsi
2857 4487 3193 4541 conveniens
3259 4498 3312 4543 et
3349 4497 3538 4556 aptum

231 4585 403 4636 esset.
441 4578 793 4631 attrihueute.

506 4692 676 4745 Pili".
709 4720 780 4733 η-
812 4693 1046 4764 namq
1090 4693 1389 4766 ΔΙΛΚΟΝῼ
1427 4697 1561 4761 (8l).

246 4797 380 4854 Ἐπὶ
405 4797 509 4866 τῆς
538 4799 700 4866 θείας
715 4801 1040 4869 ἐνεργείας,
1066 4802 1130 4855 τὸ
1153 4802 1285 4868 Πῶς
1300 4803 1388 4871 μὴ
1410 4803 1592 4873 ἐχέτω
1603 4804 1821 4874 χώραν.

310 4977 419 5043 (82)
459 4979 690 5053 Ὀτανή
738 4980 858 5035 θεία
896 4983 1125 5052 δύναμις
1175 4948 1410 5055 ἐνεργῇ.
1461 4985 1522 5039 τὸ
1575 4986 1698 5049 Πῶς
1749 4990 1822 5062 μὴ

234 5069 411 5143 ἐχέτω
455 5071 662 5145 χώραν.
694 5074 757 5126 Εἰ
787 5075 897 5146 γάρ
925 5075 1097 5129 πολλά
1142 5075 1284 5148 ὑπὲρ
1315 5075 1499 5145 φύσιν,
1543 5078 1641 5131 καὶ
1674 5078 1823 5146 λογι-

2223 4689 2553 4743 CLXXXIII.
2578 4722 2639 4733 —-
2660 4690 2890 4746 PAULO
2929 4692 3249 4747 DHCONO.

1933 4803 2066 4859 Cum
2092 4803 2230 4858 Deus
2259 4804 2465 4873 aliquid
2484 4805 2649 4926 facit}
2668 4803 3192 4870 qttmslt'o,quomodo
3215 4845 3227 4866 ,
3266 4819 3328 4857 ne
3349 4804 3537 4858 habent

2656 4890 2831 4926 acum.

2656 4890 2831 4930 acum.

2008 4986 2237 5052 Quando
2297 4987 2478 5039 divina
2523 4988 2763 5055 potentia
2803 4986 3011 5055 aliquid
3068 4997 3350 5054 operatur,
3380 5003 3519 5057 qua:-

1933 5081 2058 5141 stio,
2086 5080 2396 5148 quomodo,
2427 5093 2494 5133 ne
2531 5078 2728 5133 habeat
2755 5077 2955 5133 locum.
2995 5076 3132 5132 Nam
3189 5089 3311 5135 utut
3365 5079 3537 5133 multa

1343 5247 1580 5304 VARIA‘I
1619 5248 2008 5307 LECTIONES
2049 5250 2137 5307 ΕΤ
2171 5251 2408 5311 ΝΟΤᾸΕ.

310 5407 421 5479 (78)
449 5408 598 5463 Inter
625 5406 734 5460 τῶν
757 5414 809 5462 ct
839 5407 1037 5477 ἄριστα
1060 5407 1180 5462 cod.
1210 5407 1334 5462 Val.
1353 5407 1460 5463 6‘30
1498 5409 1688 5462 inserit
1720 5408 1791 5462 τὰ

243 5480 395 5533 ι’ρτς.
433 5481 555 5530 inde
583 5479 640 5533 2.
673 5479 808 5530 tollit
840 5479 982 5533 τινά.
1016 5479 1224 5532 Possm.

309 5549 421 5618 (79)
473 5549 678 5619 Ὀρθῶς
731 5558 902 5600 mutat
949 5550 1000 5601 in
1047 5547 1226 5619 ὀρθόν,
1273 5549 1425 5619 Vc‘rs.
1464 5549 1589 5603 inde
1620 5549 1686 5607 5,
1721 5567 1817 5619 pro

237 5622 297 5674 αἱ
313 5617 409 5690 τὴν
443 5617 721 5687 ὑϐρίσειαν
756 5619 945 5673 scribit
992 5617 1274 5688 εἰςαύτὴν
1304 5618 1602 5687 ὑϐρίτοιεν.
1666 5617 1814 5675 vers.

279 5708 364 5744 vn.
389 5705 475 5754 ep.
506 5690 787 5756 παρόντων
814 5700 982 5740 mutat
1017 5692 1067 5743 in
1094 5690 1517 5758 παρανόμων,οι
1555 5704 1695 5745 vers.
1719 5694 1815 5745 ult.

279 5708 364 5744 vn.
389 5707 475 5754 ep.
506 5707 787 5756 παρόντων
814 5707 982 5740 mutat
1017 5707 1067 5743 Ill

239 5707 533 5827 επίττησον
567 5775 615 5811 ιιι
653 5757 967 5825 ἐπίσκεψαι.
1004 5761 1075 5812 lo.

311 5829 430 5899 (80)
462 5830 592 5880 Col.
632 5827 752 5899 Vat.
795 5829 899 5899 630
955 5829 1157 5882 Otttillil
1205 5827 1317 5899 ᾠδὴ
1366 5828 1440 5896 τῷ
1487 5831 1670 5893 Δαϐίδ,
1723 5846 1817 5897 pro

244 5901 330 5956 llis
356 5898 527 5952 solum
561 5912 674 5967 pos:
714 5897 926 5967 ψιλμὶς
959 5914 1163 5969 ponens
1192 5897 1283 5951 τοῦ
1308 5897 1497 5955 Δαϐίδ.
1524 5904 1597 5956 lo.

2001 5411 2111 5481 (8l)
2140 5412 2430 5492 Inscriptio
2455 5414 2648 5492 deerat
2694 5415 2745 5470 in
2760 5415 3018 5492 editione
3047 5417 3377 5489 Parisiensi;
3404 5435 3528 5492 sup-

1928 5482 2105 5550 pletur
2142 5499 2205 5537 ex
2237 5482 2423 5540 codice
2455 5484 2718 5540 Vaticano
2752 5487 2878 5541 650.
2913 5487 3067 5543 Εοιτ.

2000 5554 2114 5630 ($2)
2153 5554 2351 5630 Confer
2378 5557 2539 5630 epist.
2564 5557 2669 5630 ῥῖϐ
2703 5557 2792 5611 lib.
2819 5567 2928 5630 t._et
2956 5559 3098 5630 quod
3118 5558 3250 5630 alibi
3275 5571 3357 5614 est
3393 5564 3534 5630 apud

1926 5622 2424 5699 lsitlnrutn,__éwito;'
2441 5627 2548 5690 πᾶς
2564 5626 2720 5692 λόγος
2753 5627 2890 5699 μετὰ
2921 5622 3021 5698 τῆν
3043 5629 3193 5682 θείαν
3219 5622 3536 5699 ψῆφον.’81ο

1925 5693 2174 5768 Justinus
2204 5694 2414 5768 illartyr
2463 5715 2474 5750 :
2510 5699 2698 5768 σαφὴς
2754 5693 2986 5768 ἔλεγχος
3017 5693 3386 5764 ἀπιστίας”τὸ
3419 5702 3537 5768 πῶς

1929 5764 2057 5831 περὶ
2095 5763 2471 5841 Θεοῦ-λέγειν..
2503 5763 2915 5841 δίιιιίίιειμιιιιιιιξί
2947 5771 3146 5823 habent
3187 5763 3533 5841 D.Chry80;

1929 5845 2160 5956 ignauus.
2222 5837 2544 5893 Ambrosius
2597 5848 2648 5895 ct
2690 5839 2806 5904 alii,
2856 5853 2975 5909 quae
3024 5855 3191 5910 parco
3232 5837 3531 5899 ascribere.

1983 5917 2090 5956 nr.

1983 5917 2090 5958 I‘IT.
