4150 6500
665 415 802 484 1275

1857 407 1917 469 s.
1955 407 2247 469 lSIDORI
2293 394 2746 470 :PELusmm
2801 359 2804 362 ’

3777 388 3926 460 1276

663 547 829 601 supra
860 541 1107 585 naturam
1170 536 1438 594 supraque
1495 521 1970 598 ratiocinationum
2012 523 2235 591 (Iinma-

2341 518 2491 586 σμῶν
2537 516 2882 580 ἀκολουθίαν,
2917 513 3009 567 καὶ
3037 511 3228 598 γέγονε
3265 511 3358 565 καὶ
3391 510 3634 578 γίνεται,
3669 506 3784 562 ἀλλ’
3821 505 3923 560 οὗ-

664 623 879 690 narum)
902 633 1118 674 sensum
1142 626 1194 672 et
1227 613 1665 682 consequentiam
1701 621 1810 666 tum
1839 612 1980 666 facta
2014 612 2231 672 fuerint,

664 709 968 765 ttt'utadltuc
1000 708 1128 760 (latnt
1157 724 1170 759 :
1202 705 1331 759 nihil
1368 714 1546 758 tamen
1595 703 1653 756 fit.
1694 717 1854 770 supra
1922 703 2107 764 Deum,
2137 701 2228 768 qui

667 801 811 854 nullo
843 800 1054 868 negotio
1084 800 1246 852 etiam
1279 810 1340 850 ea
1367 810 1487 866 quae
1517 809 1667 865 spem
1702 810 1919 850 omnem
1961 802 2234 863 superent,

666 901 938 960 operatur.

755 1001 1077 1056 CLXXXIV.
1103 1030 1171 1044 -—
1195 999 1573 1067 ΜΑΒΤΙΑΝΟ,
1605 999 1873 1066 ZOSIMO,
1898 998 2173 1054 MAIKONI.

689 1087 785 1145 III
817 1089 1136 1160 Regnorum.
1164 1089 1315 1155 Quod
1341 1091 1570 1160 injustas
1621 1108 1723 1145 non
1762 1091 1970 1160 effugiet
2012 1107 2237 1160 panum,

1207 1165 1340 1214 sicut
1375 1177 1534 1230 neque
1564 1161 1718 1216 loco.

735 1272 888 1339 Quod
919 1271 1112 1341 impius
1139 1286 1243 1325 non
1285 1285 1547 1326 evasurus
1593 1269 1664 1325 sit
1700 1269 2229 1324 animadversionem

670 1364 997 1436 (divinam),
1043 1365 1137 1419 sed
1164 1369 1255 1417 aut
1282 1363 1333 1417 in
1358 1364 1479 1428 bac,
1509 1372 1601 1417 aut
1649 1363 1701 1417 in
1729 1362 1900 1418 altera
1950 1363 2056 1417 vita
2089 1372 2240 1418 certo

670 1453 945 1510 subiturus
974 1453 1297 1523 supplicium
1327 1471 1340 1508 :
1380 1454 1533 1507 multi
1576 1468 1703 1507 vero
1725 1453 2034 1524 utrobique,
2066 1461 2119 1508 et
2155 1454 2242 1507 hic

668 1554 723 1598 et
748 1543 853 1598 illic
876 1546 1200 1613 puniantur;
1239 1545 1289 1600 id
1327 1559 1432 1600 non
1465 1549 1650 1599 nostra
1682 1549 1889 1598 tantum
1939 1545 2231 1598 ratiocina-

669 1637 746 1690 tio
775 1635 1146 1706 collectioque,
1193 1637 1287 1692 sed
1324 1643 1379 1691 et
1417 1636 1594 1691 divina
1651 1636 1870 1690 oracula
1922 1643 2239 1708 suggerunt.

638 1722 748 1777 ’Λα
785 1723 962 1792 plures
985 1723 1202 1791 quidem
1226 1724 1391 1793 (quos
1422 1737 1521 1793 pro
1556 1721 1807 1792 exemplo
1839 1722 2107 1778 adducere
2137 1735 2238 1791 po-

671 1813 875 1883 teram)
905 1814 1368 1883 inpraesentiarum
1399 1814 1682 1878 omittam,
1714 1815 1806 1869 sed
1864 1815 2022 1870 unius
2089 1829 2241 1870 men-

669 1904 870 1959 tionem
911 1903 1128 1972 faciam,
1154 1916 1210 1960 et
1255 1907 1472 1974 quidem
1525 1904 1788 1974 ejusmodi
1837 1906 2074 1961 hominis
2109 1907 2228 1975 qui,

673 1997 886 2049 tametsi
932 1996 1213 2051 ‘videretur
1239 1996 1502 2065 sapientia
1532 1998 1763 2068 quadam
1798 2008 1962 2066 atque
2020 1996 2240 2053 vafritie

671 2096 770 2137 sua
831 2082 1205 2153 impunitatem
1264 2085 1367 2162 sibi
1433 2086 1778 2148 conciliasse.
1813 2095 1996 2140 tamen
2057 2099 2245 2155 pinnas

671 2171 904 2241 eﬂ‘ugere
936 2188 1041 2230 non
1072 2175 1261 2244 potuit.
1290 2174 1445 2242 Joab,
1483 2176 1570 2234 ille
1605 2176 1824 2233 Davidis
1879 2178 2084 2233 militia:
2110 2177 2242 2246 dux,

672 2265 851 2319 animo
875 2265 1242 2334 imperatorio,
1267 2275 1322 2322 et
1343 2267 1534 2322 robore
1568 2277 1624 2322 et
1649 2269 1809 2324 hasta
1840 2268 2090 2340 insignis,
2120 2283 2243 2323 cum

671 2355 902 2425 collegas
935 2354 1197 2425 quoSdam
1225 2373 1370 2422 suos,
1407 2373 1511 2428 qua
1549 2359 1772 2426 invidia,
1804 2374 1909 2428 qua
1956 2357 2143 2413 fraude
2177 2360 2244 2413 de

673 2445 850 2498 uiedio
869 2444 1201 2510 sustulisset,
1233 2446 1451 2500 tandem
1492 2447 1688 2500 divina:
1713 2448 1940 2517 iustitiae
1979 2448 2240 2504 ultionem

673 2548 778 2587 non
800 2533 974 2588 latuit.
1003 2533 1136 2588 Nam
1161 2551 1281 2590 cum
1309 2536 1649 2591 existimaret
1686 2552 1745 2592 se
1767 2548 1884 2592 arte
1907 2545 2069 2607 atque
2092 2549 2246 2594 astu~

673 2622 744 2675 tia
799 2624 1031 2690 quadam
1069 2626 1209 2680 banc
1259 2625 1547 2696 depulisse,
1581 2626 1847 2682 Adoniam
1894 2628 2239 2684 all'ectantent

674 2717 1170 2782 regnum,amicum
1207 2733 1314 2772 non
1379 2728 1463 2774 est
1519 2730 1823 2786 aversatus,
1855 2721 1948 2777 sed
1999 2737 2124 2776 eum
2187 2722 2239 2776 in

671 2805 934 2862 electione
967 2809 1168 2874 adjuvit
1201 2823 1436 2878 sperans
1496 2808 1635 2877 fore,
1663 2819 1721 2865 ut
1773 2813 1872 2883 hoc
1919 2822 2078 2882 pacto
2137 2827 2244 2867 non

673 2898 844 2950 solum
873 2900 1191 2968 supplicium
1223 2901 1460 2958 caedibus
1485 2918 1512 2956 a
1541 2917 1598 2958 se
1622 2906 1948 2974 perpetratis
1992 2905 2234 2960 debitum

672 2984 948 3054 «ﬁngeret,
981 2990 1024 3041 sl
1071 2989 1218 3054 prius
1262 2991 1692 3048 benevolentiam
1745 2995 1845 3050 sibi
1904 2995 2252 3066 adjunxisset

671 3076 794 3129 novi
835 3077 995 3146 regis,
1033 3092 1215 3133 verum
1247 3079 1349 3135 hoc
1406 3081 1636 3151 amplius
1665 3085 1894 3154 gratiam
1931 3099 2146 3155 quoque
2176 3088 2245 3140 ab

670 3166 786 3236 ipso
818 3167 979 3223 iniret
1012 3183 1027 3222 :
1054 3172 1149 3225 sed
1177 3171 1348 3241 magis
1397 3183 1678 3243 propterea
1712 3172 1930 3244 punitus
1966 3187 2069 3232 est.
2101 3174 2239 3231 Nam

2339 612 2425 664 δέν
2450 613 2596 662 ἐστιν
2622 610 2761 679 ὑπὲρ
2778 607 2929 672 Θεὸν,
2954 604 3044 657 τὸν
3074 597 3330 673 εὐμαρῶς
3355 601 3449 654 καὶ
3471 601 3540 654 τὰ
3565 601 3694 672 παρ’
3724 597 3924 652 ἑλπίδι

2336 702 2531 772 δημιου
2541 699 2791 772 ργοῦντα.

2483 994 2647 1046 ΡΠΔ’.
2683 1017 2751 1034 -ν
2789 987 3170 1058 ΜΑΡἸΊΑΝῼ,
3212 985 3479 1044 ΖΩΣΙΜΩ,
3525 978 3805 1036 ΜΑΡΩΝῘ.

2339 1082 2675 1140 Βασιλειῶν
2714 1081 2968 1151 τηβοτι
3016 1077 3363 1151 παριίφςομος
3411 1078 3484 1151 of)
3533 1069 3920 1141 διαφεύξεται

2787 1149 2986 1218 δίκην,
3010 1150 3089 1214 ὡς
3101 1145 3107 1146 ⁷
3120 1147 3262 1201 οὐδὲ
3305 1145 3478 1199 Ἰωάϐ.

2413 1269 2537 1321 Ὀτι
2575 1266 2890 1334 παράνομος
2919 1263 2981 1316 οὐ
3009 1259 3354 1329 διαφεύξεται
3379 1261 3477 1329 τὴν
3520 1259 3696 1328 δίκην,
3733 1259 3850 1312 ἀλλ’
3887 1261 3920 1330 ἦ

2341 1358 2571 1415 ἐνταῦθα
2601 1357 2634 1426 ἢ
2659 1355 2870 1409 ἐκεῖθεν
2906 1353 3277 1425 τηρηθήσεται
3309 1350 3442 1421 (85)·
3481 1350 3664 1404 πολλοὶ
3686 1351 3742 1404 δὲ
3774 1352 3924 1404 κάν-

2341 1451 2513 1506 ταῦθα
2545 1449 2769 1504 κάκεῖσε
2805 1445 3249 1516 ὲτιμωρήθησαν,
3283 1443 3381 1512 οὐχ
3424 1441 3450 1493 ό
3481 1443 3747 1513 ἡμέτερος
3771 1442 3926 1509 λογι-

2345 1542 2476 1612 σμὸς
2506 1538 2817 1602 ὑποϐάλλει,
2834 1535 2970 1591 ἀλλὰ
2995 1535 3091 1590 καὶ⁸
3107 1534 3174 1587 τὰ
3191 1534 3311 1586 θεῖα
3331 1534 3506 1601 λόγια.
3531 1533 3672 1595 Τοὺς
3699 1532 3799 1604 μὲν
3825 1529 3927 1585 οὖν

2343 1634 2571 1698 πολλοὺς
2602 1629 2941 1702 παραλείψω·
2977 1628 3096 1690 ἑνὸς
3117 1626 3173 1680 δὲ
3201 1623 3703 1696 ἐπιμνησθήσομαι,
3732 1623 3928 1688 δόξαν·

2343 1744 2433 1791 τος
2456 1725 2622 1797 σοφίᾳ
2646 1723 2755 1777 τινὶ
2777 1723 2870 1775 καὶ
2889 1717 3199 1790 πανουργίᾳ
3225 1715 3690 1770 κατεσκευακέναι
3718 1715 3778 1768 τὺ
3809 1715 3932 1767 δια-

2272 1859 2317 1920 B
2344 1817 2567 1888 φεύγειν
2600 1814 2711 1886 (84)
2738 1813 2837 1885 τὴν
2863 1812 3041 1880 δίκην,
3061 1810 3170 1914 καὶ,
3194 1809 3269 1882 μὴ
3295 1806 3617 1920 δυινηθέντος
3670 1808 3698 1859 ό
3742 1805 3928 1920 ’ἐωὰϐζ

2342 1904 2492 1963 δ’τοῢ
2514 1903 2676 1960 Δασὶδ
2702 1901 3007 1974 στρατηγὸς
3025 1941 3040 1966 ,
3071 1898 3266 1971 γνώμῃ
3307 1897 3406 1968 μὲν
3442 1897 3804 1968 στρατηγικῇ,
3830 1896 3931 1949 καὶ

2345 1999 2504 2072 ῥώμη
2531 1997 2626 2053 καὶ
2649 1996 2835 2069 δόρατι
2857 1992 3198 2064 διαπρέπων,
3225 1989 3406 2061 φθόνῳ
3429 2005 3490 2042 τε
3520 1989 3614 2042 καὶ
3641 1987 3779 2058 δόλῳ
3799 1988 3931 2050 τοὺς

2347 2087 2902 2163 συστρατηγήσαντας
2925 2081 3158 2148 ἀνελὼν,
3185 2082 3285 2136 οὐκ
3311 2079 3502 2134 ἔλαθεν
3542 2080 3620 2143 εις
3648 2078 3799 2141 τέλος
3825 2077 3932 2149 τὴν

2344 2179 2520 2249 δίκην.
2552 2175 2800 2249 Νομίσας
2831 2175 2939 2247 γὰρ
2961 2173 3121 2245 τέχνῃ
3148 2172 3255 2225 τινὶ
3277 2171 3371 2224 καὶ
3403 2168 3609 2241 μεθόδῳ
3638 2167 3929 2238 διακρούε-

2345 2271 2470 2326 σθαι
2520 2270 2747 2340 ταύτην,
2795 2267 2888 2322 τὸν
2929 2265 3191 2320 ’Δδωνίαν
3226 2260 3581 2333 βασιλειῶντα
3631 2259 3787 2329 φίλον
3825 2259 3931 2314 οὐκ

2344 2362 2725 2433 ἀπεστρέψατο
2761 2359 2895 2430 (85),
2930 2356 3067 2412 ἀλλὰ
3114 2351 3450 2424 συνέπραξεν
3491 2353 3569 2416 είς
3604 2350 3703 2421 τὴν
3749 2367 3929 2422 χειρο-

2343 2454 2544 2518 τονίαν,
2583 2450 2920 2523 προσδοκῶν,
2964 2447 3039 2520 μὴ
3082 2448 3242 2519 μόνον
3273 2443 3678 2514 ἀποφεύξεσθαι
3712 2444 3811 2513 τὴν
3845 2460 3928 2495 τι-

2347 2547 2560 2618 μωρίαν
2587 2540 2661 2602 ὧν
2694 2543 2897 2614 ἔπραξε
2932 2541 3044 2614 (86)
3076 2541 3275 2612 φόνων,
3314 2542 3362 2594 εί
3410 2536 3930 2609 προεξευμενίσαιτο

2342 2640 2434 2693 τὸν
2459 2637 2880 2710 βασιλεύσοντα,
2919 2634 3057 2689 ἀλλὰ
3115 2633 3209 2686 καὶ
3242 2632 3400 2703 χάριν
3441 2629 3836 2709 ἀπολήψεσθαι·
3868 2628 3928 2689 ὃς

2345 2729 2402 2783 δὲ
2452 2728 2541 2781 διὰ
2576 2727 2734 2780 τοῦτο
2777 2723 2978 2796 μᾶλλον
3020 2721 3413 2793 τετιμώρηται.
3451 2721 3627 2789 Ὅπερ
3678 2719 3784 2790 γὰρ
3832 2733 3928 2786 φο-

2347 2817 2611 2888 ϐούμενος
2640 2813 2894 2884 γενέσθαι
2929 2813 3232 2884 συνέπραξε
3279 2811 3355 2881 τῷ
3399 2811 3667 2883 τυράννῳ,
3703 2808 3863 2861 τοῦτο
3896 2809 3927 2881 ἡ

2347 2908 2663 2977 κατασκευὴ
2695 2906 2844 2978 αὐτῷ
2873 2904 3230 2976 προυξένησεο
3259 2904 3352 2957 καὶ
3378 2903 3443 2958 δι’
3469 2895 3541 2956 ὧν
3569 2899 3704 2971 ᾤετο
3734 2900 3928 2968 ἐκφεύ-

2346 3017 2464 3068 γειν
2484 2999 2582 3063 τὰς
2611 2997 2750 3068 ἀρὰς
2777 2993 3081 3063 τοῦΔασὶδ,
3107 2996 3196 3050 διὰ
3229 2994 3433 3049 τούτων
3456 2994 3627 3056 αὑτὰς
3665 2993 3743 3056 είς
3771 2992 3928 3061 ἔργον

2345 3092 2552 3161 ἤγαγε·
2600 3089 2694 3142 καὶ
2742 3087 2805 3140 τὸ
2848 3087 3089 3158 σόφισμα
3142 3087 3308 3155 παγὶς
3349 3085 3594 3155 ἐγίνετο·
3645 3083 3739 3136 καὶ
3794 3084 3930 3156 ὅπερ

2345 3180 2513 3250 ἔφυγε
2552 3179 2627 3249 μὴ
2675 3177 2887 3241 παθεῖν,
2925 3178 3142 3246 φεύγων
3177 3177 3290 3248 (87)
3331 3175 3520 3230 Eneti)?
3567 3174 3666 3228 καὶ
3698 3174 3928 3227 τδ·ἀπο-

669 3257 826 3325 cujus
891 3259 968 3313 rei
1009 3269 1174 3325 metu,
1203 3239 1291 3318 ne‘
1317 3239 1810 3337 borch-tyrannum
1835 3267 2076 3338 adiutum
2105 3270 2238 3334 ibat,

2343 3270 2634 3343 τρεπτικδν
2652 3269 2761 3322 τῶν
2783 3269 3064 3339 λυπηρῶν,
3089 3267 3590 3322 κατασκευαστικὸν
3638 3265 3930 3336 ηὑρίσκετο

668 3365 787 3406 eam
824 3352 993 3421 ipsam
1029 3366 1139 3407 rem
1168 3353 1258 3409 illa
1315 3358 1644 3426 praeparatio
1675 3358 1724 3412 ei
1769 3358 2094 3413 acceleravit
2129 3377 2144 3413 :
2187 3368 2243 3414 ct

671 3457 898 3511 quarum
932 3459 1110 3500 rerum
1145 3447 1395 3515 praesidio
1432 3461 1492 3502 se
1529 3449 1675 3504 diras
1707 3449 1933 3506 Davidis
1965 3450 2243 3506 declinare

671 3551 831 3603 posse
865 3537 1189 3604 confidebat,
1223 3554 1318 3608 per
1372 3554 1465 3595 eas
1506 3541 1648 3610 ipsas
1700 3556 1786 3596 res
1844 3541 1895 3595 in
1927 3555 2062 3610 opus
2098 3553 2152 3594 et
2189 3542 2241 3595 in

669 3626 918 3683 cllectum
954 3630 1075 3686 illas
1127 3631 1405 3700 produxit,
1433 3640 1487 3686 et
1520 3633 1772 3689 callidum
1820 3634 2101 3688 inventum
2140 3632 2242 3702 ipsi

671 3725 725 3774 in
764 3722 1011 3790 laqueum
1066 3730 1148 3777 est
1189 3737 1549 3778 conversum:
1586 3726 1839 3794 quodque
1892 3725 2132 3796 fugiebat
2173 3739 2241 3778 ne

2346 3361 2454 3415 τῶν
2487 3358 2800 3430 συμφορῶν.
2840 3359 2902 3412 Ei
2929 3360 3108 3413 τοίνυν
3137 3360 3237 3412 οὐκ
3267 3358 3380 3412 ἐστι
3415 3359 3696 3430 διαδράναι
3725 3355 3824 3428 τὴν
3850 3356 3925 3409 δί-

2347 3470 2471 3524 κην,
2514 3451 2669 3515 πῶς,
2697 3445 2742 3506 ὦ
2778 3453 2957 3505 πᾶσαν
2995 3451 3257 3521 ὠμότητα
3301 3451 3395 3503 καὶ
3436 3450 3738 3521 ἀγριότητα
3790 3446 3928 3501 κατι

2343 3542 2520 3613 ψυχὴν
2541 3541 2894 3612 ὡπλισμένοι,
2921 3539 3115 3605 δόλοις,
3147 3540 3240 3593 καὶ
3271 3542 3570 3610 μηχαναῖς,
3605 3539 3701 3591 καὶ
3728 3553 3926 3609 στρατο

2346 3635 2531 3705 ηγίαις
2574 3634 2821 3704 νομίζετε
2852 3633 2984 3698 τὰς,
3022 3634 3105 3702 ἐφ’
3136 3627 3218 3696 οἷς
3279 3631 3738 3703 ἑπλημμελήσατε
3763 3671 3778 3696 ,
3811 3629 3925 3684 δια·

2343 3722 2649 3794 διδρὰσκειν
2679 3721 2949 3792 τιμωρίας
2968 3738 2983 3785 ;

673 3821 968 3882 paterelur,
988 3813 1039 3866 id
1069 3813 1278 3883 fugiens
1310 3829 1500 3882 passus
1525 3826 1648 3870 est:
1681 3825 1736 3870 et
1759 3817 1987 3886 id,quod
2019 3816 2224 3888 (ipsius
2256 3816 2470 3885 quidem
2532 3814 2824 3885 opinione)
2853 3823 3099 3871 avertere
3166 3829 3356 3870 omnes
3415 3812 3691 3868 molestias
3719 3813 3922 3867 omniav

673 3919 777 3972 que
799 3904 1022 3959 adversa
1057 3905 1306 3972 debebat,
1343 3907 1461 3961 vice
1498 3921 1653 3963 versa
1686 3908 1793 3963 tale
1841 3909 2216 3976 deprehendit,
2257 3909 2398 3978 quod
2432 3910 2610 3976 potius
2675 3916 2985 3963 accerseret
3038 3908 3402 3963 calamitates.
3435 3905 3598 3976 518
3677 3905 3733 3960 Si
3769 3907 3925 3976 igitur

672 3995 1188 4050 animadversionem
1222 3995 1457 4050 divinam
1499 3997 1645 4053 nulla
1696 4001 1909 4056 ratione
1941 3999 2067 4054 licet
2099 3999 2336 4068 eil‘ngere
2373 3998 2466 4062 (ut
2526 4008 2673 4064 certe
2704 4013 2810 4052 non
2881 3994 3056 4069 licet),
3076 4012 3182 4068 quo
3247 4005 3424 4065 pacto,
3468 4011 3674 4065 quaeso,
3742 4010 3860 4057 vos,
3889 4009 3921 4048 ο

673 4091 911 4144 animum
949 4090 1208 4146 habentes
1239 4092 1385 4145 omni
1407 4089 1969 4160 generecrudelitatis'
1999 4102 2055 4149 et
2111 4092 2346 4147 feritatis
2415 4103 2703 4156 armatum,
2777 4092 2917 4149 dolis
2966 4101 3022 4148 et
3086 4090 3576 4150 machinationibus
3650 4102 3716 4140 ac
3750 4086 3925 4140 vafra-

674 4183 870 4238 mcntis
908 4189 1379 4253 stratagematum,
1445 4184 1645 4254 putatis
1707 4199 1802 4240 vos
1855 4200 2068 4252 eorum,
2123 4201 2243 4254 qua:
2276 4186 2461 4257 inique
2505 4197 2560 4242 et
2618 4186 2880 4242 scelerate
2959 4187 3327 4256 perpetrastis,
3414 4181 3676 4253 supplicia
3737 4192 3921 4232 evasnv

674 4275 801 4331 ros!

863 4385 1492 4444 CLXXXV.-PETRO
1551 4387 2048 4445 SCI-IOLASTICO.

675 4477 738 4530 fu
799 4477 926 4528 illud
983 4477 1182 4533 Christi
1227 4481 1444 4601 dictuén,
1482 4498 1526 4582 ἕο
1557 4479 1826 4535 Remittite
1861 4492 1907 4535 et
1955 4482 2248 4534 remittetur

1298 4567 1356 4601 v0
1395 4567 1437 4601 is
1595 4570 1613 4601 ι

1298 4567 1437 4603 1900ιῦ
1484 4567 1526 4582 ¹⁹
1595 4570 1613 4602 ι

746 4661 841 4713 Sal
895 4661 1006 4713 scio
1039 4668 1110 4726 te,
1156 4662 1200 4714 si
1236 4661 1452 4728 quidem
1507 4662 1767 4729 pecunias
1815 4664 2061 4728 haberes,
2091 4663 2248 4714 datu-

677 4765 791 4804 rum
833 4766 923 4803 cas
952 4751 1333 4820 indigentibus.
1365 4750 1517 4816 Quod
1550 4763 1741 4816 autem,
1759 4761 1975 4824 rogatus
2008 4752 2240 4812 veniam,

678 4850 730 4895 te
755 4841 1014 4895 dillicileni
1039 4843 1298 4908 praebens,
1327 4843 1378 4897 id
1401 4858 1532 4899 sane
1559 4845 1748 4901 miror.
1781 4846 1942 4915 Atqui
1983 4863 2088 4901 non
2135 4844 2235 4896 nii-

754 5017 797 5048 "
824 5016 952 5071 Luc.
980 5034 1052 5082 vt,
1075 5017 1165 5071 37.

2634 4395 2802 4447 PUE'.
2840 4424 2903 4434 —
2940 4392 3165 4463 ΠΕΤΡῼ
3195 4388 3648 4458 ΣΧΟΛΑΣΤΙΚῼ.

2529 4489 2632 4550 ΕἸς
2662 4487 2747 4537 τό·
2787 4487 3000 4552 ’Ἄφετε
3023 4526 3035 4549 ,
3069 4483 3166 4536 καί
3194 4481 3554 4550 ἀφεθήσεται
3594 4479 3752 4548 ὑμῖν.

2423 4663 2547 4716 ’Ότι
2593 4663 2711 4732 μὲν,
2755 4663 2802 4714 εί
2853 4661 3108 4730 χρήματα
3157 4657 3502 4739 ἐσχες(88),-
3537 4658 3809 4727 παρέσχες
3859 4655 3916 4709 ἂν

2348 4760 2457 4820 τοῖς
2494 4757 2788 4826 δεομένοις,
2817 4749 2877 4805 εὖ
2924 4750 3060 4805 οἷδαο
3097 4752 3178 4803 ὃτι
3212 4749 3270 4816 δε
3303 4748 3635 4818 συγγνώμην
3668 4744 3914 4799 ἀπαιτού-

2366 4863 2524 4916 μενος
2559 4842 2932 4913 δυσχεραίνεις
2956 4879 2970 4904 ,
3003 4838 3284 4910 θαυμάζω.
3314 4838 3507 4892 Καίτοι
3562 4837 3622 4888 τὸ
3661 4835 3914 4889 ἀδάπανον

1767 5147 1995 5203 ἿΑΒΙΕ
2031 5148 2426 5204 LECTIONES
2469 5149 2552 5203 ET
2596 5148 2825 5204 NOTAE.

750 5309 860 5378 (83)
926 5309 1029 5363 Pro
1071 5309 1294 5381 réxsmev
1351 5311 1717 5381 τηρηθήσεται
1765 5307 1955 5381 melius
2003 5311 2251 5365 rescribit

681 5384 801 5434 cod.
835 5377 952 5434 Vat.
987 5380 1111 5443 650,
1142 5383 1319 5433 ἐκεῖσε
1351 5377 1813 5450 τιμωρηθήσεται.
1845 5377 2058 5434 Possm.
2089 5409 2158 5421 —
2188 5383 2250 5433 Et

680 5453 758 5503 sic
791 5454 1068 5519 legendum
1098 5452 1313 5518 coniicit
1345 5449 1564 5505 Ritters.
1598 5449 1648 5503 in
1693 5451 1853 5504 notis.

752 5521 859 5586 (81)
890 5522 1204 5575 Idem.cod.-
1229 5520 1541 5588 διαφεύγειν
1575 5529 1740 5572 mutat
1777 5522 1827 5573 in
1860 5520 2142 5588 διαφυγεῖν
2176 5520 2248 5570 uti

681 5597 909 5708 gemam
964 5601 1083 5657 post
1141 5607 1295 5644 versu
1334 5587 1762 5659 διακρούσεσθαι
1812 5591 1864 5642 in
1891 5587 2252 5655 διακρούσασ-

730 5677 793 5708 tt.
869 5676 1030 5708 usam.

730 5677 766 5708 1'.
783 5695 793 5708 ι
827 5676 1030 5712 ΥιὶδδΙΝ.

697 5727 1057 5850 ιιιίιξί“ὶ¹ζ>.ίδτο
1124 5728 1504 5798 ἀπεστρέψατο
1562 5728 1698 5785 idem
1765 5727 1950 5784 scribit
2022 5729 2256 5806 ἀπετρέ-

680 5813 834 5867 qut-to.
864 5813 934 5853 ID.

2430 5311 2544 5376 (86)
2583 5310 2726 5363 Idem
2766 5310 2914 5376 ponit
2961 5307 3150 5376 ἔδρασε
3182 5318 3282 5373 pro
3303 5303 3526 5376 έπραξι,
3557 5310 3612 5356 ct
3632 5308 3782 5355 sexto
3813 5311 3914 5368 post

2359 5374 2799 5446 γριδιιέκφυγεῖν
2825 5393 2922 5444 pro
2952 5374 3259 5444 ἐκφεύγειν.
3306 5374 3381 5431 In.

2433 5450 2540 5532 (8])
2586 5440 2706 5532 _l"io'
2742 5440 2955 5516 φεύγων
3010 5440 3146 5503 idem
3192 5447 3313 5501 cod.
3363 5443 3641 5500 substituit
3694 5440 3784 5494 διὰ
3833 5441 3912 5508 τῆς

2363 5521 2712 5659 φυῖδτὲςίὲξιῖι.
2757 5587 2872 5640 Val.
2907 5586 3009 5642 650
3050 5586 3237 5641 scribit
3271 5580 3415 5655 εἶχες
3444 5599 3538 5659 p_ro
3567 5581 3750 5659 texite.
3776 5584 3909 5637 γει-ς.

2367 5661 2398 5711 5
2427 5654 2613 5712 etmb
2649 5668 2813 5710 mulal
2858 5661 2907 5712 in
2941 5659 3178 5729 πέφυκεν
3207 5666 3259 5714 et
3293 5654 3434 5711 vers.
3466 5656 3494 5707 'i
3534 5656 3661 5707 tolln
3697 5654 3767 5722 μὴ
3811 5675 3848 5702 ;ιι
3872 5665 3912 5705 te

2370 5733 2689 5802 συγχωρεῖν.
2732 5730 2802 5782 lo.
