4150 6478
209 412 349 478 I281

1105 406 1643 470 EPISTOLARUM
1685 404 1830 464 LIB.
1875 401 1975 462 IV.
2002 427 2071 436 -
2097 401 2337 463 EPIST.
2381 400 2624 462 CXCIV.

3374 396 3511 461 1282

205 522 309 576 καὶ
338 521 433 574 ἐπὶ
463 519 561 590 τῆς
585 519 686 588 γῆς
715 519 845 573 ἄνευ
881 517 1102 572 συνόδου
1129 517 1448 585 τικτόμενα·
1482 515 1622 584 πλὴν
1643 512 1803 565 τοῦτο

1911 510 2036 564 dere
2068 522 2360 578 possumus
2382 522 2607 577 genera,
2649 519 2771 577 quae
2803 505 2968 562 etiam
3001 506 3052 560 iu
3085 512 3228 560 terra
3269 505 3506 576 gignun-

207 613 274 666 οὐ
315 612 529 682 ποιήσω
548 628 562 642 ο
590 611 724 664 ἀλλὰ
747 611 842 666 καὶ
876 608 1114 682 χρειώδη
1149 609 1243 662 καὶ
1266 608 1577 677 ἀναγκαίαν
1597 605 1803 676 ταύτην

208 704 491 776 ὁρίζομαι,
514 703 567 754 εί
600 702 735 773 πρὸς
766 700 1112 755 παιδοποιίαν
1140 700 1235 753 καὶ⁵
1269 700 1342 771 μὴ
1360 700 1496 770 πρὸς
1515 696 1805 766 ἀσέλγειαν

211 793 426 864 βλέπει.
497 793 706 846 Ἐκεῖνο
755 792 812 846 δὲ
858 791 1059 863 μᾶλλον
1106 793 1351 862 είποιμι,
1393 791 1478 844 ὅτι
1522 789 1660 860 πρὸς
1706 788 1806 858 τὴν

209 887 467 958 οὐράνιον
517 886 674 951 ἀξίαν
725 885 1121 955 συγκρίνεσθαι
1168 885 1270 938 οὐκ
1316 882 1384 938 ἂν
1433 882 1519 947 εῐη
1572 882 1800 945 δίκαιος.

210 976 517 1046 Κοσμικοϊς
541 975 640 1045 μὲν
661 978 772 1046 γὰρ
794 978 822 1030 ὀ
852 975 1032 1045 γάμος
1055 973 1442 1046 ἐναϐρυνέσθω
1473 971 1804 1041 ὑποδείγμα-

212 1083 322 1120 σιν·
353 1065 745 1136 ὑπερκοσμίοις
777 1065 836 1119 δὲ
893 1065 968 1136 μὴ
1003 1064 1298 1136 κεχρῆσθω
1332 1063 1444 1134 (95)
1479 1063 1802 1135 ὑπεροχαῖς.

212 1157 487 1228 Κοσμικοὶ
532 1156 662 1225 γοῦν
707 1157 804 1210 καὶ
863 1159 972 1210 είσὶ
1038 1157 1134 1210 καὶ
1183 1155 1473 1210 καλοῦνται
1527 1156 1572 1206 οί
1616 1153 1804 1206 τοῦτον

211 1247 615 1316 ἀσπασάμενοι.
637 1247 700 1299 Oi
722 1246 780 1299 δὲ
802 1248 900 1316 τῆς
922 1245 1222 1316 παρθενίας
1245 1241 1472 1315 ἐρασταὶ
1491 1243 1704 1311 γνήσιοι
1726 1241 1807 1304 εἰς

212 1338 316 1401 τὰς
352 1337 463 1389 τῶν
506 1338 757 1405 ἀγγέλων
804 1337 1148 1406 τεταγμένας
1197 1336 1583 1405 ἐνεγράφησαν
1623 1332 1802 1395 ἀξίας.

212 1430 378 1498 Λέγει
411 1430 520 1501 γὰρ
554 1430 616 1483 τὸ
674 1425 867 1500 τᾼσμα
913 1427 976 1481 τὸ
1026 1427 1311 1498 μυστικὸν,
1362 1426 1572 1497 θάμδος
1621 1426 1806 1488 αὐτοῖς

213 1524 498 1592 προσεῖναι
525 1523 601 1586 ὡς
639 1519 1013 1592 τεταγμένων.
1070 1519 1236 1574 Οὐδὲν
1267 1521 1377 1591 γὰρ
1411 1520 1539 1591 παρ’
1573 1521 1804 1582 ἐκείνοις

212 1615 451 1669 ἄτακτον
476 1654 490 1680 ,
544 1615 666 1669 οὐδὲ
715 1613 1024 1685 ἀνώμαλον,
1083 1614 1219 1669 ἀλλὰ
1272 1614 1452 1668 πάντα
1501 1614 1656 1680 τάξει
1709 1613 1806 1666 καὶ

215 1706 411 1778 ῥυθμῷ
446 1707 538 1761 κα)¹
568 1707 806 1778 ἁρμονίᾳ
839 1707 1205 1776 κεκόσμηται.
1241 1707 1456 1777 Ὥσπερ
1488 1707 1670 1759 τοίνυν
1711 1706 1802 1758 οὐ·

214 1795 381 1864 ρανος
421 1795 524 1866 γῆς
554 1793 821 1864 καὶψυχὴ
858 1794 1110 1863 σώματος
1146 1794 1429 1866 διαφέρει,
1464 1793 1609 1846 οὕτω
1649 1794 1803 1862 καὶὴ

1911 611 2001 657 tnr
2039 602 2159 658 sine
2213 601 2596 656 commistione
2657 614 2974 670 corporum.
3004 597 3114 653 Sed
3171 598 3276 653 hoc
3328 595 3511 652 facere

1909 691 2319 760 supersedebo;
2375 707 2564 746 verum
2649 700 2706 746 et
2766 689 2954 745 utilem
3033 696 3089 744 et
3139 689 3509 744 necessariam

1910 785 2054 841 hanc
2105 799 2224 840 rem
2269 798 2394 841 esse
2443 784 2765 854 pronuntio,
2807 783 2852 838 si
2902 783 2969 837 ad
3025 781 3327 838 liberorum
3383 797 3512 850 pro—

1907 876 2264 940 creationem,
2298 886 2354 932 et
2385 891 2492 930 non
2529 876 2597 931 ad
2631 875 2912 931 libidinem
2942 874 3268 944 explendam
3297 872 3509 928 refera-

1911 974 2018 1021 tur.
2052 962 2169 1022 Hoc
2197 975 2377 1022 autem
2396 966 2578 1035 potius
2628 965 3037 1026 allirmaveritn,
3063 963 3344 1035 indignam
3386 977 3516 1020 esse

1907 1072 2032 1127 quae
2057 1072 2181 1113 cum
2218 1056 2426 1112 caelesti
2479 1056 2750 1124 dignitate
2798 1064 3172 1127 comparetur.
3212 1051 3519 1107 Mundanls

1907 1148 2128 1220 quidem
2160 1146 2426 1218 exemplis
2454 1162 2575 1212 sese
2596 1145 2766 1217 jactet
2815 1147 3225 1202 matrimonium
3261 1162 3274 1198 :
3308 1158 3511 1214 supra-

1908 1239 2197 1295 mnndanis
2245 1247 2424 1294 autem
2482 1237 2822 1295 cxcellentiis
2877 1252 2949 1293 ne
3009 1245 3212 1292 utatur.
3254 1235 3515 1290 Mundani

1908 1333 2074 1401 igitur
2101 1341 2154 1387 et
2172 1345 2297 1386 sunt
2332 1341 2388 1386 et
2411 1331 2771 1386 vocanturilli
2798 1331 2891 1402 qui
2916 1331 2968 1387 id
2992 1329 3227 1400 amplexi
3255 1329 3508 1398 fuerunt;

1907 1436 1961 1480 at
1989 1427 2113 1480 veri.
2141 1427 2501 1496 germanique
2530 1424 2864 1494 virginitatis
2920 1433 3199 1479 amatores
3221 1430 3270 1478 et
3331 1430 3511 1476 secta-

1909 1527 2057 1574 tores
2083 1517 2133 1571 in
2161 1517 2474 1588 angulorum
2507 1516 2792 1571 ordinatas
2831 1515 3055 1584 ascripti
3101 1523 3229 1570 sunt
3271 1513 3510 1583 dignita-

1909 1619 2011 1664 tes.
2047 1610 2137 1663 Ait
2177 1609 2323 1661 cnim
2371 1623 2631 1662 arcanum
2695 1607 2825 1662 illud
2882 1607 3158 1661 canticum
3220 1613 3504 1672 stuporem

1910 1702 2037 1770 ipsis
2066 1701 2258 1756 atlcssc
2282 1711 2541 1770 tanquam
2569 1698 2972 1755 ordinatorum.
3003 1697 3150 1752 Nihil
3176 1698 3325 1752 enim
3355 1695 3500 1765 apud

1911 1792 2031 1845 illos
2075 1803 2157 1845 est
2188 1793 2580 1854 inordinatum,
2632 1790 2767 1845 nihil
2845 1788 3134 1858 inaequale,
3167 1789 3264 1844 sed
3316 1786 3511 1842 omnia

214 1883 488 1957 παρθενία
511 1883 604 1938 τοῦ
631 1885 835 1955 γάμου.
867 1883 1026 1937 Κατὰ
1052 1885 1149 1954 μὲν
1176 1885 1285 1954 γὰρ
1315 1886 1413 1955 τὴν
1441 1885 1661 1952 ἁγνείαν
1693 1886 1803 1947 τοῖς

1911 1884 2102 1938 ordine
2157 1894 2212 1936 et
2271 1883 2526 1953 rhythmo
2585 1893 2750 1950 atque
2807 1881 3094 1935 harmonia
3137 1888 3515 1947 concentuque

211 1974 470 2046 ἀγγέλοις
519 1973 799 2046 ὁμοιοῦται
853 1973 1160 2045 ἄνθρωπος’
1215 1975 1357 2028 κατὰ
1391 1976 1448 2028 δὲ
1498 1973 1590 2028 τὸν
1625 1976 1803 2044 γάμον

1911 1975 2281 2042 pulcherrimo
2305 1984 2498 2028 ornata
2530 1982 2679 2028 sunt.
2711 1972 2866 2027 Sicut
2907 1987 3040 2042 ergo
3088 1971 3288 2028 caelum
3333 1977 3510 2031 terra.

211 2066 324 2120 τῶν
360 2066 565 2138 θηρίων
609 2067 762 2120 οὐδὲν
784 2065 1114 2135 διενήνοχεν,
1149 2060 1228 2130 οἷς
1261 2067 1293 2136 ἡ
1332 2066 1590 2120 συνουσία
1637 2067 1803 2135 ἀναγ-

1911 2081 1961 2120 et
2007 2068 2187 2122 anima
2242 2082 2493 2136 corpore,
2549 2068 2630 2123 sic
2685 2068 2852 2122 etiam
2915 2066 3208 2138 virginitas
3259 2063 3515 2134 conjugio

209 2157 344 2212 καία
374 2159 510 2223 ἐστὶ,
544 2157 638 2210 καὶ
668 2156 818 2209 δοκεῖ
863 2154 964 2224 τὴν
1029 2156 1280 2227 διαδοχὴν
1311 2155 1405 2209 τοῦ
1451 2157 1644 2226 γένους
1699 2170 1803 2226 μη-

1911 2157 2256 2226 ρτίιῖειειηιίοιδ
2272 2167 2376 2212 est.
2411 2155 2550 2212 Nam
2582 2159 2844 2213 castitate
2869 2158 3089 2228 Quidem
3109 2156 3321 2228 angelis
3348 2157 3515 2211 homo

210 2248 500 2317 χανᾶσοαι.
1912 2247 1969 2301 lit
2000 2249 2239 2303 similis:
2278 2249 2532 2319 coningio
2592 2260 2775 2303 antem
2830 2250 2965 2304 nihil
3031 2247 3212 2304 dilIert
3258 2263 3288 2302 a
3339 2245 3517 2302 brutis

210 2346 558 2412 animalibus,
598 2346 794 2417 quibus
819 2345 1440 2418 corpornmcmmnistio
1472 2345 1782 2401 necessaria
1824 2354 1931 2412 est,
1964 2355 2021 2399 et
2085 2347 2494 2402 successionem
2559 2347 3097 2417 perpetuitatemque
3148 2344 3370 2416 generis
3395 2356 3516 2397 mo-

212 2438 300 2495 liri
332 2440 565 2496 videtur.

746 2557 905 2624 PLJ".
941 2585 1011 2597 —
1045 2557 1271 2630 ΝΕΙΛῼ.

450 2665 590 2737 Περὶ
623 2664 726 2735 τῆς
752 2666 823 2720 τὰ
848 2666 958 2721 δύο
991 2667 1181 2722 λεπτὰ
1207 2668 1557 2736 βαλούσης.

297 2841 421 2895 Ἐπὶ
457 2841 557 2912 μὲν
589 2841 701 2896 τῶν
751 2842 1028 2912 βιωτικῶν
1072 2844 1422 2912 πραγμάτων
1469 2843 1530 2896 οὐ
1582 2843 1801 2907 πάντως

210 2935 324 2998 τοῖς
361 2932 708 3004 βουλομένοις
735 2935 928 2989 ἕπεται
956 2937 1016 2986 τὸ
1065 2934 1348 2989 δύνασθαι·
1387 2934 1484 2998 τὰς
1518 2936 1625 3005 γὰρ
1659 2935 1806 2988 ἰδιω-

210 3025 372 3086 τικὰς
409 3024 677 3093 ,δυνάμεις
725 3026 1116 3096 ὑπερϐαίνουσι
1166 3026 1582 3097 μεγαλουργίαι⁸
1621 3027 1716 3080 ἐπὶ
1747 3027 1806 3080 δὲ

209 3113 322 3169 τῶν
342 3113 729 3183 πνευματικῶν
753 3115 945 3167 ἕπεται
971 3117 1084 3176 τοῖς
1111 3115 1453 3186 βουλομένοις
1484 3119 1517 3186 ἡ
1547 3115 1800 3186 δύναμις.

2455 2549 2684 2607 CXCIII.
2703 2548 2968 2607 -—-NILO.

1913 2664 1990 2718 De
2020 2663 2260 2729 muliere,
2287 2681 2405 2737 qua:
2459 2666 2563 2719 duo
2847 2663 3074 2735 conjecit
3113 2665 3168 2719 in
3194 2666 3520 2737 gazOpItyla-

1980 2848 2038 2902 lu
2070 2847 2172 2902 illis
2196 2847 2415 2917 quidem
2457 2848 2641 2910 rebus,
2672 2863 2794 2917 qua:
2829 2848 2897 2903 ad
2950 2848 3094 2903 hanc
3119 2847 3291 2903 vitam
3335 2847 3513 2918 perti-

1909 2951 2061 3006 nent,
2101 2942 2174 2994 ita
2209 2952 2588 3010 comparatum
2620 2953 2727 3006 est,
2759 2950 2817 2994 ut
2874 2955 2980 2996 non
3023 2943 3210 2997 statim
3272 2956 3367 2997 eos
3413 2941 3510 3013 qui

1910 3033 2120 3094 volunt,
2154 3031 2318 3083 etiam
2357 3029 2589 3084 facultas
2648 3030 2940 3085 comitetur
2970 3028 3137 3102 (nam
3171 3030 3512 3101 plebeiorum

1914 3121 2192 3175 hominum
2238 3121 2384 3175 vires
2441 3130 2704 3189 superant
2739 3135 3061 3190 magnorum
3117 3136 3344 3191 operum
3380 3120 3517 3178 all‘e-

211 3204 285 3259 Τδ
320 3204 430 3274 γὰρ
460 3206 602 3258 κατὰ
634 3205 872 3276 δύναμιν
895 3207 1239 3279 κατορθωθὲν
1260 3247 1274 3272 ,
1303 3208 1681 3279 οὖρανομῆκες
1705 3208 1803 3262 δεί‹

1921 3214 2191 3283 ctiones).
2227 3211 2283 3264 ιιι
2316 3213 2698 3280 spiritualibus
2722 3219 2930 3278 autem,
2965 3213 3167 3283 quibus
3235 3215 3389 3269 adest
3429 3230 3437 3235 ·

212 3312 428 3350 κνυται.
485 3294 590 3349 Δύο
636 3293 730 3350 οὖν
775 3297 948 3351 λεπτὰ
995 3299 1077 3358 εἰς
1109 3299 1169 3351 τὸ
1211 3300 1356 3369 ίερόν
1400 3300 1804 3368 γαζοφυλάκιον

212 3387 453 3458 βαλοῦσα
495 3391 642 3462 χήρα
668 3388 830 3460 γυνὴ.
873 3389 948 3453 ὡς
979 3391 1190 3452 πάντας
1223 3392 1357 3453 τοὺς
1402 3391 1657 3461 βασιλέας
1710 3393 1805 3445 καὶ

211 3479 396 3543 πάσας
420 3477 517 3542 τὰς
546 3478 826 3550 βασιλίδας
853 3480 1342 3553 ὑπερακοντίσασα
1366 3481 1574 3552 ᾇδεται’
1604 3483 1663 3533 οὐ
1695 3481 1802 3554 γὰρ

206 3571 272 3624 τὸ
300 3571 457 3626 τεθὲν
496 3571 733 3643 ἔκρινεν,
785 3573 921 3626 ἀλλὰ
970 3572 1071 3641 τὴν
1119 3575 1443 3645 προαίρεσιν
1477 3575 1649 3644 αὐτῆς
1703 3577 1804 3643 τὴν

208 3665 396 3718 πᾶσαν
447 3665 768 3736 περιουσίαν
837 3665 1267 3736 ἀφιερώσασαν,
1329 3666 1706 3735 ὲπεςάνωσεν
1773 3670 1802 3720 ὁ

210 3757 430 3828 κριτής.

1914 3304 2119 3368 luntus,
2156 3305 2348 3358 iisdem
2397 3314 2450 3358 ct
2499 3303 2736 3360 facultas
2789 3320 2898 3359 non
2957 3304 3131 3362 deest.
3169 3303 3306 3359 Nam
3370 3307 3520 3376 quod
3619 3339 3622 3344 -

1914 3411 2013 3466 pro
2063 3397 2204 3449 virili
2261 3397 2497 3466 quisque
2535 3410 2632 3451 sua
2671 3395 2862 3451 fecerit
2885 3397 3038 3463 boni,
3067 3396 3120 3450 id
3181 3395 3248 3451 ad
3312 3397 3515 3452 cmlum

1916 3499 2088 3556 usque
2145 3489 2458 3556 pertingere
2502 3473 2936 3540 demonstratur.
2964 3484 3140 3550 Quam
3179 3485 3249 3539 ob
3293 3499 3520 3540 causam

1918 3578 2080 3631 vitlna
2114 3577 2369 3648 illa,qna2
2393 3582 2501 3633 duo
2539 3577 2754 3633 minuta
2812 3578 2865 3631 in
2910 3591 3130 3632 sacrum
3197 3577 3519 3632 thesaurum

1919 3668 2173 3736 coniecit,
2193 3670 2351 3738 quasi
2374 3684 2568 3725 onmes
2602 3677 2658 3725 et
2695 3683 2855 3740 reges
2879 3678 2934 3723 et
2965 3668 3181 3739 reginas
3211 3668 3371 3739 longo
3396 3677 3520 3739 post

1917 3774 1977 3814 se
2018 3759 2305 3816 intervallo
2336 3761 2643 3829 reliquerit,
2685 3761 2758 3815 ita
2817 3759 3151 3815 celebratur.
3189 3758 3305 3814 Non
3368 3760 3518 3814 enim

211 3849 269 3905 id
301 3849 541 3905 caelestis
575 3848 664 3906 ille
697 3849 904 3904 arbiter
927 3848 1070 3917 quod
1111 3848 1287 3918 posuit
1341 3847 1524 3913 vidua,
1554 3849 1869 3915 aes:imuvit,
1947 3861 2214 3920 quantum
2289 3860 2442 3905 esset
2509 3865 2606 3919 per
2634 3864 2718 3918 se,
2789 3847 2886 3904 sed
2922 3847 3091 3902 animi
3117 3847 3291 3918 ipsius
3319 3863 3522 3920 prope-

211 3942 519 4011 situm,quo
545 3956 761 3996 omnem
799 3957 950 3996 suam
993 3941 1358 3996 substantiam
1407 3956 1794 4005 ('Ottsccrltl'uf,
1840 3958 2042 3996 corona
2082 3942 2305 4012 dignum
2341 3941 2578 3999 censuit.

384 4080 541 4146 ΡιιΔν.
577 4108 648 4118 -
683 4076 1130 4132 ΝΕΙΛΛΜΜΩΝΙ
1159 4076 1629 4147 ΣΧΟΛΑΣΤΙΚῼ.

213 4191 355 4261 Περὶ
404 4190 533 4257 τοῦ,
586 4212 604 4241 σ
667 4192 1014 4316 (Maugur;
1066 4186 1219 4244 εἶναι
1276 4189 1490 4260 σοφοὶ,
1540 4188 1803 4258 ἐμωράν-

898 4275 1080 4316 near.
1131 4279 1149 4313 ι

898 4275 1080 4328 near.
1131 4279 1149 4313 ι

304 4373 396 4440 Ἐξ
415 4369 490 4429 ὧν
522 4376 550 4427 ὁ
579 4375 853 4436 Μουσεκός
883 4391 964 4437 τις
990 4373 1128 4445 (96),
1154 4373 1230 4438 ὦς
1257 4390 1390 4443 φασι
1425 4372 1666 4444 (δίκαιον
1695 4372 1804 4444 γὰρ

1911 4077 2071 4152 523
2087 4077 2276 4151 .524
2289 4074 2990 4134 CXCIV.—NILAMMOM
3017 4076 3517 4137 SCHOLASTICO.

1911 4194 1984 4245 De
2016 4195 2160 4245 dit-to
2197 4194 2314 4256 illo,
2386 4212 2404 4244 ι
2453 4191 2606 4262 Cum,
2630 4208 2687 4246 sc
2730 4191 3053 4262 crediderint
3083 4207 3193 4245 esse
3228 4194 3515 4262 sapientes,

2377 4264 2529 4317 stulti
2580 4261 2711 4332 facti
2755 4273 2880 4316 sunt
2919 4261 2983 4315 “.
3025 4279 3046 4314 ›

1979 4375 2115 4430 Cum
2161 4391 2362 4446 praeses
2418 4376 2642 4430 musicas
2691 4375 2907 4445 Apollo,
2951 4383 3011 4428 ut
3064 4374 3220 4430 aiunt
3277 4375 3517 4448 (oportet

213 4469 275 4534 ἐξ
310 4459 385 4522 ὧν
420 4466 752 4537 φλυαροῦσιν
773 4508 788 4534 ,
824 4466 1021 4530 αὐτοὺς
1045 4465 1584 4537 καταγωνίσασθαι),
1623 4467 1802 4520 πᾶσαν

1911 4469 2050 4522 enim
2073 4469 2216 4537 ipsos
2243 4483 2305 4521 es
2334 4468 2450 4523 suis
2482 4467 2725 4534 ipsorum
2751 4467 2909 4537 nugis
2937 4465 3229 4536 refellere),
3255 4469 3517 4524 omnibus

215 4558 446 4627 κινήσας
489 4556 754 4628 μελῳδίαν
796 4557 875 4620 είς
919 4557 1124 4627 θήραν,
1158 4556 1434 4627 σώφρονος
1465 4557 1526 4611 οὐ
1572 4557 1803 4629 περιγέ-

215 4667 341 4721 γονε
372 4649 560 4720 κόρης,
583 4652 661 4711 ,ἐκ
689 4647 895 4702 τούτων
923 4649 1019 4701 καὶ
1044 4649 1073 4702 ὁ
1102 4648 1231 4720 περὶ
1254 4649 1355 4721 τῆς
1391 4648 1661 4722 μουσικῆς
1689 4649 1804 4703 δια-

213 4741 488 4812 γράφεται
508 4740 688 4810 λόγος.
719 4740 912 4809 Θέλγει
938 4741 1038 4810 μὲν
1065 4740 1175 4814 γὰρ
1206 4742 1359 4808 ἴσως,
1386 4743 1634 4797 τουτέστι
1660 4743 1804 4814 (χρὴ

211 4832 323 4901 γὰρ
351 4831 446 4885 καὶ
477 4830 874 4902 ἒτυμολογῆσαι
904 4830 1053 4902 (97),
1103 4829 1328 4886 θέλοντα
1357 4832 1479 4900 ἄγει
1503 4851 1517 4865 ·
1577 4835 1638 4887 οὺ
1694 4835 1805 4904 μὴν

211 4923 643 4998 καταδουλοῦται
691 4923 752 4977 τὸ
804 4925 1082 4996 φρόνημα,
1127 4923 1234 4978 οὐδ’
1283 4923 1637 4990 ἐκϐιάζεταιο
1682 4927 1804 4981 οὐδὲ

211 5013 485 5086 τοσαύτην
517 5013 631 5086 ἔχει
661 5012 760 5086 τὴν
809 5015 984 5085 ἰσχὺν,
1021 5015 1097 5080 ὡς
1125 5015 1201 5087 μὴ
1247 5016 1572 5087 βουλόμενον
1604 5017 1799 5088 χειρώ-

214 5105 434 5161 σασοαι.
478 5105 699 5177 Ἐπειδὴ
739 5107 795 5161 δὲ
824 5109 919 5162 καὶ
950 5110 1080 5179 περὶ
1108 5108 1397 5176 γενέσεως,
1439 5108 1516 5173 ὼς
1550 5109 1677 5180 φὴς,
1709 5109 1806 5180 λη.

215 5197 402 5271 ροῦσιν
421 5238 436 5263 ,
466 5198 589 5254 εἰπὲ
616 5199 753 5269 πρὸς
782 5199 980 5265 αὐτούς
1000 5218 1014 5231 ·
1050 5200 1176 5266 Πῶς
1204 5201 1263 5255 ὃν
1293 5219 1430 5271 φατε
1462 5201 1808 5273 μαντικώτα-

280 5379 327 5412 "
363 5378 494 5437 an.
521 5396 640 5447 ut,
666 5384 778 5438 1-5.
854 5386 900 5416 ³⁸
931 5383 1090 5440 Rom.
1125 5401 1164 5450 t,
1189 5383 1281 5438 22.

1912 4559 2174 4616 adhibitis
2218 4561 2394 4616 IIIOIIIS
2421 4559 2648 4615 musicis
2689 4573 2795 4613 non
2835 4561 3076 4627 potuerit
3108 4574 3304 4630 capere
3348 4570 3517 4632 atque

1913 4649 2169 4718 subigere
2201 4658 2409 4702 castam
2446 4649 2682 4717 puellam
2723 4667 2737 4702 :
2772 4662 2839 4704 ex
2896 4649 2982 4705 his
3008 4649 3173 4706 etiam
3225 4652 3366 4705 ratio
3397 4665 3516 4705 mu-

1910 4741 2036 4795 sica:
2075 4753 2140 4793 ac
2194 4739 2276 4794 vis
2315 4739 2624 4811 depingitur
2675 4748 2879 4810 quanta
2925 4741 3020 4795 sit.
3078 4740 3214 4796 Nam
3266 4741 3511 4799 fortasse

1912 4831 2098 4901 θίλγςι
2149 4831 2444 4900 demulcet,
2475 4833 2576 4889 hoc
2617 4842 2724 4900 est,
2777 4833 2823 4888 si
2871 4832 3048 4888 Graeci
3097 4834 3251 4889 verbi
3282 4846 3507 4906 etymon

1912 4932 2250 4992 spectemus,
2280 4921 2510 4977 θέλοντα
2550 4923 2697 4993 ἄγει,
2742 4923 3014 4980 volentem
3049 4927 3272 4996 quidem
3305 4927 3459 4983 ducit
3491 4943 3510 4984 :

1913 5031 2022 5070 nou
2064 5023 2246 5070 tamen
2287 5016 2534 5072 animum
2570 5016 2807 5074 hominis
2853 5018 2908 5073 in
2945 5017 3265 5074 servitutem
3293 5019 3515 5090 redigit,

1918 5122 2097 5178 neque
2126 5107 2294 5176 cogit,
2326 5123 2503 5180 neque
2540 5118 2748 5165 tantam
2791 5108 2900 5164 vim
2934 5107 3121 5175 habet,
3163 5117 3223 5164 ut
3275 5123 3385 5165 non
3429 5125 3520 5167 vo-

1921 5204 2122 5254 lentem
2161 5214 2379 5272 quoque
2437 5201 2676 5274 subigat.
2723 5200 2997 5270 Quoniam
3045 5211 3230 5259 autem
3259 5201 3327 5260 de
3355 5215 3519 5260 crea-

1308 5473 1540 5528 VAIlUE
1580 5468 1973 5530 LEC'I‘IONES
2009 5472 2101 5529 ET
2179 5473 2418 5536 ΝΟΤᾸΕ.

284 5633 740 5708 (95)K¢19ﬁ60m
788 5644 964 5708 mutat
1017 5637 1070 5692 in
1120 5633 1458 5708 spumeum.
1518 5633 1686 5708 Vcrsu
1742 5641 1796 5686 et

1911 5631 2160 5708 τηγέεης-

207 5704 386 5763 verbo
409 5704 863 5777 nltitno'epistola‘.
883 5707 1023 5762 idem
1067 5704 1437 5777 μηχανωμένη
1464 5704 1653 5760 scribit
1697 5717 1796 5772 pro

210 5777 579 5846 μηχανᾶσῦαι.
618 5773 834 5832 Possm.

284 5844 395 5919 (96)
432 5846 536 5902 Pro
574 5847 849 5910 Μουσικός
881 5863 967 5910 τις
1003 5847 1122 5903 cod.
1159 5844 1394 5902 Vat.650
1445 5844 1633 5902 scrith
1684 5862 1806 5917 μου·

1911 5702 2520 5832 σὸέἶγιὶτνμολογῆσαι
2568 5706 2709 5766 idem
2743 5706 2994 5781 producit
3020 5707 3074 5766 in
3106 5707 3516 5782 ἔτυμολογήσα-
