4150 6470
717 357 847 421 1299

1842 360 1902 417 S.
1944 359 2231 418 ISIDORI
2271 361 2705 423 PELUSIOT/E

3794 363 3936 434 1330

715 473 955 533 sthenes,
990 470 1078 537 qui
1107 470 1316 523 easdem
1383 482 1464 521 rcs
1525 481 1666 520 nunc
1727 465 1840 518 ﬁeri
1872 481 2065 534 posse,
2114 484 2258 523 nunc
2297 484 2341 539 Α

2297 484 2341 539 Α
2371 471 2402 542 ἢ
2433 472 2620 537 δόξαι·
2665 472 2754 526 ἰπὶ
2800 471 2845 524 δ’
2897 470 3500 544 ὲμοῦοκαινοτομεῖσθαι
3550 473 3643 528 καὶ
3675 479 3931 549 transpi-

713 564 829 617 fteri
859 577 959 615 non
1015 573 1172 628 posse
1202 559 1623 619 demonstrabat,
1676 568 1732 611 ut
1778 556 1878 610 alia
1910 560 2087 612 omnia
2139 575 2261 628 pro.

710 665 827 720 pter
857 666 994 712 eam.
1029 661 1081 703 ct
1123 665 1216 704 cas
1252 664 1439 702 causas
1477 653 1527 701 in
1560 646 1750 723 quibus
1803 648 1972 702 victus
2013 650 2163 713 abiit,
2197 658 2248 704 et

709 744 1001 799 orationem
1029 745 1094 796 de
1121 741 1358 811 pecuniis
1389 739 1598 807 llarpali
1623 736 1816 806 quibus
1834 750 2116 807 corruptus
2138 751 2259 794 esse

709 836 1005 899 dicebatur,
1061 833 1274 888 silentio
1322 841 1513 900 tegam,
1543 832 1832 899 quomodo,
1888 834 2122 900 inquam,
2171 831 2256 884 hic

709 938 888 981 tantus
938 936 1122 980 orator
1152 923 1366 978 Midiam
1415 939 1517 975 non
1562 924 1700 991 cepit
1743 922 1946 990 laqueis
1987 920 2197 988 jutlicii,
2226 939 2255 976 a

2366 557 2552 622 ζεσθαι
2574 559 2634 612 τὸ
2655 560 2914 629 πρᾶγμας
2949 559 3132 612 Ταῦτα
3163 559 3206 612 δ’
3235 561 3333 614 οὐκ
3361 561 3596 616 ἐπαίνων
3623 563 3931 620 ἀπολαῦσαι

2362 651 2685 719 ὀρεγόμενος
2717 651 2968 720 γέγραφα
2987 668 3000 680 ·
3035 644 3189 703 οἶσθα
3213 651 3321 722 γὰρ
3350 653 3500 716 ὅπως
3535 653 3712 708 αὐτῶν
3757 671 3929 710 κατα-

2363 739 2558 809 φρονῶ.
2583 739 2647 793 Εί
2679 739 2787 809 γὰρ
2817 741 3049 793 ἐπαίνων
3066 741 3233 810 ἥρων,
3255 742 3729 816 ἀπηριθμησάμην
3749 746 3813 799 ἂν
3830 749 3929 802 καὶ

2361 829 2450 893 οὓς
2481 829 2674 885 ἔπεισα
2705 832 2905 902 ἀρετὴν
2943 832 3324 897 ἀσπάσασθαι,
3367 832 3597 897 πολλοὺς
3641 835 3798 899 ὄντας
3830 840 3929 889 καὶ

2355 921 2671 992 εὐδοκίμους
2696 941 2707 952 ·
2743 922 2878 976 ἀλλὰ
2913 922 3082 986 δεῖξαι
3116 925 3452 992 σπουδάζων,
3477 926 3557 978 ὅτι
3580 924 3642 977 ἄν
3671 941 3725 977 τε
3761 925 3928 996 πείσῃ

706 1031 810 1082 quo
842 1017 1003 1069 tantis
1028 1023 1141 1067 erat
1177 1011 1332 1066 malis
1355 1020 1514 1080 atque
1552 1011 1763 1079 injuriis
1808 1009 2071 1065 alIcctus?
2121 1009 2254 1064 Nam

2355 1029 2457 1072 τις,
2490 1013 2553 1066 ἄν
2583 1028 2640 1064 τε
2675 1012 2747 1082 μὴ
2784 1011 2966 1082 πείσῃ,
3019 1012 3118 1084 τὴν
3166 1013 3390 1085 γνώμην
3439 1015 3542 1086 χρὴ
3581 1014 3927 1079 ἐξετάζεσθαι

706 1108 846 1172 quod
886 1105 1097 1172 quidem
1129 1104 1356 1158 voluerit
1401 1103 1573 1171 ipsum
1620 1115 1811 1169 capere
1874 1112 1928 1153 et
1961 1098 2166 1164 tellere,
2202 1099 2254 1152 in

2353 1098 2447 1151 τοῦ
2511 1100 2991 1170 συμϐουλεύοντος,
3028 1103 3120 1155 καὶ
3159 1102 3231 1172 μὴ
3287 1103 3513 1156 ἀπὸτοῦ
3563 1104 3748 1165 τέλους
3813 1103 3924 1154 τῶν

704 1195 981 1264 propatulo
1006 1203 1109 1259 est,
1145 1209 1303 1264 quam
1331 1193 1398 1248 ob
1436 1205 1649 1246 causam
1675 1190 1818 1245 onmi
1847 1203 2060 1258 quoque
2095 1189 2250 1242 adhi-

2038 1203 2060 1242 ε
2095 1189 2250 1242 adlti-
2357 1190 2714 1258 πραγμάτων,
2749 1181 2810 1240 οὗ
2847 1189 2946 1241 οὐκ
2985 1188 3100 1242 ἔστι
3129 1189 3341 1258 κύριος,
3375 1192 3677 1261 κρίνεσθαι,

703 1294 816 1349 bita
850 1293 898 1348 vi
931 1294 1322 1350 accusationem
1365 1287 1604 1356 scripsit.
1638 1286 1774 1352 Quid
1817 1286 1980 1352 igitur
2012 1285 2241 1348 obstitit,
2283 1286 2569 1357 quomings
2596 1283 2773 1352 ipsum
2838 1284 3092 1353 caperet?
3149 1283 3264 1340 Non
3310 1301 3441 1340 sane
3470 1288 3610 1354 quod
3664 1285 3922 1338 inﬁrmio-

703 1405 790 1444 res
862 1397 1072 1458 putaret
1146 1401 1270 1440 suas
1331 1384 1602 1439 orationes
1677 1382 1912 1453 potentia
1981 1381 2236 1437 hostium.
2272 1377 2454 1448 Neque
2511 1380 2764 1444 enim,ut
2829 1379 3118 1436 Escbines
3193 1381 3291 1450 ipsi
3341 1381 3651 1450 ohjiciebat,
3697 1392 3920 1448 accepta

701 1483 926 1550 pecunia
983 1479 1200 1534 tradidit
1252 1476 1547 1542 victoriam,
1607 1489 1712 1530 non
1761 1475 1901 1528 enim
1955 1473 2099 1528 cadit
2126 1473 2226 1527 hoc
2266 1473 2438 1539 turpis
2477 1470 2610 1525 lucri
2641 1469 2846 1525 crimen
2902 1474 2953 1524 in
3020 1472 3178 1539 hujus
3205 1473 3440 1526 oratoris
3469 1472 3632 1525 animi
3701 1473 3919 1540 magni-

703 1572 957 1635 tudinem,
984 1586 1153 1638 neque
1175 1566 1465 1623 verisimile
1493 1575 1575 1622 est
1613 1580 1756 1629 eum,
1799 1565 1889 1633 qui
1919 1564 2031 1617 suis
2077 1559 2365 1623 tutoribus,
2423 1560 2730 1614 hominibus
2779 1559 2911 1614 satis
2957 1560 3313 1630 locupletibus
3370 1569 3422 1612 et
3495 1559 3698 1614 idoneis
3729 1558 3908 1627 patria

699 1669 836 1717 bona
865 1671 983 1732 post
1031 1661 1306 1716 victoriam
1346 1669 1532 1714 eontra
1586 1673 1677 1712 eos
1734 1664 2059 1725 reportatam
2099 1651 2414 1721 reliquerat,
2493 1651 2719 1719 turpiter
2777 1649 2977 1719 aliquid
3029 1651 3082 1704 in
3145 1665 3304 1705 causa
3366 1650 3555 1718 capitis
3615 1650 3913 1718 accepisse.

700 1755 1052 1828 535-536
1081 1754 1182 1810 Sed
1223 1769 1342 1809 cum
1372 1754 1552 1808 hostes
1580 1765 1704 1806 suos
1744 1749 1987 1804 oratione
2019 1747 2346 1818 potentiores
2371 1758 2492 1799 esse
2536 1745 2778 1810 duceret,
2809 1758 3095 1814 secumque
3135 1755 3426 1812 reputaret,
3480 1756 3651 1798 artem
3699 1744 3916 1799 dicendi

698 1849 1219 1914 adversusipsorum
1261 1845 1566 1899 violentiam
1603 1857 1789 1910 parum
1845 1838 2228 1908 profecturam,
2282 1837 2644 1891 calamitatem
2695 1836 2840 1891 illam
2908 1838 3101 1892 decore
3169 1837 3309 1903 tulit,
3352 1835 3539 1890 melius
3565 1850 3682 1891 esse
3724 1838 3916 1892 existi-

698 1955 872 2005 mans,
904 1940 947 1994 si
977 1938 1245 1993 videretur
1308 1936 1713 1992 mansuetudine
1750 1949 1842 1989 sua
1902 1949 1959 1989 se
1983 1933 2120 1987 ultro
2191 1931 2502 1986 submisisse
2527 1946 2593 1985 ac
2623 1931 2855 1987 cessisse
2944 1931 3373 1986 adversariorum
3428 1931 3699 2000 potentiae,
3749 1947 3913 2000 quam

693 2035 933 2102 judicnm
961 2035 1223 2088 sententia
1254 2033 1758 2099 t'incizqnanqttam
1835 2034 1973 2082 Inter
2023 2029 2161 2082 hanc
2205 2042 2271 2080 ex
2336 2037 2478 2080 metu
2570 2027 3017 2091 submissionem,
3077 2039 3130 2080 ct
3174 2029 3310 2082 inter
3353 2027 3401 2080 id
3452 2029 3589 2096 quod
3645 2039 3750 2091 est,
3805 2043 3908 2083 non

697 2132 932 2199 potuisse
991 2127 1228 2190 Midiam,
1314 2140 1472 2194 quem
1523 2124 1726 2194 judicio
1775 2123 2096 2184 tradiderat,
2174 2134 2431 2187 superare
2479 2120 2614 2174 nihil
2668 2121 2960 2189 quidquam
3044 2122 3291 2174 interest.
3356 2119 3466 2174 ltno
3519 2133 3646 2173 vero
3683 2121 3910 2174 alterum

696 2222 855 2275 etiam
885 2217 1302 2286 conspectiorem
1359 2214 1519 2268 tradit
1566 2215 1892 2267 adversariis
1931 2213 2228 2265 victoriam.
2265 2211 2392 2263 Illud
2451 2211 2592 2264 enim
2629 2210 2762 2264 nihil
2804 2212 2946 2265 aliud
3010 2222 3145 2275 erat,
3200 2226 3359 2280 quam
3412 2213 3474 2264 ad
3514 2209 3725 2277 judices
3775 2210 3914 2265 nihil

694 2311 926 2365 valuisse
957 2310 1252 2362 orationem
1295 2325 1305 2357 :
1342 2307 1439 2360 hoc
1479 2313 1659 2359 autem
1710 2305 1848 2374 apud
1886 2307 2054 2372 ipsum
2104 2318 2318 2373 quoque
2380 2313 2654 2357 auctorem
2682 2304 2948 2359 orationis
3012 2306 3171 2358 talem
3238 2306 3509 2372 accepisse
3566 2305 3907 2371 opinionem.

697 2401 752 2455 Si
787 2403 943 2471 igitur
978 2399 1098 2453 talis
1131 2397 1303 2452 oratio
1336 2413 1438 2452 non
1463 2397 1689 2466 praebuit
1719 2399 1916 2451 oratori
1945 2412 2091 2463 spent
2151 2396 2525 2464 persuadendi,
2597 2397 2684 2464 qui
2727 2396 3027 2462 desperavit
3107 2397 3503 2465 persuasionem
3539 2413 3552 2447 :
3614 2396 3908 2464 quomodo,

694 2509 900 2564 quaeso,
937 2508 1040 2547 non
1069 2501 1147 2546 est
1173 2504 1332 2558 grave
1358 2504 1419 2542 ac
1452 2488 1808 2552 tnolestutn,o
1848 2488 2162 2557 gravissime
2186 2486 2283 2551 vir,
2320 2495 2378 2538 ut
2413 2486 2624 2539 illorum
2695 2488 2909 2556 quidem
2957 2493 3320 2555 unusquisque
3373 2499 3438 2538 cx
3493 2484 3654 2537 animi
3714 2498 3908 2552 propo-

695 2586 1098 2653 sitojudicetur,
1132 2595 1183 2638 et
1215 2597 1323 2638 non
1345 2586 1414 2636 sit
1441 2583 1744 2636 videaturve
1777 2594 1893 2634 esse
1922 2581 2042 2633 aliis
2067 2582 2238 2634 fraudi
2278 2579 2502 2635 aliorum
2567 2583 2900 2635 contumacia
2939 2597 2998 2632 ac
3058 2581 3385 2648 pertinacia;
3439 2580 3490 2632 in
3526 2593 3610 2631 me
3640 2592 3768 2630 vero
3816 2591 3906 2631 res

696 2691 803 2733 tota
837 2677 922 2730 ﬁat
954 2676 1074 2738 alia,
1121 2684 1277 2741 atque
1347 2688 1513 2726 novus
1556 2673 1769 2740 qttidam
1841 2685 1954 2722 mos
2019 2671 2431 2724 introdttcatnr?
2469 2672 2595 2724 Haec
2644 2680 2818 2722 autem
2880 2685 2982 2722 non
3070 2669 3268 2721 idcirco
3352 2666 3560 2735 scripsi,
3615 2665 3765 2729 quasi
3813 2664 3907 2732 qui

695 2768 1188 2837 laudesaucnpari
1245 2765 1398 2820 velim
1450 2767 1614 2833 (nosti
1683 2766 1825 2819 enim
1900 2779 2058 2832 quant
2120 2763 2237 2818 illas
2309 2765 2510 2818 soleam
2584 2772 2973 2816 contemnere:
3035 2775 3156 2812 nam
3192 2759 3235 2812 si
3265 2759 3446 2812 laudes
3504 2758 3904 2825 appetivissem,

693 2858 1434 2922 enumerassen’i’etiameos,
1484 2859 1676 2927 quibus
1739 2859 1976 2927 persuasi
2050 2867 2106 2912 ut
2168 2859 2421 2912 virtutem
2498 2856 2974 2924 amplecterentur,
3037 2856 3125 2923 qui
3168 2855 3381 2922 quidem
3427 2865 3525 2906 nec
3570 2852 3720 2919 pauci
3782 2864 3908 2904 sunt

703 2971 946 3020 numero,
977 2963 1029 3008 et
1054 2955 1185 3008 satis
1217 2951 1499 3019 celebres),
1565 2953 1657 3006 sed
1726 2952 2007 3006 ostendere
2089 2953 2332 3018 studens,
2368 2953 2482 3006 sive
2505 2951 2624 3019 quis
2668 2951 2982 3016 persuadeat
3040 2963 3102 3002 ea
3157 2962 3278 3016 qua:
3323 2946 3596 3015 proposuit
3644 2944 3753 2997 sive
3801 2957 3906 2997 non

693 3047 1032 3118 persuadeat,
1073 3054 1320 3114 oportere
1375 3043 1610 3097 animum
1687 3047 1913 3112 expendi
1962 3046 2075 3111 ejus
2141 3046 2234 3114 qui
2304 3045 2587 3100 consilium
2641 3046 2770 3096 dare
2826 3043 3095 3106 instituit;
3178 3056 3279 3096 non
3343 3042 3520 3092 autem
3617 3040 3788 3106 ipsum
3840 3052 3906 3092 ex

692 3153 880 3197 eventu
948 3156 1146 3204 rerum,
1192 3141 1282 3209 qui
1333 3140 1571 3208 inlpsius
1631 3149 1894 3209 potestate
1955 3155 2058 3194 non
2119 3152 2221 3209 est,
2253 3141 2526 3195 aestimari.

943 3251 1116 3307 CCVI.
1158 3279 1223 3289 —
1260 3245 1643 3306 THEODOSIO
1673 3249 1984 3305 DlACON‘O.
2272 3243 2313 3296 Β

696 3342 760 3397 In
783 3343 975 3396 dictum
1014 3342 1164 3405 illud,
1211 3359 1229 3392 ι
1257 3339 1388 3406 Qui:
1411 3342 1570 3396 nescit
1610 3338 1951 3408 Ephesiorum
1985 3345 2242 3396 civitatem

2587 3253 2718 3319 Σςν.
2757 3284 2821 3293 —
2843 3247 3164 3321 ΘΕΟᾹΟΣΙῼ
3191 3248 3490 3318 ΔῘΑΚΟΝῼ
3520 3245 3654 3316 (42).

2344 3344 2448 3405 Εἰς
2477 3342 2541 3393 τὸ
2576 3329 2891 3409 εἰρημένοις
2913 3356 2924 3370 ι
2962 3357 2978 3390 t
3011 3341 3127 3409 jlc
3155 3340 3270 3409 oin;
3304 3333 3428 3390 οἵδε
3469 3334 3584 3409 τὴν
3619 3334 3901 3409 Ἐφεσίων

2413 3401 2591 3463 eam
2624 3401 2923 3476 ἰνεωκόρον
2966 3401 3168 3462 οὖσάν
3201 3407 3309 3474 τῆς
3349 3405 3614 3474 μεγάλης
3660 3401 3903 3470 Ἀρτέμι-

987 3428 1092 3464 esse
1121 3412 1368 3464 wditttam
1407 3427 1605 3478 magna
1643 3411 1823 3463 Diam:
1845 3409 1948 3462 “1’.

764 3587 1023 3653 Quoniam
1071 3587 1276 3640 discere
1328 3585 1536 3638 voluisti
1602 3583 1728 3637 illud
1782 3586 1922 3651 quod
1989 3584 2042 3636 in
2093 3585 2243 3638 Actis

696 3678 1052 3748 apostolorum
1102 3676 1358 3732 habetur:
1396 3675 1554 3742 «Quis
1581 3675 1751 3732 nescit
1781 3674 2129 3743 Ephesiorum
2165 3677 2242 3729 ci-

697 3771 911 3822 vitatem
965 3769 1213 3823 zedituam
1266 3784 1383 3823 esse
1430 3783 1634 3836 magna:
1690 3768 1913 3835 Dianae,-
1945 3780 1995 3824 et
2041 3786 2068 3822 a
2111 3767 2243 3825 Jove

696 3862 895 3928 delapsi
938 3858 1262 3913 simulacri?
1313 3877 1331 3910 ι
1388 3858 1526 3912 scire
1576 3859 1734 3912 debes
1790 3874 1891 3913 non
1936 3874 2054 3913 esse
2104 3861 2241 3914 hanc

696 3948 988 4016 Scriptum
1015 3947 1181 4016 ipsius
1206 3961 1412 4009 vocem,
1443 3945 1537 4000 sed
1565 3947 1755 4000 scriba:
1777 3946 2146 4016 Ephesioru‘m.
2179 3948 2242 4003 Et

695 4052 1152 4106 supervacaneum
1187 4051 1306 4092 esse
1363 4038 1496 4091 duco
1539 4049 1812 4090 sermones
1845 4036 1898 4089 in
1933 4035 2089 4090 trivio
2123 4052 2242 4105 pro-

702 4129 846 4181 fusos
877 4127 1215 4195 interpretari
1239 4144 1252 4191 ;
1281 4127 1343 4180 de
1365 4127 1558 4194 quibus
1586 4127 1746 4178 etiam
1784 4127 1972 4196 opinor
2003 4123 2240 4181 Psalmo-

695 4231 811 4269 rum
844 4216 1161 4284 scriptorem
1213 4215 1588 4282 pronuntiasse
1633 4216 1772 4270 ista:
1832 4234 1848 4265 ι
1875 4213 2242 4269 Narraverunt

695 4307 822 4360 mihi
865 4305 1032 4375 iniqui
1081 4304 1474 4371 tabulationes;
1515 4306 1604 4359 sed
1637 4320 1740 4359 non
1782 4318 1836 4358 ut
1869 4307 1948 4359 lex
1993 4316 2102 4368 tua,
2141 4305 2240 4359 Do-

697 4399 834 4450 mine
857 4396 921 4448 “.
947 4415 963 4446 ›

1180 4507 1376 4561 CCVII.
1415 4538 1480 4548 -~
1529 4508 1751 4563 ElDEbL

765 4622 1025 4684 Quoniam
1061 4620 1297 4673 discendi
1329 4621 1617 4688 cupiditate
1662 4619 1894 4689 ﬂagrans
1925 4624 2084 4677 etiam
2122 4641 2243 4678 cru-

696 4709 896 4762 ditione
930 4708 1125 4777 plenus
1173 4724 1288 4763 esse
1316 4709 1414 4772 vis,
1453 4710 1549 4762 hoc
1597 4725 1809 4780 quoque
1841 4726 2127 4780 exponam,
2176 4731 2243 4767 ne

696 4801 875 4853 videar
923 4803 973 4852 in
1004 4813 1286 4852 mwrorem
1320 4809 1367 4853 te
1399 4797 1681 4865 conjicere.
1724 4800 1821 4865 Qui
1850 4802 1989 4870 apud
2031 4800 2243 4858 Graecos

697 4888 980 4960 (inﬁdeles)
1008 4889 1290 4943 simulacra
1322 4890 1677 4945 conficiebant
1699 4933 1713 4956 ,
1752 4891 1784 4944 ii
1843 4891 2087 4948 volentes
2118 4908 2239 4962 spes

696 4979 989 5035 ctatoribus
1036 4989 1291 5036 terrorem
1320 4981 1578 5044 incutere,
1631 4982 1984 5049 dictitabant,
2034 4984 2120 5038 illa
2169 4986 2235 5040 de

741 5133 783 5160 θ’
807 5132 922 5184 Act.
957 5145 1067 5196 χιι,
1098 5131 1184 5185 55.
1286 5133 1330 5163 ⁸³
1362 5131 1501 5185 Psal.
1530 5148 1714 5193 (ευ-ιιι,
1752 5136 1839 5189 85.

2414 3479 2558 3546 ὄος;
2600 3500 2617 3530 ι

2425 3592 2640 3664 Ἐπειδὴ
2664 3591 2933 3662 ἠθέλησας
2976 3590 3165 3660 μαθεῖν
3192 3590 3252 3640 τὸ
3282 3590 3338 3640 ὲν
3368 3591 3485 3650 ταῖς
3534 3587 3764 3656 πράξεσι
3792 3584 3897 3638 τῶν

2344 3685 2651 3738 ἀποστόλων
2687 3685 2969 3754 κείμενονο
3014 3702 3030 3733 t
3069 3681 3163 3739 Ti;
3210 3681 3306 3733 οὐκ
3341 3674 3446 3730 οἶδε
3477 3678 3575 3747 τὴν
3636 3675 3897 3745 Ἐφεσίων

2345 3773 2497 3825 πόλιν
2539 3771 2803 3842 νεωκόρον
2850 3767 2987 3823 εἶναι
3022 3770 3120 3836 τῆς
3159 3767 3396 3836 μεγάλης
3435 3765 3780 3834 Ἀρτέμιδος,
3813 3763 3899 3815 καὶ

2343 3862 2437 3915 τοῦ
2469 3863 2787 3927 διοπετοῦςς
2826 3880 2844 3912 ›
2883 3858 2989 3912 ἴσθι
3018 3901 3030 3922 ,
3066 3858 3148 3910 ὅτι
3180 3856 3279 3910 οὐκ
3308 3855 3420 3908 ἔστι
3470 3855 3564 3924 τῆς
3607 3853 3826 3924 Γραφῆς
3866 3857 3897 3923 ἡ

2344 3954 2492 4025 (ξωνὴ
2521 3996 2534 4018 ,
2571 3953 2707 4008 ἀλλὰ
2763 3953 2857 4006 τοῦ
2889 3949 3258 4021 γραμματέως
3307 3948 3414 4000 τῶν
3469 3947 3726 4012 Ἐφεσίων
3757 3963 3769 3976 ·
3810 3946 3899 3998 καὶ

2344 4047 2591 4117 περιττὸν
2619 4042 2894 4113 ποιοῦμαι,
2919 4042 3211 4110 ἀγυρτικὰς
3229 4039 3536 4107 λογοποιίας
3561 4035 3893 4106 ἑρμηνεύειν·

2345 4135 2469 4203 περὶ
2515 4128 2590 4187 ὧν
2628 4129 2778 4202 οἶμαι
2820 4134 2910 4184 καὶ
2957 4131 3045 4181 τὸν
3100 4129 3348 4197 sint};st
3395 4127 3668 4199 εἰρηκέναι
3699 4140 3713 4153 ·
3760 4143 3779 4175 t
3815 4126 3897 4175 Δι-

2342 4226 2614 4297 ηγήσαντό
2649 4241 2738 4291 μοι
2768 4222 3068 4291 παράνομοι
3104 4219 3444 4288 ἀδολεσχίας·
3482 4218 3592 4270 ἀλλ’
3628 4218 3724 4284 οὐχ
3759 4215 3831 4278 ὡς
3874 4216 3900 4267 ὁ

2355 4319 2518 4386 νόμος
2555 4332 2666 4377 σου,
2703 4313 2891 4383 Κύριε.
2934 4330 2950 4360 r

2860 4514 2973 4564 sz'.
3012 4541 3078 4549 —
3105 4512 3189 4580 't'u
3211 4510 3413 4579 ΑΥΤῼ.

2438 4623 2650 4694 Ἐπειδὴ
2682 4623 2984 4692 φιλομαθὴς
3016 4621 3111 4686 ὢν,
3153 4621 3470 4690 πολυμαθὴς
3506 4618 3706 4680 ἐθέλεις
3732 4613 3897 4680 εἶναι,

2353 4717 2444 4767 καὶ
2470 4714 2625 4766 τοῦτο
2655 4715 2867 4782 φράσω,
2895 4713 2983 4765 ἵνα
3010 4713 3082 4782 μὴ
3118 4713 3330 4781 δόξαιμί
3364 4728 3420 4764 σε
3442 4710 3648 4765 λυπεῖν.
3687 4712 3748 4763 Ui
3777 4712 3896 4779 παρ’

2355 4805 2577 4872 Ἕλλησι
2605 4803 2670 4857 τὰ
2691 4804 2851 4867 ξόανα
2881 4804 3404 4867 κατασκευάσαντες,
3427 4802 3589 4872 ιρόόον
3615 4801 3896 4872 ἐμποιῆσαι

2348 4898 2457 4956 τοῖς
2487 4895 2651 4966 ὁρῶσι
2692 4894 3024 4964 βουλόμενοι,
3063 4893 3314 4963 ἔφασκον,
3344 4895 3421 4946 ὅτι
3449 4891 3558 4962 (44)
3589 4892 3646 4958 ἐξ
3679 4889 3899 4960 οὐρανοῦ

2340 4987 2485 5058 παρὰ
2501 4983 2594 5038 τοῦ
2610 4984 2726 5048 Διὸς
2739 4985 2834 5037 ὲπέ
2844 4985 2991 5055 μφθη
3005 4985 3036 5056 ἧ
3052 4983 3556 5054 κατέπτη,κρείττον
3569 4981 3676 5052 (45)
3693 4979 3831 5034 ἁπάο
3843 4997 3901 5048 ης

1776 5278 2007 5333 ΥΑΒΙᾹΞ
2043 5278 2424 5335 LECTIONES
2459 5279 2547 5333 ET
2584 5280 2817 5337 ΝΟΤᾸΞ.

767 5432 876 5503 (42)
914 5419 1035 5503 Han:
1071 5433 1289 5503 epistola
1339 5434 1579 5503 inscribit
1617 5435 1667 5486 in
1703 5434 1820 5503 cod.
1860 5433 1976 5503 Vat.
2010 5434 2114 5503 650
2143 5451 2245 5490 non

693 5501 956 5571 ελβόδθσίῳ
976 5501 1225 5574 διακόνῳ,
1255 5505 1345 5557 sed
1369 5501 1575 5574 ’Ἡρωνι
1603 5501 1973 5574 πρεσὸυτέρῳ.
2012 5501 2164 5574 Vers.
2213 5505 2248 5557 3

699 5592 782 5650 ep.
834 5578 969 5629 inter
1017 5572 1253 5656 μεγάλης
1299 5581 1352 5626 et
1398 5573 1613 5654 ’Ap'rsp:
1655 5572 1844 5651 inserit
1892 5572 2029 5624 idem
2087 5572 2242 5636 Θεᾶς.

703 5646 850 5694 Ve-rs.
890 5643 923 5694 ϐ
950 5657 1200 5694 ποιουιιαι
1233 5642 1370 5694 tdem
1398 5651 1566 5694 mutat
1597 5658 1646 5694 tn
1676 5642 1933 5694 ἡγουμαι.
1963 5641 2035 5693 lo.

703 5643 850 5699 Υιιτε.
890 5643 923 5698 ϐ
950 5643 1200 5713 ποιοῦμαι
1233 5643 1370 5696 idem
1398 5651 1566 5696 mutat
1597 5643 1646 5695 in
1676 5643 1933 5710 ἠγοῦμαι.
1963 5643 2035 5693 In.

772 5713 879 5782 (ίδὶ
913 5711 1040 5768 Erat
1073 5713 1122 5768 itt
1163 5711 1290 5769 edit.
1335 5711 1503 5770 Paris.
1544 5711 1927 5781 ἀνεπίγραφος.
1967 5710 2098 5766 Cod.
2126 5710 2244 5766 Vat.

2329 5429 2584 5504 suggerit
2616 5436 2695 5504 τῷ
2727 5436 2892 5506 αυτῷ,
2927 5437 2975 5490 id
3003 5446 3104 5500 est,
3139 5438 3427 5491 secundum
3471 5439 3590 5493 cod.
3637 5435 3777 5504 ναι,
3805 5437 3899 5506 ipsi

2349 5509 2436 5576 t-ui
2458 5506 2748 5576 superior,
2769 5505 2960 5558 Heroni
3005 5507 3339 5576 presbytero.
3368 5507 3524 5562 Eon.
3549 5563 3553 5566 .

2421 5573 2531 5643 (44)
2565 5575 2705 5628 later
2733 5575 2816 5626 ὅτι
2843 5585 2893 5629 et
2916 5575 2973 5641 ἐξ
3005 5573 3192 5629 inserit
3215 5577 3333 5630 cod.
3367 5577 3481 5632 Vat.
3520 5575 3624 5632 650
3647 5576 3712 5628 τὸ
3739 5573 3898 5644 ἄγαλ-

2353 5644 2704 5781 vitam}
2740 5715 2978 5784 κρεῖττον
3004 5723 3056 5769 et
3079 5715 3293 5784 ἁπάσης
3321 5716 3458 5772 idem
3506 5715 3689 5771 inserit
3714 5713 3793 5770 ὃν.
3828 5713 3898 5768 lo.
