4150 6454
732 441 864 508 ι·3ΞἿ

1255 549 1355 604 ι111.
1375 578 1442 589 -
1463 544 1712 604 PAULO.

1872 431 1932 491 S.
1977 429 2076 491 [SI
2086 429 2267 491 DORI
2308 427 2744 490 PELUSIOTIE

3850 432 3984 501 I38

2971 541 3043 596 ιν.
3070 573 3134 583 -
3164 541 3414 614 nunc.

1251 641 1329 698 De
1357 657 1531 696 rerum
1557 641 1909 694 humanarum
1944 640 2214 694 vanitate.
2259 635 2457 700 Canter
2482 636 2583 704 inf.
2610 651 2692 703 ep.
2725 635 2825 691 271
2869 647 2915 691 et
2943 637 3096 706 epist.
3119 636 3218 693 25!
3254 637 3344 691 lib.
3379 652 3460 693 Ill.

800 759 858 816 Si
891 756 1094 815 divitia
1121 765 1177 814 et
1224 755 1569 827 pulchritudo
1615 768 1678 812 ac
1719 754 1918 819 robur,
1967 752 2139 824 gloria
2166 753 2291 807 item

2474 749 2538 802 El
2583 749 2612 800 ὁ
2643 748 2896 816 πλοῦτος,
2927 750 3021 804 καὶ
3064 749 3126 803 τὸ
3154 749 3372 814 κάλλος,
3408 749 3504 803 καὶ
3530 750 3563 821 ἠ
3595 746 3778 822 ῥώμη,
3809 750 3908 806 καὶ
3945 754 3980 824 ἡ

728 865 791 907 ac
825 849 1090 920 potentia,
1120 849 1411 917 omniaque
1436 847 1572 901 adeo
1601 845 1826 916 pulchra
1851 843 2154 900 existimata
2189 841 2300 896 cito

726 948 1107 1004 marcescunt,
1157 947 1213 993 et
1267 936 1400 992 fumi
1458 935 1512 991 in
1559 950 1765 992 morem
1816 935 2129 1003 disparem;
2174 933 2300 1002 quis

726 1043 834 1088 tam
880 1034 1076 1086 mentis
1126 1029 1314 1099 inops,
1348 1037 1410 1083 ut
1449 1028 1499 1083 in
1548 1028 1742 1084 borum
1787 1025 1969 1095 aliquo
2010 1025 2294 1097 glorietur,

722 1136 891 1194 seque
938 1121 1155 1193 iactet?
1194 1120 1290 1176 llis
1331 1120 1476 1176 enim
1534 1119 1786 1175 omnibus
1826 1116 2090 1186 spoliatur
2134 1128 2297 1188 atque

721 1217 938 1272 exuitur
963 1213 1237 1270 interdum
1259 1213 1422 1267 etiam
1440 1211 1612 1276 vivus,
1629 1209 1850 1267 omnino
1864 1223 1996 1266 vero
2023 1218 2290 1265 mortuus.

721 1305 822 1374 Qui
871 1319 1000 1360 vero
1053 1304 1215 1361 simul
1274 1302 1466 1358 omnia.
1516 1316 1622 1358 non
1673 1301 1866 1356 habeat
1914 1299 2113 1372 (neque
2147 1300 2294 1355 enim

722 1406 916 1454 cuncta
962 1399 1056 1452 uni
1097 1395 1354 1451 obvenire
1394 1391 1683 1463 possunt),
1730 1389 2001 1461 quomodo
2044 1404 2152 1446 non
2200 1399 2294 1444 aut

720 1485 891 1541 risum
936 1485 1255 1542 mortalibus
1293 1483 1549 1540 exhibeat
1595 1481 1880 1540 venditans
1927 1495 1987 1540 se
2049 1481 2289 1548 umbris,

721 1579 948 1636 somniis
977 1587 1139 1650 atque
1168 1576 1418 1634 obscuris
1444 1573 1624 1632 visis?

1023 1776 1114 1835 IV.
1144 1808 1213 1821 —-
1244 1774 1501 1836 ZOSIMO
1531 1770 2013 1833 PRESBYTERO.

2404 838 2554 905 δόξα,
2591 839 2685 892 καὶ
2729 841 2762 908 ἡ
2789 840 3102 908 δυναστεία,
3133 842 3229 897 καὶ
3259 843 3436 897 πάντα
3464 841 3532 896 τὰ
3557 840 3817 897 δοκοῦντα
3844 840 3980 898 εἶναι

2403 929 2569 995 καλὰ,
2615 929 2810 986 θᾶττον
2865 932 3204 1003 μαραίνεται,
3257 935 3354 988 καὶ
3399 935 3608 989 καπνοῦ
3661 935 3818 1005 δίκην
3865 935 3984 989 δια-

2401 1021 2623 1077 λύεται·
2676 1024 2763 1088 τίς
2809 1017 2966 1088 οὗτος
3005 1025 3253 1096 ἀνόητος,
3308 1025 3384 1090 ὡς
3412 1027 3498 1095 ἐφ’
3534 1026 3616 1080 ἑνὶ
3657 1025 3765 1080 τῶν
3825 1027 3981 1100 είρη-

2405 1115 2582 1185 μένων
2639 1115 3032 1188 ὲνασρύνεσθαι
3087 1118 3184 1171 καὶ
3247 1118 3390 1189 μέγα
3422 1121 3673 1191 φρονεῖνς
3731 1117 3839 1172 Τοῦ
3869 1121 3979 1190 γὰρ

2400 1206 2577 1259 πάντα
2603 1204 2740 1276 ὁμοῦ
2778 1204 2931 1260 ταῦτ’
2975 1205 3190 1278 ἔχοντος
3234 1210 3608 1280 γυμνουμένου
3644 1210 3737 1264 καὶ
3763 1211 3973 1282 ἐρήμου

2400 1298 2751 1369 γιγνομένου,
2787 1298 2902 1353 ἐσθ’
2936 1300 3027 1354 ὅτε
3074 1298 3175 1368 μὲν
3229 1300 3326 1353 καὶ
3368 1299 3570 1365 ζῶντος
3618 1301 3837 1364 πάντως
3883 1302 3977 1354 καὶ

2400 1389 2698 1455 τεθνεῶτος
2718 1407 2731 1420 ·
2763 1393 2792 1445 ὀ
2827 1392 2902 1464 μὴ
2933 1393 3110 1446 πάντα
3137 1389 3274 1462 ἔχων
3298 1391 3436 1463 ὁμοῦ
3469 1391 3627 1465 (οὐδὲ
3653 1392 3763 1466 γὰρ
3794 1391 3979 1446 πάντα

2401 1477 2514 1536 οἷόν
2539 1499 2598 1536 τε
2621 1481 2900 1538 συνελθεῖν
2925 1465 3040 1557 (26)
3068 1484 3185 1548 πῶς
3204 1484 3266 1539 οὐ
3288 1484 3501 1554 γέλωτα
3521 1465 3747 1558 ὀφλήσει
3776 1503 3981 1558 σεμνυ-

2399 1575 2623 1646 νόμενος
2648 1577 2742 1630 ιπὶ
2773 1579 2956 1642 σκιαῖς
2978 1578 3076 1632 καὶ
3093 1577 3336 1650 ὀνείρασι
3362 1579 3456 1632 καὶ
3482 1578 3814 1652 ἀτρανὼτοις
3841 1596 3976 1649 φαν-

2397 1666 2610 1731 τασίαις
2629 1683 2645 1735 ;

2681 1779 2755 1834 A'.
2799 1807 2871 1821 -
2904 1779 3158 1852 znxmo
3206 1777 3681 1852 IIPEZBI‘TEPQ.

1597 1887 1982 1945 Contionantes
2013 1887 2132 1958 plus
2164 1889 2398 1959 exemplo
2433 1907 2591 1962 quam
2622 1893 2773 1948 verba
2803 1894 3094 1964 mitiﬁcant.

787 2003 1266 2070 Persuadendum,
1305 2002 1445 2059 bone
1473 2000 1579 2068 vir,
1611 1996 1867 2070 operibus
1907 2011 2031 2056 esse
2075 2011 2291 2068 regnum

2472 2001 2620 2074 Χρὴ,
2659 1995 2706 2059 ὦ
2750 2002 3016 2074 βέλτιστε,
3080 2006 3265 2060 πείσαι
3309 2005 3400 2060 διὰ
3450 2006 3792 2078 πραγμάτων
3843 2008 3972 2074 τοὺς

717 2099 836 2166 Dei,
868 2097 984 2167 eius
1007 2097 1172 2154 etiam
1207 2093 1537 2152 desiderium
1583 2090 1928 2148 audientibus
1965 2089 2290 2160 ingeneran-

713 2187 866 2244 dum.
899 2184 1298 2241 Persuadentur
1323 2189 1536 2248 autem,
1573 2179 1653 2248 sl,
1679 2194 1799 2251 qua:
1825 2192 1990 2250 regno
2023 2177 2286 2234 caelorum

715 2277 877 2347 digna
914 2283 1063 2342 sunt,
1095 2274 1174 2330 illi
1209 2273 1492 2330 docentem
1528 2285 1689 2344 agere
1717 2271 2026 2326 observent.
2062 2267 2120 2325 Si
2157 2283 2289 2326 vero

718 2367 986 2440 supplicio
1009 2366 1192 2437 digna,
1221 2373 1283 2420 ut
1305 2373 1360 2421 tu
1383 2363 1546 2429 soles,
1568 2361 1914 2419 committens
1940 2359 2288 2432 philosophe-

717 2471 839 2526 tur,
874 2458 1003 2531 qui,
1038 2471 1260 2529 quaso,
1313 2455 1454 2526 apud
1497 2453 1772 2510 auditores
1813 2452 1974 2509 ﬁdem
2014 2451 2293 2508 inveniat?

715 2554 861 2611 Idem
910 2552 1056 2609 enim
1104 2549 1256 2619 facit,
1292 2559 1456 2619 atque
1499 2546 1548 2604 si
1585 2546 1709 2617 quis
1757 2557 1873 2601 rem
1931 2545 2190 2600 adamare
2230 2558 2291 2600 se

714 2642 1145 2701 auscultantibus
1189 2640 1535 2713 persuadeat,
1577 2651 1740 2709 quam
1783 2637 1838 2693 in
1866 2649 2050 2693 reruni
2077 2642 2274 2692 natura

2395 2091 2711 2162 ἀκούοντας,
2743 2094 2825 2149 ὅτι
2859 2095 2975 2148 ιστὶ
3011 2094 3258 2166 βασιλεία
3287 2097 3557 2169 οὐρανῶν,
3601 2097 3699 2152 καὶ
3746 2099 3830 2164 τίς
3870 2101 3973 2172 τὴν

2395 2183 2697 2257 ἐπιθυμίαν
2750 2187 2921 2258 αὐτῆς
2963 2187 3162 2259 τρέψαι
3209 2189 3336 2253 τοὺς
3386 2190 3790 2264 ἀκροωμένους.
3841 2191 3973 2246 Πεί-

2398 2274 2581 2331 θονται
2619 2275 2678 2330 δὲ
2705 2277 2757 2330 οῑ
2803 2276 3115 2344 ἀκούοντες,
3151 2279 3292 2333 «sm
3322 2277 3600 2350 βασιλείας
3632 2280 3759 2344 ἄξια
3797 2282 3974 2353 πράτ-

2394 2383 2557 2421 τοντα
2597 2366 2688 2420 τὸν
2732 2366 3050 2422 διδάσκαλον
3083 2367 3257 2423 ἴδωσι.
3310 2369 3374 2423 Εί
3411 2368 3469 2421 δὲ
3519 2368 3792 2434 κολάσεως
3844 2369 3972 2437 ἀξια

2394 2457 2584 2530 ὥσπερ
2626 2459 2690 2511 σὺ
2719 2459 2975 2531 πράττων
3008 2461 3138 2532 περὶ
3165 2458 3440 2531 βασιλείας
3481 2459 3820 2531 φιλοσοφοίη,
3852 2459 3970 2524 πῶς

2395 2550 2577 2620 πείσει
2619 2549 2748 2613 τοὺς
2778 2549 3054 2619 ἀκροατάς
3077 2566 3093 2614 ;
3125 2548 3334 2603 Ταυτδν
3362 2548 3468 2620 γὰρ
3495 2551 3659 2616 ποιεῖ,
3691 2549 3768 2612 ὡς
3793 2548 3859 2602 ἄν
3885 2564 3970 2612 τις

2396 2641 2724 2712 πράγματος
2761 2641 2896 2711 ὲρᾷν
2924 2639 3103 2693 πείθοι
3128 2639 3256 2704 τοὺς
3291 2639 3615 2704 πεισθέντας
3643 2639 3773 2709 παρ’
3801 2634 3968 2693 αὑτοῦ

715 2753 820 2795 non
841 2751 964 2794 esse
992 2733 1241 2793 credant.

2399 2731 2687 2805 πρότερον,
2716 2731 2797 2786 ὅτι
2819 2730 2980 2784 τοῦτο
3005 2731 3106 2801 οὐχ
3134 2730 3461 2803 ὑφέστηκεν.

1124 2843 1188 2900 γ.
1223 2875 1290 2888 -
1312 2841 1597 2901 DOMITIO
1619 2841 1881 2901 COMITI.

2763 2843 2841 2898 E'.
2874 2871 2942 2882 —
2978 2842 3284 2913 summio
3313 2843 3605 2900 KOMHTI.

1928 2953 2197 3027 Martyres
2231 2957 2504 3014 moriendo
2532 2958 2763 3014 vincunt.

783 3073 1016 3132 Inferior
1032 3078 1140 3139 est,
1181 3084 1216 3126 ο
1245 3067 1669 3139 sapientissime,
1695 3079 1802 3123 non
1823 3065 1876 3122 in
1898 3063 2041 3123 bello
2068 3065 2290 3134 cadens,

2471 3059 2651 3121 Ἦττά
2695 3069 2862 3132 ἐστιν,
2898 3060 2944 3120 ὧ
2975 3065 3273 3136 σοφώτατε,
3305 3067 3364 3120 οὐ
3395 3067 3454 3122 τὸ
3500 3066 3747 3123 τεθνάναι
3783 3069 3845 3126 ἂν
3871 3087 3972 3126 πο-

715 3168 813 3225 sed
844 3168 1034 3224 hostes
1077 3163 1276 3219 timens
1303 3175 1368 3217 ac
1396 3160 1644 3232 clypeum
1682 3157 1914 3230 iaciens.
1958 3155 2129 3226 Quem
2159 3171 2291 3213 vero

2399 3159 2570 3230 λὲμῳ,
2605 3159 2742 3213 ἀλλὰ
2776 3159 2837 3213 τὸ
2863 3158 3036 3213 δεῖσαι
3058 3160 3187 3224 τοὺς
3215 3160 3530 3232 πολεμίους,
3560 3162 3654 3215 καὶ
3682 3162 3838 3232 ῥίψαι
3865 3164 3971 3238 τὴν

714 3258 842 3314 {oi-ti
873 3257 1056 3312 animo
1087 3252 1441 3310 meditantem
1470 3262 1669 3320 corpus
1701 3248 1970 3316 destituit,
1999 3262 2121 3305 eum
2149 3248 2291 3304 inter

2399 3249 2604 3306 ἀσπίδα
2625 3264 2640 3280 ⁸
2684 3249 2744 3304 ὃν
2787 3248 2845 3304 δὲ
2876 3249 3104 3304 ἐπέλιπε
3130 3249 3193 3304 τὸ
3228 3251 3388 3322 σῶμα
3412 3253 3511 3324 τῆς
3539 3252 3820 3324 ἀριστείας
3846 3255 3972 3308 ἑπι-

715 3345 947 3399 victores
1013 3339 1214 3396 ascribi
1276 3337 1366 3394 lex
1426 3345 1550 3404 est,
1623 3351 1749 3394 cum
1803 3345 1860 3393 et
1915 3351 2010 3394 eos
2059 3336 2291 3393 athletas

2399 3340 2678 3413 θυμοῦντα
2726 3342 2786 3397 ὲν
2823 3344 2938 3406 τοῖς
2989 3342 3371 3414 τροπαιούχοις
3420 3344 3857 3416 ἀναγράφεσθαι,
3883 3346 3973 3400 νύ-

717 3436 1014 3494 certamine
1051 3434 1442 3492 accumbentes
1481 3431 1664 3503 magis
1702 3431 2001 3502 praedicent
2028 3431 2282 3487 ludorum

2399 3449 2532 3503 μοςο
2573 3433 2698 3486 επεὶ
2736 3433 2832 3486 καὶ
2882 3431 2991 3486 τῶν
3037 3433 3283 3503 ἀθλητῶν
3331 3435 3458 3499 τοὺς
3501 3436 3557 3489 ὲν
3587 3436 3725 3507 αὐτῇ
3758 3435 3970 3490 ἀποθα-

716 3527 980 3600 preteeti,
1016 3541 1176 3598 quam
1200 3525 1398 3598 quibus
1446 3524 1584 3581 nihil
1634 3524 1854 3582 accidit.
1883 3523 2015 3592 Qua
2045 3537 2167 3579 cum
2210 3523 2286 3580 ita

2399 3521 2586 3588 νόντας
2633 3523 2799 3594 πάλῃ,
2829 3521 2942 3594 (27)
2980 3522 3184 3594 μᾶλλον
3220 3524 3452 3594 τιμῶσιν
3487 3526 3535 3578 οί
3589 3527 3717 3590 τοὺς
3749 3524 3968 3594 ἀγῶνας

717 3619 858 3686 sint,
899 3633 998 3676 cur
1021 3629 1181 3691 putas
1206 3626 1472 3688 martyres
1499 3615 1778 3673 moriendo
1798 3615 2079 3687 superari,
2103 3623 2158 3672 et
2177 3628 2289 3670 non

2399 3612 2615 3678 τούτους
2639 3615 2912 3679 διαθέντες
2942 3615 3053 3669 τῶν
3089 3615 3166 3688 μὴ
3192 3615 3351 3672 τοῦτο
3377 3617 3675 3674 παθόντων.
3707 3619 3770 3673 El
3788 3620 3968 3675 τοίνυν

715 3711 897 3782 potius
925 3709 1194 3782 praeconio
1222 3709 1414 3778 dignos
1447 3707 1673 3764 censes!
1719 3706 1888 3778 Hujus
1916 3706 2059 3763 enim
2085 3720 2288 3778 pugna

2399 3705 2546 3760 ταῦθ’
2574 3705 2750 3771 οὕτως
2787 3705 2923 3778 ἔχει,
2965 3707 3034 3761 δι’
3061 3709 3130 3779 ἢν
3173 3709 3353 3763 αἰτίαν
3389 3709 3633 3782 νομίζεις
3660 3711 3788 3776 τοὺς
3817 3711 3963 3784 μάρο

718 3802 842 3857 linis
881 3810 997 3870 est,
1042 3815 1147 3856 non
1180 3810 1286 3856 tam
1324 3799 1492 3854 vitam
1538 3811 1758 3856 servare
1805 3811 2110 3868 corpusque
2151 3797 2291 3854 tueri

2399 3814 2566 3868 τυρας
2593 3798 2669 3870 τῷ
2693 3798 2946 3854 τεθνάναι
2997 3799 3260 3870 ἡττᾶσθαι
3293 3801 3429 3874 (28),
3459 3803 3554 3857 καὶ
3583 3804 3658 3875 μὴ
3690 3804 3776 3858 διὰ
3809 3805 3967 3862 τοῦτο

720 3895 946 3964 (cumet
971 3893 1161 3960 vivus,
1205 3891 1298 3962 qui
1346 3889 1575 3960 patitur,
1616 3887 1924 3959 occumbat)
1969 3901 2132 3958 quam
2177 3901 2284 3944 non

2399 3888 2596 3959 μᾶλλον
2645 3891 3080 3963 ἀνακηρύττεις;
3132 3891 3299 3957 Τέλος
3349 3896 3457 3965 γάρ
3497 3894 3610 3948 ἔστι
3653 3895 3755 3964 τῆς
3787 3897 3967 3968 μάχης

722 3987 974 4044 amittere
999 3984 1213 4042 virtutis
1240 3984 1427 4043 decus.

2399 3978 2596 4052 ταύτης
2626 3980 2687 4033 οὐ
2735 3980 2793 4034 τὸ
2823 3981 2982 4052 σῶμα
3016 3980 3079 4054 (ὃ
3124 3981 3220 4037 καὶ
3251 3981 3443 4046 δοκοῦν
3474 3984 3576 4055 ζῇν
3614 3984 3965 4058 ἑνέκρωσαν)

2394 4067 2535 4124 ἀλλὰ
2560 4067 2622 4121 τδ
2647 4067 2725 4140 μὴ
2758 4068 3070 4140 διαφθεῖραι
3094 4068 3154 4123 τὺ
3180 4069 3280 4140 τῆς
3313 4071 3514 4142 ἀρετῆς
3543 4070 3717 4142 κλέος.

2714 4181 2807 4247 cr.
2846 4205 2918 4220 -
2955 4179 3298 4253 ΠΔΔΛΔΔΙῼ
3330 4182 3647 4256 manu.
3687 4189 3703 4213 ’

1945 4301 2012 4358 In
2036 4301 2389 4372 episcopatum
2418 4298 2750 4355 ambientem.

775 4440 849 4497 ‘Si
905 4453 1082 4512 neque
1126 4437 1448 4512 episc0palis
1495 4439 1732 4512 dignitas
1759 4478 1776 4506 ,
1846 4454 2023 4511 neque
2064 4439 2286 4512 dignum

2441 4431 2536 4543 PE!
2565 4431 2691 4486 οὗτε
2719 4433 2820 4502 τῆς
2849 4431 3155 4505 ιπισκοπῆς
3181 4435 3241 4488 τδ
3271 4436 3524 4507 μέγεθος,
3554 4435 3678 4491 οὔτε
3711 4437 3772 4492 τὸ
3805 4438 3966 4512 μηδὲν

719 4531 849 4602 quid
893 4531 980 4588 illa
1029 4546 1060 4587 a
1097 4540 1151 4590 te
1196 4532 1535 4598 confectum,
1567 4546 1632 4589 ac
1678 4547 1746 4588 ne
1793 4533 2088 4604 apostolica
2128 4531 2291 4604 555

2399 4521 2552 4590 ἄξιον
2603 4524 2777 4595 αὐτῆς
2837 4524 3263 4600 διαπράττεσθαι
3285 4568 3301 4594 ,
3363 4527 3487 4582 οὔτε
3549 4531 3583 4600 ἡ
3637 4530 3967 4602 ἁποστολικὴ

723 4620 942 4691 quidem
987 4634 1090 4676 vos
1123 4620 1364 4692 episcopi
1406 4620 1725 4676 describens
1768 4620 2004 4677 cilicium
2050 4640 2066 4678 :
2115 4636 2291 4692 neque

2399 4614 2614 4685 γλῶττα
2645 4617 2678 4686 ἡ
2716 4614 2809 4668 τὸν
2854 4615 3154 4671 ἐπίσκοπον
3176 4618 3365 4673 ὁποῖον
3402 4615 3544 4674 εἶναι
3592 4621 3697 4692 χρὴ
3742 4621 3965 4678 suum.

727 4710 819 4766 Dei
865 4718 1234 4781 incorruptum
1269 4712 1544 4777 tribunal,
1594 4726 1704 4783 quo
1756 4722 1906 4770 certa
1961 4713 2291 4784 deﬁnitaque

2401 4722 2575 4761 σασαο
2622 4705 2748 4759 οὒτε
2797 4706 2860 4760 τὸ
2909 4705 3210 4763 ἀδέκαστον
3255 4709 3603 4782 δικαστήριον
3645 4711 3707 4765 τὸ
3747 4714 3964 4784 ἀπαρα-

726 4802 929 4857 feretur
957 4800 1257 4867 sententia,
1279 4814 1380 4857 nec
1403 4800 1636 4871 denique
1669 4802 1813 4859 aliud
1839 4803 1970 4874 quid
2003 4803 2076 4859 ab
2110 4804 2211 4859 hac
2242 4813 2291 4860 te

2401 4795 2651 4867 λόγιστυν
2689 4796 2790 4868 τὴν
2815 4795 2998 4868 ψῆφον
3032 4793 3200 4866 οῐσον,
3225 4797 3350 4854 οὒτε
3386 4799 3514 4854 ἄλλο
3540 4799 3692 4854 οὑδιν
3730 4801 3833 4872 τῆς
3866 4819 3967 4872 μα-

725 4891 960 4947 amentia
997 4900 1250 4957 revocat;
1304 4889 1432 4960 quid
1469 4890 1651 4959 inepto
1702 4903 1756 4948 et
1800 4907 1832 4948 a
1889 4893 2101 4949 ratione
2145 4893 2291 4949 omni

2402 4888 2522 4953 νίας
2581 4905 2643 4942 σε
2697 4886 2903 4959 ταύτης
2959 4888 3237 4962 ἀπείργει,
3288 4891 3357 4946 δι’
3387 4887 3458 4963 ἧς
3504 4891 3610 4945 ὑπὸ
3657 4892 3965 4964 παραλόγου

724 4981 1052 5051 abhorrente
1103 4979 1374 5034 desiderio
1437 4977 1756 5051 dignitatem
1823 4989 2186 5038 mercaturam
2242 4992 2291 5039 te

2405 4978 2567 5033 ιπιθυ
2576 4979 2706 5050 μίας
2725 4978 3117 5051 ἐκϐακχευθεὶς
3142 4981 3244 5054 τὴν
3269 4983 3426 5050 ἀξίαν
3450 4981 3776 5056 ὶεαγοράσαι
3806 5001 3968 5054 προο-

726 5067 952 5140 speras?
973 5067 1176 5124 Saltem
1202 5067 1410 5124 externi
1433 5082 1530 5124 seu
1556 5069 1754 5139 pagani
1786 5070 2021 5127 hominis
2042 5072 2291 5143 exemplo

2402 5071 2588 5142 δοκᾷς,
2627 5071 2733 5127 κᾶν
2773 5071 2878 5127 ὑπὸ
2909 5073 3020 5128 τῶν
3043 5073 3244 5140 ἔξωθεν
3285 5074 3660 5147 δυσωπήθητι.
3698 5076 3836 5130 Φασὶ
3863 5074 3966 5144 γὰρ

728 5161 933 5228 pudore
959 5156 1308 5216 suﬂundaris.
1355 5158 1562 5216 Ferunt
1583 5160 1728 5217 enim
1769 5159 2040 5218 Pittacum
2073 5173 2291 5234 accepta

2401 5162 2480 5228 ὡς
2522 5161 2795 5228 Πιττακὸς
2839 5163 3023 5222 λαϐὼν
3055 5165 3152 5238 τὴν
3177 5166 3352 5239 ἀρχὴν
3383 5167 3534 5242 παρὰ
3566 5166 3966 5239 Μιτυληναίων,

1221 4187 1314 4245 Ἦ.
1340 4217 1404 4228 —-
1434 4185 1791 4244 PALliADlO.

1833 5335 2068 5393 VARUE
2107 5336 2486 5396 LECTIONES
2521 5337 2614 5396 ET
2643 5338 2876 5398 ΝΟΤΕ.

802 5523 913 5612 (εδ)
947 5493 1080 5612 (ἶτῖἕδ
1096 5522 1221 5612 .13?
1262 5518 2298 5612 I4VSE_9“VE€E"'519.“‘{-.'19:“???

731 5591 1054 5719 Marine“
1096 5591 1217 5647 libr'.
1262 5608 1314 5647 iv
1363 5591 1554 5676 Iliad"
1601 5607 1743 5649 vers.
1778 5591 1907 5657 330,
1940 5601 1998 5647 et
2041 5593 2137 5648 lib.
2174 5607 2273 5646 xm

736 5677 878 5721 vers.
979 5661 1117 5730 9,,et
1147 5661 1392 5732 Odyssea
1421 5664 1514 5721 lib.
1542 5677 1659 5729 VIII,
1686 5676 1831 5718 vers.
1871 5659 1972 5716 167
2003 5681 2017 5717 :

863 5705 878 5720 ο
919 5700 1117 5730 Ι-ν⁹,υο
1147 5700 1389 5730 νυςσπω
1421 5700 1514 5721 ιιυι
1552 5700 1659 5729 VIII,
1695 5700 1831 5718 νυ...
1877 5700 1964 5716 ινι
2005 5703 2016 5717 ο

1039 5777 1111 5831 οὺ
1135 5779 1429 5834 πάντεσσι
1466 5775 1585 5834 θεοί
1615 5775 1893 5847 χαρίεντα
1923 5773 2198 5847 ῤἰδσῦση·

819 5841 1145 5912 ’ἀνθράσιη
1615 5841 1650 5847 ’⁷
1689 5841 1705 5846 ⁷
1922 5841 2159 5900 Scuorr.

2469 5523 2590 5666 €27;
2625 5525 2767 5580 Ante
2796 5522 2944 5598 πάλῃ
2982 5523 3122 5607 idem
3305 5521 3626 5645 suppleta.

2497 5594 2570 5650 τε
2640 5593 2954 5666 Ἦττᾷσθαι.
2984 5592 3190 5666 Scribit
3210 5594 3379 5666 _Idem_
3410 5595 3548 5664 ήττη
3598 5607 3696 5666 ἀι,
3726 5599 3801 5666 _et
3831 5604 3952 5666 vers

2475 5595 2590 5666 (28)
2640 5595 2954 5676 'ﬂﬂtioOai.
2990 5595 3190 5652 Scribit
3207 5595 3381 5676 jdem.’
3410 5595 3696 5674 ἡττῆσθαι,
3726 5599 3801 5673 .et
3831 5604 3968 5646 vers.

2408 5674 2714 5791 agmen.
2767 5673 2914 5722 inter
2947 5663 3010 5718 τὸ
3064 5673 3120 5722 et
3165 5679 3328 5735 σωμα
3366 5672 3638 5720 interserit
3685 5677 3857 5716 σωσαι
3894 5660 3971 5715 τό.
