4150 6502
215 473 353 546 1337
1169 475 1708 539 EPISTOLARUM
1745 456 1893 540 LIB.
1933 477 2004 540 ν.
2033 501 2105 513 -
2139 469 2380 537 EPIST.
2412 475 2610 538 XXII.
3379 469 3517 538 1338

213 599 308 650 λαι
325 592 419 648 τοῦ
447 590 618 647 Ἰούδα
649 590 750 661 τὴν
776 587 1235 661 φιλοχρηματίαν,
1253 589 1350 644 καὶ
1372 590 1448 661 μὴ
1472 588 1753 660 άνυσάσης
1778 606 1793 656 ;

1927 587 2198 656 efﬁcacia,
2224 588 2460 646 utJuda:
2490 585 2757 659 proditori
2786 585 3001 656 eripere
3031 582 3276 640 avaritiae
3306 584 3515 641 crimen

212 689 280 740 οὐ
313 683 468 758 παρὰ
507 685 607 755 τὴν
635 682 845 738 οἰκείαν
889 679 1176 736 ἀσθένειαν
1198 720 1213 744 ,
1261 679 1399 735 ἀλλὰ
1430 679 1583 751 παρὰ
1615 681 1676 732 τὺ
1709 678 1804 736 τὸν

1922 692 2188 753 ροεεοι,ει
2217 697 2324 738 non
2357 682 2524 737 fecit:
2553 680 2718 750 idque
2750 692 2855 733 non
2891 690 2958 732 ex
2987 691 3084 732 sua
3114 675 3515 746 imbecillitate,

213 777 486 833 ἀκούοντα
531 775 723 847 κύριον
751 770 890 828 εἶναι
918 772 1022 843 τῆς
1058 771 1268 837 οἰκείας
1308 769 1559 842 γνώμης,
1587 769 1679 824 διά
1705 769 1806 842 τῆς

1922 776 2006 832 ted
2037 776 2180 846 quod
2209 775 2436 829 audiens
2467 772 2573 828 ista
2604 769 2775 826 ludas
2831 777 3057 840 propter
3103 766 3320 824 arbitrii
3353 767 3519 824 liber-

211 868 699 938 αὒτεξουσιότητος
725 867 869 937 ὅρον,
904 863 972 919 δι’
999 863 1061 918 δν
1089 863 1186 918 καὶ
1209 865 1238 918 ὁ
1262 863 1361 933 τῆς
1393 862 1633 935 κρίσεως
1659 860 1808 927 ἀξιό-

1922 874 2081 923 tatem
2114 879 2284 929 suam,
2313 864 2368 920 in
2407 869 2677 938 potestate
2709 861 2937 917 haberet
2975 859 3348 915 sententiam?
3398 856 3516 925 Qua

211 923 396 1036 χρεώς
426 962 544 1014 εστι
573 923 828 1028 λόγος·ιεί
846 923 1030 1011 τοίνυν
1055 954 1209 1010 ταῦθ’
1237 923 1412 1018 οὕτως
1434 923 1575 1025 ἔχει,

1922 962 1981 1020 de
2027 976 2194 1019 causa
2238 923 2430 1030 iudicii
2465 923 2659 1016 idon’ea
2697 967 2782 1014 est
2828 956 3099 1012 defensio.
3130 955 3262 1021 Quae
3289 923 3516 1012 cum-ita

211 1055 321 1126 χῆς
347 1049 636 1122 μὲνάξιος
665 1051 695 1103 ό
715 1047 788 1102 τά
820 1044 988 1103 αὐτοῦ
1014 1044 1264 1120 πληρῶν·
1303 1041 1568 1114 μέμψεως
1595 1042 1656 1097 δὲ
1709 1043 1807 1096 καὶ

213 1144 560 1217 κατηγορίας
607 1142 638 1196 ό
669 1142 792 1205 ταίς
822 1137 1060 1219 ἀγαθαῖς
1095 1135 1454 1209 παραινέσεσι
1492 1137 1570 1219 μὴ
1613 1134 1805 1190 πειθό-

216 1259 383 1314 μενος
403 1259 417 1274 ο
448 1241 478 1294 ὸ
499 1240 557 1295 δὲ
583 1239 683 1311 τὴν
720 1236 816 1292 τοῦ
845 1218 958 1309 (42)
999 1233 1317 1296 πεισθέντος
1342 1218 1684 1303 κατηγορίαν
1713 1230 1808 1286 ἐπὶ

212 1337 310 1390 τὸν
334 1334 408 1406 μὴ
435 1334 702 1388 πείσαντα
730 1330 967 1405 τρέπων,
997 1328 1229 1400 ἠλίθιος,
1263 1327 1361 1382 ἅτε
1390 1328 1487 1379 καὶ
1510 1324 1622 1380 τῶν
1646 1323 1809 1379 θείων

217 1426 316 1481 καὶ
352 1425 462 1481 τῶν
505 1424 876 1497 ἀνθρωπίνων,
904 1419 1250 1495 πραγμάτων
1301 1417 1512 1490 ἀγνοῶν
1561 1414 1661 1489 τὴν
1704 1414 1810 1487 φύ-

217 1534 330 1573 σιν.

519 1626 651 1681 KA'.
690 1655 762 1666 —-
796 1623 1096 1695 ΛΕΟΝἸἹῼ
1129 1620 1510 1691 ΕΠΙΣΚΟΠῼ.

1915 1055 2045 1120 sint,
2077 1052 2233 1109 laude
2256 1053 2450 1124 dignus
2472 1060 2558 1108 est
2584 1051 2677 1122 qui
2710 1049 2836 1104 talia
2883 1061 3078 1117 reapse
3123 1055 3462 1118 exsequatur
3495 1065 3512 1100 :

1915 1143 2083 1216 559
2134 1143 2592 1213 vituperationem
2649 1146 2844 1198 contra
2904 1153 2968 1194 ac
3018 1137 3509 1208 reprehensionem

1918 1239 2221 1299 mereatur,
2278 1230 2372 1302 qui
2424 1230 2565 1286 bona
2607 1229 2859 1285 suadenti
2903 1241 3011 1282 non
3063 1235 3275 1295 pareat.
3304 1223 3522 1280 Stultus

1917 1325 2106 1395 itaque
2130 1323 2220 1393 qui
2255 1323 2310 1378 in
2333 1321 2682 1386 suadentem,
2702 1322 2846 1391 quod
2878 1333 2984 1375 non
3018 1316 3368 1388 persuadeat,
3393 1314 3517 1369 ideo

1917 1408 2370 1474 accusationem,
2435 1417 2625 1479 utpote
2673 1408 2982 1464 divinarum
3046 1407 3519 1473 humanarumque

1921 1515 2105 1559 rerum
2139 1502 2382 1574 ignarus,
2418 1509 2731 1557 convertat.

2212 1614 2358 1671 XXI.
2382 1646 2454 1656 —
2494 1613 2804 1670 LEONTIO
2837 1613 3199 1672 EPISCOPO.

506 1715 760 1773 Priorum
784 1714 1112 1771 sacerdotum
1149 1728 1268 1766 cum
1297 1712 1382 1766 sui
1420 1710 1518 1766 (eui
1555 1708 1764 1780 elegans
1802 1717 2150 1778 comparatio.
2201 1705 2464 1776 Vide-inf.
2506 1706 2706 1761 similia
2744 1706 2896 1776 epist.
2932 1706 2999 1760 57
3042 1715 3092 1762 et
3135 1707 3260 1764 126.

293 1833 526 1898 Ὄντως,
563 1828 747 1894 καθὼς
779 1826 1089 1899 γέγραφας.
1125 1824 1320 1880 πολλαὶ
1341 1825 1421 1889 εἰς
1442 1824 1542 1886 τὰς
1575 1821 1812 1893 Ἐκκλη-

220 1917 348 1987 σίας
376 1920 747 1991 ἰπεκὼμασαν
775 1919 1031 1990 ταραχαί.
1060 1916 1238 1974 Ὅπου
1259 1916 1364 1988 γὰρ
1379 1915 1443 1969 τὺ
1466 1915 1566 1985 τῆς
1590 1916 1814 1986 εἰρήνης

218 2010 417 2079 ὄνομα,
453 2009 633 2062 ἐκεῖσε
666 2009 738 2061 τὰ
782 2006 878 2060 τοῦ
906 2006 1146 2075 πολέμου
1179 2005 1318 2077 ἔργα
1349 2005 1585 2076 χορεύει.
1625 2003 1814 2058 Ταῦτα

219 2099 282 2153 ὀὶ
325 2097 616 2170 συμϐαίνει
644 2098 711 2150 ὲκ
740 2095 835 2150 τοῦ
883 2096 1053 2151 πολλὰ
1083 2096 1177 2149 καὶ
1211 2091 1531 2148 παντοδαπὰ
1558 2092 1818 2164 ἡμαρτῆ-

223 2190 355 2246 σθαι
383 2191 499 2252 τοῖς
527 2188 590 2242 τδ
621 2187 1002 2242 διδασκαλικὸν
1025 2186 1245 2258 ἀξίωμα
1281 2185 1780 2256 ὲγκεχειρισμένοις
1800 2199 1814 2215 ο

220 2275 299 2338 ὢν
322 2281 384 2334 τδ
421 2279 546 2336 καθ’
574 2278 634 2335 ἓν
674 2279 866 2345 ἐάσας,
899 2279 956 2332 ἓν
989 2279 1068 2342 είς
1094 2277 1123 2332 ό
1165 2276 1344 2332 πάντα
1372 2270 1561 2357 βλέπει
1589 2275 1812 2346 γράψω,

222 2373 462 2443 πρᾶγμα
492 2365 710 2442 ἔντιμον
735 2371 831 2424 καὶ
862 2369 1007 2441 μέγα
1034 2368 1128 2422 καὶ
1166 2367 1419 2438 λαμπρόν
1447 2384 1459 2399 ·
1493 2367 1590 2420 καὶ
1627 2367 1655 2420 δ
1691 2367 1819 2429 τοὺς

222 2466 544 2523 ἀποστόλων
582 2464 694 2537 (65)
748 2458 1071 2534 συλλόγους,
1102 2463 1177 2526 ὼς
1206 2453 1504 2533 φωστῆρας
1542 2457 1818 2529 πανταχοῦ

223 2558 330 2628 τῆς
351 2555 680 2628 οἰκουμένης
704 2551 846 2609 εἷναι
876 2555 1148 2625 πεποίηκε
1170 2569 1183 2583 ·
1211 2553 1307 2607 νῦν
1337 2552 1653 2628 ῥαθυμηθὲν
1687 2568 1820 2620 συγ-

225 2649 440 2720 χύσεως
461 2647 726 2718 ἐνέπλησε
757 2645 857 2710 τάς
899 2645 1228 2715 Ἐκκλησίας
1250 2661 1262 2674 ·
1297 2644 1349 2697 τί
1389 2643 1446 2697 δέ
1476 2645 1592 2697 ἐστι
1621 2643 1818 2710 τοῦτο;

227 2741 426 2811 φράσω
457 2737 597 2810 μετὰ
621 2737 938 2811 παρρησίας
962 2776 978 2801 ,
1010 2739 1108 2791 καὶ
1141 2738 1252 2807 γὰρ
1277 2736 1383 2790 οὐδ’
1420 2736 1488 2791 ἂν
1515 2734 1692 2798 άλλως
1729 2734 1824 2788 δυ·-

225 2830 466 2902 ναίμηνο
517 2831 598 2883 δτι
635 2821 900 2899 τότεμὲν
948 2830 998 2882 οἰ
1050 2827 1332 2900 φιλάρετοι
1381 2827 1461 2890 είς
1517 2823 1822 2898 ἱερωσύνην

211 2908 555 2995 προήγοντο,
588 2921 704 2976 νυνὶ
731 2919 790 2974 δὲ
817 2921 868 2974 οί
906 2921 1267 2992 φιλάργυροι⁸
1285 2919 1419 2974 τότε
1449 2919 1502 2973 oi
1526 2917 1822 2989 φεύγοντες

225 3016 289 3069 τδ
321 3015 555 3087 πρᾶγμα
581 3013 671 3068 διὰ
699 3013 760 3067 τὸ
793 3012 1021 3086 μέγεθος
1055 3012 1155 3085 τῆς
1182 3013 1381 3083 ἀρχῆς,
1411 3009 1506 3065 νῦν
1543 3010 1600 3065 δὲ
1626 3013 1677 3065 οἱ
1701 3012 1825 3066 ἑπι-

229 3104 511 3177 πηδῶντες
538 3103 615 3176 τῷ
642 3104 928 3175 πράγματι
951 3143 968 3167 ,
988 3103 1076 3157 διὰ
1107 3103 1170 3156 τδ
1193 3102 1423 3173 μέγεθος
1450 3103 1548 3172 τῆς
1576 3102 1815 3174 τροφῆς.

1996 1821 2114 1876 Non
2143 1834 2334 1891 pauca:
2357 1819 2637 1891 proiecto,
2682 1828 2746 1874 ut
2793 1819 2861 1874 ad
2905 1833 2992 1874 me
3019 1819 3411 1889 perscripsisti,
3463 1820 3520 1876 in

1920 1911 2182 1992 Ecclesiis
2217 1911 2390 1968 turbae
2415 1920 2543 1968 sunt
2573 1912 2844 1992 excitate.
2899 1909 3006 1967 Ubi
3049 1911 3196 1967 enim
3230 1914 3380 1981 pacis
3423 1927 3521 1968 no—

1921 1990 2070 2068 men,
2100 2002 2176 2060 ibi
2226 2017 2316 2059 res
2361 2002 2573 2058 bellicas
2621 1990 2877 2073 regnant.
2905 2000 2965 2056 Id
3000 2015 3130 2055 vero
3173 2001 3360 2059 multis
3398 2019 3521 2080 gra-

1921 2094 2191 2164 vibusque
2208 2109 2397 2151 eorum
2425 2093 2696 2164 peccatis,
2731 2092 2932 2165 quibus
2962 2092 3193 2148 docendi
3228 2092 3365 2148 alios
3401 2110 3523 2149 niu-

1924 2201 2026 2242 nus
2056 2186 2341 2250 incumbit,
2375 2195 2461 2242 est
2504 2186 2882 2256 imputandum
2922 2200 2936 2238 :
2972 2200 3091 2254 qua:
3124 2200 3232 2241 non
3281 2185 3523 2256 singula-

1924 2275 2018 2331 tim
2044 2275 2530 2334 excutiamlinum
2562 2277 2858 2342 duntaxat,
2881 2291 2992 2345 quo
3022 2285 3272 2347 spectant
3298 2286 3520 2344 caetera,

1923 2367 1990 2422 de
2018 2366 2204 2422 multis
2233 2383 2510 2440 magnum,
2533 2367 2914 2426 venerandum
2942 2378 3106 2438 atque
3133 2369 3345 2425 illustre
3369 2385 3524 2425 eom-

1924 2461 2283 2518 memorabo:
2334 2462 2496 2531 idque
2544 2462 2972 2532 apostolicorum
3021 2463 3266 2517 virorum
3317 2472 3521 2518 emtum

1924 2563 1983 2609 ut
2030 2553 2321 2608 luminaria
2355 2569 2453 2623 per
2487 2563 2659 2610 totum
2687 2594 2704 2620 ,
2756 2570 2865 2624 qua
2903 2555 3204 2621 habitatur,
3250 2564 3542 2610 terrarum-

1922 2646 2113 2703 orbem
2144 2645 2452 2711 constituit,
2489 2645 2725 2700 nunc‘id
2765 2647 2940 2715 ipsum
2973 2646 3279 2715 neglectum
3337 2644 3524 2700 Eccle-

1923 2738 2037 2792 sias
2066 2736 2120 2792 in
2150 2737 2625 2792 conturbationem
2657 2738 2842 2795 vertit.
2887 2736 3026 2804 Quid
3076 2738 3296 2793 tandem
3322 2738 3376 2792 id
3403 2736 3525 2792 est?

1925 2826 2160 2898 inquies.
2209 2825 2422 2896 Dicam,
2462 2843 2639 2898 neque
2687 2830 2834 2884 enim
2885 2830 3048 2884 aliter
3075 2843 3296 2900 queam,
3331 2829 3524 2886 libere.

1925 2916 2380 2988 Quandoquidem
2419 2920 2623 2975 virtute
2656 2928 2768 2975 tum
2808 2921 3018 2991 prasditi
3048 2921 3360 2975 sacerdotio
3393 2930 3522 2976 sunt

1924 3007 2132 3066 admoti
2169 3027 2184 3064 :
2227 3024 2376 3065 nunc
2405 3023 2537 3066 vero
2564 3011 2717 3067 avari
2751 3027 2818 3069 ac
2855 3011 3102 3083 pecuniae
3131 3011 3336 3082 cupidi.
3371 3009 3528 3067 Tunc

1923 3099 2153 3172 imperia
2206 3099 2609 3172 dignitatesque
2661 3103 2733 3160 ob
2784 3103 2862 3158 rei
2914 3103 3348 3174 magnitudinem
3372 3102 3531 3158 defu-

227 3197 369 3252 Τότε
412 3199 461 3251 οἰ
496 3195 855 3268 άκτημοσύνῃ
877 3196 1107 3268 ἑκουσίῳ
1139 3194 1585 3266 ὲναόρυνόμενοι,
1618 3193 1739 3288 νυνὶ
1760 3193 1818 3248 δὲ

1928 3192 2171 3262 giebant,
2221 3200 2280 3247 ut
2322 3191 2725 3262 Nazianzenus,
2781 3195 3240 3264 Cbrysostomus,
3286 3205 3341 3251 et
3391 3195 3526 3264 alii;

227 3291 280 3344 οἰ
323 3287 608 3361 πλεονεξίᾳ
649 3287 885 3359 ἑκουσίῳ
933 3285 1434 3358 χρηματιζόμενοι·
1475 3286 1598 3340 τότε
1625 3279 1678 3340 οί
1714 3285 1821 3358 πρὸ

228 3380 530 3453 ὀφθαλμῶν
562 3378 780 3451 ἔχοντες
829 3379 891 3434 τὸ
924 3378 1068 3433 θεῖον
1096 3378 1452 3450 δικαστήριον
1475 3416 1492 3444 ,
1528 3376 1648 3431 νυνὶ
1679 3375 1739 3432 δὲ
1771 3379 1824 3432 οἰ

232 3474 371 3546 μηδὲ
400 3472 605 3528 ἔννοιαν
629 3471 822 3527 τούτου
849 3470 1063 3544 ἔχοντες
1082 3487 1099 3504 ο
1133 3471 1257 3525 τότε
1279 3471 1329 3525 οἰ
1359 3469 1663 3524 τύπτεσθαι
1686 3484 1704 3501 ο
1725 3469 1825 3524 νῦν

228 3562 287 3616 δὲ
318 3563 366 3616 οἰ
387 3560 612 3617 τύπτειν
633 3560 844 3632 ἕτοιμοι
867 3579 882 3595 ·
914 3561 1011 3616 καὶ
1029 3560 1092 3620 ,τί
1113 3560 1196 3615 δεῖ
1213 3560 1282 3615 τά
1298 3559 1472 3614 πολλὰ
1490 3558 1677 3628 λίγειν
1697 3575 1712 3626 ;
1736 3576 1828 3631 μευ

229 3652 657 3707 ταπεπτωκέναι
680 3651 870 3706 λοιπὸν
905 3650 968 3705 τδ
999 3650 1224 3722 ἀξίωμα
1255 3649 1436 3718 ἔδοξεν
1470 3649 1580 3706 άπὸ
1603 3647 1828 3721 ίερωσύ-

229 3760 332 3814 νης
346 3743 428 3806 εἰς
453 3741 746 3815 τυραννίδα
761 3757 776 3772 ’
794 3741 905 3797 άπδ
917 3727 1426 3812 ταπεινοφροσύνης
1443 3742 1522 3804 εἰς
1539 3741 1829 3810 ὑπερηφα-

230 3831 385 3887 νίαν·
427 3831 537 3886 ἀπὸ
565 3831 820 3904 νηστείας
851 3833 933 3896 εἰς
959 3831 1207 3904 τρυφὴν,
1248 3831 1360 3886 άπὸ
1394 3831 1713 3904 οἰκονομίας
1744 3833 1827 3897 εἰς

231 3919 554 3974 δεσποτείαν
574 3936 590 3952 ο
641 3920 704 3974 οὐ
733 3920 844 3993 γάρ
880 3921 958 3985 ὠς
994 3921 1275 3992 οἰκονόμοι
1308 3919 1526 3987 άξιοῦσι
1562 3923 1822 3990 διοικεῖν,

208 4009 350 4077 ἀλλ’
385 4009 462 4074 ῶς
501 4009 758 4064 δεσπόται
797 4009 1232 4082 σφετερίζεσθαι.
1275 4008 1466 4065 Ταῦτα
1497 4009 1555 4066 δὲ
1583 4010 1647 4064 οὐ
1685 4010 1827 4066 κατὰ

233 4102 458 4157 πάντων
498 4101 715 4174 εἴρηται
736 4140 752 4167 ,
783 4100 920 4156 ἀλλὰ
947 4099 1090 4157 κατὰ
1131 4100 1242 4156 τῶν
1278 4102 1481 4174 ἐνόχων
1503 4117 1518 4134 ⁸
1572 4101 1680 4156 εἰσὶ
1709 4101 1826 4174 γάρ

233 4193 376 4246 εἰσιν
405 4189 455 4245 οἰ
486 4189 629 4246 κατὰ
658 4189 750 4244 τὸν
782 4190 1143 4246 άποστολικὸν
1176 4191 1276 4263 μὲν
1306 4191 1443 4256 ζῶσι
1475 4191 1824 4263 χαρακτῆρα,

237 4281 400 4354 ῥῆξαι
428 4282 486 4336 δὲ
512 4282 697 4354 φωνὴν
729 4282 806 4353 μὴ
820 4282 1134 4354 τολμῶντες
1154 4300 1169 4316 ο
1201 4284 1252 4338 εἰ
1281 4283 1378 4340 καί
1401 4283 1524 4356 λίαν
1551 4287 1659 4340 εἰσὶ
1686 4285 1829 4341 κατὰ

233 4373 394 4427 τοῦτο
426 4374 586 4444 μόνον
619 4376 891 4446 μεμπτοὶ,
915 4375 1001 4430 ὅτι
1027 4375 1327 4441 δεδοικότες
1363 4375 1474 4433 τῶν
1510 4377 1827 4434 ἀκολάστων

219 4464 299 4528 ,τὸ
321 4465 560 4537 πλῆθος,
596 4467 658 4522 τό
695 4485 760 4537 γε
798 4469 882 4532 είς
919 4469 1116 4534 αὐτοὺς
1152 4464 1311 4542 ἧκον,
1345 4469 1446 4542 τῆς
1478 4469 1825 4544 τηλικαύτης

229 4555 575 4628 διορθώσεως
605 4558 891 4630 ἀμελοῦσι.

1928 3296 2073 3338 nunc
2088 3293 2219 3339 vero
2239 3297 2304 3339 ex
2326 3292 2521 3354 sponte
2544 3296 2852 3350 assumunt,
2872 3286 2944 3340 ob
2965 3284 3286 3340 deliciarum
3314 3284 3529 3353 copiam

1895 3418 1902 3426 .
1928 3383 2096 3448 atque
2121 3377 2406 3432 invadunt.
2440 3375 2599 3432 Tunc
2629 3375 2932 3432 voluntaria
2977 3384 3296 3446 paupertate
3326 3375 3528 3446 gloria-

1930 3467 2167 3534 bantur;
2212 3483 2357 3524 nunc
2404 3463 2987 3540 habendi'cupiditate
3034 3479 3335 3541 spontanea
3380 3483 3534 3538 qure-

1917 3569 2075 3617 ‘stum
2138 3559 2372 3615 faciunt.
2440 3558 2597 3616 Tunc
2645 3560 2741 3616 Dei
2787 3559 3056 3629 judicium
3084 3569 3212 3616 ante
3245 3559 3434 3616 oculos
3465 3559 3533 3616 iis

1928 3653 2249 3711 versabatur
2276 3671 2292 3710 :
2315 3661 2464 3717 nunc
2500 3667 2567 3710 ne
2599 3654 2846 3723 cogitant
2871 3654 3094 3724 quidem
3132 3655 3199 3709 de
3228 3653 3340 3708 illo.
3372 3651 3531 3707 Tunc

1926 3745 2092 3817 ﬂagra
2135 3747 2376 3816 perpeti;
2431 3761 2576 3802 nunc
2618 3746 2846 3802 verbera
2888 3745 3135 3817 inﬂigere
3167 3745 3366 3816 parati.
3410 3729 3530 3801 Sed.

1926 3835 2074 3907 quid~
2111 3834 2359 3904 pluribus
2404 3844 2492 3892 est
2527 3837 2704 3906 opus?
2741 3835 3027 3893 Recidisse
3066 3837 3179 3906 jam
3237 3836 3532 3892 sacerdotii

1927 3925 2250 3997 dignitatem
2275 3927 2344 3983 ad
2373 3927 2640 3996 regnandi
2682 3928 2998 3998 cupidinem
3045 3935 3293 3998 apparet,
3320 3929 3390 3982 ab
3427 3929 3530 3983 bu-

1927 4017 2160 4072 militate
2194 4018 2262 4073 ad
2298 4019 2638 4088 superbiam,
2689 4034 2721 4073 a
2770 4018 2981 4089 jejunio
3024 4019 3092 4074 ad
3131 4019 3355 4075 delicias
3404 4035 3532 4090 pro-

1927 4105 2161 4177 lapsam,
2210 4121 2240 4162 a
2287 4107 2698 4177 dispensatione
2745 4109 2984 4178 denique
3013 4110 3080 4164 ad
3104 4107 3410 4177 dominium
3434 4126 3531 4167 ve-

1928 4199 2099 4255 nisse.
2133 4197 2254 4254 Non
2279 4199 2425 4254 enim
2460 4209 2521 4254 ut
2565 4198 2970 4270 dispensatores
2997 4201 3385 4257 administrare
3414 4217 3530 4257 rem

1927 4289 2145 4356 volunt,
2187 4289 2284 4346 sed
2328 4299 2388 4344 ut
2432 4289 2650 4356 domini.
2676 4290 2783 4346 sibi
2825 4291 3046 4362 propria
3079 4293 3375 4349 vindicant.
3405 4291 3532 4349 Haec

1928 4392 2060 4435 vero
2092 4393 2201 4434 non
2239 4380 2292 4434 in
2322 4393 2513 4434 omnes
2535 4372 2679 4435 dicta
2709 4379 2843 4448 sint,
2876 4381 2972 4436 sed
2999 4381 3052 4435 in
3086 4395 3209 4437 reos
3234 4397 3298 4437 ac
3324 4392 3528 4439 sontes.

1929 4470 2069 4548 Sunt
2088 4471 2256 4539 enim,
2297 4480 2445 4538 sunt,
2470 4473 2718 4541 inquam,
2743 4472 2838 4542 qui
2871 4473 3034 4528 hodie
3063 4473 3138 4548 ad
3167 4475 3526 4545 apostolicam

1856 4559 1904 4615 D
1941 4565 2131 4621 vivunt
2169 4578 2647 4630 normam,vocem
2679 4575 2859 4618 tamen
2883 4565 3250 4622 emitterenon
3268 4567 3528 4621 audeant.

232 4649 358 4717 Quo
397 4651 561 4707 etiam
611 4662 740 4709 sunt
780 4654 1001 4710 nomine
1036 4655 1382 4726 potissimum
1431 4653 1775 4730 improbandi
1798 4700 1815 4727 ,
1849 4659 1997 4732 quOd
2025 4637 2040 4668 τ
2069 4659 2445 4731 improborum
2499 4659 2661 4715 veriti
2726 4660 3156 4729 multitudinem,
3190 4660 3334 4732 quod
3360 4660 3530 4716 ofﬁcii

235 4749 325 4797 est
365 4741 629 4812 ipsorum,
669 4755 865 4812 nempe
907 4744 1215 4815 huiusmodi
1239 4748 1533 4818 corripere,
1566 4747 1621 4806 id
1645 4750 1960 4824 negligunt.

513 4855 646 4910 ιω.
684 4885 754 4896 -
785 4855 1042 4913 AANIHA
1078 4858 1556 4932 ΠΡΕΣΒΥΤΕΡῼ.

2203 4862 2370 4920 XXII.
2409 4863 2765 4923 ~DANIELI
2792 4867 3273 4927 PRESBYTERO.

1354 4947 1738 5019 Ignoscendum
1765 4952 1923 5008 etiam
1966 4969 2069 5009 non
2099 4955 2412 5025 postulanti.

313 5060 376 5113 Εί
406 5059 502 5114 καὶ
545 5060 574 5115 ό
603 5061 897 5134 χρεωστῶν
930 5079 1013 5116 σοι
1059 5063 1357 5132 ἀπολογίαν
1399 5063 1526 5119 οὔτε
1577 5067 1829 5121 ἀπαιτεῖς-

237 5166 332 5204 ται
369 5149 478 5204 ἀπὸ
505 5149 621 5218 σοῦ,
660 5151 1075 5224 οί’›τε”άγχεται⁹
1105 5153 1185 5208 διὸ
1211 5154 1309 5209 καὶ
1337 5155 1499 5220 αὐτὸς
1531 5157 1830 5225 ἀπολογίαν

238 5241 348 5310 ἡγῇ
379 5239 524 5311 ἔχειν
547 5241 641 5296 τοῦ
678 5243 754 5314 μὴ
783 5242 976 5316 ἐκείνῳ
1012 5247 1498 5319 συγκεχωρηκέναι
1527 5246 1588 5300 τὸ
1615 5247 1723 5302 τῶν
1748 5249 1829 5313 εἰς
1881 5265 1887 5273 ·

243 5331 305 5384 σὲ
338 5334 694 5404 πταισμάτων
737 5336 914 5407 χρέος,
954 5337 1074 5392 ἀλλ’
1115 5339 1279 5403 αὐτὸς
1315 5341 1410 5394 καὶ
1461 5341 1538 5411 μὴ
1570 5357 1827 5412 παρακα-

239 5420 457 5489 λοῦντι,
492 5426 630 5497 μηδὲ
659 5428 994 5502 συγγνώμην
1024 5430 1267 5486 αἰτοῦντι
1312 5432 1453 5487 δίδου
1488 5433 1696 5504 ταύτην
1721 5474 1736 5501 ,
1772 5437 1821 5490 εί

2014 5069 2152 5140 Etsi,
2188 5074 2282 5142 qui
2318 5083 2370 5130 te
2401 5073 2650 5140 oliendit,
2708 5089 2885 5146 neque
2919 5077 3135 5132 veniam
3163 5091 3193 5132 a
3232 5087 3295 5141 te
3343 5089 3536 5149 postn-

1937 5162 2033 5230 lat,
2075 5177 2140 5219 ac
2187 5178 2256 5220 ne
2303 5176 2589 5237 propterea
2638 5168 2854 5238 quidem
2901 5170 3164 5240 angitur:
3211 5171 3355 5226 unde
3384 5183 3439 5228 et
3474 5185 3528 5228 tu

1934 5268 2199 5312 excusare
2238 5266 2289 5312 te
2322 5273 2485 5328 posse
2531 5260 2751 5328 videris,
2809 5276 2916 5318 non
2964 5262 3226 5332 impensas
3264 5264 3530 5323 hactenus

1933 5345 2008 5400 illi
2060 5347 2114 5400 in
2148 5355 2201 5403 te
2257 5350 2676 5406 commissorum
2719 5352 2930 5406 venias:
2964 5361 3018 5406 tu
3079 5363 3258 5409 tamen
3310 5356 3527 5410 veniam

1933 5436 2028 5503 illi,
2069 5436 2196 5492 licet
2231 5453 2352 5494 eam
2413 5454 2518 5495 non
2565 5441 2791 5512 rogeris,
2816 5449 2910 5496 aut
2950 5439 3228 5512 el‘llagitct,
3269 5443 3526 5516 indulge;

1354 5586 1593 5644 VABIE
1630 5587 2017 5648 LECTIONES
2053 5590 2141 5646 ET
2172 5590 2408 5650 ΝΟΤΛΕ.

319 5735 426 5808 (42)
465 5734 609 5808 Inter
646 5736 742 5791 τοῦ
789 5747 844 5794 et
894 5741 1208 5806 πεισθέντος
1252 5743 1408 5800 codd.
1454 5742 1619 5801 iidem
1664 5745 1825 5802 ambo

238 5807 490 5876 inserunt
522 5807 619 5876 μή.
655 5808 862 5875 possin.

319 5875 431 5949 (43)
471 5875 914 5935 Ησὰποστόὶων
949 5879 1067 5938 cod.
1108 5881 1226 5940 Vat.
1261 5883 1365 5943 650
1397 5883 1646 5962 cthfort.
1693 5886 1829 5945 scri-

1934 5747 2071 5830 bunt
2111 5747 2735 5830 άςιεοστρλικούςίινειέἶ
2781 5750 3179 5830 itide_4,_antc
3224 5753 3529 5830 ἱερωσύνην

1936 5817 2092 5875 codd.
2125 5818 2243 5877 Vat.
2277 5820 2382 5877 650
2412 5832 2465 5878 ct
2491 5821 2600 5881 All.
2634 5822 2835 5881 addunt
2868 5823 2987 5896 τήν.
3022 5822 3096 5880 lo.
