4150 6452
743 387 874 451 I339
1901 389 1959 448 S.
2001 390 2288 450 ISIDORI
2330 390 2762 451 PELUSIOT.E
3832 391 3962 456 I3I’i

736 503 782 558 sl
836 501 946 556 (ιονί
992 511 1182 570 potest,
1229 502 1529 570 quempiam
1579 503 1644 556 ad
1689 517 1812 557 cum
1862 504 2162 568 mittendo;
2204 505 2287 559 sin
2321 511 2360 565 Α

2321 511 2360 565 Α
2394 505 2492 573 μὲν
2536 503 2793 568 δυνατὸν,
2839 503 3042 556 ἐκεῖνον
3096 502 3626 572 μεταπεμψάμενος·
3666 504 3715 556 ει
3761 503 3818 557 δὲ
3864 507 3957 576 μὴ,

738 580 932 653 minus,
963 590 1014 643 In
1039 590 1218 644 animo
1244 599 1334 645 tuo
1367 591 1437 644 illi
1470 592 1712 654 remitte,
1750 602 1804 647 et
1829 593 1938 647 noli
1969 594 2137 647 videri
2173 594 2296 646 imi-

2402 591 2541 645 κατὰ
2568 592 2783 655 σαυτὸν,
2821 592 2914 644 καὶ
2942 592 3013 661 μὴ
3043 592 3157 660 (Η)
3195 590 3383 659 φαίνου
3417 593 3556 662 δρῶν
3583 593 3648 645 τὰ
3681 595 3786 646 τῶν
3822 597 3959 665 dpu-

737 689 875 733 tatus
924 693 1037 742 eos,
1081 682 1369 736 commissa
1405 681 1484 734 in:
1511 696 1570 736 se
1619 682 1804 736 ulcisci
1836 684 1927 752 qui
1971 682 2148 737 velim.
2202 681 2296 737 Sic

2399 682 2587 736 νεσθαι
2621 682 3028 753 ἐπιθυμούντων
3056 699 3069 714 ο
3099 681 3240 735 οὕτω
3268 681 3376 752 γὰρ
3416 685 3660 748 κάκεῖνος
3700 685 3959 751 αἰδεσθείς

732 769 874 823 enim
915 777 970 824 et
999 769 1089 824 ille
1107 770 1177 825 ob
1204 779 1348 826 tuam
1379 771 1586 827 vivendi
1632 773 1892 827 rationem
1933 771 2125 826 rubore
2161 786 2291 826 con-

2402 788 2495 824 σου
2525 771 2620 842 τὴν
2655 773 2991 842 φιλοσοφίαν,
3021 773 3213 826 ἑαυτὸν
3240 774 3545 845 ἀμυνεῖται,
3593 775 3668 839 ὡς
3701 777 3839 847 ἁγίῳ
3864 779 3955 830 ἁν-

731 859 903 926 fusus,
945 875 1010 917 se
1045 863 1158 931 ipse
1191 862 1500 927 ulciscatur,
1534 871 1594 918 ut
1637 871 1830 919 sancto
1854 861 1977 918 viro
2020 861 2286 919 infensus.

1351 869 1500 927 tatur,
1534 871 1594 918 ut
1637 871 1830 919 sancto
1854 861 1977 918 viro
2020 861 2286 919 infensus.
2394 862 2482 933 δρι
2516 863 2990 934 προσκεκρουκὼς.

863 973 1024 1045 560
1055 972 1235 1028 XXIII.
1265 1003 1335 1014 -—
1359 973 1744 1033 TIIEODOSIO
1784 974 2148 1033 EPISCOPO.

2026 975 2148 1033 lPO.
2672 978 2798 1033 ΚΡ.
2837 1009 2909 1020 -
2943 978 3268 1050 ΘΕΟΔΟΣΙῼ
3304 979 3665 1052 ΕΠΙΣΚΟΠῼ.

937 1085 1002 1140 In
1030 1085 1234 1156 magnis
1268 1089 1344 1144 vel
1376 1089 1596 1145 voluisse
1627 1098 1708 1145 sat
1741 1099 1834 1146 est.
1869 1089 1936 1146 Ut
1970 1092 2138 1146 desint
2174 1090 2326 1158 vires,
2361 1098 2533 1144 tamen
2555 1096 2631 1168 est
2664 1088 2933 1144 laudanda
2972 1090 3232 1146 voluntas.
3261 1084 3396 1145 Vide
3433 1092 3582 1158 epist.
3620 1091 3741 1146 I83.

795 1199 948 1255 Vinci
991 1200 1060 1256 ab
1099 1200 1203 1259 illis
1251 1203 1412 1260 rebus
1452 1211 1604 1275 turpe
1629 1194 1734 1262 non
1764 1183 1870 1271 est,
1910 1220 2044 1275 quas
2067 1206 2286 1278 exsequi

2460 1206 2576 1259 Οὐκ
2607 1204 2830 1274 αίσγρὸν
2867 1205 3128 1275 ἡττᾶσθαι
3157 1204 3396 1272 τούτων,
3432 1198 3505 1259 ὧν
3546 1207 3820 1277 ἀμήχανον
3854 1227 3952 1262 πε-

724 1286 950 1342 arduum
993 1288 1068 1344 sit
1119 1304 1184 1344 ac
1226 1291 1558 1360 perdifficile.
1618 1291 1760 1348 Cave
1794 1281 1958 1375 igitur
2007 1287 2286 1363 superatos

2392 1297 2620 1368 ριε“ί’ναι⁹
2671 1294 2744 1366 μὴ
2796 1296 2977 1349 τοίνυν
3023 1295 3159 1366 μηδὲ
3205 1296 3366 1359 αὐτὸς
3421 1295 3684 1366 ἡττᾶσθαι
3722 1299 3950 1371 νομίσῃς

723 1377 931 1447 credas,
976 1381 1068 1451 qui
1112 1383 1220 1438 tuis
1271 1381 1519 1439 laudibus
1563 1384 1918 1454 pradicandis
1952 1385 2169 1455 dignum
2207 1385 2287 1445 af-

2388 1385 2516 1448 τοὺς
2560 1386 2671 1448 τοῖς
2719 1386 2830 1447 σοῖς
2861 1384 3103 1449 ἐπαίνοις
3149 1385 3273 1449 τοὺς
3323 1383 3515 1453 λόγους
3567 1384 3823 1450 ἐξισῶσαι
3873 1387 3948 1460 μὴ

722 1467 863 1524 ferre
892 1479 1160 1539 nequeant
1191 1473 1536 1540 praeconium,
1581 1475 1676 1529 sed
1714 1475 1991 1530 voluntate
2036 1483 2282 1543 suscepta

2385 1475 2734 1546 δυναμένους,
2755 1475 2892 1528 ἀλλὰ
2908 1476 3004 1547 τὴν
3018 1476 3328 1548 προαίρεσιν
3349 1477 3736 1551 ἀποδεχόμενος
3758 1480 3947 1547 συγγί-

724 1560 1079 1618 imbecillitati
1128 1565 1362 1634 ignosce.
1417 1565 1605 1622 Melius
1643 1567 1785 1622 enim
1816 1581 1936 1622 esse
1972 1567 2282 1622 existimant

2382 1583 2558 1619 νωσκε
2593 1568 2658 1636 τῇ
2682 1565 2956 1639 ἀσθενείᾳ.
3033 1569 3292 1637 Ἀμεινον
3319 1567 3426 1638 γὰρ
3453 1565 3739 1638 ἡγούμενοι
3774 1571 3837 1623 τὸ
3864 1573 3945 1622 ὲν-

722 1652 993 1718 mortales,
1025 1653 1201 1710 minus
1231 1655 1457 1721 dixisse,
1493 1672 1651 1726 quam
1681 1658 2016 1728 negligentiae
2049 1668 2282 1715 contem-

2380 1655 2514 1721 δεῶς
2555 1658 2757 1728 φράσαι
2788 1657 2882 1711 τοῦ
2916 1657 3206 1729 ὀλιγωρίας
3239 1659 3454 1730 γραφὴν
3484 1660 3811 1732 ὑποστῆναι,
3846 1679 3943 1715 κα-

717 1749 947 1810 ptusque
995 1743 1415 1809 accusationem,
1459 1745 1610 1814 quasi
1661 1747 1848 1816 ingens
1891 1747 2115 1810 nimium
2169 1747 2279 1802 sint
2309 1809 2346 1822 _

1765 1760 1848 1802 ens
1891 1747 2115 1810 nimium
2169 1747 2279 1802 sint
2309 1809 2346 1822 _
2378 1750 2720 1821 τατολμῶσιν
2749 1750 3038 1820 ἀνεφίκτου
3067 1751 3404 1822 πράγματος.

716 1809 984 1900 negotium
1018 1832 1277 1903 aggressi,
1302 1809 1592 1890 sustinere.
1719 1809 1745 1816 ⁷
2038 1809 2041 1810 ν
2306 1809 2350 1864 Β

949 1943 1137 2004 XXIV.
1167 1977 1236 1988 —
1267 1946 1522 2004 ZOZIMO
1549 1948 2027 2004 PRESBYTERO.

2019 1989 2027 2004 .
2653 1944 2778 2000 KA'.
2817 1974 2884 1986 —
2921 1943 3168 2013 ΣΩΣῐΜῼ
3203 1941 3658 2016 ΠΡΕΣΒΥΤΕΡῼ.

1163 2058 1265 2125 Qui
1289 2055 1368 2113 bis
1403 2060 1456 2114 in
1477 2060 1714 2116 eumdem
1754 2062 1988 2131 impingit
2019 2062 2263 2130 lapidem,
2306 2076 2405 2116 non
2434 2066 2658 2113 meretur
2684 2056 2902 2110 veniam.
2929 2052 3142 2123 Confer.
3171 2056 3324 2123 epist.
3357 2054 3479 2109 567.

777 2169 1063 2241 Nuperum
1098 2179 1247 2227 tuum
1285 2170 1541 2227 delictum
1584 2171 1672 2226 illa
1715 2173 1929 2228 occasio
1964 2172 2263 2240 excusavit,

2447 2169 2520 2223 Τὸ
2579 2169 2678 2238 μὲν
2734 2166 2998 2239 πρότερόν
3056 2183 3150 2220 σου
3197 2167 3610 2238 παρανόμημα,
3668 2168 3939 2238 πρόφασις

708 2264 850 2332 quod
883 2263 1106 2318 fratrem
1128 2263 1278 2317 visus
1300 2275 1450 2318 esses
1475 2259 1784 2322 defendere.
1815 2262 1942 2320 Haec
1979 2279 2108 2320 vero
2137 2263 2270 2333 legis

2373 2259 2652 2332 εὐπρεπὴς
2675 2259 2847 2313 ἐδόκει
2877 2259 3047 2312 ποιεῖν
3074 2257 3414 2327 συγγνωστὸν
3441 2259 3468 2312 ό
3489 2257 3710 2326 ἀδελφός
3733 2276 3826 2312 σου
3853 2263 3937 2315 ἐκ·

706 2352 1074 2421 praevaricatio
1118 2352 1326 2408 nullum
1373 2361 1552 2409 tamen
1601 2351 1821 2426 ιιι-πίονι
1877 2363 2196 2425 praetextum
2250 2369 2267 2409 :

2373 2346 2686 2417 δεδικῆσθαι
2723 2345 3107 2416 νομιζόμενος·
3139 2343 3233 2397 τοῦ
3259 2345 3316 2398 δὲ
3344 2344 3440 2398 νῦν
3471 2346 3934 2416 παρανομήματος

703 2443 810 2498 imo
842 2451 896 2498 et
917 2443 1099 2511 priore
1131 2445 1282 2498 venia
1320 2444 1590 2501 excidisti.
1639 2444 1695 2500 Si
1741 2445 1884 2500 enim
1936 2443 2054 2503 laesi
2086 2445 2268 2503 fratris

2375 2437 2527 2491 οὐδὲν
2575 2435 2815 2492 τοιοῦτον
2865 2434 3008 2506 ἔχεις
3054 2434 3462 2505 παραπέτασμα
3483 2435 3514 2507 ,⁸
3534 2434 3671 2488 ἀλλὰ
3709 2437 3804 2489 καὶ
3841 2436 3936 2506 τῆς

704 2533 778 2588 ιιιί
802 2534 972 2604 gratia
1004 2534 1152 2602 prius
1181 2535 1245 2605 de
1267 2533 1374 2590 alio
1399 2536 1674 2606 sumpsisti
1706 2535 2024 2601 vindictam,
2045 2550 2150 2606 qua
2182 2550 2266 2591 ra-

2374 2527 2643 2600 προτέρας
2675 2526 3006 2597 συγγνώμης
3045 2525 3332 2591 ἑξόπεσες·
3377 2527 3426 2579 εί
3451 2524 3558 2596 γὰρ
3585 2524 3675 2580 δια
3707 2527 3800 2579 τὸν
3825 2529 3937 2581 ἀδι-

699 2623 845 2678 tione
872 2623 1046 2691 ipsum
1073 2637 1236 2686 nunc,
1263 2635 1422 2692 quem
1452 2637 1484 2676 a
1520 2632 1572 2680 te
1601 2631 1998 2694 propugnatum
2027 2622 2254 2689 asseris,

2367 2618 2605 2690 κηθέντα
2633 2635 2728 2672 σου
2761 2615 2988 2688 ἀδελφὸν
3019 2615 3211 2687 πρώην
3235 2615 3465 2685 ἡμύνου,
3490 2617 3606 2681 πῶς
3632 2617 3795 2671 αὑτὸν
3823 2619 3935 2672 νυνὶ

697 2711 890 2767 laedere
921 2712 1111 2767 iterum
1137 2726 1201 2766 ac
1229 2726 1324 2781 per
1351 2713 1529 2767 omnia
1571 2714 1848 2782 exagitare
1878 2713 2100 2769 minime
2132 2727 2258 2768 eru-

2367 2710 2458 2764 τδν
2483 2710 2624 2780 ὑπὲρ
2651 2701 2713 2762 οὗ
2745 2708 2887 2776 τότε,
2923 2708 2999 2772 ὡς
3029 2708 3154 2778 φῂς,
3197 2707 3403 2777 ὴμύνου
3431 2706 3630 2760 ἀδικῶν
3657 2710 3750 2762 καὶ
3781 2709 3934 2763 Diali-

696 2800 916 2855 bescis?
944 2800 1284 2856 Manifestum
1317 2803 1442 2858 binc
1473 2803 1652 2858 evadit
1694 2814 1753 2858 et
1797 2805 1899 2860 hoc
1931 2805 2053 2866 data
2086 2804 2179 2862 abs
2209 2815 2259 2860 te

2366 2818 2470 2855 νων
2529 2796 2791 2852 πάντοθεν
2837 2797 2937 2850 οὐκ
2998 2795 3256 2869 αίσχύνῃ;
3314 2796 3482 2867 Δῆλος
3532 2798 3711 2851 τοίνυν
3780 2800 3935 2868 γέγοο

694 2902 857 2957 opera
884 2890 1250 2946 commissum.
1283 2889 1385 2957 Qui
1430 2892 1574 2946 enim
1601 2892 1758 2946 lratri
1799 2908 1902 2950 non
1949 2894 2144 2963 parcit,
2190 2889 2259 2948 ab

2364 2906 2457 2952 νας
2484 2888 2680 2959 (ιόέτὲκ
2701 2885 2892 2941 τούτου
2922 2888 3143 2941 κάκεῖνο
3176 2889 3238 2941 ὲκ
3266 2887 3637 2960 προαιρέσεως
3662 2890 3894 2960 ποιήσας
3912 2906 3926 2921 ·

695 2978 922 3034 aliorum
948 2977 1144 3049 injuria
1174 2981 1442 3050 quomodo
1467 2980 1582 3035 sibi
1605 2984 2013 3052 temperaverit.
2284 3055 2326 3113 ϐ

2298 3055 2326 3113 Β
2365 2981 2394 3033 ό
2416 2979 2524 3050 γὰρ
2547 2975 2775 3048 ἀδελφοῦ
2807 2976 2885 3048 μὴ
2907 2977 3238 3047 φειδόμενος,
3273 2975 3389 3042 πῶς
3410 2977 3476 3031 ἂν
3493 2979 3770 3050 ἀλλοτρίου
3796 2980 3937 3046 ἐφεί-

2365 3084 2494 3113 ante
2513 3086 2522 3113 Ῐ

2365 3084 2526 3134 cato;

758 3173 924 3232 XXV.
973 3206 1045 3218 —
1101 3176 1502 3320 IIIERACIOIV}
1536 3179 1634 3325 (
1689 3196 1901 3240 tuente:
1962 3195 2188 3238 sucoso
2812 3179 2939 3233 KE'.
2989 3207 3059 3220 —-
3100 3177 3473 3234 IEPAKIQNI.

1318 3266 1350 3304 ιι
1417 3267 1468 3303 ιη
1499 3269 1555 3306 ra
1599 3292 1614 3307 .

1318 3266 1372 3304 ιιι
1417 3266 1555 3307 ιηιῑα
1578 3266 1614 3307 I.

1865 3369 2094 3425 Mundus
2133 3365 2398 3424 muliebris
2433 3361 2548 3432 quis
2578 3376 2747 3417 verus.

755 3475 939 3546 Neque
964 3491 1222 3546 purpura,
1259 3494 1434 3550 neque
1475 3481 1816 3552 splendentes
1864 3495 2086 3552 gemmae
2130 3491 2262 3532 auro

2431 3471 2543 3541 Οὐχ
2584 3471 2904 3540 ὑφὼσματος
2930 3469 3192 3542 ἁλουργὶς
3215 3467 3366 3536 αἶθος
3386 3513 3402 3541 ,
3434 3471 3552 3526 οὐδὲ
3593 3471 3758 3526 λίθων
3804 3489 3925 3528 ποια

685 3567 924 3623 αὰιηίειαι
957 3581 1082 3625 vere
1129 3568 1372 3626 efficiunt
1423 3574 1678 3626 munJum
1711 3571 2046 3626 muliebrem.
2076 3567 2258 3623 Multa:

2358 3563 2522 3618 κίλων
2547 3561 2721 3630 αὐγὰς
2743 3562 2878 3632 πρὸς
2911 3562 3111 3633 χρυσὸν
3133 3563 3491 3634 κερασθείσας
3514 3565 3716 3634 κόσμον
3743 3583 3923 3634 γυναι⁴

691 3659 839 3713 enim
877 3659 1069 3729 inepta
1118 3669 1375 3717 matrona:
1417 3663 1560 3717 hunc
1607 3663 1934 3734 vestigantes
1980 3671 2252 3727 ornatum,

2355 3654 2448 3718 κὸς
2477 3650 2620 3708 εῖναι
2668 3653 2989 3724 νομιστέον
3025 3653 3216 3707 πολλαὶ
3249 3654 3358 3725 γὰρ
3399 3656 3508 3709 τῶν
3545 3658 3923 3728 ἀπειροκάλων

685 3751 868 3806 Invisae
911 3759 1072 3820 atque
1104 3751 1302 3807 odiosa:
1336 3754 1654 3823 coniugibus
1677 3753 1920 3809 redditae.
1975 3756 2045 3807 At
2085 3751 2250 3806 animi

2353 3746 2448 3799 xu).
2496 3747 2703 3814 κόσμον
2750 3743 2988 3798 τοιοῦτον
3031 3744 3406 3816 θηρωμένων,
3453 3752 3777 3820 προσκορείς
3827 3751 3919 3806 καὶ

679 3852 924 3910 ornatus,
959 3845 1050 3912 qui
1086 3859 1118 3900 e
1162 3845 1648 3908 virtute-nascitur.
1701 3855 1755 3900 et
1783 3845 2058 3900 convictus
2111 3841 2254 3897 desi-

2355 3835 2576 3907 μισηταί
2599 3837 2710 3897 τοῖς
2737 3834 3045 3888 συνοικοῦσι
3067 3837 3406 3908 γεγένηνται.
3440 3839 3602 3892 ’Λλλὰ
3625 3839 3685 3893 τὸ
3703 3840 3801 3909 τῆς
3828 3841 3919 3909 ψυ-

681 3938 888 3993 derium
923 3937 1147 4005 excitat,
1195 3953 1259 3996 ac
1305 3945 1504 3995 mutuae
1546 3948 1630 3997 est
1677 3937 2061 3995 benevolentia:
2111 3935 2249 4007 phil-

2347 3926 2448 3996 χῆς
2487 3926 2679 3989 κάλλος
2703 3927 2764 3978 τὸ
2790 3924 2849 3990 ἑξ
2881 3925 3088 3995 ἀρετῶν
3121 3927 3496 3997 συγκείμενον,
3527 3929 3676 4000 ὅπερ
3707 3932 3801 3984 καὶ
3826 3932 3919 3986 τεό-

680 4033 845 4081 ιηιη,
2349 4016 2444 4071 θου
2481 4018 2601 4070 ἐστὶ
2639 4017 2776 4088 πρὸς
2821 4017 2914 4070 τὸν
2945 4017 3175 4088 σύμϐιον
3203 4020 3537 4088 συναγωγὸν,
3573 4020 3668 4074 καὶ
3709 4023 3917 4088 εὐνοίας

2352 4109 2614 4178 τυγχάνει
2644 4109 2956 4179 φάρμακον.

1050 4226 1236 4283 XXVI.
1264 4259 1333 4270 —
1365 4224 1871 4285 POLYCHRONIO.

1858 4265 1871 4281 ,
2760 4219 2905 4285 κεῖν.
2938 4250 3006 4261 -
3040 4219 3497 4293 ΠΟΛΥΧΡΟΝῘῼ.

1499 4319 1687 4374 Anima
1713 4321 1958 4373 virtutum
1996 4315 2236 4371 studiosa
2274 4311 2488 4381 facilius
2523 4308 2620 4364 Dei
2640 4324 2784 4379 opem
2812 4310 3072 4378 impetrat.

748 4429 818 4487 Ut
864 4431 930 4484 ad
981 4429 1189 4485 urbium
1239 4431 1401 4485 situm
1453 4438 1834 4500 opportunum,
1872 4433 2245 4494 tempestatum
2278 4407 2322 4460 Ῑ)

2278 4407 2322 4460 Ῑ)
2422 4422 2635 4490 ’Ὥσπερ
2687 4421 2780 4472 ἐπὶ
2831 4419 2942 4472 τῶν
2983 4420 3190 4476 πόλεων
3219 4422 3251 4492 ἡ
3282 4421 3535 4494 εὐκαιρία
3583 4425 3682 4492 τῆς
3711 4425 3905 4490 θέσεως

677 4538 892 4593 quoque
941 4523 1326 4591 opportunitas
1357 4523 1649 4592 quaeritur;
1711 4522 1781 4576 ita
1835 4527 1888 4575 et
1931 4519 2233 4572 animorum

2342 4513 2439 4582 τὴν
2463 4512 2746 4582 εὐκαιρίαν
2769 4510 2877 4569 τῶν
2913 4511 3070 4583 ὡρῶν
3093 4514 3410 4579 ἐπισπᾶται,
3453 4513 3594 4568 οὕτω
3633 4516 3768 4586 κᾲπὶ
3801 4516 3903 4569 τῶν

676 4628 804 4682 erga
827 4614 1079 4667 virtutem
1111 4613 1285 4668 studio
1321 4612 1559 4672 divinum
1588 4621 1812 4680 paratur
1845 4609 2130 4663 auxilium.

2341 4602 2526 4672 ψυχῶν
2549 4601 2582 4671 ἡ
2613 4600 2793 4655 εὔνοια
2820 4604 2866 4673 ἡ
2884 4601 3018 4673 πρὸς
3046 4602 3144 4674 τὴν
3171 4605 3370 4676 ἀρετὴν
3392 4606 3489 4677 τὴν
3516 4605 3666 4660 θείαν
3693 4622 3897 4677 συμμα-

2341 4689 2464 4743 γίαν
2497 4690 2752 4743 θηρᾶται.
3676 4737 3678 4742 .

2341 4707 2464 4759 χιαν
2497 4707 2752 4760 υηραται.
3672 4737 3678 4760 Ι.

835 4805 1045 4860 XXVII.
1073 4836 1144 4846 ——
1177 4802 1573 4862 ARCHONTIO
1605 4801 2083 4859 PRESBYTERO.

2050 4803 2083 4855 ι.
2560 4801 2685 4856 KZ'.
2729 4833 2797 4844 -
2841 4803 3191 4874 ΑΡΧοΝτιᾳ
3228 4751 3689 4875 ΠΡΕΣΒΥΤΕΡᾷ.

1457 4897 1518 4952 Si
1549 4898 1744 4951 athleta
1779 4896 1996 4960 laboret,
2031 4894 2211 4967 quidni
2241 4891 2439 4948 Christi
2474 4893 2664 4947 miles?
2705 4893 2729 4946 1
2759 4893 2884 4948 Cor.
2923 4910 2996 4958 Ix,
3027 4894 3117 4949 25.

744 5004 812 5063 Si
833 5006 923 5075 qui
964 5007 1135 5062 aeutis
1155 5011 1436 5063 mundana:
1473 5008 1648 5062 laudis
1677 5008 1909 5062 stimulis
1941 5007 2230 5076 agitantur,

2410 5004 2472 5056 Ei
2500 5004 2549 5056 οἱ
2572 5006 2682 5068 τοῖς
2702 5003 2849 5070 ὀξέσι
2878 5006 2979 5072 τῆς
3001 5006 3270 5076 κοσμικῆς
3295 5005 3453 5074 δόξης
3471 5004 3715 5077 κέντροις
3737 5006 3892 5077 πλητ-

676 5099 915 5167 ingcutes
945 5100 1083 5151 ultro
1134 5099 1434 5166 suscipiunt
1471 5097 1716 5165 labores;
1769 5111 1946 5152 nonne
1987 5097 2076 5166 qui
2123 5110 2232 5150 c02-

2338 5096 2554 5165 τόμενοι
2606 5096 2799 5160 πόνους
2851 5096 3202 5167 αὑθαιρέτους
3260 5095 3629 5160 ἀσπάζονταισ
3684 5101 3732 5150 οἱ
3784 5101 3890 5164 τοῖς

675 5189 824 5242 testis
853 5188 1035 5258 gloriae
1061 5190 1178 5243 telis
1202 5190 1465 5244 vulnerati
1502 5198 1648 5255 sunt,
1695 5205 1790 5244 eos
1825 5205 1852 5242 a
1899 5188 2127 5259 pueritia
2161 5188 2232 5242 Ia-

2337 5186 2612 5252 ὀξυτάτοις
2647 5189 2744 5258 τῆς
2783 5188 3152 5260 ὑπερκοσμίου
3197 5188 3442 5252 εὐκλείας
3473 5188 3648 5258 βέλεσι
3696 5205 3890 5260 τετρω-

675 5279 819 5334 boris
845 5280 1242 5335 contentionem
1269 5282 1542 5350 suscipere
1573 5296 1670 5350 par
1703 5290 1784 5336 est
1814 5281 1837 5332 ‘I
2095 5279 2116 5284 ⁷

2341 5281 2488 5349 μένοι
2527 5281 2705 5350 πολλῷ
2767 5281 2962 5350 μᾶλλον
3009 5280 3272 5343 νεανικῶς
3304 5282 3396 5334 ὲπὶ
3443 5281 3533 5335 τὸν
3577 5281 3684 5335 τῶν
3719 5282 3889 5336 πόνων

2337 5373 2524 5440 ἀγῶνα
2555 5371 2879 5426 ἀποδύεσθαι
2909 5373 2975 5427 ἂν
3002 5369 3111 5426 εἷεν
3145 5373 3359 5428 δίκαιοι.

1767 5522 1995 5579 VIIIle
2041 5523 2414 5582 LECTIONES
2452 5527 2537 5581 ΕΤ
2577 5528 2802 5586 NOTAE.

747 5669 853 5736 (lii)
902 5670 1068 5726 Codd.
1122 5672 1234 5729 Vat.
1289 5676 1389 5731 650
1439 5687 1486 5734 cl
1533 5677 1638 5733 All.
1694 5681 1764 5749 μὴ
1830 5681 2126 5747 producunt
2177 5683 2227 5737 in

679 5740 859 5806 μηδὲν.
874 5742 1014 5798 I'uzsi
1025 5763 1074 5802 ll.

2040 5691 2126 5735 unt
2177 5683 2227 5737 in
2404 5684 2511 5750 (εει)
2554 5685 2782 5753 Γέγονας
2811 5686 2966 5743 iidem
3009 5698 3211 5746 mutant
3244 5691 3294 5744 in
3331 5691 3568 5762 γέγονεν.
3604 5691 3679 5750 In.
