4150 6502
655 401 788 468 1343

1839 401 1901 461 S.
1938 398 2229 464 ISIDORI
2269 394 2705 458 PELUSIOTzE

3757 379 3906 448 ιειι

652 523 821 584 atque
847 512 1072 567 astutias
1103 512 1426 580 investigare
1449 523 1513 564 ac
1549 508 1758 564 rimari.
1789 507 2227 566 Observandum-

2346 506 2500 572 ιόγος,
2532 503 2600 557 τά
2635 501 3008 573 μηχανήματα
3037 496 3202 553 αὐτοῦ
3235 489 3542 569 ἀνιχνεῦειν
3561 493 3659 549 καὶ
3693 493 3902 564 φυλάτ-

654 617 761 672 que
819 601 994 671 quoad
1032 598 1148 668 ejus
1205 599 1320 654 lleri
1368 609 1563 670 potest,
1592 599 1828 656 maxime
1871 613 1993 655 cum
2021 597 2222 653 amoris

651 689 831 742 colore
863 687 1107 742 inescare
1138 687 1386 743 homines
1426 687 1657 743 studeat.
1691 685 1846 745 Tunc
1876 689 2020 745 enim
2050 701 2220 758 expue

653 777 807 847 gnari
844 778 1074 848 capique
1103 787 1282 848 potest
1307 774 1592 835 difﬁcilius.

721 866 951 934 Quando
992 883 1123 926 vero
1172 869 1238 926 de
1279 869 1622 940 dogmatibus
1668 868 2024 942 signiﬁcasti;
2061 867 2223 940 562

651 956 790 1011 scito
818 959 1037 1015 audisse
1069 973 1154 1014 me
1202 961 1490 1031 aliquando
1525 975 1591 1016 ex
1625 961 1784 1016 docto
1828 960 1949 1015 viro
1990 974 2226 1030 evange-

654 1046 790 1102 listm
817 1062 1056 1116 sensum,
1086 1061 1373 1120 propterea
1423 1053 1564 1122 quod
1601 1050 1722 1105 Filii
1761 1051 1854 1106 Dei
1885 1065 2080 1106 nomen
2105 1058 2225 1105 astu

657 1139 985 1198 edomantes
1023 1140 1386 1210 inverterunt,
1403 1149 1456 1199 et
1474 1141 1670 1197 Filium
1686 1141 1778 1200 Dei
1799 1157 1909 1198 non
1925 1157 2047 1200 esse
2068 1156 2224 1196 crea-

657 1237 835 1286 turam
899 1238 1042 1287 recte
1090 1231 1410 1289 docuerunt.
1472 1233 1640 1289 Aiunt
1697 1232 1890 1288 enim:
1939 1230 2079 1299 His,
2138 1232 2228 1303 qui

657 1322 876 1376 credunt
905 1323 960 1377 in
993 1324 1202 1378 nomine
1239 1324 1371 1392 ejus,
1401 1322 1546 1378 dedit
1598 1324 1673 1378 eis
1728 1333 2039 1393 potestatem
2083 1324 2226 1394 ﬁlios

658 1411 759 1466 Dei
782 1412 895 1481 ﬁeri
919 1413 957 1466 ⁸.
1017 1413 1081 1468 Ει
1107 1414 1235 1469 alibi
1265 1432 1278 1468 :
1324 1413 1594 1484 Quidquid
1639 1415 1894 1484 petieritis
1933 1415 1988 1468 in
2021 1415 2228 1468 nomine

659 1519 793 1570 meo,
817 1504 1076 1572 accipietis
1097 1506 1137 1557 '.
1170 1503 1315 1560 inter
1335 1514 1529 1561 catera
1553 1519 1704 1572 vero,
1739 1520 1858 1575 qua
1890 1503 2051 1559 multa
2078 1515 2228 1572 sunt,

659 1592 759 1648 Dei
785 1593 1022 1659 nomina,
1051 1594 1285 1650 maxime
1318 1595 1594 1666 proprium
1636 1603 1721 1651 est
1747 1593 1869 1650 Filii
1902 1595 1996 1650 Dei
2041 1596 2229 1667 appel-

661 1681 829 1738 latio:
857 1683 1152 1740 ostendens
1180 1697 1367 1740 verum
1394 1698 1520 1740 esse
1543 1698 1608 1739 ac
1634 1682 1948 1754 genuinum,
1983 1692 2038 1738 et
2073 1697 2230 1738 crea-

667 1783 796 1828 turae
826 1760 1043 1829 sensum
1067 1789 1280 1830 omnem
1318 1773 1760 1846 intellectumque
1794 1775 2079 1830 excedens.
2109 1773 2232 1831 Cla-

2326 595 2517 650 τεσθαι
2551 595 2628 658 ὠς
2657 595 2960 665 ἐνδέχεται·
2988 593 3118 646 ὅταν
3155 589 3389 662 μάλιστα
3419 586 3603 659 φιλίας
3653 586 3900 658 προσχή-

2331 705 2462 760 ματι
2495 685 2722 759 δελεάζη
2745 701 2760 716 ο
2787 685 2909 739 τότε
2943 684 3051 757 γὰρ
3078 681 3382 745 δυσάλωτός
3417 682 3533 735 ἐστι
3560 677 3655 734 καὶ
3683 675 3902 749 δῦσμα-

2328 795 2444 850 χος.

2413 870 2632 940 Ἐπειδὴ
2664 869 2722 924 δέ
2748 867 2840 923 καὶ
2869 866 2996 938 περὶ
3025 863 3312 936 δογμάτων
3351 864 3646 936 ἐμήνυσας,
3681 859 3789 916 ῖσθι
3820 859 3905 914 ὅτι

2330 961 2544 1034 ηκουσά
2604 960 2736 1014 ποτέ
2821 976 2968 1023 τινος
3047 954 3224 1011 δεινοῦ
3284 953 3625 1024 καταμαθεῖν
3690 950 3905 1022 ἀνδρῶν

2331 1049 2735 1120 εὐαγγελιστῶν
2760 1048 3018 1111 διάνοιαν,
3051 1047 3134 1100 ὅτι
3161 1045 3325 1099 τόκου
3359 1044 3452 1098 τοῦ
3504 1042 3730 1114 γνησίου
3775 1039 3906 1093 τοῦ·

2332 1154 2473 1208 νομα
2537 1137 2818 1207 ἐστρεφον,
2882 1133 3382 1198 κατασκευάζοντες
3441 1131 3502 1186 τὸ
3568 1132 3642 1202 μὴ
3696 1129 3906 1200 κτίσμα

2333 1223 2473 1282 εἶναι
2501 1228 2591 1282 τὸν
2614 1225 2763 1280 Υίόν.
2801 1226 3052 1296 Ἐφασαν
3084 1225 3212 1297 γάρ·
3248 1224 3381 1293 Τοῖς
3407 1225 3796 1279 πιστεύουσιν
3816 1223 3906 1290 εἰς

2331 1316 2401 1370 τὸ
2410 1314 2594 1385 ὄνομα
2603 1313 2789 1370 αὐτοῦ
2801 1312 3076 1369 δεδόσθαι
3089 1313 3380 1378 ἐξουσίαν
3392 1312 3569 1369 τέκνα
3583 1312 3729 1368 Θεοῦ
3743 1310 3908 1381 γεγέ-

2334 1408 2475 1460 σθαι
2497 1444 2511 1458 .
2547 1405 2676 1458 Καίο
2713 1396 2784 1459 Ὀ
2817 1404 2925 1459 ἐὰν
2946 1405 3236 1473 αίτήσητε
3277 1405 3348 1460 ἐν
3378 1404 3459 1472 τῷ
3504 1403 3749 1472 ὀνόματί
3780 1420 3905 1472 μου

2335 1493 2635 1564 λήψεσθεο
2695 1495 2865 1566 ὄνομα
2916 1494 2972 1548 δὲ
3011 1495 3106 1548 τοῦ
3166 1494 3516 1566 πολυωνύμου
3570 1495 3908 1567 κυριιῖηερον

2335 1585 2444 1639 τῶν
2489 1585 2670 1642 ἀλλων
2719 1587 2752 1656 ἡ
2815 1585 2909 1639 τοῦ
2951 1585 3084 1640 Υίοῦ
3153 1587 3513 1658 προσηγορία,
3569 1587 3629 1639 τὸ
3678 1585 3909 1656 γνήσιον

2337 1676 2700 1746 ἐμφαίνουσα,
2729 1676 2824 1730 καὶ
2853 1677 2954 1749 την
2975 1676 3068 1731 τοῦ
3090 1677 3384 1748 κτίσματος
3417 1678 3625 1732 ἔννοιαν
3644 1676 3909 1747 ἐξοστραο

2338 1767 2583 1832 κίζουσα.
2622 1768 2790 1840 Δῆλον
2834 1767 3011 1822 τοίνυν
3053 1768 3136 1822 ὅτι
3168 1770 3281 1832 τοῖς
3326 1771 3426 1840 μὲν
3456 1771 3590 1824 Υίὸν
3623 1768 3784 1823 αὑτὸν
3822 1769 3911 1822 λό-

667 1879 785 1918 rum
821 1865 1006 1934 itaque
1032 1865 1212 1934 evadit
1246 1866 1641 1935 appellantibus
1667 1880 1790 1921 eum
1824 1863 2025 1919 Filium
2055 1866 2235 1921 datam

2346 1875 2526 1927 γουσιν
2561 1857 2719 1928 ἐδόθη
2772 1859 2805 1930 η
2841 1860 3022 1931 χάρις,
3054 1861 3166 1924 τοῖς
3198 1858 3256 1913 δέ
3301 1861 3510 1932 κτίσμα
3539 1860 3700 1914 αὐτὸν
3729 1859 3910 1928 λέγειν

666 1965 788 2007 esse
816 1954 1043 2022 gratiam
1069 1970 1086 2010 :
1114 1954 1358 2026 refugere
1384 1962 1573 2012 contra
1611 1953 1682 2011 ab
1702 1956 1785 2010 his
1809 1969 1924 2021 eos,
1958 1956 2050 2025 qui
2081 1970 2238 2011 crea-

670 2049 846 2098 turam
873 2059 992 2101 esse
1021 2046 1222 2103 audent
1251 2061 1518 2102 asserere.
1547 2045 1624 2102 De
1649 2045 1831 2116 politia
1859 2046 2001 2116 quod
2031 2062 2241 2116 quaere-

669 2131 786 2198 bas,
817 2147 980 2188 avens
1006 2135 1185 2190 omnia
1218 2134 1378 2190 simul
1409 2136 1637 2199 discere,
1669 2135 1857 2205 paucis
1899 2136 2237 2205 respondeo;

668 2225 941 2294 videlicet,
971 2227 1254 2298 gentilium
1283 2229 1556 2299 sapientes
1605 2227 1835 2299 gloriam
1876 2227 2086 2283 dicendi
2115 2243 2240 2297 gra-

668 2318 837 2372 vitate
873 2327 928 2373 et
974 2319 1128 2387 copia
1172 2319 1394 2390 adeptos
1436 2320 1767 2375 constituere
1820 2318 2082 2386 volentes,
2113 2319 2242 2389 quid

665 2408 892 2478 justum,
928 2409 1054 2480 quid
1083 2411 1360 2476 decorum,
1385 2411 1517 2480 quid
1551 2409 1869 2479 legitimum,
1901 2420 1956 2464 et
1991 2410 2241 2478 denique,

669 2501 797 2570 quid
829 2500 1110 2555 honestum
1142 2500 1232 2566 sit,
1270 2503 1506 2555 rationes
1552 2500 1793 2555 infinitas
1826 2497 2145 2564 afferentes,
2182 2514 2244 2553 ac

671 2591 897 2661 prolixis
938 2593 1294 2658 sermonibus,
1327 2593 1479 2662 quasi
1533 2591 1901 2662 labyrinthum
1961 2591 2242 2656 ducentes,

672 2690 878 2735 tantum
907 2681 973 2736 ab
1005 2696 1090 2746 eo,
1123 2682 1266 2752 quod
1295 2681 1584 2737 dicendum
1606 2690 1745 2750 erat,
1775 2683 2080 2748 aberrasse,
2113 2691 2169 2737 ut
2193 2692 2247 2738 et

671 2769 912 2840 legentes
947 2770 1330 2827 conf=.ndendo
1373 2771 1604 2842 amplius
1653 2773 2056 2839 conturbarint.
2107 2771 2246 2826 Ver-

671 2861 799 2916 bum
827 2876 955 2916 vero
978 2860 1068 2916 Dei
1098 2859 1268 2916 Filius
1303 2862 1522 2917 insitum
1555 2861 1761 2918 homini
1804 2862 2135 2917 intellectum
2168 2866 2250 2916 in-

673 2964 1015 3018 staurans,et
1043 2945 1250 3012 a'rbitrii
1279 2956 1540 3025 cujusque
1567 2957 1869 3012 libertatem
1887 2958 2036 3028 justo
2060 2973 2122 3013 ac
2153 2959 2250 3013 de-

672 3061 820 3111 coro,
847 3046 1084 3117 legitimo
1106 3049 1231 3103 item
1263 3057 1318 3102 et
1350 3049 1577 3102 honesto
1612 3049 1890 3118 colligans,
1936 3049 2086 3103 brevi
2129 3063 2248 3103 ser-

675 3154 832 3194 mone
859 3139 909 3193 id
945 3154 1104 3195 omne
1133 3140 1343 3210 aperuit
1382 3155 1514 3194 usus
1552 3139 1772 3194 verbis:
1810 3157 1830 3191 r
1886 3138 2076 3195 Omnia
2128 3152 2249 3208 quae

2339 1947 2610 2020 τολμῶσιν
2638 1951 2671 2020 ἡ
2696 1949 2850 2020 χάρις
2875 1950 2976 2004 οῦκ
3001 1951 3276 2023 ἐπιφοιτᾷ.
3324 1951 3544 2023 Ἐπειδὴ
3579 1952 3634 2005 δὲ
3661 1952 3756 2004 καὶ
3781 1950 3912 2020 περὶ

2340 2039 2614 2103 πολιτείας
2644 2038 2754 2112 (50)
2785 2040 3083 2109 ἐδήλωσας,
3129 2041 3308 2096 πάντα
3345 2040 3477 2113 όμοῦ
3513 2040 3702 2112 μαθεῖν
3730 2039 3912 2112 γλιχό-

2345 2147 2523 2200 μενος,
2581 2131 2983 2190 ἀντεπισιτέλλω
3039 2133 3319 2203 συντόμως
3350 2151 3364 2166 ·
3400 2133 3482 2187 ὅτι
3523 2135 3572 2186 oi
3635 2133 3734 2203 μὲν
3771 2132 3910 2203 παρ’

2342 2220 2568 2290 Ἕλλησι
2601 2221 2777 2289 σοφοὶ,
2815 2223 2863 2274 oi
2906 2220 3060 2286 δόξαν
3102 2221 3196 2279 ἐπὶ
3244 2222 3535 2293 σεμνότητι
3565 2221 3656 2276 καὶ
3682 2221 3911 2293 δυνάμει

2340 2309 2516 2378 λόγων
2545 2309 2694 2381 παρὰ
2733 2312 2899 2366 πᾶσιν
2931 2313 3248 2385 ἐσχηκότες,
3280 2313 3594 2384 βουλόμενοι
3630 2314 3910 2384 παραστῆ-

2347 2418 2434 2454 σαι
2461 2401 2514 2454 τί
2539 2401 2600 2454 τὸ
2628 2401 2855 2467 δίκαιον,
2888 2405 2981 2456 καὶ¹
3008 2404 3059 2457 τί
3092 2405 3152 2458 τὺ
3183 2404 3417 2476 πρέπον,
3453 2407 3548 2460 καὶ
3577 2407 3633 2459 τί
3667 2407 3732 2460 τὸ
3764 2406 3914 2477 νόμι-

2347 2509 2446 2562 μον
2475 2493 2568 2546 καὶ
2609 2494 2662 2546 τί
2699 2493 2758 2547 τὸ
2785 2494 2973 2558 καλὸν,
3026 2496 3253 2567 μυρίους
3291 2496 3479 2566 λόγους
3513 2497 3911 2564 ἀναλώσαντες,

2346 2586 2438 2639 καὶ
2463 2586 2742 2656 διαλόγους
2769 2589 3011 2659 μακροὺς
3032 2587 3370 2660 λαϐυρίνθων
3389 2589 3549 2642 οὐδὲν
3563 2590 3914 2660 διαφέροντας

2346 2678 2640 2740 συνιέντες.
2671 2678 2925 2731 τοσοῦτον
2949 2678 3192 2750 ἀπέσχον
3231 2677 3325 2732 τοῦ
3354 2682 3528 2735 είπεῐν
3553 2699 3607 2735 τι
3644 2683 3754 2737 τῶν
3774 2681 3917 2736 δεόν⁴

2346 2784 2474 2830 των,
2505 2769 2588 2821 ὅτι
2616 2769 2709 2820 καὶ
2732 2767 2892 2822 πλέον
2916 2769 3043 2833 τοὺς
3073 2769 3546 2839 ἀναγινώσκοντας
3573 2775 3909 2844 συγχέουσιν.

2359 2857 2419 2912 '0
2457 2857 2514 2911 δέ
2555 2857 2830 2922 θειότατος
2861 2859 3038 2929 Λόγος
3085 2859 3232 2931 δεῦρ’
3289 2863 3664 2934 ἐπιφοιτήσας.
3706 2865 3916 2919 καὶτὸν

2349 2946 2588 3018 ἔμφυτον
2627 2949 2969 3020 ἀνακινήσας
3020 2949 3128 3003 τῶν
3161 2949 3466 3021 ἀνθρώπων
3495 2953 3787 3024 λογισμὸν,
3820 2957 3916 3009 καὶ

2348 3038 2447 3110 τὴν
2477 3039 2709 3095 ἑκάστου
2769 3041 3027 3112 βούλησιν
3080 3042 3205 3113 ὅρον
3255 3042 3347 3096 τοῦ
3391 3043 3623 3111 δικαίου,
3679 3047 3772 3100 καὶ
3825 3046 3915 3100 τοῦ

2350 3130 2674 3200 πρέποντος,
2704 3131 2798 3186 τοῦ
2825 3150 2886 3186 τε
2935 3134 3169 3204 νομίμου
3221 3134 3316 3187 καὶ
3348 3134 3442 3188 τοῦ
3471 3135 3638 3189 καλοῦ
3682 3137 3922 3207 πηξάμε-

672 3227 836 3282 vultis
857 3236 913 3282 ut
936 3229 1138 3282 iaciant
1162 3229 1312 3284 vobis
1340 3229 1677 3291 liomines,et
1707 3243 1801 3283 vos
1827 3228 1989 3284 facile
2020 3227 2124 3284 illis
2152 3228 2193 3283 ³.
2223 3246 2242 3280 s

2352 3238 2461 3284 νος.
2489 3221 2577 3276 διὰ
2607 3221 2864 3294 βραχείας
2903 3224 3114 3294 ρήσεως
3160 3223 3318 3278 τοῦτο
3356 3224 3680 3295 διεσάφησεν
3714 3227 3882 3281 είπών
3903 3244 3917 3258 ·

677 3317 757 3374 Ne
785 3333 888 3374 non
925 3319 1125 3390 scripta
1155 3318 1398 3389 proferre
1439 3320 1734 3385 videretur,
1785 3319 1960 3389 sigillo
1999 3320 2249 3376 muniens

678 3425 798 3479 quae
831 3412 1060 3475 dixerat,
1087 3412 1376 3483 omniaque
1401 3412 1720 3480 compendio
1768 3412 2048 3467 involvens
2077 3431 2089 3467 :
2123 3411 2252 3466 Hm

677 3511 749 3556 est
791 3503 950 3566 enim,
978 3503 1168 3572 inquit,
1223 3503 1307 3556 lea:
1354 3513 1401 3558 et
1454 3502 1742 3573 propheta.
1793 3503 2042 3557 Omnium
2092 3502 2254 3573 igitur

680 3595 902 3648 honeste
940 3596 1228 3663 factorum,
1255 3596 1370 3650 haec
1407 3595 1586 3665 regula
1615 3595 1705 3661 sit,
1741 3604 1799 3650 ut
1823 3595 1966 3665 quod
2002 3596 2157 3650 nobis
2187 3595 2255 3650 ab

681 3683 802 3738 aliis
856 3683 972 3739 ﬁeri
1008 3685 1265 3754 petimus,
1296 3686 1433 3740 idem
1482 3685 1612 3739 illud
1652 3700 1747 3741 nos
1779 3685 1879 3754 ipsi
1915 3695 2252 3754 prmstemus.

683 3775 838 3832 Scias
881 3789 937 3832 et
991 3777 1146 3842 illud,
1177 3779 1319 3847 quod
1369 3777 1460 3845 qui
1514 3791 1695 3831 rerum
1751 3775 2150 3844 pulchritudine
2201 3775 2256 3830 in

685 3870 847 3923 rebus
869 3869 1101 3924 conditis
1125 3884 1230 3923 non
1252 3869 1319 3924 ad
1345 3869 1596 3937 pietatem
1623 3867 1707 3922 usi
1738 3866 1959 3932 iuerint,
1979 3881 2074 3922 eos
2097 3866 2257 3921 etiam

685 3957 740 4010 in
771 3966 1046 4013 creaturas
1078 3957 1366 4028 impegisse
1394 3957 1626 4028 (tantum
1661 3959 1805 4014 enim
1839 3955 2009 4021 abest,
2048 3965 2110 4011 ut
2143 3955 2262 4026 opi-

689 4045 845 4100 ﬁcem
879 4047 1040 4101 Deum
1072 4051 1408 4118 agnoverint,
1441 4059 1498 4104 ut
1545 4046 1655 4104 illis
1707 4047 1871 4102 etiam
1925 4047 2132 4102 cultum
2180 4047 2253 4102 di-

2358 3332 2378 3366 ι
2416 3312 2602 3366 Πάντα
2633 3316 2732 3368 ὅσα
2761 3313 2944 3368 θέλετε
2973 3315 3059 3368 ἵνα
3106 3315 3334 3369 ποιῶσιν
3384 3316 3512 3387 ὑμῖν
3548 3319 3595 3370 oi
3625 3317 3919 3389 ἄνθρωποι,

2353 3405 2450 3459 καὶ
2473 3405 2633 3475 ὑμεῖς
2663 3407 2865 3459 ποιεῖτε
2896 3407 3100 3469 αὐτοῖς.
3147 3425 3166 3458 ι
3198 3403 3328 3460 Εἶτα
3360 3409 3448 3462 ῖνα
3487 3409 3562 3480 μὴ
3591 3409 3716 3482 δόξῃ
3758 3413 3925 3483 ἀγρα-

2355 3515 2454 3566 φον
2479 3497 2642 3568 νόμον
2671 3498 2792 3550 κατ’
2824 3498 3105 3567 ἐγγράφου
3139 3497 3367 3566 τιθέναι,
3404 3502 3924 3573 ἐπισφραγιζόμενος

2355 3587 2424 3639 τά
2446 3586 2713 3658 εἰρημένα
2765 3591 2858 3640 καὶ
2891 3587 3124 3652 δεικνὺς,
3181 3589 3262 3642 ὅτι
3303 3591 3480 3645 πάντα
3519 3595 3797 3664 συντόμως
3830 3613 3926 3649 πε-

2359 3675 2655 3748 ριείληφεν,
2710 3676 2813 3746 ἔφη
2841 3693 2855 3709 ο
2892 3674 3085 3743 Οὗτος
3129 3680 3240 3749 γὰρ
3285 3681 3457 3734 ἐστιν
3480 3685 3514 3737 d
3539 3685 3723 3752 νόμος
3750 3686 3846 3740 καί
3873 3689 3927 3741 oi

2359 3768 2681 3838 προφῆται.
2714 3771 2804 3825 Ἑν
2833 3771 3018 3834 αὐτοῖς
3037 3772 3327 3844 τοιγαροῦν
3345 3775 3557 3845 ἔχοντες
3584 3778 3799 3832 πάντων
3826 3778 3928 3832 τῶν

2359 3863 2540 3918 καλῶν
2572 3864 2664 3918 τὸν
2691 3864 2913 3931 κανόνα,
2950 3864 2979 3916 δ
3029 3865 3332 3936 βουλόμεθα
3389 3867 3541 3937 παρὰ
3601 3868 3709 3921 τῶν
3759 3868 3930 3922 ἀλλων

2362 3955 2491 4027 ὑμῖν
2529 3955 2897 4028 ὑπαρχθῆναι,
2927 3957 3087 4011 τοῦτο
3117 3959 3248 4029 παρ’
3275 3958 3430 4036 ημῶν
3462 3960 3541 4023 είς
3569 3959 3808 4022 ἐκείνους
3839 3976 3928 4030 γε·

2361 4046 2558 4104 νὶσθω.
2585 4047 2724 4101 ἰσθι
2765 4048 2823 4100 δέ
2851 4047 2943 4101 καὶ
2980 4049 3159 4111 τοῦτο,
3192 4050 3275 4102 δτι
3298 4049 3348 4101 οί
3368 4047 3446 4118 τῷ
3495 4049 3716 4118 μεγέθει
3739 4051 3832 4104 καὶ
3856 4049 3932 4120 τῷ

689 4138 872 4192 vinum
919 4138 1226 4210 tribuerint)
1256 4139 1309 4194 bi
1339 4139 1612 4210 sapientes
1649 4153 1708 4194 se
1735 4151 1856 4193 esse
1887 4137 1991 4192 rati
2030 4136 2084 4190 in
2114 4137 2243 4207 igne

2364 4134 2553 4190 κάλλει
2596 4137 2705 4190 τῶν
2747 4138 3063 4208 κτισμάτων
3101 4139 3201 4192 οὐκ
3253 4139 3331 4202 είς
3374 4138 3657 4203 ιύσεόείας
3683 4140 3931 4195 ὑπόθεσιν

691 4229 882 4285 rantis:
930 4228 1119 4300 pelago
1185 4231 1430 4300 naufragi
1488 4228 1920 4298 praecipitarunt.
1987 4225 2243 4282 Creaturi:

2367 4226 2832 4298 ἀττοχρησάμενοι,
2859 4226 2995 4281 ἀλλά
3024 4227 3119 4281 καὶ
3150 4227 3618 4299 προσπταίσαντες
3648 4229 3831 4294 αὐτοῖς
3853 4232 3930 4302 (οὐ

691 4321 835 4377 enim
865 4321 1127 4376 artiﬁcem
1160 4320 1580 4392 praedicantibus
1602 4323 1799 4392 (neque
1833 4320 1979 4376 enim
2022 4319 2140 4375 sine
2178 4333 2266 4374 ar-

2367 4317 2478 4388 γάρ
2520 4317 2679 4387 μόνον
2711 4317 2802 4371 τὸν
2850 4318 3192 4389 Δημιουργὺν
3239 4320 3338 4374 οὑκ
3385 4320 3649 4388 ἔγνωσαν,
3684 4321 3819 4376 ἀλλὰ
3843 4325 3930 4380 καὶ

694 4407 930 4464 chitecto
953 4407 1142 4463 domus
1172 4407 1489 4475 aediﬁcatur,
1519 4423 1692 4478 neque
1741 4409 1860 4464 sine
1909 4407 2060 4463 fabro
2113 4409 2243 4463 navi:

2369 4408 2549 4472 αὐτοῖς
2571 4409 2631 4461 τὸ
2655 4410 2814 4474 σέϐας
2837 4411 3096 4464 ἀνέθεσαν
3121 4404 3284 4481 (οὗτοι
3305 4412 3458 4480 σοφοὶ
3481 4413 3754 4482 οἰηθέντες
3777 4411 3930 4482 εἶναι,

696 4495 1076 4564 compingitur,
1112 4509 1286 4566 neque
1342 4496 1460 4550 sine
1514 4497 1720 4551 musico
1760 4510 2024 4565 organum
2073 4496 2270 4551 consti-

699 4585 1018 4654 tuitur),arti
1045 4587 1222 4654 petius
1249 4599 1408 4654 quam
1448 4595 1711 4641 creatura:
1742 4586 1944 4640 faciunt
1975 4584 2262 4653 iniuriam;

698 4676 944 4746 opiﬁcem
1001 4676 1219 4731 interim
1278 4677 1676 4746 praescribendo
1711 4678 2117 4732 submoverunt.
2169 4676 2266 4733 His

699 4766 865 4836 igitur
907 4767 1101 4823 merito
1133 4767 1293 4823 etiam
1324 4767 1512 4838 politis
1565 4768 1804 4826 evanuit.
1837 4767 2084 4824 Universi
2118 4769 2262 4824 enim

2300 4547 2346 4605 ο
2371 4501 2449 4563 είς
2473 4499 2534 4553 τὺ
2563 4503 2662 4571 τῆς
2689 4500 2931 4571 ἀμαθίας
2983 4503 3328 4572 ἐναυάγησαν
3382 4502 3620 4572 πέλαγος
3642 4523 3657 4536 ·
3693 4506 3801 4560 τῶν
3832 4508 3933 4580 γὰρ

2371 4592 2688 4662 κτισμάτων
2717 4594 3199 4666 ἀνακηρυττόντων
3233 4593 3322 4648 τὸν
3356 4595 3604 4666 τεχνίτην
3635 4597 3653 4668 (
3685 4599 3804 4652 οὐδὲ
3832 4601 3932 4670 γὰρ

2371 4678 2498 4732 ἀνευ
2541 4680 2924 4752 ἀρχιτέκτονος
2986 4683 3133 4736 οίκία
3177 4684 3564 4753 οἰκοδομεῖται,
3628 4685 3753 4740 οὔτε
3811 4688 3931 4742 ἄνευ

2373 4771 2655 4842 ναυπηγοῦ
2696 4771 2849 4837 ναῦς,
2909 4775 3033 4827 οὐδὲ
3097 4776 3226 4830 ἄνευ
3304 4775 3600 4845 ἁρμονικοῦ
3684 4782 3933 4850 μουσικὸν

773 4942 791 4974 ³
819 4939 973 4998 Joan.
1001 4956 1040 5009 ι,
1069 4941 1156 4998 19..
1231 4944 1254 4977 ¹
1281 4939 1438 4998 Joan.
1477 4957 1588 5010 stv,
1620 4943 1707 4999 14.
1782 4943 1804 4975 ⁸
1835 4942 1969 4998 Tob.
2013 4958 2085 5010 tv,
2117 4941 2219 5008 16;

2346 4941 2438 4997 ιιι).
2472 4958 2568 5010 vn,
2607 4943 2712 5010 ης
2750 4943 2884 5001 Luc.
2922 4961 2995 5014 νι,
3021 4947 3111 5003 5|.

1816 5099 2049 5156 VARIE
2091 5096 2479 5157 LECTIONES
2513 5099 2600 5156 ET
2643 5098 2874 5159 NOTAE.

709 5287 775 5369 ιγ
799 5287 941 5343 ἑάλω
963 5291 1172 5369 saxis»:
1201 5294 1334 5369 ἀλλᾲ
1358 5296 1729 5369 προσχήματι
1747 5295 1949 5369 φιλίας’
1980 5293 2098 5369 less)
2123 5292 2243 5369 οὖτα

2374 5307 2525 5369 voee,
2561 5303 2617 5350 et
2642 5295 2944 5362 συνθέντες,
2971 5294 3642 5369 νει-ροιίυεσυνεῖροντες.
3673 5296 3934 5355 Platonem

709 5360 844 5437 γὰρ,
875 5371 930 5437 ut
963 5361 1015 5415 in
1035 5360 1196 5437 epist.
1228 5365 1328 5437 ιιι
1356 5360 1476 5431 iul,
1505 5360 1609 5437 ubi
1634 5360 1819 5437 eadem
1848 5360 2261 5437 legast’Statim,
2371 5365 2524 5437 enim
2538 5369 2862 5437 perstringit
2892 5360 3116 5437 dialogis
3140 5367 3318 5421 omnia
3356 5360 3769 5435 pertractantem
3804 5387 3818 5422 :
3849 5384 3938 5424 cu-

711 5428 1093 5518 ἀποδείξαντας
1115 5428 1546 5518 ςιλεαιτόλέειέςνχρῖιἱ
1572 5428 2135 5518 Ηεεγοίιὶολὲλεπόλεις
2169 5451 2243 5518 με]

2370 5434 2464 5518 jus
2495 5428 2690 5518 dialogi
2716 5428 3182 5518 Πξίίςριιὺιῖπερὶ
3211 5428 3420 5518 δικαίου
3464 5438 3847 5518 inscribuntur,
3887 5450 3938 5495 et

711 5500 892 5621 favet,
924 5504 1366 5627 μηχανήματαδΒ
1391 5500 1466 5561 ὧν
1493 5500 1548 5588 αἱ
1570 5500 1752 5566 πόλεις
1771 5500 2184 5585 καθαιροῦνταιζ
2204 5500 2242 5557 ll

735 5585 798 5622 us
823 5569 1142 5627 Vitruvmsll
1187 5613 1198 5626 .
1227 5590 1258 5627 ι
1283 5586 1336 5627 et
1354 5578 1670 5627 Ammianus
1693 5574 1985 5627 Marcelltn.
2010 5573 2103 5626 ιιι).
2125 5588 2243 5626 xxiv

2372 5500 2556 5558 hotatu
2583 5500 2826 5562 socratis
2849 5500 3099 5578 εἰρωνεία
3128 5500 3181 5561 in
3213 5507 3525 5564 disserendo
3553 5510 3692 5578 apud
3721 5500 3932 5564 Cicero~

2379 5588 2523 5627 nem.
2557 5584 2612 5627 et
2637 5577 2792 5627 alios.
2827 5576 3069 5627 Scuo‘n'.

735 5571 798 5622 iis
823 5569 1198 5627 Vitruvi'uslib.
1227 5590 1258 5628 ι
1283 5569 1336 5629 et
1354 5577 1670 5632 Ammianus
1693 5569 1985 5629 Marcellini.
2010 5573 2103 5626 lib.
2125 5588 2273 5626 xstv.
2379 5588 2523 5635 nem,
2557 5584 2612 5628 et
2637 5577 2792 5630 alios.
2827 5569 3069 5631 Scim'r'r.

717 5637 834 5691 Mox
860 5640 923 5692 de
955 5643 1192 5716 gentium
1228 5644 1577 5716 puilosophis,
1615 5643 2053 5716 μυρίουςλόγορς
2079 5641 2243 5716 ἀνεξὶᾴ

2452 5641 2564 5716 (⁸50)
2592 5642 2746 5716 inter
2783 5647 3160 5716 mltssiecuet
3193 5643 3465 5716 ἐδήλωσας
3505 5644 3661 5716 codd.
3690 5643 3811 5702 Vat'.
3842 5647 3936 5703 650

717 5724 923 5786 σαντες,
961 5713 1052 5763 κα)⁹
1095 5713 1180 5766 διὰ
1228 5713 1415 5786 λόγους
1441 5711 1707 5786 ’μακροὺς
1751 5711 2243 5786 λαόυρίνθων-οὖδὲ

2380 5720 2432 5767 et
2456 5712 2560 5766 Alt.
2592 5713 2834 5769 inserunt
2857 5715 3038 5785 τῆσδε.
3074 5713 3223 5786 Ycrs.
3255 5711 3376 5773 inde
3403 5717 3455 5786 6,
3488 5715 3764 5782 συνθέντες
3791 5717 3937 5775 iidem

715 5777 1064 5848 διαφέροντας
1101 5777 1366 5851 συνιέντες
1397 5777 1408 5780 ⁷
1461 5777 1594 5856 puto.
1618 5787 1717 5854 leg.
1755 5777 2052 5852 διαλόγους,
2095 5781 2243 5852 junci

2385 5793 2587 5853 ponunt
2618 5799 2714 5853 pro
2747 5777 3034 5850 συνιέντες.
3069 5778 3279 5843 Possm.
