4150 6464
259 444 397 512 1345

1188 451 1724 514 EPISTOLARUM
1762 451 1910 512 LIB.
1951 453 2020 512 V.
2060 475 2132 486 —
2159 452 2399 516 EPIST.
2441 454 2659 516 XXXI.

3406 463 3543 527 1346

259 561 496 636 συσταίη
530 564 823 638 νδργανον),
857 565 1064 622 ἐκεῖνοι
1100 569 1165 638 τῇ
1211 566 1376 640 τέχνῃ
1429 567 1629 638 μᾶλλον
1666 566 1700 638 ἦ
1729 568 1836 631 τοῖς

1946 567 2137 624 ducem
2172 577 2335 641 alque
2359 569 2718 628 architectum
2746 586 2778 628 e
2809 586 2910 629 suo
2961 573 3243 644 ejicientes
3275 581 3453 636 animo
3483 579 3541 635 in

251 657 565 728 τεχνηθεϊσι
621 660 1114 730 προσπταίσαντες,
1165 658 1258 713 τὸν
1318 659 1653 731 δημιουργὸν
1697 677 1838 730 παρ-

251 748 586 819 εγράψαντο.
636 749 762 822 Τοῖς
790 745 882 805 οὖν
930 749 1195 814 τοιούτοις
1227 751 1475 815 είκότως,
1505 753 1602 806 καὶ
1646 750 1708 804 τὸ
1735 750 1838 821 τῆς

250 839 532 906 πολιτείας
556 840 896 911 διέφθαρται.
925 840 1028 896 Τὸν
1053 839 1162 914 γὰρ
1204 841 1479 912 Ἡγεμόνα
1506 842 1599 896 τοῦ
1633 841 1837 906 παντὸς

250 930 318 982 ἐκ
348 930 447 1000 τῆς
477 932 688 986 ἑαυτῶν
711 931 1055 995 ἐκϐάλλοντες
1091 933 1290 1014 ψυχῆς,
1317 935 1426 988 πᾶν
1449 930 1590 998 εἶδος
1621 932 1836 995 ἀδικίας

249 1035 312 1071 τε
337 1021 430 1074 καὶ
461 1023 723 1094 πονηρίας
747 1022 920 1088 ἀδεῶς
946 1024 1078 1095 δρᾷν
1106 1027 1167 1080 οὐ
1193 1024 1608 1095 παραιτοῦνται.
1660 1024 1839 1077 Ἐπει-

249 1109 318 1182 δὴ
351 1111 410 1165 δὲ
441 1115 534 1167 καὶ
573 1115 703 1186 περὶ
737 1113 847 1168 τῶν
890 1115 1192 1187 ἐλλογίμων
1231 1117 1416 1188 ζητεῖς
1446 1116 1581 1186 (5i),
1619 1115 1728 1168 ἴσθι
1752 1115 1835 1168 ὅτι

247 1201 282 1254 ὀ
309 1199 586 1269 θειότατος
615 1205 789 1274 Λόγος
825 1207 917 1261 τὸν
943 1207 1229 1280 ἐλλόγιμον
1275 1209 1378 1262 οὐκ
1407 1208 1746 1272 ἀποσείεται,
1785 1208 1834 1259 εί

1947 673 2108 714 omne
2132 673 2304 730 genus
2329 661 2613 730 iniustitia
2637 671 2693 718 et
2722 663 3091 734 improbitatis
3120 668 3383 724 audacter
3409 683 3535 737 pro-

1944 747 2083 819 lapsi
2105 764 2333 818 peccare
2362 765 2469 809 uon
2488 753 2760 809 dubitant.
2785 755 2942 822 Quod
2968 758 3202 830 denique
3222 759 3292 815 de
3321 761 3544 830 sapien-

1945 839 2087 897 tibus
2139 841 2466 914 interrogas,
2493 845 2712 901 noveris
2745 844 2842 901 Dei
2894 847 3090 904 Filium
3141 849 3380 906 Verbum
3433 866 3540 906 non

1943 932 2171 1002 rejicere
2195 949 2412 990 omnem
2440 937 2866 1006 praecellentem,
2911 939 2959 994 si
3014 955 3077 996 ex
3111 943 3324 998 ratione
3368 943 3541 998 vitam

1945 1035 2238 1094 componat
2270 1043 2286 1080 :
2328 1035 2384 1080 at
2408 1026 2454 1082 si
2492 1027 2680 1083 verbis
2704 1028 2970 1086 duntaxat
3000 1033 3436 1104 philosophatur,
3480 1053 3541 1094 re

1944 1126 2124 1170 autem
2151 1117 2267 1185 ipsa
2295 1117 2537 1173 moribus
2580 1120 2820 1188 aberret,
2846 1121 2990 1176 nulla
3044 1122 3162 1193 ejus
3212 1125 3541 1197 eloquentiae

1943 1205 2139 1260 merito
2166 1214 2252 1261 est
2277 1204 2420 1262 ratio
2445 1208 2714 1264 habenda.

250 1291 398 1367 λόγῳ
420 1298 511 1352 τὸν
527 1301 727 1354 οἰκεῖον
766 1301 1020 1374 ῥυθμίζοι
1048 1303 1164 1375 βίον
1188 1320 1205 1336 ο
1239 1306 1288 1357 εί
1319 1303 1376 1358 δὲ
1412 1305 1472 1358 ὲν
1527 1303 1709 1373 λόγοις
1775 1299 2106 1372 φιλοσοφῶν,
2154 1300 2340 1374 ἔργοις
2397 1303 2729 1375 ἀφιλόσοφος
2794 1306 3012 1380 ὀφθείη,
3076 1309 3316 1382 εὐλόγως
3362 1316 3484 1370 οὐδὲ
3510 1315 3542 1369 ό

249 1382 409 1454 λόγος
435 1387 527 1441 τὸν
551 1388 793 1446 τοιοῦτον
827 1395 1115 1464 προσίεται
1137 1395 1273 1467 (5%).

393 1501 525 1560 ΚΘ.
571 1533 647 1545 -
680 1507 954 1580 202mm,
1002 1509 1291 1578 ΜΑΡΩΝΙ,
1334 1509 1673 1584 ΕΥΣΤΑΘῙῼ

2061 1504 2222 1578 533
2284 1504 2481 1563 XXIX.
2547 1538 2644 1578 -ί
2688 1507 2964 1577 zosmo,
3023 1511 3289 1572 MARONI
3339 1517 3428 1573 ET

2530 1577 2948 1638 EUSTATHIO.

1608 1691 1652 1745 Α
1682 1689 1811 1745 luxu
1833 1688 2165 1746 dehortatur.

334 1802 407 1865 Ἢ
434 1812 604 1886 πολλὴ
619 1813 715 1870 καὶ
729 1815 1153 1884 ἀκατάπαυστος
1168 1818 1350 1892 τρυφὴ
1376 1818 1472 1874 καὶ
1496 1819 1590 1874 ἐπὶ
1609 1820 1700 1874 τὸν
1718 1819 1833 1892 (5'5)

248 1901 410 1975 παρά
441 1903 606 1974 φύσιν
654 1907 993 1980 παιδοτριϐετ
1027 1909 1229 1982 ἔρωτα,
1270 1911 1367 1967 καὶ
1389 1911 1569 1965 πᾶσαν
1608 1909 1702 1964 τοῦ
1735 1909 1835 1980 μὲν

253 1993 506 2065 σώματος
535 1996 636 2068 τὴν
677 1998 898 2067 ὑγείανο
929 2001 1026 2072 τῆς
1073 2001 1131 2055 δὲ
1155 2001 1337 2075 ψυχῆς
1383 2002 1709 2074 λυμαίνεται
1736 2002 1837 2075 τὴν

249 2084 554 2154 εὐγένειαν.
589 2088 880 2145 Παύσασθε
908 2093 1200 2165 τοιγαροῦν
1220 2096 1426 2166 ταύτης
1444 2111 1459 2126 ·
1490 2095 1583 2149 καὶ
1635 2095 1711 2168 μὴ
1739 2113 1838 2168 νη-

254 2176 485 2244 στείαις,
531 2178 669 2234 ἀλλά
717 2197 780 2250 γε
808 2183 875 2253 τῇ
933 2184 1242 2256 αὐταρκείᾳ
1270 2187 1338 2258 τῇ
1381 2187 1553 2252 ὅντως
1596 2187 1835 2259 σώφρονι

246 2269 453 2339 τρυφῇ,
491 2268 730 2341 χρῆσθαι
761 2272 991 2338 ἑαυτοὺς
1015 2274 1347 2331 παιδεύσατε
1367 2294 1382 2309 ο
1415 2278 1510 2332 καὶ
1551 2279 1835 2350 οἰχήσεται

243 2357 280 2429 ἡ
333 2357 430 2413 νῦν
460 2359 584 2414 καθ’
625 2361 779 2434 ὑμῶν
802 2365 954 2436 παρὰ
987 2368 1206 2423 πάντων
1251 2369 1487 2441 ᾁδομένη
1541 2371 1831 2442 κωμῳδία.

246 2451 313 2504 El
343 2451 401 2506 δὲ
426 2454 654 2518 ἑαυτοὺς
699 2457 780 2521 είς
813 2457 912 2530 τὴν
938 2459 1178 2515 ἄϐυσσον
1205 2462 1306 2532 τῆς
1334 2463 1590 2532 λαγνείας
1624 2461 1836 2534 ἐμϐάλ-

244 2541 391 2608 λετε,
450 2535 526 2617 μὴ
572 2548 687 2611 τοῖς
743 2550 1071 2622 κωμῳδοῦσι
1118 2552 1500 2624 χαλεπαίνετε,
1553 2554 1691 2610 ἀλλὰ
1729 2555 1834 2624 τῆς

247 2634 458 2699 οἰκείας
486 2637 696 2708 τρυφῆς
723 2640 1196 2712 καταψηφίζεσθε,
1233 2645 1356 2716 τῆς,
1404 2646 1481 2712 ὥς
1505 2665 1696 2717 φασιν,
1730 2649 1833 2704 οὐκ

243 2724 456 2779 οἴκοθεν
474 2730 1034 2805 παρασκευαζομένης
1055 2735 1380 2809 (περίψηφοι
1395 2739 1507 2811 γάρ
1522 2740 1692 2812 ἐστε),
1714 2741 1832 2796 ἀλλ’

243 2815 314 2869 ἔκ
340 2814 435 2868 τοῦ
468 2817 779 2889 ἀλλοτρίαις
805 2823 1153 2895 ἐπιρῤίπτειν
1194 2827 1525 2899 τραπέζαις.
1572 2829 1698 2886 Ἐὰν
1721 2831 1833 2906 γὰρ

243 2903 642 2980 διασκεδάσητε
688 2910 787 2981 τὴν
820 2913 1012 2984 ἀχλὺν,
1061 2915 1182 2970 τότε
1237 2917 1436 2989 opus;
1466 2919 1569 2992 τῆς
1617 2903 1835 2996 σωφροζ

245 2995 418 3072 σύνης
448 3000 509 3054 τὺ
531 3001 746 3072 κάλλος,
777 3004 807 3058 ὃ
831 3004 929 3061 νῦν
959 3008 1110 3062 ἐστιν
1137 3007 1270 3080 ὑμῖν
1300 3009 1553 3068 ἀθέατον.

2011 1819 2207 1895 Ingens
2239 1837 2304 1879 ac
2332 1824 2622 1893 continuus
2650 1825 2814 1885 lusus
2852 1844 2976 1886 cum
3015 1831 3084 1886 ad
3111 1847 3354 1892 amorem
3393 1851 3538 1908 pra-

1941 1918 2024 1966 ter
2039 1921 2293 1968 naturam
2316 1913 2559 1978 instruit,
2586 1925 2696 1972 tum
2726 1920 2973 1988 corporis
2996 1935 3218 1980 omnem
3243 1925 3535 1982 sanitatem

1931 2000 2086 2070 juxta
2117 2012 2280 2073 atque
2317 2004 2483 2060 animi
2512 2005 2659 2062 laedit
2693 2009 3057 2066 nobilitatem.
3098 2013 3185 2069 Ab
3214 2014 3317 2072 hoc
3345 2017 3536 2088 itaque

1938 2093 2243 2159 abstinete;
2275 2104 2330 2150 et
2359 2109 2464 2151 non
2482 2096 2727 2168 jejuuiis,
2755 2101 2851 2157 sed
2876 2100 3162 2159 sullicienti
3194 2106 3317 2162 cibo
3345 2110 3535 2166 mode-

1937 2185 2180 2256 ratisque
2213 2186 2422 2241 deliciis
2451 2187 2567 2258 jam
2609 2204 2756 2246 nunc
2800 2193 2879 2247 uti
2939 2197 3258 2252 assuescite.
3294 2196 3385 2253 Sic
3417 2201 3533 2266 (iet,

1939 2284 1998 2328 ut
2024 2274 2164 2328 mala
2195 2275 2378 2331 omnis
2403 2276 2471 2332 de
2520 2277 2674 2334 vobis
2713 2281 2963 2351 evulgata
3015 2297 3195 2341 cesset
3233 2285 3400 2342 fama.
3434 2289 3534 2346 Sin

1936 2379 2067 2421 vero
2119 2367 2171 2421 in
2215 2381 2378 2423 omne
2422 2367 2668 2428 libidinis
2707 2387 2880 2442 genus
2919 2377 3068 2431 velut
3108 2379 3163 2434 in
3205 2380 3533 2449 profundum

1937 2455 2192 2526 abyssum
2247 2459 2622 2529 prmcipitatis,
2673 2464 2815 2520 male
2872 2467 2940 2522 de
2993 2466 3146 2525 vobis
3185 2470 3536 2541 loquentibus

1936 2546 2106 2600 nolite
2161 2547 2477 2619 indignari;
2529 2552 2661 2622 quin
2721 2555 3080 2613 domesticum
3129 2561 3309 2630 potius
3347 2561 3532 2618 luxum

1936 2638 2317 2708 condemnate,
2367 2657 2476 2697 non
2530 2651 2664 2714 tam,
2715 2654 2774 2702 ut
2837 2647 3045 2717 ferunt,
3093 2663 3279 2709 vestro
3313 2665 3531 2724 sumptu

1937 2739 2309 2802 apparatuque
2373 2732 2698 2792 instructum
2730 2735 2920 2810 (parce
2961 2740 3109 2797 enim
3151 2753 3401 2815 sumptus
3453 2745 3536 2802 fa-

1935 2820 2107 2891 citis),
2139 2837 2301 2892 quam
2333 2824 2565 2880 aliorum
2593 2843 2692 2886 vos
2721 2830 3032 2902 ingerentes
3080 2835 3306 2892 mensis.
3348 2833 3535 2903 Quare

1936 2911 1982 2966 si
2023 2911 2166 2968 hanc
2193 2913 2443 2985 caliginis
2473 2920 2671 2974 nubem
2714 2922 3076 2993 dissipabitis,
3116 2939 3347 2984 cernere
3396 2936 3532 2983 tunc

1937 3001 2124 3060 licebit
2170 3010 2565 3078 temperantiae,
2614 3025 2782 3083 quam
2833 3028 2980 3071 nunc
3027 3017 3315 3087 ignoratis,
3365 3032 3535 3077 venu-

1938 3104 2136 3153 etatem
2154 3140 2171 3158 .

242 3215 334 3275 A’.
372 3244 448 3261 —
493 3223 1299 3313 ΕΡΜοΓΕΝειεηοΕρᾼρξιᾳ
1356 3230 1481 3285 ιω
1520 3228 1824 3305 ΔῐΛῙΔΝῼ.

2001 3232 2176 3292 xx-x.
2238 3266 2312 3278 —
2369 3237 3288 3313 trsnuocENthmsouosw,
3359 3245 3452 3304 ET

826 3297 1264 3354 ΕΠΙΣΚΟΠΟΙΣ.

2370 3308 2674 3382 ELIANO,
2730 3311 3106 3370 EPISCOPIS.

1353 3409 1398 3466 Α
1427 3413 1618 3469 uirtute
1641 3427 1747 3470 tres
1769 3418 2102 3473 commendat
2128 3419 2419 3490 episcOpos.

323 3518 388 3572 El
410 3518 485 3590 μὴ
514 3518 548 3590 ἡ
584 3519 870 3593 ὑπερφυὴς
893 3520 1049 3594 ὑμῶν
1073 3523 1244 3598 ἀρετὴ
1274 3523 1580 3597 ἐλέγχουσά
1609 3545 1712 3598 μου
1739 3530 1833 3584 τὸν

249 3608 434 3679 λόγον,
471 3611 565 3665 καὶ
601 3611 696 3667 ἐπὶ
736 3611 845 3667 τῶν
869 3613 987 3680 νῦν,
1025 3615 1220 3689 (πλείω
1257 3615 1367 3689 γὰρ
1415 3616 1587 3692 ἴσασι)
1617 3621 1714 3674 καὶ
1741 3620 1836 3674 ἐπὶ

252 3700 367 3755 τῶν
404 3701 699 3772 ἐσομένων,
751 3703 948 3776 (μείζω
986 3706 1096 3780 γὰρ
1127 3707 1162 3778 ἢ
1207 3708 1621 3783 πιστεύσουσιν)
1661 3713 1837 3767 είπεῖν

250 3793 324 3849 εν
359 3792 630 3866 κατῆλθον
687 3795 769 3860 είς
811 3795 905 3852 τὸν
958 3798 1149 3868 ἀγῶνα
1188 3799 1300 3854 τῶν
1349 3801 1632 3873 ὑμετέρων
1663 3803 1840 3873 ἐγκω-

252 3885 414 3958 μίων.
1099 3923 1102 3926 ~

567 4018 696 4076 Μ’.
734 4049 803 4063 -
825 4021 1169 4096 nti/immo
1189 4021 1513 4098 ΔΙΔΚΟΝῼ.

2011 3531 2126 3588 Nisi
2155 3533 2430 3590 excellens
2453 3544 2630 3593 vestra
2664 3538 2840 3594 virtus
2867 3553 3044 3595 meam
3085 3554 3392 3615 coarguens
3410 3561 3541 3604 ora-

1943 3622 2170 3690 tionem,
2201 3639 2323 3680 cum
2355 3618 2496 3696 apud
2524 3641 2640 3695 eos,
2665 3630 2758 3701 qui
2805 3630 2967 3686 modo
3015 3641 3142 3687 sunt
3183 3634 3362 3705 (plura
3389 3639 3537 3694 enim

1949 3713 2054 3782 ipsi
2097 3714 2325 3787 sciunt),
2355 3727 2469 3772 tum
2501 3721 2642 3788 apud
2676 3728 2926 3788 posteros
2958 3719 3178 3793 (borum
3225 3724 3373 3781 enim
3420 3729 3541 3799 opi-

1945 3802 2110 3858 nione
2143 3803 2296 3874 plura
2324 3805 2495 3873 sunt),
2533 3819 2620 3861 me
2648 3806 2794 3877 loqui
2821 3817 3054 3879 vetaret,
3081 3811 3138 3868 ln
3190 3812 3410 3873 laudum
3446 3832 3541 3874 ve-

1943 3900 2057 3949 stra
2065 3908 2182 3949 rum
2210 3909 2463 3965 campum
2492 3911 2867 3956 excurrerem.

2220 4028 2416 4088 XXXI.
2454 4063 2526 4075 —
2553 4031 2901 4096 PALLADIO
2936 4038 3264 4101 DlACONO.

250 4129 320 4190 S.
350 4129 639 4204 Scriptum
675 4135 1012 4203 inoumbenti,
1059 4153 1165 4192 non
1209 4133 1473 4226 scientite_
1488 4143 1678 4226 cosse,
1724 4156 2050 4226 impensum.
2074 4146 2432 4226 densosque,
2476 4151 2619 4221 quod
2656 4160 2794 4208 estut
2840 4150 3107 4226 Christus,
3155 4167 3404 4216 sanctum
3445 4161 3536 4219 det

1445 4209 1686 4264 canibus.
1722 4206 1939 4279 Confer.
1965 4216 2175 4285 epistol.
2206 4206 2338 4273 332'.

323 4336 519 4392 Πολλοὶ
544 4337 647 4408 μέν
677 4351 863 4407 φασιν,
893 4336 975 4392 ὅτι
1003 4337 1106 4393 οὐκ
1131 4337 1309 4411 ὀρθῶς
1333 4339 1488 4412 βιῶν,
1511 4339 1647 4396 ἀλλά
1681 4358 1837 4414 περι-

253 4427 496 4484 στέλλειν
553 4427 880 4499 βουλόμενος
939 4430 1010 4484 τὰ
1071 4430 1267 4486 ἑαυτοῦ
1343 4432 1691 4503 πταίσματα,
1737 4431 1837 4505 τὴν

254 4517 353 4574 τοῦ
381 4517 689 4590 φιλομαθὴς
743 4512 884 4574 εἶναι
934 4519 1092 4588 δόξαν
1135 4518 1475 4594 θηρώμενος,
1523 4522 1837 4590 ἀκολουθετς

2013 4345 2280 4404 Referuut
2325 4352 2634 4424 complures
2683 4361 2757 4421 te,
2814 4371 2939 4414 cum
2995 4366 3147 4417 recte
3201 4359 3371 4418 vitam
3425 4379 3536 4422 non

1943 4439 2223 4508 instituas.
2298 4444 2396 4499 sed
2454 4454 2546 4502 tua
2598 4448 2859 4521 obtegere
2910 4450 3043 4506 vitia
3104 4452 3348 4524 labores,
3408 4455 3536 4526 glo-

1944 4529 2106 4597 riam,
2137 4536 2295 4603 quasi
2322 4535 2572 4594 discendi
2603 4541 2835 4612 cupidus
2862 4541 2963 4610 sis,
2997 4547 3276 4615 sequendo
3310 4549 3532 4609 sectari.

251 4613 371 4674 τοῖς
406 4611 591 4679 σοφοῖς
609 4627 623 4642 ·
660 4609 772 4679 εγὼ
804 4609 861 4664 δὲ
891 4609 1052 4665 τοῦτο
1077 4609 1179 4683 μιν
1215 4613 1277 4667 οὐ
1309 4614 1567 4685 φήσαιμι,
1598 4613 1736 4670 ἀλλὰ
1768 4615 1836 4688 τῇ

1944 4619 2208 4692 Equidem
2269 4639 2379 4681 non
2427 4626 2500 4682 ita
2534 4609 2779 4696 censeo;
2831 4609 2954 4688 sed,
2981 4609 3358 4705 experimento
3403 4639 3539 4698 edo-

255 4703 428 4775 πείρα
476 4701 686 4773 μαθὼν,
723 4703 807 4758 ὅτι
827 4703 889 4757 οὐ
939 4702 1030 4756 διὰ
1053 4703 1115 4758 τὸ
1143 4703 1343 4758 είδέναι
1369 4704 1440 4759 τὰ
1469 4705 1573 4778 τῆς
1617 4707 1841 4779 Γραφῆς

253 4795 426 4852 ἄδυτα
452 4797 676 4869 ιρευνᾷν
703 4797 999 4868 προσποιῇ.
1017 4794 1155 4850 ἀλλά
1173 4795 1332 4863 δόξαν
1361 4799 1514 4869 παρά
1535 4798 1841 4872 ἀνθρώπων

256 4881 573 4956 μνώμενος·
623 4883 724 4938 οὐκ
759 4884 1165 4957 ἀποκρινοῦμαί
1199 4901 1307 4950 σοι,
1356 4884 1486 4957 θείῳ
1518 4885 1842 4958 πειθόμενος

254 4973 493 5048 χρησμῷ
534 4975 1028 5049 παρακελευομένη)
1077 4978 1153 5050 μὴ
1202 4977 1405 5033 διδόναι
1453 4977 1523 5033 τά
1570 4979 1701 5048 ἅγια
1729 4983 1843 5046 τοῖς

258 5065 580 5139 aecumst
612 5067 828 5140 ῥίπτειν
850 5070 977 5134 τοὺς
1009 5069 1358 5143 μαργαρίτας
1397 5068 1710 5142 ἔμπροσθεν
1733 5070 1842 5127 τῶν

257 5157 480 5231 χοίρων.

330 5334 358 5368 ⁸
393 5333 589 5397 Matth.
631 5351 730 5406 ut,
757 5336 830 5404 6;
873 5354 965 5408 xv,
987 5339 1082 5398 26.

1945 4724 2067 4771 ctus
2095 4730 2239 4782 sum,
2283 4717 2427 4787 quod
2451 4733 2560 4775 non
2585 4729 2646 4776 ut
2673 4735 2974 4793 cognoscas
3003 4735 3251 4784 sanctam
3280 4728 3536 4801 Scriptu-

1944 4818 2083 4873 ram,
2117 4805 2277 4878 adyta
2327 4806 2447 4878 ejus
2497 4813 2832 4880 perscrutari
2876 4829 2989 4885 prae
3041 4825 3095 4872 te
3140 4815 3310 4887 feras,
3337 4821 3434 4878 sed
3475 4830 3539 4880 ut

1944 4888 2159 4945 laudem
2189 4893 2474 4952 hominum
2525 4898 2774 4956 ambiens
2813 4917 2828 4958 :
2864 4917 2972 4959 non
3017 4904 3112 4961 tibi
3146 4909 3416 4966 assentior
3443 4909 3540 4970 Del

1945 4981 2169 5038 oraculo
2197 4997 2514 5055 persuasus,
2547 4989 2640 5059 qui
2661 4989 2819 5061 jubet
2842 5001 3030 5050 sancta
3078 5010 3185 5053 non
3227 5011 3352 5056 esse
3383 5001 3539 5059 cani-

1947 5073 2050 5130 bus
2077 5072 2402 5146 objicienda,
2429 5086 2491 5137 ut
2518 5095 2619 5139 nec
2646 5082 2832 5154 porcis
2856 5086 3184 5160 margaritas
3203 5088 3249 5146 ⁸.

1319 5498 1557 5559 ἾΑΚΙᾹΞ
1588 5503 1976 5566 LECTIONES
2006 5506 2097 5565 ΕΤ
2133 5507 2369 5570 NOTAE.

334 5642 453 5728 $51).
484 5641 637 5728 090d
682 5651 804 5728 998.!
833 5644 1148 5728 ἑλλογὲιιφν
1189 5648 1437 5728 immuto
1475 5648 1691 5722 legitur.
1740 5653 1840 5728 ξη-

259 5715 376 5776 τιῖς
405 5714 560 5769 abest
589 5728 618 5769 a
643 5714 798 5770 codd.
833 5715 954 5771 Vat.
992 5714 1098 5770 650
1120 5731 1174 5772 et
1205 5717 1312 5773 Alt.
1338 5714 1555 5776 Possm:

483 5782 591 5864 _Pro
620 5784 879 5864 liis,_o66_e_
897 5786 1234 5864 caepim
1260 5787 1513 5864 τοιοῦτοχιοΔ
1530 5793 1839 5864 προσίεται,

265 5853 381 5911 Ιιτὲο
413 5853 612 5912 habent
649 5856 812 5920 codd.
837 5855 1008 5914 Vatic.
1030 5853 1142 5912 .650
1173 5866 1228 5914 et
1252 5858 1384 5927 Alt.,
1407 5860 1528 5915 οὐδὲ
1558 5853 1713 5934 λόγον
1744 5853 1838 5920 τοῦ

1951 5659 2205 5734 comicae
2223 5679 2386 5734 προσ.
2419 5662 2497 5718 In.

2021 5730 2132 5807 (5:5)
2171 5728 2282 5788 Pro
2305 5733 2399 5787 ἐπὶ
2425 5735 2517 5788 τὸν
2553 5730 2742 5807 legunt
2775 5737 2869 5792 ῑπὶ
2905 5737 3034 5803 τοὺς
3064 5735 3222 5807 codd.
3271 5735 3388 5794 Vat.
3434 5736 3542 5793 650

1948 5809 2002 5856 et
2031 5800 2139 5856 Alt.
2171 5810 2226 5859 et
2264 5817 2408 5861 vers.
2440 5819 2554 5876 seq.
2593 5800 2692 5878 pro
2720 5806 2900 5880 ἔρωτα
2937 5800 3145 5881 ponunt
3191 5806 3420 5881 ἔρωτας.
3462 5809 3538 5863 In.
