4150 6442
713 407 845 475 1347

987 525 1202 583 XXXII.
1252 555 1316 568 —
1361 523 1637 583 ιειοοιιο
1680 526 1998 586 DIACONO.

1877 414 1936 474 S.
1978 412 2267 474 ISIDORI
2307 412 2742 493 PELUSIO’I‘AZ
3451 461 3478 492 ,

3842 419 3969 482 Ῑῖὶίδ

2741 529 2863 583 Λιιο.
2896 557 2962 568 --
2996 525 3250 599 Ismara
3293 531 3614 604 ΔΙΛΚΟΝῼ.

1165 639 1370 696 Laudat
1401 641 1625 698 Joannis
1665 643 2025 719 Chrysoswmi
2053 647 2104 698 in
2150 644 2306 699 Pauli
2343 645 2631 712 Epistulam
2663 648 2732 701 ad
2773 646 3036 700 Romanos
3066 649 3516 704 commentarium.

776 753 833 809 In
858 755 1257 810 commentario
1288 753 1539 823 Epistolas
1558 758 1893 828 potissimum
1923 760 1990 813 ad
2017 756 2288 813 Romanos

705 846 762 915 (ο
805 843 1008 898 Isidore
1052 843 1181 896 mihi
1207 842 1588 915 cognominis),
1635 844 2022 916 sapientissimi
2065 843 2288 901 Joannis

705 932 972 1004 sapientia
1005 931 1288 986 thesaurus
1315 931 1532 1000 quidam
1585 941 1689 990 est.
1733 934 1824 988 Sic
1852 932 1998 987 enim
2034 935 2286 990 existimo

707 1024 798 1096 (ne
824 1024 944 1093 quis
978 1022 1312 1088 aii-gratiam
1356 1024 1445 1079 hic
1485 1041 1572 1080 me
1612 1025 1756 1094 loqui
1791 1023 1963 1094 putet)
1997 1025 2043 1080 si
2071 1025 2286 1082 divinus

703 1113 899 1168 Paulus
919 1114 1100 1167 Attico
1123 1113 1198 1168 uti
1225 1127 1478 1171 sermone
1501 1116 1779 1182 voluisset,
1809 1131 1914 1186 quo
1947 1117 2028 1173 sui
2053 1117 2285 1174 exsiste-

703 1214 787 1259 rel.
837 1204 1124 1275 interpres,
1186 1220 1293 1262 non
1353 1208 1509 1262 aliter
1562 1209 2043 1277 interpretaturum
2094 1207 2280 1274 fuisse,

703 1310 862 1364 quam
917 1311 1079 1364 supra
1131 1296 1312 1352 dictus
1357 1296 1779 1368 Chrysostomus
1814 1297 1898 1352 vir
1941 1299 2283 1354 venerandus

698 1383 989 1451 praestitit;
1044 1382 1183 1442 adeo
1243 1385 1703 1457 enthymematis,
1759 1386 2046 1442 sententiis
2119 1396 2280 1456 atque

697 1472 963 1528 orationis
994 1473 1283 1546 elegantia,
1327 1476 1720 1546 verberumque
1753 1477 1842 1531 hic
1877 1487 1960 1531 est
1987 1493 2115 1532 usus
2151 1493 2274 1546 pro-

698 1561 949 1632 prielale.

933 1674 1098 1748 564
1130 1673 1366 1730 XXXIII.
1391 1704 1462 1716 —
1490 1674 1697 1730 EIDEM
1737 1673 2030 1733 lSlDORO.

2477 761 2566 814 Ἐν
2593 763 2660 830 τῇ
2688 759 2952 832 ἑρμηνείᾳ
2972 761 3070 830 τῆς
3106 760 3243 831 πρὸς
3279 760 3582 830 Ῥωμαίους
3642 760 3962 830 Ἐπιστολῆς

2396 849 2652 919 μάλιστα,
2717 843 2763 903 ὧ
2803 852 3081 922 ὁμώνυμε,
3139 854 3171 921 ὴ
3237 851 3481 904 Ἰωάννου
3546 849 3642 902 τοῦ
3680 851 3955 920 navari-pou

2393 940 2552 1009 σοφία
2572 940 3018 1012 τεθησαύρισται.
3046 939 3360 1013 Οίμαιγὰρ,
3398 943 3489 996 καὶ
3519 943 3594 1013 μή
3617 942 3704 1006 τίς
3738 960 3810 1012 με
3831 942 3961 1012 πρὸς

2392 1030 2551 1101 χάριν
2602 1030 2782 1100 λέγειν
2815 1030 3105 1102 νομιζέτω,
3157 1031 3238 1085 ὅτι
3271 1034 3320 1086 εἰ
3360 1031 3572 1096 Παῦλος
3610 1031 3640 1084 ό
3681 1033 3958 1096 θεσπέσισς

2402 1120 2651 1192 Ἀττικὴν
2678 1122 2866 1193 εἴληφε
2897 1121 3162 1190 γλῶτταν,
3195 1123 3338 1176 ὥστε
3382 1123 3571 1176 ἑαυτὸν
3607 1121 3958 1196 ἑρμηνεῦσαι,

2390 1211 2490 1264 οὐκ
2541 1211 2608 1265 ἂν
2655 1211 2830 1276 ἄλλως
2875 1215 3244 1285 ἡρμήνευσεν,
3290 1213 3326 1286 ἢ
3381 1214 3458 1278 ὡς
3508 1214 3538 1268 ό
3567 1216 3961 1286 προειρημένος

2390 1302 2630 1372 ἀοίδιμος
2696 1305 2876 1374 ἀνήρ’
2939 1304 3082 1358 οὕτω
3134 1305 3230 1357 καὶ
3279 1304 3645 1376 ἐνθυμήμασι,
3693 1305 3809 1374 (54)
3872 1307 3962 1357 καὶ

2387 1391 2594 1455 κάλλει,
2627 1394 2720 1446 καὶ
2755 1393 3066 1466 κυριολεξίᾳ
3102 1394 3496 1466 κεκόσμηταιή
3517 1394 3805 1465 ἑρμηνεία.

2871 1680 2994 1733 ΛΡ.
3021 1709 3090 1718 -
3121 1679 3208 1750 Τῼ
3254 1678 3458 1749 arra.

1387 1788 1532 1845 Laus
1557 1791 1732 1845 sancti
1769 1807 1831 1845 ac
1859 1789 2044 1844 diserti
2081 1789 2312 1846 doctoris
2369 1791 2557 1862 (Forte
2581 1787 2816 1860 eiusdem
2851 1791 3258 1866 Chrysostomi).

766 1901 927 1960 Incidi
951 1902 1092 1960 forte
1119 1902 1172 1958 in
1201 1913 1446 1958 sanctum
1477 1904 1676 1970 virum,
1707 1903 1858 1973 cujus
1884 1902 2131 1960 docentis
2159 1918 2282 1960 ocu-
2312 1896 2353 1950 Β

694 1993 776 2067 lus
794 1993 1073 2064 praeferret
1090 1991 1424 2060 maiestatem
1453 2007 1517 2048 ac
1535 1993 1876 2063 sapientiam.
1890 1993 2120 2049 Aculeos
2133 1993 2274 2049 enim

693 2083 953 2153 plurimos
993 2085 1219 2154 dicendo
1265 2083 1538 2152 inﬁgebat.
1577 2083 1939 2160 Supercilium
1977 2099 2105 2140 vero
2149 2100 2274 2140 ocu-

689 2175 865 2230 lorum
895 2189 1104 2242 eorum,
1141 2189 1260 2245 qua:
1309 2175 1656 2242 docerentur,
1689 2186 1925 2231 mentem
1962 2176 2270 2232 exhibebat.

688 2264 744 2322 Is
759 2275 989 2336 quantus
1015 2275 1249 2337 quantus
1277 2276 1382 2334 est,
1413 2277 1472 2322 ut
1499 2269 1570 2322 ita
1601 2269 1798 2334 dicam,
1832 2268 1982 2322 utilia
2009 2269 2270 2336 spirabat,

689 2374 813 2414 cum
865 2369 1046 2427 posset
1097 2373 1219 2415 eum
1261 2359 1611 2416 cernentibus
1669 2359 1950 2430 sapientiae
2006 2359 2272 2415 instillare

689 2464 952 2504 altiorem.

2465 1908 2741 1980 Ἐνέτυχόν
2776 1925 2904 1962 ποτε
2937 1906 3093 1978 ἀνδρὶ
3145 1906 3308 1977 ἁγίῳ,
3362 1898 3422 1961 οὗ
3450 1904 3509 1958 τὸ
3553 1903 3653 1976 μὲν
3693 1903 3848 1975 όμμα
3880 1902 3954 1957 δι-

2377 1999 2670 2062 δάσκοντος
2703 1998 2933 2068 φοϐερὸν
2967 1996 3230 2067 ἐτύγχανε
3259 1996 3353 2050 καὶ
3404 1995 3586 2065 σοφόν.
3619 1984 3824 2048 ’Πολλὰ
3850 1996 3954 2064 γὰρ

2379 2090 2529 2162 αὐτῷ
2585 2086 2656 2162 ἦν
2701 2090 2838 2161 πρὸς
2881 2088 2974 2143 τὸν
3021 2088 3178 2155 λόγον
3225 2087 3294 2140 τὰ
3338 2087 3570 2157 κέντρα·
3613 2086 3648 2156 ἠ
3694 2084 3752 2138 δὲ
3786 2084 3953 2154 ὀφρῦς

2377 2182 2835 2254 ὑπερδεδλημένη
2867 2182 2979 2243 τοῖς
3015 2179 3315 2250 ὀφθαλμοῖς
3364 2177 3682 2248 διεσήμαινε
3715 2174 3808 2229 τὸν
3833 2174 3952 2228 νοῦν

2376 2270 2486 2325 τῶν
2514 2271 2881 2342 διδαγμάτων.
2911 2270 3019 2322 Καὶ
3046 2268 3188 2335 ὅλος,
3216 2267 3291 2331 ὡς
3311 2266 3437 2331 ἔπος
3455 2267 3652 2330 εἰπεῖν,
3687 2264 3948 2334 ὠφελείας

2375 2360 2555 2426 ἔπνεε,
2584 2360 2754 2414 δεινὸν
2779 2361 2891 2422 τοῖς
2913 2356 3113 2429 ὁρῶσιν
3137 2357 3300 2420 ἐνιεὶς
3331 2355 3432 2427 τῆς
3459 2355 3611 2418 θείας
3646 2354 3839 2424 σοφίας
3863 2356 3949 2430 τὸν

2375 2453 2574 2524 ἔρωτα.

687 2558 929 2621 XXXIV.
982 2591 1051 2603 -
1098 2559 1371 2625 ZOSIMO,
1433 2559 1726 2628 HARONI,
1782 2559 2121 2616 PALLADIO
2183 2561 2268 2615 ET

2443 2566 2564 2618 ΛΝ.
2628 2594 2692 2604 --
2766 2563 3430 2686 ΖΩΣίΝῙῇΫῩῌέἆὲΝΙ,
3504 2559 3880 2630 ΠΛΛΛΑΔΙῼ,

1269 2629 1685 2688 EUSTATIHO.
2991 2629 3126 2687 ΕΥΣ

3130 2633 3350 2702 metu.

1795 2743 1833 2796 Λ
1875 2743 2002 2797 mali
2031 2743 2282 2800 societate
2313 2745 2575 2810 improbos
2605 2745 2857 2801 deterret.

755 2857 890 2913 Cum
923 2855 1191 2911 audissem
1255 2866 1352 2910 vos
1400 2855 1546 2910 feras
1603 2854 1944 2909 immanitate
1987 2869 2266 2925 superare,

2448 2857 2758 2927 Πυθόμενος
2813 2857 2896 2911 ὅτι
2949 2855 3122 2928 θῆρας
3170 2855 3486 2928 ὠμοδόρους
3541 2858 3947 2933 ὑπερϐαλλόμε-

678 2955 853 3018 ‘atque
881 2947 1028 3002 omni
1078 2945 1220 3001 bello
1255 2960 1442 3017 pacem
1491 2944 1859 3001 molestiorem
1897 2945 2103 3003 [cedere
2153 2947 2269 3017 ipso

2377 2964 2476 3012 νοι,
2545 2947 2639 3000 καὶ
2693 2945 2932 3016 πολέμου
2978 2945 3183 3009 παντὸς
3239 2945 3659 3019 ἀργαλεωτέραν
3722 2952 3943 3024 εἰρήνην

687 3043 825 3096 inter
846 3054 941 3096 vos
969 3053 1226 3108 percusso
1264 3047 1472 3108 pactos,
1520 3038 1704 3093 mitem
1751 3051 1814 3093 ac
1853 3037 2122 3107 placidum
2168 3041 2269 3094 ho-

2377 3039 2733 3107 σπεισάμενοι
2793 3037 2928 3108 πρὸς
2984 3037 3246 3100 ἑαυτοὺς,
3312 3039 3487 3108 πρᾷον
3534 3039 3628 3092 καὶ
3687 3043 3944 3114 μειλίχιον

688 3134 910 3197 minem,
943 3131 1033 3201 qui
1059 3131 1160 3184 sibi
1195 3130 1425 3200 aliisque
1452 3132 1715 3200 prodesse
1747 3116 2112 3196 consueverit,
2140 3146 2268 3186 con-

2376 3128 2686 3199 ἄνθρωπον,
2722 3127 2818 3182 καὶ
2841 3127 3032 3181 ἑαυτὸν
3060 3128 3155 3181 καὶ
3205 3126 3395 3191 ἄλλους
3437 3130 3667 3200 ὠφελεῖν
3691 3134 3938 3200 εἰωθότα,

689 3222 971 3276 t:nneliose
996 3222 1238 3291 accipere
1263 3236 1422 3277 ausos
1455 3236 1550 3276 vos
1580 3235 1721 3286 esse,
1763 3220 1888 3276 talia
1919 3222 1966 3277 ei
2001 3221 2259 3284 dicentes,

2371 3217 2682 3288 λοιδορῆσαι
2726 3216 2828 3268 οὐκ
2881 3214 3186 3286 ὲφοϐήθητε
3245 3216 3430 3269 ἐκεῖνα
3481 3217 3629 3288 αὐτῷ
3675 3215 3939 3285 εἰπόντες,

686 3327 806 3383 qua:
829 3314 880 3365 in
921 3326 1012 3365 vos
1036 3311 1212 3381 potius
1228 3307 1427 3378 iactata
1451 3313 1817 3382 quadrarent;
1867 3313 2117 3384 equidem
2141 3327 2262 3366 cum

2367 3311 2468 3364 ὅσα
2502 3309 2631 3373 ὑμῖν
2674 3306 2913 3377 ἔπρεπεν
2951 3304 3217 3359 ἀκοῦσαι·
3253 3305 3376 3359 λίαν
3410 3323 3469 3360 τε
3505 3307 3651 3378 ὑμᾶς
3677 3310 3942 3382 κατεθρή-

682 3402 937 3472 lact-ymis
962 3402 1204 3468 deploro.
1235 3399 1413 3466 Quare
1448 3401 1620 3458 malos
1667 3410 1831 3472 atque
1867 3402 2144 3472 improbos
2170 3417 2265 3456 vos

2367 3399 2632 3470 Vn31,_3‘ﬂ
2663 3397 2772 3449 οὐδ’
2821 3397 2870 3448 ει
2902 3394 3015 3465 (55)
3052 3394 3161 3449 τῶν
3206 3394 3394 3450 κακῶν
3441 3397 3568 3451 ὲστε
3597 3399 3896 3467 γινώσκετε
3918 3415 3932 3431 ⁸

684 3505 806 3546 esse
837 3491 1174 3563 ignorantes,
1205 3493 1414 3548 discere
1447 3494 1658 3547 tandem
1696 3505 1753 3547 ιιι
1803 3493 1981 3550 velitis
2012 3493 2260 3550 obsecro.

1119 3603 1338 3660 XXXV.
1368 3634 1436 3656 -ι-
1467 3602 1813 3661 DIONYSIO.

2370 3488 2630 3560 μαθόντες
2655 3485 2836 3540 τοίνυν
2869 3487 3219 3556 ἀνενέγκατε.

2819 3598 2946 3654 ΛΕ’.
3008 3629 3078 3640 -
3146 3601 3484 3673 ΔιυΝΥΣιο.

1366 3713 1562 3770 Suadet
1597 3718 1796 3771 oratori
1831 3726 1890 3772 ut
1925 3720 2166 3773 virtutem
2189 3757 2204 3784 ,
2236 3729 2393 3789 quant
2419 3711 2606 3778 verbis,
2633 3711 2802 3780 τείρεα
2829 3710 2988 3764 etiam
3015 3723 3249 3766 exornet.

751 3829 926 3884 Audio
975 3828 1178 3898 optime
1207 3843 1366 3883 nosse
1408 3837 1462 3884 te
1493 3844 1692 3883 vanam-
1718 3807 1971 3900 aucupari
2005 3830 2253 3902 gloriam,

2429 3823 2780 3894 Πυνθάνομαι
2809 3823 2890 3876 ὅτι
2922 3823 3226 3889 δεινότατος
3254 3825 3367 3897 (56)
3412 3822 3467 3880 εἴ
3493 3830 3926 3900 σχηματίσασθαι

681 3934 735 3976 et
760 3920 1068 3990 opinionem
1109 3933 1214 3973 non
1247 3920 1380 3975 satis
1432 3929 1481 3977 te
1510 3921 1724 3991 dignam
1753 3921 2051 3992 collegisse.
2079 3921 2258 3988 Quare

2357 3914 2516 3979 δόξαν
2549 3913 2765 3983 καινὴν,
2801 3913 2894 3967 καὶ
2930 3915 3198 3986 ὑπόληψιν
3244 3917 3398 3970 οὐδέν
3427 3934 3510 3970 σοι
3550 3923 3926 4002 προσήκουσαν

683 4013 726 4066 si
785 4011 1122 4066 venerandus
1188 4011 1282 4066 tibi
1343 4012 1560 4067 virtutis
1616 4012 1832 4068 habitus
1863 4013 2095 4078 videtur,
2129 4011 2258 4082 quin

2363 4001 2741 4073 συλλέξασθαι.
2800 4002 2864 4054 Et
2903 4002 3081 4058 τοίνυν
3117 4005 3177 4058 τὸ
3209 4005 3396 4078 σχῆμά
3447 4023 3530 4061 σοι
3580 4001 3679 4079 τῆς
3734 4010 3928 4082 ἀρετῆς

680 4096 808 4157 huic
857 4105 953 4156 das
1001 4118 1258 4171 operam;
1299 4105 1392 4158 sed
1436 4112 1495 4158 tu
1535 4104 1710 4160 fructu
1749 4104 1992 4175 neglecto
2031 4103 2174 4158 foliis
2210 4114 2261 4159 te

2361 4096 2639 4165 αἰδέσιμον
2680 4093 2952 4163 φαίνεται,
3011 4095 3155 4150 διατι
3211 4099 3288 4168 μὴ
3359 4100 3460 4170 τὴν
3516 4100 3717 4172 ἀρετὴν
3764 4103 3928 4174 αὐτὴν

677 4203 934 4267 ex_orna5.
970 4194 1247 4263 Siquidem
1274 4195 1436 4250 etiam
1473 4196 1524 4248 in
1559 4194 1834 4251 laboribus
1861 4195 2019 4262 radix
2050 4194 2258 4265 quidem

679 4301 887 4350 amara,
931 4294 989 4338 ut
1041 4286 1132 4340 ille
1167 4287 1265 4350 ait,
1305 4285 1508 4355 fructus
1542 4302 1662 4342 vero
1704 4285 1876 4342 dulcis
1920 4286 2046 4341 inde
2096 4295 2259 4354 atque

680 4376 927 4446 amabilis
954 4376 1188 4432 exsistit.

1114 4562 1352 4618 XXXVI.
1386 4592 1459 4603 —
1485 4563 1811 4621 NEMESIO.

2363 4191 2592 4256 ἀσκεϊς;
2655 4188 2815 4242 Ἀλλὰ
2868 4188 2962 4242 τοῦ
3007 4190 3221 4260 καρποῦ
3272 4191 3511 4263 ἀμελῶν,
3559 4196 3672 4256 τοϊς
3713 4194 3925 4264 φύλλοις

2365 4281 2644 4353 σεμνύγῃς
2673 4282 2738 4335 Ei
2769 4283 2878 4352 γὰρ
2929 4283 3023 4336 καὶ
3047 4283 3133 4336 διὰ
3166 4285 3293 4348 τοὺς
3342 4286 3536 4349 πόνους
3575 4286 3613 4353 ὴ
3647 4285 3788 4356 ﬁlia
3806 4288 3922 4341 τισί

2363 4374 2548 4442 πικρὰ
2596 4370 2734 4428 εἶναι
2787 4374 2956 4438 δοκεῖ,
3011 4373 3150 4429 ἀλλ’
3191 4379 3225 4429 ό
3279 4378 3508 4446 καρπὸς
3551 4379 3784 4448 γλυκὺς
3831 4381 3924 4432 καὶ

2361 4468 2644 4539 ἐράσμιος.

2805 4583 2945 4648 AG’.
2997 4613 3067 4624 —
3137 4582 3464 4657 ΝΕΜΕΣιῼ.

1136 4697 1217 4750 Ad
1246 4699 1571 4780 paupertatis
1609 4698 2140 4753 hortaturstudium.
2178 4695 2392 4752 Divitiw
2421 4706 2476 4749 ut
2510 4695 2793 4768 Babylonis
2821 4705 3001 4752 statua
3028 4713 3130 4752 non
3163 4699 3465 4755 adoraudw.

754 4785 874 4841 Prae
904 4785 1152 4840 omnibus
1177 4787 1471 4854 abundare,
1505 4791 1784 4860 magisque
1815 4790 1990 4860 regios
2017 4803 2135 4845 esse
2163 4803 2255 4845 eos

679 4893 894 4958 censeo,
917 4879 1006 4949 qui
1027 4878 1329 4933 divitiarmn
1359 4882 1705 4952 cupiditatem
1738 4883 2037 4947 calcarunt,
2058 4883 2254 4952 quibus

683 4970 1023 5026 annumerari
1058 4973 1203 5026 omni
1229 4988 1332 5044 ope
1355 4976 1662 5031 adnitamur
1701 4994 1713 5031 :
1758 4977 1971 5032 tametsi
2010 4977 2254 5047 plerique

684 5062 1019 5130 tyrannidem
1065 5063 1179 5129 ejus
1208 5066 1355 5119 velut
1403 5074 1636 5121 statuam
1683 5068 2099 5139 Babyloniorum
2159 5072 2255 5125 ad-

685 5153 1008 5206 amaverint.
1053 5151 1161 5209 Nos
1192 5171 1318 5211 vero
1342 5158 1504 5212 trium
1535 5158 2250 5228 puerorum"r0burimitali,

681 5243 782 5296 etsi
817 5244 1089 5299 turbarum
1131 5260 1290 5302 voces
1341 5263 1404 5303 ac
1443 5250 1770 5317 ﬁstularum,
1832 5250 2100 5320 totiusque
2129 5268 2248 5308 mu-

811 5396 942 5452 Dan.
985 5415 1069 5465 ιιι,
1105 5397 1129 5450 1
1163 5412 1314 5470 seqq.

2437 4803 2657 4858 Πάντων
2697 4805 3108 4877 εὐπορωτέρους
3155 4807 3407 4879 ὁρίζομεν
3457 4804 3597 4864 εἶναι
3637 4815 3728 4866 καὶ
3775 4814 3919 4885 βασι-

2360 4890 2690 4964 λικωτέρους
2716 4894 2840 4958 τοὺς
2871 4894 2960 4948 τὸν
3007 4895 3184 4966 ἔρωτα
3227 4895 3320 4950 τοῦ
3353 4899 3583 4952 πλούτου
3615 4909 3920 4976 καταπατή-

2360 4999 2580 5049 σαντας,
2628 4985 2701 5038 ὠν
2747 4985 2910 5038 παντὶ
2962 4983 3138 5039 σθένει
3186 4988 3487 5061 ἐναρίθμιοι
3538 4994 3919 5064 σπουδάσωμεν

2359 5073 2639 5142 γενέσθαιο
2671 5076 2718 5126 εί
2745 5075 2851 5146 γὰρ
2887 5076 2980 5130 καὶ
3023 5070 3207 5132 πολλοὶ
3254 5081 3354 5152 τὴν
3386 5083 3576 5137 τούτου
3611 5087 3915 5157 τυραννίδα,

2359 5164 2613 5237 καθάπερ
2644 5165 2741 5236 τὴν
2765 5167 2947 5219 εἰκόνα
2973 5168 3064 5221 τοῦ
3101 5169 3438 5226 Βαϐυλωνίου
3463 5177 3876 5248 προσεκύνησαν
3902 5195 3913 5207 ·

2360 5255 2475 5308 ἀλλ’
2540 5257 2702 5326 ἡμεῖς
2762 5259 3133 5330 μιμησάμενοι
3194 5263 3300 5318 τῶν
3350 5267 3515 5339 τριῶν
3572 5269 3773 5326 παίδων
3827 5273 3916 5340 τὴν

1815 5520 2046 5619 vanu:
2086 5564 2468 5625 LECTIONES
2508 5570 2594 5627 ET
2633 5573 2862 5630 nam.

755 5716 863 5794 _(5i)
914 5717 1055 5794 Inter
1096 5719 1440 5794 ἐνθυμήμασι
1500 5734 1549 5778 et
1594 5726 1684 5778 καὶ
1739 5727 1856 5783 cod.
1908 5727 2015 5784 All.
2057 5729 2244 5786 inserit

679 5787 928 5855 νοήματι.
970 5787 1177 5844 Possm.

2426 5733 2536 5805 (55‘)
2578 5733 2644 5814 (li
2664 5739 2904 5814 scribunt
2930 5756 3026 5814 pro
3063 5746 3109 5798 εἰ
3151 5747 3308 5803 ambo
3341 5749 3493 5804 codd.
3539 5750 3707 5811 Vatic.
3739 5756 3838 5810 650
3865 5767 3910 5814 et

2357 5804 2662 5864 Altaemsis.
2697 5808 2773 5864 lo.
