4150 6500
205 503 344 569 1349
1115 494 1652 558 EPISTOLARUM
1697 495 1839 554 LIB.

1896 496 1964 554 ν.
2000 519 2069 529 --
2110 493 2348 554 EPIST.
2392 493 2702 575 XXXIX”
2773 579 2785 588 _
3367 491 3506 558 1350

198 615 446 688 ἀνδρίαν,
497 617 597 671 κᾶν
634 614 811 686 φωναὶ
851 610 964 684 (57)
1019 607 1338 678 σαλπίγγων
1369 611 1464 663 καὶ
1491 609 1796 680 συρίγγων,
1833 655 1839 670 ,

1903 609 2035 665 sica:
2080 610 2214 666 artis
2246 624 2348 679 per
2386 623 2515 664 aera
2555 602 2747 664 delatie
2794 608 3023 664 auribus
3071 607 3502 670 circumsonent.

199 709 299 763 καὶ
334 708 516 777 πάσης
557 709 827 780 μουσικῆς
880 704 1019 776 πρὸς
1067 702 1162 756 τὸν
1227 701 1426 771 αἰθέρα
1482 703 1796 772 φερομένης

199 801 547 871 περιηχῶσιν
605 799 768 871 ἡμῶν
845 798 943 859 τὰς
989 794 1157 858 ἀκοὰς
1191 794 1326 866 (58),
1414 794 1509 847 καὶ
1565 793 1808 864 κάμινος·

200 893 396 957 πενίας
422 891 758 957 ἀνακαίοιτο,
811 890 884 961 μὴ
919 889 1279 958 προσέχωμεν
1318 888 1433 949 τοῖς
1466 885 1794 956 τυμπάνοις,

205 986 342 1056 μηδὲ
358 988 469 1049 τοῖς
485 983 844 1055 αὑλοῑς,’μηδέ
857 983 923 1052 τῇ
941 981 1103 1052 λοιπῇ
1128 978 1221 1032 τοῦ
1248 977 1480 1031 πλούτου
1500 970 1792 1049 φαντασίᾳ.

214 1077 378 1132 ’Δλλὰ
412 1077 510 1131 κᾶν
542 1081 620 1139 εἰς
647 1076 878 1146 κάμινον
911 1075 1173 1143 ἐμπεσεῖν
1199 1070 1295 1143 δέῃ
1317 1109 1333 1136 ,
1359 1069 1637 1140 πτωχείαν
1662 1067 1796 1122 ἐλώ-

205 1163 371 1235 μεθα,
404 1167 542 1220 ὥστε
581 1164 662 1234 μὴ
694 1161 1076 1232 προσκυνῆσαι
1101 1157 1317 1229 ἐκείνῳ,
1352 1159 1450 1212 καὶ
1484 1158 1638 1211 ἔσται
1660 1160 1792 1230 ἡμῖν

199 1259 236 1327 ἠ
285 1256 596 1325 φιλοσοφία,
638 1253 875 1309 ἐνταῦθα
920 1253 1020 1324 μὲν
1063 1251 1254 1322 ῶσπερ
1307 1251 1499 1322 δρόσος
1548 1253 1607 1304 ἐν
1639 1250 1792 1321 μέσῳ

199 1347 612 1420 διασυρίζουσα,
644 1347 738 1400 καὶ
771 1344 1086 1416 ἐλευθερίαν
1113 1344 1333 1397 ἃπασαν
1365 1344 1653 1410 ὠδίνουσα,
1679 1346 1798 1398 ἐκεῖ

200 1438 262 1493 δὲ
303 1441 425 1503 τοὺς
451 1440 752 1508 στεφάνους
772 1439 868 1507 τῆς
906 1436 1185 1506 ὑπομονῆς
1216 1436 1632 1499 ἀποτίκτουσαη

506 1553 629 1606 AZ'.
671 1581 738 1592 —-
772 1541 1477 1621 ΛΕΟΝΤῙῼἙΠΙΣΚΟΠῼ.

1899 714 1952 760 et
1985 703 2176 759 fornax
2224 703 2421 774 inepiae
2452 703 2806 770 accendatur,
2853 717 2918 758 ne
2952 702 3228 774 tympanis
3258 700 3508 756 attenda-

1901 813 2044 861 mus,
2105 811 2281 866 neque
2335 796 2518 865 tybiis,
2574 809 2640 849 ac
2693 808 2761 848 ne
2809 778 3039 864 reliquis
3079 793 3295 864 quidem
3340 805 3504 861 opum

1899 889 2324 958 phantasmatis.
2351 888 2456 943 Sed
2486 887 2588 944 etsi
2627 887 2679 941 in
2717 887 2994 941 caminum
3048 883 3389 955 projiciendi-
3415 897 3505 938 su-

1900 997 2043 1046 mus,
2072 981 2476 1037 mendicitatem
2504 994 2662 1050 aequo
2685 979 2927 1034 feramus
2956 979 3161 1042 animo,
3193 987 3252 1031 ut
3281 992 3350 1032 ne
3376 990 3510 1047 opes

1900 1074 2118 1143 quidem
2156 1074 2468 1128 adoremus.
2498 1071 2590 1127 Sic
2642 1073 2748 1127 erit
2799 1073 2916 1127 haec
2967 1071 3132 1125 nobis
3163 1068 3507 1140 philosOphia

1901 1165 2274 1229 cxinde,velut
2309 1180 2400 1220 ros
2422 1164 2474 1218 in
2510 1165 2690 1218 medio
2723 1162 2942 1217 sibilum
2979 1163 3150 1218 edens
3169 1160 3223 1228 .',
3254 1173 3505 1217 omnem~

1901 1271 2005 1325 que
2032 1259 2258 1329 gignens
2283 1256 2618 1322 libertatem,
2654 1254 2838 1324 ibique
2877 1268 3114 1310 coronas
3139 1251 3375 1308 alferens
3401 1266 3499 1320 pa-

1900 1351 2130 1406 tientite.

2045 1547 2212 1635 565
2260 1543 2529 1604 XXXVII.
2561 1581 2630 1591 —
2667 1546 2969 1608 LEONTIO
3006 1544 3361 1603 EPISCOPO.

349 1645 422 1700 De
455 1647 601 1699 bonis
640 1647 948 1714 presbyteris
981 1655 1167 1698 contra
1200 1644 1369 1697 malos
1402 1644 1703 1712 disseritur,
1739 1647 1932 1718 quique
1970 1661 2152 1702 eorum
2183 1661 2239 1698 se
2269 1654 2516 1698 excusent
2541 1644 2802 1705 exemplo.
2840 1641 3051 1711 Confer.
3085 1641 3238 1708 epist.
3268 1639 3360 1692 Ἣ.

276 1759 340 1812 Εἰ
373 1760 474 1830 μὲν
505 1759 615 1812 τῶν
665 1756 986 1828 ἀρχομένων
1027 1757 1181 1819 τινὰς
1215 1757 1497 1828 ἐχειροῦτο
1527 1761 1559 1829 ἡ
1590 1760 1796 1824 κακία,

199 1853 358 1906 οὐδὲν
390 1851 523 1922 (χρὴ
551 1851 657 1920 γὰρ
687 1849 894 1920 τάληθῆ
926 1848 1106 1918 λέγειν
1129 1847 1150 1920 )
1173 1847 1236 1902 ἂν
1260 1845 1328 1919 ἦν
1352 1849 1576 1912 τοσοῦτο
1600 1849 1794 1918 δεινὸν,

1982 1758 2039 1814 Si
2065 1759 2284 1827 quidem
2322 1757 2667 1814 subditorum
2697 1756 3024 1828 quibusdam
3056 1755 3376 1825 improbitas
3408 1753 3506 1809 do-

1908 1851 2169 1915 minetur,
2223 1849 2358 1920 nihil
2399 1849 2608 1920 (verum
2664 1856 2747 1904 est
2795 1848 2940 1924 enim
2989 1845 3394 1919 proferendum)
3438 1859 3506 1900 eo

201 1945 413 2013 καίπερ
438 1942 497 1995 ὃν
527 1937 720 1996 δεινόν.
755 1940 977 2010 Ἐπειδὴ
999 1941 1054 1993 δὲ
1079 1940 1326 2011 ἕρπουσα
1351 1942 1486 2010 πρὸς
1509 1941 1574 1994 τὰ
1597 1942 1795 2012 χείρω,
1832 1942 1839 1995 1

1906 1941 2078 2010 magis
2114 1949 2199 1994 est
2237 1955 2426 2010 grave,
2467 1938 2696 1995 tametsi
2749 1937 2821 1994 sit
2855 1953 3042 2008 grave.
3085 1938 3222 1992 Cum
3271 1951 3399 1992 vero
3436 1937 3505 1990 ad

202 2034 300 2089 καί
324 2051 471 2097 τινας
495 2033 600 2086 τῶν
637 2030 890 2102 ἱερᾶσθαι
908 2031 1181 2100 λαχόντων
1207 2030 1582 2084 ἐπιδόσκεταν
1606 2033 1708 2086 καὶ·
1724 2033 1799 2096 ὡς

200 2126 487 2196 γέγραφας
511 2125 606 2192 (τὸ
628 2126 735 2178 τῶν
765 2125 949 2178 κακῶν
973 2125 1293 2192 κεφάλαιον,
1322 2125 1418 2177 καὶ
1453 2125 1634 2195 πάσης
1662 2142 1800 2196 συμ-

201 2220 377 2289 φορᾶς
396 2217 713 2287 βαρύτερον)
738 2216 1055 2285 ἀπολογίαν,
1079 2218 1179 2270 οὐκ
1195 2213 1292 2269 οἷδ’
1310 2217 1479 2282 ὅπως,
1506 2216 1667 2272 τοῦτο
1685 2221 1798 2281 τοῖς

200 2309 464 2377 ὑπηκόοις
495 2308 690 2359 τίκτει.
728 2307 1100 2359 Ἀκονέτωσαν
1129 2307 1176 2358 οἱ
1207 2305 1381 2361 ταῦτα
1408 2306 1681 2374 λέγοντες,
1718 2306 1792 2378 μὴ

197 2402 313 2461 τοῖς
341 2397 528 2460 κακῶς
552 2397 872 2468 ἱερωμένοις
892 2399 1271 2468 παραμετρεῖν
1295 2399 1384 2450 τὸν
1419 2399 1623 2452 οίκεῖον
1656 2398 1792 2468 βίον,

198 2490 340 2542 ἀλλὰ
375 2492 494 2552 ταῖς
546 2489 811 2554 ἐντολαῖς.
869 2489 930 2543 ’0
965 2489 1076 2559 γὰρ
1113 2490 1308 2560 κριτὴς
1357 2491 1653 2554 ἀδέκαστος
1696 2489 1794 2557 ὣν,

198 2581 499 2649 ἀπολογίαν
543 2580 736 2649 ἄλογον
771 2583 832 2634 οὐ
867 2581 1098 2646 δέξαιτο,
1132 2581 1248 2634 ἀλλ’
1279 2584 1395 2652 ἐρεῖ
1423 2583 1675 2657 μάλιστα,
1695 2583 1796 2654 μὲν

195 2674 283 2726 ὅτι
331 2673 443 2742 (59)
491 2673 682 2725 πολλοὶ
731 2673 840 2725 τῶν
889 2675 1206 2743 ἱερωμένων
1260 2675 1660 2744 ηὐδοκίμησαν,
1713 2671 1795 2737 οἷς

199 2766 372 2835 ἐχρῆν
403 2766 769 2836 προσέχοντας
806 2766 952 2836 ὑμᾶς
985 2767 1078 2820 τὸν
1110 2766 1234 2819 νοῦν
1263 2766 1558 2837 διορθῶσαι
1589 2767 1681 2820 τὸν
1714 2768 1792 2820 οἰ-

198 2860 351 2909 κεῖον
397 2854 529 2924 βίον.
575 2856 795 2926 Ἐπειδὴ
829 2856 882 2908 δὲ
916 2857 1236 2927 ἐφωράοητε
1267 2857 1368 2926 τῆς
1408 2858 1606 2920 κακίας
1640 2857 1792 2924 ὄντες

197 2949 462 3018 ἐρασταὶ,
507 2947 562 3014 ἐξ
590 2942 663 3001 ὧν
694 2947 755 3000 οὐ
784 2951 894 3010 τοῖς
925 2949 1312 3018 ἀριστεύσασιν
1346 2950 1553 3013 ἀτενῶς
1617 2967 1792 3023 προσ-

201 3043 501 3109 εσχήγατε,
524 3040 658 3093 ἀλλὰ
687 3043 798 3103 τοῖς
828 3041 1110 3105 πταίσασι,
1146 3043 1518 3113 κάκεῖνοι-μὲν
1560 3043 1790 3098 δώσουσι

195 3129 357 3200 δίκην
397 3130 552 3194 ἀξίαν
594 3124 670 3184 ὧν
712 3130 968 3201 ἔδρασαν,
1003 3130 1098 3182 καὶ
1149 3132 1306 3200 ὑμεῖς
1357 3133 1543 3204 ἐπειδὴ
1589 3135 1791 3205 ἀρετὴν

194 3222 531 3292 ήτοιμάσατε
568 3222 714 3291 (60),
770 3222 864 3273 καὶ
895 3221 1094 3275 κακίαν
1126 3223 1450 3291 ἡσπάσασθε
1475 3263 1490 3287 ,
1525 3225 1618 3278 καὶ
1665 3224 1798 3279 οὔτε¹

1903 2032 2174 2087 deteriora
2229 2045 2432 2102 urgens
2472 2032 2639 2085 etiam
2682 2030 2974 2086 sacerdotii
3021 2043 3226 2084 sortem
3278 2028 3505 2099 adeptos

1901 2125 2230 2194 depascitur,
2266 2134 2342 2190 et,
2384 2133 2441 2178 ut
2475 2123 2678 2178 scribis
2707 2123 2874 2193 (quod
2919 2123 2997 2177 rei
3038 2131 3202 2190 caput
3243 2121 3505 2190 omnique

1903 2214 2100 2269 datituo
2127 2215 2394 2285 gravius),
2441 2213 2814 2270 defensionem
2856 2213 3380 2281 excusationemque
3409 2224 3504 2265 ne-

1901 2308 2017 2362 scio
2047 2307 2321 2376 quomodo
2365 2307 2468 2361 hoc
2503 2306 2846 2361 auditoribus
2896 2306 3063 2376 parit.
3111 2305 3372 2366 Audiant,
3408 2300 3502 2374 qui

1897 2395 2025 2451 talia
2059 2397 2270 2461 dicunt,
2303 2411 2373 2451 ne
2416 2396 2748 2451 conformari
2780 2398 2905 2452 vita:
2938 2398 3205 2451 malorum
3239 2392 3500 2449 sacerdo—

1900 2496 2012 2540 tum
2048 2501 2202 2541 suam
2239 2488 2406 2542 vitam
2455 2489 2647 2557 velint,
2690 2490 2786 2546 sed
2834 2489 3015 2559 potius
3060 2488 3370 2558 praeceptis.
3413 2485 3502 2540 In-

1899 2588 2190 2648 corruptus
2223 2580 2368 2634 enim
2417 2580 2583 2650 judex
2626 2584 3042 2636 excusationem
3085 2581 3343 2650 injustam
3388 2593 3497 2632 non

1897 2673 2150 2742 recipiet,
2198 2675 2290 2729 sed
2343 2676 2531 2730 dicet:
2567 2675 2739 2742 Quam
2788 2676 2943 2730 multi
2992 2675 3307 2731 sacerdotes
3344 2673 3500 2728 bona:

1896 2764 2110 2819 fuerunt
2149 2767 2597 2834 existimationis,
2626 2767 2782 2838 queis
2820 2766 3051 2821 decebat
3077 2777 3316 2822 mentem
3344 2766 3499 2820 adhi-

1895 2857 2045 2922 bere,
2088 2873 2153 2912 ac
2184 2859 2347 2911 vitam
2376 2873 2663 2926 moresque
2693 2869 2906 2913 vestros
2933 2860 2987 2912 in
3019 2859 3211 2914 melius
3246 2874 3498 2913 commu-

1899 2959 2036 3004 tare.
2068 2948 2178 3004 Vos
2213 2962 2394 3006 autem
2420 2950 2640 3006 malitiae
2672 2951 2831 3005 nimis
2864 2961 3114 3005 amantes
3143 2951 3494 3020 deprehensi,

1895 3055 1994 3096 cur
2039 3056 2146 3095 non
2198 3042 2522 3098 melioribus
2571 3043 2717 3098 serio
2767 3042 3119 3097 intendistis!
3170 3043 3266 3098 sed
3315 3043 3496 3097 vitiosi

1888 3133 1996 3205 ipsi
2024 3134 2178 3189 estis.
2206 3134 2486 3205 Hujnsque
2510 3150 2701 3205 pinnas
2726 3136 2931 3191 dabunt
2955 3135 3126 3204 culpis
3148 3135 3448 3205 condignas
3473 3153 3488 3203 ;

1895 3240 2097 3295 vosque
2146 3227 2295 3296 quia,
2334 3228 2534 3281 virtute
2579 3227 2803 3296 rejecta,
2841 3229 3246 3298 improbitatem
3293 3230 3494 3298 cupide

199 3313 478 3384 βασιλείας
503 3313 684 3374 πόθος,
708 3311 832 3364 οὔτε
860 3311 1083 3381 γεέννης
1107 3313 1269 3381 φόϐος
1300 3313 1522 3383 ἐποίησε
1543 3313 1789 3383 φύλακας
1819 3299 1839 3356 (

1897 3319 2033 3372 estis
2062 3317 2319 3387 amplexi,
2352 3334 2527 3388 neque
2561 3321 2712 3390 regni
2742 3321 2984 3377 caelestis
3008 3321 3366 3386 desiderium,
3396 3337 3494 3377 ue-

193 3405 307 3460 τῶν
337 3405 484 3475 ἐμῶν
532 3403 788 3473 γενέσθαι
829 3404 1030 3474 νόμων,
1062 3405 1161 3474 τὴν
1205 3405 1444 3478 ἐσχάτην
1473 3405 1671 3459 δώσετε
1704 3423 1790 3462 τι-

199 3497 434 3569 μωρίαν.

505 3612 636 3666 ΛΗ’.
675 3642 740 3653 -ι
772 3612 1059 3665 ΑΒΡΛΛΜ
1102 3611 1470 3682 ΕΠΙΣΚΟΠῼ.

1895 3425 2002 3479 que
2057 3412 2322 3481 gehennae
2375 3421 2552 3468 terror
2601 3430 2750 3475 meas
2800 3415 2929 3471 fecit
2977 3415 3275 3472 observare
3322 3417 3482 3487 leges.

1895 3499 2102 3557 idcirco
2129 3511 2388 3557 aeternam
2421 3504 2582 3559 luetis
2625 3521 2863 3575 poenam.

2083 3612 2371 3669 XXXVIII.
2404 3645 2474 3656 -—
2502 3616 2895 3675 ABRAIIAMO
2935 3620 3297 3679 EPISCOPO.

1010 3724 1304 3779 Sacrarum
1345 3724 1669 3781 Litterarum
1703 3727 1939 3782 studium
1970 3728 2182 3782 virtutis
2213 3731 2377 3800 gignit
2415 3749 2669 3787 amarem.

268 3840 403 3895 Δίαν
439 3837 707 3909 θαύμαζω
756 3835 854 3906 τὴν
895 3836 1005 3888 τῶν
1049 3837 1261 3889 πολλῶν
1296 3838 1590 3908 ρᾳθυμίαν,
1625 3843 1705 3894 ὅτι
1737 3843 1784 3894 oi

199 3936 298 4006 μὲν
338 3934 577 4002 γενναῖοι
611 3931 706 3984 καὶ
731 3928 1040 3999 θαυμαστοὶ
1064 3929 1257 3999 ἄνδρες
1284 3930 1410 3993 τοὺς
1437 3934 1632 3995 πόνους
1658 3935 1785 3995 τοὺς

199 4026 344 4097 ὑπὲρ
383 4025 480 4095 τῆς
531 4024 733 4093 ἀρετῆς
780 4020 1080 4091 προθύμως
1113 4021 1497 4090 ὑπομένουσιν,
1540 4019 1684 4077 οὗτοι
1728 4024 1782 4077 δὲ

196 4118 318 4172 οὐδὲ
358 4118 481 4178 τοὺς
516 4115 706 4182 λόγους
738 4114 796 4177 ἐξ
825 4106 898 4166 ὧν
931 4114 979 4166 οἱ
1013 4114 1111 4184 τῆς
1151 4115 1352 4185 ἀρετῆς
1391 4115 1618 4172 εἰώθασι
1653 4117 1783 4186 φύε-

199 4207 323 4260 σθαι
372 4205 522 4256 πόνοι
546 4246 560 4268 ,
597 4203 816 4256 ἀκούειν
849 4203 1155 4272 ἀνέχονται.
1189 4203 1286 4266 Τίς
1329 4198 1422 4258 οὖν
1471 4205 1652 4266 αὐτοῖς
1692 4222 1784 4256 πι-

197 4297 401 4360 στεύει,
439 4296 520 4347 ὅτι
551 4297 680 4356 τοὺς
715 4294 853 4363 ὑπὲρ
896 4293 995 4363 τῆς
1027 4293 1229 4363 ἀρετῆς
1277 4295 1506 4362 ἱδρῶτας
1547 4295 1785 4364 γνησίως

194 4387 586 4457 ἑπαναιροῦσιν
631 4385 782 4456 (GI),
837 4386 966 4438 ὅταν
1005 4387 1133 4448 τοὺς
1189 4386 1329 4456 ὑπὲρ
1372 4387 1545 4456 αὐτῆς
1591 4387 1782 4455 λόγους

191 4484 379 4535 ἴδωσιν
411 4479 607 4540 αὐτοὺς
630 4477 905 4540 δυσκόλως
935 4476 1352 4547 προσιεμένους.
1383 4479 1646 4548 Παραίνει
1672 4479 1782 4532 τοί-

190 4592 284 4628 νυν
315 4571 546 4630 ἐκεὶνοις
581 4567 709 4638 περὶ
735 4561 809 4620 ὧν
840 4569 932 4621 καὶ
960 4569 1268 4638 γέγραφας,
1293 4569 1513 4640 ἔχεσθαι
1545 4572 1642 4638 τῆς
1673 4571 1781 4623 τῶν

1968 3845 2136 3899 Valde
2171 3845 2424 3913 equidem
2474 3845 2646 3899 miror
2697 3846 2946 3916 supinam
2978 3849 3344 3918 quorumdam
3394 3865 3490 3906 ne-

1895 3935 2234 4007 gligentiam,
2272 3951 2395 3989 cum
2428 3935 2518 3989 alii
2551 3937 2801 3992 homines
2834 3941 3083 4010 generosi
3125 3951 3290 4010 atque
3316 3941 3492 3997 admi-

1893 4028 2046 4082 randi
2093 4027 2307 4082 labores
2349 4028 2568 4083 virtutis
2608 4031 2828 4085 nomine
2882 4031 3117 4087 libenter
3164 4035 3488 4104 suscipiant,

1893 4119 1968 4172 illi
1995 4132 2122 4172 vero
2153 4132 2218 4171 ue
2248 4117 2409 4172 verba
2447 4119 2684 4187 quidem,
2726 4120 2923 4190 quibus
2955 4124 3019 4176 ad
3052 4122 3290 4178 laborem
3321 4126 3491 4180 virtu-

1894 4210 1963 4264 tis
1991 4209 2220 4265 excitari
2269 4210 2522 4264 homines
2567 4211 2766 4277 solent,
2816 4213 3092 4269 sustinent
3127 4214 3334 4269 audire.
3374 4216 3487 4272 Hos

1892 4302 2014 4374 quis
2053 4303 2242 4357 credat
2290 4317 2388 4371 pro
2422 4303 2626 4357 virtute
2683 4307 2927 4362 sudores
2969 4322 3157 4363 revera
3202 4324 3488 4378 capessere

1893 4393 2053 4461 velle,
2087 4395 2306 4462 quando
2339 4408 2407 4448 ne
2433 4409 2715 4452 sermones
2749 4398 2968 4467 quidem
3011 4401 3200 4456 videas
3235 4415 3391 4471 aequo
3418 4402 3488 4455 ab

1890 4487 1958 4538 iis
1995 4486 2177 4540 animo
2224 4485 2450 4555 suscipi.
2491 4485 2723 4542 IIortare
2765 4489 2946 4559 itaque
2987 4489 3142 4554 tales,
3180 4493 3245 4545 de
3289 4493 3485 4560 quibus

1890 4577 1956 4630 ad
2010 4591 2097 4630 me
2143 4578 2570 4647 perscripseras,
2624 4595 2838 4634 sacram
2880 4581 3064 4652 legant
3116 4581 3482 4652 Scripturam,

189 4659 426 4730 Γραφῶν
476 4655 860 4722 ἀναγνώσεως.
923 4656 1204 4709 Ἐντεῦθεν
1238 4659 1348 4730 γὰρ
1376 4661 1471 4712 καὶ
1501 4661 1532 4729 ἡ
1579 4659 1780 4728 γνῶσις
1815 4642 1839 4696 Ῑ

1896 4683 2052 4738 quam
2090 4668 2380 4725 lectionem
2411 4672 2708 4726 comitatur
2745 4642 2986 4744 cognitio
3024 4683 3186 4744 atque
3229 4642 3482 4733 scientia.

186 4752 456 4804 τίκτεται.

488 4844 614 4900 aen
670 4874 742 4885 —
775 4842 1036 4914 mauro
1083 4841 1407 4914 ΔΙΛΚΟΝῼ.

2173 4845 2425 4902 XXXIX.
2458 4878 2530 4888 —
2557 4847 2837 4906 ISIDORU
2875 4848 3198 4906 DIACONO.

1018 4957 1340 5026 Multiplices
1376 4961 1724 5016 tentationum
1759 4964 1985 5030 fructus.
2023 4961 2241 5030 Con/er.
2272 4964 2372 5032 inf.
2405 4963 2511 5019 226
2565 4981 2644 5034 ep.

260 5076 458 5132 Πολλοὶ
506 5074 756 5141 δόξαντες
793 5075 1028 5146 ἀνδρεῖοι
1063 5071 1200 5130 εἶναι
1251 5079 1346 5140 καὶ
1373 5083 1611 5147 γενναῖοι
1659 5082 1781 5136 οὐδὲ

185 5173 288 5245 τὴν
320 5169 628 5241 προσϐολὴν
659 5171 753 5223 καὶ
783 5169 874 5222 τὸν
898 5170 1298 5241 ἀκροϐολισμὸν
1321 5173 1429 5225 τῶν
1457 5175 1781 5246 πειρασμῶν

263 5332 286 5364 ⁸
311 5331 444 5388 ibid.
481 5329 572 5384 50.

1963 5080 2264 5148 Opinantes
2319 5080 2561 5151 plerique
2609 5083 2776 5138 fortes
2828 5099 2886 5138 se
2941 5098 3005 5138 ac
3059 5099 3360 5155 generosos
3413 5102 3482 5143 ne

1894 5172 2318 5242 impressionttm
2356 5173 2572 5242 quidem
2610 5184 2664 5230 et
2712 5175 3071 5230 tentationnm
3105 5175 3480 5235 velitationem

1333 5423 1571 5480 VARIXE
1616 5417 2004 5481 LECTIONES
2043 5425 2134 5480 ET
2172 5425 2406 5481 NOTAE.

287 5581 376 5648 57)
419 5580 520 5635 Pro
557 5580 732 5650 φωναὶ
759 5579 947 5635 scribit
978 5581 1183 5646 φωναῖς
1215 5578 1334 5632 eod.
1371 5580 1469 5650 alt.
1513 5579 1721 5634 Possm.

287 5651 376 5716 58)
418 5649 757 5714 Inter'dxoig
781 5659 834 5703 et
859 5651 1086 5718 κάμινος
1114 5651 1250 5702 idem
1274 5649 1469 5702 omittit
1502 5650 1595 5702 καὶ
1626 5667 1772 5706 vers.

188 5719 313 5792 post
342 5721 395 5792 4,
425 5720 696 5788 πτωχείαν
734 5722 881 5792 idem
902 5729 1071 5792 tnulal
1105 5719 1158 5792 i_n
1193 5719 1593 5792 πτωχείαςηιο.

265 5791 377 5863 (59)
420 5792 558 5863 Iute_r
586 5792 683 5863 μὲν
715 5799 767 5843 et
787 5789 983 5863 pollui.
1027 5789 1144 5863 cod.
1184 5788 1460 5863 Ait._tol_lit
1490 5789 1592 5843 ὅτι.
1631 5790 1774 5845 Idem

187 5858 498 5916 vei-sJinde
523 5861 576 5920 5.
616 5860 677 5912 οὐ
722 5861 834 5920 τοῖς
865 5869 1037 5910 mutat
1069 5859 1118 5909 in
1169 5858 1352 5927 αύτοῖς
1401 5860 1451 5912 in
1499 5871 1774 5927 contextu,

188 5941 456 5987 attitotans
483 5941 659 5984 tamen
695 5928 755 5981 οὐ
794 5931 902 5989 τοῖς
933 5929 984 5981 iu
1016 5942 1184 5996 marg.
1222 5926 1296 5981 In.

1962 5583 2074 5654 (60)
2115 5581 2221 5655 Pro
2261 5584 2600 5655 ὴτοιμάσατε
2643 5585 2830 5639 scribit
2871 5584 3009 5638 idem
3056 5582 3385 5653 ἠτιμάσατε,
3423 5592 3476 5638 et

1889 5669 2031 5708 vers.
2073 5654 2298 5724 ἐποίησε
2329 5665 2497 5708 mutat
2529 5658 2579 5709 in
2612 5655 2815 5717 ἔπεισε,
2859 5656 2912 5708 in
2946 5664 3174 5724 utraque
3218 5658 3476 5710 emendu—

1887 5727 2028 5779 tione
2057 5727 2177 5779 sine
2207 5728 2369 5779 dubio
2404 5727 2730 5792 probandus.
2767 5727 2838 5778 In.

1957 5797 2067 5865 (6|)
2107 5794 2210 5848 Pro
2243 5796 2630 5866 ὲπαναιροῦσιν
2675 5797 2794 5851 cod.
2839 5794 2963 5850 Vat.
3013 5793 3118 5849 650
3161 5804 3215 5849 et
3252 5795 3361 5851 Alt.
3399 5795 3474 5851 le-

1883 5877 2014 5934 gunt
2045 5867 2489 5937 ὲπαναιροῦντες.
