4150 6468
722 381 856 451 1351

1905 378 1967 438 s.
2001 333 2293 440 151mm
2331 378 2769 442 PELUSIOTE

3844 383 3982 454 1352

719 492 1113 549 sustinuerunt.
1169 487 1470 560 Redarguti
1531 500 1664 558 ergo
1709 485 1827 544 sola
1885 489 2142 558 opinione
2201 503 2288 544 non

2414 491 2674 561 ἤνεγκαν·
2709 492 3044 568 ἐλεγχθέντες
3057 488 3147 552 οὖν
3176 493 3237 548 iv
3266 493 3402 567 μόνῃ
3434 495 3502 568 τῇ
3527 495 3691 570 δόξῃ,
3739 496 3856 554 ἀλλ’
3877 501 3972 560 οὐκ

718 584 861 641 iacto
918 582 1256 638 fortitudinis
1301 580 1764 636 existimationem
1812 594 1845 635 a
1896 582 2294 650 spectantibus,

717 675 861 747 quod
889 673 1106 730 laudem
1134 684 1359 743 carpere
1381 672 1564 728 conati
1599 679 1749 736 sunt,
1775 671 2133 742 supercilium
2165 686 2300 728 con-

720 770 1020 818 traxerant.
1075 760 1202 816 ldeo
1240 773 1370 815 vero
1418 759 1850 830 permittuntur,
1913 769 1974 814 ut
2021 760 2297 828 arbitror,

719 853 912 907 tentari
944 849 1209 918 nonnulli,
1246 859 1305 905 ut
1337 860 1394 906 et
1423 849 1606 922 magni
1651 858 1816 916 atque
1852 850 2299 922 inexpugnabiles

718 943 772 997 iu
806 943 921 997 suis
955 942 1126 998 oculis
1164 941 1490 998 exsistentes
1541 943 1612 1002 ab
1651 956 1836 999 amore
1879 941 1971 996 sui
1991 942 2191 1008 curati,
2231 942 2300 997 ad

717 1033 1037 1088 modestiam
1089 1033 1464 1103 impellantur.
1515 1031 1631 1088 Non
1681 1032 1938 1102 exiguum
1973 1033 2157 1103 itaque
2199 1034 2301 1090 hoc

716 1123 912 1178 animae
945 1123 1317 1189 commodum,
1363 1121 1559 1178 fastum
1601 1121 1895 1193 exstingui,
1938 1137 2004 1179 ac
2047 1121 2298 1194 spiritum

715 1229 926 1278 eorum,
974 1228 1203 1284 quorum
1250 1213 1678 1284 experimentum
1729 1212 1958 1278 nullum,
2007 1227 2073 1268 ne
2119 1214 2296 1268 dicam

715 1310 993 1358 certamen
1031 1302 1247 1371 quidem
1282 1302 1555 1358 sustinere
1585 1308 1804 1372 queant.
1836 1302 2002 1375 563
2024 1301 2126 1371 Qui
2151 1305 2297 1360 enim

716 1400 840 1462 post
889 1393 1052 1448 multa
1088 1392 1262 1452 victus
1316 1401 1541 1464 tropea,
1596 1395 1751 1449 venia
1799 1393 1940 1452 forte
1977 1394 2172 1466 dignus
2200 1413 2216 1450 :
2243 1405 2300 1450 at

713 1483 806 1552 qui
845 1482 900 1538 in
954 1482 1354 1539 velitationibus
1389 1482 1698 1550 occumbat,
1740 1498 1968 1541 summa
2008 1485 2296 1543 imbecilli-

716 1575 850 1627 tatis
899 1571 985 1627 vel
1053 1572 1398 1645 negligentiae
1454 1573 1634 1645 potius
1694 1587 1807 1646 pra:
1859 1587 1920 1631 se
1971 1572 2082 1630 iert
2132 1589 2297 1646 argu-

713 1672 980 1716 mentum.

1042 1772 1159 1830 XL.
1191 1804 1264 1818 —-
1293 1771 1529 1832 TAURO
1565 1773 1973 1835 PREFEC'IO.

2403 583 2464 636 ἐν
2509 587 2576 656 τῇ
2604 581 2806 656 πράξει
2828 625 2844 652 ,
2883 585 2986 656 τὴν
3017 587 3116 659 τῆς
3154 587 3408 660 ἀνδρείας
3452 590 3630 660 οἴησιν
3665 591 3826 665 ’παρά
3865 595 3973 659 τοῖς

2402 675 2625 741 θεαταῖς
2655 677 3071 748 κεκαρπῶσθαι,
3101 680 3455 738 κατέσπασαν
3488 684 3589 755 τὴν
3616 683 3811 756 ὀφρύν.
3837 687 3915 740 Δι’
3950 687 3973 742 Ι

2401 769 2498 822 καὶ
2544 769 2991 842 συγχωροῦνται,
3036 771 3110 837 ὡς
3156 769 3335 838 οἶμαι,
3389 774 3756 845 πειρασθῆναί
3791 795 3935 842 τινες
3959 820 3973 843 ,

2404 860 2498 914 τὸν
2524 859 2635 932 (6‘2)
2657 861 2750 915 τοῦ
2781 861 3008 932 μεγάλοι
3025 863 3203 918 δοκεῖν
3227 860 3366 920 εἶναι
3381 867 3476 921 καὶ
3489 866 3755 939 δύσμαχοι
3774 869 3973 925 ἔννοιαν

2403 953 2772 1025 ίαθησόμενοι,
2809 954 2905 1008 καὶ
2939 955 3077 1026 πρὸς
3120 959 3590 1031 μετριοφροσύνην
3624 962 3976 1034 συνελαθησό·

2404 1061 2562 1115 μενοι
2601 1044 2662 1099 ού
2702 1046 2873 1118 μικρὰ
2912 1046 3051 1120 αὕτη
3082 1049 3260 1120 ψυχῆς
3296 1049 3532 1118 ὠφέλεια
3552 1092 3568 1119 ,
3599 1053 3658 1107 τὺ
3691 1054 3976 1126 σϐεσθῆναι

2401 1134 2465 1188 τὸ
2522 1134 2778 1206 φρόνημα
2821 1136 2931 1191 τῶν
2982 1138 3116 1210 μηδὲ
3161 1139 3262 1210 τὴν
3310 1143 3526 1211 πεῖραν,
3576 1141 3637 1197 οὔ
3695 1161 3839 1216 φημι
3885 1146 3976 1200 τδν

2400 1224 2611 1293 ἀγῶνα,
2642 1229 2883 1296 ἐνεγκεῖν
2911 1228 3264 1300 δυνηθέντων.
3302 1229 3368 1287 '0
3395 1233 3493 1303 μὲν
3513 1232 3622 1308 γὰρ
3645 1236 3784 1306 μετά
3810 1236 3976 1292 πολλὰ

2398 1319 2632 1389 τρόπαια
2667 1319 2951 1390 ἡττηθεὶς,
2995 1322 3126 1385 εσως
3157 1327 3521 1392 συγγνωστός*
3552 1329 3581 1380 ό
3619 1327 3678 1380 δὲ
3712 1329 3772 1381 ὲν
3798 1331 3978 1394 αὐτοῖς

2397 1411 2511 1472 τοῖς
2543 1409 2992 1483 ἀκροδωλισμοῖς
3021 1411 3204 1466 πεσὼν
3224 1403 3464 1487 ἰσχάτης
3490 1417 3776 1485 ἀσθενείας
3794 1460 3811 1487 ,
3844 1423 3979 1492 μᾶλ-

2398 1498 2488 1554 λον
2516 1500 2575 1554 δὲ
2609 1499 2886 1574 ῥᾳθυμίας
2910 1501 3136 1576 ικφέρει
3168 1504 3389 1576 δεῖγμα.

2791 1788 2887 1845 Μ’.
2919 1819 2991 1832 -
3023 1790 3252 1866 Tarpa
3283 1792 3588 1868 mapxo.

1407 1889 1681 1948 Hortatur
1706 1902 1763 1948 ut
1795 1894 2096 1964 reipublicc
2140 1910 2272 1954 onus
2307 1914 2425 1953 cunt
2454 1896 2695 1968 pluribus
2729 1899 2878 1956 bonis
2905 1907 3278 1962 communicet.

783 1995 1010 2056 Noveris
1054 2009 1225 2069 recte,
1269 2016 1304 2057 ο
1353 2001 1708 2090 sagacissime
1750 2006 2015 2074 virorum,
2049 2007 2195 2078 quod
2243 2009 2288 2064 si

2467 2004 2542 2064 Εὖ
2580 2008 2712 2084 ζσθι,
2735 2005 2781 2066 ὦ
2803 2012 3088 2083 ἀγχινοίας
3117 2017 3366 2087 τέμενος,
3399 2019 3481 2075 ὅτι
3501 2020 3551 2074 εί
3569 2023 3700 2088 τοὺς
3719 2024 3975 2094 ἀρίστους

711 2091 916 2146 amicos
960 2091 1217 2161 optimos,
1269 2083 1515 2158 veritati,
1569 2094 1814 2164 inquam,
1867 2097 2188 2169 innutritos,
2238 2108 2294 2156 et

707 2183 1058 2251 pecuniarum
1098 2191 1497 2254 contemptores
1523 2181 1606 2241 ad.
1633 2186 1981 2256 magistratus
2008 2203 2293 2258 promove-

709 2273 787 2328 ris
817 2274 967 2346 (nam
999 2275 1363 2344 periculosum
1409 2283 1495 2331 est
1527 2274 1846 2348 plerumque
1869 2287 2077 2335 tantam
2123 2296 2292 2350 nego-

705 2363 905 2417 tiorum
951 2362 1146 2420 molem
1183 2365 1275 2420 uui
1308 2364 1614 2436 imponere)
1653 2379 1866 2437 eorum,
1897 2371 1991 2440 qui
2041 2369 2163 2426 illos
2189 2386 2289 2428 ca-

707 2462 968 2524 pessunt,
1027 2455 1232 2512 virtute
1279 2454 1645 2512 aristocratize
1695 2459 2038 2526 gubernandi
2091 2460 2290 2520 feceris

710 2543 958 2601 formam.

984 2655 1122 2715 XLI.
1165 2687 1239 2702 —
1277 2658 1637 2721 LAHPETIO
1668 2661 1990 2722 DIACONO.

2394 2099 2505 2155 τῶν
2533 2102 2726 2171 φίλων,
2764 2105 2894 2169 τοὺς
2929 2106 3222 2177 ἀληθείας,
3254 2112 3429 2180 φημὶ,
3471 2115 3847 2187 συντρόφους,
3880 2122 3973 2174 καὶ

2395 2209 2501 2264 χρη
2510 2193 2695 2264 μάτων
2714 2196 3034 2267 κρείττονας
3049 2203 3341 2266 κοινωνοὺς
3356 2205 3640 2276 ποιήσειας
3657 2209 3758 2279 τῆς
3797 2211 3972 2283 ἀρχῆς

2397 2283 2742 2354 (ἐπισφαλὲς
2779 2286 2891 2360 γάρ
2939 2288 3016 2352 ὡς
3052 2289 3122 2344 τά
3170 2291 3339 2348 πολλά
3382 2294 3446 2348 τὸ
3486 2296 3572 2367 δφ⁹
3611 2298 3691 2351 ἑνὶ
3723 2301 3973 2356 τοσοῦτον

2395 2373 2563 2444 δγκον
2608 2379 2802 2449 ὁρμεῖν
2850 2382 3250 2454 πραγμάτων),
3286 2387 3405 2450 ταῖς
3451 2387 3561 2442 τῶν
3583 2390 3970 2463 ἀντιλαμϐανο-

2400 2466 2582 2537 μένων
2639 2468 2866 2542 ἀρεταῖς
2921 2473 3380 2546 ἀριστοκρατείαν
3436 2475 3821 2548 ἀποτελέσειας
3873 2486 3970 2556 την

2396 2557 2596 2629 ἀρχήν.

2545 2574 2596 2613 ν.

2509 2559 2542 2631 ﬂ
2675 2672 2814 2730 MA'.
2849 2705 2921 2718 —
2957 2675 3320 2752 ΛΑΜΠΕΤΙῼ
3365 2678 3686 2770 ΔωςοΝᾳ.

1704 2777 1945 2852 Regnum
1970 2778 2220 2838 calorum
2252 2781 2604 2847 inculcatum.
2636 2790 2768 2861 Sup.
2796 2808 2879 2862 ep.
2909 2795 2967 2851 ι.

774 2885 885 2945 Res
929 2901 1100 2945 sacra
1143 2896 1307 2960 atque
1353 2888 1551 2946 divina
1600 2889 1814 2948 homini
1858 2892 2082 2948 animali
2121 2893 2286 2952 stulta

704 2981 874 3037 videri
905 2980 1152 3051 possint:
1184 2981 1626 3052 quandoquidem
1651 2982 1756 3039 nisi
1782 2982 1866 3040 vel
1898 2983 2102 3041 nolenti
2126 2987 2282 3055 prius

704 3072 1296 3142 persuadeasregnum
1328 3085 1454 3129 esse
1482 3071 1774 3141 calorum.
1811 3074 1932 3146 ejus
1957 3075 2287 3147 ingenerare

707 3175 942 3233 nequeas
970 3176 1232 3218 amorem.

803 3293 958 3352 XLII.
987 3326 1058 3338 —
1084 3296 1320 3354 ALIPIO
1345 3297 1558 3356 REMP.
1600 3294 2032 3358 ADHINISTRA
2044 3301 2183 3364 NTI.

2465 2902 2664 2993 Μωρία
2695 2905 2843 2961 δοκεῖ
2866 2907 2948 2980 τῷ
2975 2907 3190 2982 ψυχικῷ
3207 2911 3482 2988 ἀνθρώπῳ
3509 2913 3578 2971 τά
3603 2915 3742 2972 θεῖα·
3777 2919 3964 2993 ἐπειδὴ

2393 3009 2471 3064 τι).
2498 2992 2559 3047 οὐ
2607 2994 2813 3050 θελόντι
2853 2997 3138 3070 πεισθῆναι
3186 3002 3475 3076 πρότερον,
3514 3005 3596 3060 δτι
3643 3008 3676 3078 ἠ
3723 2992 3965 3079 βασιλεία

2392 3082 2503 3138 τῶν
2527 3083 2775 3156 οὐρανῶν
2793 3086 3122 3161 ὑφέστηκεν,
3150 3089 3332 3164 ἔρωτα
3360 3094 3533 3167 αὐτῆς
3556 3098 3813 3172 τεχθῆναι
3838 3100 3964 3156 ἀδύο

2313 3209 2359 3273 c
2393 3183 2574 3225 νατον.

2605 3303 2740 3362 MB'.
2779 3337 2849 3350 —
2881 3309 3140 3385 ΔΛΥΠΙῼ
3177 3313 3738 3395 ΠΟΛΙΤΕΥΟΜΕΝῼ.

1719 3407 1900 3468 Pinna
1922 3411 2060 3468 tents
2088 3423 2214 3469 sunt
2243 3415 2535 3486 exigendae.
2565 3413 2679 3486 In].
2710 3432 2792 3487 ep.
2823 3415 2950 3474 207.

775 3521 951 3580 Grave
975 3530 1060 3578 est
1094 3537 1201 3578 non
1229 3523 1382 3580 tarde
1413 3536 1602 3594 poenas
1629 3521 1764 3581 dare
1793 3537 1940 3595 eum,
1973 3525 2067 3597 qui
2113 3535 2191 3594 te,
2224 3535 2285 3583 ut

707 3614 922 3680 scribis,
969 3613 1150 3669 snecit
1193 3613 1418 3685 injuria,
1466 3614 1563 3670 sed
1613 3615 1795 3685 potius
1846 3626 1996 3684 eum,
2041 3618 2133 3688 qui
2177 3617 2285 3674 cito

707 3719 900 3776 prunas
947 3703 1225 3776 persolvit,
1274 3704 1467 3770 videri,
1525 3713 1713 3776 postea
1764 3705 2021 3776 iniuriam
2079 3708 2280 3765 nullam

708 3792 977 3860 intulisse,
1019 3803 1080 3851 ut
1123 3793 1320 3850 accidit
1359 3806 1754 3864 saepenumero.
1803 3794 2170 3862 Quamobrem
2211 3798 2281 3854 ab

708 3900 774 3941 eo
801 3899 986 3956 pmas
1012 3886 1232 3957 exigere
1272 3883 1381 3944 noli
1421 3883 1770 3954 festinanter,
1798 3885 1895 3943 sed
1927 3890 2172 3957 expende
2197 3888 2285 3946 di-

710 3976 938 4048 ligenter
1003 3992 1070 4032 an
1101 3992 1281 4034 revera
1316 3977 1522 4045 lteserit
1550 3994 1568 4033 :
1599 3978 1749 4048 quod
1782 3978 1927 4034 enim
1974 3986 2190 4036 mature
2228 3991 2286 4038 et

710 4075 967 4124 accurate
1011 4082 1124 4123 rem
1139 4067 1412 4134 excutias,
1449 4065 1587 4124 nihil
1619 4067 1747 4124 inde
1779 4068 1874 4124 tibi
1901 4068 2085 4128 damni
2129 4086 2286 4130 acce-

709 4159 819 4225 dat,
858 4157 953 4215 sed
981 4159 1025 4213 si
1069 4157 1245 4214 virum
1278 4159 1618 4215 innocentem
1645 4171 1839 4230 pcenas
1863 4157 2001 4216 dare
2037 4175 2282 4232 praepro-

709 4264 838 4321 pere
881 4263 1066 4320 coges,
1114 4246 1304 4317 ingens
1347 4245 1597 4305 accidere
1642 4249 2027 4307 detrimentum
2057 4254 2279 4323 poterit.

899 4358 1082 4416 XLIII.
1111 4389 1184 4404 —
1209 4359 1581 4419 DOBOTHEO
1619 4359 1787 4418 γιιιο
1824 4361 2078 4420 CLARO.

2464 3531 2646 3586 Δεινὸν
2677 3534 2740 3588 οὐ
2765 3533 2828 3588 τὸ
2860 3533 3079 3606 βράδιον
3105 3535 3218 3608 (65)
3247 3536 3429 3594 δοῦναι
3453 3541 3612 3614 δίκην
3636 3542 3732 3600 τὸν
3757 3547 3838 3613 ὡς
3857 3549 3962 3622 φῄς

2392 3638 2454 3676 σε
2486 3623 2812 3695 ἠδικηκότα,
2844 3625 2982 3681 ἀλλά
3007 3625 3069 3680 τὺ
3097 3626 3284 3698 τάχιον
3313 3629 3493 3697 δόντα,
3528 3635 3763 3706 φανῆναι
3803 3636 3962 3694 ὕστε-

2389 3727 2484 3783 ρον
2510 3712 2587 3784 μὴ
2611 3713 2960 3785 ἀδικήσαντα,
2982 3717 3120 3790 ὅπερ
3138 3717 3398 3786 πολλάκις
3420 3723 3640 3796 συνέϐη·
3669 3727 3744 3798 μὴ
3766 3729 3961 3785 σπεῦδε

2387 3804 2677 3876 τοιγαροῦν
2717 3806 2810 3859 ἐπὶ
2835 3807 2897 3859 τὸ
2941 3807 3098 3880 δίκην
3128 3809 3466 3885 ἀπαιτῆσαι,
3507 3816 3621 3873 ἀλλ’
3659 3819 3754 3872 ἐπὶ
3777 3821 3840 3877 τδ
3874 3824 3960 3878 δο-

2390 3896 2619 3987 κιμάσαι
2647 3898 2696 3950 si
2723 3897 2938 3970 ἀληθῶς
2965 3901 3226 3975 ἠδίκηκεν
3248 3946 3264 3972 ,
3296 3905 3405 3960 ἀπὸ
3438 3907 3538 3979 μιν
3570 3909 3681 3983 γὰρ
3708 3913 3805 3969 τοῦ
3833 3916 3960 3987 pg-

2390 3985 2604 4082 ξησμοῦ
2649 3989 3112 4082 οὐδενβλασήσῃ,
3155 3995 3264 4049 ἀπὸ
3298 3996 3355 4050 δε
3395 3997 3492 4054 τοῦ
3535 4001 3734 4074 τάχους
3757 4045 3775 4072 ,
3806 3985 3856 4062 si
3884 4010 3958 4082 μὴ

2391 4074 2722 4149 ἀδικήσαντα
2746 4079 3068 4153 ἀπαιτήσεις
3090 4083 3268 4156 δίκην,
3297 4086 3494 4161 κομιδῆ
3524 4088 3852 4169 ἀδικηθήσῃ.

2713 4367 2846 4423 ων.
2885 4395 2958 4409 —-
2989 4370 3295 4446 comeso
3327 4374 3634 4453 unum

1267 4475 1461 4549 Ingens
1492 4475 1806 4548 supplicium
1847 4486 1897 4533 st
1933 4477 2221 4534 tolsrantia
2249 4494 2388 4551 agre
2415 4480 2576 4536 durat
2606 4480 2662 4536 in
2694 4481 2793 4537 hac
2819 4483 2942 4550 vita,
2971 4486 3063 4541 sed
3088 4487 3142 4541 in
3176 4487 3379 4558 futura.

780 4603 880 4662 ilic
923 4603 1163 4676 quidem,
1216 4603 1302 4661 vir
1350 4606 1576 4676 optime,
1631 4605 1790 4664 simul
1833 4609 2125 4664 convenire
2175 4623 2286 4664 non

709 4707 934 4770 possunt
975 4697 1167 4768 ingens
1212 4694 1542 4766 supplicium
1581 4712 1647 4754 ac
1691 4698 1991 4766 cruciatus,
2034 4709 2092 4758 et
2125 4700 2284 4756 susti-

707 4786 889 4844 nentia
929 4801 1026 4842 seu
1056 4787 1486 4855 perseverantia.
1533 4787 1776 4844 Alterum
1822 4790 1968 4845 enim
1998 4788 2156 4846 alteri
2197 4804 2284 4848 re-

706 4889 921 4950 pugnat,
959 4877 1101 4948 quod
1134 4890 1330 4946 corpus
1357 4878 1598 4935 interitui
1631 4887 1824 4935 natura
1858 4881 1930 4937 sit
1963 4881 2279 4948 obnoxium,

707 4966 899 5022 borum
953 4983 1056 5022 non
1109 4966 1294 5024 ferens
1342 4984 1689 5028 concursum.
1719 4973 1795 5030 ibi
1833 4990 1964 5032 vero
2003 4976 2060 5033 in
2103 4975 2276 5033 altera

707 5055 819 5110 vita
859 5057 1220 5126 perpetuitate
1253 5060 1562 5117 introducta
1596 5063 1859 5136 pulsatu
1909 5067 2276 5137 corruptione,

710 5159 901 5217 pugnae
945 5147 1071 5206 inde
1129 5149 1399 5207 exsistere
1454 5159 1625 5223 potest
1683 5153 2011 5210 dissolutio:
2049 5163 2107 5210 ut
2161 5163 2276 5211 tor-

708 5247 1009 5294 mentorum
1075 5243 1507 5311 exsuperantiam
1562 5258 1741 5314 neque
1804 5246 1973 5302 robur
2030 5247 2276 5318 corporis

705 5331 993 5401 expellere,
1024 5345 1200 5404 neque
1228 5348 1424 5405 corpus
1457 5336 1510 5391 in
1545 5336 1772 5393 nibilum
1804 5337 1975 5408 redigi
2005 5339 2198 5409 possit.

2473 4609 2737 4704 ἐνταῦθα
2769 4612 2892 4683 μὶν,
2930 4608 2975 4668 ὦ
3005 4615 3249 4686 βέλτιστε
3269 4659 3284 4685 ,
3315 4619 3414 4693 ούχ
3439 4615 3554 4679 οἷόν
3586 4641 3646 4680 τε
3673 4627 3953 4704 ἀμφότερα

2387 4701 2734 4795 συνδραμείν,
2778 4705 3116 4781 σφοδρότητα
3161 4709 3306 4779 λέγω
3327 4715 3612 4787 τιμωριῶν
3645 4718 3738 4773 καὶ

2387 4791 2578 4884 μονήν,
2611 4792 2851 4865 Θάτερον
2890 4797 3000 4870 γὰρ
3028 4797 3243 4873 θατέρῳ
3281 4803 3544 4876 πολεμεῖ,
3573 4805 3661 4862 διὰ
3688 4809 3752 4865 es
3779 4791 3952 4884 φθαρ-

2385 4882 2483 4954 τῆν
2515 4880 2683 4939 οὖσαν
2710 4887 2806 4942 τοῦ
2851 4888 3106 4960 σώματος
3135 4893 3236 4965 τὴν
3265 4895 3430 4965 φύσιν
3459 4897 3535 4970 μη
3562 4899 3751 4971 φέρειν
3778 4880 3952 4959 αὐτων

2382 4974 2483 5046 τὴν
2522 4974 2758 5032 σύνοδον·
2791 4981 2908 5034 εκεῖ
2933 4982 2990 5037 δὲ
3018 4983 3116 5054 τῆς
3155 4984 3466 5059 ἀφθαρσίας
3493 4990 3950 5066 είσσιασαμένης.

2389 5066 2487 5120 καὶ
2517 5067 2617 5140 τὴν
2649 5070 2857 5142 φθορὰν
2893 5073 3389 5152 ιξοστρακισάσης,
3427 5082 3524 5135 καὶ
3561 5083 3596 5154 ἠ
3627 5083 3730 5156 τῆς
3772 5087 3950 5159 μάχης

2383 5159 2590 5250 ταύτης
2634 5163 2874 5229 διάλυσις
2917 5167 3111 5234 γένοιτ’
3156 5170 3224 5226 ἀν
3257 5171 3334 5236 ὡς
3373 5171 3474 5245 τὴν
3510 5174 3815 5250 ὑπερϐολὴν
3845 5179 3951 5232 τῶν

2382 5249 2842 5326 βασανιστηρίων,
2869 5259 3007 5330 μήτε
3039 5260 3140 5331 τὴν
3175 5260 3330 5334 ἰσχὺν
3355 5266 3606 5333 ἱξελάσαι
3636 5270 3730 5324 τοῦ

2376 5358 2491 5411 τος,
2534 5345 2671 5415 μήτε
2693 5347 2753 5401 τὸ
2774 5348 2934 5420 σῶμα
2962 5352 3041 5416 είς
3068 5352 3131 5406 τὸ
3161 5355 3236 5426 μὴ
3261 5355 3320 5410 ὃν
3350 5359 3717 5432 παραπέμψαι

1825 5511 2060 5568 VARIE
2099 5512 2480 5575 LECTIONES
2515 5517 2606 5574 ET
2642 5519 2872 5582 NOTE.

775 5655 885 5737 (ϐῆ)
923 5658 1047 5737 Τὸν.
1066 5671 1233 5737 mutat
1279 5663 1331 5720 in
1374 5665 1475 5737 τὴν
1518 5666 1638 5721 cod.
1685 5667 1792 5722 Alt.
1832 5675 1887 5726 et
1931 5683 2074 5728 vers.
2121 5669 2259 5727 inter

709 5729 874 5794 μικρᾶ
904 5739 957 5784 et
985 5729 1125 5802 αὕτη
1161 5735 1347 5792 inserit
1383 5729 1510 5808 γᾶρ.
1548 5738 1752 5795 Possin.

2441 5673 2551 5744 (63)
2592 5673 2738 5733 Inter
2761 5678 2975 5805 ῗράδιον
3000 5693 3054 5742 et
3083 5685 3264 5742 δοῦναι
3285 5690 3442 5748 codd.
3473 5689 3593 5747 Vat.
3624 5693 3730 5751 650
3755 5705 3810 5755 et
3835 5698 3940 5758 All.

2441 5756 2619 5802 serunt
2649 5748 2728 5804 τό.
2790 5767 2840 5805 ο.

2379 5744 2619 5802 inserunt
2649 5748 2728 5804 τό.
2761 5744 2840 5806 In.
