4150 6510
170 516 310 589 1353
1069 518 1416 581 EPISTOLA

503 633 633 691 ων.
669 665 742 675 -
772 625 1045 707 rerum
1092 636 1416 710 summa.

1069 514 1605 581 EPISTOLARUM
1644 519 1792 581 LIB.
1828 513 1895 582 ι’.
1945 545 2002 558 -
2039 516 2278 582 EPIST.
2318 519 2556 585 XLVII.

1779 647 1827 703 Α

3301 514 3442 581 ιοενι

2098 634 2103 640 ’
2165 638 2351 697 XLIV.
2385 672 2455 685 —
2485 637 2759 697 SERENO
2803 636 3125 696 DIACONO.

1163 747 1345 807 Virtus
1371 749 1625 806 laudatur
1653 761 1700 805 et
1728 749 1889 822 alget.
1921 749 2137 824 (Confer
2162 767 2244 820 ep.
2280 750 2432 820 415.)

241 864 454 937 Ὠσπερ
506 864 695 920 πολλοὶ.
737 864 847 919 τῶν
879 859 1186 936 ἀνθρώπων
1237 857 1498 936 μέγιστον
1539 862 1744 932 ἀγαθὸν

163 955 480 1026 νομίζοντες
508 954 651 1013 εἶναι
681 956 781 1029 τὴν
827 956 1039 1027 ὐγίειαν
1066 958 1162 1012 τοῦ
1187 955 1462 1028 σώματος,
1505 957 1568 1011 οὐ
1598 956 1742 1010 πάνυ

161 1051 337 1120 αὐτῆς
359 1049 728 1122 φροντίζουσι.
755 1048 838 1104 Ta
862 1049 976 1122 γάρ
999 1049 1135 1123 ἡδέα
1159 1049 1270 1104 τῶν
1289 1047 1582 1122 ὠφελίμων
1611 1065 1748 1123 προ-

161 1142 474 1213 τιμῶντες,
523 1141 958 1213 διαμαρτάνουσι
1002 1141 1245 1214 ταύτης·
1301 1139 1449 1196 οὐτω
1500 1143 1598 1195 καὶ
1646 1139 1749 1213 τὴν

160 1231 364 1306 ἀρετὴν
387 1229 754 1296 ἀποκνοῦντες,
785 1232 886 1304 τὴν
915 1231 1034 1287 ὁδὸν
1061 1231 1163 1304 τὴν
1190 1231 1285 1287 ἰπὶ
1309 1231 1515 1303 ταύτην
1543 1230 1746 1303 φέρου-

162 1339 266 1376 σαν
295 1321 803 1392 ἀποδιδράσκουσιν.

443 1433 578 1487 κεν.
619 1463 693 1476 -
724 1431 1077 1504 annosa)
1120 1434 1446 1507 ΑιΑκοΝο.

1927 863 1997 922 Ut
2045 864 2347 921 maximum
2389 861 2708 918 existimant
2752 862 2951 918 bonum
2983 873 3108 918 esse
3143 863 3437 919 sanitatem

1851 956 2100 1026 corporis
2142 953 2389 1026 plerique
2424 952 2761 1018 mortalium,
2808 952 2888 1009 sic
2933 967 3056 1008 eam
3098 967 3205 1009 non
3257 952 3438 1007 admo-

1851 1048 1984 1104 dum
2026 1060 2173 1103 ουτω
2221 1043 2444 1105 habent.
2479 1042 2830 1100 Deiectahilia
2856 1041 3004 1098 enim
3049 1041 3274 1098 utilibus
3303 1053 3442 1110 pra:-

1851 1139 2093 1196 l'erentes
2132 1137 2334 1194 ludunt
2368 1137 2762 1193 valetudinem.
2802 1135 2898 1194 Sic
2924 1145 2984 1194 et
3019 1134 3279 1192 virtutem
3317 1130 3444 1204 qui-

1850 1232 1973 1286 dam
2021 1231 2336 1293 laudantes,
2373 1241 2404 1282 a
2448 1227 2538 1284 via
2579 1237 2787 1296 tamen,
2817 1242 2942 1300 qua
2977 1227 3048 1284 ad
3084 1242 3208 1281 eam
3251 1224 3440 1290 ducat,

1850 1321 2122 1376 aberrant.

2033 1429 2196 1503 567
2221 1429 2386 1488 XLV.
2418 1460 2491 1474 --
2520 1425 2875 1486 ANATOLIO
2917 1424 3237 1484 DIACONO.

1113 1549 1194 1606 De
1217 1551 1352 1607 bona
1386 1551 1494 1606 riui
1526 1548 1729 1603 modice
1759 1544 1975 1614 sumpti.
2007 1543 2188 1618 (Cotti.
2220 1560 2304 1615 ep.
2332 1541 2483 1617 415.)

244 1660 306 1718 '0
332 1658 475 1727 οἶνος
495 1703 511 1728 ,
542 1663 591 1717 εί
621 1663 855 1736 καιρίως
887 1663 985 1718 καὶ
1015 1663 1255 1737 μετρίως
1292 1663 1511 1736 ποθείη,
1543 1665 1640 1720 ἅτε
1669 1681 1754 1719 τι-

159 1754 393 1829 μηθεὶς,
438 1752 778 1826 εὐφροσύνης
813 1754 988 1820 αῐτιος
1017 1753 1249 1823 γίνεται.
1291 1754 1357 1809 Ei
1384 1755 1444 1809 δὲ
1484 1772 1751 1828 παροινη-

1923 1659 2121 1716 Vinum
2161 1666 2467 1730 Opportune
2507 1670 2572 1713 ac
2619 1654 2904 1710 moderate
2941 1661 3238 1723 sumptum,
3282 1651 3441 1722 quasi

1849 1747 2058 1803 honore
2082 1746 2360 1813 affectum,
2391 1745 2598 1802 latitia:
2631 1741 3036 1811 hilaritatisque
3079 1753 3244 1796 causa
3293 1741 3446 1795 exsi-

157 1846 306 1918 θείη,
352 1845 619 1923 ἀμύνεται
667 1845 769 1916 τὴν
818 1843 998 1917 ὐσριν.
1050 1845 1147 1901 καὶ
1179 1845 1335 1910 δίκας
1369 1847 1596 1901 ἀπαιτεῖ
1625 1849 1745 1912 τοὺς

1850 1839 1961 1895 stit.
2004 1837 2063 1894 Si
2095 1853 2225 1896 vero
2259 1838 2466 1910 largius
2491 1836 2797 1902 hauriatur,
2833 1834 3094 1900 inebriat,
3131 1832 3446 1888 ulciscitur-

159 1928 425 2002 ὐσριστάς
451 1972 466 1995 ,
497 1931 712 2000 γέλωτα
734 1932 830 1985 καὶ
863 1931 1150 2006 αίσχύνην,
1181 1932 1280 1990 καὶ
1306 1934 1623 2007 κωμῳδίαν,
1651 1937 1745 1990 καὶ

1850 1945 1957 2002 que
1987 1928 2265 2002 iniuriam,
2304 1940 2362 1986 et
2406 1941 2598 2001 pmnas
2635 1926 2909 1997 exposcit,
2941 1942 2972 1980 ιι
3019 1923 3216 1995 quibus
3245 1924 3443 1990 injuria

160 2021 441 2094 μώλωπας
466 2023 651 2086 αὐτοῖς
681 2022 980 2095 προξενῶν.

424 2221 576 2292 Μςο.
629 2253 700 2266 -
734 2224 970 2299 nam;
1007 2227 1480 2300 ΠΡΕΣΒΥΤΕΡῼ.

1850 2022 2104 2079 affectum
2143 2029 2252 2087 est,
2293 2022 2484 2086 risum,
2512 2018 2905 2091 ignominiam,
2951 2016 3441 2088 reprehensionem

1847 2123 2012 2185 atque
2040 2114 2180 2171 adeo
2204 2113 2435 2170 verbera
2463 2112 2741 2185 propinat.

2102 2225 2289 2284 XLVI.
2321 2257 2394 2268 —
2423 2224 2659 2285 PAULO
2687 2223 3175 2283 PRESBYTERO.

537 2314 756 2386 Oculos,
780 2327 836 2372 ut
867 2319 1036 2373 animi
1069 2319 1346 2388 fenestras,
1379 2320 1774 2377 custodiendos.
1812 2320 1947 2394 (luf.
1982 2323 2136 2392 epist.
2173 2321 2262 2387 l7,
2290 2313 2392 2378 291
2431 2328 2481 2376 et
2516 2318 2621 2375 “6
2645 2335 2766 2374 cum
2794 2318 3057 2390 scholiis.)

223 2434 304 2491 Οὐ
352 2432 512 2505 μόνον
542 2432 604 2488 τδ
631 2434 792 2506 σῶμα
827 2435 1131 2505 ἀνέπαφον,
1159 2435 1298 2492 ἀλλά
1329 2438 1426 2492 καὶ
1453 2437 1556 2503 τάς
1581 2437 1744 2511 βολὰς

154 2527 267 2582 τῶν
291 2525 606 2598 ὀφθαλμῶν,
636 2527 703 2593 ἃς
735 2527 906 2600 κόρας
934 2526 1026 2582 διά
1071 2527 1232 2583 τοῦτο
1255 2527 1562 2603 καλοῦμεν,
1596 2549 1744 2603 παρ-

155 2618 346 2684 θένους
375 2615 515 2674 εἶναι
547 2619 677 2692 χρὴ,
706 2620 804 2675 καὶ
829 2618 905 2692 μὴ
926 2619 1206 2675 πιστεύειν
1229 2620 1424 2685 αὐταῖς
1450 2623 1746 2694 ἀναισχύνο

152 2727 267 2775 τως
292 2710 389 2765 καὶ
410 2710 667 2782 ἀκρατῶς
685 2711 971 2766 ἑστιᾶσθαι
991 2712 1109 2775 τοῖς
1134 2709 1440 2784 ἀλλοτρίοις
1462 2713 1741 2780 κάλλεσιν,

157 2799 248 2854 ῐνα
298 2799 374 2873 μὴ
413 2801 523 2854 ἀπὸ
563 2801 666 2871 τῆς
711 2800 842 2866 θέας
870 2801 965 2855 ὶπὶ
1004 2800 1106 2873 τὴν
1135 2801 1337 2873 πρᾶξιν
1383 2804 1744 2876 παιδαγωγη-

156 2890 349 2947 θῶσιν.

482 3001 616 3060 Μῑο.
651 3033 723 3046 -
753 3003 1055 3076 ΕΥΓΕΝιῃ
1100 3005 1422 3081 amomo.

1921 2436 2041 2494 Non
2094 2452 2292 2508 corpus
2339 2437 2505 2493 modo
2549 2434 2813 2490 intactum
2864 2447 3195 2503 purumque,
3248 2434 3343 2486 sed
3388 2440 3444 2484 rt

1851 2531 2134 2588 oculorum
2163 2530 2346 2600 jactus
2369 2527 2541 2602 (unde
2565 2537 2622 2584 et
2659 2526 2852 2599 κόρας,
2888 2526 2940 2581 id
2969 2534 3051 2580 est
3079 2522 3310 2594 puellas,
3341 2539 3442 2594 ap-

1853 2623 2116 2693 pellamus
2156 2620 2414 2692 pupillas)
2455 2619 2695 2691 virgines
2739 2634 2836 2673 seu
2881 2625 3065 2674 castos
3094 2616 3254 2673 decet
3294 2631 3446 2685 esse,

1849 2730 2029 2786 neque
2064 2714 2385 2787 permittere
2437 2712 2712 2784 impudice
2744 2719 2909 2782 atque
2961 2710 3297 2781 impotenter
3333 2726 3445 2763 va-

1848 2809 1967 2878 gari
2000 2808 2052 2863 in
2078 2806 2310 2862 aliarum
2342 2804 2518 2862 forma
2546 2818 2611 2860 ac
2638 2802 3046 2874 pulchritudine
3069 2800 3401 2870 speculanda
3427 2819 3446 2870 ;

1844 2915 1921 2956 ne
1953 2915 1984 2955 a
2019 2907 2318 2968 conspectu
2355 2896 2570 2953 lubrico
2600 2894 2670 2952 ad
2705 2907 2999 2951 venereum
3045 2893 3444 2963 perducantur.

2133 3008 2342 3068 XLVII.
2376 3038 2451 3053 —-
2481 3005 2785 3066 EUGENIO
2823 3003 3152 3063 DlAlZONO.

1060 3096 1319 3157 Virtutem
1352 3105 1557 3159 amanti
1599 3105 1875 3162 hominum
1922 3105 2306 3172 contemnenda
2344 3103 2546 3174 Opinio.

241 3211 464 3285 Ἐπειδὴ
507 3212 614 3287 χρὴ
643 3213 753 3268 ἀπὸ
781 3213 895 3268 τῶν
927 3216 1278 3286 γραμμάτων
1305 3216 1415 3272 τῶν
1443 3218 1555 3273 σῶν
1577 3236 1745 3275 κατα-

1921 3220 2373 3291 Quandoquidem
2401 3234 2434 3275 e
2465 3219 2576 3276 tuis
2613 3216 2816 3274 litteris
2854 3217 3102 3272 divinare
3140 3216 3269 3288 quid
3311 3186 3445 3274 sen-

163 3305 538 3377 στοχάσασθαι
561 3309 662 3378 τῆς
695 3306 796 3376 σῆς
818 3308 1078 3377 διανοίας,
1107 3310 1366 3380 αίσθομαί
1400 3325 1462 3365 σε
1492 3311 1619 3375 τούς
1648 3311 1749 3383 μὲν

155 3400 304 3472 ὑπὲρ
329 3401 426 3471 τῆς
450 3401 650 3473 ἀρετῆς
670 3401 867 3465 πόνους
893 3401 1066 3473 ἡδέως
1094 3403 1462 3474 ὑπομένοντα,
1498 3403 1597 3457 καὶ
1620 3405 1747 3470 τοὺς

154 3493 300 3565 ὑπὲρ
334 3491 504 3561 αὐτῆς
533 3493 780 3563 καρποὺς
809 3492 1080 3563 μεγάλους
1105 3489 1247 3547 εἷναι
1273 3493 1583 3564 νομίζοντα·
1614 3493 1748 3548 ἀθυ-

157 3583 372 3655 μοῦντα
391 3583 449 3636 δὲ
486 3581 567 3654 τῷ
598 3585 711 3648 τοῖς
741 3583 1052 3657 ἀνθρώποις
1092 3583 1413 3656 νομίζεσθαι
1437 3585 1744 3657 δυστυχεῖν,

153 3678 317 3745 ὀλίγα
357 3677 568 3750 γράψαι
609 3677 896 3747 διέγνωκα.
941 3677 1241 3742 Λανθάνεις
1269 3677 1378 3751 γὰρ
1425 3677 1624 3732 σαυτὸν
1651 3678 1746 3732 ἐπὶ

151 3769 370 3833 τούτοις
413 3769 804 3840 δυσχεραίνων,
836 3770 924 3840 ἐφ’
948 3764 1029 3833 οἷς
1068 3769 1298 3841 ἥδεσθαι
1331 3769 1634 3842 προσῆκεν.
1680 3769 1745 3822 Εί

150 3864 270 3935 γάρ
311 3864 411 3916 οὐκ
454 3861 823 3932 ἀμφιϐάλλεις
844 3902 858 3923 ,
885 3863 968 3916 ὅτι
1000 3862 1181 3933 μέγας
1224 3879 1306 3917 σοι
1338 3861 1552 3934 καρπὸς
1590 3862 1744 3916 ἔσται

153 3952 312 4024 παρά
339 3951 460 4022 Θεῷ
487 3950 590 4021 τῆς
632 3952 763 4024 περὶ
813 3951 912 4023 τὴν
951 3951 1156 4024 ἀρετὴν
1189 3951 1426 4018 εὐνοίας,
1467 3952 1520 4006 τί
1555 3969 1616 4006 σε
1644 3970 1743 4007 τα-

155 4044 346 4118 ράττει
378 4044 414 4114 ἡ
446 4041 557 4095 τῶν
591 4040 900 4114 ἀνθρώπων
929 4043 1176 4109 ὐπόνοια,
1204 4045 1256 4097 εί
1280 4047 1374 4098 καὶ
1409 4043 1633 4117 δοίημεν
1659 4045 1745 4100 οὓς

149 4151 268 4198 τως
317 4135 516 4198 αὐτοὺς
564 4134 926 4202 ὑποπτεύεινς
975 4134 1100 4189 Ὅτι
1143 4135 1203 4189 δὲ
1249 4134 1395 4195 οὕτω
1421 4137 1741 4208 νομίζουσι,

152 4228 336 4301 ῥᾷστα
368 4224 540 4289 δεῖξαι
580 4225 937 4298 πειράσομαι.
968 4226 1033 4280 Ei
1066 4225 1175 4298 γάρ
1207 4228 1303 4281 καὶ
1330 4227 1396 4280 σὺ
1430 4228 1592 4299 μόνος
1630 4227 1744 4282 τῶν

148 4316 360 4390 ἀρετὴν
388 4318 710 4389 ἠσκηκότων
741 4317 943 4372 τοιαῦτ’
983 4318 1216 4386 ἔπαθες,
1241 4315 1312 4391 ἦν
1342 4318 1445 4391 μὶν
1472 4321 1593 4374 οὐδὲ
1619 4321 1743 4374 τότε

147 4407 365 4479 ἀληθὴς
405 4408 440 4478 ἡ
496 4406 741 4462 ὐπόνοια.
785 4407 934 4480 Πλὴν
967 4408 1083 4462 ἀλλ’
1134 4405 1283 4480 εἶχον
1322 4410 1372 4463 oi
1413 4413 1527 4475 τοῖς
1556 4411 1744 4475 καλοῖς

148 4499 590 4570 ἀπεχθανόμενοι
632 4497 795 4553 σκιάν
823 4498 956 4568 γοῦν
984 4501 1390 4573 ἀναισχυντίας.
1424 4503 1488 4556 El
1520 4502 1578 4556 δὲ
1616 4501 1741 4556 οὐτε

149 4591 394 4664 πρῶτος,
421 4588 543 4644 οὔτε
571 4589 730 4661 μόνος
754 4588 1033 4654 τοιαύταις
1054 4596 1367 4665 συμφοραῖς
1388 4593 1741 4666 περιέπεσες,

150 4681 294 4739 ἀλλὰ
323 4680 523 4745 πάντες
556 4679 742 4752 σχεδὸν
772 4682 822 4735 oi
867 4681 1102 4755 ἄριστοι,
1135 4685 1195 4737 οὐ
1228 4683 1390 4755 μόνον
1419 4685 1573 4757 παρά
1603 4687 1742 4758 Χρι-

151 4777 412 4841 στιανοίς,
443 4774 581 4840 ἀλλ’,
631 4774 680 4828 εί
712 4774 817 4847 χρὴ
851 4775 1061 4839 πάντας
1105 4776 1442 4848 περιλαϐεῖν,
1477 4778 1574 4832 καὶ
1613 4778 1740 4833 σϐέ-

153 4881 250 4919 σαι
275 4881 372 4918 σου
400 4864 497 4934 τὴν
528 4863 789 4935 ἀθυμίαν,
821 4864 917 4919 καὶ
954 4866 1085 4936 παρ’
1126 4866 1402 4932 Ἰουδαίοις
1438 4868 1610 4922 πάλαι
1643 4871 1741 4922 καὶ

153 4957 407 5027 Ἕλλησι,
436 4956 532 5010 καὶ
563 4955 883 5028 βαρϐάροις,
910 4958 964 5010 τί
1007 4956 1220 5024 ἀλύεις;
1249 4959 1311 5012 Ei
1347 4959 1457 5031 γὰρ
1479 4961 1744 5027 κάκεῖνοι,

151 5049 348 5120 ὥσπερ
375 5047 608 5119 ἀθληταὶ
637 5049 875 5115 γενναῖοι
917 5048 1283 5114 τυπτόμενοι,
1314 5050 1409 5104 καὶ
1439 5067 1748 5122 τραυματι-

153 5141 399 5214 ζόμενοι,
424 5142 516 5194 καὶ
538 5139 738 5210 αἵμασι
762 5140 1196 5212 καταρῤεόμενοι
1217 5142 1313 5195 καὶ
1339 5141 1590 5207 θανάτοις
1620 5145 1748 5213 ὁμι-

151 5234 376 5295 λοῦντες
414 5231 741 5295 διετέλεσαν,
783 5233 836 5286 τί
887 5236 953 5288 σύ
978 5237 1046 5305 τῇ
1087 5233 1299 5307 ἀθυμίᾳ
1339 5235 1749 5301 καταϐλάπτεις

155 5325 381 5392 σαυτὸν,
415 5326 510 5379 καὶ
545 5328 719 5389 ποιεῖς
760 5327 854 5380 τὸν
901 5328 1311 5398 ἀνταγωνιστὴν
1362 5328 1744 5400 ἰσχυρότερον;

155 5417 370 5472 Ταυτὸν
398 5406 507 5488 γάρ
558 5420 730 5482 ποιεῖς
751 5459 768 5485 ,
796 5418 873 5483 ὡς
913 5419 980 5474 ἂν
1021 5423 1071 5473 εί
1099 5419 1319 5488 ἔλεγες,
1351 5419 1418 5473 δι’
1463 5421 1530 5492 ἢν
1568 5419 1749 5473 αἰτίαν

155 5508 351 5562 οὐδένα
380 5507 490 5562 τῶν
529 5507 741 5561 θεατῶν
790 5509 1019 5581 πλήττει
1064 5512 1092 5563 ὁ
1139 5511 1549 5582 ἀνταγωνιστὴς
1572 5553 1585 5575 ,
1631 5510 1747 5566 ἀλλ’

157 5597 327 5655 αὐτὸν
353 5597 445 5653 τὸν
473 5600 946 5673 ἀπογραψάμενον
981 5602 1077 5655 καὶ
1105 5604 1186 5665 είς
1211 5604 1273 5656 τὸ
1298 5602 1512 5656 στάδιον
1538 5605 1747 5672 εἰσφοι-

157 5693 440 5765 τήσαντας
473 5692 564 5764 Μὴ
598 5694 780 5747 τοίνυν
821 5694 954 5748 ἅλυε
992 5694 1223 5748 τοιαῦτα
1263 5694 1492 5764 πάσχων
1523 5689 1608 5747 οἷα
1652 5695 1750 5747 κά-

162 5785 352 5847 κεῖνοι,
390 5802 409 5835 ι
435 5776 510 5836 ὧν
531 5783 634 5838 οὐκ
655 5781 722 5857 ἦν
748 5785 895 5851 ἄξιος
919 5787 949 5839 ὁ
973 5790 1198 5857 κόσμος·
1235 5807 1252 5840 ι
1277 5787 1392 5840 ἀλλ’
1423 5785 1744 5856 εὐφραίνου,

229 5939 254 5974 '
285 5937 447 5996 Hebr.
492 5954 569 6002 τι,
593 5938 682 5994 58.

494 6031 771 6091 Ριιτιιοι..
817 6028 935 6090 Gn.
991 6029 1318 6090 LXXVIII.

1853 3313 1959 3370 tias
1996 3319 2247 3383 oportet,
2301 3309 2562 3366 existimo
2615 3319 2668 3366 te
2715 3324 2877 3373 eum,
2928 3308 3022 3379 qui
3076 3309 3292 3364 labores
3348 3325 3448 3379 prn

1850 3406 2055 3459 virtute
2089 3419 2213 3460 cum
2237 3403 2585 3474 iucunditate
2619 3402 2911 3466 sustineat,
2951 3402 3316 3473 opineturqne
3359 3401 3446 3456 in-

1849 3507 2040 3568 gentes
2067 3497 2193 3552 inde
2221 3499 2433 3552 fructus
2455 3476 2748 3552 exsistere.
2775 3494 2956 3553 Pauca
2993 3510 3127 3551 veru
3155 3495 3449 3566 scripsisse

1850 3589 2252 3651 animadverto,
2287 3588 2436 3658 quod
2484 3587 2670 3643 doleas
2699 3586 2973 3643 infelicent
3021 3598 3072 3642 te
3103 3587 3174 3642 ab
3208 3588 3451 3642 homini-

1847 3677 1948 3735 bus
1984 3677 2222 3733 eenseri.
2272 3674 2466 3732 Nescis
2492 3677 2639 3732 enim
2676 3686 2731 3734 te
2776 3678 2845 3732 iis
2894 3677 3165 3746 indignari
3209 3692 3276 3734 ac
3317 3694 3447 3734 suc-

1849 3785 2098 3836 censere,
2136 3785 2235 3840 pro
2267 3770 2470 3841 quibus
2513 3785 2616 3840 par
2659 3779 2778 3824 erat
2813 3770 3005 3824 lactari.
3062 3770 3118 3825 Si
3153 3771 3299 3825 enim
3338 3786 3449 3826 non

1852 3861 2083 3926 dubitas,
2140 3861 2270 3932 quin
2322 3875 2421 3930 pro
2476 3861 2659 3917 studio
2714 3861 2937 3917 virtutis
2992 3876 3251 3932 magnum
3305 3865 3450 3932 apud

1851 3951 2018 4008 Deum
2061 3963 2113 4008 te
2146 3952 2430 4022 praemium
2464 3960 2707 4018 maneat,
2749 3953 2949 4022 ecquid
2996 3953 3280 4008 hominum
3334 3964 3453 4009 tur-

1847 4042 1995 4099 baris
2024 4043 2374 4114 suspicione?
2406 4043 2518 4100 Etsi
2568 4045 2649 4100 sic
2681 4044 2932 4101 dedimus
2964 4045 3097 4114 ipsis
3133 4047 3448 4116 suspicandi

1848 4150 2064 4202 ansam,
2092 4135 2346 4206 quodque
2397 4135 2471 4190 ita
2526 4136 2787 4201 sentiant,
2825 4134 3087 4191 facillime
3134 4143 3446 4192 ostendam.

1850 4227 1908 4283 Si
1937 4229 2083 4284 enim
2128 4227 2227 4284 soli
2273 4226 2369 4284 tibi
2405 4238 2621 4292 eorum,
2668 4227 2760 4297 qni
2794 4228 2984 4283 virtuti
3034 4226 3165 4283 dant
3197 4242 3447 4298 operam.

1849 4321 1900 4375 id
1947 4320 2166 4382 accidit,
2224 4333 2330 4374 non
2382 4318 2548 4373 fuerit
2585 4332 2716 4373 vera
2765 4320 2885 4375 haec
2929 4319 3193 4390 suspicio.
3238 4317 3446 4374 Verum

1848 4411 2138 4468 habuerint
2182 4410 2533 4482 impudentiae
2561 4410 2835 4477 umbram,
2872 4412 2965 4482 qui
2997 4412 3160 4468 rebus
3199 4412 3450 4467 honestis

1849 4504 2135 4558 invident:
2171 4517 2278 4557 non
2329 4509 2509 4555 tamen
2558 4500 2768 4571 primus
2816 4516 2992 4572 neque
3028 4503 3179 4558 solus
3231 4503 3284 4557 in
3345 4504 3447 4558 has

1851 4595 2091 4651 incidisti
2140 4593 2520 4657 calamitates,
2577 4594 2672 4647 sed
2724 4595 2966 4664 optimus
2998 4593 3172 4649 ferme
3216 4596 3448 4666 quisque

1854 4702 1959 4742 non
2004 4688 2166 4741 modo
2200 4684 2343 4756 apud
2377 4683 2743 4751 Christianos,
2783 4683 2876 4739 sed
2912 4683 2981 4756 (si
3023 4685 3313 4756 complecti
3366 4685 3450 4740 fas

1852 4789 1939 4836 est
1970 4793 2164 4833 omnes
2195 4787 2407 4848 gentes,
2451 4785 2508 4830 et
2548 4776 2665 4831 haec
2714 4777 2808 4831 tibi
2851 4777 3020 4832 animi
3074 4781 3449 4835 consternatio

1853 4877 1937 4922 est
1964 4864 2267 4937 eripienda)
2301 4866 2442 4934 apud
2471 4863 2691 4920 .ludteos
2722 4866 2851 4920 olim
2883 4877 2938 4922 et
2967 4870 3198 4938 gentiles
3227 4885 3290 4925 ac
3319 4871 3450 4925 bar-

1851 4960 2034 5026 baros,
2065 4959 2380 5015 inciderunt
2417 4958 2595 5013 multi.
2627 4957 2704 5015 Ut
2742 4959 2873 5030 quid
2909 4974 3043 5030 ergo
3066 4963 3451 5020 contristaris?

1853 5047 1911 5103 Si
1943 5049 2090 5105 enim
2123 5049 2197 5102 illi
2235 5058 2497 5118 tanquam
2534 5047 2754 5105 athleta:
2785 5052 3039 5119 generosi
3071 5053 3243 5122 plagis
3274 5055 3451 5124 impo-

1851 5140 1973 5196 sitis
1995 5151 2052 5196 et
2082 5139 2374 5206 vulnerati,
2404 5139 2779 5210 sanguineque
2811 5140 3057 5212 profuso,
3083 5145 3247 5199 etiam
3271 5158 3453 5201 morte

1853 5248 1961 5287 una
1991 5235 2388 5298 occubuerunt,
2421 5241 2476 5287 tu
2516 5231 2646 5302 quid
2686 5233 2902 5288 interim
2933 5236 3100 5290 animi
3145 5237 3452 5308 abjectione

1855 5337 1907 5379 te
1949 5327 2065 5396 ipse
2119 5325 2293 5389 laedis,
2350 5325 2649 5395 reddisque
2693 5327 3072 5380 adversarium
3123 5326 3454 5384 fortiorem?

1852 5412 1996 5469 Idem
2026 5417 2170 5470 enim
2211 5415 2344 5470 facis
2386 5430 2448 5470 ac
2490 5415 2533 5469 si
2567 5414 2781 5469 diceres
2822 5434 2837 5472 :
2870 5415 2980 5471 Cur
3023 5420 3294 5473 neminem
3330 5435 3455 5490 spe-

1853 5510 2117 5562 ctantium
2159 5508 2503 5562 adversarius
2534 5508 2808 5572 vulnerat,
2846 5510 2939 5563 sed
2991 5509 3169 5579 ipsnm
3217 5520 3453 5577 tantum,

1853 5601 1942 5669 qui
1982 5615 2176 5655 nomen
2209 5599 2441 5662 dederit,
2481 5609 2646 5669 atque
2677 5601 2728 5655 in
2769 5602 3005 5656 stadium
3038 5603 3306 5671 prodent?
3329 5603 3455 5658 Tri-

1853 5693 1984 5747 stari
2033 5693 2217 5758 itaque
2247 5706 2400 5755 cave.
2436 5706 2498 5745 ea
2538 5692 2750 5761 patiens
2790 5707 2910 5761 qua:
2938 5696 3178 5763 perpessi
3218 5706 3348 5751 sunt
3393 5698 3450 5761 ii,

1859 5804 1875 5836 ι
1916 5784 2112 5854 quibus
2140 5783 2335 5853 dignus
2383 5799 2490 5837 non
2532 5794 2654 5839 erat
2708 5786 2940 5839 mundus
2965 5786 3021 5852 ⁷;
3057 5805 3075 5837 ι
3111 5787 3243 5854 quin
3275 5786 3458 5856 potius

3022 6035 3097 6097 43
