4150 6478
677 365 809 440 13Ἱ1

1850 363 1909 423 8.
1949 362 2240 423 ISIDORI
2272 358 2715 421 PELUSIOTAS

886 483 1118 541 LXXVI.
1162 516 1230 526 —
1270 481 1602 539 ASCLEPIO
1643 478 2029 535 SOPHISTIE.
2281 492 2315 537 Α

3796 340 3949 408 13⁸72

2644 474 2780 539 οςν.
2825 501 2892 511 -
2930 464 3284 536 Ammona
3324 459 3637 532 ΣΟΦΙΣΤῌ.

1782 594 1911 659 Quis
1942 610 2055 647 vere
2080 592 2256 660 fortis.
2289 591 2505 661 (Confer
2532 589 2684 659 epist.
2721 585 2835 654 88.)

746 713 959 768 Fortem
982 726 1083 781 ego
1107 711 1253 766 hunc
1284 726 1473 765 revera
1500 711 1675 763 virum
1725 710 2032 778 pronuntio,
2086 721 2244 776 quem

676 817 849 873 neque
870 804 1111 857 adversae
1136 816 1243 865 res,
1275 818 1447 871 neque
1481 801 1718 855 hostium
1749 800 1972 855 vicerint
2013 799 2243 852 insidite.

676 895 806 950 Cum
832 894 975 948 enim
998 894 1115 962 capi
1141 894 1260 947 istis
1290 894 1537 963 plerique
1565 891 1978 955 consueverint,
2008 890 2097 944 ille
2128 890 2249 961 qui-

676 982 795 1036 dem
823 983 913 1053 qui
942 984 1143 1046 auxilio
1168 983 1314 1036 omni
1343 984 1633 1036 destitutus
1667 980 1807 1034 vinci
1839 995 1943 1034 non
1981 994 2140 1049 posse
2176 980 2247 1032 sit

674 1074 1067 1141 deprehensus,
1114 1072 1208 1126 sed
1247 1084 1299 1128 et
1328 1074 1432 1125 vim
1460 1071 1673 1142 egregie
1709 1070 2010 1141 perferens,
2051 1079 2108 1123 et
2160 1073 2245 1122 in-

677 1163 843 1219 sidias
866 1163 1009 1217 laudi
1048 1164 1151 1217 sibi
1181 1166 1405 1226 ducens,
1434 1177 1611 1231 neque
1652 1162 1704 1215 in
1741 1160 1967 1216 serviles
1989 1160 2249 1227 delapsus

678 1254 1018 1309 adulationes
1062 1271 1123 1309 ac
1149 1254 1460 1320 blanditias,
1489 1252 1859 1313 sublimiorem
1888 1267 2015 1308 vero
2040 1252 2249 1307 habens

676 1359 836 1413 quam
884 1344 1227 1409 insidiatores
1271 1345 1653 1413 prudentiam,
1698 1343 1857 1399 fortis
1899 1344 1986 1398 hic
2009 1345 2089 1398 vir
2118 1358 2251 1398 cett-

676 1436 895 1498 sendus,
921 1437 964 1490 si
990 1438 1133 1505 quod
1185 1437 1235 1489 itt
1278 1435 1362 1490 his
1403 1435 1667 1504 judicium
1699 1451 1901 1491 meum.
1940 1435 2078 1491 Cum
2103 1436 2248 1492 enim

678 1530 729 1582 in
775 1544 1035 1599 prospera
1078 1531 1291 1584 fortuna
1339 1530 1644 1598 expeditius
1697 1530 1863 1583 etiam
1907 1530 2098 1584 molles
2154 1530 2249 1583 Ito-

678 1620 851 1674 tnines
884 1604 1170 1691 prudentia
1205 1632 1447 1686 utantur,
1480 1635 1566 1675 res
1588 1631 1736 1675 certe
1761 1622 2003 1674 adversm
2047 1620 2248 1690 probos

679 1711 960 1765 declarant
986 1713 1152 1766 viros.
1194 1712 1250 1765 In
1304 1712 1555 1767 felicibus
1594 1712 1777 1779 itaque
1823 1716 2132 1764 moderatus
2154 1709 2245 1779 qui

2441 709 2678 760 Ἐκεῖνον
2702 703 2874 766 ὅντως
2904 700 3151 770 ἀνδρείον
3190 695 3471 767 ὁρίζομαι,
3500 693 3559 746 ὃν
3582 690 3708 745 οὔτε
3738 688 3947 745 δυσκο-

2353 800 2443 852 λία
2491 795 2833 869 πραγμάτων
2866 831 2883 856 ,
2939 789 3062 844 οὕτε
3124 787 3335 861 ἐχθρῶν
3383 783 3607 857 ήλεγξεν
3652 781 3945 852 ἐπιϐουλή.

2354 891 2473 942 Τῶν
2503 890 2612 958 γὰρ
2660 884 2872 940 πολλῶν
2916 882 3022 936 ὑπὸ
3049 882 3159 934 τῶν
3195 879 3453 932 τοιούτων
3496 875 3764 930 εἰωθότων
3821 873 3947 927 ἀλί-

2356 982 2605 1043 σκεσθαι,
2624 983 2650 1033 ὁ
2676 980 2751 1050 μὴ
2772 980 2829 1031 ἐν
2852 978 2967 1039 τοῖς
2983 973 3306 1043 ἀϐουλήτοις
3331 969 3601 1033 εὐάλωτος
3636 966 3955 1039 φωραθεὶς,

2356 1075 2492 1129 ἀλλὰ
2525 1076 2619 1126 κοιλ⁵
2649 1070 2917 1141 ἐπηρείας
2952 1066 3197 1137 κοσμίως
3233 1068 3437 1135 φέρων,
3472 1063 3566 1115 καὶ
3602 1060 3765 1129 δόξης
3804 1058 3950 1111 ὑπό-

2354 1166 2504 1220 θεσιν
2544 1163 2869 1232 ποιούμενος
2895 1161 2997 1225 τὰς
3027 1157 3346 1220 ἐπιϐουλὰς,
3405 1155 3501 1210 καὶ
3539 1154 3617 1224 μὴ
3645 1154 3729 1215 είς
3752 1150 3950 1204 δουλο-

2355 1259 2585 1328 πρεπεῖς
2619 1254 3093 1331 κατα-ιςιγνόμενος
3152 1250 3412 1312 θωπείας,
3460 1246 3574 1302 ἀλλ’
3607 1243 3954 1316 ὑψηλότερον

2355 1351 2463 1405 τῶν
2486 1348 2948 1403 ἐπιϐουλευόντων
2971 1345 3111 1417 ἔχων
3132 1344 3193 1397 τὸ
3226 1344 3503 1414 φρόνημα,
3519 1335 3672 1403 οὗτος
3702 1335 3952 1407 ἀνδμᾶ

2356 1445 2471 1496 ἐστι
2502 1441 2632 1511 παρ’
2665 1440 2788 1508 ἐμοὶ
2808 1441 2994 1510 κριτῇ.
3044 1435 3263 1506 Ἐπειδὴ
3304 1434 3413 1505 γὰρ
3446 1434 3506 1486 ἐν
3551 1432 3651 1502 μὲν
3706 1432 3835 1492 ταῖς
3858 1429 3953 1480 εὑ·

2356 1532 2613 1604 ημερίαις
2636 1533 2833 1602 ῥᾷστον
2861 1532 2955 1584 καὶ
2981 1532 3092 1592 τοῖς
3134 1528 3419 1597 ἀνάνδροις
3452 1525 3763 1595 φρονήματι
3810 1521 3954 1592 χρή-

2360 1621 2575 1687 σασθαι,
2627 1623 2684 1675 αί
2716 1618 3001 1674 δυσκολίαι
3031 1620 3088 1672 δὲ
3121 1619 3247 1682 τοὺς
3286 1616 3527 1685 ἀγαθοὺς
3550 1614 3830 1684 κρίνουσισ
3858 1611 3954 1663 τὸν

2364 1715 2461 1785 μὲν
2504 1717 2563 1767 ἐν
2600 1711 2872 1783 εὐημερίᾳ
2914 1711 3157 1781 μέτριον,
3199 1711 3257 1762 ἐν
3287 1708 3345 1761 δὲ
3390 1705 3650 1775 δυσκολίᾳ
3682 1702 3956 1773 πραγμά-

678 1802 785 1867 sit,
818 1802 871 1855 in
910 1804 1160 1858 adversis
1185 1819 1313 1859 vero
1352 1805 1512 1858 rebus
1557 1802 1738 1857 celsus
1784 1800 2113 1868 minimeque
2155 1802 2253 1855 ab-

2369 1821 2486 1871 rtuv,
2528 1803 2922 1868 ἀταπείνωτον,
2985 1798 3370 1869 ἀνδρειότατον
3418 1793 3561 1851 εἶναι
3607 1795 3788 1864 ἔγωγε
3840 1793 3959 1863 ὁρί-

672 1892 882 1959 jectus,
921 1891 1281 1948 fortissimum
1325 1909 1425 1965 ego
1479 1894 1624 1947 hunc
1676 1891 1853 1945 virum
1903 1905 2103 1963 censeo
2150 1906 2253 1961 ap-

680 1982 1068 2127 pﬁlkyglsrlljl;
1101 2070 1554 2135 ΜΑΒΤΙΝΙΑΝΟ,
1590 2070 1840 2127 ΖΟΒΙΜΟ
1869 2080 1922 2125 et
1954 2067 2240 2126 MARONI.

2365 1896 2551 1967 ζομαι.

2475 2076 2594 2131 ΟΖ’.
2633 2105 2704 2115 -
2739 2070 3198 2140 ΜΑΡΤΙΝΙΑΝῼ.
3241 2069 3511 2141 ΖΩΣῘΜῼ,
3550 2066 3846 2122 MAPDNI.

785 2163 1046 2219 Hortatur
1070 2176 1123 2219 ut
1149 2183 1181 2219 a
1214 2166 1354 2219 vitiis
1377 2167 1632 2220 desistant
1661 2181 1680 2219 :
1709 2181 1826 2233 qua:
1857 2173 1931 2217 tot
1958 2174 2232 2236 tantaque,
2265 2174 2324 2219 ut
2367 2184 2458 2222 nec
2486 2169 2585 2222 vivi
2616 2170 2780 2221 verbis
2804 2166 3014 2236 quidem
3037 2164 3357 2232 exprimant,
3392 2177 3483 2216 nec
3509 2161 3705 2230 posteri
3731 2160 3841 2212 sint

1731 2235 1999 2288 credituri.
2032 2232 2253 2306 (Confer
2279 2241 2437 2306 epist.
2471 2239 2539 2293 53
2572 2239 2641 2292 ad
2670 2232 2937 2304 eosdem.)

754 2346 850 2408 Si,
902 2355 960 2399 ut
1002 2344 1204 2411 ferunt,
1250 2346 1467 2414 quidam
1502 2348 1654 2403 valde
1704 2349 1898 2419 periti,
1941 2349 2266 2418 dicendique

683 2447 800 2492 arte
826 2436 1132 2503 exercitati,
1163 2451 1400 2492 vestram
1433 2454 1540 2494 non
1567 2438 1726 2495 facile
1754 2441 2263 2512 audeauttragicam

688 2529 891 2583 referre
913 2528 1076 2582 vitam
1108 2546 1122 2583 :
1172 2540 1429 2584 verentur
1454 2534 1597 2586 enim
1638 2547 1849 2595 eorum,
1878 2534 1970 2602 qui
2018 2548 2161 2587 nunc
2183 2533 2263 2587 vi-

685 2630 839 2683 vunt,
886 2610 1385 2688 reprehensionem,
1416 2632 1468 2676 et
1514 2632 1759 2690 posteros
1802 2638 1908 2677 non
1932 2626 2259 2680 credituros.

688 2710 785 2782 (illi
813 2710 954 2764 enim
1002 2710 1151 2779 plura
1200 2727 1261 2766 se
1312 2712 1453 2767 scire
1506 2712 1736 2779 dicunt,
1783 2730 1944 2784 quam
1996 2717 2063 2770 de
2115 2716 2268 2770 vobis

688 2802 975 2855 enuntiare
1004 2811 1210 2868 queant
1238 2818 1254 2866 ;
1311 2804 1511 2871 posteri
1540 2818 1672 2857 vero
1698 2804 1904 2857 minora
1939 2819 2034 2859 vos
2068 2804 2269 2873 ﬂagitia

688 2889 1052 2955 commisisse,
1095 2904 1256 2958 quam
1306 2907 1425 2959 quae
1474 2903 1787 2958 narrentur,
1835 2894 2272 2967 existimabunt),

686 2998 804 3051 qua:
855 2980 1181 3061 Itmel‘igitur
1208 2990 1386 3035 vestra
1437 2983 1751 3038 iucurabilis
1799 2995 1882 3038 est
1926 2986 2165 3039 amentia
2216 2993 2271 3039 et

2442 2352 2526 2415 Εἰ,
2555 2350 2630 2415 ὥς
2657 2348 2791 2420 φασί
2806 2364 2972 2411 τινες,
3004 2346 3127 2399 οὑδὲ
3147 2346 3196 2398 οἱ
3213 2344 3334 2397 λίαν
3358 2343 3545 2406 δεινοὶ,
3566 2343 3663 2395 καὶ
3694 2342 3752 2395 τὸ
3770 2343 3959 2409 λέγειν

2370 2443 2566 2515 τέχνην
2596 2440 2976 2511 πεποιημένοι,
3012 2439 3111 2502 τὰς
3143 2437 3418 2508 ὑμετέρας
3473 2435 3677 2505 ῥᾳδίως
3712 2436 3957 2505 τολμῶσι

2372 2533 2721 2605 στηλιτεῦσαι
2744 2530 3053 2602 τραγῳδίας
3098 2526 3352 2598 (φοϐοὗντ
3367 2542 3425 2581 αι
3457 2525 3567 2597 γὰρ
3591 2526 3701 2578 τῶν
3732 2526 3835 2596 μὲν
3862 2525 3957 2579 νῦν

2366 2624 2455 2678 τὸν
2494 2623 2736 2693 ἔλεγχον,
2768 2621 2880 2675 τῶν
2914 2621 2972 2673 δὲ
3018 2619 3298 2689 ἐσομένων
3341 2616 3439 2687 τὴν
3486 2616 3768 2670 ἀπιστίαν.
3816 2616 3958 2679 Τοὺς

2370 2718 2467 2788 μὲν
2499 2717 2608 2785 γὰρ
2645 2714 2868 2767 πλείονα
2913 2712 3113 2764 είδέναι
3156 2711 3341 2779 φασὶν,
3365 2701 3439 2762 ὧν
3482 2708 3549 2761 ἂν
3580 2710 3757 2761 εἰπεῖν
3786 2708 3951 2779 δυνη-

2369 2809 2544 2861 θεῖεψ
2580 2808 2628 2860 οἱ
2673 2807 2730 2860 δὲ
2770 2805 2994 2858 ἔλαττον
3037 2804 3181 2873 ὑμᾶς
3211 2800 3535 2872 δεδρακέναι
3568 2800 3673 2853 τῶν
3720 2800 3958 2871 ῥηθησο-

2378 2901 2554 2971 μένων
2590 2896 2934 2969 ⁴ἡγήσονται),
2971 2896 3052 2959 τίς
3094 2896 3127 2965 ή
3177 2893 3478 2963 ἀνήκεστος
3504 2891 3640 2961 αὕτη
3698 2892 3890 2961 μανία,
3920 2894 3955 2962 ή

2377 2992 2796 3061 ἐκϐακχεύσασα
2830 2991 2976 3059 ὑμᾶς
3000 2986 3228 3041 τοιαῦτα
3253 2986 3475 3057 δρᾶσαι,
3502 2984 3537 3039 ἀ
3568 2984 3659 3037 καὶ
3688 2986 3817 3047 τοὺς
3834 2973 3957 3037 ἶνυνὶ

690 3072 1061 3134 debaccltatio,
1093 3072 1219 3125 talia
1256 3087 1349 3125 vos
1390 3084 1606 3139 patrare
1629 3074 1856 3139 scelera,
1886 3090 2005 3144 qua:
2029 3086 2083 3129 et
2109 3076 2265 3132 hodie

2374 3082 2716 3143 δεινοτάτους
2746 3078 2980 3147 ἐλέγξει,
3009 3078 3104 3131 καὶ
3140 3077 3269 3141 τοὺς
3297 3076 3435 3147 μετά
3451 3076 3625 3130 ταῦτα
3650 3076 3955 3146 ἀπιστῆσαι

688 3163 920 3215 disertos
946 3170 1175 3231 arguant
1205 3162 1426 3225 silentii,
1452 3173 1506 3216 et
1527 3163 1665 3231 apud
1691 3175 1938 3231 posteros
1967 3163 2125 3218 iidem
2156 3180 2262 3220 non

2371 3174 2783 3244 παρασκευάσει
2844 3168 2994 3241 (82);
3032 3170 3108 3223 Οὑ
3144 3169 3253 3240 γάρ
3294 3166 3583 3221 πιστεῦσαι
3638 3166 3958 3236 ἐθελήσουσι

692 3252 1012 3307 inveniant?
1050 3250 1162 3306 Nec
1193 3253 1336 3305 enim
1371 3252 1528 3306 facile
1558 3262 1615 3305 ut
1636 3254 1859 3308 credant
1894 3255 2087 3309 adduci
2116 3266 2270 3325 pote-

690 3355 818 3397 runt
863 3342 1059 3407 posteri
1092 3356 1157 3396 ea
1181 3342 1247 3395 ab
1271 3342 1578 3397 hominibus
1607 3344 1842 3398 admissa
1870 3345 2125 3411 crimina,
2152 3362 2273 3415 qua:

692 3449 764 3487 tte
814 3433 1063 3487 exitiales
1104 3433 1322 3502 quidem
1368 3435 1635 3490 daemones
1658 3436 1995 3491 committere
2020 3439 2271 3492 audeant.

693 3524 811 3577 \‘ivi
841 3525 984 3578 enim
1012 3534 1223 3594 patrata
1242 3535 1529 3593 cernentes
1557 3526 1762 3580 scelera
1789 3527 1973 3581 dicent
2011 3528 2272 3583 inferiora

691 3614 799 3670 illis
848 3616 1048 3685 tragica
1091 3631 1213 3670 esse
1256 3617 1522 3670 dramata.
1562 3614 1773 3671 Posteri
1810 3632 1939 3672 vero
1967 3618 2271 3684 audientes,

695 3706 899 3775 majora
943 3708 1047 3761 illis
1087 3708 1494 3762 existimabunt.
1556 3708 1631 3763 Illi
1680 3710 1871 3774 verbis,
1899 3711 2140 3779 potuisse
2180 3712 2271 3764 ad-

691 3798 892 3866 sequari
938 3799 1303 3851 narrationem
1348 3800 1510 3853 rebus
1555 3814 1585 3851 a
1635 3800 1787 3853 vobis
1833 3800 2061 3869 patratis
2115 3815 2277 3868 nega-

694 3893 867 3957 bunt;
911 3891 1107 3958 posteri
1135 3899 1313 3945 autem
1342 3902 1719 3961 exaggeratam
1774 3894 1827 3947 in
1852 3892 2131 3961 majusque
2159 3892 2240 3947 ela
2260 3908 2274 3929 '-

694 3990 807 4037 tam
828 3981 1129 4036 orationem
1177 3984 1618 4051 suspicabuutur.
1661 3982 1738 4037 Illi
1779 3985 1998 4053 quidem
2030 3996 2293 4041 oratores.

697 4074 872 4126 victos
921 4088 1042 4127 esse
1094 4088 1277 4126 rerum
1336 4076 1702 4141 enormitate,
1758 4077 1960 4145 posteri
2013 4092 2143 4132 vero
2190 4094 2279 4131 su-

697 4176 919 4234 perasse
944 4162 1190 4216 oratione
1221 4162 1561 4230 judicabunt.
1615 4163 1761 4232 lllos,
1812 4167 2068 4237 inquam,
2120 4183 2280 4237 argu-

700 4263 880 4307 mento
929 4252 1118 4329 victos,
1168 4253 1219 4307 lti
1275 4254 1393 4324 plus
1436 4271 1591 4323 aequo
1643 4273 1727 4312 res
1787 4258 2004 4312 auxisse
2069 4259 2273 4313 dicent.

700 4343 879 4409 Quare
900 4359 1021 4398 cum
1050 4346 1248 4410 onmia,
1281 4362 1399 4416 quae
1422 4349 1794 4417 dicijpossunt,
1826 4365 1949 4405 cum
1972 4351 2164 4404 vestris
2186 4365 2279 4404 ex-

2374 3266 2591 3338 ρᾳδίως,
2640 3265 2722 3316 ὅτι
2759 3261 3041 3333 ἄνθρωποι
3085 3261 3315 3315 τοιαῦτα
3345 3260 3599 3331 ἔδρασαν,
3650 3257 3687 3312 ἀ
3736 3258 3847 3310 οὐδ’
3891 3260 3959 3312 ἂν

2372 3356 2623 3425 δαίμονες
2666 3354 2936 3424 ἀλιτήριοι
2973 3353 3172 3422 δρᾶσαι
3227 3351 3553 3423 ἐτόλμησαν.
3600 3350 3661 3403 Ol
3718 3349 3819 3420 μὲν
3848 3347 3965 3418 γὰρ

2375 3446 2612 3518 ὁρῶντες
2626 3445 2694 3498 τὰ
2716 3444 2816 3516 δρα
2824 3443 3133 3515 ματουργοὺ
3143 3460 3280 3513 μενα
3290 3444 3502 3514 ,ἥττους
3517 3442 3624 3495 τῶν
3638 3439 3958 3511 τραγῳδιῶν

2376 3541 2501 3603 τοὺς
2536 3538 2750 3607 λόγους,
2779 3538 2830 3591 ol
2877 3537 2922 3591 δ’
2972 3535 3328 3601 ἀκούσαντες,
3367 3534 3585 3605 μείζους
3634 3534 3953 3603 ἡγήσονται.

2377 3632 2438 3685 Ol
2481 3632 2583 3701 μὲν
2614 3630 2689 3702 μὴ
2737 3627 3061 3699 δεδυνῆσθαι
3109 3628 3210 3697 τὴν
3256 3626 3457 3698 φράσιν
3512 3624 3835 3695 ἐξισωθῆναι
3888 3625 3954 3694 τῇ

2376 3723 2573 3795 πράξει
2613 3720 2895 3794 νομιοῦσιν
2920 3736 2931 3747 ·
2969 3720 3020 3773 οί
3065 3720 3123 3773 δὲ
3155 3716 3531 3788 ἐξωγκῶσθαι,
3578 3716 3670 3770 καὶ
3714 3716 3849 3785 πρὸς
3894 3714 3958 3767 τὺ

2342 3836 2343 3839 η
2380 3816 2562 3884 μεῖζον
2608 3810 2773 3885 ἦρθαι
2808 3811 2877 3865 τὰ
2914 3811 3262 3882 γεγενημένα
3295 3809 3683 3883 ὑπολήψονται.
3738 3808 3803 3861 Ui
3858 3806 3955 3877 μέν

2379 3907 2645 3978 ἡττῆσθαι
2685 3907 2811 3971 τοὺς
2859 3908 3119 3979 ῥήτορας,
3169 3906 3219 3959 οί
3256 3905 3302 3958 δ’
3351 3902 3791 3974 ὑπερϐεϐηκέναι
3849 3901 3953 3971 ψη-

2380 3996 2645 4066 φιοῦνται.
2678 3997 2817 4059 Τοὺς
2840 3995 2941 4065 μέν
2970 3995 3079 4065 γάρ
3108 3992 3340 4047 κατόπιν
3367 3993 3467 4061 τῆς
3489 3988 3797 4051 ὑποθέσεως
3823 3987 3953 4041 ὑπο-

2379 4087 2652 4157 λελεῖφθαι
2680 4086 2814 4158 (85),
2858 4088 2988 4151 τοὺς
3028 4086 3086 4140 δέ
3119 4084 3552 4156 ὑπερϐεϐηκέναι
3580 4082 3863 4154 φήσουσιν.
3890 4077 3951 4132 EI

2380 4178 2558 4232 τοίνυν
2584 4180 2760 4232 πάντα
2817 4177 2994 4249 μικρά
3038 4176 3175 4249 πρὸς
3215 4178 3314 4245 τὴν
3356 4174 3629 4246 ὑμετέραν
3672 4171 3953 4244 βδελυρίαν

2384 4268 2739 4339 φθέγξασθαι,
2790 4266 3071 4321 παύσασθε
3100 4264 3328 4319 τοιαῦτα
3353 4264 3607 4335 δρῶντες,
3632 4261 3667 4318 ἃ.
3692 4263 3789 4316 καὶ
3822 4262 3947 4322 τοὺς

2381 4361 2477 4414 νῦν
2508 4359 2751 4430 ἐλέγξει,
2792 4359 2886 4415 καὶ
2920 4359 3046 4422 τοὺς
3092 4356 3385 4429 ἐσομένους
3438 4354 3742 4424 ἀπιστῆσαι
3782 4368 3953 4424 παρα-

703 4436 982 4490 secrandis
1006 4438 1149 4492 vitiis
1178 4453 1488 4510 comparata
1529 4443 1719 4511 exigua
1769 4443 1901 4508 sint,
1932 4446 2274 4499 committere
2309 4454 2350 4508 l)
2382 4454 2665 4507 σκευάσει.

706 4524 833 4579 talia
861 4526 1110 4589 desinite,
1135 4544 1254 4597 quae
1280 4539 1334 4585 et
1362 4542 1655 4599 praesentes
1682 4543 1928 4588 oratores
1952 4544 2202 4601 arguant,
2230 4544 2283 4587 t-t

706 4617 844 4687 apud
882 4627 1124 4683 posteros
1160 4620 1314 4674 Iidem
1349 4637 1452 4676 non
1487 4634 1815 4677 mereantur.

852 4726 1012 4797 577
1046 4728 1324 4786 LXXVIII.
1356 4761 1426 4773 —-
1457 4732 1755 4789 EUGENIO
1811 4733 2125 4792 DlACOlVO.

2633 4734 2758 4789 ου’.
2794 4765 2865 4777 --
2903 4733 3200 4805 errENtn
3234 4731 3348 4803 (et)
3382 4729 3705 4800 AIAKONo.

710 4817 885 4889 Major
926 4821 981 4873 in
1024 4822 1204 4891 futura
1246 4826 1353 4879 vita
1410 4843 1604 4883 merces
1634 4828 1731 4883 erit
1760 4831 2074 4970 συππλ(ἓυὶ
2106 4830 2235 4912 ηἱΙιὶί
2264 4830 2646 4969 ιὺοέιῠρτυιηῇ-ξη)
2670 4830 2765 4882 hac
2800 4830 2909 4881 vita
2956 4842 3217 4896 accepere,
3246 4835 3299 4878 ut
3330 4822 3632 4892 Harpocras
3676 4820 3937 4892 SOpItista.

1858 4928 1861 4933 ι
2031 4917 2118 4970 up.
2151 4916 2299 4969 epis.
2378 4938 2407 4954 ..
2447 4916 2474 4954 e
2528 4917 2615 4953 oo.

1858 4928 1861 4933 ν
1963 4912 2118 4970 (δυρ.
2151 4912 2299 4969 epist.
2336 4912 2407 4955 5::
2447 4912 2492 4954 et
2528 4912 2615 4953 eo.

783 5006 949 5075 Scito,
973 5011 1174 5081 optime
1226 5013 1327 5077 vir,
1387 5024 1530 5068 recte
1587 5025 1836 5083 agentem
1879 5016 2159 5086 praemium
2211 5017 2262 5069 in

2449 5014 2615 5079 Ἰσθι,
2658 5008 2703 5067 ὧ
2738 5013 2997 5085 μακάριε,
3030 5011 3113 5065 ὅτι
3154 5010 3255 5065 οὐκ
3290 5010 3368 5073 είς
3402 5008 3461 5061 τὸ
3492 5008 3568 5080 μὴ
3587 5006 3771 5061 λαϐεῖν
3803 5006 3951 5074 ἀμοι-

1844 5168 2078 5225 νΑῐὶιέΕ
2121 5169 2503 5227 LECTIONES
2541 5168 2628 5225 ET
2669 5166 2900 5224 ΝΟΤᾹΞ.

788 5326 901 5397 (8'2)
933 5325 1081 5397 inter
1115 5326 1524 5396 παρασκευάσει
1561 5338 1608 5381 et
1639 5329 1699 5380 οὑ
1736 5330 1849 5382 haec
1880 5325 2035 5393 plane
2065 5328 2275 5380 sincera

716 5406 771 5450 ct
799 5393 806 5397 ’
835 5399 900 5450 ad
932 5393 1274 5449 ‘seutentiam
1340 5396 1644 5451 necessario
1696 5397 1979 5452 inserenda
2035 5397 2280 5463 supplent

716 5467 864 5537 cotltl.
906 5466 1020 5537 vat.
1054 5468 1156 5521 (550
1192 5478 1241 5517 et
1276 5469 1400 5527 All.,
1429 5466 1662 5530 Τούτους
1693 5469 1789 5537 μὲν
1820 5465 1926 5534 γὰρ
1954 5465 2181 5537 ἐλέγξει,
2206 5466 2280 5528 ὡς

718 5534 795 5655 μὴ
815 5535 1136 5604 δυνηθέντας
1164 5538 1397 5601 ἐπαξίως
1424 5538 1519 5604 τῆς
1544 5534 1811 5607 ἡμετέρας
1836 5536 2031 5597 κακίας
2054 5536 2277 5603 φράσαι·

751 5605 951 5655 κείνους
1005 5607 1058 5655 δέ
1095 5608 1389 5655 ἀπιστῑῖσαι
1440 5608 1865 5655 παρασκευάσει.
1926 5604 2035 5655 Huc
2066 5608 2277 5655 verbum

751 5605 951 5677 κείνους
1005 5607 1058 5657 δὲ
1095 5608 1389 5677 ἀπιστῆσαι
1440 5604 1865 5677 παρασκευάσει.
1926 5604 2035 5659 Iluc
2066 5608 2282 5659 verbum

721 5672 963 5746 ultimum
1018 5672 1441 5746 παρασκευάσει,
1489 5672 1726 5731 secundo
1768 5678 2084 5745 repetitum,
2126 5691 2274 5728 ocea-

724 5742 925 5797 sioncm
958 5765 1029 5795 ο-τι
1054 5742 1200 5799 nanti
1233 5748 1548 5816 tlcscriplori
1593 5742 1880 5816 praebuisse
1914 5746 2167 5801 credibile
2208 5757 2287 5800 est

2388 5327 2489 5380 hoc
2518 5338 2726 5378 comma
2760 5322 3063 5375 omittendi.
3101 5315 3316 5374 Possm.

2458 5395 2569 5463 (85)
2620 5390 3033 5459 ’Υπολελεῖφθαι
3064 5391 3224 5444 iidem
3255 5388 3409 5444 codd.
3455 5393 3663 5441 mutant
3691 5385 3743 5439 in
3768 5383 3949 5436 ἀπολι-

2386 5464 2621 5518 λείφθαι.
2656 5464 2736 5518 ID.

2460 5484 3007 5606 i%Z?I.PI'3._E$yayitp,
3039 5530 3128 5599 qtti
3161 5529 3351 5606 unicus
3385 5528 3486 5606 hoc
3517 5526 3675 5606 libro,
3717 5535 3842 5594 pulo
3873 5539 3944 5606 re-

2391 5598 2693 5676 ponendum
2730 5598 2990 5676 ερτρνιῳ,
3026 5598 3205 5676 esstat
3232 5600 3380 5676 enim
3421 5599 3486 5676 ad
3515 5598 3950 5676 eumgetnpersi-

2393 5664 2535 5730 iuilis
2559 5675 2713 5739 epist.
2756 5672 2855 5726 22H
2894 5664 2951 5728 et
2976 5672 3099 5725 2:22.
3150 5670 3277 5726 Vide
3307 5679 3359 5726 et
3398 5668 3552 5738 epist.
3598 5664 3685 5731 96,
3727 5670 3954 5722 adeum-

2395 5750 2533 5803 denu
2573 5744 2815 5797 Scuorr.
2962 5744 2969 5751 “
