4150 6474
213 429 355 495 13ἷ3

1086 426 1616 488 ΕΙἸὸΤΟΙΑΙὶυΜ
1658 424 1800 482 LIB.
1848 422 1911 479 Υ.
1951 443 2013 453 -’
2053 419 2284 477 Ei'lS’I".
2329 417 2615 478 LXXXII.

3338 406 3436 472 137

207 545 332 610 σᾶς,
378 544 492 598 ἀλλ’
545 545 624 608 είς
664 542 727 596 τὸ
777 541 1162 613 λαμπροτέρας
1203 540 1402 604 λαϐεῖν,
1432 541 1480 592 εί
1514 542 1572 591 ὲν
1622 539 1776 590 πᾶσιν

1891 549 2130 602 pricseus
2162 548 2267 586 non
2302 530 2572 598 accipere,
2604 527 2834 597 idipsum
2862 540 2970 580 non
3003 534 3059 579 ut
3090 524 3326 589 amittat,
3373 530 3470 580 sed

206 633 649 703 εύδοκιμήσειας,
678 632 738 685 τὸ
774 630 1002 701 μηδέπω
1030 628 1212 682 λα6εῖν
1249 627 1639 698 περιστήσεταί
1678 643 1781 678 σοι.

215 725 279 778 '0
315 726 412 796 μὲν
441 725 549 794 γάρ
575 722 811 777 ἐνταῦθα
836 739 888 774 τι
922 718 1101 773 λαϐὼν
1129 718 1380 789 λαμπρόν
1400 735 1412 748 ·
1438 721 1467 771 ό
1494 718 1548 770 δὲ
1581 717 1654 789 μὴ
1687 716 1785 770 λα-

204 816 344 880 ϐὼν,
393 815 776 885 λαμπρότερον
825 815 1004 865 ἐκεῖσε
1059 811 1168 874 ἕξει
1215 811 1308 864 τὸν
1359 809 1644 879 στέφανον.
1691 809 1783 878 Μὴ

203 912 412 975 τοίνυν,
451 908 480 962 ὃ
523 908 792 979 θυμηδίας
839 905 956 957 ἐστὶ
1001 904 1286 976 πρόξενον,
1334 901 1496 956 τοῦτο
1547 901 1786 972 ἀθυμίας

206 1019 292 1054 σοι
327 1000 499 1055 αἴτιον
525 998 779 1068 γινέσθω.
827 994 916 1065 Τῷ
949 995 1047 1067 μὲν
1096 997 1206 1065 γάρ
1251 993 1486 1048 ἐνταῦθα
1517 993 1782 1062 εἰληφότι,

200 1091 436 1152 εἰκότως
493 1088 858 1157 ὑποτέμνεται
891 1088 919 1139 ό
950 1085 1171 1157 μισθός·
1200 1084 1279 1156 τῷ
1323 1085 1380 1138 δὲ
1424 1085 1500 1156 μὴ
1538 1083 1786 1156 εἰληφότι

200 1182 463 1253 ἀκέραιος
494 1178 654 1250 δῆλον
683 1179 767 1232 ὅτι
803 1178 1154 1248 φυλάττεται.

508 1342 626 1398 ΟΘ’.
660 1372 730 1384 -
762 1340 1069 1411 ΚΥΡΙΛΛῼ
1103 1340 1473 1412 ΕΠΙΣΚΟΠῼ.

1895 634 1952 678 ιιι
1998 622 2398 677 munilicentius
2477 620 2742 688 accipiat,
2784 617 3126 672 occasionem
3182 633 3324 670 esse.
3374 616 3473 682 Qui

1894 717 2040 771 enim
2099 715 2188 769 hic
2248 713 2392 781 capit
2432 712 2659 780 aliquid,
2699 710 2966 765 illustrem
3011 708 3254 778 quidem,
3296 719 3351 761 at
3383 708 3473 776 qni

1895 807 2027 862 nihil
2063 805 2352 874 receperit,
2396 803 2743 858 illustriorem
2783 801 2836 854 in
2863 801 3034 853 altera
3063 800 3171 852 vita
3217 813 3474 853 coronam

1894 907 2278 966 consequetur.
2315 895 2457 950 Cave
2499 893 2664 962 igitur
2721 906 2789 946 ne
2835 889 2979 958 quod
3035 889 3201 943 animi
3241 889 3476 943 delecta-

1896 990 2094 1042 tionem
2121 986 2402 1049 conciliat,
2432 984 2609 1054 pariat
2651 981 2743 1035 libi
2793 979 2970 1050 pusilli
3018 978 3187 1032 animi
3231 978 3476 1032 occasio-

1893 1094 2037 1132 nem.
2124 1075 2225 1129 llic
2300 1076 2446 1129 enim
2521 1073 2805 1142 recipienti
2863 1069 3058 1126 merito
3134 1069 3475 1137 intercipitur

1889 1181 2132 1233 merces;
2161 1165 2238 1220 illi
2264 1181 2394 1219 vero
2425 1179 2532 1218 non
2564 1161 2848 1231 accipienti
2889 1162 3158 1229 integrum
3204 1158 3473 1215 asservari

1889 1258 2191 1330 praemium,
2224 1256 2573 1310 manifestum
2617 1263 2720 1309 est.

2138 1345 2378 1402 LXXIX.
2427 1377 2502 1388 —-
2533 1343 2835 1401 CYRILLO
2867 1341 3215 1399 El‘lSCOPO.

957 1431 1318 1504 Eleemosyuw
1343 1434 1408 1488 de
1437 1434 1585 1503 juste
1609 1439 1777 1500 partis
1812 1449 1980 1510 grata
2013 1439 2143 1496 Deo.
2179 1424 2360 1513 (ϐοαί.
2392 1440 2543 1509 epist.
2576 1436 2728 1508 249.)

274 1540 398 1599 Οἵδε
454 1541 672 1608 πάντως
717 1546 751 1614 ὴ
803 1544 870 1614 σὴ
920 1543 1164 1608 σύνεσις,
1219 1543 1295 1608 ὡς
1340 1545 1461 1599 οὐδὲ
1495 1546 1557 1599 τὸ
1593 1546 1780 1601 ἄδικον

197 1640 396 1709 κέρδος
423 1639 501 1702 είς
529 1636 896 1708 ἐλεημοσύνην
924 1637 1230 1708 ἐπιτήδειον
1250 1654 1264 1668 ⁸
1297 1637 1421 1692 οὕτε
1445 1641 1478 1709 ἡ
1509 1638 1783 1709 ἀπληστία

1963 1551 2141 1607 Probe
2171 1561 2259 1605 tua
2303 1549 2457 1605 novit
2485 1549 2770 1618 prudentia
2804 1548 3019 1603 lucrum
3067 1547 3330 1618 injuslmn
3362 1563 3469 1600 non

1891 1643 2026 1697 satis
2064 1657 2187 1698 esse
2228 1641 2583 1712 cleemosyna:
2620 1641 2895 1704 idoneum,
2947 1653 3124 1708 neque
3171 1637 3472 1706 inexplebi—

197 1731 314 1783 τῶν
362 1731 787 1800 οίκονομούντων
831 1729 928 1799 τὴν
990 1729 1388 1801 Πηλουσιωτῶν
1451 1731 1776 1800 Ἐκκλησίαν

1893 1734 1994 1787 lem
2047 1732 2282 1787 habendi
2334 1731 2684 1800 cupiditatem
2733 1729 3172 1798 dispensatorum
3207 1725 3470 1782 Ecclesia:

197 1822 365 1892 κόρον
397 1815 556 1874 οἶδεν.
592 1822 824 1891 "Apto-ra
854 1815 946 1872 οὖν
975 1818 1264 1891 πράξειας,
1296 1821 1343 1872 εί
1376 1820 1642 1882 παύσειας
1670 1821 1779 1875 τῶν

197 1913 273 1966 τὰ
316 1911 745 1983 ἐκκλησιαστικά
788 1907 1132 1964 διοικούντων
1162 1913 1420 1981 χρήματα
1455 1910 1554 1974 τὰς
1587 1911 1780 1964 πλεονο

199 2004 354 2070 εξίας
374 2019 387 2031 ·
432 2006 481 2056 εί
523 2003 630 2074 γὰρ
677 2002 738 2054 τὸ
771 2002 830 2066 ἐξ
857 2001 1070 2064 ἀδικίας
1100 2001 1418 2072 πορίζεσθαι
1448 2005 1562 2066 τοῖς
1587 2002 1779 2072 δεομέ-

197 2112 315 2157 νοις
346 2095 412 2147 τά
459 2096 734 2162 ἀναγκαῖα
786 2093 887 2146 οὐκ
938 2093 1156 2160 εὐαγὲς,
1189 2093 1251 2145 τὸ
1282 2093 1416 2164 μηδὲ
1450 2095 1561 2157 τοῖς
1592 2093 1780 2164 δεομέ-

194 2203 316 2249 νοις
347 2184 487 2239 αὑτά
526 2185 790 2256 πορίζειν,
842 2184 957 2238 ἀλλ’
992 2185 1213 2247 οἰκείοις
1253 2185 1550 2256 θησαυροῖς
1583 2187 1780 2239 ἐναπο-

196 2275 424 2338 κλείειν,
478 2275 652 2345 πάντη
717 2275 1096 2342 ἐναγέστατον.
1161 2273 1600 2327 Μανθανέτωσαν
1659 2271 1776 2341 οὖν,

194 2367 283 2419 ὅτι
332 2367 426 2418 καὶ
459 2365 736 2434 διανέμειν
774 2365 1045 2434 ὀφείλουσι
1095 2365 1352 2435 καθαρῶς
1379 2367 1494 2429 τοῖς
1547 2367 1778 2437 πενομέ-

194 2476 315 2522 νοις
363 2457 432 2511 τά
477 2457 701 2520 δικαίως
737 2458 1009 2526 προσόντα
1042 2457 1136 2509 καὶ
1181 2456 1396 2520 ἀδικίας
1424 2457 1642 2528 ἀπάσης
1674 2475 1777 2510 κει⁸

197 2547 477 2618 θαρεύειν,
504 2548 740 2619 μάλιστα
773 2547 872 2616 μὲν
902 2547 1089 2616 ἐπειδὴ
1115 2546 1193 2617 τῷ
1220 2549 1397 2618 Κριτῇ
1425 2547 1582 2601 τοῦτο
1609 2548 1774 2600 δοκεῖ·

194 2643 392 2694 ἔπειτα
427 2640 508 2705 δὲ,
535 2641 620 2694 ὅτι
661 2640 783 2692 οὐδὲ
812 2639 1035 2692 ἐκείνων
1085 2640 1291 2702 ἕνεκεν,
1335 2635 1411 2695 ὧν
1445 2657 1578 2709 φασι
1611 2658 1776 2711 φρον-

194 2731 392 2794 τίζειν,
421 2730 857 2794 πλεονεκτοῦσιν,
889 2728 1024 2782 ἀλλά
1052 2730 1178 2794 τοὺς
1205 2730 1438 2795 οἰκείους
1469 2730 1778 2803 θησαυροὺς

197 2823 484 2892 ἐμπλῆσαι
534 2821 865 2891 γλιχόμενοι.
925 2821 988 2873 Ei
1019 2819 1126 2892 γὰρ
1183 2821 1432 2884 σϐέσειας
1483 2822 1592 2875 τῶν
1644 2823 1776 2875 διοι-

199 2911 441 2966 κούντων
467 2913 566 2983 τὴν
595 2913 922 2982 ἀπληστίαν,
956 2911 1156 2983 πολλῆς
1194 2904 1561 2967 ἀπολαύονται
1590 2914 1639 2966 oi
1673 2915 1777 2968 πέ-

196 3019 360 3071 νητες
388 3001 692 3073 εὐετηρίας.

536 3094 617 3146 Πν.
652 3124 720 3133 -
757 3093 1087 3162 amount
1125 3092 1436 3164 ΣοψιΣτῃ.

1883 1825 2278 1879 l‘elusiotarum
2314 1840 2474 1894 posse
2503 1823 2712 1879 satiari.
2757 1821 2974 1892 Optime
3025 1822 3210 1888 itaque
3253 1820 3469 1884 feceris,

1883 1913 1926 1968 si
1962 1928 2173 1979 eorum,
2209 1913 2303 1981 qui
2364 1912 2618 1966 Ecclesia:
2677 1912 2818 1966 bona
2868 1911 3194 1979 gubernant,
3247 1923 3470 1962 ecsSure

1881 1999 2164 2053 avaritiam
2211 2016 2394 2069 cogas.
2441 1999 2496 2054 Si
2547 2001 2693 2054 enim
2746 2015 2841 2069 per
2891 1997 3046 2054 nefas
3091 2006 3248 2068 parta
3295 2012 3362 2051 ne
3415 1998 3468 2050 in

1875 2089 2101 2160 judieiis
2153 2091 2371 2158 quidem
2419 2105 2647 2160 erogare
2701 2090 2785 2144 fas
2835 2100 2954 2155 est;
2990 2088 3263 2158 quomodo
3315 2087 3469 2141 nefas

1884 2197 1988 2235 non
2012 2181 2118 2235 erit
2147 2196 2208 2235 ea
2233 2182 2286 2235 in
2317 2183 2552 2252 propriis
2587 2181 2859 2236 thesauris
2883 2181 3193 2250 repoiiere?
3228 2180 3473 2250 Πουεξιιιέ

1882 2282 1968 2326 tur
2025 2272 2229 2342 itaque,
2280 2274 2500 2343 quando
2571 2287 2705 2342 pure
2754 2283 2810 2328 et
2856 2272 3088 2328 camlide
3139 2271 3468 2341 pauperibus

1882 2365 2214 2420 distribuere
2242 2380 2306 2419 ea
2340 2365 2558 2428 debent,
2579 2380 2702 2434 qua;
2726 2363 2876 2433 juste
2906 2378 2972 2418 ac
3002 2362 3242 2434 legitime
3271 2361 3464 2429 acqui-

1880 2457 2126 2520 siveriut,
2182 2456 2250 2510 ab
2319 2455 2584 2524 injustitia
2650 2455 2798 2510 omni
2846 2469 3013 2524 puros
3078 2467 3137 2508 se
3214 2452 3462 2517 reddere,

1881 2550 2118 2603 maxime
2167 2558 2292 2604 cutn
2349 2547 2525 2604 Judici
2573 2546 2736 2619 [Deo]
2793 2546 2872 2601 sic
2927 2545 3206 2616 placitum,
3254 2543 3470 2611 quando

1881 2657 2054 2709 neque
2089 2639 2300 2695 illorum
2324 2638 2520 2710 gratia,
2548 2655 2665 2708 qua:
2683 2652 2878 2693 curare
2906 2653 2965 2692 se
2997 2637 3202 2699 dicunt,
3237 2632 3470 2703 amplius

1881 2732 2216 2797 possideant,
2253 2731 2346 2785 sed
2374 2729 2620 2798 quotidie
2662 2729 2778 2782 suis
2815 2727 3144 2798 impleantur
3171 2723 3463 2778 thesauris.

1884 2820 1942 2875 Si
1971 2821 2113 2874 enim
2159 2820 2576 2889 gubernantium
2616 2819 2923 2874 resecucris
2973 2815 3206 2870 habendi
3254 2811 3469 2882 cupidi-

1853 2906 1857 2909 ’
1886 2920 2077 2974 tatem,
2113 2908 2460 2963 emolumenti
2495 2908 2787 2978 plurimum
2817 2907 3006 2975 inopes
3043 2919 3074 2960 e
3115 2903 3468 2972 proventibus

1881 3010 2304 3146 cap-eMIhCXX.
2328 3120 2391 3130 —
2433 3087 2836 3143 ll.\I{l’OCiUE
2867 3083 3253 3143 SOPIIISTJE.

763 3181 828 3235 In
867 3183 1236 3236 ratiocinando
1275 3195 1426 3236 caute
1450 3182 1735 3252 agendum,
1765 3198 1827 3236 ne
1852 3166 2046 3235 veritas
2085 3183 2220 3234 male
2262 3179 2588 3247 defendendo
2623 3179 2900 3243 prodatur.

282 3299 342 3354 '0
375 3299 473 3370 μὲν
505 3300 562 3351 ὲν
602 3299 713 3361 τοῖς
743 3297 942 3367 κομιδῆ
993 3296 1346 3379 ζητουμένοις
1371 3297 1511 3366 ἔχων
1549 3298 1774 3367 ἰσχυρὰν

193 3389 354 3443 λύσιν
403 3390 724 3455 ἐπαγαγεῖν,
774 3386 1000 3448 εἰκότως
1027 3385 1088 3437 οὐ
1134 3384 1334 3438 δέδοικε
1386 3383 1774 3454 χαλεπωτέραν

195 3479 372 3533 ποιῶν
394 3479 491 3548 τὴν
522 3477 815 3532 ἀντίθεσιν.
856 3477 912 3529 Ὀ
942 3477 997 3530 δὲ
1029 3478 1102 3548 μὴ
1135 3477 1294 3547 ἔχων,
1326 3475 1425 3547 τὴν
1458 3475 1513 3528 δὲ
1546 3475 1775 3545 δύναμιν

193 3570 308 3622 τῶν
332 3570 506 3636 λόγων
536 3570 591 3621 ὲν
614 3573 680 3639 τῇ
727 3568 998 3621 ἀντιθέσει
1037 3569 1499 3637 ἐπιδεικνύμενος,
1528 3569 1585 3620 ἐν
1614 3567 1671 3622 δὲ
1706 3570 1770 3639 τῇ

193 3659 350 3712 λύσει
401 3658 632 3728 ἀσθενὴς
682 3660 1040 3729 φαινόμενος,
1077 3658 1328 3712 λανθάνει
1386 3659 1774 3729 λαμπροτέραν

192 3749 296 3820 τὴν
344 3749 549 3803 οἰκείαν
584 3749 1031 3818 ἐπιδεικνύμενος
1090 3745 1281 3820 ἧτταν.
1333 3749 1406 3802 Ού
1454 3749 1563 3818 γὰρ
1610 3751 1774 3821 ἐχρῆν

191 3840 340 3893 οὕτω
390 3840 540 3907 παρά
593 3839 690 3910 τὴν
745 3837 918 3908 ἀρχὴν
958 3837 1328 3905 ἀγωνίσασθαι
1363 3836 1455 3889 τὸν
1509 3837 1774 3906 μέλλοντα

190 3931 617 4002 ἡττηθήσεσθαι·
658 3931 858 4000 μᾶλλον
916 3930 993 3995 δὲ,
1031 3932 1078 3982 εί
1124 3930 1206 3982 δεῖ
1256 3928 1515 3999 τάκριϐὲς
1577 3930 1771 3995 εἰπεῖν,

190 4021 463 4090 προδότης
512 4022 618 4089 τῆς
673 4020 929 4090 ἀληθείας
990 4020 1408 4090 φωραθήσεται,
1469 4019 1537 4073 δι’
1569 4014 1644 4072 ὧν
1674 4020 1772 4088 τὴν

189 4113 428 4180 δύναμιν
462 4113 571 4165 τῶν
633 4112 809 4177 λόγων
844 4112 944 4182 τὴν
981 4107 1038 4164 ἐν
1083 4113 1148 4180 τῇ
1184 4110 1477 4175 ἀντιθέσει,
1529 4110 1632 4162 οὐκ
1673 4112 1769 4162 ὲπ-

186 4204 431 4268 εδείξατο
463 4208 518 4257 εν
543 4209 607 4275 τῇ
638 4204 812 4257 λύσει.

711 4297 835 4350 ιιΑν.
872 4321 937 4334 -ι
978 4295 1246 4365 ΖΩΣΙΜῼ.

1954 3292 2054 3359 Qui
2097 3293 2164 3347 ad
2213 3298 2570 3360 exaggeratis
2610 3291 2939 3358 quaestiones
2989 3288 3223 3341 validam
3293 3295 3471 3354 pmest

1883 3380 2078 3438 alien-re
2120 3384 2468 3446 solutionem,
2517 3381 2708 3436 merito
2761 3396 2864 3434 non
2899 3379 3106 3444 timeat,
3151 3377 3244 3448 qui
3277 3377 3468 3432 diliici-

1881 3475 2072 3529 liorem
2102 3471 2701 3542 afferatohjectionem.
2739 3470 2810 3524 At
2847 3468 3076 3523 solidam
3115 3483 3218 3522 non
3259 3467 3468 3521 habens

1876 3553 2244 3630 solutioiiem,
2288 3563 2355 3618 ’in
2416 3563 2646 3633 objectis
2695 3577 2826 3616 vero
2883 3561 3155 3614 rationum
3218 3559 3471 3614 ostendat

1881 3672 2175 3720 momenta.
2195 3671 2250 3715 et
2282 3662 2332 3714 iu
2357 3659 2626 3714 solutione
2653 3657 2942 3712 imbecillis
2969 3665 3227 3726 appareat
3251 3671 3265 3720 ;
3295 3654 3472 3709 nescit

1885 3752 2027 3817 quod
2063 3749 2366 3805 diilicultati
2422 3763 2482 3802 se
2542 3748 2898 3802 succubuisse
2959 3745 3158 3800 clarius
3193 3744 3467 3799 ostendat.

1879 3839 1994 3894 Non
2020 3841 2163 3894 ellllll
2207 3841 2286 3894 sic
2321 3841 2606 3909 oportebat
2657 3853 2781 3893 eum
2814 3839 2882 3894 ab
2922 3839 3075 3894 initio
3103 3839 3464 3901 contendere,

1877 3931 1966 3997 qui
1993 3930 2206 3985 futurus
2229 3939 2349 3985 erat
2383 3929 2631 3995 iul'erior,
2668 3929 2751 3985 vel
2783 3930 2984 3998 potius,
3033 3930 3078 3983 si
3121 3927 3452 3997 loquendum

1879 4024 2082 4084 verius,
2135 4023 2380 4092 proditor
2436 4024 2681 4078 veritalis
2729 4021 3291 4092 comprehendendus,
3324 4019 3469 4087 quod

1878 4129 1986 4168 non
2009 4114 2202 4167 viderit
2229 4115 2279 4167 in
2305 4113 2573 4170 solutiOue
2619 4116 2726 4168 vim
2779 4113 3072 4180 rationum,
3105 4126 3225 4182 qua:
3265 4111 3316 4164 in
3365 4109 3468 4164 ob-

1875 4206 2107 4275 iectione
2129 4210 2450 4278 apparebit.

2011 4291 2018 4299 ’
2368 4296 2604 4354 LXXXI.
2627 4327 2700 4338 —
2730 4297 3007 4353 ZOSIIIO.

1467 4388 1549 4442 At!
1585 4387 1822 4442 virtutem
1867 4391 2190 4446 exstimulat.

260 4499 326 4552 Ei
361 4497 434 4567 μὴ
487 4497 666 4568 βούλει
696 4498 871 4569 ὀνείδη
926 4515 984 4551 τε
1034 4498 1197 4563 ἕξειν,
1233 4500 1329 4552 καὶ
1361 4501 1631 4571 τιμωρίας
1667 4502 1768 4570 ὑφ-

1944 4503 2056 4559 Nisi
2097 4506 2286 4560 subire
2317 4506 2396 4559 vis
2427 4507 2776 4577 ignominiam
2813 4517 3116 4575 pinnasque
3148 4501 3257 4571 pati
3300 4499 3469 4570 578

186 4587 334 4653 ἐξειν
367 4587 427 4640 οὔ
456 4605 596 4659 φημι
648 4587 832 4641 ὲνθάδε
891 4588 1101 4658 (καίτοι
1143 4588 1233 4679 ού.
1263 4587 1456 4659 μικρὸν
1489 4588 1581 4641 καὶ
1611 4588 1768 4641 τοῦτο

183 4679 270 4750 τῷ
323 4681 645 4751 ἐχέφρονι)ἕ,
692 4680 805 4733 ἀλλ’
845 4681 900 4731 ἐν
951 4683 1062 4742 τοῖς
1092 4681 1196 4732 εἴτε
1227 4680 1320 4732 ἐπὶ
1361 4681 1484 4748 γῆς,
1533 4679 1644 4732 εἴτε
1676 4696 1770 4733 και

183 4771 594 4840 ὁπουδηποτοῦν
625 4771 715 4822 τοῦ
746 4769 946 4833 παντὸς
977 4770 1234 4839 τυγχάνει
1259 4768 1648 4839 δικαστηρίοις,
1673 4770 1772 4840 τὴν

189 4861 470 4933 ρᾳθυμίαν
500 4862 932 4930 ἀποσεισάμενος
961 4861 1084 4930 ἔχον
1113 4861 1211 4928 τῆς
1243 4860 1463 4930 ἀρετῆς.

614 4975 737 5029 ηδ’.
777 5005 846 5014 -
883 4975 1336 5044 aerumnam.

1878 4610 1982 4649 non
2020 4597 2071 4649 in
2111 4596 2282 4650 altera
2328 4601 2486 4652 modo
2517 4599 2624 4650 vita
2657 4599 2797 4666 (qum
2829 4611 2916 4649 res
2949 4609 3081 4650 sane
3114 4607 3215 4646 nou
3249 4593 3464 4659 exigua,

1880 4687 1922 4740 si
1953 4687 2110 4741 modo
2153 4688 2448 4756 prudenter
2476 4687 2707 4756 judicas)
2762 4687 2856 4740 sed
2922 4687 2972 4740 in
3036 4686 3158 4749 hac,
3215 4684 3331 4738 sive
3364 4681 3466 4736 sub

1883 4787 2048 4846 terra,
2085 4780 2200 4833 sive
2231 4782 2285 4834 in
2319 4781 2512 4850 quovis
2543 4781 2650 4836 alio
2681 4782 2992 4849 ubicunque
3013 4775 3284 4851 .tribunali
3305 4815 3318 4839 ,
3356 4773 3462 4837 fac,

1881 4869 2030 4936 pulsa
2067 4870 2300 4939 ignavia,
2334 4872 2519 4925 virtuti
2550 4871 2856 4926 incumbas.

2264 4982 2596 5038 LXXXII.—
2627 4981 3100 5038 ARTEMIDORO.

193 5065 277 5120 Ea:
305 5066 500 5128 animo,
541 5083 642 5119 non
667 5081 731 5118 ea:
760 5076 938 5120 eventu
973 5081 1052 5122 res
1086 5064 1430 5119 aestimandis.
1471 5065 1629 5146 (Vide
1655 5070 1802 5146 epist.
1827 5069 1965 5146 1290,
1999 5091 2052 5127 ιη
2087 5075 2220 5146 ῖίΙιιιί
2254 5075 2452 5146 Pauli:
2487 5093 2506 5125 ι
2544 5072 2912 5146 Unusquisque
2949 5079 3217 5146 proprium
3242 5077 3463 5141 accipiet

1351 5138 1656 5190 mercedem.
1705 5157 1720 5188 ι
1755 5138 1781 5191 Ι
1815 5139 1941 5195 Cor.
1983 5161 2066 5208 Ill,
2103 5145 2139 5198 8
2167 5155 2216 5198 et
2258 5144 2370 5215 M.)

272 5229 332 5281 Ὀ
380 5228 555 5281 πάντα
594 5228 662 5281 τὰ
695 5230 773 5292 είς
816 5227 980 5282 αὐτὸν
1023 5229 1225 5298 ἥκοντα
1262 5228 1555 5298 πληρώσας
1589 5232 1666 5293 εἰς
1705 5231 1767 5284 τὸ

189 5320 398 5381 πεῖσαι,
441 5316 536 5370 καὶ
577 5317 652 5390 μὴ
699 5318 913 5389 πείσας,
973 5320 1048 5383 ὡς
1075 5319 1279 5383 ἀνύσας
1326 5321 1533 5384 δίκαιος
1571 5319 1636 5374 ἂν
1683 5323 1766 5392 εἴη

190 5408 603 5480 θαυμάζεσθαι·
650 5411 904 5464 τοσοῦτον
953 5413 1147 5481 ἀπέχει
1178 5413 1271 5466 τοῦ
1326 5413 1585 5484 μέμψεως
1617 5415 1768 5480 ἄξιος

190 5498 352 5555 εἶναι.
401 5502 464 5554 Ei
495 5503 551 5554 δὲ
599 5501 910 5571 θαυμαστὸν
960 5501 1100 5558 εἷναί
1151 5523 1231 5558 σοι
1265 5506 1424 5559 τοῦτο
1453 5507 1615 5570 δόξει,
1653 5511 1771 5560 επι-

189 5597 472 5664 ψηφιεῖται
500 5593 610 5664 (83)
641 5596 669 5646 ό
712 5596 920 5660 Παῦλος
964 5599 1185 5667 φάσκων
1204 5615 1216 5629 ο
1257 5619 1274 5651 ι
1316 5601 1581 5664 Ἕκαστος
1607 5602 1663 5654 δὲ
1683 5602 1772 5654 τὸν

1946 5237 2047 5303 Qui
2084 5237 2309 5308 quodin
2362 5238 2478 5304 ipso
2517 5247 2622 5300 est,
2652 5237 2834 5290 omnia
2875 5236 3192 5304 exsequitur
3236 5246 3296 5288 ut
3339 5249 3463 5303 per-

1876 5329 2123 5394 suadeat,
2181 5346 2286 5384 non
2335 5327 2627 5398 persuadet
2677 5337 2881 5391 tatuen,
2943 5336 3152 5380 tantum
3213 5327 3367 5381 abest
3407 5336 3464 5378 ut

1877 5424 2302 5490 reprehensione
2337 5420 2586 5474 videatur
2607 5421 2822 5491 dignus,
2865 5429 2918 5473 nt
2943 5420 3120 5474 omnis
3149 5419 3219 5472 sit
3242 5433 3458 5487 expets.

1880 5513 1935 5566 Id
1948 5514 1990 5566 si
2013 5514 2146 5567 mire
2163 5516 2364 5567 dictum
2388 5513 2482 5568 tibi
2507 5513 2771 5578 videatur,
2797 5511 3063 5568 calculmn
3084 5511 3245 5566 addet
3271 5510 3463 5564 beatus

1882 5603 2078 5658 Paulus
2101 5605 2287 5661 dicens
2313 5625 2323 5658 :
2353 5624 2370 5656 ι
2405 5605 2784 5676 UHuSquiSquc
2809 5605 3114 5660 mercedem
3137 5619 3287 5659 suam
3313 5600 3462 5656 acciw

1283 5729 1516 5784 VARIJE
1553 5729 1936 5786 LI‘ZCTIONES
1976 5731 2066 5787 ΕΤ
2105 5731 2336 5789 ΝΟΤᾸΕ.

268 5839 379 5912 (85)
429 5839 832 5912 Ἐπιψηφιεῖται
865 5845 1017 5901 codd.
1063 5845 1182 5904 Val.
1209 5858 1261 5903 ct
1296 5849 1400 5905 Alt.
1438 5848 1674 5903 lu'eviaut
1712 5849 1760 5902 in

1882 5849 2108 5919 '."{T“<§'.E!.
2147 5849 2353 5906 Possm.
