4150 6482
233 436 370 526 1377
471 467 474 470 η
1162 442 1700 506 EPISTOLARUM
1753 445 1900 506 Ltn.
1929 447 1996 508 ν.
2039 473 2108 518 —,
2150 448 2391 511 EPIST.
2451 449 2611 514 XCI.
3360 460 3496 528 1378

229 553 360 616 γάρ,
422 545 616 617 φησὶν,
665 546 974 618 ἑσιὼπησας
1032 548 1107 621 μὴ
1167 551 1263 604 καὶ
1301 552 1392 604 ἀεὶ
1435 553 1806 622 σιωπήσομαι,

1881 553 2124 623 ,inqnit,
2188 557 2387 612 timui?
2441 575 2542 615 nec
2594 574 2811 631 semper
2870 564 3062 620 tacebo
3110 575 3165 620 ct
3212 567 3492 630 sufferam.

226 637 324 691 καὶ
363 637 656 712 άνίξομαις
711 640 1014 712 Ἐκστήσω,
1047 641 1144 695 καὶ
1172 642 1394 714 ξηρανῶ
1435 642 1571 711 ἅμα.
1632 663 1651 693 ι
1688 645 1802 697 Μο-

225 729 441 799 νονουχὶ
480 726 655 799 λέγων
673 748 688 767 ο
725 730 788 785 Εἰ
810 731 910 802 μὶν
932 734 1386 805 γνωσιμαχήσετε
1406 737 1424 757 '
1462 734 1602 806 ὅπερ
1621 735 1806 805 προεί-

1919 644 2214 712 Exsistam,
2242 658 2299 702 et
2323 649 2539 704 siccabo
2556 650 2791 707 simul".
2822 674 2840 705 ι
2871 653 3103 710 Tantum
3133 672 3237 712 non
3265 659 3490 719 dicens:

1910 733 2284 802 Pmnitemini,
2319 739 2460 795 sicut
2484 739 2710 809 praedixi
2741 746 2914 802 vobis.
2955 747 3026 803 At
3055 748 3102 804 si
3151 753 3491 821 pet-durabi-

226 835 377 891 ρηκα
404 816 539 892 (86).
575 821 638 875 Ei
685 822 744 877 δὲ
787 823 1159 895 ιπιμείνοιτε,
1200 826 1331 896 τόγε
1381 825 1656 899 ἡμέτερον
1697 825 1805 893 ιεω

1910 823 1980 879 tis
2009 826 2061 879 in
2095 827 2266 894 vitiis,
2304 837 2460 884 extra
2483 831 2697 902 culpam
2737 849 2855 893 ero.
2892 835 2998 894 Vos
3042 816 3245 897 etenim
3277 857 3493 914 pmnatu

220 911 426 976 αίτίας.
471 911 660 984 Ὑμεῖς
677 912 788 984 γάρ
816 913 915 985 τὴν
937 915 1209 987 τιμωρίαν
1241 915 1364 971 καθ’
1388 915 1600 972 ἑαυτῶν
1627 916 1806 972 ἐλθεῖν

1907 917 2074 987 capiti
2105 926 2288 975 vestro
2309 922 2612 979 accersitis.

220 1000 601 1069 ιεεϐιάσασθε.

749 1120 881 1174 Πην.
915 1149 981 1162 -ο
1017 1120 1271 1193 ΠΔΥΛῼ.

2327 1109 2659 1181 Lxx‘xvttt.
2699 1156 2765 1168 -
2808 1129 3060 1188 rauco.

368 1211 611 1282 Animum
649 1213 839 1284 fortem
866 1216 1025 1284 periti
1054 1217 1226 1272 instar
1256 1198 2266 1357 σαίνει-ιαιοήῖὦιξῧὶζεῗέιυ-Ικὲ.φασιν
2296 1234 2545 1288 superare
2571 1223 2738 1290 decet,
2764 1241 2827 1279 ue
2851 1226 2920 1280 iis
2961 1229 3345 1300 subiungatur.

290 1393 394 1447 Τὸν
414 1395 698 1466 εὐδόκιμον
716 1396 1000 1467 κρείττονα
1026 1377 1168 1453 εἶναι
1195 1399 1304 1471 χρὴ
1335 1399 1443 1455 τῶν
1471 1401 1791 1474 συμφορῶν.

215 1485 390 1538 Τοῦτο
418 1485 474 1540 δὲ
504 1485 678 1550 ῐσται,
710 1489 758 1541 εί
783 1489 876 1542 τὸν
905 1490 1163 1559 λογισμὸν
1193 1490 1525 1563 ὑψηλότερον
1551 1492 1661 1546 τῶν
1688 1509 1793 1546 πα-

213 1575 330 1629 θῶν
361 1581 791 1649 κατακτήσαιτο.
845 1581 941 1635 καὶ
969 1581 1224 1650 καθάπερ
1265 1581 1579 1656 κυϐερνήτῃ
1621 1599 1790 1654 μετα-

1975 1397 2211 1454 Probum
2261 1411 2675 1473 spectatumque
2712 1407 2888 1460 virum
2945 1410 3094 1466 omni
3145 1399 3485 1482 superiorem

1899 1502 2020 1544 esse
2044 1489 2355 1548 calamitate
2378 1493 2552 1548 decet.
2592 1495 2645 1550 Id
2675 1499 2907 1563 accidet,
2934 1501 2978 1554 si
3015 1503 3155 1558 ratio
3173 1503 3224 1558 in
3254 1505 3343 1560 illo
3363 1523 3486 1577 per-

1900 1581 2305 1638 turbationibus
2337 1585 2668 1653 dominetur,
2703 1602 2935 1660 eamque
2968 1593 3196 1656 siverit,
3224 1605 3284 1649 ttt
3332 1599 3485 1651 navis

212 1665 479 1736 κειρίζειν
509 1669 636 1732 τοὺς
681 1668 876 1732 οίακας
908 1671 1004 1725 καὶ
1031 1670 1296 1737 οίακίζειν
1327 1673 1692 1743 ἐπιτρέψειεν.
1728 1672 1790 1726 Ei

1899 1670 2108 1724 clavum
2160 1672 2491 1742 gubernator
2547 1676 2750 1749 dirigit,
2806 1679 3048 1738 habenas
3115 1685 3391 1741 moderari
3431 1695 3486 1741 ct

208 1757 269 1809 δι
310 1755 402 1809 τὸν
430 1758 771 1831 κυϐερνήτην
821 1761 1272 1827 καταϐαπτίσειε,
1322 1764 1582 1832 ναυάγιον
1615 1765 1790 1833 ἀργα-

208 1845 483 1901 λεώτατον
529 1849 915 1920 ὑποστήσεται,
960 1851 1069 1905 τῶν
1110 1852 1299 1908 παθῶν
1344 1854 1786 1926 κορυφουμὲνων,

210 1939 309 1990 καὶ
349 1939 441 1992 τὸν
489 1939 750 2010 λογισμὸν
798 1945 879 2006 είς
927 1943 1092 1998 αὗτδν
1130 1943 1224 1998 τοῦ
1258 1945 1528 2014 πελάγους
1555 1946 1645 2000 τὸν
1685 1963 1788 2000 πυ-

207 2028 386 2099 θμινα
418 2035 923 2104 παραπεμπόντων.

459 2144 584 2200 ΠΘ¹.
633 2175 702 2189 -
735 2147 1024 2221 ΕΥΣΕΒΙῼ
1061 2146 1538 2221 ΠΡΕΣΒΥΤΕΡῼ.

1896 1774 2107 1830 regere.
2129 1760 2186 1817 Si
2218 1777 2347 1820 vero
2376 1767 2513 1820 mari
2540 1768 2876 1835 gubernator
2914 1784 3214 1845 mergatur,
3261 1777 3484 1832 naufra-

1895 1852 2043 1921 gium
2075 1852 2290 1909 eveniet
2310 1855 2779 1926 molestissimum,
2818 1859 3168 1930 passio'nibus
3202 1867 3481 1937 imperan-

1891 1943 2055 2005 tibus.
2086 1956 2142 1999 et
2183 1947 2451 2002 rationem
2484 1947 2540 2002 in
2574 1949 2748 2020 ipsum
2782 1953 2958 2027 pelagi
2992 1955 3219 2013 fundum
3262 1959 3483 2016 demer-

1896 2037 2171 2100 gentibus.

2078 2148 2443 2206 LXXXIX.—
2461 2151 2758 2212 EUSEBIO
2803 2153 3298 2219 PRESBYTERO.

1013 2240 1087 2294 De
1110 2239 1236 2294 cirri
1261 2241 1426 2312 fastu,
1464 2241 1680 2311 ejusque
1719 2259 1906 2297 causa.
1938 2241 2156 2315 (Confer
2186 2247 2340 2310 epist.
2369 2246 2438 2300 37
2471 2257 2518 2300 et
2546 2247 2700 2320 268).

277 2331 343 2386 Ei
378 2329 494 2393 καὶ,
518 2329 593 2394 ὼς
637 2331 945 2402 γίγραφας,
981 2333 1016 2401 ἡ
1050 2327 1158 2387 τῶν
1206 2330 1600 2400 βασιλευόντων
1654 2331 1784 2403 περὶ

201 2421 265 2476 τὸ
285 2421 438 2474 θετον
483 2420 738 2476 εὐλάϐεια
761 2422 861 2494 τὴν
889 2422 1203 2476 δπισκόπων
1241 2421 1594 2476 άνευλάϐειαν
1621 2423 1783 2493 ἧλεγο

205 2511 330 2576 ξεν·
395 2513 490 2566 καὶ
532 2514 567 2582 ἡ
620 2511 756 2584 πρὸς
835 2514 1032 2577 αὐτοὺς
1083 2513 1307 2567 huiva
1367 2513 1782 2585 ὑπερϐάλλουσα

201 2603 336 2675 τιμὴ
383 2604 508 2669 τοὺς
535 2602 880 2674 τιμωμένους
908 2604 1149 2670 ἐξέλυσε,
1208 2605 1302 2658 καὶ
1332 2601 1374 2676 η’
1399 2604 1570 2674 πολλὴ
1598 2601 1781 2658 αὐτῶν

200 2691 483 2764 φιλοτιμία
538 2693 752 2766 τρυφῆς
802 2695 898 2747 καὶ
950 2693 1220 2758 ἁσωτείας
1266 2693 1477 2758 τούτοις
1523 2692 1780 2756 ὑπόθεσις

198 2785 457 2854 γέγονεν’
501 2783 637 2837 ἀλλὰ
685 2786 750 2838 σὺ
802 2785 878 2855 μὴ
908 2783 1265 2848 σκανδαλίζου
1285 2802 1301 2817 ο
1335 2785 1397 2838 οὐ
1430 2784 1542 2855 γὰρ
1578 2783 1781 2847 πάντες

201 2873 577 2948 ὶχειρὼθησαν
605 2876 716 2938 τοῖς
763 2875 1071 2947 εἰρημένοις
1114 2875 1364 2940 πάθεσιν,
1423 2876 1538 2929 ἀλλ’
1571 2874 1712 2928 είσὶν
1730 2874 1781 2928 oi

204 2969 601 3034 σπουδάζοντες
648 2969 791 3024 κατὰ
842 2968 936 3023 τὸν
990 2969 1347 3024 ἀποστολικδν
1396 2968 1559 3041 ζῆσαι
1603 2985 1777 3040 χαρα-

196 3061 394 3130 κτῆρα.
424 3060 489 3115 Ei
535 3060 593 3114 δὲ
621 3060 810 3130 φαίης,
848 3060 1060 3130 Ὁλίγοι
1092 3059 1329 3131 κομιδῇ,
1360 3061 1481 3114 οὐδὲ
1510 3061 1780 3134 αὐτδςάρ-

1962 2331 2097 2399 Etsi,
2121 2342 2177 2386 ut
2219 2334 2440 2399 scribis,
2469 2351 2653 2408 regum
2691 2350 2817 2409 erga
2851 2338 3018 2397 Deum
3044 2343 3219 2413 pietas
3251 2345 3479 2414 episco-

1887 2438 2080 2493 porum
2101 2425 2460 2494 quorumdam
2477 2427 2888 2485 irreverentiam
2913 2433 3211 2503 redarguit,
3247 2435 3478 2492 nimius-

1887 2528 1994 2585 que
2050 2515 2181 2585 ipsis
2249 2516 2528 2574 exbibitus
2602 2520 2776 2576 bonos
2820 2536 2916 2577 eos
2962 2535 3222 2590 enervat,
3284 2526 3476 2599 ingens

1886 2619 2105 2675 quoque
2143 2606 2355 2662 illorum
2386 2609 2608 2688 honoris
2638 2613 2899 2681 studium,
2934 2615 3361 2688 deliciarumque
3417 2628 3475 2674 et

1886 2695 2166 2763 epularum
2222 2684 2930 2771 materiam‘suppeditavit
2963 2722 2978 2758 :
3015 2684 3288 2763 tutamen
3341 2723 3476 2764 cave

1887 2799 1956 2839 ne
2006 2784 2331 2842 oil'eudiculo
2379 2789 2474 2845 tibi
2507 2805 2598 2846 res
2629 2805 2691 2846 ea
2722 2792 2795 2848 sit
2837 2810 2853 2847 :
2914 2809 3020 2849 non
3079 2799 3224 2852 enim
3283 2815 3474 2856 omnes

1890 2875 2099 2945 pariter
2126 2879 2404 2945 pradictis
2439 2879 2690 2938 laborant
2715 2883 2941 2950 morbis,
2997 2886 3164 2958 580
3198 2889 3294 2944 sed
3342 2901 3473 2946 sunt

1885 2965 1980 3035 qui
2035 2969 2332 3044 apostolico
2389 2969 2571 3028 vivere
2636 2974 2955 3033 charactere
3006 2979 3339 3036 desiderant.
3411 2982 3473 3040 Si

1889 3058 2093 3113 dixeris
2143 3079 2156 3114 :
2221 3057 2453 3127 Demus;
2522 3064 2614 3118 sed
2662 3066 2776 3120 rari
2815 3066 3105 3122 admodum
3153 3081 3294 3134 sunt,
3353 3086 3462 3128 non

191 3151 506 3222 νησαίμην·
558 3150 692 3205 ἀλλὰ
723 3152 828 3207 κάν
873 3149 1049 3222 τούτῳ
1082 3151 1181 3224 τὴν
1223 3152 1317 3205 τοῦ
1356 3153 1608 3226 Σοηῆρος
1644 3158 1808 3228 πρό-η

1882 3149 2133 3220 equidem
2166 3150 2378 3208 inﬁcias
2406 3155 2575 3210 ivero.
2643 3155 2750 3211 Sed
2789 3168 2845 3213 et
2895 3157 3192 3216 Salvatoris
3226 3164 3468 3219 admire-

193 3260 399 3312 γνωσιν
450 3243 795 3314 θαυμάσαιμι
837 3244 932 3298 τοῦ
981 3245 1322 3316 φράσαντος·
1383 3264 1401 3298 ι
1437 3247 1628 3302 Πολλοὶ
1678 3249 1779 3320 μὲν

191 3337 406 3409 κλητοὶ,
441 3338 612 3407 ὀλίγοι
639 3339 696 3392 et
726 3337 991 3392 ἐκλεκτοί.
1027 3357 1046 3390 ›

447 3455 514 3519 ιιν.
543 3480 612 3491 -
639 3451 1004 3521 ΜΔΡΚΙᾹΝῼ
1050 3453 1523 3528 ΠΡΕΣΒΥΤΕΡῼ.

1886 3255 2010 3294 mur
2050 3244 2450 3312 pra-scientiam
2504 3249 2780 3303 dicentis:
2836 3265 2856 3302 ι
2897 3249 3050 3305 Multi
3083 3263 3209 3307 sunt
3256 3254 3464 3322 vocati,

1881 3334 2037 3403 pauci
2066 3348 2196 3389 vero
2219 3335 2376 3390 electi
2395 3339 2458 3390 η.
2508 3356 2526 3388 ι

2108 3466 2219 3523 XC.
2259 3498 2331 3510 -
2370 3468 2729 3530 MARCIANO
2764 3473 3249 3536 PRESBYTEBO.

862 3544 1199 3600 Dehrtoribns
1228 3563 1330 3602 non
1365 3560 1555 3606 tentere
1582 3557 1917 3622 credendum,
1955 3559 2044 3614 sed
2081 3571 2300 3630 utraque
2327 3579 2452 3630 pars
2481 3565 2771 3621 audienda.

265 3659 357 3730 Μὴ
389 3659 558 3727 ὕπεχε
611 3659 722 3723 τοῖς
767 3658 1109 3727 λογοποιοῦσι
1167 3661 1266 3725 τὰς
1323 3665 1525 3730 ἀκοάς⁹
1559 3671 1607 3723 εί
1664 3671 1773 3744 γὰρ

192 3751 393 3823 ῥᾳδίως
429 3750 706 3813 πιστεύοις
735 3753 848 3812 τοῖς
887 3753 1307 3822 κατηγοροῦσιν,
1334 3756 1434 3809 οὐκ
1466 3760 1774 3831 ἐπιλείψου-

190 3857 283 3894 σιν
305 3842 356 3894 οί
376 3838 832 3909 καταψευδόμενοι
861 3841 956 3893 καὶ
987 3839 1312 3907 πλάττοντες
1333 3860 1348 3874 ·
1377 3845 1492 3899 ἀλλ’
1517 3848 1565 3901 εί
1591 3848 1772 3917 βούλει

187 3931 281 3996 δὺς
326 3930 620 4003 ἀκεραίους
666 3929 766 3994 τὰς
811 3931 1010 3997 ἀκοὰς,
1037 3933 1128 3984 καὶ
1166 3934 1566 4006 ἀπολογήσεται
1626 3940 1772 4011 μάλα

189 4022 455 4092 γενναίως
498 4024 527 4077 ὁ
557 4022 951 4096 κατηγορηθείς
971 4040 985 4054 °
1017 4027 1112 4079 καὶ
1144 4026 1222 4089 είς
1261 4027 1508 4094 ἐκείνους
1547 4032 1769 4104 τρέψεις

185 4115 292 4192 τὴν
319 4116 400 4179 είς
423 4115 588 4170 αὑτὸν
616 4114 792 4185 μάτην
815 4117 1042 4184 (ρυεῖσαν
1070 4116 1269 4191 λύπην.

690 4228 804 4295 μ’.
838 4257 908 4269 -
941 4228 1029 4299 Tn
1056 4200 1260 4302 AT’i‘Q.

1952 3673 2170 3732 Fabulis
2218 3692 2379 3733 aures
2421 3692 2488 3734 no
2548 3683 2920 3739 accommoda.
2971 3684 3028 3740 Si
3088 3686 3236 3742 enim
3299 3686 3466 3745 facile

1879 3767 2255 3820 accusantibus
2303 3769 2517 3832 credas,
2573 3784 2681 3825 non
2740 3772 2991 3830 desinent
3031 3774 3170 3834 falso
3203 3792 3465 3836 accusare

1877 3869 1942 3909 ac
1971 3855 2193 3925 fingere.
2229 3855 2336 3912 Sed
2388 3858 2432 3912 si
2471 3859 2670 3928 placet,
2695 3872 2856 3920 aures
2895 3867 3072 3937 przcbe
3095 3869 3362 3934 sinceras,
3405 3881 3463 3927 et

1877 3943 2199 4001 defendetur
2240 3949 2477 4020 egregie,
2523 3953 2614 4022 qui
2660 3954 2947 4013 calumniis
3000 3975 3293 4030 oppressus
3333 3974 3457 4027 est,

1878 4046 2164 4107 vertesque
2217 4037 2271 4093 in
2325 4038 2448 4096 illos
2494 4040 2756 4112 dolorem,
2787 4062 2949 4116 quem
2997 4048 3270 4107 innocenti
3310 4061 3461 4108 stru-

1873 4136 2086 4183 xerattl.

2405 4249 2543 4308 XCI.
2566 4283 2638 4294 —
2662 4250 2910 4310 ‘EIDEM.

1064 4319 1224 4376 Pauli
1237 4325 1325 4377 ‘ad
1355 4324 1512 4380 Hebr.
1546 4329 1710 4383 locus.
1736 4328 1865 4402 Cap.
1893 4349 1965 4403 tv,
1995 4352 2041 4391 ο.
2068 4337 2122 4393 8.
2145 4336 2222 4393 De
2253 4337 2383 4396 Iesu
2415 4339 2585 4399 Nave.

261 4427 336 4481 οὐ
388 4427 518 4498 περὶ
567 4425 669 4496 τῆς
715 4427 1112 4494 καταπαύσεως
1161 4430 1271 4485 τῶν
1325 4434 1614 4505 Ἐϐραίων,
1664 4428 1808 4510 τῆς]

1881 4535 1896 4537 _
1936 4447 2134 4505 Beatus
2156 4449 2358 4508 Paulus
2400 4469 2506 4511 non
2563 4456 2630 4513 de
2685 4460 2869 4530 requie
2914 4459 3249 4531 Judaeorum,
3290 4481 3454 4537 quam

183 4517 490 4590 γενομένης
541 4518 600 4572 ὲν
656 4519 989 4593 Παλαιστίνῃ
1048 4523 1137 4578 διὰ
1206 4525 1383 4596 Ἰησοῦ
1435 4528 1550 4582 υίοῦ
1606 4530 1763 4605 Ναυῆ

186 4610 543 4682 στρατηγίας,
593 4609 671 4681 τῷ
711 4610 984 4683 θεσπεσίῳ
1039 4613 1235 4685 Παύλῳ
1261 4616 1289 4670 6
1323 4617 1514 4687 λόγος·
1547 4621 1764 4694 ἐκείνης

186 4701 299 4771 γὰρ
323 4702 497 4765 οὐδεὶς
536 4702 692 4770 λόγος
738 4703 906 4774 αὐτῷ,
955 4706 1038 4768 είς
1065 4705 1121 4760 δὲ
1154 4708 1255 4778 τὴν
1297 4712 1762 4784 προσδοκωμένην

183 4794 407 4848 ισεσοαι
450 4788 670 4864 βλέπει,
722 4797 815 4849 καὶ
855 4797 974 4850 κατ’
1013 4798 1229 4869 ἐκείνης
1257 4802 1285 4853 ὀ
1327 4801 1440 4854 τῶν
1471 4807 1760 4875 νοημάτων

185 4885 388 4948 σκοπὸς
443 4886 804 4941 συντείνεται’
854 4889 936 4942 ὃτι
997 4890 1054 4943 δὲ
1111 4891 1269 4945 τοῦτό
1331 4893 1480 4948 ἐστιν
1536 4897 1756 4968 άληοὲς,

181 4977 347 5040 αὐτὸς
393 4976 585 5031 ἑαυτὸν
630 4977 922 5049 ἑρμηνεύει
969 4980 1174 5050 λέγων·
1232 5003 1250 5035 ι
1294 4985 1355 5038 Ei
1400 4985 1508 5058 γὰρ
1562 4989 1760 5054 αὐτοὺς

193 5065 402 5138 Ἰησοῦς
441 5067 636 5138 (δῆλον
659 5068 737 5142 δέ,
763 5071 878 5123 ἐστι
916 5070 1010 5123 τοῦ
1042 5073 1230 5145 Ναυῆ)
1261 5077 1623 5144 κατέπαυσεν,
1656 5080 1782 5136 οὐκ.

182 5157 251 5211 ἂν
279 5157 405 5227 περὶ
440 5157 607 5228 ἄλλης
637 5158 815 5213 ἐλάλει
857 5161 995 5231 μετά
1019 5162 1191 5216 ταῦτα
1222 5166 1467 5235 ἡμέρας·
1494 5169 1599 5238 ἄρα
1621 5171 1758 5224 ἀπο.

179 5246 428 5301 λείπεται
474 5247 846 5320 σαϐϐατισμὸς
880 5251 956 5322 τῷ
998 5253 1110 5325 λαῷ
1155 5253 1250 5309 τοῦ
1292 5255 1448 5311 Θεοῦ.
1502 5279 1519 5310 ι
1559 5261 1619 5314 Ei
1647 5265 1757 5331 γάρ

179 5337 401 5401 αὐτοὺς,
447 5340 629 5410 φησὶν,
659 5340 865 5405 ἐκεῖνος
888 5345 1254 5411 κατέπαυσεν,
1282 5348 1381 5402 οὐκ
1406 5349 1472 5404 ἂν
1515 5353 1542 5404 ὁ
1592 5353 1758 5409 Δαϐὶδ

180 5427 324 5500 μετὰ
371 5429 569 5495 πολλάς
619 5433 810 5500 γενεὰς
837 5435 1148 5505 γενόμενος,
1195 5440 1322 5510 περὶ
1357 5444 1753 5510 καταπαύσεως

1867 4535 2028 4595 Iesus
2052 4537 2202 4597 Nave
2237 4541 2292 4597 in
2323 4543 2607 4602 Palaestina
2630 4551 2862 4620 peperit,
2891 4554 3052 4609 verba
3083 4555 3214 4612 iacit
3241 4575 3254 4612 :
3297 4535 3459 4627 ltujns

1867 4627 2010 4682 enim
2035 4629 2180 4686 nulla
2205 4640 2289 4687 est
2322 4633 2390 4690 ab
2443 4649 2509 4690 eo
2542 4637 2682 4692 ratio
2709 4637 2926 4707 habita;
2965 4643 3057 4697 sed
3089 4643 3143 4699 in
3199 4661 3318 4703 eam
3362 4663 3455 4706 re-

1865 4719 2044 4788 quiem
2095 4722 2315 4791 respicit
2379 4739 2498 4794 qua:
2559 4725 2611 4780 in
2672 4725 2913 4784 futurum
2971 4743 3340 4802 exspectatur,
3399 4738 3450 4796 In

1865 4823 2095 4878 eamque
2145 4811 2515 4882 intelligentia
2580 4830 2775 4885 scopus
2821 4817 3015 4876 fertur.
3067 4823 3220 4891 Quod
3263 4841 3450 4884 verum

1870 4911 1991 4952 esse.
2023 4901 2137 4969 ipse
2165 4903 2246 4956 sui
2278 4903 2548 4975 interpres
2584 4907 2665 4964 sic
2705 4909 2960 4979 explanat
2992 4913 3217 4970 dicens:
3260 4935 3280 4970 ι
3315 4917 3450 4975 Nam

1868 4989 1913 5043 si
1935 4991 2015 5044 eis
2032 4990 2191 5047 .lesus
2213 4992 2407 5068 [Nave]
2430 4998 2667 5066 requiem
2692 5001 3054 5079 pmstitisset,
3080 5019 3354 5076 nunquam
3383 5011 3454 5068 de

1866 5080 1971 5135 alia
2016 5081 2330 5152 loqueretur
2370 5097 2491 5156 post
2537 5089 2677 5145 banc
2721 5091 2831 5146 die.
2882 5093 3067 5164 Itaque
3121 5098 3454 5170 relinquitur

1866 5171 2234 5230 sabbatismus
2273 5177 2471 5247 populo
2513 5179 2603 5233 Dei
2628 5181 2691 5233 ι’.
2726 5200 2745 5234 ι
2778 5181 2833 5238 Si
2872 5184 3015 5239 enim
3066 5186 3195 5254 illis,
3225 5190 3302 5245 ait
3331 5190 3445 5260 ille,

1865 5265 2100 5332 quietem
2137 5267 2303 5333 dedit,
2334 5285 2438 5324 non
2474 5275 2660 5342 utique
2694 5275 2859 5329 David
2890 5288 3012 5346 post
3055 5280 3252 5336 multas
3279 5298 3450 5352 gene-

1865 5356 2103 5412 rationes
2138 5369 2297 5415 natus
2321 5363 2385 5416 de
2414 5365 2651 5431 requiete
2676 5365 2903 5436 loquens
2925 5369 3148 5426 dixisset
3180 5392 3192 5427 :
3233 5393 3251 5426 ι
3278 5375 3451 5433 llodie

1862 5446 1910 5499 si
1972 5463 2158 5504 vocem
2228 5449 2351 5522 ejus
2400 5454 2708 5523 audieritis,
2742 5460 2912 5517 nolite
2969 5460 3243 5521 obdurare
3281 5469 3448 5526 corda

253 5559 295 5592 ¹¹
331 5561 432 5616 lsa.
476 5578 607 5626 χιιι,
647 5565 731 5618 Η.
816 5566 856 5596 ¹⁹
889 5568 1078 5625 Matth.
1122 5588 1258 5636 uti.
1302 5577 1387 5630 Η.
1470 5577 1513 5606 ¹³
1558 5576 1721 5633 llebr.
1762 5594 1836 5648 tv,
1881 5579 1932 5635 8.

1304 5725 1540 5782 VARIA‘J
1581 5728 1972 5788 LECTIUNES
2009 5735 2096 5789 ΕΤ
2135 5735 2363 5792 ΝΟΤίΕ.

252 5835 364 5910 (86)
405 5837 510 5893 l’ro
555 5840 689 5912 ὅπερ
737 5843 1040 5914 προείρηκα
1085 5847 1242 5900 iidem
1289 5851 1443 5906 rmlil.
1490 5852 1687 5906 habent
1728 5854 1755 5906 ὃ
1797 5872 1808 5905 1

1881 5855 2150 5928 οείρημαι.
2196 5859 2398 5917 Possm.
