4150 6522
201 476 343 543 1393
1104 486 1644 549 EPISTOLABUM
1682 489 1830 550 LIB.
1870 490 1938 551 ν.
1970 513 2043 526 -
2079 491 2321 552 EPIST.
2364 491 2547 551 CXIX
3339 482 3482 546 i394.

199 590 453 661 Ζώσιμον
474 591 648 648 δεινὸν
673 592 755 662 δν,
790 595 849 648 οὐ
885 595 1058 650 δεινὸν
1089 593 1232 652 εἶναι
1265 599 1417 652 δοκεῖ
1443 599 1522 670 τῷ
1543 601 1786 670 παρανό-

1905 603 2039 655 telas
2070 606 2173 668 sit,
2206 604 2479 671 quomodo
2511 616 2617 656 non
2659 599 2711 655 id
2743 597 3035 654 nefandum
3072 597 3142 652 sit
3191 597 3362 652 visum
3391 598 3472 661 ei,

201 696 322 748 μως
344 684 786 754 χειροτονήσαντι
812 703 825 716 ·
859 685 1287 751 ἀντεπιστέλλω,
1329 688 1414 742 ὅτι
1448 689 1512 743 σὺ
1549 688 1653 759 μὲν
1675 689 1780 742 ἀπὸ

1905 695 1970 761 ιιιί
2023 709 2219 763 praeter
2265 695 2434 764 legem
2469 708 2593 748 eum
2644 690 2958 746 initiaverit.
3011 687 3338 758 Respondeo
3377 703 3477 758 pro

202 769 476 838 μισοπονή
487 785 577 840 ρου
598 771 804 842 τρόπου
827 773 1058 838 είκότως
1078 775 1407 843 ἀγανακτεῖς
1428 794 1441 807 ·
1475 777 1652 842 οὐδεὶς
1672 779 1781 850 γὰρ

1905 785 2065 838 mimo
2094 785 2312 854 quidem
2347 795 2471 848 tuo,
2505 801 2613 851 quo
2641 781 2780 836 mala
2813 781 2994 834 (nuuia
3023 779 3337 835 adversaris
3364 820 3380 842 ,
3416 791 3470 832 te

197 857 340 926 πρὸς
386 858 544 914 τοῦτο
594 861 878 917 ἀντείποι·
925 868 1102 919 έκεῖνο
1140 865 1199 920 δέ
1234 883 1314 921 σοι
1364 870 1780 940 παραινέσαιμι,

1905 883 2022 929 uste
2054 876 2342 942 indignari,
2370 875 2514 945 quiod
2555 889 2716 930 nemo
2743 874 3046 944 negaverit.
3083 869 3212 924 Illud
3257 871 3476 924 interim

197 946 453 1018 καθαρὰν
504 953 844 1025 κακηγορίας
891 956 989 1028 τὴν
1037 955 1285 1026 γλῶτταν
1315 957 1660 1029 διαφυλάξαι.
1718 959 1781 1014 Εί

1905 982 2201 1022 noueannts
2235 982 2299 1021 ac
2325 966 2726 1036 praecipiamus,
2755 961 2944 1033 puram
2981 971 3094 1014 uta
3130 960 3462 1015 maledicen-

197 1038 310 1108 γὰρ
361 1042 563 1107 ἐκεῖνος
599 1046 809 1116 μυρίων
839 1048 1007 1114 ἄξιος,
1040 1047 1116 1112 ὡς
1147 1049 1456 1122 γέγραφας,
1497 1051 1777 1123 σκηπτῶνι

1905 1058 1960 1111 ,ia
1995 1058 2232 1129 linguam
2280 1058 2575 1114 custodias.
2628 1055 2742 1110 Etsi
2791 1056 2936 1111 enim
2969 1053 3199 1109 infinitis
3248 1053 3372 1118 ille,
3421 1061 3479 1106 ut

203 1129 340 1198 μηδὲ
363 1135 428 1203 τῇ
455 1136 589 1205 τιμῇ
618 1133 950 1206 βελτιωθεὶς,
975 1139 1089 1193 ἀλλ’
1119 1140 1271 1212 ὅπλῳ
1293 1143 1496 1207 κακίας
1526 1145 1592 1214 τῇ
1626 1145 1783 1215 ἱερω-

1905 1149 2126 1216 scribis,
2185 1151 2379 1219 dignus
2428 1158 2512 1205 est
2543 1147 2892 1213 fuhniuibus,
2936 1162 3112 1216 neque
3164 1147 3371 1200 honore
3414 1159 3480 1199 ac

205 1220 339 1311 σύνη
378 1226 744 1298 χρησάμενος,
780 1229 874 1284 καὶ
910 1231 1126 1304 τολμῶν
1174 1234 1490 1306 ὰτόλμητα·
1542 1235 1679 1290 ἀλλά
1720 1233 1787 1289 σύ

1905 1240 2147 1310 Iignitate
2174 1243 2416 1296 redditus
2447 1239 2660 1302 melior,
2691 1239 2784 1294 sed
2819 1240 2935 1307 ipso
2979 1236 3290 1292 sacerdotio
3321 1237 3472 1290 velut

199 1325 265 1402 γε
300 1316 363 1366 τὸ
393 1315 594 1370 σαυτοῦ
631 1320 808 1391 στόμα
836 1321 1074 1392 μιαίνειν
1097 1323 1200 1377 οὐκ
1233 1323 1492 1392 ὀφείλεις,
1519 1323 1618 1388 τὰς
1647 1342 1780 1395 μιαο

1909 1333 2145 1402 teqnitite
2186 1333 2542 1388 instrumento
2585 1332 2787 1386 abusus
2819 1329 3036 1390 audeat,
3063 1343 3184 1398 qua:
3233 1328 3478 1382 audenda

201 1401 534 1481 phﬁxstvou
553 1409 779 1480 πράξεις
802 1411 1162 1485 ἐκτραγῳδῶν
1184 1415 1279 1468 καὶ
1301 1414 1400 1486 τὴν
1429 1415 1539 1470 τῶν
1565 1417 1782 1488 τρόπων

1910 1440 1996 1482 ιοιι
2033 1433 2210 1492 erant,
2247 1439 2381 1479 cave
2421 1434 2600 1478 tamen
2633 1434 2780 1476 tuum
2821 1436 2884 1475 os
2919 1421 3210 1488 inquinare
3255 1416 3481 1472 sceleri-

203 1495 506 1568 σκαιότητα
533 1498 911 1572 διηγούμενος.

1905 1530 1991 1570 uus
2015 1515 2134 1584 ejus
2174 1513 2401 1581 impuris
2430 1511 2721 1584 arguetnlis
2743 1553 2756 1574 ,
2790 1526 2853 1566 ac
2895 1526 3105 1565 murum
3157 1508 3277 1578 ejus
3335 1520 3481 1560 θωνα

1893 1605 2169 1660 narrando
2197 1605 2338 1658 aliis.

735 1712 880 1770 PlZ'.
918 1743 988 1754 -
1018 1715 1270 1786 name.

2279 1717 2448 1790 533
2478 1717 2682 1774 cxvn.
2723 1749 2793 1759 -
2831 1714 3083 1772 rauco.

643 1798 760 1854 Vim
785 1803 883 1869 fati
912 1813 959 1857 et
991 1807 1371 1872 necessitatem,
1411 1806 1584 1877 lepido
1615 1821 1922 1878 argumento
1948 1808 2224 1865 subvertit.
2255 1810 2435 1881 (Cani.
2467 1810 2562 1863 lib.
2605 1826 2688 1874 ιιι,
2716 1810 2869 1878 epist.
2906 1806 3057 1876 156.)

275 1907 340 1961 El
374 1909 486 1992 πᾶς
512 1909 774 1982 λογισμὸς
817 1915 912 1968 καὶ
969 1917 1116 1968 πᾶσα
1157 1915 1480 1988 ὲνθύμησις,
1527 1920 1606 1984 ὼς
1652 1922 1783 1992 φὴς,

1967 1920 2024 1973 Si
2058 1920 2262 1990 quavis
2284 1960 2301 1987 ,
2331 1931 2389 1975 ut
2424 1921 2536 1985 ais,
2589 1918 2891 1989 speculatio
2925 1916 3231 1986 mentisque
3262 1913 3483 1985 agitatio

200 1999 356 2069 παρὰ
409 2001 510 2070 τῆς
562 2002 908 2074 εἱμαρμένης
963 2007 1077 2069 τοῖς
1134 2007 1447 2079 ἀνθρώποις
1499 2012 1781 2085 ἐπιφοιτᾷ,

1905 2026 1922 2064 ι
1974 2011 2084 2066 fato
2129 2011 2373 2082 pendeat
2432 2010 2674 2076 homini,
2723 2007 3176 2063 absurdissimum
3235 2003 3366 2075 quid
3409 2005 3480 2057 illi

203 2086 559 2142 ἀτοπώτατόν
596 2107 645 2144 τι
689 2091 973 2163 πάσχουσα
1005 2093 1414 2167 φωραθήσεται.
1447 2099 1512 2153 Εί
1545 2103 1658 2165 τοῖς
1684 2102 1784 2171 μὲν

1905 2101 2053 2176 ⁵Ῑιιιθ]
2091 2103 2341 2159 accidere
2380 2102 2772 2171 deprehendes.
2819 2100 3098 2170 Siquidem
3129 2097 3215 2152 bis
3244 2097 3484 2151 rationes

2180 80 2208 82 Im
2237 80 2258 82 1

205 2179 568 2250 καταπέμπει
626 2181 1019 2254 ἐνθυμήματα,
1060 2185 1204 2239 ὥστε
1256 2189 1784 2260 ύπεραπολογείσθαι

198 2269 394 2338 αὐτῆς,
443 2273 555 2334 τοὶς
592 2271 648 2325 δὲ
692 2273 889 2346 τέχνην
935 2277 1030 2329 καὶ
1079 2278 1544 2349 ἑπιστημονικοὺς
1592 2283 1784 2351 λόγους

199 2358 413 2429 ὀρέγει,
438 2362 506 2416 δι’
534 2357 609 2416 ὧν
638 2363 844 2436 ταύτην
866 2367 1290 2438 ἀνατρέψουσιν.
1340 2372 1401 2424 Ei
1427 2373 1608 2427 τοίνυν
1645 2375 1785 2448 αὐτὴ

199 2453 406 2522 ἑαυτὴν
431 2454 750 2526 ἀνατρέπει,
791 2457 860 2510 δι’
887 2452 965 2514 ὧν
992 2464 1222 2532 χορηγεῖ
1253 2465 1366 2526 τοῖς
1389 2465 1791 2535 ἀνατρέπουσιν

198 2542 374 2613 αὑτὴν
399 2543 819 2616 ἐνθυμημάτων,
862 2549 978 2613 πῶς
1001 2550 1265 2621 συστῆναι
1299 2551 1466 2624 αὐτὴν
1489 2548 1600 2608 οἷόν
1632 2573 1716 2611 τε.

508 2662 650 2716 PII".
689 2695 752 2708 -.
794 2665 1132 2739 eranum
1159 2667 1484 2741 ΔΙΑΚΟΝῼ.

1893 2203 2147 2266 suggerat
2201 2194 2410 2265 quibus
2458 2192 2814 2261 defendatur;
2875 2190 2982 2246 illis
3049 2203 3179 2243 vero
3245 2186 3482 2242 rationes

1894 2287 2222 2342 scientiﬂeas
2257 2288 2501 2356 adeoque
2531 2295 2716 2340 artem
2768 2284 3041 2354 prtebeat,
3085 2295 3195 2351 qua
3235 2279 3482 2334 vicissim

1895 2388 2194 2436 evertatur.
2224 2376 2409 2445 Quare
2451 2378 2497 2434 si
2529 2393 2588 2433 se
2622 2377 2799 2445 ipsum
2839 2373 3039 2430 evertit
3067 2372 3237 2427 fatum
3269 2385 3365 2441 per
3394 2385 3482 2430 ea.

1893 2484 2014 2540 quae
2061 2471 2296 2540 praihet,
2330 2470 2739 2539 enthymemata
2771 2467 2948 2537 ipsum
2978 2465 3281 2522 evertentia
3302 2505 3316 2532 ,
3353 2477 3486 2533 quo-

1893 2563 2072 2626 modo,
2100 2575 2304 2630 qnzeso,
2335 2569 2513 2630 potest
2533 2557 2712 2638 fatum
2737 2557 3035 2613 subsistere
3063 2555 3087 2609 ’ί

2103 2669 2336 2726 CXVlll.
2370 2699 2441 2712 —
2495 2666 2892 2725 EUSTATHIO
2935 2665 3254 2724 DIACONO.

955 2757 1034 2811 Ad
1067 2757 1188 2810 rita:
1237 2759 1654 2813 emendationem
1691 2759 2015 2815 adhortatio.
2050 2759 2147 2818 Sui
2195 2761 2434 2825 rictorin,
2470 2760 2728 2815 maxime.

277 2874 449 2929 τοῦτο
475 2877 534 2929 τὸ
561 2875 656 2930 νῦν
679 2875 952 2944 τολμηθὲν
983 2875 1138 2946 πσρά
1169 2877 1262 2930 σοῦ
1285 2876 1395 2930 τῶν
1419 2877 1610 2931 δεινῶν
1640 2879 1786 2933 ὲκείο

1971 2876 2120 2932 lnter
2156 2891 2243 2942 ea,
2296 2881 2419 2946 qua:
2467 2890 2693 2933 strenue
2743 2877 2982 2946 gessisti,
3032 2875 3163 2930 illud
3213 2890 3486 2931 summum

199 2983 314 3019 νων
365 2967 482 3019 ἐστὶ
512 2966 840 3036 δεινότερον·
875 2965 1183 3038 ἡμιλληθης
1249 2969 1385 3038 πρὸς
1431 2968 1646 3035 σαυτὸν,
1697 2969 1792 3022 καὶ

1905 2977 2000 3034 est,
2034 2968 2175 3036 quod
2204 2976 2383 3023 tecum
2410 2966 2522 3035 ipse
2550 2977 2768 3022 certans
2786 2965 3003 3022 viceris.
3044 2963 3258 3021 Primas
3290 2965 3477 3034 itaque

200 3056 498 3126 νενίκηκας
521 3073 536 3089 ·
583 3057 650 3111 τά
683 3059 928 3126 πρωτεῖα
975 3059 1158 3110 τοίνυν
1196 3059 1252 3111 ὲν
1284 3057 1364 3128 τῷ
1393 3060 1493 3128 τῆς
1536 3059 1792 3123 ἀσεϐείας

1905 3060 1954 3114 iu
1989 3061 2090 3113 hac
2117 3073 2241 3113 cum
2266 3057 2543 3128 impietate
2570 3072 2634 3110 ac
2668 3057 2892 3112 libidine
2916 3072 3094 3128 pugna
3133 3056 3200 3111 ab
3232 3052 3489 3110 omnibus

193 3146 304 3201 ’καὶ
333 3147 624 3216 ἀσελγείας
659 3146 831 3212 ἀγῶνι
859 3147 1003 3200 κατὰ
1032 3147 1248 3201 πάντων
1285 3147 1447 3222 φέρῃ,
1483 3148 1791 3219 ὑπερηκόν-

1905 3151 2144 3206 referens
2165 3149 2366 3213 vicisti,
2401 3163 2700 3220 omnesque
2731 3149 2891 3204 facile
2916 3149 3183 3218 superasti
3210 3166 3224 3201 :
3268 3153 3490 3214 propter

171 3254 385 3314 _‘Ft3¢{,
426 3238 632 3300 πάντας
664 3237 1082 3309 ύπερϐέϐηκας·
1125 3238 1206 3291 διὸ
1234 3239 1330 3291 καὶ
1381 3238 1632 3310 δακρύων
1658 3242 1793 3310 ἡμῖν

1905 3239 1986 3293 illa
2015 3237 2169 3292 nobis
2194 3237 2558 3308 larrymarum
2585 3239 2840 3309 perennis
2875 3253 3039 3293 causa
3083 3239 3402 3291 exstiteras.
3429 3235 3488 3291 Si

179 3325 471 3390 ’ὑπόθεσις
509 3331 741 3398 γέγονας
783 3330 1044 3383 ἀεννάων.
1083 3327 1147 3383 Ei
1198 3329 1379 3382 τοίνυν
1429 3329 1610 3400 βούλει
1635 3331 1796 3401 ἡμῶν

1905 3329 2084 3399 itaque
2111 3326 2352 3382 dolorem
2394 3340 2640 3383 nostrum
2695 3329 2769 3382 tui
2821 3329 2997 3398 gratia
3032 3338 3343 3398 susceptum
3397 3326 3492 3380 tol-

203 3420 310 3493 τὴν
341 3421 516 3492 λύπην
547 3423 644 3492 τὴν
668 3423 763 3475 ἐπὶ
819 3422 902 3475 σοὶ
945 3420 1222 3484 ίάσασθαι,
1255 3422 1432 3476 πάντα
1455 3423 1622 3489 ποίει,
1649 3425 1796 3488 ὅπως

1906 3421 2017 3476 lere
2048 3422 2150 3486 vis,
2183 3435 2399 3476 omnem
2444 3435 2600 3476 move
2651 3421 2906 3491 lapidem,
2950 3433 3017 3473 ne
3053 3419 3193 3473 male
3231 3419 3489 3487 deinceps

201 3512 546 3585 ἀποτρίψαιο
575 3513 672 3584 τὴν
703 3511 1025 3577 κακοδοξίαν
1047 3509 1183 3582 (96).

450 3626 598 3681 PlO’.
628 3657 696 3669 -
737 3627 1043 3697 ΘΕΟΔΩΡῼ
1075 3626 1537 3698 ΣΧΟΛΑΣΤΙΚῼ.

1906 3514 2116 3568 audias.

2080 3625 2267 3685 CXIX.
2304 3655 2376 3668 α-
2399 3604 2775 3681 Titeonouo
2815 3621 3311 3680 scuomsnco.

424 3717 629 3789 Lingua
657 3717 918 3786 quomodo
949 3717 1074 3771 bene
1105 3717 1377 3771 utendum.
1413 3717 1431 3786 (
1464 3715 1578 3785 In].
1605 3717 1756 3785 epist.
1796 3716 1925 3783 455,
1955 3724 2006 3771 et
2037 3731 2104 3771 ea:
2129 3715 2500 3786 Chrysostomo
2543 3715 2732 3769 ϐησαν.
2767 3716 2819 3768 in
2859 3722 2965 3769 sat.
2996 3715 3026 3768 ι
3070 3713 3289 3782 Persii.)

285 3833 349 3887 Et
370 3828 636 3900 ὀξυτάτην
662 3829 806 3898 ἔχεις
826 3828 925 3899 τὴν
946 3827 1216 3896 γλῶτταν,
1242 3826 1480 3898 μάλιστα
1506 3825 1606 3896 μὲν
1626 3825 1794 3898 αὐτὴν

211 3919 560 3990 ἑπιστόμιζε,
591 3919 686 3970 καὶ⁵
699 3915 904 3987 χαλινῷ
930 3915 1261 3986 ἀνασείραζε
1281 3930 1297 3945 ο
1321 3917 1370 3968 εἰ
1398 3915 1455 3969 δὲ
1486 3915 1792 3980 ἀδυνατεῖς,

212 4015 418 4085 χρῆται
447 4010 584 4081 αὐτῇ
623 4009 702 4071 είς
731 4007 848 4062 δέον
877 4007 1018 4079 ὑπὲρ
1059 4007 1159 4077 τῆς
1199 4006 1349 4069 θείας
1386 4007 1482 4060 καὶ
1518 4007 1795 4078 ἀκηράτου

209 4104 394 4175 δόξης,
419 4103 562 4174 ὑπὲρ
591 4103 690 4168 τῆς
708 4100 818 4154 τῶν
846 4099 1217 4170 ἀδικουμένων
1243 4098 1511 4170 βοηθείας,
1540 4100 1678 4171 ὑπὲρ
1701 4100 1798 4171 τῆς

212 4193 325 4249 τῶν
354 4192 657 4247 καλλίστων
686 4191 1037 4262 συνηγορίας,
1061 4191 1206 4243 κατά
1229 4189 1329 4261 τῆς
1345 4189 1455 4244 τῶν
1471 4190 1802 4244 ἀδικούντων

215 4283 532 4349 πλεονεξίας
563 4282 701 4355 (97),
736 4281 880 4336 κατά
901 4283 1002 4352 τῆς
1033 4281 1143 4334 τῶν
1163 4279 1384 4352 δαίμοσι
1416 4283 1675 4352 πονηροῖς
1701 4282 1800 4351 τὴν

214 4375 314 4429 τοῦ
357 4373 556 4437 παντὸς
591 4373 860 4444 Πρόνοιαν
911 4371 1321 4443 ἐπιτρεπόντων
1355 4369 1615 4442 ἀμαθίας,
1661 4371 1802 4424 κατὰ

214 4465 321 4535 τῆς
357 4465 466 4518 τῶν
491 4463 793 4534 αἱρετικῶν
818 4461 1270 4532 φρενοϐλαϐείας,
1297 4463 1439 4515 κατὰ
1471 4463 1572 4534 τῆς
1609 4461 1800 4533 Ἐλλή-

1973 3826 2031 3881 Si
2074 3828 2408 3881 mordentem
2475 3837 2800 3894 acutamque
2868 3827 3036 3880 habes
3099 3826 3362 3896 linguam,
3430 3837 3492 3877 os

1903 3917 2094 3972 obtura
2155 3918 2426 3981 maxime,
2476 3925 2530 3971 et
2575 3915 2729 3972 freno
2784 3927 3058 3973 coerceto.
3110 3916 3167 3971 ld
3221 3919 3266 3972 si
3311 3916 3493 3970 minus

1904 4019 2080 4078 p0tcs,
2111 4017 2266 4061 utere
2312 4021 2377 4060 ea
2411 4021 2509 4076 pro
2554 4006 2740 4060 divina
2765 4015 2820 4060 et
2867 4007 3178 4076 incorrupta
3215 4005 3338 4060 fidei
3362 4021 3488 4074 pro-

1909 4097 2145 4152 fessione
2197 4097 2250 4151 in
2298 4096 2609 4166 pmsidium
2660 4096 2862 4167 injuste
2895 4109 3305 4167 oppresmrum,
3339 4097 3486 4165 opti-

1911 4202 2122 4242 morum
2154 4187 2561 4255 defensionem;
2592 4197 2786 4242 contra
2819 4186 3107 4242 avaritiam
3151 4201 3363 4249 eorum,
3399 4187 3489 4255 qui

1903 4297 2001 4351 per
2072 4281 2227 4338 nefas
2295 4281 2568 4349 ditantur;
2629 4289 2820 4334 contra
2873 4295 3060 4334 eorum
3125 4279 3491 4349 imperitiam,

1905 4369 1997 4439 qui
2031 4369 2407 4426 universitatis
2444 4369 2536 4426 Dei
2588 4370 2988 4439 providentiam
3020 4371 3178 4424 malis
3205 4369 3490 4426 ascribunt

1905 4460 2222 4530 spiritibus;
2278 4461 2542 4516 adversus
2599 4463 2978 4516 luereticorum
3040 4462 3362 4526 amentiam,
3439 4469 3491 4515 ct

217 4572 328 4608 νων
350 4551 802 4620 δεισιδαιμονίας,
830 4550 972 4604 κατὰ
994 4550 1092 4618 τῆς
1125 4550 1394 4605 Ἰουδαίων
1419 4550 1799 4618 ἀπαιδευσίας,

1907 4551 2146 4621 gentium
2198 4553 2681 4622 superstitionem;
2725 4562 2914 4606 contra
2962 4550 3275 4606 Iudaeorum
3326 4551 3494 4606 insci-

217 4645 364 4698 κατὰ
391 4644 490 4714 τῆς
515 4643 624 4695 τῶν
653 4641 1081 4712 ἁμαρτανόντων
1105 4641 1468 4714 κατηγορίας.
1497 4643 1562 4695 Εἰ
1601 4643 1657 4696 δὲ
1684 4642 1808 4696 τού-

218 4751 332 4788 των
366 4733 659 4804 ἀφέμενος,
688 4735 756 4802 τῇ
798 4731 1018 4803 ὀξύτητι
1048 4732 1189 4785 κατὰ
1224 4732 1333 4785 τῶν
1369 4735 1806 4804 ἐντυγχανόντων

219 4823 392 4897 χρῷο,
424 4823 779 4878 ἀτοπώτατόν
815 4839 869 4874 τι
901 4823 1171 4894 ποιήσεις.
1213 4808 1424 4878 Ταυτδν
1447 4824 1556 4896 γάρ
1580 4841 1633 4878 τι
1667 4825 1807 4896 πράο

221 4916 356 4982 ξεις,
392 4912 503 4968 οἷον
554 4915 619 4969 ἂν
661 4917 710 4967 εί
758 4916 1031 4986 μάχαιραν
1087 4914 1471 4985 ἔχωνὸξεῖαν,
1522 4916 1808 4976 κατάτῶν

222 5006 547 5075 ἐπιτηδείων
578 5006 869 5077 ὲπέφερες,
900 5006 933 5076 ἢ
962 5004 1176 5075 ῥώμην,
1209 5005 1350 5059 κατά
1381 5007 1488 5058 τῶν
1539 5006 1804 5060 πολιτῶν·

222 5096 346 5150 δέον
378 5098 444 5167 τῇ
491 5098 590 5167 μὲν
646 5097 788 5150 κατὰ
833 5097 942 5149 τῶν
992 5095 1290 5165 πολεμίων,
1330 5099 1396 5168 τῇ
1427 5097 1482 5150 δὲ
1519 5098 1664 5152 κατά
1699 5098 1810 5151 τῶν

223 5187 533 5241 ἀντιπάλων
575 5187 834 5258 χρῆσθαι.
883 5188 974 5256 Μὴ
1010 5187 1191 5240 τοίνυν
1232 5187 1294 5241 τδ
1327 5189 1621 5259 φάρμακον
1646 5188 1810 5260 δηλη-

223 5279 414 5349 τήριον
436 5278 837 5343 κατασκεύαζε,
865 5277 1002 5331 ἀλλὰ
1030 5277 1259 5342 δεόντως
1295 5281 1447 5350 αὐτῷ
1476 5280 1734 5352 κέχρησο.

1909 4644 2074 4710 tiam;
2125 4650 2312 4697 contra
2377 4644 2722 4712 peccantium
2767 4644 3006 4698 convitia
3067 4655 3124 4698 et
3178 4643 3487 4697 maledicta.

1909 4734 2065 4801 Quod
2100 4735 2144 4790 si
2201 4749 2308 4789 non
2373 4735 2592 4799 feceris,
2645 4735 2825 4805 lingua
2876 4745 2966 4787 tua
3012 4742 3172 4788 acuta
3203 4735 3269 4788 ad
3329 4734 3491 4788 obvia

1909 4843 2139 4897 quaeque
2185 4827 2407 4890 abusus,
2471 4827 2766 4881 absurdum
2826 4824 3045 4880 feceris.
3100 4822 3292 4880 Facies
3345 4823 3491 4878 enim

1912 4920 2155 4989 perinde,
2194 4928 2358 4987 atque
2385 4917 2427 4971 si
2459 4918 2837 4971 acutissimum
2889 4929 3085 4971 nactus
3134 4916 3398 4986 gladium,
3438 4917 3491 4970 in

1909 5009 2248 5063 necessarios
2278 5009 2482 5062 ferrum
2531 5016 2858 5074 convertas;
2910 5011 2991 5062 vel
3022 5007 3187 5061 robur
3238 5008 3494 5078 viresque

1907 5112 2094 5156 eontra
2130 5103 2276 5155 cives
2303 5111 2424 5154 tuos
2443 5100 2722 5165 adhibeas,
2756 5115 2879 5154 cunt
2910 5115 3003 5154 eos
3051 5103 3118 5154 ah
3155 5101 3313 5154 hoste
3353 5116 3484 5169 pro-

1908 5207 2147 5262 pugnare
2189 5202 2491 5261 oporteret,
2541 5200 2595 5245 ct
2644 5192 2822 5260 lingua
2870 5192 2922 5245 iu
2967 5193 3335 5256 adversarios,
3389 5210 3493 5246 una

1907 5283 2116 5337 amicos
2162 5282 2494 5353 stringenda.
2531 5281 2676 5337 Cave
2720 5283 2904 5353 igitur,
2949 5299 3014 5338 ne
3055 5298 3154 5354 pro
3198 5283 3494 5354 pharmace

228 5380 386 5424 utare
443 5385 682 5436 veneno,
755 5372 884 5440 quin
968 5373 1150 5440 potius
1217 5375 1488 5443 quomodo
1559 5383 1796 5444 oportet,
1838 5384 2014 5430 utere.

1338 5551 1574 5609 VARUS
1614 5553 1998 5613 LECTIONES
2038 5553 2125 5609 ET
2166 5555 2397 5612 ΝΟΤᾸΞ.

307 5709 422 5776 (96)
475 5706 576 5760 Pro
621 5706 717 5776 τὴν
769 5707 1084 5772 κακοδοξίαν
1137 5709 1384 5764 seribunt
1433 5710 1533 5775 τάς
1576 5715 1803 5768 κακοδο-

231 5781 353 5844 ﬁla;
387 5778 544 5828 ambit
583 5780 739 5829 t'mltl.
782 5777 988 5832 Possm.

303 5847 417 5918 (ξιτ)
461 5845 601 5901 Inter
632 5844 934 5912 πλεονεξίας
965 5859 1016 5904 et
1061 5847 1200 5902 κατὰ
1250 5850 1405 5906 codd.
1443 5849 1561 5907 Vat.
1614 5851 1719 5909 650
1749 5863 1806 5912 ct

1911 5715 2020 5789 Alt.
2055 5717 2168 5789 haec
2194 5718 2373 5789 omnia
2407 5717 2688 5789 inserenda
2724 5727 3035 5788 suggerunt,
3085 5718 3226 5772 κατᾶ
3254 5718 3352 5789 τῆς
3387 5720 3494 5775 τῶν

1910 5785 2270 5858 εἱμαρμένην
2303 5780 2444 5838 εἶναι
2491 5786 2757 5858 λεγόντων
2789 5780 3035 5857 ἀλογίας,
3086 5789 3227 5842 κατὰ
3256 5780 3357 5858 τῆς
3384 5791 3492 5846 τῶν

1911 5857 2318 5925 αὐτοματισμὸν
2352 5856 2773 5926 φανταζομένων
2801 5856 3006 5926 ἀνοίας,
3041 5859 3182 5913 κατὰ
3215 5875 3264 5914 τ.
3308 5856 3382 5916 ib.
