4150 6510
219 437 353 503 I397

1115 444 1645 507 EPISTOLARUM
1682 445 1830 505 LIB.
1865 445 1931 506 V.
1959 470 2030 480 —
2061 445 2306 506 EPIST.
2342 444 2665 506 CXXVIII.

3343 437 3478 502 13θὶ

211 555 432 625 ἀθυμῶ,
465 553 561 608 καὶ
612 553 709 625 τὴν
759 553 1001 622 γλῶτταν
1031 554 1402 626 ἀμϐλύνομαι,
1434 554 1558 609 οὔτε
1586 556 1683 627 τῆς
1710 556 1798 608 εὑ-

1904 556 2024 610 dem
2057 556 2283 610 nimium
2333 565 2615 625 quantum,
2650 563 2704 609 et
2748 553 2925 624 lingua
2960 560 3154 622 torpet,
3189 565 3361 616 neque
3392 550 3486 602 la:-

213 644 494 714 φροσύνης
542 662 632 714 μοι
666 645 1124 715 προσγινομένης,
1154 645 1278 698 οὔτε
1310 647 1407 716 τῆς
1439 646 1546 699 ἀπὸ
1575 646 1683 698 τῶν
1708 645 1799 698 λό’

215 753 333 801 γων
361 736 649 804 ὠφελείας.
678 736 769 808 Μὴ
813 736 991 794 τοίνυν
1022 736 1193 789 eum
1222 737 1314 790 τὸν
1359 737 1458 806 τῆς
1496 736 1678 806 φιλίας
1709 737 1800 789 θε-

216 827 356 892 σμὸν
385 827 516 898 (99),
551 828 686 881 ἀλλὰ
735 828 946 898 συχνῶς
980 829 1182 899 γράφε.
1231 828 1388 882 Οὕτω
1428 828 1535 898 γὰρ
1565 828 1664 900 ἔσῃ
1711 845 1801 900 μοι

215 913 383 968 πλέον
415 917 832 986 κεχαρισμένος.

655 1029 843 1095 exat.
885 1058 953 1069 —
990 1030 1335 1102 ΦΙΛΗΤΡῙῼ.

1902 656 2012 704 tum
2045 648 2171 716 quid
2223 648 2439 714 accidit,
2479 660 2653 716 neque
2687 646 2975 700 utilitatem
3025 643 3265 712 percipio
3292 658 3321 694 e
3357 656 3477 695 ser-

1901 752 2061 791 mone
2097 748 2210 792 tuo.
2238 736 2357 791 Noli
2389 737 2572 805 itaque
2620 735 2873 790 amicitiai
2909 734 3085 789 Imtlus
3121 731 3348 792 violare,
3389 730 3483 785 sed

1899 825 2217 897 frequenter
2249 826 2448 883 scribe.
2484 825 2574 882 Sic
2615 827 2746 880 mihi
2777 826 2933 895 longe
2959 823 3055 878 lies
3089 821 3329 876 charior.

2213 1030 2376 1102 590
2407 1029 2648 1085 CXXVI.
2681 1060 2754 1070 —
2781 1026 3168 1084 PIIILETRIO.

534 1119 611 1174 De
641 1119 889 1174 Ecclesia:
918 1121 1217 1177 vulneribus
1244 1122 1484 1191 ritiisque
1520 1121 1893 1188 persauandis,
1939 1127 2106 1177 aurea
2144 1123 2388 1191 epistola.
2425 1121 2641 1192 Confer.
2664 1123 2826 1191 ‘episl.
2856 1122 2922 1175 21
2963 1130 3010 1174 et
3039 1118 3156 1184 57.)

305 1233 466 1302 Ἐγὼ,
494 1233 574 1285 ὅτι
613 1231 711 1301 μὲν
755 1231 948 1303 πρώην
981 1235 1015 1303 ὴ
1056 1231 1152 1286 τοῦ
1202 1231 1441 1303 Χριστοῦ
1497 1232 1794 1305 Ἐκκλησία

213 1327 316 1378 καὶ
352 1325 480 1387 τοὺς
512 1322 864 1387 διδασκάλους
899 1321 1011 1395 εἶχε
1047 1325 1356 1395 λαμπροὺς,
1386 1325 1484 1379 καὶ
1515 1329 1640 1388 τοὺς
1677 1343 1796 1393 φοιο

210 1413 388 1485 τητάς
415 1414 754 1485 εὐδοκίμους,
786 1415 930 1485 μάλα
956 1415 1200 1487 ἀκριϐῶς
1233 1412 1347 1469 οἶδα
1370 1434 1384 1448 ο
1408 1417 1504 1469 κα)⁸
1532 1416 1620 1469 ἐπ’
1659 1415 1794 1487 ἐμοῦ

1974 1235 2150 1291 Probe
2195 1234 2412 1304 quidem
2455 1235 2578 1289 novi
2620 1235 2671 1288 in
2712 1233 2912 1288 Christi
2962 1230 3197 1301 primum
3247 1229 3488 1287 Ecclesia

1905 1332 2158 1386 doctores
2191 1331 2437 1400 egregios
2467 1328 2750 1392 claruisse,
2781 1327 3020 1394 itemque
3043 1325 3298 1396 probatos
3325 1324 3490 1381 disci-

1905 1421 2060 1492 pulos
2091 1430 2184 1477 :et
2214 1435 2334 1476 meo
2360 1421 2576 1490 quidem
2610 1429 2873 1488 tempore,
2929 1433 3032 1472 non
3081 1415 3216 1471 olim
3256 1426 3484 1481 tantum,

210 1507 347 1578 γὰρ,
379 1506 498 1577 οὐχὶ
525 1506 691 1561 πάλαι
725 1507 906 1576 μόνον,
934 1508 1125 1576 γέγονε
1155 1507 1330 1562 ταῦτα
1354 1507 1641 1580 ἀμφότερα
1663 1524 1674 1536 ·
1703 1510 1786 1562 ὅτι

1904 1519 2189 1578 atrumque
2221 1509 2413 1562 borum
2441 1508 2642 1563 factum
2664 1519 2769 1563 est.
2795 1507 2849 1561 Id
2881 1517 3060 1561 autem
3096 1505 3257 1560 hodie
3287 1505 3489 1576 impos-

209 1596 276 1649 δὲ
314 1597 405 1650 καὶ
436 1594 531 1647 νῦν
571 1595 731 1648 τοῦτο
763 1597 864 1648 οὐκ
917 1595 1065 1648 ἔστιν
1094 1595 1354 1650 ἀδύνατον
1397 1595 1675 1664 γενέσθαι,
1715 1595 1789 1660 ὣς

210 1687 346 1756 φὴς,
387 1683 524 1738 ἀλλά
563 1684 808 1748 δυνατὸν,
841 1686 942 1738 οὐκ
973 1684 1118 1739 ἐστιν
1167 1686 1494 1756 ἀμφίϐολον.
1538 1685 1663 1740 Ἐὰν
1684 1688 1794 1758 γὰρ

210 1776 368 1848 παρὰ
393 1776 503 1831 τῶν
529 1776 825 1848 ὑφηγητῶν
848 1776 1083 1847 βεϐαίως
1117 1777 1355 1850 ὑπάρξῃ,
1385 1780 1480 1832 καὶ
1510 1779 1797 1850 παυσάμε-

211 1886 298 1922 νοι
331 1867 430 1936 τῆς
465 1869 776 1940 τυραννίδος
802 1870 1076 1940 πατρικὴν
1117 1871 1447 1942 κηδεμονίαν
1480 1870 1790 1934 ἐπιδείξων-

211 1976 330 2025 ται,
361 1960 483 2012 τότε
518 1959 611 2012 καὶ
646 1958 775 2031 περὶ.
829 1958 925 2011 τοῦ
955 1960 1076 2012 τίνα
1106 1960 1310 2031 τρόπον
1358 1959 1699 2030 σωθήσονται
1744 1962 1793 2014 οί

211 2051 472 2120 ὑπήκοοι,
526 2025 741 2114 ἐξέσται
792 2049 1054 2102 σκοπεῖν·
1117 2025 1245 2114 πρὶν
1299 2049 1358 2102 δὲ
1410 2025 1510 2118 τὴν
1555 2049 1796 2120 κρηπίδα

208 2139 393 2208 ὀρθῶς
431 2139 743 2206 ὑποθέσθαι,
788 2140 910 2193 λίαν
955 2141 1210 2212 περιττὸν
1243 2139 1506 2213 ἠγοῦμαι,
1539 2141 1630 2194 τὸν
1666 2142 1798 2215 περὶ

215 2232 326 2301 τῆς
363 2231 655 2302 κορωνίδος
684 2232 958 2285 ποιεῖσθαι
1004 2231 1180 2302 λόγον.
1218 2233 1293 2286 Οὐ
1327 2233 1433 2304 γὰρ
1465 2233 1796 2303 ἐθελήσωσιν

209 2325 435 2387 ἐκεῖνοι,
470 2322 573 2376 κᾶν
633 2324 892 2394 μυριάκις
919 2324 1217 2389 ἀκούσωσι,
1255 2323 1560 2391 πείθεσθαι,
1606 2323 1674 2378 ἂν
1719 2325 1794 2394 μὴ

207 2416 671 2486 διὰπραγμάτων
714 2415 956 2486 μάθοιεν.
1001 2417 1062 2472 ’0
1097 2415 1197 2486 μὲν
1224 2411 1324 2470 οὖν.
1362 2415 1556 2488 παρὼν
1604 2416 1798 2488 καιρὸς

210 2507 314 2558 καὶ
358 2505 554 2577 βουλῆς
586 2508 681 2559 καὶ
712 2506 968 2577 προνοίας
998 2508 1172 2561 δεῖται
1203 2507 1403 2578 πολλῆς
1423 2525 1436 2537 ·
1471 2507 1583 2577 ἐγὼ
1607 2507 1664 2561 δὲ
1698 2509 1796 2578 οὐχ

208 2599 241 2651 ὃ
282 2615 333 2650 τι
362 2596 470 2669 χρὴ
503 2598 855 2669 παραινέσαι,
893 2599 1300 2653 δυσκολώτατον
1335 2599 1597 2672 ⁴ἠγοῦμαι.
1654 2601 1794 2654 Ἀλλ’

211 2690 396 2742 ἐκεῖνο
435 2689 650 2759 ἀπορῶ,
684 2689 807 2743 τίνα
835 2689 940 2760 χρὴ
973 2690 1177 2762 τρόπον
1208 2693 1347 2762 πρὸς
1371 2692 1569 2755 αὐτοὺς
1595 2693 1791 2762 εἰπεῖν.

211 2779 495 2849 Πείθομαι.
518 2781 626 2851 γὰρ
666 2782 932 2850 ἀκριϐῶς,
964 2783 1022 2848 ἐξ
1069 2775 1144 2836 ὧν
1175 2784 1270 2838 καὶ
1292 2782 1483 2853 παρὼν
1514 2783 1607 2836 καὶ
1663 2801 1796 2838 πυν-

213 2876 520 2944 θανόμενος
553 2874 863 2938 σύνοιδα,τά
893 2875 1061 2928 πλείω
1086 2875 1195 2930 τῶν
1217 2875 1378 2929 θείων
1403 2875 1793 2946 θεσπισμάτων

202 2964 416 3028 αὐτοὺς
441 2965 726 3035 ἐκφυγεῖν,
752 2964 831 3035 τῷ
872 2965 947 3035 μὴ
971 2965 1146 3018 θέλειν
1181 2965 1249 3018 τὰ
1281 2964 1470 3019 δέοντα
1510 2966 1792 3037 πράττειν,

213 3052 362 3108 οὕτω
395 3055 468 3126 μὴ
509 3056 769 3109 συνιέναι.
806 3055 1063 3127 Παραινῶ
1089 3055 1268 3108 τοίνυν
1295 3056 1497 3122 αὐτοῖς,
1528 3056 1623 3110 ἐὰν
1659 3058 1796 3126 μετά

213 3147 535 3215 παρρησίας
573 3147 804 3216 εἴποιμι,
835 3147 1019 3216 φέρειν
1048 3145 1226 3211 τοῦτο,
1273 3147 1584 3217 θεωμένους
1609 3149 1658 3201 εί
1694 3149 1794 3207 τά-

213 3235 358 3306 ληθῆ
390 3234 608 3306 λέξαιμι
652 3237 744 3288 καὶ
777 3235 865 3288 διὰ
893 3235 1073 3301 τοῦτο,
1111 3234 1197 3287 ἵνα
1229 3234 1470 3305 βελτίους
1511 3237 1794 3305 γένωνται.
1825 3271 1872 3332 C

227 3325 329 3382 Ἐκ
371 3325 479 3396 γὰρ
510 3325 605 3379 τοῦ
650 3324 967 3380 κολακεύειν
998 3326 1197 3393 ἐνίους,
1233 3329 1314 3390 είς
1340 3328 1596 3397 τοιαύτην
1629 3345 1804 3399 ταρα-

213 3413 320 3486 χὴν
338 3414 561 3468 ἐνέπεσε
583 3414 650 3467 τὰ
665 3415 770 3468 τῶν
795 3415 1141 3487 Χριστιανῶν
1159 3417 1482 3488 πράγματα.
1503 3419 1570 3471 Τί
1585 3414 1678 3478 οὖν
1694 3419 1799 3490 χρὴ

213 3511 427 3573 ποιείνς
481 3509 767 3581 Συντόμως
816 3509 947 3580 ἐρῶ,
983 3512 1078 3564 καὶ
1122 3513 1222 3566 οὐκ
1281 3512 1693 3586 ἀποκρύψομαι.
1737 3514 1799 3567 El

217 3600 322 3670 μὲν
354 3597 556 3665 μύθους
579 3597 838 3669 ἡγοῦνται
867 3601 964 3663 τὰς
996 3601 1147 3664 θείας
1168 3602 1411 3671 Γραφὰς,
1436 3604 1596 3674 σιγὴν
1620 3603 1801 3657 ἀσκεί-

211 3701 430 3739 τωσανο
458 3687 507 3740 εί
528 3687 584 3739 δὲ
605 3687 774 3751 ὅντως
803 3689 1089 3760 οὐρανίους
1112 3689 1368 3762 θεσμοὺς,
1401 3695 1796 3763 πραττέτωσαν

216 3779 462 3850 πρῶτον,
517 3776 634 3834 εἶτα
680 3780 1202 3853 δημηγορείτωσανο
1253 3785 1327 3854 μὴ
1375 3785 1634 3838 τοιούτων
1685 3788 1797 3857 γὰρ

222 3873 404 3928 αὐτῶν
440 3874 630 3941 ὅντων,
669 3877 697 3928 ὁ
726 3875 868 3942 θεῖος
894 3877 1058 3949 νόμος
1085 3879 1366 3933 ἀποκλείει
1396 3880 1457 3933 τὸ
1489 3879 1682 3951 στόμα.

609 4083 783 4141 PKZ'.
810 4111 879 4124 —
908 4083 1001 4137 AN
1007 4083 1406 4142 ΕΠΙΓΡΑΦΟΣ.

1895 1601 2070 1667 sibilo,
2091 1610 2147 1654 ut
2167 1609 2220 1654 tu
2249 1601 2466 1671 quidem
2491 1583 2713 1663 scribis,
2733 1614 2847 1654 non
2882 1612 3024 1662 esse,
3049 1599 3152 1651 sed
3173 1597 3286 1651 ﬁeri
3309 1613 3486 1666 posse,

1898 1693 2098 1746 nemini
2135 1693 2357 1746 dubium
2409 1702 2510 1747 est.
2553 1690 2609 1746 Si
2645 1691 2791 1745 enim
2841 1704 2928 1745 res
2979 1689 3080 1743 ista
3138 1689 3205 1742 ab
3257 1688 3342 1752 iis,
3393 1689 3485 1756 qui

1900 1793 2158 1853 prmsunt,
2204 1784 2377 1840 solide
2430 1784 2643 1838 initiutn
2696 1793 2894 1847 sumat,
2945 1792 3001 1838 et
3053 1781 3148 1848 illi,
3203 1780 3489 1850 tyrannide

1902 1876 2099 1944 posita,
2132 1876 2555 1931 sollicitudinem
2587 1890 2740 1930 suam
2774 1887 3069 1943 curamque
3099 1888 3224 1943 erga
3252 1871 3484 1941 patriam

1861 1962 1871 1984 "
1902 1967 2266 2029 ostenderint,
2293 1976 2422 2021 tunc
2457 1967 2620 2021 etiam
2668 1981 2770 2034 qua
2803 1966 3014 2018 ratione
3056 1962 3252 2016 salvari
3286 1968 3491 2031 queant

1905 2056 2132 2124 subditi,
2170 2056 2354 2111 licebit
2382 2056 2586 2110 videre.
2623 2055 2784 2111 Prius
2805 2055 2950 2110 enim
2984 2069 3145 2124 quam
3176 2062 3321 2107 recte
3340 2053 3488 2120 jacta

1903 2147 2012 2202 sint
2032 2147 2406 2214 fundamenta,
2435 2147 2503 2202 de
2533 2145 2794 2201 coronide
2821 2144 3150 2214 fastigiaque
3179 2156 3489 2198 sermonem

1905 2237 2214 2301 instituere,
2248 2235 2902 2302 valdesupervacaneum
2930 2237 3090 2289 duco.
3123 2231 3310 2302 Neque
3342 2230 3488 2286 enim

1905 2332 2091 2387 volunt
2131 2331 2229 2396 illi,
2265 2330 2368 2386 etsi
2399 2329 2596 2384 millies
2623 2329 2920 2394 audierint,
2940 2329 3184 2392 credere,
3204 2325 3305 2380 nisi
3323 2337 3491 2392 expe-

1904 2424 2136 2479 rimento
2185 2421 2497 2477 didicerint.
2548 2420 2799 2475 Prsesens
2858 2418 3042 2488 itaque
3075 2426 3287 2487 tempus
3318 2414 3490 2471 multo

1904 2517 2106 2587 indiget
2133 2514 2361 2571 consilio
2398 2524 2454 2568 et
2481 2513 2784 2582 prudentia.
2819 2510 2929 2581 Ego
2960 2525 3088 2565 vero
3115 2506 3488 2564 difﬁcillimum

1905 2606 2163 2671 arbitror,
2226 2619 2330 2659 non
2384 2601 2526 2672 quod
2559 2609 2809 2672 oporteat
2843 2599 3168 2663 admonere;
3206 2604 3264 2650 at
3311 2595 3377 2650 de
3424 2606 3492 2647 eo

1903 2693 2113 2760 dubito,
2154 2709 2391 2763 quonam
2449 2693 2609 2748 modo
2670 2691 3000 2761 compellare
3044 2688 3165 2746 illos
3223 2695 3489 2756 oporteat.

1904 2784 2069 2844 Certo
2104 2787 2250 2841 enim
2283 2786 2414 2840 mihi
2448 2785 2752 2854 persuadeo
2783 2783 2965 2848 exiis,
2999 2795 3120 2851 qua:
3140 2788 3198 2835 et
3226 2792 3412 2834 coram
3437 2784 3494 2832 et

1904 2878 2233 2934 sciscitando
2257 2877 2508 2948 cognovi,
2544 2875 2730 2945 lugere
2753 2875 2874 2929 illos
2899 2874 3152 2944 pleraque
3181 2871 3492 2924 divinorum

1905 2970 2291 3035 oraculorum;
2335 2972 2479 3037 quod
2497 2967 2693 3030 nolint,
2728 2980 2849 3036 qua:
2881 2972 3115 3032 oportet,
3159 2961 3360 3026 facere,
3395 2973 3494 3014 ne-

1905 3080 2010 3134 que
2040 3064 2342 3120 addiscere.
2376 3062 2738 3129 Quamohrem
2768 3058 2888 3113 illos
2909 3059 3167 3130 exhortor
3190 3053 3274 3126 (ut
3302 3053 3488 3117 libere,

1904 3156 2050 3224 quod
2084 3155 2282 3216 sentio,
2322 3152 2522 3225 dicant)
2555 3151 2823 3223 patienter
2867 3151 2980 3204 haec
3028 3146 3194 3214 ferre,
3227 3161 3290 3200 ac
3321 3145 3492 3214 dispi-

1905 3253 2052 3303 cere,
2090 3254 2214 3291 num
2252 3252 2380 3291 vera
2410 3237 2607 3299 dicam,
2651 3243 2708 3288 ut
2745 3249 2810 3286 ea
2863 3233 3076 3286 ratione
3111 3229 3492 3285 emendentur.

1909 3329 2063 3396 Quod
2092 3329 2236 3384 enim
2271 3333 2621 3382 assentantur
2645 3323 2907 3381 nonnulli.
2941 3322 3147 3383 idcirco
3174 3320 3226 3374 in
3259 3320 3358 3372 has
3383 3326 3498 3371 tun-

1908 3421 2004 3477 bas
2031 3435 2118 3475 res
2143 3428 2228 3473 est
2253 3417 2561 3474 Christiana
2587 3413 2850 3484 conjecta.
2881 3413 3018 3481 Quid
3047 3412 3210 3490 igitur
3242 3410 3383 3465 facto
3411 3419 3497 3465 est

1909 3509 2086 3581 opus?
2139 3510 2322 3564 Dicam
2376 3508 2550 3574 brevi,
2595 3523 2694 3563 nec
2728 3507 2936 3562 celabo.
2971 3505 3027 3560 Si
3056 3505 3276 3574 quidem
3307 3516 3496 3557 sacras

1909 3604 2148 3660 Litteras
2186 3617 2283 3673 pro
2321 3601 2518 3657 falutlis
2570 3610 2844 3672 reputant,
2882 3611 2994 3654 tum
3025 3599 3242 3655 sileant.
3276 3596 3334 3652 Si
3366 3609 3494 3651 vero

1907 3701 2179 3756 cmlestcm
2223 3713 2344 3754 esse
2393 3696 2624 3751 credunt
2670 3697 2973 3752 doctrinam
3023 3693 3490 3762 sanctionemque,

1905 3802 2070 3856 opere
2106 3788 2194 3842 illa
2211 3787 2374 3856 lprius
2401 3794 2798 3855 exsequantur,
2828 3784 3023 3841 dehinc
3054 3782 3266 3854 publice
3295 3780 3492 3850 prsidi-

1906 3886 2050 3933 cent.
2086 3877 2142 3932 ltl
2183 3879 2328 3932 enim
2365 3874 2470 3931 nisi
2501 3873 2754 3942 fecerint,
2783 3875 2866 3943 lex
2901 3876 3083 3941 divina
3139 3889 3202 3930 os
3255 3874 3360 3929 illis
3392 3873 3495 3930 oh-

1904 3982 2095 4030 struet.

2247 4091 2507 4148 CXXVII.
2539 4121 2611 4133 -—
2638 4091 3140 4157 ΑΝΕΠΙΓΡΑΦΟΣ.

1278 4178 1553 4236 Μοάεειίω
1587 4192 1634 4236 et
1666 4183 1979 4241 humilitatis
2020 4186 2427 4240 commendatio.

301 4275 525 4357 Ἐπειδὴ
582 4287 733 4342 οὐδὲν
781 4289 1142 4359 μεγαλοφυὲς,
1191 4293 1314 4346 οὐδὲ
1361 4295 1638 4366 ὑπερφυὲς
1683 4296 1800 4368 ἔχει

217 4375 382 4447 ἡμῶν
410 4377 445 4446 ἡ
477 4375 663 4445 φύσις,
705 4379 802 4432 ἐπὶ
843 4381 904 4434 τὸ
944 4382 1166 4454 μέτριον
1195 4385 1367 4454 αὐτὴν
1406 4387 1500 4440 καὶ
1537 4389 1801 4457 ἐπιεικὲς,

219 4465 321 4522 ἅτε
371 4465 438 4537 δὴ
485 4468 684 4522 οἰκεῖον
734 4472 830 4524 καὶ
864 4473 1148 4542 συγγενὲς,
1181 4476 1584 4550 συνελάσωμεν,
1620 4483 1805 4535 πᾶσαν

220 4556 547 4627 ἀλαζονείαν
583 4560 940 4632 ἑξορίζοντες.

751 4673 935 4728 PKH'.
971 4705 1039 4716 --
1072 4675 1324 4749 narra.

1983 4299 2039 4354 Si
2080 4299 2297 4369 quidem
2335 4299 2742 4368 magnanimum
2771 4297 2902 4354 nihil
2931 4307 3022 4353 aut
3051 4312 3213 4368 supra
3244 4304 3494 4353 naturam

1909 4388 2147 4445 humana
2175 4391 2418 4446 continet
2450 4399 2670 4454 natura,
2703 4389 2846 4444 illam
2888 4391 2955 4444 ad
2995 4389 3330 4444 moderatum
3365 4386 3496 4456 quid

1910 4496 1975 4536 ac
1996 4482 2124 4536 mite
2147 4493 2514 4553 agnatumque
2543 4482 2698 4556 nobis
2716 4496 2779 4536 ac
2804 4481 3081 4552 proprium
3108 4480 3494 4550 astringamus,

1840 4587 1884 4642 ι)
1913 4587 2128 4629 omnem
2168 4572 2482 4644 ahlegantes
2515 4572 2908 4643 armgantiam.

2358 4682 2639 4739 CXXVIII.
2671 4711 2742 4724 -—
2776 4680 3025 4737 PETRO.

714 4760 845 4826 Qui:
875 4763 1148 4832 spiritalis,
1177 4769 1424 4824 animalis
1452 4779 1498 4824 et
1532 4772 1766 4827 carnalis
1804 4772 1868 4828 ⁸⁸.
1900 4770 2056 4838 Conf.
2097 4773 2251 4842 epist.
2297 4772 2422 4839 127,
2451 4773 2544 4826 lib.
2587 4789 2642 4828 iv
2684 4775 2754 4827 ad
2798 4771 3007 4826 Nilum.

296 4871 628 4940 Σαρκικοὺς
677 4851 834 4925 καλεῖ
861 4875 894 4943 ἡ
927 4873 967 4925 Γ
973 4873 1119 4946 ραφὴ
1163 4878 1290 4941 τοὺς
1319 4880 1398 4944 είς
1435 4881 1504 4934 τὰ
1531 4881 1632 4953 τῆς
1667 4899 1804 4954 σαρ-

226 4959 324 5024 κὸς
354 4959 429 5031 (1)
476 4957 991 5030 κατολισθήσαντας,
1041 4964 1344 5031 ψυχικοὺς
1373 4966 1430 5019 δὲ
1477 4971 1605 5031 τοὺς
1659 4970 1802 5041 πέρα

221 5053 330 5120 τῆς
374 5049 698 5114 ἀκολουθίας
737 5051 846 5103 τῶν
880 5051 1155 5123 λογισμῶν
1208 5057 1376 5127 μηδὲν
1433 5060 1800 5137 καταδεχομέ-

308 5206 352 5238 ¹⁶
387 5206 405 5261 I
435 5205 562 5262 Cor.
597 5222 679 5273 ιιι,
714 5206 782 5275 7;;
817 5220 875 5272 ιι,
909 5206 998 5262 15.

1987 4881 2271 4954 Scriptura
2321 4899 2480 4940 sacra
2534 4893 2694 4939 vocat
2744 4884 3009 4949 carnales,
3057 4882 3148 4950 qui
3197 4882 3263 4936 ad
3318 4885 3498 4940 carnis

1909 4989 2071 5043 opera
2104 4976 2339 5048 prolapsi
2364 4977 2807 5043 sunt;auimales
2831 4991 2981 5040 vero,
3022 4975 3114 5044 qui
3174 4975 3368 5028 mentis
3414 4977 3501 5029 in-

1917 5067 2272 5124 tellectusaue
2319 5068 2786 5124 ratiocinationem
2829 5074 3169 5137 sequuntur;
3234 5066 3503 5135 spiritales

1411 5321 1641 5378 VARIE
1674 5323 2063 5385 LECTIONES
2104 5331 2194 5388 ΕΤ
2224 5333 2457 5392 ΝΟΤᾺΕ.

313 5482 420 5558 {99)
462 5485 919 5558 Multornmnenint
963 5481 1233 5558 amicitias
1262 5479 1547 5558 silentium
1570 5480 1808 5558 diremit,

229 5549 429 5610 att'lilt'.
466 5555 700 5608 ΕιΙιὶεοι·.
737 5553 956 5611 Νἱεοηι.
984 5552 1228 5609 At'islot.,
1252 5549 1460 5600 πολλῶν
1490 5550 1599 5619 γὰρ
1628 5551 1809 5617 φιλίας

229 5625 265 5692 ἡ
291 5623 667 5694 ἀπροσηγορία
691 5624 949 5694 διέλυσεν.
977 5621 1045 5694 Et
1067 5621 1205 5694 apud
1233 5619 1580 5694 Coluutellant
1612 5621 1810 5694 Alphe-

1923 5486 2061 5562 mitti
2095 5503 2197 5562 non
2230 5489 2409 5555 debet,
2435 5491 2548 5562 sed
2580 5492 2922 5562 exaggerari.
2942 5510 2968 5562 rt
3013 5491 3252 5547 Scnorr.

1993 5556 2070 5629 (_l)
2112 5557 2239 5612 Post
2289 5561 2489 5629 σαρκὸς
2537 5556 2863 5615 οοιίάἶᾟιιῑ.
2900 5561 3003 5615 650
3054 5574 3108 5616 et
3141 5563 3250 5617 Αιι.
3304 5561 3510 5615 addunt

1921 5625 2087 5695 πάθη.
2117 5629 2270 5700 Ve_rs.
2292 5629 2326 5681 2
2356 5625 2451 5697 pro
2475 5631 2622 5699 παρὰ
2657 5632 2816 5684 iioetn
2841 5634 3043 5698 Optime
3072 5634 3317 5685 scrihnnt
3345 5631 3506 5700 πέρα,

233 5687 337 5745 tius
372 5687 664 5769 Tener-ator
685 5712 709 5769 _:
733 5763 744 5769 _
765 5693 977 5769 illum,
1007 5689 1229 5769 “inquit,
1281 5687 1496 5769 npntiua
1518 5689 1800 5769 .iuterdont

1920 5687 2148 5769 etyérs.
2176 5698 2214 5769 r5
2249 5687 2646 5768 κατεχομένους
2676 5702 2803 5755 item
2845 5687 3046 5769 optime
3079 5709 3291 5754 mutant
3324 5702 3374 5752 itt
3407 5687 3508 5769 καλ

235 5765 374 5838 maia
430 5762 598 5826 Iiunt,
648 5763 747 5816 nisi
778 5757 1125 5838 interpelles.
1194 5757 1697 5838 Srrihen‘diilaque
1743 5759 1807 5812 ad

235 5832 462 5898 unticos,
500 5847 565 5887 ne
586 5825 744 5888 amor
778 5825 1062 5887 interc—idat
1103 5839 1336 5888 mutuus.
1370 5825 1623 5883 oliiciunr
1645 5828 1811 5884 inter-

1920 5765 2332 5838 ταδεχομένους.
2386 5765 2601 5826 Possm.
2646 5801 2715 5813 —
2745 5765 2946 5828 Confer
2993 5771 3154 5842 epist.
3201 5769 3269 5826 56
3312 5778 3366 5825 et
3417 5767 3506 5823 G8.
