4150 6488
1130 413 1664 476 EPISTULARUM
1703 418 1848 477 LIB.
1885 422 1951 476 ν.
1978 448 2044 459 -
2075 425 2320 487 EPIST.
2357 428 2619 493 CXXXI.

3365 434 3506 507 1402

237 510 370 576 λὶοις
411 518 749 587 χρησμῳδῶν
779 520 840 573 οὐ
878 522 1228 586 πιστεύεται,
1261 526 1342 590 τίς
1376 529 1403 580 ὁ
1449 529 1578 599 παρ’
1624 532 1786 585 αύτοί.

1914 535 2202 610 Evangelio
2229 545 2374 596 danti
2400 558 2718 612 responsum
2745 545 2877 604 (Ides
2905 558 3012 602 non
3071 547 3325 614 habetur,
3373 553 3498 620 quis

237 604 764 678 πιστευθησόμενος,
797 614 893 667 κιιῖ⁵
925 613 1206 667 λυττῶσαν
1233 618 1412 672 αὐτῶν
1455 620 1554 691 τὴν
1588 624 1809 693 μανίαν,

232 697 328 745 καὶ
359 695 552 766 στῆναι
583 702 660 773 μὴ
689 703 1041 777 βουλομένην,
1080 707 1194 759 ἀλλ’
1227 710 1499 781 ὁσημέραι
1531 715 1814 784 ἀργαλεω-

229 785 399 854 τέραν
442 794 740 865 γενομένην
781 796 1076 860 κωλύσωνς
1126 800 1320 856 Πολλοὶ
1369 804 1477 876 γὰρ
1528 808 1817 879 ἐπιχειρή-

232 891 426 942 σαντες
449 919 463 944 ,
492 882 736 949 ἐκείνους
768 886 868 956 μὲν
895 887 1114 961 ὤνησαν
1163 892 1338 959 οὐδὲν,
1367 897 1595 961 ἑαυτοὺς
1624 899 1681 952 δὲ
1721 917 1818 969 με-

230 967 438 1033 γίστοις
456 971 732 1043 διέπειραν
756 975 832 1046 (5)
856 981 1065 1043 κακοῖς.
1093 980 1217 1034 ’Ότι
1236 982 1295 1038 δὲ
1324 984 1499 1038 ἐκεῖσε
1526 967 1816 1057 μεγίστους

230 1057 491 1127 λήψονται
533 1064 830 1133 στεφάνους
855 1106 870 1131 ,
905 1068 1016 1135 ἐγὼ
1067 1070 1166 1140 μὲν
1203 1074 1445 1142 ἀκριϐῶς
1475 1071 1592 1131 οἶδα
1615 1096 1628 1110 ·
1677 1081 1726 1134 oi
1758 1083 1815 1136 δὲ

231 1149 531 1220 παχύτεροι
577 1155 684 1209 άπὸ
720 1157 829 1211 τῶν
867 1160 994 1230 τῇῗε
1040 1164 1342 1233 γινομένων
1385 1165 1478 1218 καὶ
1525 1168 1813 1237 ὲναγονται

226 1240 309 1300 είς
334 1240 554 1312 ἀρετὴν,
591 1247 685 1299 καὶ
733 1249 997 1317 φεύγουσι
1033 1253 1129 1321 τὴν
1161 1254 1375 1309 κακίαν.
1429 1258 1581 1313 Ἐπεὶ
1633 1261 1812 1316 τοίνυν

219 1509 568 1584 ὠφεληθῆναι
613 1519 738 1582 τοὺς
797 1521 897 1591 τὴν
943 1525 1256 1597 συμϐουλὴν
1303 1509 1668 1600 δεξαμένους,
1721 1537 1811 1592 διὰ

219 1597 378 1653 τοῦτο
412 1602 614 1670 μᾶλλον
639 1605 734 1660 νῦν
775 1609 808 1679 ἢ
851 1612 1115 1684 πρότερον
1142 1617 1205 1670 τὸ
1249 1617 1314 1671 τὰ
1346 1597 1602 1689 βέλτιστα
1628 1597 1808 1694 λέγειν

217 1687 595 1763 φοϐερώτερον
634 1697 880 1765 γέγονεν.
921 1703 983 1756 Εἰ
1018 1704 1110 1770 δὲ,
1159 1709 1237 1770 ὡς
1263 1687 1406 1780 φὴς,
1440 1714 1584 1778 τινὲς
1625 1687 1806 1771 αὐτῶν

215 1780 315 1832 καὶ
365 1785 701 1852 παραινέτας
744 1789 1023 1860 ζητοῦσιν,
1055 1796 1074 1866 (
1098 1797 1157 1850 οὐ
1206 1800 1315 1871 γὰρ
1366 1803 1568 1867 πάντες
1618 1809 1701 1871 εἰς
1744 1809 1803 1862 τὸ

215 1865 492 1941 βάραθρον
524 1875 621 1946 τῆς
651 1877 939 1946 φιλαυτίας
975 1886 1070 1939 καὶ
1109 1865 1438 1958 τῆςνκακίας
1462 1865 1798 1970 κατηνέέθηο

213 1960 351 2030 σαν)
401 1963 633 2019 ἀκούσαι
678 1967 746 2021 ἂν
789 1972 981 2040 εῖησαν
1018 1975 1251 2044 δίκαιοι,
1302 1982 1382 2034 ὅτι
1431 1986 1664 2053 μάλιστα
1697 1991 1797 2060 μέν

209 2051 352 2102 εἰσιν
394 2053 451 2105 αὶ
499 2052 642 2108 θεῖαι
687 2058 934 2130 Γραφαὶ,
973 2059 1062 2131 αἷς
1106 2051 1532 2139 ἀκολουθοῦντες
1575 2077 1634 2130 τὸ
1678 2051 1798 2133 ϐέον

207 2136 448 2216 γνοίητε.
475 2147 536 2201 Ei
561 2149 618 2204 δὲ
647 2154 742 2206 καὶ
764 2156 1068 2226 συμϐούλου
1097 2161 1293 2230 δεῖσθε,
1320 2136 1599 2222 παύσασθε
1625 2171 1795 2240 δρῶν-

204 2236 347 2298 τεςᾶ
374 2236 558 2308 δρᾶτε,
587 2244 683 2295 καὶ
698 2246 818 2299 τότε
851 2248 1064 2318 ζητεῖτε
1093 2253 1183 2308 τὸν
1217 2259 1572 2330 παραινὲτην.
1613 2236 1793 2317 Ἔπειο

199 2324 302 2380 ϐὰν
334 2329 442 2400 γάρ
475 2332 685 2388 τούτων
715 2338 1022 2411 παύσησθε,
1053 2345 1148 2402 καὶ
1186 2347 1286 2417 τὴν
1314 2349 1412 2403 τοῦ
1437 2324 1522 2405 τὰ-
1541 2353 1794 2424 βέλτιστα

199 2415 386 2486 λέγειν
423 2423 541 2477 ὁδὸν
577 2433 1037 2506 κατασκευάσητε
1076 2415 1330 2511 ἀσφαλῆ,
1367 2415 1673 2512 τηνικαῦτα
1700 2449 1793 2503 τὸν

203 2512 646 2580 συμϐουλεύοντα
677 2521 752 2590 (6)
804 2523 872 2577 τὰ
911 2525 1102 2582 δέοντα
1129 2528 1364 2600 ζητεῖτε.
1400 2536 1536 2606 Πρὶν
1564 2537 1621 2592 δὲ
1653 2540 1792 2593 παύ-

201 2606 372 2673 σησθε
401 2649 416 2671 ,
462 2608 536 2680 μὴ
569 2611 785 2681 ζητεῖτε
812 2655 827 2680 ,
872 2618 955 2680 τίς
1003 2621 1130 2690 ὑμῖν
1169 2625 1380 2694 φράσας
1432 2630 1502 2680 τὰ
1528 2630 1790 2687 κάλλιστα

199 2694 295 2760 ὑφ’
321 2695 472 2766 ὑμῶν
507 2701 985 2776 ἐξοστρακισθῆναι
1018 2708 1254 2782 θελήσειο
1280 2719 1342 2769 οὑ
1368 2720 1475 2788 γὰρ
1501 2719 1786 2790 εὑρήσετε.

197 2784 388 2840 Ταῦτα
413 2787 469 2840 δδ
499 2793 724 2862 γράφω,
756 2798 854 2867 οὐχ
882 2799 958 2862 ὡς
981 2801 1165 2866 δεδιώς
1194 2823 1247 2858 τι
1282 2784 1475 2863 παθεῖν
1506 2784 1744 2865 ἐνταῦθα
1764 2855 1780 2878 ,

199 2874 413 2974 (ἔξαλλα
441 2879 550 2974 ἷάρ
578 2883 771 2939 τούτου
800 2887 962 2942 ἕνεκα
988 2929 1002 2954 ,
1034 2891 1109 2956 ὡς
1157 2890 1338 2961 οῐσθα,
1374 2898 1656 2974 πέπονθα)
1693 2874 1787 2958 καί

195 2959 355 3018 εἷπον
411 2965 488 3037 τῷ
550 2977 1045 3033 κατασκευάσαντι·
1116 3001 1136 3034 ι
1202 2985 1616 3058 Ἒστεφάνωσας
1687 2995 1786 3066 οὐχ

195 3053 362 3108 ἑκών·
401 3075 421 3108 ι
454 3060 621 3129 κάμοὶ
645 3064 752 3132 γὰρ
787 3083 805 3116 ι
843 3069 1136 3139 ἐχαρίσατο
1157 3075 1185 3125 ὁ
1213 3073 1344 3137 Θεὸς
1373 3053 1404 3128 τι
1437 3078 1498 3130 οὐ
1535 3053 1694 3149 μόνον
1724 3053 1785 3138 1:8

201 3163 224 3197 ε
272 3147 350 3210 είς
371 3149 534 3206 αὑτὸν
570 3155 870 3224 πιστεύειν,
913 3160 1049 3214 ἀλλὰ
1079 3165 1175 3216 καὶ
1213 3166 1275 3218 τὸ
1309 3167 1452 3239 ὑπὲρ
1477 3172 1639 3226 αὑτοῦ
1673 3177 1779 3228 πά-

1923 626 2117 682 babeat
2140 630 2353 685 ﬁdem?
2383 631 2514 699 Quis
2548 632 2890 692 furibundam
2949 637 3162 704 illorum
3204 641 3498 708 insaniam,

1919 731 2041 786 qua:
2070 721 2317 789 componi
2362 723 2567 790 nequit,
2601 724 2693 777 sed
2743 724 2798 778 in
2850 727 2966 780 dies
3007 727 3178 796 inagis
3220 728 3500 797 magisque

1921 807 2221 874 invalescit,
2254 809 2546 865 cohibeat?
2572 811 2718 866 Mulli
2753 813 2896 867 enim
2953 814 3002 867 id
3047 817 3227 868 facere
3255 817 3496 886 aggressi

1920 892 2052 947 nihil
2085 904 2264 949 tamen
2309 910 2714 966 promovernnt,
2748 901 2877 968 quin
2924 902 3133 970 seipsos
3182 904 3366 957 multis
3415 905 3497 957 in-

1918 984 2203 1039 volverunt
2236 986 2412 1054 malis,
2446 1003 2584 1056 quos
2619 990 2872 1059 equidem
2904 1001 3053 1044 certo
3081 993 3198 1048 scio
3230 995 3497 1049 maximas

1917 1074 1970 1128 in
1997 1075 2169 1129 altera
2197 1086 2510 1146 recepturos
2544 1080 2652 1132 vita
2696 1094 2947 1135 coronas.
2983 1081 3085 1148 Qui
3151 1098 3279 1137 vero
3313 1085 3498 1138 rndio-

1917 1180 2002 1220 res
2028 1174 2173 1230 sunt,
2199 1181 2294 1235 per
2323 1182 2408 1233 ea,
2442 1183 2561 1236 qum
2585 1171 2900 1226 acciderunt
2942 1173 3009 1226 ad
3043 1174 3294 1229 virtutem
3339 1176 3497 1230 indu-

1914 1268 2109 1311 cuntur
2139 1257 2457 1330 fugiuntque
2505 1262 2932 1331 improbitatem.
2983 1263 3115 1319 Cum
3153 1266 3335 1335 itaque
3382 1268 3493 1343 hoc

1919 1351 2090 1405 solum
2142 1367 2208 1407 ex
2243 1352 2664 1420 reprehensione
2696 1355 2962 1418 evenerit,
2999 1366 3056 1410 ut
3087 1358 3281 1426 injuste
3315 1360 3492 1428 patia-

1916 1453 2000 1496 tur
2027 1442 2228 1514 aliquid
2253 1443 2399 1508 mali,
2419 1447 2509 1514 qui
2535 1445 2757 1501 liberius
2781 1449 3152 1514 reprehendit.
3195 1451 3330 1504 nihil
3364 1466 3494 1505 vero

1915 1535 2182 1599 utilitatis,
2214 1539 2301 1591 cui
2323 1535 2508 1591 datum
2529 1546 2614 1591 est
2641 1539 2952 1603 consilium,
2985 1541 3203 1611 accipit,
3238 1552 3492 1612 propter--

1909 1639 1973 1680 ea
2006 1640 2148 1680 nunc
2184 1628 2362 1695 potius
2401 1642 2562 1696 quam
2604 1635 2762 1683 antea
2815 1631 3017 1699 optima
3067 1631 3252 1685 dicere
3295 1633 3488 1686 terrori

1909 1729 1991 1772 est
2029 1719 2218 1786 magis.
2257 1717 2432 1788 Siqui
2476 1732 2606 1774 vero
2647 1721 2908 1789 ipsorum,
2941 1730 2997 1774 ut
3031 1721 3246 1788 scribis,
3301 1723 3492 1778 admo-

1913 1811 2118 1864 nitores
2144 1819 2396 1879 quarunt
2427 1811 2628 1884 (neque
2659 1814 2801 1868 enim
2848 1827 3040 1868 omnes
3079 1816 3131 1866 lu
3167 1815 3486 1868 barathrum

1832 1895 1872 1949 Β
1902 1902 2026 1956 caci
2061 1901 2263 1956 amoris
2292 1903 2374 1957 sui
2413 1918 2478 1959 ac
2507 1905 2758 1959 vitiorum
2783 1904 3232 1975 prmcipitarunt),
3269 1921 3484 1974 aequum

1904 1991 2069 2045 fuerit
2116 1992 2338 2048 obedire
2393 2009 2459 2047 ac
2512 1996 2737 2049 credere
2797 1997 3033 2050 maxime
3095 2009 3217 2050 esse
3271 2011 3482 2052 sacram

1904 2079 2237 2149 St-ripturam
2289 2083 2660 2150 sequendam,
2723 2094 2782 2138 ut
2839 2097 3046 2151 aequum
3114 2088 3479 2155 cOgnoscatis.

1900 2171 2056 2240 Quod
2091 2173 2137 2228 si
2159 2174 2390 2228 consilio
2419 2175 2691 2246 indigetis,
2728 2176 2960 2232 desinite
2994 2177 3122 2230 talia
3156 2187 3394 2246 patrare,
3429 2190 3484 2234 et

1901 2277 2028 2319 tunc
2056 2265 2379 2335 investigate
2421 2266 2754 2322 hortantem.
2793 2267 2894 2325 Ubi
2929 2284 3056 2324 vero
3087 2269 3157 2324 ab
3193 2271 3258 2324 iis
3312 2272 3481 2326 absti-

1900 2357 2096 2411 nebitis
2131 2357 2297 2423 vitiis,
2340 2369 2395 2412 et
2430 2368 2545 2413 tuto
2573 2360 2776 2429 Optima
2814 2360 3065 2416 suadenti
3100 2363 3242 2417 viam
3271 2373 3480 2417 sterne-

1899 2443 1985 2507 tis,
2023 2454 2150 2498 tunc
2177 2456 2320 2499 recte
2347 2457 2653 2502 monentem
2686 2451 2932 2515 quaerite.
2966 2452 3108 2505 Ante
3145 2467 3277 2506 vero
3311 2468 3476 2522 quam

1895 2535 2142 2600 cessetis,
2167 2536 2332 2591 nolite
2353 2535 2598 2606 quaerere
2618 2540 2740 2608 quis
2772 2541 2923 2596 vobis
2950 2541 3149 2611 optima
3177 2557 3473 2614 suggerens

1894 2623 2130 2694 ablegari
2163 2641 2193 2677 a
2247 2627 2398 2682 vobis
2426 2627 2592 2696 volet,
2627 2645 2803 2699 neque
2833 2631 2980 2686 enim
3018 2634 3320 2702 reperietis.
3353 2635 3478 2691 lla‘c

1892 2715 2090 2779 scribo,
2145 2731 2250 2772 non
2294 2716 2602 2775 formidans
2651 2721 2739 2776 hic
2789 2721 2990 2792 aliquid
3050 2727 3255 2795 perpeti
3288 2727 3478 2795 (multa

1890 2806 2034 2860 enim
2083 2807 2245 2875 hujus
2284 2813 2498 2879 gratia,
2541 2821 2599 2866 ut
2652 2815 2842 2880 nostis,
2892 2830 3012 2868 sum
3051 2822 3380 2888 perpessus),
3423 2831 3476 2873 et

1891 2895 1999 2948 dixi
2023 2896 2308 2953 adornami
2347 2921 2359 2954 :
2392 2918 2411 2951 ι
2437 2899 2722 2957 Coronasti
2757 2920 2860 2958 non
2895 2908 3103 2962 volens.
3137 2927 3154 2959 ι
3179 2908 3305 2963 Mihi
3330 2913 3474 2966 enim

1895 3002 1914 3035 ι
1941 2989 2209 3042 concessit
2238 2988 2398 3054 Deus,
2425 3009 2444 3043 ι
2468 3008 2575 3047 non
2596 3003 2805 3049 tantum
2829 3015 2849 3048 ι
2876 2997 3003 3051 utin
3029 2999 3202 3068 ipsmn
3232 3002 3473 3070 credam,

1886 3077 1979 3130 sed
2008 3079 2169 3133 etiam
2212 3091 2268 3134 ut
2294 3096 2390 3150 pro
2421 3083 2538 3151 ipso
2568 3085 2745 3154 patiar
2779 3106 2792 3141 :
2827 3105 2847 3139 ι
2885 3103 3014 3141 veru
3041 3108 3069 3140 ιι
3108 3089 3366 3146 obturare
3410 3108 3474 3148 os

1889 3165 2074 3222 volens
2094 3169 2179 3240 iis,
2195 3171 2283 3238 qui
2307 3171 2586 3240 lingunlse
2604 3175 2886 3228 consilium
2910 3183 3111 3245 petere,
3131 3193 3236 3232 non
3258 3188 3315 3257 ut
3337 3193 3469 3233 σου·

195 3250 370 3304 σχειν
427 3255 446 3288 ι
512 3239 628 3293 ἀλλ’
699 3243 946 3311 ἐκείνους
998 3250 1350 3324 ἐπιστομίσαι
1419 3258 1775 3333 βουλόμενος,

1889 3258 2063 3312 silium
2086 3239 2508 3328 ac‘Cipiantpsed
2547 3274 2607 3318 ut
2639 3239 2934 3335 decipiant.
2967 3239 3121 3334 Quod
3149 3252 3329 3324 autem
3368 3271 3475 3327 hoc

192 3323 321 3385 τοὺς
353 3332 848 3401 προσποιουμένους
877 3337 1178 3407 σύμϐουλον
1218 3323 1431 3416 ζητεῖν,⁷
1462 3351 1559 3421 οὐχ
1583 3323 1677 3406 ’ἵνα

193 3415 689 3513 συμϐουλευθῶσιν,
736 3425 850 3480 ἀλλ’
877 3427 961 3482 ἶνα
997 3415 1473 3495 ὲπιϐουλεύσωσιν.
1503 3415 1628 3497 ’ὁτι

191 3504 256 3556 οὐ
312 3505 480 3574 φόϐου
521 3498 708 3568 ἕνεκεν
755 3516 930 3571 ταῦτα
986 3522 1269 3594 γέγραφα,
1315 3498 1692 3587 ἁκουὲτωσαν.

185 3596 425 3651 τοιοῦτοι
456 3601 559 3671 (ὃτι
610 3603 768 3673 ὑμεῖς
799 3607 866 3661 δι’
896 3603 973 3664 ῶν
1006 3615 1301 3683 πράττετε,
1337 3622 1432 3672 καὶ
1459 3624 1584 3686 τοὺς
1611 3627 1777 3697 ἀρχο-

189 3686 385 3755 μένους
425 3692 502 3750 είς
546 3695 745 3750 κακίαν
781 3710 1173 3772 χειραγωγεῐτε
1196 3747 1210 3771 ,
1252 3710 1344 3761 καὶ
1369 3710 1564 3783 διπλῆν
1597 3686 1772 3783 τιμω-

189 3777 313 3846 ρῑαν
355 3781 617 3852 ὑφέξετε)
660 3787 742 3838 ὅτι
779 3805 837 3841 τε
868 3791 943 3862 μὴ
983 3795 1044 3847 τὸ
1069 3793 1188 3854 δέον
1234 3777 1548 3870 ἐπράξατε-.
1587 3777 1668 3858 ὅτι
1713 3823 1772 3859 τε

185 3864 580 3924 ὑπεσκελίσατε
633 3876 760 3937 τοὺς
806 3878 1046 3949 σωθῆναι
1079 3864 1411 3954 δυναμένους
1455 3864 1542 3954 ἂν,
1591 3893 1640 3945 εί
1694 3895 1769 3966 μὴ

184 3956 319 4025 παρ’
364 3957 518 4026 ὑμῶν
561 3962 1086 4038 ἐσκανδαλίσθησαν.
1142 3972 1433 4030 Παύσασθε
1466 3956 1759 4051 τοιγαρούν

182 4044 410 4101 τοιαῦτα
437 4049 676 4121 δρῶντες
700 4093 714 4118 ,
740 4055 775 4110 ἃ
809 4058 927 4113 οὐδὲ
950 4063 999 4114 οἱ
1032 4063 1217 4132 ἐχθροὶ
1246 4067 1342 4121 τοῦ
1366 4044 1607 4141 Χριστοῦ
1630 4044 1769 4142 πρὸς

183 4137 534 4208 βλασφημίαν
568 4143 661 4196 τοῦ
691 4146 954 4217 ὀνόματος
981 4153 1148 4208 αὑτοῦ
1175 4157 1396 4227 δρῶσιν.
1419 4137 1687 4222 *Σϐέσατε-
1705 4171 1766 4224 τὸ

179 4226 276 4279 ἐπὶ
302 4227 377 4296 τῷ
401 4230 693 4302 προεδρίας
721 4237 990 4305 ἠξιῶσθαι
1006 4246 1156 4315 παρὰ
1174 4226 1300 4312 τοὺς
1321 4251 1548 4319 πολλοὺς
1568 4259 1760 4330 οἴημα·

179 4317 454 4384 χαλάσατε
505 4323 597 4376 τὸν
627 4325 815 4396 τύφον·
852 4337 1244 4390 κατασπάσατε
1295 4341 1392 4412 τὴν
1438 4346 1632 4417 ὀφρὺν,
1675 4354 1763 4407 ὲν-

175 4411 428 4477 νοήσατε,
461 4413 542 4466 ὅτι
570 4414 646 4484 γῆ
669 4418 789 4472 ἐστε
821 4423 917 4475 καὶ
944 4427 1189 4492 σποδός·
1232 4411 1539 4505 σκοπήσατε
1565 4411 1628 4494 το
1658 4446 1762 4514 πρὸ

142 4558 144 4560 τ
174 4499 426 4571 βραχέος,
454 4507 547 4559 καὶ⁵
572 4508 632 4560 τὸ
662 4511 798 4577 μετὰ
822 4511 1017 4584 βραχύ.
1058 4519 1356 4589 Ἐπίγνωτε
1389 4499 1517 4593 τοὺς
1549 4499 1760 4588 ἑαυτῶν

172 4593 285 4646 ἀπὸ
315 4594 414 4662 τῆς
431 4598 632 4667 ἀρετῆς
663 4602 937 4671 ἀμείνους·
961 4611 1036 4680 μὴ
1065 4614 1174 4675 τοῖς
1197 4613 1382 4678 ὅπλοις
1411 4619 1506 4689 τῆς
1541 4623 1762 4692 ίερωσύ-
1796 4595 1841 4649 D

170 4700 272 4782 νης
296 4687 416 4782 κατ’
450 4689 620 4760 αὐτῆς
653 4692 752 4763 τῆς
783 4695 1082 4770 ἱερωσύνης
1109 4706 1379 4774 χρήσεσθε
1403 4726 1418 4742 ο
1559 4687 1640 4778 είς
1668 4718 1755 4771 τὸν

168 4769 274 4838 τῆς
290 4774 429 4846 άκτη
440 4779 675 4850 μοσύνης
692 4769 1160 4860 χρηματιζόμενοι
1183 4769 1414 4870 παροινή
1424 4769 1552 4855 σατε

169 4861 458 4920 ϐάσκαλον.
492 4870 581 4942 Μὴ
619 4873 821 4942 μύθους
852 4879 1072 4948 ἡγεῖσθε
1099 4885 1224 4947 τοὺς
1258 4861 1596 4959 ἐπᾳσθέντας
1630 4861 1758 4969 ύμῖν

177 4950 568 5022 εὖαγγελικοὺς
610 4961 832 5031 λόγους·
881 4969 955 5039 μὴ
986 4973 1232 5041 νομίζετε
1267 4950 1602 5051 ἁμαρτάνειν

177 5045 421 5112 μωρητί·
460 5048 534 5116 μὴ
572 5052 631 5104 τὸ
664 5053 805 5108 θεῖον
832 5059 1018 5119 άδικον
1051 5059 1189 5116 εἶναι
1225 5045 1507 5143 νομίσητε⁹
1544 5077 1618 5148 μὴ
1662 5080 1752 5132 τὸν

172 5135 566 5208 παντεπόπτην
595 5141 728 5198 Θεὸν
757 5153 1006 5223 παρορᾷν
1058 5135 1301 5227 οίηθῆτεξ
1329 5135 1420 5235 Μή
1476 5135 1618 5232 τούς.
1648 5171 1765 5240 φιλ-

242 5283 287 5313 ¹⁶
328 5284 462 5342 Gen.
504 5304 586 5356 ιιι,
629 5295 710 5351 l9.

1887 3362 1997 3402 non
2021 3359 2200 3405 metus
2229 3364 2394 3407 causa
2431 3354 2766 3429 scripserim,
2806 3358 2914 3426 ipsi
2961 3359 3118 3415 velim
3169 3360 3474 3432 intelligant

1887 3436 2051 3511 [quod
2097 3456 2192 3496 vos
2237 3453 2457 3514 propter
2496 3463 2559 3502 ea
2604 3463 2725 3518 qua:
2776 3451 2976 3516 facitis,
3030 3462 3087 3508 et
3117 3456 3364 3511 subditos
3397 3460 3467 3514 ad

1884 3544 2085 3598 malum
2119 3547 2433 3616 perducitis,
2462 3559 2516 3606 et
2546 3553 2814 3624 duplicem
2856 3558 3176 3628 persolvetis
3224 3565 3467 3640 poenam]

1882 3637 2023 3702 quod
2054 3649 2250 3704 neque.
2288 3641 2430 3708 quod
2473 3645 2735 3713 Oportuit,
2785 3646 3016 3713 fecistis,
3059 3659 3113 3706 et
3145 3637 3462 3724 supplanta;

1880 3731 1977 3783 stis
2009 3744 2125 3797 eos,
2153 3733 2244 3801 qui
2272 3733 2468 3790 salvari
2505 3738 2720 3804 quidem
2748 3751 3021 3811 poterant,
3068 3748 3170 3802 nisi
3204 3764 3301 3804 vos
3337 3751 3471 3819 ipsis

1878 3819 2135 3874 seandalo
2181 3819 2437 3878 fuissetis.
2493 3827 2855 3898 Supersedete
2917 3835 3100 3906 itaque
3139 3840 3269 3894 talia
3316 3857 3464 3897 com-

1877 3909 2111 3976 mittere,
2146 3927 2266 3982 qua:
2292 3929 2359 3971 ne
2397 3916 2600 3974 Christi
2631 3923 2850 3990 quidem
2883 3925 3087 3993 hostes,
3119 3932 3185 3985 ad
3222 3934 3464 3992 nominis

1859 4007 1990 4072 ejus
2023 4010 2411 4080 blasphemiam
2445 4020 2808 4077 committant.
2831 4023 3028 4082 Tollite
3062 4029 3130 4083 de
3161 4034 3338 4090 medio
3376 4051 3468 4090 ve-

1873 4099 1972 4152 stri
2006 4116 2170 4169 super
2199 4103 2302 4159 loci
2329 4110 2684 4179 praerogativa
2715 4129 2780 4166 ac
2806 4115 3118 4185 dignatione
3141 4135 3462 4192 conceptam

1874 4189 2015 4257 apud
2045 4192 2243 4247 multos
2263 4197 2444 4250 animo
2478 4198 2814 4266 opinionem.
2848 4203 3232 4272 Arrogantiam
3283 4189 3459 4265 refre-

1871 4288 2030 4343 nate;
2054 4282 2324 4348 supercilii
2356 4281 2554 4350 fastum
2578 4287 2851 4355 deponite.
2881 4287 3077 4344 Veniat
3109 4293 3162 4346 in
3196 4305 3457 4361 mentem,

1869 4370 2012 4437 quod
2036 4371 2156 4426 sitis
2184 4373 2353 4441 pulvis
2371 4385 2418 4428 el
2452 4379 2586 4432 cinis
2623 4380 2689 4433 '°.
2719 4379 3077 4438 Considerate
3107 4387 3250 4454 quod
3295 4390 3458 4455 paulo

1869 4468 1994 4509 ante
2025 4455 2226 4524 fuistis,
2261 4471 2316 4515 et
2345 4463 2504 4531 paulo
2527 4476 2650 4535 post
2668 4468 2842 4524 eritis.
2869 4468 3196 4542 Cognoscite
3228 4477 3452 4544 quinam

1871 4557 2107 4607 vestrum
2134 4551 2334 4607 virtute
2369 4566 2659 4623 praestent;
2693 4559 2862 4616 nolite
2899 4563 3245 4620 sacerdotum
3281 4572 3453 4627 armis

1867 4647 2053 4692 contra
2087 4644 2450 4699 sacerdotium
2482 4648 2656 4717 abuti,
2703 4668 2836 4707 neve
2873 4655 2924 4708 in
2964 4661 3306 4726 paupertatis
3334 4679 3454 4716 ma-

1863 4728 2090 4797 gistrum
2118 4735 2346 4802 quaestui
2377 4738 2753 4798 incumbentes
2789 4744 3233 4806 debacchemini.
3272 4750 3454 4810 Nolite

1858 4832 1955 4884 pro
1990 4816 2190 4876 fabulis
2222 4823 2440 4888 ducere,
2471 4843 2589 4896 qur
2613 4836 2922 4900 evangelica
2954 4842 3286 4906 cognovistis
3315 4858 3449 4912 pra:-

1851 4916 2044 4975 cepta;
2078 4912 2244 4966 nolite
2277 4918 2593 4975 existimare
2618 4935 2898 4990 peccatum
2927 4929 3154 4999 relinqui
3193 4933 3435 5003 impuni-

1852 5003 1983 5062 tum,
2023 4999 2184 5071 593
2231 5001 2398 5060 Deum
2436 5007 2686 5076 injustnm
2723 5029 2847 5068 esse
2876 5032 2943 5072 ne
2986 5021 3208 5084 putetis.
3264 4999 3446 5093 neque

1851 5086 2170 5147 halluciuari
2226 5110 2401 5166 neque
2427 5104 2682 5158 caecutite
2717 5105 2882 5159 Deum
2907 5112 3089 5165 omnia
3126 5113 3429 5170 intuentern

1873 5180 2230 5242 arbitremini.
2269 5184 2467 5245 Virtuti
2505 5192 2714 5252 deditos
2747 5197 2914 5255 nolite
2955 5201 3228 5273 ablegare.
3253 5202 3442 5261 Ouini-

1259 5423 1492 5484 VABUE
1534 5431 1924 5497 LECTIONES
1966 5443 2051 5499 ΕΤ
2087 5445 2320 5506 ΝΟΤᾸΕ.

239 5547 791 5656 ἑῶῃῐίᾞωδιέπειραν
837 5579 1059 5638 uterque
1114 5577 1231 5629 cod.
1287 5577 1412 5649 legit
1459 5587 1738 5656 περιέπει-

124 5653 148 5680 ,
166 5632 285 5684 ραν.
331 5619 518 5677 Possm

359 5689 933 5792 fll'gnit.)i60IU-?EQOWG
969 5709 1125 5766 iidem
1170 5716 1366 5782 habent
1398 5725 1735 5792 συμϐουλεύι

166 5770 327 5823 σοντα
359 5761 409 5811 in
446 5761 639 5818 futuro.
674 5766 748 5821 lo.

1918 5598 1995 5687 f2)
2034 5598 2137 5687 [ζςο
2171 5605 2268 5675 οὐχ
2303 5604 2390 5659 ἵνα
2425 5608 2585 5687 iidem
2626 5612 2827 5687 addunt
2855 5616 2952 5687 μή.
2997 5617 3074 5674 io.

1917 5671 1994 5737 (8)
2038 5670 2158 5793 lErn
2217 5670 2585 5748 παροινήσατε
2644 5683 2800 5738 iidem
2855 5670 3108 5744 ’δυ’τίιὶὗιίι
3161 5693 3427 5765 παροινή-

1845 5755 1994 5808 σητε.
2038 5755 2113 5794 tu.
