4122 6446
674 390 807 458 ιιιι

1867 392 1927 451 5.
1971 390 2260 452 ISIDORI
2304 386 2738 453 PELUSIOTE

3779 388 3915 457 “12

670 505 896 569 muniat,
947 516 1052 559 non
1106 501 1366 558 hactenus
1392 498 1609 565 vicisse,
1652 501 1746 556 sed
1790 501 1842 557 in
1871 502 2031 557 linem
2073 518 2241 571 usque

2346 505 2686 574 νενικηκέναι
2717 502 2840 574 ἢδη,
2879 492 3013 558 ἀλλά
3045 494 3106 559 τὸ
3140 505 3216 576 μὴ
3257 497 3542 577 νικηθῆναι
3579 502 3689 586 lto;
3721 503 3915 566 τέλους

674 611 780 652 non
838 603 1148 664 superatum
1223 608 1342 649 sese
1407 609 1657 665 magnum
1733 608 1853 649 esse
1905 593 2243 648 existimans.

672 683 1002 740 Thesaurum
1031 686 1173 737 enim
1209 684 1464 737 virtutum
1492 685 1888 754 possidentibus
1921 684 2242 755 vigilandum

672 776 844 840 magis
869 783 970 836 est.
1009 789 1170 842 quam
1202 775 1334 829 nihil
1367 775 1710 831 habentibus.
1746 775 1824 830 llli
1847 777 1990 830 enim
2020 776 2239 838 habent,

672 865 726 919 hi
760 880 864 918 non
899 866 1046 928 item,
1076 865 1217 934 quod
1248 866 1593 920 custodiant:
1635 881 1808 934 neque
1841 866 1980 921 enim
2016 864 2241 932 perinde

671 956 858 1009 dolore
889 955 1072 1019 allicit,
1115 955 1245 1010 nihil
1271 956 1576 1026 possidere,
1610 971 1772 1026 quam
1802 955 1942 1025 quod
1967 954 2238 1022 habuerit,

672 1060 738 1102 eo
779 1046 998 1116 privari.

1187 1169 1388 1227 CXLV.
1427 1192 1497 1212 -—
1546 1159 1724 1227 NILO.

2350 597 2492 665 μέγα
2560 595 2889 666 ἡγούμενος;
2962 594 3086 660 Tui;
3145 596 3256 667 γὰρ
3331 595 3566 666 μάλιστα
3638 593 3915 666 θησαυρὸν

2347 685 2555 754 ἀρετῶν
2576 685 2757 753 ἔχουσι
2781 685 2977 755 πρέπει
3002 687 3316 757 ἀγρυπνεῖν,
3347 684 3380 757 ἢ
3409 687 3520 747 τοίς
3549 685 3720 755 μηδὲν
3747 682 3914 738 καλὸν

2347 779 2715 849 κτησαμένοις
2740 795 2752 808 ·
2786 781 2832 832 οἱ
2869 781 2966 850 μὲν
2989 781 3094 850 γάρ
3129 779 3361 849 ἔχουσιν,
3387 779 3436 833 oi
3467 778 3523 832 δὲ
3555 778 3655 832 οὐκ
3699 777 3913 849 ἔχουσιν

2347 870 2375 923 ὃ
2405 869 2714 940 φυλάξωσι·
2747 870 2842 923 καὶ
2889 871 2984 938 οὐχ
3025 868 3167 922 οὕτω
3192 865 3352 922 λυπεῖ
3392 875 3452 921 τὸ
3479 867 3556 938 μὴ
3585 868 3806 938 κτηθὲν,
3837 867 3915 928 ὡς

2346 966 2378 1034 ἡ
2412 963 2520 1018 τῶν
2554 963 2912 1034 ὑπαρξάντων
2941 965 3224 1036 στέρησις.

2870 1162 3047 1216 PME.
3071 1190 3142 1200 —
3168 1161 3394 1231 Nemo.

1237 1259 1372 1314 Bene
1391 1262 1598 1315 dicendi
1635 1263 1849 1316 virtutes
1902 1260 2010 1328 IV,
2033 1277 2097 1316 ea;
2129 1256 2465 1329 Hermogenis
2510 1249 2673 1309 ldeis.
2719 1251 2950 1322 (Confer.
2993 1254 3146 1320 epist.
3175 1253 3324 1324 217.)

745 1366 1012 1423 Orationis
1043 1367 1271 1424 virtutes
1295 1369 1508 1439 quidem
1553 1381 1680 1425 sunt
1710 1391 1722 1424 :
1769 1387 1952 1426 verum
1972 1411 1986 1433 ,
2022 1371 2236 1426 concisa

2411 1365 2585 1433 Λόγου
2617 1365 2811 1436 ἀρεταὶ
2859 1364 2975 1434 μὲν,
3010 1355 3256 1431 ἀλήθεια,
3299 1360 3578 1429 συντομία,
3617 1359 3910 1427 σαφήνεια,

675 1457 929 1519 brevitas,
975 1460 1325 1528 perspicuitas
1351 1469 1407 1514 et
1458 1461 1854 1530 opportunitas.
1895 1462 2030 1516 Vitia
2059 1474 2238 1519 autem

2348 1457 2601 1528 εὐκαιρία
2620 1472 2633 1487 ⁸
2665 1456 2854 1510 κακίαι
2889 1456 2966 1520 δὲ,
2996 1453 3212 1524 ψεῦδος,
3253 1453 3621 1523 μακρηγυρία,
3647 1453 3911 1520 ἀσάφεια,

672 1549 940 1605 contraria
986 1561 1110 1603 sunt
1141 1569 1153 1604 :
1206 1549 1397 1605 falsum
1421 1595 1434 1616 ,
1485 1552 1688 1620 prolixa
1713 1553 1908 1616 oratio,
1935 1553 2241 1608 obscuritas

2346 1550 2406 1603 τὸ
2455 1549 2559 1613 ἐξω
2592 1548 2701 1601 τῶν
2757 1547 2963 1618 καιρῶν
3011 1546 3291 1615 φέρεσθαι.
3338 1546 3401 1598 Τί
3445 1545 3551 1615 γάρ
3600 1542 3812 1610 ὄφελος,
3865 1544 3912 1594 εί

673 1647 730 1692 et
777 1637 1081 1708 importune
1110 1640 1305 1696 dicere.
1349 1640 1486 1707 Quid
1523 1643 1664 1696 enim
1688 1643 1988 1708 commodi,
2039 1644 2082 1698 si
2112 1659 2239 1699 vera

2346 1640 2548 1710 ἀληθὴς
2577 1640 2675 1710 μὲν
2703 1641 2809 1709 εἴη,
2845 1638 2918 1709 μὴ
2963 1639 3225 1708 σύντομος
3275 1638 3350 1704 δὲ,
3379 1636 3492 1690 ἀλλ’
3546 1635 3756 1704 ἐνοχλεῖ
3787 1635 3913 1693 τοὺς

673 1728 891 1797 quidem
940 1730 1012 1783 sit
1040 1731 1248 1794 oratio,
1303 1747 1406 1785 non
1461 1741 1635 1786 tamen
1682 1732 1935 1799 concisa,
1986 1735 2078 1787 sed
2120 1748 2240 1804 qua!

2346 1730 2670 1796 ἀκούοντας;
2703 1731 2735 1800 ἢ
2766 1731 3027 1800 σύντομος
3061 1730 3182 1800 μὲν,
3210 1731 3284 1802 μὴ
3317 1729 3492 1801 σαφὴς
3517 1729 3607 1794 es;
3651 1731 3682 1798 ἢ
3737 1728 3916 1796 σαφὴς

676 1818 832 1886 copia
874 1829 1064 1873 enecet
1101 1821 1422 1874 auditores?
1481 1821 1544 1873 Et
1577 1821 1790 1874 concisa
1819 1821 2036 1890 quidem
2060 1861 2074 1885 ,
2135 1838 2239 1877 non

2350 1823 2471 1891 μὲν,
2508 1821 2583 1892 μὴ
2628 1822 2838 1892 καίριος
2885 1823 2978 1888 δὲ;
3015 1825 3060 1875 εί
3088 1823 3142 1875 δὲ
3196 1823 3372 1885 πάσας
3402 1822 3513 1892 ἔχοι
3559 1822 3657 1884 τάς
3692 1821 3911 1890 ἀρετὰς,

677 1910 822 1962 clara
868 1911 1075 1963 tamen?
1101 1909 1198 1964 Vel
1228 1910 1374 1965 clara
1399 1912 1612 1980 quidem
1640 1951 1656 1977 ,
1701 1927 1802 1965 non
1849 1923 2022 1967 tamen
2048 1927 2241 1982 oppor-

2349 1911 2466 1963 τότε
2495 1911 2817 1982 δραστήριος
2841 1912 3012 1977 ἔσται,
3047 1914 3139 1965 καὶ
3195 1913 3389 1983 γοργὸς
3433 1913 3524 1963 καὶ
3556 1911 3816 1980 ἔμψυχος,
3847 1912 3913 1980 τῇ

677 2008 806 2052 tuna
831 1998 855 2053 i
906 1998 964 2053 Si
991 2014 1117 2053 vero
1142 2014 1329 2055 omnes
1380 2001 1575 2056 habeat
1602 2003 1862 2056 orationis
1890 2004 2146 2071 virtutes,
2176 2006 2241 2058 sit

2355 1999 2455 2070 μὲν
2517 1992 2744 2072 ἀληθείᾳ
2802 2002 2930 2065 τοὺς
2979 2002 3275 2065 ἀκούοντας
3320 2003 3682 2072 χειρούμενος.
3737 2005 3802 2071 τῇ
3857 2002 3915 2054 δὲ

677 2095 735 2142 ει
763 2087 944 2142 elﬁcax
968 2129 982 2154 ,
1028 2091 1280 2154 incitata,
1306 2105 1368 2145 ac
1397 2093 1560 2146 veluti
1615 2094 1844 2161 spirans,
1870 2095 2098 2149 veritate
2128 2095 2241 2163 qui-

2354 2093 2616 2163 συντομίᾳ
2661 2092 3198 2164 καταγωνιζόμενος’
3242 2092 3335 2146 καὶ
3381 2095 3446 2163 τῇ
3496 2092 3592 2162 μὲν
3648 2093 3915 2162 σαφηνείᾳ

672 2178 800 2232 dem
855 2181 1126 2234 auditores
1169 2184 1388 2245 ducens,
1435 2184 1699 2236 brevitate
1737 2198 1866 2237 vero
1908 2197 2241 2254 expugnans,

2353 2182 2784 2252 καθαπτόμενος,
2816 2186 2880 2254 τῇ
2905 2183 2960 2236 δὲ
2987 2183 3239 2254 εὐκαιρίᾳ
3274 2181 3734 2252 στεφανούμενος..

680 2267 1055 2336 perspicuitate
1088 2270 1248 2322 veluti
1288 2272 1525 2339 capiens,
1570 2271 1969 2339 opportunitate
2017 2274 2246 2341 denique

671 2370 931 2411 coronam
967 2359 1265 2425 imponens.

968 2463 1194 2518 CXLV'l.
1234 2495 1302 2506 -.
1356 2466 1583 2521 "eum
1626 2455 1942 2523 DlACONO.

2716 2475 2904 2529 ΡΜο-ν.
2933 2504 3001 2514 -
3036 2469 3199 2544 mila
3241 2469 3558 2540 ΔΙΔΚΟΝῼ.

1365 2558 1442 2611 De
1469 2559 1735 2613 oculorum
1765 2561 1966 2613 decenti
1998 2563 2325 2617 verecundia.
2361 2564 2593 2635 (Confer.
2622 2569 2766 2635 epist.
2802 2568 2885 2630 17,
2924 2566 3013 2630 46,
3046 2565 3191 2632 B9.)

747 2674 964 2748 Pupilla:
1012 2679 1062 2732 in
1090 2680 1260 2734 oculis
1302 2681 1462 2734 veluti
1499 2685 1730 2756 virgines
1762 2685 1812 2738 in
1852 2683 2088 2738 thalamo
2128 2695 2254 2740 sunt

674 2770 974 2836 collocatae,
1007 2772 1146 2823 ciliis
1182 2787 1271 2825 seu
1317 2773 1584 2841 palpebris
1614 2785 1868 2843 tanquam
1900 2778 2031 2831 velis
2058 2787 2243 2831 tectte:

675 2874 887 2929 equum
941 2861 1119 2929 itaque
1160 2860 1322 2915 fuerit
1364 2865 1610 2930 prudenti
1662 2866 1873 2919 ratione
1911 2881 2000 2920 eas
2041 2868 2150 2936 regi
2186 2883 2249 2921 ac

2421 2679 2484 2730 Ai
2517 2678 2674 2748 κόραι
2719 2679 2773 2729 αἱ
2825 2679 2954 2730 εἵσω
2993 2677 3100 2729 τῶν
3137 2676 3450 2746 ὀφθαλμῶν,
3481 2674 3734 2744 καθάπερ
3775 2691 3912 2745 παρ·

2333 2768 2494 2820 -θένοι
2530 2769 2641 2837 (lli)
2676 2770 2732 2819 ὲν
2759 2768 3019 2836 θαλάμοις
3055 2767 3356 2838 ἱδρυμέναι,
3414 2767 3505 2820 καὶ
3553 2769 3664 2829 τοῖς
3714 2765 3910 2834 βλεφά-

2352 2874 2464 2926 ροις
2492 2857 2741 2929 καθάπερ
2764 2857 3222 2927 παραπετάσμασι
3243 2856 3673 2926 κεκαλυμμέναι,
3702 2855 3910 2908 δίκαιαι

682 2951 874 3015 tutari,
919 2961 976 3004 ut
1022 2951 1234 3006 assidue
1278 2954 1491 3020 quidem
1529 2956 1891 3020 erubescant,
1943 2957 2241 3024 pudeatque

2349 2947 2415 2999 ἂν
2473 2945 2581 3000 εἷεν
2638 2948 2743 3000 ὑπὸ
2801 2947 3072 3017 σώφρονος
3115 2945 3372 3014 λογισμοῦ
3436 2947 3907 3018 ἐπιτροπεύεσθαι,

672 3055 859 3097 eorum
902 3056 1019 3109 qua:
1045 3053 1275 3110 oportet.
1338 3042 1393 3095 Si
1441 3059 1565 3096 vero
1595 3054 1646 3096 et
1693 3044 1918 3097 aliorum
1956 3047 2241 3114 spectarint

2353 3040 2438 3090 ἵνα
2476 3038 2765 3108 ἐρυθριῶσι
2813 3015 2931 3105 μὲν-
2965 3037 3072 3100 ἀεὶ,
3116 3039 3209 3090 καὶ
3254 3015 3613 3106 αἰσχύνωνται
3659 3036 3693 3089 ἃ
3721 3036 3820 3089 δεῖ.
3847 3037 3909 3088 Ei

677 3127 1168 3199 pulchritudinem,
1218 3130 1445 3197 amplius
1476 3130 1829 3194 erubescant,
1864 3132 2088 3200 velaque
2116 3148 2246 3185 cou-

677 3219 914 3281 trabant,
961 3228 1014 3272 et
1069 3222 1319 3272 deorsum
1371 3221 1553 3274 oculos
1594 3222 1896 3286 demittant,
1941 3231 2248 3289 terramque

679 3310 845 3365 veluti
880 3320 1104 3362 matrem
1147 3311 1479 3374 intueantur,
1513 3326 1630 3380 quze
1665 3312 1853 3365 doceat
1877 3327 1980 3365 non
2007 3325 2245 3366 nostram

679 3399 837 3453 modo
861 3409 1124 3463 naturam,
1145 3399 1237 3453 sed
1260 3409 1313 3453 et
1331 3408 1621 3468 sliectatam
1645 3401 1786 3453 illam
1819 3412 2154 3455 venustatem
2178 3418 2243 3456 ex

680 3491 792 3561 ipsa
834 3487 1150 3553 eliloruisse,
1173 3501 1226 3542 et
1261 3492 1435 3543 denuo
1466 3503 1887 3545 marcescentem
1917 3492 1967 3545 in
1996 3493 2136 3545 illam
2161 3492 2244 3546 lu-

678 3598 794 3637 cem
820 3583 1129 3636 redituram.
1157 3582 1211 3634 ld
1243 3584 1284 3635 si
1315 3581 1564 3636 effectum
1591 3584 1758 3650 dabit,
1783 3584 2038 3638 decorum
2064 3586 2242 3652 reipsa

675 3674 911 3742 virgines
959 3673 1244 3747 servarint.
1311 3673 1405 3727 Sin
1455 3674 1818 3742 imprudenter
1857 3684 2018 3740 atque
2063 3676 2240 3744 impo-

681 3773 857 3818 tenter
892 3764 1093 3832 qutevis
1139 3765 1559 3831 conspexerint,
1604 3778 1699 3832 pro
1734 3765 2031 3833 virginibus
2079 3780 2243 3818 canes

676 3867 796 3908 esse
829 3853 1001 3923 potius
1041 3854 1360 3920 comperies,
1386 3853 1476 3921 qui
1518 3855 1569 3906 in
1597 3853 1826 3907 alienam
1875 3854 2241 3922 pulchritudi-

680 3957 800 3998 nem
829 3944 986 3998 veluti
1025 3943 1170 3997 rabie
1202 3944 1565 4012 impellantur.

839 4065 1003 4138 59s
1054 4066 1301 4121 CXLVII.
1339 4097 1411 4108 -
1446 4068 1709 4124 ΤΗΟΜΛΕ
1743 4070 2097 4126 MONACHO.

2345 3126 2403 3179 δέ
2436 3144 2560 3178 ποτε
2589 3129 2680 3179 καὶ
2716 3128 2992 3196 ἀλλότριον
3034 3127 3226 3190 κάλλος
3257 3126 3552 3192 θεάσοιντο,
3601 3126 3762 3180 πλέον
3789 3129 3910 3194 ἐρυ-

2346 3215 2558 3286 θριῶσι,
2620 3219 2712 3270 καλ⁸
2755 3219 2952 3269 ἕλκωσι
3002 3217 3067 3270 τὰ
3091 3219 3583 3289 παραπετάσματα,
3639 3219 3732 3270 καὶ
3763 3219 3909 3274 κάτω

2344 3308 2615 3371 κύπτωσι,
2646 3309 2738 3361 καὶ
2760 3308 2856 3378 τὴν
2883 3310 2986 3378 γῆν
3024 3308 3119 3361 ἆτε
3163 3309 3373 3379 μητέρα
3397 3307 3772 3380 περισκοπῶσι
3810 3306 3904 3377 τὴν

2352 3399 2729 3460 παιδεύουσαν,
2787 3401 2846 3452 οὐ
2896 3399 3054 3468 μόνον
3107 3399 3202 3468 τὴν
3261 3400 3529 3469 ἡμετέραν
3582 3398 3764 3467 φύσιν,
3795 3398 3907 3451 ἀλλ’

2348 3492 2430 3544 ὅτι
2483 3492 2574 3543 καὶ
2616 3491 2676 3542 τὸ
2726 3490 2886 3559 όφθὲν
2928 3491 3118 3553 κάλλος
3162 3491 3219 3555 ἐξ
3276 3493 3442 3560 αὐτῆς
3500 3491 3736 3562 ἤνθησε,
3814 3491 3908 3542 καὶ

2350 3585 2428 3644 εἰς
2453 3582 2619 3651 αὐτὴν
2646 3582 2972 3652 ὑποστρέφει
3001 3581 3496 3651 μαρανθησὸμενον.
3522 3582 3583 3632 Εἰ
3609 3583 3716 3652 γὰρ
3753 3581 3905 3633 τοῦτο

2346 3674 2621 3742 δράσαιενς
2679 3674 2970 3742 φυλάξαιεν
3012 3672 3223 3742 ἀληθῶς
3255 3673 3313 3726 τὸ
3353 3673 3561 3742 πρέπον
3594 3673 3900 3743 παρθένοις·

2346 3766 2393 3815 εἰ
2442 3764 2498 3815 δὲ
2535 3763 2789 3834 ἀκρατῶς
2833 3765 2926 3815 καὶ
2973 3763 3339 3833 ἀναισχύντως
3386 3762 3682 3832 καθορῷεν,
3750 3763 3904 3822 κύνες

2348 3855 2468 3906 ἀντὶ
2496 3854 2780 3923 παρθένων
2808 3853 3210 3924 εὑρεθήσονται,
3261 3856 3369 3916 τοῖς
3400 3853 3694 3923 ἀλλοτρίοις
3725 3850 3904 3904 κάλλε-

2349 3964 2430 4001 σιν
2457 3947 2834 4001 ὲπιλυττῶσαι.

2658 4060 2833 4114 ΡΜΖ’.
2866 4089 2936 4098 -
2966 4058 3150 4128 sons
3183 4056 3597 4112 MONAZONTI.

1169 4157 1247 4210 De
1276 4157 1497 4211 Eusebio
1538 4177 1743 4214 rursum
1783 4162 1949 4215 maloa
1994 4165 2270 4216 ordinante
2319 4157 2630 4213 sacerdotes.
2669 4155 2850 4222 tSupr.
2889 4152 3037 4219 epist.
3091 4151 3149 4204 ιϐ
3181 4161 3228 4202 et
3269 4150 3416 4220 140.)

752 4263 808 4318 Si
859 4279 954 4332 per
999 4264 1414 4330 imprudentiam
1472 4267 1731 4324 Eusebius
1785 4271 1898 4324 illos
1948 4271 2238 4338 ordinavit,

2416 4267 2478 4319 Ei
2521 4267 2617 4334 μὲν
2671 4263 2877 4331 ἀγνοῶν
2939 4259 3194 4322 Εὐσέὂιος
3235 4261 3634 4331 ἐχειροτόνησεν
3685 4262 3895 4325 αὐτοὺς,

685 4355 895 4408 modico
922 4355 1178 4424 indigebit
1226 4355 1525 4424 patrocinio
1555 4358 1941 4428 imprudentiae.
1999 4361 2092 4414 Sin
2125 4402 2139 4426 ,
2185 4372 2242 4416 ut

685 4446 898 4509 scribis,
941 4447 1117 4500 studio
1137 4448 1367 4516 dataque
1391 4465 1550 4518 opera
1582 4452 1631 4504 id
1674 4452 1820 4518 fecit,
1848 4469 1978 4508 sane
2010 4455 2149 4524 lupis
2173 4457 2243 4510 ob

687 4535 1067 4602 rapacitatem,
1104 4539 1328 4593 canibus
1373 4541 1443 4594 ob
1488 4542 1816 4596 salacitatem
1846 4584 1859 4607 ,
1900 4545 1969 4598 ob
1991 4545 2238 4599 callidam

683 4639 811 4681 vero
835 4628 1081 4679 astutiam
1111 4629 1357 4696 vulpibus
1404 4647 1616 4701 gregem
1670 4648 1821 4686 suum
1850 4636 2077 4688 credidit
2121 4636 2241 4702 (pro

681 4732 792 4783 quo
816 4723 994 4767 tamen
1043 4715 1334 4782 pretiosum
1364 4718 1522 4769 etiam
1556 4720 1868 4789 sanguinem
1909 4735 2063 4773 suum
2087 4719 2240 4772 Chri-

682 4815 794 4859 stus
818 4804 1096 4876 profudit),
1123 4807 1337 4874 gravius
1373 4823 1529 4875 quam
1553 4819 1607 4860 ut
1630 4810 1875 4863 excusari
1908 4818 2084 4877 queat,
2114 4823 2238 4877 pec-

680 4897 843 4950 cavit.
886 4894 1008 4951 Huec
1033 4912 1162 4951 vero
1183 4899 1323 4961 dico,
1352 4912 1453 4952 non
1479 4901 1628 4965 quasi
1674 4900 1743 4952 illi
1778 4916 1805 4952 a
1836 4901 2120 4954 reddendis
2155 4916 2238 4953 ra-

687 4985 918 5038 tionibus
961 4986 1245 5049 immunes,
1272 5000 1334 5039 ac
1379 5000 1552 5054 pains:
1592 4987 1657 5040 ab
1684 4987 1788 5041 illis
1813 4990 2088 5058 exigendae
2136 5006 2240 5044 non

683 5076 826 5138 sint.
873 5078 964 5130 sed
1007 5087 1063 5129 ut
1104 5078 1272 5146 magis
1307 5079 1607 5146 puniendus
1652 5079 1720 5131 sit
1770 5079 1879 5144 ille,
1912 5081 1999 5148 qui
2040 5082 2243 5134 semina

684 5178 1020 5235 peccatorum
1041 5170 1250 5239 jecerit.
1275 5171 1372 5235 Qui
1392 5171 1532 5224 enim
1553 5184 1769 5223 causam
1786 5171 2014 5235 dederit,
2035 5187 2241 5238 eorum,

682 5275 797 5328 qua:
831 5263 1126 5325 evenerint,
1161 5270 1346 5314 auctor
1380 5261 1679 5315 habendus.

747 5569 860 5638 (l6)
898 5568 1166 5641 Παρθένος
1197 5577 1250 5623 et
1277 5570 1527 5639 virginem
1557 5579 1609 5624 et
1647 5573 1907 5638 pupillam
1947 5573 2234 5641 significat,

2347 4359 2455 4424 ἕξει
2497 4359 2720 4430 μετρίαν
2766 4359 3056 4426 ἀπολογίαν
3103 4360 3156 4410 ὲν
3186 4357 3403 4426 ἀγνοίᾳο
3453 4357 3499 4407 εί
3529 4355 3602 4419 δὲ,
3653 4355 3729 4417 ὡς
3779 4355 3895 4424 φὴς,

2351 4449 2491 4520 μάλα
2550 4449 2792 4519 ἀκριϐῶς
2845 4450 3228 4518 ἐπιστάμενος,
3282 4447 3463 4508 λύκοις
3514 4448 3609 4515 μὲν
3675 4446 3760 4498 διὰ
3805 4448 3897 4505 τὰς

2346 4541 2620 4610 ἀρπαγάς,
2663 4521 2788 4591 κυσὶ
2812 4540 2867 4591 δὲ
2897 4538 2982 4591 διὰ
3012 4539 3108 4601 τάς
3141 4539 3412 4606 λαγνείας,
3454 4536 3688 4600 ἀλώπεξι
3722 4537 3775 4587 δὲ
3818 4536 3897 4587 διὰ

2346 4630 2442 4701 τὴν
2472 4630 2804 4699 κακουργίαν
2823 4630 3169 4699 παραδέδωκε
3197 4629 3257 4681 τὸ
3280 4629 3523 4698 ποίμνιον
3546 4628 3705 4698 (ὑπὲρ
3725 4622 3784 4679 οὗ
3811 4627 3896 4678 καὶ

2345 4721 2406 4774 τὸ
2434 4721 2612 4790 τίμιον
2634 4721 2794 4773 αὐτοῦ
2816 4717 2951 4791 αἷμα
2969 4721 3177 4790 ἐξέχεεν
3199 4722 3227 4771 ὁ
3257 4719 3507 4789 Χριστός)
3531 4734 3544 4746 ⁸
3572 4721 3748 4788 πάσης
3773 4721 3895 4771 dm-

2344 4814 2527 4881 λογίας
2581 4815 2796 4884 ἥμαρτε
2859 4812 3096 4880 μείζονα.
3150 4811 3331 4864 Ταῦτα
3374 4811 3430 4862 δέ
3468 4828 3627 4881 φημι,
3679 4811 3775 4879 οὐχ
3827 4811 3894 4871 ὡς

2349 4903 2571 4955 ἐκείνων
2592 4901 2895 4955 ἁνευθύνων
2909 4900 3201 4968 ἐσομένων,
3222 4899 3317 4951 καὶ
3338 4898 3489 4960 δίκας
3513 4899 3586 4967 μὴ
3599 4898 3895 4964 ἀπαιτηθη-

2354 4993 2618 5062 σομένων,
2659 4994 2772 5046 ἀλλ’
2824 4994 2899 5055 ὡς
2929 4990 3022 5044 τοῦ
3055 4992 3122 5044 τά
3177 4989 3464 5061 σπέρματα
3519 4989 3624 5042 τῶν
3665 4993 3895 5060 ἁμαρτη-

2355 5085 2537 5155 μάτων
2586 5084 2977 5153 παρασχόντος,
3023 5082 3284 5152 μειζόνως
3319 5082 3804 5150 κολασθησομένου.
3844 5082 3894 5131 't)

2349 5177 2457 5247 γὰρ
2493 5175 2591 5245 τὴν
2618 5176 2796 5228 αἰτίαν
2817 5174 3010 5240 διδοὺς,
3065 5174 3170 5226 τῶν
3191 5174 3545 5227 ἐκϐαινόντων
3575 5173 3745 5236 αἴτιος
3774 5173 3890 5226 καθ-

2350 5268 2601 5338 έστηκεν.

1761 5413 1993 5470 VARle
2025 5415 2401 5474 LECTIONES
2433 5419 2519 5474 ET
2557 5418 2787 5474 NOTAE.

2333 5575 2513 5629 inutili
2542 5575 2872 5647 uerecundia.
2905 5573 2962 5630 In
2996 5575 3083 5631 illa
3117 5591 3246 5632 voce
3270 5578 3394 5632 lusit
3419 5586 3472 5632 et
3499 5567 3818 5647 Xenophon,
3848 5590 3896 5630 nt

679 5648 734 5717 ut
764 5650 816 5717 et
854 5638 1006 5709 κόρη.
1053 5638 1107 5692 1η
1137 5642 1233 5717 h_ac
1264 5638 1489 5717 νοτε-εκ
1527 5641 1774 5717 ambiguo
1817 5641 1946 5717 lusit
1977 5638 2236 5713 Diogenes

2346 5655 2516 5717 monet
2542 5645 2825 5717 Dionysius
2852 5646 3121 5716 Longinus
3144 5648 3277 5702 libro
3304 5650 3437 5717 Περὶ
3470 5638 3667 5716 ὓψουςξ
3689 5638 3895 5712 locaque

678 5695 1112 5789 Qynicuséh'teste
1158 5707 1372 5789 baertio
1408 5709 1460 5762 in
1496 5695 1794 5789 σίας-ᾕρει.
1855 5695 2237 5789 Demosthenes
2334 5695 3119 5789 ᾗδίὲίὲἰίῥέὺδιῐιέῖῐλεῖοῇέιῗὶιιὶξ
3252 5695 3892 5789 iﬁ'liiss'ciizli'ch'ﬁ.‘

680 5775 805 5833 item
832 5793 894 5832 ac
918 5775 1149 5834 Timaeus
1183 5779 1472 5836 historicus
1505 5775 1642 5848 apud
1672 5778 1949 5837 Plutarch.
1994 5783 2128 5840 libro
2159 5782 2234 5838 De

2336 5783 2576 5842 Scuorr.
