4122 6504
187 543 325 610 “13

1098 518 1632 592 EPISTOLARUM
1671 513 1818 575 LIB.
1858 511 1927 570 V.
1965 529 2032 542 -
2070 500 2307 564 EPIST.
2339 493 2515 559 CLII.

429 644 615 701 PMH'.
645 673 717 686 —
753 638 1021 709 tnANNu
1061 627 1518 698 ΣΧΟΛΑΣἸΊΚῼ.
1796 629 1843 683 Α

3313 475 3455 546 1414

2064 604 2340 664 CXLVIII.
2380 632 2449 644 ——
2487 597 2728 655 JOANNI
2768 589 3262 653 SCllOLASTlCO.

705 753 773 809 In
813 767 990 806 mensa
1025 746 1316 803 servandus
1343 742 1446 796 cibi
1470 739 1678 792 modus.
1712 730 1948 787 Satietas
1979 724 2118 779 enim
2146 731 2194 775 et
2233 717 2522 774 insalubris
2544 724 2590 769 et
2615 713 2931 783 injucunda.

260 867 334 921 τὸ
365 864 584 919 κυνικὸν
614 863 708 917 καὶ
740 859 1000 932 θηριῶδες
1042 855 1152 910 τῶν
1195 852 1428 924 ὀρέξεων
1453 849 1551 918 οὐχ
1589 846 1772 898 ἑστια-

188 960 314 1015 τέον
384 955 633 1028 τραπέζῃ
708 949 1011 1010 πολυτελεῖ,
1093 944 1232 999 ἀλλά
1287 944 1399 1004 τοῖς
1452 934 1776 1028 ἀναγκαίοις

193 1025 504 1121 εὐωχητέον
534 1063 546 1078 ·
596 1025 649 1100 εί
676 1060 738 1113 γε
761 1044 796 1112 ἡ
827 1040 1032 1109 εὐωχία
1060 1037 1120 1090 τὸ
1160 1029 1220 1090 εῦ
1257 1034 1402 1104 ἔχειν
1436 1027 1650 1101 μηνύει,
1685 1025 1774 1076 ἵνα

193 1143 290 1196 καὶ
310 1117 520 1212 ἥμερον
559 1139 692 1207 ἡμῖν
722 1135 815 1187 καὶ
848 1128 1134 1202 χειρόηθες
1163 1127 1412 1196 γένηται.
1440 1123 1503 1175 Ui
1676 1117 1774 1212 την

195 1207 531 1302 αὐτάρκειαν
573 1223 1034 1295 ὓπερνηχόμενοι,
1090 1218 1185 1272 καὶ
1232 1217 1323 1270 τὸν
1367 1213 1530 1282 κόρον
1550 1208 1648 1261 ’διὰ
1677 1207 1774 1275 τῆς

197 1322 516 1392 πλησμονῆς
566 1315 868 1386 ὑϐρίζουσι,
915 1312 1008 1366 καὶ
1051 1308 1148 1371 τάς
1199 1305 1778 1392 αίσθήσειςκαταμα-

204 1387 483 1484 ραίνονσι,
503 1409 596 1461 καὶ
625 1403 950 1458 λανθάνουσι
998 1399 1085 1454 διὰ
1110 1398 1209 1469 τῆς
1245 1396 1440 1466 ἡδονῆς
1465 1391 1563 1462 τὴν
1585 1387 1781 1459 ἡδονὴν

197 1506 301 1574 τῆς
340 1500 544 1574 τροφῆς
573 1495 928 1556 ἀπολλύντες.

415 1695 594 1750 me.
628 1723 699 1734 -
729 1688 1058 1759 θΕοΔοΣιᾳ
1109 1645 1577 1751 ΣΧΟΛΑΣΤΙΚῼ..

1952 832 2192 891 Caninos
2234 842 2298 883 ac
2342 825 2533 880 brutos
2577 820 2847 890 appetitus
2873 816 3093 884 opipara
3143 822 3332 865 mensa
3368 821 3454 861 res

1881 939 2072 984 creare
2113 937 2219 978 non
2271 919 2467 982 decet,
2518 914 2613 969 sed
2666 908 2991 965 necessariis
3038 914 3244 960 tantum
3288 908 3466 970 epulis

1881 1003 2177 1080 utendum;
2220 1012 2267 1069 si
2315 1009 2531 1080 quidem
2576 1021 2604 1058 a
2645 1001 2850 1058 Gmcis
2896 995 3129 1066 εὐωχία,
3179 991 3468 1046 convivium

1882 1106 2038 1180 quasi
2064 1110 2189 1162 bene
2212 1103 2400 1158 habere
2431 1106 2525 1153 aut
2547 1095 2713 1152 vivere
2737 1092 3004 1162 designat,
3031 1095 3163 1141 utet
3193 1081 3467 1154 placidum

1873 1174 1970 1256 θαι
2037 1213 2100 1254 ac
2149 1201 2489 1250 mansuetum
2538 1187 2692 1241 vobis
2745 1182 3074 1238 convivium.
3157 1176 3264 1243 Qui
3311 1174 3476 1228 enim.

1878 1289 2134 1360 amplius,
2161 1299 2324 1355 quam
2353 1283 2486 1337 satis
2511 1288 2616 1340 est,
2642 1282 2887 1360 sumunt,
2916 1271 2987 1324 illi
3016 1278 3068 1325 et
3098 1266 3465 1321 valetudinem

1881 1350 2043 1438 nimis
2094 1376 2362 1448 epulando
2389 1371 2589 1426 violant
2614 1410 2628 1430 .
2669 1377 2722 1422 et
2745 1350 2939 1419 sensus
2966 1361 3332 1429 exstinguunt
3377 1357 3472 1408 ob-

1887 1473 2248 1538 tumluntque,
2282 1479 2382 1519 nec
2410 1463 2597 1517 vident
2644 1473 2762 1514 sese
2787 1457 2855 1511 ob
2888 1453 3112 1508 nimiam
3152 1451 3205 1503 in
3254 1454 3474 1518 gustatu

1885 1559 2306 1620 delectationem
2344 1553 2617 1621 voluptate
2661 1547 2888 1620 privari.

2027 1665 2256 1723 CXLIX.
2298 1691 2368 1703 -—
2407 1653 2800 1714 TllEODUSlO
2835 1644 3333 1707 SCllOLASTlCO.

869 1750 1091 1836 Pessiuti
1131 1787 1276 1840 sunt,
1308 1775 1396 1844 qui
1435 1750 1529 1827 sub
1561 1769 1729 1840 specie
1772 1763 1915 1828 boni,
1955 1759 2087 1814 ntali
2122 1767 2264 1812 sunt.
2310 1751 2536 1808 Iustitia
2575 1750 2814 1805 colenda.

280 1894 656 1969 Κομψοφανὴς
685 1893 779 1946 καὶ
803 1885 1177 1956 δικαιοφανὴς,
1201 1885 1261 1936 οὐ
1299 1884 1404 1953 μὴν
1431 1879 1618 1934 δικαία
1644 1873 1791 1941 ἐδοξέ

1969 1866 2229 1940 Speciosa
2252 1905 2267 1930 ,
2304 1879 2411 1918 non
2448 1869 2628 1915 autem
2658 1859 2806 1928 jnsta
2847 1853 2976 1909 mihi
3020 1863 3108 1905 tua
3145 1863 3308 1905 causa
3344 1849 3480 1912 visa.

1922 1959 1930 1969 ι
2229 1954 2261 1969 ἰ
2289 1955 2299 1964 ·
2410 1951 2447 1969 n
2529 1965 2580 1969 Α-
2613 1946 2824 1969 nu..-..:
2861 1944 3002 1969 3:-.-
3038 1943 3111 1969 οτι.
3145 1940 3368 1969 Μυκη...
3404 1939 3480 1969 .Ιί-

212 1939 554 2064 “aliqui;
668 1939 975 2051 verpa'cpag.
1269 1939 1317 2027 el
1344 1939 1505 2042 πείθῃ
1542 1939 1791 2064 Πλάτωνι

1922 1959 1967 2014 Ie
1996 1973 2102 2027 qua
2134 1954 2354 2011 scribis.
2408 1951 2585 2018 Quare
2613 1946 2825 2002 Platoni
2858 1944 3005 1999 dicto
3037 1943 3113 1996 sis
3143 1940 3371 1993 audiens
3403 1939 3485 1992 tli-

2150 2046 2182 2064 ο
2212 2057 2428 2064 η--ν--ημ
2465 2041 2514 2064 z-I
2558 2055 2672 2064 -.η-ι-
2709 2035 3068 2064 ε-..υυιιιιιηιιο
3125 2034 3325 2064 mu...“
3349 2028 3485 2064 nunc

582 2028 758 2132 Citio;
777 2028 1312 2140 ἳάρῂἐῗσχατόςέστιν
1347 2028 1704 2133 ὄροςζιακίας,
1731 2053 1793 2106 τὸ

1922 2049 2078 2105 :enti:
2120 2046 2432 2100 «Summum
2464 2041 2514 2094 id
2554 2055 2674 2095 esse
2709 2035 3089 2107 improbitatis,
3119 2034 3326 2102 justum
3349 2028 3489 2082 velle

1941 2140 1989 2151 ..
2061 2138 2073 2150 .
2219 2135 2231 2147 ο
2290 2150 2294 2151 ,
2332 2149 2386 2151 μ-
2432 2132 2494 2151 -ε.
2551 2149 2560 2151 _
2629 2127 2744 2151 λτ,-ιε
2783 2143 2835 2151 ,Α
2881 2141 2996 2151 _-.....
3033 2131 3289 2151 ...ηυηηιηι
3390 2122 3484 2151 οοιι

211 2122 390 2225 δοῗιεῖν
409 2167 612 2219 δίκαιον
632 2122 771 2214 εἶναι
797 2122 880 2228 ’μῆ
907 2122 1055 2212 (ivga.
1086 2122 1223 2224 i-Mi]
1250 2152 1321 2206 τὰ
1343 2122 1622 2209 δοκοῦντα,
1655 2144 1794 2200 ἀλλὰ

1922 2138 2108 2201 rideri,
2139 2135 2233 2206 qui
2288 2149 2394 2188 non
2429 2132 2520 2186 sit.
2549 2149 2567 2182 ι
2627 2127 2746 2183 Noli
2778 2143 2840 2183 ea
2877 2141 2998 2195 qua:
3032 2131 3331 2193 apparent,
3390 2122 3485 2175 sed

211 2260 283 2311 τὰ
342 2257 471 2310 όντα
521 2253 705 2306 δίκαια

217 2347 587 2406 ἐπαινέσεται,
630 2343 723 2396 καὶ
760 2340 1036 2410 ἄνθρωποι
1077 2333 1447 2398 ἀποδέξονται,
1491 2327 1583 2381 καὶ
1610 2328 1638 2380 ὁ
1675 2325 1792 2379 διά-

217 2440 364 2500 δικος
389 2439 417 2490 ό
452 2437 542 2499 σὸς
574 2432 823 2505 εὐμερῶς
853 2428 1204 2490 διακείσεται,
1237 2423 1452 2493 καὶτῆς
1498 2418 1794 2490 ἀπεχθείας

219 2528 557 2596 ἐπιλήσεται.

677 2631 804 2685 PN’.
832 2658 902 2668 --
930 2621 1341 2681 XAIPHMONL

755 2212 896 2319 θίξρᾶ
927 2263 940 2278 ·
989 2243 1132 2298 οὕτω
1177 2212 1285 2311 γάρ
1345 2239 1438 2292 καὶ
1477 2240 1504 2290 ὁ
1539 2237 1672 2298 Θεὸς
1734 2250 1794 2285 σε

1922 2245 2024 2299 tua:
2055 2242 2244 2283 revera
2275 2225 2386 2280 sint
2438 2225 2575 2277 bona
2627 2220 2849 2276 sectari.
2908 2218 2983 2271 ita
3020 2219 3148 2279 fiet,
3192 2224 3248 2268 ut
3277 2223 3330 2268 et
3384 2212 3492 2266 Deo

1905 2323 2140 2391 placeas,
2171 2315 2534 2384 hominesque
2565 2323 2616 2367 te
2636 2313 3087 2381 complectantur,
3111 2317 3164 2363 et
3195 2309 3243 2361 in
3278 2307 3484 2376 judicio

1908 2412 2218 2477 disceptans
2271 2405 2482 2474 placide
2525 2404 2864 2472 benigneque
2890 2401 3232 2468 acquiescat,
3262 2396 3492 2451 oblivis-

1910 2509 2170 2567 caturque
2199 2499 2439 2550 animum
2475 2494 2792 2562 deponendo
2827 2493 3105 2546 infestum.

2353 2603 2460 2659 CL.
2505 2632 2568 2644 --
2607 2600 3065 2658 ΟΗΔΕΒΕΜΟΝΙ.

936 2722 1222 2786 Hortatur,
1255 2727 1311 2772 ut
1337 2718 1618 2786 instigatus
1651 2710 1944 2779 resipiscat,
1977 2720 2039 2758 ne
2075 2718 2170 2771 pro
2207 2702 2484 2767 desperato
2514 2699 2790 2754 habeatur.

295 2839 389 2911 Μὴ
423 2837 651 2908 φαίνοιο,
696 2826 741 2886 ὧ
774 2830 1038 2902 βέλτιστε,
1091 2824 1427 2896 ἀγριώτερον
1469 2820 1662 2882 νοσῶν,
1715 2817 1801 2887 ἐφ’

224 2927 421 3001 οἷσπερ
461 2929 620 2989 ἁλοὺς
673 2923 865 2996 πρώην
917 2920 1074 2990 δίκην
1127 2916 1365 2977 δέδωκας
1393 2927 1407 2943 '

227 3024 554 3093 ἀνάλγητος,
609 3018 701 3071 καὶ
769 3014 906 3086 μηδὲ
955 3013 1023 3082 τῇ
1073 3009 1316 3080 τιμωρίᾳ
1388 3003 1801 3076 σωφρονισθεὶς,

229 3109 694 3184 καταγνωσθείης.

688 3215 865 3270 PNA'.
901 3243 970 3254 -
1021 3213 1108 3282 To
1146 3209 1349 3277 ΑΥΤῼ.

1982 2813 2059 2870 Ne
2091 2813 2352 2876 ferocius,
2391 2811 2630 2864 virorum
2662 2809 2863 2877 optime
2885 2849 2898 2873 ,
2950 2806 3198 2861 laborare
3234 2803 3494 2868 videaris,

1463 2912 1551 2965 ῐνα
1605 2908 1679 2982 μὴ
1727 2907 1802 2971 ὡς
1913 2922 2010 2976 pro
2035 2905 2232 2974 quibus
2259 2917 2433 2972 nuper
2464 2902 2713 2954 detentus
2744 2913 2934 2967 poenas
2986 2897 3203 2960 dedisti,
3235 2911 3303 2950 ne
3332 2910 3499 2966 agno-

1915 2999 2090 3053 scaris
2145 3004 2206 3049 ut
2263 2992 2615 3063 impmnitens
2643 3005 2708 3046 ac
2769 3002 2930 3058 poena
2985 2988 3213 3042 minime
3264 2985 3507 3042 redditus

1915 3090 2252 3159 prudentior.

2453 3192 2583 3249 CLI.
2624 3221 2694 3232 —
2742 3190 2976 3246 EIDEM.

668 3308 957 3372 Bonorum,
990 3319 1094 3357 non
1143 3300 1404 3353 malorum
1435 3296 1670 3364 exempla
1722 3289 2007 3345 imitanda.
2046 3286 2305 3356 Exempla
2347 3303 2449 3340 non
2489 3295 2742 3339 excusant
2790 3295 3082 3352 peccatum.

306 3406 440 3460 Κατ’
472 3403 617 3473 ἴχνος
647 3399 753 3470 χρὴ
787 3397 989 3467 βαίνειν
1017 3393 1126 3446 τῶν
1167 3392 1295 3453 τοὺς
1323 3389 1502 3451 θείους
1553 3385 1822 3456 φυλαξάν-

233 3517 344 3555 των
368 3498 586 3566 νόμους,
618 3490 754 3544 ἀλλὰ
786 3491 859 3560 μὴ
887 3486 994 3540 τῶν
1019 3480 1486 3554 παραϐεϐηκότων
1515 3477 1730 3540 αὐτούς’
1761 3474 1822 3529 τδ

239 3595 342 3666 μὲν
376 3591 483 3660 γὰρ
514 3584 770 3656 ἀσφαλὲς,
804 3582 864 3635 τὸ
893 3582 948 3634 δὲ
975 3577 1265 3649 σφαλερὸν,
1297 3577 1378 3628 διὸ
1405 3575 1526 3629 οὐδὲ
1556 3570 1820 3641 ζηλωτόν.

239 3684 319 3737 Δι’
348 3681 415 3751 ἥν
442 3675 622 3731 αἰτίαν
641 3674 822 3727 τοίνυν
872 3670 1098 3723 τοιαῦτα
1145 3667 1286 3738 δρῶν
1311 3668 1408 3720 οὐκ
1438 3664 1607 3731 ἀξιοῖς
1637 3661 1821 3715 δοῦναι

239 3776 401 3842 δίκην
429 3789 442 3834 ;
481 3767 668 3836 ἐπειδή
706 3781 848 3825 τινες
871 3764 1168 3832 δράσαντες
1204 3761 1262 3812 οὐ
1292 3758 1589 3811 δεδώκασιν
1621 3754 1815 3808 ἐνταῦ-

243 3867 336 3919 θα.
391 3861 526 3914 Ἀλλ’
587 3857 717 3922 ῑσθι,
761 3856 841 3907 ὃτι
892 3853 1076 3905 πολλοὶ
1123 3852 1220 3921 μὲν
1270 3847 1547 3903 κάνταῦθα
1609 3846 1818 3897 ἔδοσαν.

243 3958 313 4009 Εἰ
340 3953 395 4006 δέ
436 3967 579 4012 τινες
623 3949 898 4016 διέφυγον,
945 3944 1034 3996 ἐπὶ
1084 3941 1238 4011 κακῷ
1275 3941 1375 4008 τῆς
1410 3937 1617 3991 ἑαυτῶν
1650 3953 1821 4003 κεφα-

243 4045 366 4113 λῆς
401 4039 724 4100 ἀπελθόντες
749 4037 877 4106 γὰρ,
910 4037 1028 4087 ἐκεῖ
1048 4033 1275 4086 δώσουσι
1301 4031 1688 4103 χαλεπωτέραν
1709 4045 1722 4059 ο
1758 4030 1821 4081 σὺ

246 4137 307 4189 δὲ
337 4132 502 4187 ὅτιτὸ
541 4129 817 4200 ἀζήλωτον
851 4127 1149 4199 ἐζήλωσας,
1198 4125 1416 4195 μείζονα
1467 4123 1683 4182 πάντως
1725 4118 1824 4190 μὲν

249 4225 388 4276 ἐκεῖ.
460 4220 601 4273 Ἑσθ*
652 4220 740 4272 ὅτε
777 4217 833 4270 δὲ
880 4215 1159 4276 κάνταῦθα
1188 4215 1343 4284 δίκην
1390 4214 1537 4282 δοίης
1564 4232 1576 4244 ·
1611 4213 1670 4264 οὐ
1715 4211 1822 4281 γὰρ

251 4313 309 4366 εῐ
359 4329 412 4362 τι
468 4312 526 4363 ἐν
587 4311 699 4372 τοῖς
761 4307 1163 4377 παρεληλυθόσι
1221 4307 1433 4376 χρόνοις
1512 4303 1825 4374 παράλογον

2000 3398 2201 3452 Eorum
2239 3395 2481 3465 vestigiis
2532 3395 2931 3462 insistendum,
2987 3394 3078 3462 qui
3122 3390 3358 3445 divinam
3408 3392 3510 3448 ob-

1927 3500 2214 3548 servarunt
2248 3489 2440 3560 legem,
2475 3502 2581 3542 non
2618 3487 2708 3557 qui
2745 3499 2862 3541 eam
2900 3485 3224 3555 transgressi
3256 3484 3514 3554 pracvari-

1927 3585 2220 3639 cati-sunt.
2284 3579 2419 3634 Illud
2455 3581 2601 3633 enim
2640 3587 2818 3633 tutum
2851 3587 2935 3633 est
2967 3593 3032 3632 ac
3076 3590 3324 3632 securum
3356 3594 3370 3643 ;
3408 3577 3514 3632 hoc

1927 3692 2056 3731 vero
2091 3673 2404 3744 periculosa:
2434 3672 2649 3741 plenum
2681 3686 2815 3740 opus
2844 3669 3006 3725 aleae:
3039 3684 3212 3739 quare
3247 3684 3352 3723 non
3385 3669 3513 3722 imi-

1928 3768 2169 3819 laudum.
2227 3764 2375 3818 Talia
2423 3764 2584 3832 igitur
2633 3771 2912 3832 patrantes
2949 3778 3054 3816 non
3121 3775 3314 3814 censes
3355 3775 3514 3830 poena

1925 3856 2139 3925 dignos,
2162 3853 2600 3921 quandoquidem
2637 3862 2928 3920 peccantes
2953 3852 3170 3921 quidam
3206 3851 3291 3906 hic
3327 3867 3517 3920 pmuas

1928 3961 2030 3999 non
2064 3945 2371 4010 dederunt;
2423 3944 2517 3997 sed
2561 3943 2943 3999 scias-multos
2975 3945 3138 3998 etiam
3174 3945 3226 3996 in
3261 3944 3365 3998 hac
3399 3945 3511 3998 vita

1927 4051 2116 4105 pceuas
2158 4035 2396 4091 dedisse.
2453 4032 2618 4103 599
2673 4033 2731 4088 Si
2769 4049 2898 4088 vero
2951 4048 3140 4102 pmnas
3173 4034 3394 4102 quidam
3438 4034 3517 4087 er-

1929 4128 2207 4197 fugerint,
2257 4127 2399 4182 malo
2433 4128 2596 4197 capiti
2628 4142 2815 4183 eorum
2863 4127 3215 4192 imminente,
3253 4130 3517 4183 abeuntes

1935 4223 2149 4275 tandem
2182 4222 2289 4275 vita
2322 4221 2544 4292 gravius
2574 4220 2644 4274 ibi
2697 4219 3012 4290 punientur.
3071 4219 3148 4272 Tu
3183 4234 3335 4283 vero,
3376 4222 3521 4289 quod

1937 4328 2041 4367 non
2072 4323 2191 4367 erat
2227 4312 2589 4379 imitandum,
2627 4313 2875 4377 imitans,
2909 4311 3158 4379 graviora
3190 4311 3406 4380 quidem
3447 4311 3521 4365 ibi

251 4401 504 4472 ἐπράχθη
541 4400 628 4469 (σὺ
662 4399 718 4451 δὲ
759 4397 901 4451 τοῦτ’
945 4383 1270 4468 ὲξήλωσας),
1310 4397 1394 4449 διὰ
1438 4397 1582 4448 τοῦτ’
1615 4393 1814 4464 ἀποτρύ-

1936 4403 2196 4473 patieris,
2239 4403 2455 4458 etiamsi
2509 4403 2598 4457 hic
2649 4417 2863 4470 poenam
2909 4403 3048 4455 luas.
3110 4400 3228 4456 Non
3278 4403 3421 4456 enim
3475 4401 3522 4457 si

252 4513 394 4566 τοις,
449 4492 586 4546 ἀλλά
617 4489 796 4560 πολλῷ
833 4489 1032 4560 μᾶλλον
1065 4488 1314 4550 δώκειας.
1359 4489 1570 4557 Ὥσπερ
1616 4488 1723 4556 γὰρ
1783 4488 1833 4540 εἴ

253 4605 340 4650 τις
401 4585 623 4640 ἐκείνων
691 4583 935 4653 προήλω,
1004 4583 1068 4634 σὺ
1121 4581 1234 4632 τάδ’
1280 4581 1377 4633 οὐκ
1429 4579 1494 4632 ἂν
1565 4579 1830 4653 ἔδρασας·

253 4679 431 4742 οὕτως
455 4677 519 4732 ἂν
546 4679 608 4730 σὺ
638 4675 802 4746 ἁλῷς,
830 4675 986 4735 ἄλλος
1024 4673 1083 4723 οὐ
1111 4672 1380 4740 δράσειεν.

485 4967 654 5021 PNB'.
695 4995 766 5004 -
802 4962 1006 5034 omna
1041 4960 1609 5034 ΠΟΛΙΤΕΥΟΜΕΝῼ.

1938 4493 2136 4562 elapsis
2170 4493 2506 4562 temporibus
2542 4493 2739 4547 malum
2774 4493 2903 4562 quid
2957 4501 3227 4562 patratum
3284 4493 3362 4562 (tu
3395 4509 3526 4548 vero

1937 4584 2036 4638 hoc
2066 4598 2124 4637 es
2163 4582 2424 4654 imitatus)
2482 4594 2769 4652 pr0pterea
2814 4583 3077 4652 effugias,
3133 4585 3227 4638 sed
3281 4585 3525 4654 puuicris

1936 4675 2106 4728 multo
2135 4675 2327 4743 magis.
2395 4674 2460 4730 Ut
2496 4677 2639 4728 enim
2679 4677 2723 4729 si
2761 4677 2882 4744 quis
2940 4675 3149 4729 illorum
3197 4685 3358 4730 antea
3402 4693 3526 4731 reus

1942 4764 2163 4828 fuisset,
2201 4774 2253 4816 tu
2298 4765 2383 4818 illa
2422 4781 2526 4819 non
2565 4769 2936 4821 commisisses
2968 4785 2982 4834 ;
3041 4768 3121 4822 sic
3151 4782 3276 4821 cum
3318 4779 3371 4822 tn
3405 4785 3529 4824 reus

1946 4854 2134 4921 fueris,
2172 4855 2312 4911 alius
2345 4858 2396 4910 in
2431 4869 2707 4926 posterum
2748 4875 2853 4912 non
2886 4860 3212 4914 committet.

2147 4967 2300 5023 CLII.
2338 4999 2408 5013 -—
2449 4967 2728 5026 PlllLE/E
2772 4969 2983 5024 REMP.
3016 4967 3340 5025 GERENTI.

332 5058 624 5128 Expertum
651 5057 936 5110 vanitatem
965 5054 1146 5122 gloriae
1176 5055 1457 5106 mundana:
1487 5057 1749 5118 hortatur,
1782 5061 1837 5107 ut
1866 5065 2111 5111 (sternam
2134 5059 2358 5123 ambiat,
2391 5076 2548 5129 quam
2579 5070 2626 5113 et
2656 5071 2860 5114 terrena
2892 5075 3025 5128 swpe
3057 5061 3432 5126 subsequatur.

332 5163 735 5235 Τεταραγμένῳ
761 5160 949 5222 δεινῶς
969 5200 982 5222 ,
1023 5159 1109 5212 διὰ
1145 5159 1203 5212 τὺ
1235 5160 1392 5227 δόξης
1417 5160 1702 5228 πολιτικῆς
1748 5159 1825 5212 δι-

256 5256 661 5330 ημαρτηκέναι,
693 5253 767 5315 ὡς
801 5253 1097 5323 ἐπυθόμην,
1122 5252 1317 5314 ἔοικας.
1343 5253 1636 5323 Ἐννοήσας
1659 5253 1837 5308 τοίνυν

255 5351 359 5419 τὴν
385 5346 623 5410 εὐδοξίαν
658 5343 748 5396 τοῦ
780 5343 895 5413 βίου
926 5345 1137 5409 τούτου,
1159 5344 1269 5396 τῶν
1290 5345 1541 5415 ἀραχνῶν
1571 5346 1666 5414 μὲν
1689 5346 1838 5396 εὐτε-

257 5442 552 5514 λεστέοραν,
577 5440 803 5514 όνείρων
827 5439 883 5491 δὲ
907 5435 1308 5507 ἀδρανεστέραν
1328 5476 1342 5500 ,
1372 5437 1451 5498 εἰς
1485 5436 1576 5489 τὸν
1611 5436 1840 5506 ὑπερκό-

261 5549 423 5602 σμιον
467 5531 742 5600 μετὰγαγε
783 5527 980 5582 σαυτοῦ
1009 5527 1098 5579 τὸν
1130 5527 1254 5578 νοῦν
1277 5565 1292 5589 ,
1322 5527 1413 5578 καὶ
1450 5528 1667 5596 στήσεις
1709 5528 1837 5596 ῥᾷον

257 5621 352 5674 τὸν
391 5620 617 5691 θόρυϐον
647 5621 743 5690 τῆς
784 5619 984 5688 ψυχῆς.
1032 5619 1105 5670 Οὐ
1139 5618 1246 5688 γὰρ
1296 5619 1620 5689 ἀμφοτέρων
1653 5619 1841 5686 ὀρεγό-

267 5729 428 5783 μενον
448 5750 464 5776 ,
499 5711 824 5781 ἀμφοτέρων
847 5709 996 5762 ἐστιν
1042 5709 1319 5777 ἐπιτυχεῖν
1345 5724 1356 5734 ’
1388 5710 1571 5776 τυχεῖν
1604 5708 1701 5777 μὲν
1730 5708 1838 5776 ἀμ-

268 5797 510 5868 φοτέρων
538 5797 718 5863 ἐστιν,
743 5799 869 5850 ὅταν
906 5796 980 5866 μὴ
1015 5796 1338 5868 ἀμφοτέρων
1359 5837 1373 5860 ,
1410 5796 1544 5848 ἀλλά
1579 5797 1680 5866 τῆς
1713 5798 1839 5865 μιᾶς

268 5889 367 5962 τῆς
390 5891 456 5945 ὲκ
482 5888 588 5943 τῶν
609 5886 874 5960 οὐρανῶν,
903 5886 1137 5960 ἐρῶμεν
1167 5886 1494 5958 ἀμφοτέρων
1527 5887 1581 5940 δὲ
1609 5888 1838 5959 ἐρῶντα,

2018 5163 2272 5219 Graviter
2306 5167 2520 5219 turbato
2552 5166 2746 5220 similis
2778 5181 2838 5220 es
2869 5167 3012 5235 quod
3049 5165 3192 5220 civili
3227 5165 3394 5234 gloria
3434 5182 3532 5220 ex-

1947 5255 2142 5309 cidisse
2175 5256 2248 5309 sis
2274 5257 2439 5310 visus.
2482 5256 2741 5312 Existima
2775 5257 2956 5326 itaque
2991 5257 3113 5311 vita:
3144 5256 3302 5323 hujus
3332 5257 3527 5311 bonam

1947 5347 2405 5403 existimationem
2467 5349 2588 5402 telis
2644 5364 2972 5403 aranearum
3030 5349 3330 5403 tenuiorem
3385 5363 3528 5415 esse,

1949 5436 2283 5504 somniisque
2317 5437 2487 5507 magis
2519 5437 2734 5491 exilem.
2779 5436 2836 5489 ln
2870 5437 3109 5491 cmlestia
3159 5437 3342 5504 itaque
3377 5451 3532 5489 men-

1950 5536 2059 5580 tem
2096 5536 2242 5580 tnam
2283 5529 2475 5598 dirige,
2514 5529 2790 5596 animique
2823 5528 3106 5582 tumultum
3149 5526 3309 5581 facile
3351 5527 3533 5595 placa-

1951 5618 2051 5671 bis.
2111 5616 2212 5684 Qui
2244 5620 2386 5672 cnim
2417 5630 2708 5688 utrumque
2745 5628 3002 5687 excptat,
3041 5627 3238 5671 neutro
3270 5618 3528 5686 potietur.

1951 5707 2221 5775 Conseqtti
2255 5723 2382 5762 vero
2412 5720 2700 5777 utrumque
2733 5708 2932 5772 licebit,
2967 5707 3180 5776 quiando
3210 5720 3315 5760 non
3346 5707 3531 5770 ambo,

1950 5799 2042 5853 sed
2097 5814 2183 5854 res
2219 5809 2425 5854 tantum
2458 5800 2707 5856 caelestes
2755 5801 3041 5854 adamarit.
3104 5797 3210 5866 Qui
3257 5798 3363 5852 duo
3393 5811 3530 5852 con-

1952 5900 2217 5961 sectatur,
2253 5901 2502 5949 neutrum
2529 5893 2673 5963 capit
2711 5892 2790 5965 (ut
2823 5893 2876 5948 in
2905 5892 3223 5960 venatione,
3259 5891 3522 5961 leporem)
