4122 6504
179 622 308 688 H21
1193 613 1728 691 EPISTOLARUM
1768 612 1914 673 LIB.
2064 636 2129 644 -
2161 610 2399 670 EPIST.
2436 610 2680 670 CLXIV.
3309 604 3448 669 H21

390 737 545 794 ΡΞΡ.
587 770 655 779 -——
695 739 848 792 ΤΟΙΣ
886 732 1230 790 ΔΟΜΕΤΙΟΥ
1265 731 1519 788 ΠΑΙΣΙΝ.

2176 724 2403 782 CLXIII.
2434 755 2501 765 -—
2528 719 2787 779 DOMITII
2830 719 3120 776 LIBERIS.

249 855 321 910 Ds
347 853 534 924 fratris
573 852 717 906 abitu
760 852 1028 920 redituque
1071 850 1310 924 mimos.
1358 846 1754 924 Putofratrem
1782 840 1945 924 illum
1999 840 2583 924 Citristittnuntfuisse,
2625 847 2672 892 et
2721 853 2842 913 suos
2889 836 3159 908 religionis
3205 853 3368 892 causa

1055 919 1346 989 reliquisse,
1377 909 1667 988 quod'spes'
1702 913 1850 966 nulla
1897 912 2226 965 convertendi
2254 909 2551 979 effulgeret.

244 1035 305 1087 Εῑ
339 1036 432 1088 καὶ
462 1036 490 1087 ὁ
535 1032 760 1101 ἀδελφὸς
793 1033 820 1084 ό
863 1031 1132 1101 ὑμέτερος
1190 1029 1288 1100 μὲν
1339 1027 1482 1082 κατά
1535 1027 1748 1098 σάρκα,

167 1120 437 1194 ἡμέτερος
491 1122 548 1176 δὲ
605 1121 747 1176 κατὰ
795 1120 1044 1190 πνεῦμα,
1103 1121 1282 1191 ἀπῆρε
1349 1119 1447 1189 μὲν
1499 1115 1750 1170 ἐντεῦθεν

167 1213 382 1284 πρώην,
427 1213 502 1276 ὡς
535 1213 732 1284 μηκέτι
763 1210 1152 1280 ὲπιφοιτήσων,
1186 1213 1235 1263 εί
1268 1211 1342 1281 μὴ
1371 1210 1515 1279 ὑμᾶς
1556 1206 1752 1277 θηρεύ-

169 1320 316 1355 σειεν
334 1317 349 1331 ⁶
381 1304 708 1372 ὲπεφοίτησε
734 1301 792 1354 δὲ
825 1300 1006 1365 πάλιν,
1044 1299 1118 1361 ὼς
1143 1299 1341 1369 μηκέτι
1369 1294 1748 1366 ὑποστρέψων,

166 1395 361 1463 ἐπειδὴ
398 1395 635 1464 ἀπέτυχε
687 1392 786 1461 τῆς
804 1376 1182 1462 ’θήραςνάλΥ
1220 1389 1323 1442 ὑπὸ
1377 1387 1479 1457 τῆς
1527 1386 1752 1454 ἀγάπης

165 1485 653 1556 ἀναγκαζόμενος,
708 1483 839 1552 ἣξει·
885 1483 1078 1548 πάλιν,
1139 1478 1424 1551 θηρεύσων
1483 1477 1629 1548 ὑμᾶς
1671 1477 1754 1538 είς

166 1575 340 1645 ζωήν.

576 1681 732 1734 ΡΞΔ’.
778 1709 847 1719 --
885 1677 1038 1733 ΤΟΙΣ
1070 1676 1337 1730 ΑΥΤΟΙΣ.

1931 1014 2043 1070 Etsi
2071 1011 2246 1069 Ll‘rater
2286 1015 2505 1084 quidem
2563 1025 2742 1069 vester
2768 1015 3051 1084 sanguine,
3101 1024 3286 1070 noster
3315 1028 3438 1069 vero
3489 1057 3498 1067 .

1859 1107 2075 1176 spiritu,
2108 1106 2332 1161 ablatus
2355 1106 2485 1178 hinc
2515 1105 2736 1175 quidem
2765 1121 2960 1175 nuper,
2998 1107 3151 1175 quasi
3184 1121 3290 1161 non
3324 1121 3441 1160 am-

1859 1199 2006 1270 plius.
2030 1199 2325 1266 rediturus,
2376 1197 2483 1252 nisi
2535 1207 2597 1251 ut
2637 1213 2732 1251 vos
2761 1206 2968 1266 quaerat
2994 1213 3008 1263 ;
3039 1199 3272 1252 accessit
3311 1210 3440 1251 vero

1860 1287 2057 1352 denuo,
2093 1295 2150 1339 ut
2211 1301 2316 1341 non
2353 1286 2588 1356 amplius
2643 1287 2914 1350 abiturus,
2964 1297 3157 1342 nactus
3200 1288 3439 1355 praedam

1852 1391 1949 1432 seu
1974 1377 2405 1447 capturatn,.sed
2429 1377 2765 1432 a'cbaritate
2804 1378 3089 1448 impulsus,
3119 1377 3304 1435 veniet
3337 1379 3440 1434 ite-

1853 1483 1971 1524 rum
2013 1483 2263 1542 quzerens
2289 1483 2384 1524 vos
2411 1469 2479 1525 ad
2508 1471 2698 1524 vitam.

2348 1666 2580 1723 CLXIV.
2609 1697 2680 1708 —
2708 1667 2940 1724 ElDEM.

166 1780 250 1832 Α]
290 1779 528 1831 virtutem
564 1776 834 1828 colendam
874 1773 1101 1843 gentium
1142 1772 1326 1824 invitat
1365 1764 1785 1902 exemplisikqtg:
1823 1760 2178 1900 Casilstjmmm
2213 1765 2521 1830 respuebant
2557 1756 2876 1830 religionem.
2909 1759 3147 1832 (Confer.
3174 1765 3330 1832 epist.
3371 1761 3439 1820 92

243 1956 305 2008 Εί
361 1955 452 2007 καὶ
496 1953 643 2023 δῆλοι
684 1951 818 2003 πᾶσι
852 1948 1114 2018 γεγόνατε
1167 1947 1263 2000 καὶ
1295 1945 1520 2016 φανεροὶ
1553 1942 1741 1998 ἀποδι-

166 2045 498 2119 δράσκοντες
528 2045 627 2108 τὴν
662 2042 943 2110 θειοτάτην
969 2038 1291 2110 θρησκείαν,
1322 2039 1390 2091 δι’
1426 2037 1616 2108 ἕτερον
1650 2035 1748 2105 μὲν

165 2139 322 2193 οὐδὲν
351 2135 683 2207 (ὲκθειάζετε
723 2133 831 2203 γὰρ
862 2133 1053 2201 αὐτὴν,
1090 2131 1165 2193 ὡς
1195 2129 1527 2200 .πυθόμην),
1565 2127 1657 2182 διά
1687 2128 1745 2180 δὲ

165 2233 236 2284 τὸ
281 2230 355 2298 μὴ
387 2225 674 2296 βούλεσθαι
722 2224 925 2294 ἀρετὴν
958 2223 1147 2274 ἀσκεῖν
1181 2221 1326 2288 (τοῖς
1359 2219 1468 2288 γάρ
1517 2234 1751 2288 σωματι-

99 2386 103 2389 ¹
168 2324 289 2382 κοῖς
319 2318 544 2372 πάθεσιν
577 2311 1029 2383 ὲγκαλινδεῖσθαι,
1059 2311 1136 2375 ὥς
1178 2320 1333 2380 φασι,
1370 2307 1743 2382 προῄρησθε),

167 2409 309 2462 ἀλλά
356 2425 420 2477 γε
477 2405 580 2460 κᾶν
641 2407 740 2475 ὀψέ
800 2421 929 2458 ποτε
963 2403 1163 2457 δίκαιοι
1211 2406 1278 2458 ἀν
1321 2403 1479 2473 εῖητε
1521 2400 1749 2463 ἑαυτοὺς

169 2504 396 2564 πεῖσαι,
462 2499 544 2552 ὅτι
599 2499 632 2567 ἡ
701 2498 800 2568 μὲν
855 2495 1024 2550 κακία
1078 2497 1342 2567 αἰσχύνην
1398 2494 1494 2547 καὶ
1548 2492 1750 2553 ὅνειδος

169 2593 267 2646 καὶ
323 2591 543 2645 κόλασιν
601 2589 742 2660 ἔχει,
796 2590 830 2659 ή
890 2588 946 2641 δὲ
1005 2587 1174 2659 ἀρετὴ
1229 2587 1396 2659 τιμὴν
1450 2585 1546 2639 καὶ
1594 2583 1751 2646 κλέος

172 2685 269 2738 καὶ
306 2683 618 2750 στεφάνους.
655 2680 764 2733 ΚαὶΙ
813 2681 862 2732 εί
902 2679 1011 2748 (l9)
1066 2678 1259 2748 ἡδονὴν
1315 2676 1564 2747 νομίζετε
1605 2673 1749 2745 ἔχειν

168 2775 272 2846 τὴν
312 2774 528 2836 κακίαν,
580 2769 680 2841 τὴν
727 2770 771 2821 δ’
824 2769 1022 2840 ἀρετὴν
1075 2770 1272 2842 πόνους
1323 2769 1420 2821 καὶ
1477 2766 1745 2837 ἱδρῶτας·

171 2863 290 2916 ἀλλ’
325 2862 525 2913 ἐννοεῖν
565 2856 811 2927 ὀφείλετε
836 2895 850 2920 ,
883 2857 963 2908 ὅτι
996 2857 1030 2926 ή
1071 2856 1166 2926 μὲν
1204 2853 1366 2924 ἡδονὴ
1400 2853 1531 2925 πρὶν
1563 2853 1749 2922 σχεδὸν

173 2951 409 3021 φανῆναι
463 2949 782 3011 σϐέννυται,
827 2947 932 3017 ἡδ’
983 2946 1151 3017 ἀρετὴ
1181 2946 1444 2998 ἀθάνατον
1490 2943 1600 3014 ἔχει
1650 2944 1748 3014 τὴν

172 3038 532 3109 εὐφροσύνηνο
564 3038 657 3091 καὶ
700 3038 731 3106 ὴ
766 3037 863 3106 μὲν
895 3036 981 3090 διὰ
1010 3036 1270 3097 πλατείας
1299 3035 1394 3087 καὶ
1436 3033 1747 3104 εὑρυχὼρου

175 3130 474 3200 βαδίζουσα
499 3129 620 3182 ὀδοῦ
645 3169 659 3193 ,
706 3130 786 3190 εἰς
818 3128 1000 3181 στενὸν
1031 3128 1122 3181 καὶ
1156 3125 1526 3192 ἀδιεξόδευτον
1568 3126 1734 3196 χῶροι.

172 3225 405 3294 τελευτᾷ
425 3239 438 3252 ⁸
471 3225 503 3291 ἠ
538 3221 706 3275 δὲδιά
746 3221 923 3274 πόνων
955 3221 1048 3272 καὶ
1090 3217 1328 3287 ἱδρώτων
1352 3216 1632 3279 ὁδεύουσα,
1670 3218 1749 3279 είς

177 3315 445 3385 εὐθυμίαν
492 3314 750 3367 πλατεῖαν
785 3311 1048 3380 καταντᾷ.
1099 3310 1162 3361 Et
1195 3308 1252 3360 δὲ
1296 3309 1410 3369 τοῖς
1454 3308 1748 3376 ἡμετέροις

176 3409 482 3469 ἀπιστεῖτε,
514 3404 621 3459 ἀπὸ
645 3405 751 3456 τῶν
775 3401 1060 3473 ὑμετέρων
1094 3400 1239 3470 ὑμᾶς
1270 3400 1454 3450 πεῖσαι
1493 3399 1754 3467 πειράσοσ

181 3515 302 3569 μαι.
338 3496 562 3550 Πλάτων
596 3494 694 3564 μὲν
715 3492 825 3562 γὰρ
864 3490 1236 3560 φιλοσοφήσας
1264 3485 1507 3555 ἀοίδιμος
1540 3487 1751 3554 γέγονε,

177 3587 458 3650 Διονύσιος
510 3585 564 3638 δὲ
609 3584 952 3656 τυραννήσας
999 3580 1270 3650 ἐσϐέσθη·
1320 3578 1415 3631 καὶ
1457 3579 1755 3650 Σωκράτης

183 3683 283 3751 μὲν
324 3680 506 3751 ᾄδεται
527 3720 542 3744 ,
598 3676 887 3746 Ἀρχέλαος
922 3674 980 3727 δὲ
1022 3676 1049 3727 ὁ
1082 3673 1339 3742 βασιλεὺς
1369 3673 1713 3744 σεσιώπηται
1739 3687 1752 3701 °

179 3772 276 3825 καὶ
302 3770 477 3824 Σόλων
525 3768 622 3838 μὲν
672 3768 991 3837 άνυμνείται
1014 3807 1029 3828 ,
1055 3766 1289 3836 Κροῖσος
1339 3766 1396 3819 δὲ
1450 3768 1479 3819 ό
1537 3765 1758 3818 πάντων

180 3859 488 3930 ἀνθρώπων
527 3857 756 3928 νομίσας
800 3852 938 3909 εῖναι
987 3856 1483 3927 εὐδαιμονέστερος,
1529 3857 1621 3909 καὶ
1650 3855 1758 3918 ζῶν

181 3952 348 4014 ἑάλω,
385 3949 481 4006 καὶ
527 3948 699 4018 πυρὸς
725 3946 884 4018 ἔργον
919 3945 1191 4017 Περσικοῦ
1223 3946 1416 4018 ἔμελλε
1444 3947 1752 4015 γίγνεσθαι.

181 4043 248 4095 Ei
279 4041 336 4094 δὲ
372 4038 595 4100 τούτους
620 4037 939 4105 φιλοσόφους
963 4035 1203 4107 ἡγεῖσθε,
1238 4035 1361 4106 ἥξω
1387 4037 1482 4090 καὶ
1512 4038 1606 4089 ἐπὶ
1629 4037 1758 4099 τοὺς

183 4130 696 4201 πολιτευσαμένους,
729 4130 822 4182 καὶ
855 4128 1338 4199 στρατηγήσαντας
1373 4127 1511 4197 μετά
1543 4129 1757 4196 φιλοσο-

184 4224 336 4293 φίας.
381 4218 789 4291 Ἐπαμινώνδας
815 4221 842 4292 ῥ
871 4219 1122 4290 Θηϐαίων
1161 4220 1490 4290 στρατηγὸς,
1518 4223 1545 4273 ὁ
1578 4222 1758 4274 Λακε-

183 4315 496 4386 δαιμονίους
535 4314 592 4365 ὲν
639 4313 934 4382 Λεύκτροις
968 4312 1392 4382 χειρωσάμενος,
1437 4311 1495 4364 ἓν
1545 4314 1756 4381 ἱμάτιον

186 4409 351 4478 ἔχων,
389 4407 483 4460 καὶ
515 4406 603 4458 διὰ
635 4404 791 4458 τοῦτο
822 4407 900 4468 είς
933 4405 1230 4476 ἐκκλησίαν
1271 4405 1446 4458 ἐλθεῖν
1478 4405 1551 4474 μὴ
1597 4405 1757 4458 δυνά-

190 4516 374 4571 μενος,
419 4497 609 4567 ἐπειδὴ
655 4498 776 4550 κατ’
803 4495 1020 4566 ἐκείνην
1046 4496 1142 4567 τὴν
1176 4497 1387 4566 ἡμέραν
1426 4495 1758 4565 πλυνόμενον

185 4591 379 4660 ἔτυχε,
426 4589 519 4641 καὶ
563 4588 748 4660 ἕτερον
779 4587 1170 4660 περιϐαλέσθαι
1214 4589 1314 4640 οὐκ
1348 4584 1460 4657 εἶχε
1492 4629 1504 4652 ,
1538 4589 1756 4642 πάντων

1923 1938 2162 1994 Tametsi
2203 1938 2316 1995 noti
2341 1953 2407 1994 ac
2442 1939 2616 1995 notati
2658 1940 2781 1996 sitis
2817 1941 2884 1996 ab
2918 1941 3191 2006 omnibus,
3224 1943 3302 1998 uti
3348 1958 3436 1999 re»

1856 2028 2124 2099 fugientes
2178 2041 2588 2086 sacrosanctam
2623 2032 2964 2100 religionem,
2997 2049 3059 2088 ac
3081 2033 3283 2088 nullam
3317 2036 3440 2105 qui-

1856 2123 1976 2176 dem
2009 2121 2170 2176 aliam
2221 2121 2292 2176 ob
2339 2137 2586 2187 causam,
2626 2135 2808 2179 tamen
2853 2125 3034 2180 colitis
3073 2127 3346 2189 eamdem,
3381 2139 3441 2181 ut

1858 2208 1989 2262 mihi
2023 2210 2342 2279 persuadeo.
2383 2210 2518 2278 Quia
2559 2226 2688 2267 vero
2717 2213 2974 2268 virtutem
3038 2215 3221 2271 colere
3255 2218 3437 2272 detre-

1856 2300 2018 2359 etatis
2054 2301 2336 2371 (corporis
2378 2303 2522 2358 enim
2568 2302 2947 2360 all‘ectionibus
2993 2306 3213 2371 invdlvi,
3250 2318 3310 2364 ut
3357 2309 3440 2364 [ε-

1859 2405 2006 2459 runt,
2032 2393 2347 2466 elegistis),
2381 2404 2623 2454 attamen
2665 2411 2878 2467 aequum
2903 2399 2974 2454 sit
3019 2400 3174 2455 vobis
3220 2401 3437 2458 tandem

1856 2482 2150 2552 aliquando
2209 2499 2532 2555 persuasum
2576 2501 2727 2552 esse,
2751 2488 3162 2558 improbitatem
3218 2493 3438 2547 vitium-

1857 2587 1963 2642 que
1986 2575 2245 2644 consequi
2284 2576 2542 2645 pudorem
2567 2614 2584 2642 ,
2622 2575 2858 2634 dedecus
2883 2595 2946 2634 ac
2976 2595 3190 2650 penam
3218 2598 3232 2636 :
3263 2584 3438 2638 virtu-

1860 2673 1964 2718 tem
1995 2674 2185 2719 contra
2207 2666 2456 2722 comitari
2480 2667 2645 2722 dec‘us
2676 2677 2838 2736 atque
2865 2684 3146 2724 coronam.
3179 2668 3438 2741 Volupta-

1859 2766 1962 2810 tem
1991 2756 2208 2825 quidem
2241 2771 2365 2812 esse
2402 2757 2638 2827 aliquam
2665 2759 2720 2813 in
2751 2771 2974 2828 peccato
3007 2761 3051 2816 si
3088 2761 3434 2828 existimatis,

1857 2857 2047 2902 contra
2090 2848 2303 2903 labores
2346 2851 2400 2904 in
2448 2855 2648 2905 virtute
2677 2863 2845 2922 atque
2886 2855 3136 2910 sudores.
3169 2855 3331 2927 603
3377 2858 3435 2912 lu

1857 2940 2098 2995 animum
2155 2950 2335 2996 tamen
2378 2941 2639 3010 inducite,
2692 2945 3108 3001 delectationem
3145 2947 3291 3002 illam
3348 2950 3437 3004 vix

1857 3042 2210 3101 conspectam
2240 3034 2424 3089 statim
2450 3035 2724 3103 exstingui
2771 3053 2785 3090 :
2826 3036 3000 3091 virtus
3032 3051 3160 3092 vero
3196 3039 3436 3094 oblecta-

1861 3125 2060 3180 tionem
2093 3125 2257 3182 habe.
2284 3127 2698 3196 sempiternam.
2734 3127 2826 3182 Illa
2850 3129 3069 3197 quidem
3095 3130 3179 3184 via
3209 3129 3318 3185 lata
3356 3143 3440 3186 est

1858 3231 1924 3270 ac
1951 3218 2215 3286 spatiosa,
2249 3220 2300 3271 in
2345 3224 2632 3287 angustam
2673 3228 2837 3287 atque
2881 3219 3318 3290 inexplicabilem
3343 3223 3436 3276 de-

1859 3310 2042 3365 sinens
2073 3311 2347 3380 regionem
2379 3328 2394 3365 :
2421 3312 2535 3366 haec
2570 3325 2698 3366 vero
2719 3311 2918 3366 laboris
2945 3327 3009 3368 ac
3033 3315 3248 3371 sudoris
3281 3315 3440 3386 plena

1860 3401 1912 3454 in
1949 3389 2194 3470 amplam
2246 3403 2424 3456 fertur
2456 3402 2626 3457 animi
2675 3405 3154 3473 tranquillitatem.
3203 3407 3356 3473 Quod
3392 3413 3456 3465 si'

1858 3493 2060 3546 nostris
2102 3491 2263 3546 ﬁdem
2308 3493 2570 3549 adhibere
2603 3496 2894 3566 recusatis,
2935 3498 3178 3552 conabor
3217 3515 3439 3569 persua-

1859 3583 1987 3635 dere
2027 3581 2078 3634 id
2110 3580 2266 3643 vobis
2303 3582 2616 3636 testimonio
2647 3591 2934 3641 auctorum
2967 3595 3240 3643 veterum.
3287 3585 3442 3640 Plato

1860 3671 2076 3739 quidem
2110 3671 2344 3726 celebris
2376 3687 2406 3726 a
2428 3673 2774 3743 philosophia
2804 3675 2996 3730 evasit.
3039 3676 3104 3728 At
3152 3676 3442 3748 Dionysius

1859 3763 2022 3817 etiam
2062 3779 2229 3833 regno
2259 3764 2644 3820 administrata
2675 3767 2939 3823 memoria
2979 3768 3203 3826 excidit.
3243 3769 3442 3826 Socra-

1861 3862 1941 3909 tes
1967 3855 2184 3924 quidem
2223 3856 2564 3912 decantatur.
2617 3857 2925 3915 Archelaus
2985 3875 3078 3914 rex
3126 3873 3317 3916 contra
3366 3864 3443 3919 si-

1860 3945 2028 4013 lentio
2063 3948 2366 4016 premitur;
2415 3947 2580 4003 Solon
2622 3951 2982 4018 praedicatur;
3031 3951 3255 4008 Croesus
3290 3970 3441 4022 vero,

1859 4038 1949 4106 qui
2001 4051 2060 4092 se
2091 4039 2333 4092 omnium
2377 4053 2500 4094 esse
2545 4039 2855 4093 mortalium
2903 4041 3275 4097 felicissimum
3327 4048 3443 4115 Opi-

1862 4129 2113 4196 nabatur,
2152 4129 2308 4184 vivus
2345 4138 2537 4198 captus
2576 4141 2682 4195 est,
2715 4141 2770 4184 et
2819 4132 2929 4200 igni
2972 4130 3195 4191 Persico
3232 4144 3439 4191 tantum

1861 4236 1966 4276 non
1995 4224 2309 4276 combustus
2344 4233 2446 4277 est.
2489 4221 2647 4278 Tales
2692 4235 2872 4278 autem
2910 4226 3261 4296 philosophos
3310 4231 3445 4284 dun-

1863 4324 2028 4378 taxat,
2047 4325 2102 4368 ut
2124 4313 2389 4378 asseritis,
2409 4313 2575 4370 fuisse
2598 4316 2846 4385 equidem
2869 4330 2974 4371 non
2998 4319 3184 4372 iverim
3212 4320 3441 4376 inﬁcias.

1861 4406 1966 4459 Sed
1998 4414 2050 4459 et
2081 4405 2475 4471 rempublicam
2510 4407 2998 4476 administrantcs;
3030 4419 3085 4465 et
3110 4422 3230 4480 post
3267 4415 3445 4482 philo-

1861 4492 2110 4560 sophiam
2140 4495 2418 4548 exercitus
2442 4494 2706 4549 ducentes
2751 4496 3005 4552 referam.
3047 4498 3446 4570 Epaminondas

1863 4586 2248 4642 Thebanorum
2286 4586 2417 4654 dux,
2449 4587 2539 4656 qui
2594 4585 3038 4647 Lacedaemonios
3079 4609 3255 4665 pugna
3291 4596 3448 4651 Leu-

183 4683 296 4736 τῶν
328 4679 610 4750 Περσικῶν
637 4679 900 4749 βασιλέων
923 4680 1318 4750 ἐπισημότερος
1341 4680 1584 4748 γέγονεν.
1617 4681 1753 4750 Ἀρι-

1861 4680 2029 4733 ctrica
2061 4677 2296 4746 subegit,
2333 4693 2438 4734 una
2463 4688 2751 4735 contentus
2784 4693 2963 4744 veste.
3001 4699 3123 4738 cum
3176 4687 3444 4756 quondam

188 4772 404 4842 στείδης
428 4772 484 4825 δὲ
521 4771 755 4841 τοσαύτῃ
791 4770 948 4840 πενίᾳ
979 4768 1318 4839 συμϐιώσας,
1351 4769 1426 4833 ὡς
1453 4771 1554 4842 τὴν
1600 4770 1758 4842 Ἀθη-

186 4869 353 4919 ναίων
389 4861 557 4940 πόλιν,
586 4861 747 4915 αὐτὸν
801 4861 898 4931 μὲν
945 4861 1112 4930 θάψαι
1161 4861 1501 4915 ἀποθανόντα
1527 4902 1541 4924 ,
1571 4861 1668 4926 τὰς
1702 4861 1758 4916 δὲ

185 4954 494 5026 θυγατέρας
539 4952 704 5006 αὐτοῦ
761 4953 1121 5024 προικίσασαν
1168 4952 1426 5023 ἀνδράσιν
1473 4953 1756 5018 ἐκδοῦναι,

186 5051 410 5104 πάντων
447 5047 670 5099 ἐκείνων
707 5043 813 5097 τῶν
851 5043 979 5114 περὶ
1014 5043 1251 5096 Καλλίαν
1294 5044 1385 5096 τὸν
1414 5044 1760 5098 λακκόπλου-

186 5157 275 5192 τον
308 5137 444 5208 (‘20),
480 5138 574 5191 καὶ
615 5135 980 5205 Ἀλκιὸιάδην,
1004 5135 1112 5188 τῶν
1137 5137 1233 5188 καὶ
1260 5137 1474 5205 πλούτῳ
1500 5137 1592 5190 καὶ
1609 5139 1756 5205 γένει

188 5229 284 5282 καὶ
301 5228 586 5298 δυναστείᾳ
606 5226 966 5299 κρατούντων,
989 5226 1366 5298 λαμπρότερος
1380 5222 1467 5298 ἦν.
1481 5227 1734 5282 Λὶδεσθέν
1748 5257 1765 5269 ι

187 5341 282 5387 τες
322 5318 500 5374 τοίνυν
529 5318 633 5372 κᾶν
667 5317 703 5372 ἃ,
747 5317 1084 5388 πρεσϐεύετε
1109 5358 1123 5382 ,
1161 5317 1481 5372 ἀσπάσασθε
1508 5319 1604 5390 τὴν
1634 5320 1765 5387 ἀρε-

191 5413 320 5481 τὴν,
351 5410 420 5464 δι’
450 5406 517 5482 ἧς
550 5409 749 5481 ῥᾳδίως
779 5412 874 5462 καὶ
907 5409 998 5462 ἐπὶ
1027 5408 1126 5478 τὴν
1156 5408 1439 5478 θειοτάτην
1471 5408 1765 5480 θρησκείαν

193 5503 485 5576 βαδιεῖσθε.

1858 4772 1912 4826 in
1950 4771 2170 4826 comitia
2206 4771 2391 4825 venire
2442 4787 2547 4826 non
2594 4786 2804 4841 posset,
2849 4775 2990 4844 quod
3039 4777 3124 4829 illa
3172 4777 3448 4836 lavaretur

1860 4863 2125 4932 aliamque
2183 4874 2384 4917 vestem
2443 4879 2548 4917 non
2597 4863 2852 4930 haberet,
2907 4865 3137 4922 Persicis
3179 4870 3432 4926 omnibus

1860 4955 2079 5024 regibus
2129 4954 2327 5008 clarior
2386 4963 2470 5009 est
2517 4953 2758 5010 habitus.
2810 4957 3080 5013 Aristides
3131 4960 3266 5016 adeo
3309 4977 3446 5030 pau-

1860 5058 1956 5113 pcr
1988 5044 2144 5106 vixit,
2174 5054 2232 5098 ut
2279 5044 2454 5114 ipsum
2484 5043 2594 5097 vita
2645 5042 2888 5099 functum
2942 5045 3305 5116 Athenienses
3356 5071 3445 5111 se.

1863 5135 2055 5205 pelire,
2094 5136 2338 5204 filiasque
2384 5135 2595 5205 publice
2645 5137 2860 5191 dotatas
2910 5138 3041 5193 viris
3083 5138 3301 5200 eIocare
3346 5147 3443 5200 de-

1862 5227 2100 5281 buerint.
2139 5225 2314 5292 Quid?
2377 5225 2576 5281 Callias
2616 5227 2891 5282 thesauris
2942 5229 3326 5302 locupletatus,
3392 5248 3448 5292 ct

1861 5315 2175 5371 Alcibiades
2210 5316 2439 5383 divitiis,
2484 5327 2704 5386 genere,
2749 5327 2803 5371 et
2854 5318 3088 5388 imperio
3133 5324 3447 5389 potentibus

1860 5409 2276 5466 antecellebant.
2333 5409 2514 5477 Quare
2563 5425 2660 5466 vos
2713 5413 2920 5482 pudore
2968 5411 3148 5470 all‘ccti
3199 5429 3444 5485 quamam

1861 5500 2164 5569 profertis?
2220 5504 2475 5558 virtutem
2524 5503 2710 5574 itaque
2739 5505 3202 5576 complectamini,
3257 5521 3313 5566 ct
3368 5517 3434 5565 ad

1861 5594 2100 5647 divinam
2129 5593 2445 5662 religionem
2477 5597 2743 5655 accedite.

1275 5723 1510 5778 \‘Aill/E
1554 5723 1933 5781 LECTIONES
1973 5724 2060 5780 ET
2099 5724 2329 5780 NO'i'zE.

189 5877 514 6002 “gap:
542 5877 637 5930 καὶ
659 5880 706 5932 εί
733 5878 891 5934 codd.
931 5879 1052 5934 Vat.
1077 5877 1180 5935 650
1210 5887 1263 5935 ct
1287 5880 1394 5934 All.
1424 5879 1624 5936 habent
1646 5880 1761 5935 ἀλλ’

216 5992 224 6002 .
280 5985 295 6000 .
435 5965 476 6002 SI
521 5984 537 6000 .

215 5965 295 6016 ιον.
329 5965 537 6002 rossm.

265 6017 376 6086 (20)
411 6019 1050 6090 AaxxdndovrouAdag.
1079 6019 1367 6091 Ilcsychio,
1388 6033 1438 6077 et
1483 6020 1760 6076 Plutarch.

1870 5881 2378 5966 inﬂAris_tide_.nAtdt
2430 5886 2490 5938 τὸ
2541 5891 2854 5958 περιτυχεῖν
2903 5891 3092 5964 χρυσῷ
3135 5894 3216 5958 είς
3267 5894 3444 5966 φρέαρ

1874 5950 2207 6022 βεϐλημένῳ.
2241 5953 2478 6011 Scnorr.
