4122 6430
715 262 845 328 14911

1900 263 1956 320 S.
2002 259 2290 322 ISIDORI
2327 258 2762 319 PELUSIOTAE

3815 261 3938 324 1428

707 378 941 434 etut.
1027 373 1772 448 Leoarto_,_t.5u_et_arto
1846 375 1939 429 er
2023 373 2265 429 ALPIlIO

2378 373 2545 428 ΡοΑσ.
2585 405 2653 414 -
2688 373 3424 448 ΛΕΟΝΤΙῼΔ-ᾹΑᾉῌΕΤΙῼ,
3483 374 3767 444 Amata.
3804 374 3934 428 Eul-

1307 443 1670 499 EPISCOPIS.

2977 442 3288 499 ΣΚΟΠΟΙΣ.

713 557 955 613 Primum
989 557 1246 621 consulto,
1274 554 1393 609 dein
1418 555 1558 624 facta
1586 569 1712 624 opus
1734 571 1830 611 est.
1857 556 2142 610 Dementia
2175 567 2249 608 est
2274 554 2407 609 male
2433 557 2726 620 consulere,
2759 556 3006 622 tevitatis,
3034 557 3170 625 quod
3196 566 3390 610 rectum
3415 567 3511 623 est,
3541 574 3643 611 non
3669 558 3933 625 perﬁcere.

773 667 923 734 Quod
951 667 1235 736 pulchrum
1277 680 1397 721 esse
1419 670 1693 720 decretum
1715 675 1818 729 est,
1857 667 1906 722 id
1943 668 2052 728 ttat,
2085 677 2139 721 et
2167 669 2264 722 de-

706 759 995 814 liberantes
1034 759 1164 814 [Ides
1192 758 1268 812 rei
1296 767 1461 827 gesta;
1491 759 1782 812 comitetur
1809 765 2038 825 oportet.
2061 755 2265 821 Quibus

705 865 832 905 vero
876 848 1054 904 tuendi
1088 859 1266 918 partes
1295 865 1400 903 non
1447 850 1681 918 suppetit
1717 847 1962 912 facultas,
1994 847 2048 902 bi
2079 863 2266 903 neces-

702 941 848 994 sario
879 941 930 994 in
965 941 1226 996 alterutro
1254 941 1586 1011 delinquunt,
1627 941 1707 993 vel
1745 942 2122 1004 decernentes,
2148 955 2267 1008 quae

705 1045 808 1085 non
841 1029 1065 1100 liqueut,
1102 1033 1183 1086 vel
1211 1047 1240 1086 a
1277 1032 1486 1101 placitis
1507 1033 1614 1086 cito
1637 1031 1996 1087 discedentes.
2020 1029 2265 1096 Quorum

705 1122 832 1177 illud
859 1125 1073 1192 quidem
1097 1124 1469 1193 imprudentiae
1491 1133 1574 1178 est
1608 1124 1988 1190 intolerandae;
2014 1123 2117 1178 hoc
2141 1138 2267 1179 vero

705 1216 913 1270 veniam
961 1227 1230 1284 utcunque
1282 1227 1539 1271 meretur.
1580 1216 1683 1283 Qui
1727 1230 1852 1271 vero
1887 1225 2113 1285 utroque
2139 1229 2270 1285 prae-

705 1314 850 1359 stare
875 1315 1118 1376 possunt,
1149 1306 1394 1376 adsitque
1442 1323 1562 1361 cum
1595 1308 1844 1363 voluntas
1869 1317 1978 1362 tum
2017 1307 2265 1372 facultas,

705 1404 763 1449 ut
790 1396 857 1450 ad
885 1398 1083 1450 exitum
1112 1398 1302 1466 placita
1345 1413 1438 1453 sua
1481 1400 1795 1468 perducant,
1841 1400 1893 1454 hi
1949 1401 1992 1454 si
2039 1398 2265 1454 alterum

707 1486 1188 1554 transgrediuntur,
1220 1489 1456 1555 graviter
1476 1497 1603 1542 sunt
1629 1489 2071 1557 reprehendendi.

842 1613 1005 1686 606
1039 1614 1290 1672 CLXXII.
1335 1647 1402 1657 -
1436 1616 1708 1674 ISIDORO
1765 1617 2116 1674 EPISCOPO.

2443 665 2517 718 Τὸ
2547 665 2867 735 δεδογμένον
2900 665 3060 719 καλὸν
3091 666 3340 732 γινέσθω,
3370 666 3466 720 καὶ
3505 669 3617 730 τοῖς
3659 665 3937 736 βεϐουλευ-

2376 754 2555 825 μένοις
2589 757 2621 825 ἠ
2649 755 2738 808 διά
2764 755 2873 808 τῶν
2903 754 3076 825 ἔργων
3112 755 3294 818 πίστις
3323 757 3558 809 ἑπέσθω.
3582 753 3680 820 Οἷς
3710 758 3809 826 μὲν
3834 760 3935 828 γάρ

2373 845 2469 914 οὐχ
2490 845 2681 898 ἕπεται
2709 847 2842 916 πρὸς
2869 847 2928 900 τὸ
2953 847 3243 915 φυλάττειν
3270 849 3302 916 ἡ
3329 848 3577 915 δύναμις,
3607 842 3756 901 οὗτοι
3780 850 3940 915 ἀναγ-

2375 935 2544 998 καίως
2577 935 2962 1007 πλημμελοῦσι
3001 939 3124 991 καθ’
3152 939 3431 1009 ἑκάτερον,
3458 941 3549 992 καὶ
3575 940 3937 1010 ψηφιζόμενοι

2375 1026 2637 1094 ἀνέφικτα
2657 1066 2672 1091 ,
2706 1028 2800 1079 καὶ
2825 1028 3042 1091 λύοντες
3067 1024 3220 1091 αὖθις
3253 1029 3322 1081 τὰ
3350 1029 3575 1093 δόξαντα
3601 1045 3614 1057 °
3645 1028 3724 1082 ὧν
3754 1031 3816 1082 τὸ
3845 1030 3938 1099 μὲν

2374 1117 2782 1202 ἀνυπέρδλητον
2803 1119 3008 1184 ἄνοιαν,
3029 1119 3088 1171 τὸ
3114 1119 3170 1172 δὲ
3203 1121 3423 1190 μετρίαν
3453 1121 3783 1204 συγγνώμην
3809 1123 3936 1192 ἔχει.

2374 1204 2469 1274 Οἷς
2507 1210 2552 1263 δ’
2598 1195 2765 1281 άμφω
2794 1207 2904 1265 οἶόν
2950 1229 3007 1264 τε
3065 1213 3404 1283 συνδραμεῖν,
3453 1195 3643 1267 καὶ-τὸ
3696 1215 3939 1284 βουλεύει

2373 1300 2517 1367 σθαι,
2551 1302 2644 1354 καὶ
2690 1301 2748 1354 τὸ
2772 1302 3030 1356 δύνασθαι
3061 1305 3140 1366 είς
3189 1306 3361 1375 πέρας
3400 1305 3556 1373 ἄγειν
3580 1306 3648 1359 τά
3690 1305 3937 1370 δόξαντα,

2368 1391 2575 1453 τούτοις
2623 1390 2850 1461 θάτερον
2898 1394 3323 1462 παραϐαίνουσιν
3381 1397 3759 1467 ἀπαραίτητοι
3799 1415 3932 1450 κατ-

2369 1486 2585 1553 ηγορία.

2668 1615 2828 1670 ΡΟΒ’.
2883 1647 2937 1658 -—-
2963 1618 3219 1688 unum
3251 1619 3618 1689 ΕΠΙΣΚΟΠῼ.

1938 1731 2104 1785 Amici
2133 1735 2388 1800 quomodo
2418 1745 2702 1802 parentur.

772 1841 874 1907 Qui
911 1856 1011 1911 pro
1059 1844 1248 1922 amicis
1287 1843 1556 1900 sollicitus
1606 1854 1690 1901 est
1740 1854 1905 1914 atque
1967 1856 2265 1916 opportune

2449 1847 2506 1901 Ὀ
2547 1846 2839 1918 κηδόμενος
2887 1846 2996 1900 τῶν
3045 1847 3309 1900 συνόντων
3339 1849 3432 1901 καὶ
3479 1848 3794 1919 προπονῶν,
3847 1851 3938 1904 και

703 1934 980 2001 prospicit,
1008 1943 1063 1988 et
1115 1935 1350 2002 ipsarum
1380 1935 1536 1992 bouis
1574 1936 1894 2002 oblectatur,
1927 1948 1981 1996 et
2027 1942 2269 1996 adversis

702 2033 892 2079 contra
927 2040 1111 2081 eorum
1159 2028 1533 2094 contristatur,
1572 2044 1657 2084 nae
1689 2029 1777 2083 ille
1807 2031 2054 2102 egregius
2099 2031 2273 2086 bono-

703 2131 844 2179 rum,
880 2131 1001 2186 quae
1044 2126 1168 2172 sunt
1217 2118 1269 2173 in
1311 2119 1574 2183 amicitia,
1609 2130 1835 2176 venator
1861 2131 1964 2176 est.
1997 2121 2097 2177 Tot
2121 2125 2265 2178 enim

699 2206 799 2261 sibi
829 2207 1197 2272 obstrinxerit,
1226 2210 1367 2279 quod
1399 2209 1590 2264 viderit
1645 2229 1659 2265 :
1710 2220 1787 2266 tot
1833 2223 2008 2267 autem
2049 2212 2263 2278 viderit,

701 2308 830 2368 quot
866 2298 1148 2355 celebritas
1176 2302 1330 2356 famae
1362 2302 1424 2357 ad
1453 2302 1600 2356 illum
1647 2302 1979 2371 perduxerit.
2010 2303 2110 2358 Tot
2137 2317 2264 2358 vero

703 2389 1080 2457 perducentur,
1115 2402 1238 2460 quot
1283 2393 1519 2448 honestae
1567 2393 1688 2448 vitae
1727 2393 2024 2447 institutum
2072 2397 2264 2448 anlen~

704 2490 782 2535 ter
811 2481 1132 2538 adamariut.
1175 2483 1304 2549 Quis
1362 2483 1526 2553 igitur
1569 2483 1670 2538 hoc
1725 2482 1987 2538 celebrior
2020 2487 2263 2549 exsistet,

700 2582 792 2626 aut
821 2571 1031 2628 beatior
1056 2587 1144 2640 eo,
1173 2573 1262 2642 qui
1308 2574 1502 2631 talibus
1534 2577 1765 2647 stipatus
1804 2571 1969 2630 fuerit
2002 2576 2230 2631 amicis?

1033 2776 1310 2833 CLXXIII.
1340 2808 1406 2819 --
1432 2776 1923 2833 ANDROMACIIO.

2377 1939 2738 2008 συνηδόμενος
2779 1937 2878 2008 μὲν
2921 1939 3014 1992 ἐπὶ
3042 1941 3155 2002 τοῖς
3187 1937 3410 2006 ἀγαθοῖς
3447 1940 3628 1993 αὐτῶν
3653 1959 3665 1970 ο
3700 1940 3934 2012 ἀχθόμε-

2373 2045 2461 2091 νος
2491 2028 2546 2080 δὲ
2577 2028 2670 2080 ἐπὶ
2709 2028 2819 2090 τοῖς
2849 2027 3132 2092 δυσκόλοις
3154 2067 3170 2092 ,
3200 2027 3368 2092 δεινός
3405 2032 3518 2082 ἐστι
3564 2029 3812 2100 θηρατὴς
3840 2031 3934 2083 τώ

2372 2117 2468 2184 τῆς
2497 2116 2677 2184 φιλίας
2722 2119 3027 2188 χρήματος.
3057 2117 3356 2179 Τοσούτους
3407 2118 3513 2190 γάρ
3555 2119 3739 2190 ἑαυτῷ
3772 2138 3937 2190 προσ-

2368 2207 2554 2278 δήσει,
2581 2208 2740 2272 ὅσους
2775 2209 2868 2264 καὶ
2909 2208 3156 2263 θεάσαιτο
3179 2226 3192 2240 ·
3240 2209 3524 2274 τοσούτους
3575 2211 3632 2263 δὲ
3665 2211 3939 2271 Θεάσοιτο.

2369 2296 2528 2360 ὅσους
2561 2299 2593 2368 η
2639 2297 2867 2368 εὐκλεὴς
2901 2299 3056 2369 φήμη
3089 2300 3227 2371 πρὸς
3273 2300 3434 2353 αὑτὸν
3483 2305 3927 2372 χειραγωγήσει·

2370 2389 2612 2443 τοσοῦτοι
2669 2390 2726 2443 δὲ
2774 2390 3346 2462 χειραγωγηθήσονται
3368 2433 3383 2457 ,
3432 2394 3543 2447 ὅσοι
3597 2393 3707 2446 τῶν
3759 2395 3938 2448 καλῶς

2370 2481 2822 2551 ἐπιτηδευμάτων
2857 2481 3111 2551 διάπυροι
3151 2487 3293 2537 είσιν
3320 2485 3567 2556 ἐρασταί.
3593 2485 3689 2550 Τίς
3721 2483 3816 2540 οὖν
3843 2487 3935 2539 τοῦ

2369 2576 2610 2628 τοιούτου
2635 2574 3085 2645 εὐκλεέστερος,ἢ
3110 2576 3193 2639 τίς
3221 2577 3681 2647 μακαριστότερος
3711 2577 3806 2629 τοῦ
3839 2578 3937 2630 ὑπὸ

2372 2665 2642 2720 τοσούτων
2674 2666 2840 2734 φίλων
2874 2667 3344 2737 δορυφορουμένου
3373 2685 3387 2732 ;

2785 2775 2950 2827 rora
2977 2804 3047 2814 -
3077 2775 3516 2847 ΑΝΔΡΟΜΑΧῼ.

703 2892 787 2948 Ex
823 2902 1032 2962 aspectu
1064 2896 1299 2949 nascitur
1345 2913 1509 2948 amor.
1549 2893 1778 2948 Proinde
1823 2895 2068 2947 uitandus
2101 2895 2376 2962 mulierum
2423 2899 2744 2962 conspectus.
2776 2890 2857 2962 Αιι
2897 2888 3267 2962 ίιίιιιίωηαιιρι.
3296 2906 3346 2953 v,
3378 2889 3446 2962 28
3477 2909 3490 2943 :
3528 2910 3547 2941 ι
3581 2890 3684 2955 Qui
3733 2892 3933 2959 respicit

1239 2965 1527 3028 mulierem,
1553 2983 1570 3015 ι
1603 2973 1700 3018 etc.
1742 2962 1981 3032 (Confer.
2016 2964 2168 3031 epist.
2198 2963 2281 3022 I7,
2312 2959 2402 3024 46,
2428 2968 2476 3012 et
2512 2959 2579 3013 65
2612 2957 2991 3026 Xenophontis,
3025 2959 3114 3011 lib.
3154 2975 3180 3011 v
3203 2959 3393 3027 locus.)

771 3095 868 3154 Vel
901 3099 1091 3154 videns
1124 3112 1190 3153 ne
1231 3111 1403 3164 ames,
1447 3095 1529 3150 vel
1585 3111 1774 3151 amans
1829 3112 1895 3151 ne
1951 3094 2155 3152 videas.
2207 3091 2265 3147 Si

703 3191 850 3258 prius
873 3189 1000 3244 illud
1028 3189 1236 3245 dillicile
1258 3189 1576 3259 quibusdam
1612 3199 1854 3257 apparet,
1880 3188 1970 3242 alii
1992 3201 2120 3241 vero
2149 3185 2264 3240 fieri

703 3299 861 3354 posse
916 3290 1128 3353 negent,
1176 3282 1398 3337 alterum
1450 3295 1577 3337 sane
1631 3280 1915 3334 tenendum
1973 3293 2037 3332 ac
2091 3279 2265 3345 rcipsa

2445 3087 2514 3140 Ἦ
2535 3085 2677 3157 ὁρῶν
2702 3086 2775 3157 μὴ
2807 3085 2929 3158 έρα,
2960 3087 3155 3158 ἢέρῶν
3189 3088 3262 3159 μὴ
3293 3089 3412 3161 ὅρα.
3435 3089 3552 3142 Είδὲ
3583 3089 3644 3142 τὸ
3677 3090 3938 3160 πρότερον

2370 3180 2480 3232 τισὶ
2512 3181 2609 3249 μὲν
2629 3178 2885 3236 δύσκολον
2915 3181 3186 3248 φαίνεται,
3217 3183 3326 3234 τισὶ
3360 3182 3414 3234 δὲ
3439 3181 3720 3254 ξδύνατον,
3743 3183 3802 3234 τὺ
3829 3183 3938 3234 δεύ-

2371 3288 2530 3344 τερον
2570 3271 2870 3339 ἀσκητέον·
2909 3272 3132 3340 άμεινον
3177 3271 3284 3343 γὰρ
3328 3274 3592 3342 ἀσφάλεια
3625 3274 3936 3345 φιλοτιμίας

705 3376 988 3446 agendum.
1018 3374 1291 3430 Securitas
1317 3373 1459 3428 enim
1493 3372 1778 3440 cautioqne
1805 3378 2025 3440 praesul
2057 3368 2265 3436 impru-

2375 3363 2604 3431 ἀκρίτου
2633 3377 2645 3390 ⁸
2673 3361 2767 3414 καὶ
2806 3361 2965 3415 τοῦτο
2997 3363 3128 3431 ἡμῖν
3158 3363 3256 3432 μὲν
3286 3363 3428 3426 θεῖος
3453 3364 3784 3432 προστάττει
3805 3381 3937 3434 χρη-

702 3467 850 3522 denti
875 3467 1189 3531 ambitione,
1204 3465 1364 3534 idque
1384 3464 1624 3519 divinum
1647 3461 1946 3531 praescribit
1968 3461 2268 3516 oraculum.

702 3560 838 3616 Cum
869 3575 997 3616 vero
1022 3559 1260 3628 gentium
1294 3567 1440 3629 gesta
1467 3554 1827 3625 deprzedicare
1863 3553 2056 3616 soleas,
2094 3551 2175 3606 vel
2204 3567 2269 3606 ex

706 3651 834 3721 ipsis
859 3649 1060 3706 oraculi
1089 3649 1369 3704 veritatem
1400 3659 1671 3715 exponere
1698 3643 1791 3699 tibi
1819 3643 2071 3698 conabor.
2101 3639 2271 3696 Omit-

705 3753 814 3796 tam
847 3742 1027 3810 itaque
1056 3755 1246 3795 causas
1273 3738 1494 3808 Trojaui
1525 3736 1646 3791 belli
1679 3745 1732 3790 et
1761 3733 2074 3789 Messeniaci
2112 3752 2124 3786 :
2158 3733 2270 3786 Cir-

706 3833 982 3888 rbensinm
1025 3846 1237 3901 quoque
1280 3845 1401 3884 cum
1439 3828 1692 3897 Argivis;
1728 3825 2109 3879 Thebanorum
2141 3823 2266 3877 item

704 3940 826 3978 cum
851 3924 1236 3986 Pbucensibus,
1286 3931 1469 3990 utpote
1500 3921 1610 3987 jam
1659 3920 1972 3972 decantatas
2025 3932 2089 3970 ac
2141 3930 2263 3984 pro~

706 4017 860 4072 tritas
891 4015 1092 4086 (omnia
1119 4015 1261 4069 enim
1291 4014 1405 4067 haec
1439 4011 1573 4067 bella
1604 4020 1657 4064 et
1681 4011 1865 4064 decem
1903 4015 2058 4062 erant
2087 4021 2270 4060 anuo-

704 4122 844 4172 rum,
897 4113 953 4160 et
996 4107 1066 4160 ob
1119 4102 1348 4159 feminas
1393 4109 1518 4155 sunt
1570 4096 1740 4168 gesta)
1782 4098 1825 4149 A
1867 4094 2270 4165 Xenophonteis

702 4212 854 4263 vero,
879 4211 997 4267 qua
1019 4195 1208 4250 suntin
1234 4193 1498 4256 manibus,
1522 4189 1826 4259 exemplum
1858 4203 2087 4243 sumam.
2119 4185 2268 4242 Scito

705 4287 865 4356 igitur
917 4281 1367 4354 quemadmodum
1421 4278 1591 4350 Cyrus
1652 4292 1825 4348 neque
1881 4277 2064 4332 videre
2126 4276 2266 4330 Pan-

709 4381 906 4433 theiam
950 4377 1136 4438 voluit,
1191 4374 1402 4429 tametsi
1465 4372 1907 4426 formosissimam
1953 4367 2262 4436 iudicatam,

709 4481 814 4521 non
841 4467 998 4518 modo
1025 4464 1242 4519 libidine
1275 4462 1524 4523 invictus,
1557 4461 1664 4513 imo
1700 4459 2051 4525 temperantia
2090 4457 2266 4512 comi-

708 4558 995 4626 uentiaqne
1028 4556 1221 4610 clarus.
1254 4555 1489 4623 Araspas
1529 4567 1654 4606 vero
1683 4553 1782 4606 etsi
1814 4559 1956 4605 esset
1996 4553 2046 4604 in
2079 4552 2266 4620 primis

707 4649 1102 4721 magnanimus,
1143 4648 1214 4700 ita
1254 4654 1309 4700 ut
1349 4645 1550 4699 videret
1582 4645 1830 4712 quidem,
1875 4659 1976 4696 non
2009 4645 2264 4711 concupi—

2375 3455 2530 3525 σμός.
2576 3453 2794 3523 Ἐπειδὴ
2841 3453 2898 3506 δὲ
2940 3454 3003 3506 σὺ
3035 3454 3103 3507 τά
3146 3453 3409 3524 Ἑλλήνων
3441 3456 3764 3527 πρεσϐεύεις
3789 3497 3803 3515 ,
3835 3459 3932 3510 κά-

2372 3545 2553 3601 κεῖθέν
2590 3563 2671 3598 σοι
2720 3545 2815 3598 τοῦ
2853 3545 3102 3617 χρησμοῦ
3144 3547 3242 3617 τὴν
3280 3548 3537 3618 ἀλήθειαν
3584 3550 3934 3619 παραστῆσαι

2372 3639 2727 3708 πειράσομαι.
2773 3637 2887 3700 Τὰς
2929 3637 3028 3706 μὲν
3083 3633 3178 3691 οὖν
3228 3638 3406 3702 αἰτίας
3455 3639 3549 3692 τοῦ
3601 3657 3658 3692 τε
3705 3640 3935 3693 Ἰλιακοῦ

2373 3729 2605 3799 πολέμου
2632 3771 2646 3794 ,
2684 3730 2778 3780 κα)⁵
2814 3727 2907 3780 τοῦ
2953 3728 3336 3799 Μεσσηνιακοῦ
3361 3770 3376 3793 ,
3417 3729 3510 3782 τοῦ
3549 3745 3608 3783 τε
3649 3732 3935 3803 Κιρραίων

2372 3820 2506 3889 πρὸς
2548 3820 2848 3887 Ἀργείους,
2871 3819 2964 3871 τοῦ
3004 3836 3063 3871 τε
3100 3819 3349 3890 Θηϐαίων
3378 3821 3511 3891 πρὸς
3545 3823 3768 3884 Φωκέας
3799 3839 3934 3892 παρ-

2371 3911 2509 3980 ήσω,
2561 3911 2636 3973 ὼς
2677 3911 3201 3982 κατημαξευμέναςο
3270 3912 3468 3976 πάντες
3516 3915 3624 3984 γὰρ
3663 3911 3811 3968 οὗτοι
3844 3916 3933 3968 καὶ

2372 4002 2645 4065 δεκαετεῖς
2669 4042 2682 4065 ,
2715 4004 2808 4056 καὶ
2833 4003 2918 4056 διὰ
2952 4006 3215 4069 γυναῖκας
3253 4005 3517 4072 ἐγένοντο.
3563 4007 3698 4059 Ἀπὸ
3735 4008 3791 4061 δὲ
3826 4010 3933 4061 τῶν

2372 4092 2728 4161 Ξενοφῶντος,
2749 4088 2829 4156 οἷς
2860 4095 2952 4146 καὶ
2977 4095 3324 4165 κεχείρωσαι,
3349 4096 3444 4167 την
3473 4099 3747 4164 ἀπόδειξιν
3775 4102 3929 4171 ποιή-

2374 4202 2554 4254 σομαι.
2586 4183 2721 4237 Ἰσθι
2750 4186 2950 4250 τοίνυν,
2981 4186 3056 4248 ὡς
3096 4189 3124 4240 ὁ
3153 4187 3248 4257 μὲν
3293 4187 3472 4260 Κῦρος
3505 4189 3638 4260 μηδὲ
3674 4192 3801 4243 ίδείν
3831 4193 3925 4262 τὴν

2374 4273 2637 4328 Πάνθειαν
2684 4276 3084 4346 ἀνασχόμενος,
3145 4276 3320 4330 καίτοι
3394 4281 3670 4351 ἀμήχανον
3741 4283 3930 4348 κάλλος

2371 4365 2511 4435 ἔχειν
2569 4369 3038 4438 μαρτυρουμένην,
3093 4368 3152 4420 οὐ
3201 4369 3358 4438 μόνον
3400 4371 3492 4424 τοῦ
3550 4373 3645 4442 τῆς
3683 4373 3929 4442 λαγνείας

2377 4459 2644 4528 χειμῶνος
2688 4461 2786 4511 οὐκ
2831 4459 3094 4532 ἐπειράθη
3121 4499 3136 4521 ,
3185 4461 3320 4514 ἀλλὰ
3366 4463 3461 4515 καὶ
3506 4465 3824 4536 σωφροσύνῃ
3856 4465 3932 4519 διο

2373 4548 2634 4618 ἐλαμψεν.
2678 4551 2735 4603 ’0
2759 4549 2815 4602 δὲ
2865 4551 3145 4622 Ἀράσπας
3169 4592 3182 4615 ,
3215 4553 3415 4623 καίπερ
3453 4555 3927 4624 μεγαλοφρονῆσας

2368 4641 2443 4703 ὠς
2469 4643 2561 4694 καὶ
2581 4641 2724 4712 δρῶν
2756 4643 2847 4695 κατ
2878 4642 2950 4712 μὴ
2984 4644 3142 4710 ἐρῶν,
3178 4645 3256 4706 είς
3284 4644 3552 4712 τοσαύτην
3586 4649 3929 4701 κατέπαυσεν

706 4750 879 4796 sceret
903 4737 1338 4807 tamen,ptuluris
1363 4735 1573 4789 laudent
1595 4736 1861 4804 jacturam
1885 4734 2004 4788 fecit
2032 4755 2043 4789 :
2073 4747 2263 4803 captus

2372 4733 2653 4801 αἰσχύνην,
2687 4734 2940 4805 ἐρασθεὶς
2971 4735 3161 4804 αὐτῆς,
3203 4736 3300 4788 καὶ
3336 4737 3615 4800 ἱκετεύσας
3642 4778 3655 4800 ,
3698 4740 3792 4792 καὶ
3815 4740 3927 4794 δια⁴

709 4833 848 4888 illius
876 4846 1060 4886 amore
1112 4846 1174 4885 ac
1224 4830 1438 4898 supplex
1489 4843 1826 4897 peccausque
1868 4827 2154 4886 desiderio,
2208 4837 2265 4878 ut

710 4922 852 4976 mille
875 4921 1148 4976 machinas
1162 4920 1358 4991 Cyrum
1379 4923 1634 4975 adbibere
1662 4920 2076 4982 riterituecesse,
2103 4927 2262 4986 atque

707 5029 842 5084 opus
868 5015 1026 5068 fuerit
1074 5014 1320 5074 inventis,
1361 5029 1468 5081 quo
1493 5028 1520 5066 a
1550 5012 1687 5081 turpi
1720 5011 1865 5063 illum
1891 5025 2077 5063 amore
2111 5026 2264 5062 aver-

710 5115 867 5161 teret.
905 5104 1034 5158 Uter
1081 5105 1243 5172 igitur
1275 5105 1461 5157 melior
1511 5103 1601 5157 tibi
1658 5104 1803 5155 visus
1849 5112 1962 5164 est,
2012 5102 2126 5154 isne
2173 5101 2262 5168 qui

708 5205 824 5252 tuto
868 5211 962 5252 sua
999 5194 1310 5264 disponens,
1342 5204 1395 5248 et
1429 5195 1494 5248 ad
1541 5196 1677 5249 hanc
1720 5195 1858 5248 diem
1899 5193 2264 5260 temperantia:

711 5289 924 5343 nomine
949 5287 1268 5356 prtedicatus
1293 5303 1306 5348 ;
1330 5296 1421 5338 aut
1453 5287 1538 5354 qui
1570 5287 1941 5355 intempestiva
1971 5287 2263 5341 ambitione

705 5372 937 5445 teipsum
978 5377 1146 5430 {mdes
1196 5390 1257 5430 ac
1299 5374 1600 5430 defurmas?
1635 5391 1695 5428 ac
1732 5386 1856 5428 tunc
1886 5377 2101 5446 quidem
2143 5394 2264 5445 pro-

709 5467 876 5534 priam
921 5465 1279 5534 comprimens
1324 5463 1570 5532 loquendi
1605 5464 1924 5527 libertatem,
1957 5466 2048 5518 sed
2085 5466 2262 5519 omni-

713 5557 809 5608 bus
839 5556 1060 5622 poSthac
1109 5554 1331 5608 victuris
1363 5552 1667 5622 superbiam
1696 5553 2068 5624 duplicemque
2110 5556 2262 5624 iguo-

713 5647 924 5701 minium
980 5647 1239 5701 exhibens
1304 5644 1668 5700 deridendam.
1705 5643 2061 5711 Quamobrem
2119 5658 2262 5704 recte

2377 4824 2596 4894 μαρτὼν
2619 4824 2715 4893 τῆς
2749 4824 3042 4893 ἐπιθυμίας
3061 4866 3074 4886 ,
3109 4826 3183 4887 ὡς
3207 4826 3614 4897 ἀναγκασθῆναι
3642 4827 3730 4880 τὸν
3757 4829 3930 4899 Κῦρον

2377 4913 2600 4983 μυρίαις
2639 4918 2908 4984 μηχαναῖς
2957 4916 3051 4968 καὶ
3093 4916 3356 4977 ἐπινοίαις
3409 4917 3744 4986 χρήσασθαι,
3792 4921 3928 4974 ὥστε

2374 5004 2677 5070 ἀπαλλάξαι
2701 5006 2904 5058 ἐκεῖνον
2921 5008 3150 5076 αίσχρᾶς
3180 5008 3514 5077 ὑπολήψεως.
3542 5011 3638 5074 Τίς
3657 5008 3748 5065 οὖν
3772 5013 3928 5081 άμιί-

2374 5114 2478 5150 νων
2515 5097 2666 5168 παρά
2713 5099 2814 5161 σοὶ,
2852 5099 2880 5150 ὁ
2910 5099 3165 5167 ἀσφαλῶς
3198 5100 3267 5152 τὰ
3308 5101 3431 5154 καθ’
3471 5104 3662 5156 ἑαυτὸν
3709 5105 3928 5172 διαθεὶς,

2372 5190 2466 5241 καὶ
2507 5189 2670 5260 μέχρι
2721 5189 2815 5241 νῦν
2856 5190 2947 5242 ἐπὶ
2996 5191 3318 5263 σωφροσύνῃ
3370 5194 3802 5266 ἀνυμνούμενος,
3842 5198 3928 5267 ἥδ

2372 5281 2652 5353 φιλοτιμίᾳ
2684 5282 2895 5352 ἀκαίρῳ
2930 5284 3117 5337 ἑαυτὸν
3149 5287 3534 5358 καταισχύνας,
3569 5291 3664 5342 καὶ
3685 5291 3807 5342 τότε
3835 5293 3925 5361 μὲν

2369 5369 2465 5439 τὴν
2499 5372 2704 5422 οἰκείαν
2745 5372 3058 5442 παρρησίαν
3095 5373 3311 5438 σϐέσας,
3353 5379 3465 5439 τοῖς
3508 5377 3561 5430 δὲ
3593 5380 3731 5445 μετά
3761 5379 3927 5432 ταῦτα

2372 5464 2644 5532 παραδοὺς
2671 5463 3002 5533 κωμῳδῆσαι
3033 5467 3130 5519 καὶ
3155 5466 3254 5535 τὴν
3287 5469 3559 5537 προτέραν
3586 5468 3921 5531 ἀλαζονείαν,

2371 5555 2462 5607 καὶ
2481 5555 2579 5626 τὴν
2610 5554 2868 5625 δευτέραν
2903 5555 3144 5621 ἀδοξίαν;
3189 5556 3232 5607 Τ
3235 5557 3486 5628 οιγαροῢν
3532 5558 3628 5609 καὶ
3659 5559 3820 5623 αὐτὸς
3860 5561 3920 5612 τα

2373 5647 2510 5702 κατά
2538 5647 2763 5702 σεαυτὸν
2792 5647 2970 5711 καλῶς
3001 5645 3229 5711 οίάκιζε,
3265 5647 3356 5702 καὶ
3383 5649 3456 5720 μὴ
3477 5650 3690 5720 ἀκαίρῳ
3727 5652 3922 5718 φιλοτι-
