4122 6504
169 453 307 519 1421)

162 651 310 721 θρων
341 653 538 708 σαυτὸν
561 655 743 726 φέρων
779 654 1218 725 κατακρήμνιζε.

446 838 608 891 ΡΟΔ’.
641 868 711 877 -—
746 836 980 908 ΠΑΥΛῼ
1021 834 1449 893 ΜΟΝΑΖΟΝΤΙ.

1054 456 1592 517 EPIS’I‘OLARUM
1633 455 1779 516 LIB.
1814 454 1882 515 ν.
1927 479 1995 488 -
2033 454 2272 515 EPIST.
2315 454 2652 515 CLXXVII.

166 559 268 632 μίᾳ
289 560 777 634 ἑκϐακχευόμενος,
806 563 950 617 κατά
987 563 1097 616 τῶν
1126 565 1230 634 τῆς
1255 563 1547 634 ἀσελγείας
1575 562 1749 635 βαρά-

3316 442 3452 507 1430

1856 573 1944 618 tua
1977 578 2120 617 nunc
2153 565 2395 631 institue,
2434 577 2569 618 neve
2618 561 2975 617 immoderato
3011 559 3195 613 furens
3245 556 3451 612 utnbitu

1781 627 1822 684 Α
1862 654 1912 707 in
1974 654 2292 710 barathrum
2337 627 2574 709 lasciviae
2605 653 2836 724 teipsum
2869 651 3219 720 libidinisque
3260 649 3455 718 praci-

1857 755 2194 909 ΡΙιΘΞ’θον
2223 835 2506 892 εωιχιν.
2542 866 2611 876 -
2646 834 2880 892 PAULO
2923 831 3281 891 uomens.

1248 932 1504 987 Fratrum
1541 933 1704 986 (rium
1738 939 1983 986 uirtutem
2007 929 2364 985 commendat.

233 1035 404 1100 Αὐτὸς
465 1035 564 1108 μὲν
603 1037 759 1103 ’ἄξιος
803 1038 1043 1093 ἐπαίνων
1086 1040 1399 1112 τυγχάνεις,
1446 1042 1474 1094 ὁ
1515 1040 1572 1094 δὲ
1613 1057 1751 1111 πρε-

163 1128 428 1200 σϐύτερός
481 1145 576 1182 σου
612 1129 834 1199 ἀδελφὸς
864 1130 1180 1204 ἀξιώτερος,
1229 1135 1257 1186 ὁ
1284 1132 1346 1191 δὲ¹
1375 1130 1752 1203 πρεσϐύτατος

163 1218 485 1285 ἀξιώτατος.
519 1221 650 1306 Ταῖς
681 1221 789 1293 γάρ
817 1222 1058 1292 ἡλικίαις
1095 1225 1186 1278 καὶ
1211 1226 1243 1296 ἡ
1271 1225 1369 1295 τῆς
1400 1225 1603 1296 ἀρετῆς
1631 1223 1748 1277 ἐπί-

1929 1039 2128 1111 Dignus
2157 1048 2208 1093 tu
2233 1038 2454 1108 quidem
2481 1038 2660 1103 laude,
2686 1037 2918 1108 amplius
2935 1050 3071 1091 vero
3092 1035 3183 1106 qui
3212 1041 3263 1089 te
3290 1041 3451 1088 aetate

1852 1131 2148 1198 antecellit,
2175 1129 2384 1198 frater;
2422 1132 2659 1186 maxime
2707 1146 2857 1201 vero,
2901 1130 2992 1200 qui
3023 1137 3149 1184 natu
3179 1126 3452 1181 maximus

1851 1235 1955 1282 est.
1985 1225 2121 1280 Cum
2148 1235 2311 1281 aetate
2333 1226 2551 1279 virtutis
2577 1238 2793 1293 quoque
2821 1223 2940 1278 ﬁeri
2989 1231 3136 1276 amat
3179 1221 3450 1275 accessio.

153 1314 307 1376 δοσις
343 1313 710 1385 συνέδραμεν
772 1315 897 1369 ὅθεν
948 1315 1042 1369 καὶ
1096 1316 1188 1369 ἐπὶ
1234 1316 1341 1380 σοὶ,
1378 1316 1471 1369 καὶ
1515 1315 1612 1368 ἐπὶ
1668 1314 1747 1386 τῷ

1855 1317 2008 1375 Unde
2033 1326 2088 1374 et
2111 1318 2165 1372 in
2198 1329 2268 1384 te,
2297 1325 2355 1372 et
2381 1315 2589 1386 majore
2615 1325 2745 1370 natu
2773 1313 2943 1369 fratre
2974 1328 3098 1384 spes
3129 1312 3270 1366 bona
3307 1315 3451 1380 viget

157 1403 523 1478 πρεσϐυτέρῳ
569 1405 780 1477 χρηστὴ
813 1406 964 1470 ἐλπὶς
987 1406 1158 1470 ἀνθεῖ,
1191 1407 1267 1472 ὠς
1307 1407 1402 1460 τοῦ
1432 1407 1744 1479 πρεσϐυτά-

156 1515 252 1550 του
286 1495 707 1569 προκοπτούσης
751 1498 850 1566 τῆς
874 1496 1090 1569 ἡλικίας
1116 1499 1217 1553 οὐκ
1247 1499 1741 1571 άπολειφθὴσεσθε,

156 1588 543 1661 ἁλλ’κάοίδιμοι
598 1589 720 1641 κατ’
751 1589 961 1643 ἐκεῖνον
997 1590 1312 1662 γενήσεσθε.
1366 1590 1621 1660 Ἔχοντες
1651 1586 1744 1645 οὖν

159 1679 461 1749 συγγενικὰ
523 1679 956 1752 κατορθώματα,
1012 1683 1152 1754 πρὸς
1197 1683 1333 1737 αὐτά
1394 1684 1602 1738 τείνατε
1654 1686 1746 1739 τὸν

162 1773 390 1826 σκοπόν.

496 1864 660 1919 POE'.
702 1895 770 1904 —-
810 1864 1044 1920 lEPAKl
1084 1867 1405 1939 ΔΙΑΚΟΝῼ.

1848 1411 2073 1476 l'ore,ut
2101 1408 2386 1465 deﬁciente
2421 1408 2472 1463 in
2508 1407 2729 1463 seniore
2771 1416 2862 1461 tuo
2914 1405 3088 1460 fratre
3137 1412 3317 1469 mtate,
3351 1402 3451 1469 ipsi

1847 1517 1944 1557 nor
1985 1501 2346 1572 degeneretis,
2380 1499 2475 1555 sed
2499 1499 2635 1554 clari
2664 1512 2882 1568 semper
2911 1507 2967 1553 et
2992 1511 3089 1551 vos
3123 1492 3450 1550 reddamini.

1846 1593 2086 1664 Cognata
2127 1592 2292 1662 igitur
2332 1577 2482 1646 recte
2513 1589 2655 1644 facta
2702 1589 2988 1654 habentes,
3017 1587 3074 1642 in
3127 1585 3265 1656 ipsa,
3299 1591 3357 1638 ut
3397 1583 3452 1637 in

1849 1697 2095 1753 scepum,
2129 1683 2417 1738 intendite.

2122 1867 2382 1926 CLXXV.
2413 1897 2484 1910 -—
2517 1863 2804 1923 HIERACI
2843 1863 3168 1922 DlACONO.

619 1956 942 2026 lmprobitas
968 1968 1017 2012 et
1045 1960 1090 2012 si
1124 1961 1230 2014 lato
1251 1962 1521 2030 principio
1551 1976 1661 2016 esse
1681 1965 1940 2030 videatur,
1972 1973 2145 2020 tamen
2171 1963 2330 2033 ﬁnem
2362 1962 2746 2031 respiciendum
2771 1968 2968 2016 monet.

231 2063 296 2117 Ei
330 2064 425 2117 καὶ
458 2064 592 2136 πρὸς
634 2066 820 2137 κέρδος
864 2067 1221 2140 ἀνελεύθερον
1253 2071 1416 2143 ὀρῶν,
1451 2074 1546 2126 καὶ
1594 2073 1745 2142 φιλοο

158 2157 476 2226 χρηματίας
517 2158 679 2227 ἐρῶν,
723 2161 1010 2216 κάλλιστον
1042 2164 1227 2234 σαυτῷ
1259 2167 1369 2237 ἡγῇ
1404 2166 1742 2238 πεπράχθαι,

159 2249 282 2303 ἀλλ’
315 2250 351 2304 ἃ.
387 2253 626 2322 μάλιστα
678 2255 776 2325 μὲν
807 2258 901 2311 καὶ
943 2258 1106 2322 αὐτὸς
1136 2258 1364 2330 βούλοιο,
1400 2261 1537 2332 πρὸς
1581 2262 1747 2334 τιμὴν

160 2340 258 2392 καὶ
283 2339 438 2404 δόξαν
463 2341 609 2396 ἐστὶν
638 2345 915 2414 αἴσχιστα.
944 2348 1006 2400 Ei
1025 2349 1082 2401 δὲ
1113 2349 1206 2403 καὶ
1231 2349 1330 2420 τὴν
1363 2352 1538 2421 πάντη
1560 2368 1618 2404 τε
1651 2357 1742 2408 καὶ

162 2429 383 2495 πάντως
419 2431 691 2504 ἐψομένην
719 2439 827 2499 τοῖς
860 2438 1122 2503 τοιούτοις
1152 2441 1470 2512 τολμήμασι
1503 2444 1748 2511 λογίσαιο

159 2519 340 2588 δίκην,
391 2517 450 2576 εὗ
498 2518 594 2576 οἷδ’
639 2526 720 2578 ὅτι
767 2527 1246 2601 καταθρηνήσειας
1280 2532 1496 2588 σαυτόν.
1545 2535 1746 2588 Σκόπει

160 2606 260 2664 οὖν
293 2612 354 2664 τὸ
385 2612 504 2667 δέον
527 2631 541 2647 ·
592 2617 654 2670 τὸ
702 2619 811 2690 γὰρ
859 2620 1013 2685 τέλος
1049 2623 1110 2675 τὸ
1143 2624 1423 2680 κάνταῦθα
1453 2627 1611 2680 κάκεῖ
1637 2629 1749 2691 τοῖς

164 2701 450 2757 πταίουσιν
478 2705 744 2776 ἑπόμενον
777 2703 945 2775 οἶδας.

639 2888 822 2956 Ροςῖι.
855 2921 926 2933 -
949 2894 1037 2965 Τῼ
1061 2893 1268 2965 arm.

1921 2076 2038 2131 Etsi
2081 2078 2148 2131 ad
2195 2074 2514 2131 illiberalem
2556 2081 2822 2145 quaestum
2876 2077 3132 2141 respectu
3177 2065 3366 2122 habito
3396 2073 3450 2120 et

1851 2167 2085 2222 habendi
2130 2166 2384 2222 incensus
2425 2163 2725 2235 cupiditate
2775 2163 2980 2232 optime
3032 2167 3212 2213 tecum
3240 2155 3448 2211 factum

1850 2259 2158 2325 existimes;
2187 2259 2281 2314 sed
2311 2273 2432 2328 quae
2459 2256 2801 2327 potissimum
2837 2254 2954 2322 ipse
2996 2259 3236 2322 reputes,
3281 2261 3348 2302 ea
3379 2248 3448 2300 ad

1856 2350 2113 2404 honorem
2154 2348 2487 2419 gloriamque
2527 2355 2654 2402 sunt
2717 2342 3052 2413 turpissima.
3114 2340 3172 2398 Si
3220 2354 3349 2395 vero
3394 2347 3450 2394 et

1856 2441 2095 2510 undique
2150 2447 2314 2510 atque
2350 2441 2573 2494 omnino
2619 2436 2747 2492 talia
2794 2435 3039 2490 facinora
3094 2427 3448 2488 comitantem

1857 2548 2070 2604 poenam
2108 2534 2292 2588 animo
2316 2530 2574 2596 volveris,
2594 2538 2748 2587 certo
2768 2528 2886 2584 scio
2902 2528 3042 2595 fore,
3070 2535 3128 2580 ut
3159 2523 3452 2593 aliquando

1855 2624 2102 2692 deplores
2143 2607 2395 2692 teipsum.
2430 2619 2612 2688 Quare
2674 2618 2988 2683 considera,
3031 2615 3173 2686 quod
3209 2620 3448 2680 oportet.

1856 2712 2009 2770 Nosti
2042 2714 2186 2770 enim
2217 2722 2482 2784 quantum
2521 2711 2853 2782 supplicium
2892 2711 2982 2766 hic
3038 2715 3095 2764 et
3153 2708 3206 2762 in
3267 2704 3451 2761 futura

1857 2814 2073 2860 maneat
2101 2807 2207 2860 vita
2238 2804 2372 2874 legis
2403 2814 2862 2874 transgressores.

2325 2895 2607 2952 CLXXVI.
2637 2923 2710 2936 -
2740 2892 2968 2949 EIDEM.

455 2973 810 3044 Ἀκόλαστος
848 2984 984 3050 quis.
1032 2981 1168 3037 Vitio
1209 2995 1408 3052 careat,
1435 2987 1523 3055 qui
1559 2988 1722 3109 algam
1751 2987 2116 3069 reprehendit;
2142 3002 2266 3042 nam
2291 2983 2499 3054 :Turpe
2526 2996 2601 3040 est
2634 2985 2860 3050 doctori,
2897 2999 3016 3038 cum
3043 2981 3198 3051 σαίρω

1546 3074 1600 3109 re
1643 3069 1812 3109 araun
1847 3072 2041 3109 ipsum.

1546 3069 1812 3131 redarguit
1847 3072 2041 3126 ipsum.

247 3159 308 3214 '0
358 3161 674 3225 ἀκόλαστος,
727 3159 1025 3226 τουτέστιν,
1074 3162 1103 3212 6
1131 3160 1391 3233 ῥᾳθύμως
1435 3164 1604 3233 βιοὺς,
1654 3162 1781 3221 καὶ⁴

1922 3160 2193 3232 Nequam,
2253 3161 2304 3217 id
2367 3169 2472 3227 est,
2539 3161 2876 3232 negligenter
2931 3158 3140 3224 vivens,
3203 3172 3304 3213 nec
3357 3173 3455 3214 sua

161 3251 268 3314 τὰς
301 3252 508 3312 οἰκείας
543 3251 616 3322 μὴ
667 3248 914 3313 κολάζων
953 3253 1268 3322 ἐπιθυμίας,
1299 3254 1438 3309 ἀλλά
1463 3256 1564 3317 τὰς
1594 3258 1752 3326 ἡνίας

163 3342 354 3405 αὐτοῖς
389 3341 625 3404 ἐνδιδοὺς
652 3340 747 3394 τοῦ
791 3341 926 3394 ὅπου
977 3339 1252 3411 βούλοιντο
1291 3347 1512 3415 χωρεῖν,
1544 3347 1592 3398 εἰ
1625 3348 1752 3399 ἐπι-

1854 3251 2148 3304 etneudam
2190 3249 2319 3303 vitia
2359 3257 2522 3318 atque
2548 3247 2924 3317 cupiditatem,
2967 3246 3065 3300 sed
3111 3245 3353 3300 habenas
3387 3246 3457 3302 iis

1854 3338 2062 3403 laxans,
2097 3354 2204 3409 quo
2244 3339 2357 3394 vult
2384 3339 2609 3403 deferri,
2640 3339 2930 3410 permittit,
2963 3339 3007 3394 si
3039 3339 3450 3408 reprehendere

164 3431 381 3502 χειροίη
447 3431 547 3496 τὰς
597 3432 705 3484 τῶν
771 3430 946 3485 ἄλλων
1011 3432 1283 3500 κολάζειν,
1345 3437 1754 3505 καταγέλαστος

1855 3440 2103 3495 conatur,
2144 3432 2189 3486 is
2234 3432 2495 3488 ridiculus
2527 3433 2740 3487 tandem
2775 3433 2971 3488 evadet
3017 3442 3181 3502 atque
3213 3429 3456 3487 infamis.

165 3523 325 3576 ἔσται
367 3523 462 3576 καὶ
497 3520 877 3587 ἐπονείδιστος.
910 3525 986 3578 Ού
1022 3525 1178 3595 μόνον
1214 3525 1323 3599 γάρ
1346 3527 1500 3581 οὐδὲν
1541 3531 1751 3595 ἀνύσει,

168 3610 307 3671 ἀλλά
335 3613 429 3666 καὶ
459 3613 753 3684 κωμῳδίας
782 3613 1036 3678 ὑπόθεσις
1066 3617 1381 3688 γενήσεται,
1405 3618 1754 3688 κατορθῶσαι

170 3705 234 3757 ἐν
283 3702 461 3768 ἀλλοις
501 3703 859 3776 πειρώμενος,
900 3705 1043 3775 άπερ
1079 3707 1240 3772 αὐτὸς
1271 3709 1330 3762 ού
1367 3710 1754 3783 κατώρθωσεν.

169 3791 252 3844 Ού
296 3791 406 3863 γὰρ
459 3791 626 3857 ἐστιν,
671 3793 770 3846 οὐκ
819 3793 936 3846 ἐστι
981 3793 1088 3846 τῶν
1146 3795 1446 3867 ἀλλοτρίων
1487 3801 1756 3870 κρατῆσαι

169 3881 388 3949 παθῶν,
427 3881 517 3935 τὸν
557 3883 668 3935 τῶν
709 3883 926 3936 οἰκείων
971 3883 1046 3954 μὴ
1083 3887 1531 3957 περιγινόμενονο
1561 3892 1756 3943 ταυτὸν

169 3973 290 4045 γάρ
324 3975 488 4037 ποιεῖ,
522 3967 634 4026 οἷον
680 3973 745 4026 ἂν
774 3975 826 4028 εί
850 3992 934 4038 τις
964 3978 1268 4048 στρατηγὸς
1293 3980 1392 4051 τὴν
1420 3979 1520 4050 μὲν
1549 3982 1756 4036 οἰκείαν

171 4065 355 4132 πόλιν,
383 4066 648 4136 ἐμφύλιον
677 4066 905 4137 ἔχουσαν
940 4068 1198 4138 πόλεμον,
1227 4072 1322 4124 καὶ
1351 4072 1630 4139 νοσοῦσαν,
1663 4076 1758 4129 καὶ

175 4157 583 4222 στασιάζουσαν
636 4160 715 4221 είς
773 4159 1024 4228 ὁμόνοιαν
1073 4160 1302 4229 ἀγαγεῖν
1343 4163 1420 4234 μὴ
1475 4164 1755 4238 δυνηθείη,

172 4247 288 4301 τῶν
329 4249 385 4301 δὲ
417 4247 615 4315 ἔξωθεν
667 4248 919 4319 πολέμων
958 4250 1309 4321 περιέσεσθαι
1345 4254 1755 4324 ἐπαγγέλλοιτο.

174 4337 326 4408 Πρὸς
394 4339 452 4392 ὃν
515 4355 599 4401 τις
650 4338 877 4402 εἰκότως
931 4340 1066 4411 φαίη
1095 4357 1108 4372 ·
1153 4341 1553 4414 Ἐμόρόντητε,
1626 4348 1757 4413 ἴσως

174 4428 414 4497 ἀγνοεῖς,
449 4430 532 4482 ὅτι
564 4428 625 4482 ού
655 4429 909 4482 τοσοῦτον
938 4431 988 4482 οἱ
1021 4431 1308 4500 ἀλλόφυλοι
1349 4435 1600 4506 πόλεμοι,
1634 4438 1759 4494 ὅσον

1856 3523 1972 3580 Non
2007 3526 2179 3579 solum
2223 3526 2368 3580 enim
2415 3525 2547 3579 nihil
2583 3524 2819 3594 etpedit,
2861 3527 2954 3579 sed
2989 3531 3044 3578 et
3072 3523 3215 3594 vulgi
3264 3524 3322 3580 [it
3373 3523 3456 3578 fa-

1857 3616 2004 3686 bula,
2041 3618 2316 3688 corrigere
2351 3618 2402 3672 in
2433 3618 2556 3673 aliis
2585 3626 2823 3683 tentans,
2860 3616 2914 3670 in
2960 3631 3069 3686 quo
3119 3617 3237 3686 ipse
3287 3614 3459 3672 delin-

1857 3712 1993 3782 quit.
2026 3710 2214 3781 Neque
2257 3712 2404 3766 enim
2445 3712 2576 3766 mihi
2627 3713 2811 3777 crede,
2852 3711 3083 3766 aliorum
3125 3710 3255 3766 vitia
3295 3724 3457 3765 sana-

1857 3804 1957 3870 bit,
2003 3805 2093 3872 qui
2132 3820 2237 3857 non
2284 3805 2503 3873 propria
2552 3803 2967 3875 expugnaverit.
2999 3803 3145 3858 Idem
3179 3801 3324 3858 enim
3355 3803 3454 3873 ipsi

1863 3895 2135 3958 usuvenit,
2159 3894 2302 3964 quod
2326 3895 2474 3959 duci,
2507 3895 2598 3964 qui
2628 3894 2909 3950 civitatem
2945 3909 3098 3950 suam
3134 3893 3278 3950 bello
3319 3895 3460 3948 inte-

1860 3986 2002 4041 stino
2030 3985 2284 4040 afﬂictam
2316 3985 2786 4056 seditionibusque
2816 3987 3076 4055 agitatam
3117 3987 3184 4040 ad
3221 4000 3456 4042 concor-

1861 4077 2002 4131 diam
2029 4077 2299 4133 adducere
2324 4093 2446 4154 cum
2473 4094 2578 4134 non
2611 4080 2800 4146 possit,
2826 4077 3068 4132 externis
3101 4076 3296 4132 bellum
3331 4091 3446 4130 mo-

1862 4176 2005 4223 veat.
2037 4168 2135 4224 Cui
2168 4169 2363 4224 merito
2399 4169 2522 4240 quis
2569 4169 2811 4226 dixerit:
2845 4170 3040 4234 Stulte,
3093 4184 3161 4224 an
3214 4170 3456 4241 ignoras,

1863 4276 1968 4315 non
1996 4261 2220 4331 perinde
2251 4262 2436 4316 hostes
2460 4269 2718 4316 externos
2748 4275 2946 4316 nocere
2978 4269 3142 4331 atque
3169 4261 3460 4316 internosi

1863 4350 2020 4408 Prius
2043 4354 2226 4422 itaque
2255 4351 2413 4407 civile
2448 4352 2648 4408 bellum
2670 4361 2755 4407 est
2778 4351 3236 4422 componendum,
3260 4351 3458 4407 deinde

1864 4445 2074 4500 externi
2105 4444 2455 4514 aggrediendi
2479 4453 2605 4499 sunt
2627 4443 2832 4499 hostes.

175 4524 236 4577 oi.
287 4522 540 4594 ἐμφύλιοι
598 4522 1005 4594 διαφθείρουσι;
1056 4526 1177 4597 Χρὴ
1233 4515 1326 4582 ὀῦν
1382 4531 1600 4600 πρῶτον
1662 4534 1753 4588 τὸν
1812 4537 1961 4593 ἔνδον
2009 4539 2202 4592 σόέσαι
2235 4539 2495 4608 πόλεμον,
2549 4537 2644 4591 καὶ
2709 4537 2832 4590 τότε
2866 4538 2977 4602 τοῖς
3045 4535 3150 4602 ἔξω
3183 4534 3460 4607 πολεμίοις

182 4614 476 4686 μάχεσθαι.

641 4709 806 4762 ΡοΖν.
847 4741 916 4751 -
954 4712 1297 4785 ΕΠΙΦΑΝΙῼ.

1793 4723 1840 4779 D
1854 4786 1858 4790 .

2223 4716 2529 4773 CLXXVII.
2574 4747 2644 4756 —
2712 4716 3098 4773 EPIPHANIO.

1232 4828 1310 4882 De
1341 4831 1403 4883 iis
1433 4849 1654 4902 quorum
1683 4835 1785 4887 vita
1812 4833 2066 4885 doctrinm
2106 4846 2208 4884 non
2232 4830 2494 4883 convenit.

272 4913 491 4983 Ἐπειδὴ
540 4913 842 4985 θαυμάζειν
874 4916 1029 4988 ἔφης,
1061 4921 1207 4983 ὅπως
1245 4923 1294 4974 οἱ
1332 4925 1429 4992 μὲν
1460 4923 1594 4978 θεῖοι
1625 4944 1762 4998 χρη-

186 5005 320 5074 σμοὶ
373 5005 604 5074 ἡσυχίαν
664 5009 814 5076 ἡμᾶς
873 5009 1028 5075 ἄγειν
1079 5012 1212 5079 φασὶ
1252 5013 1469 5082 χρῆναι,
1531 5016 1630 5069 κᾶν
1681 5033 1766 5080 τις

188 5095 338 5164 ἡμᾶς
384 5094 568 5166 ἀδικῇ,
609 5098 659 5150 οί
688 5097 982 5152 δὲςτούτων
1012 5101 1349 5172 ἑρμηνευταὶ
1390 5106 1450 5157 οὐ
1485 5105 1764 5176 βούλονται

1943 4922 2393 4992 Quandoquidem
2423 4921 2605 4974 mirari
2644 4930 2697 4976 te
2722 4923 2802 4975 ais
2827 4935 3016 4976 sacras
3046 4921 3281 4978 Litteras
3311 4933 3461 4980 tran-

1864 5016 2035 5086 quillo
2069 5026 2127 5068 ut
2156 5015 2327 5069 simus
2351 5013 2676 5081 placidoque
2707 5013 2892 5066 animo
2923 5013 3215 5081 imperare,
3244 5016 3460 5070 etiarnsi

1867 5109 1988 5180 quis
2038 5106 2196 5162 lardat
2225 5106 2530 5174 injuriaque
2575 5103 2772 5158 adiciat
2810 5104 2892 5169 ’νς
2934 5107 3026 5174 qui
3073 5119 3201 5160 vero
3232 5105 3349 5174 ejus
3376 5106 3459 5162 in-

189 5185 428 5255 ἡσυχίαν
463 5186 639 5254 ἄγειν,
673 5189 888 5252 οὐδενὸς
920 5192 1118 5256 αὐτοὺς
1153 5194 1487 5260 ἀδικοῦντος.
1525 5197 1644 5250 Κάν
1683 5214 1766 5261 τις

1871 5208 2138 5271 terpretes
2163 5198 2461 5266 Scriptura:
2489 5197 2762 5253 exsistunt
2790 5197 3073 5264 quiescere
3104 5196 3317 5255 nolunt,
3357 5200 3460 5253 etsi

193 5274 392 5340 αὐτοὺς
434 5276 677 5347 ἐλέγχειν
724 5281 1052 5354 ἐπιχειροίη,
1084 5283 1441 5358 λοιδορεῖσθαι
1474 5289 1764 5357 φάσκουσι,

194 5367 291 5420 καὶ
316 5368 391 5431 ὠς
419 5369 511 5420 ἐπὶ
544 5368 870 5426 καθοσιώσει
898 5375 1094 5431 ἁλόντα
1124 5377 1279 5442 δίκας
1309 5381 1604 5448 πράττουσι
1631 5380 1765 5453 (26).

273 5479 318 5511 ”
356 5478 548 5532 Matth.
590 5494 641 5544 ν,
680 5480 771 5534 29.

1868 5305 1898 5344 a
1959 5292 2175 5345 nemine
2224 5290 2521 5356 laedantur;
2556 5298 2611 5344 et
2646 5290 2690 5343 si
2724 5289 2847 5358 quis
2891 5289 3036 5359 ipsos
3066 5288 3466 5360 reprehendere

1868 5394 2118 5456 conetur,
2150 5382 2311 5437 irrisu
2351 5381 2720 5451 conviciisque
2757 5382 2980 5437 onerari
3033 5397 3094 5438 se
3134 5393 3464 5452 queruntur,

1293 5573 1523 5630 VARle
1557 5576 1945 5635 LECTIONES
1981 5579 2068 5634 ΕΤ
2107 5579 2342 5635 NOTAE.

274 5701 386 5772 (‘26)
414 5704 521 5779 lia}
549 5704 756 5779 (lacerti
791 5705 1142 5779 κᾳθοᾳιὼσει
1172 5707 1378 5761 ἁλόντι
1402 5707 1573 5767 δίκαο
1596 5712 1771 5779 πρὰτο

1882 5718 1962 5781 est
1994 5711 2250 5766 homines
2279 5713 2394 5781 pios
2441 5721 2493 5766 et
2539 5713 2648 5767 Deo
2689 5721 3039 5770 consecratos
3090 5713 3374 5770 traducere
3409 5725 3464 5771 et

204 5787 434 5853 τουᾳιγ.
474 5773 729 5853 βαιῷ(ίῂ
780 5774 914 5828 velut
966 5775 1348 5853 innsacrilcgio
1397 5773 1770 5853 deprehensum
1882 5780 2222 5853 calumniari,
2258 5773 2476 5853 quodet
2504 5782 2666 5837 larva:
2690 5783 2998 5853 bujusnmdi
3040 5787 3376 5852 praetendunt
3416 5802 3457 5837 δι

205 5843 384 5910 puniri
406 5844 600 5899 volunt.
627 5843 778 5899 Alter
803 5853 958 5901 antea
988 5864 999 5900 :
1029 5843 1224 5902 Verum
1257 5843 1398 5903 enim
1433 5843 1773 5920 sacrilegium
1884 5851 1949 5907 de
1997 5843 2236 5921 peccatis
2276 5843 2539 5924 'vitiisqne
2579 5843 2992 5910 admoneamur.
3040 5843 3122 5910 'De
3172 5868 3298 5910 voce
3338 5855 3462 5910 κοθ-
