4122 6432
761 306 898 373 1435

1941 310 2002 370 S.
2045 308 2336 370 ISIDORI
2370 305 2807 366 PELUSIOTzE

3867 305 3888 366 1
3907 309 3988 369 ἱΞὸ

754 422 999 468 assuetos
1042 411 1178 467 haud
1240 412 1395 467 facile
1445 412 1511 468 ad
1536 423 1826 485 generosos
1869 412 2089 469 virtutis
2140 427 2290 468 more

2421 409 2629 473 παῖδες,
2675 410 2736 462 ού
2769 409 2964 481 ῥᾳδίως
3001 409 3114 479 μετ¹
3147 409 3345 481 ἀρετῆς
3389 413 3726 486 είς-,ἀνδρίαν
3759 415 3872 482 (51)
3904 419 3988 470 ix—

754 518 1060 573 assurgere,
1087 505 1199 574 ipse
1231 507 1393 570 nosti,
1427 501 1682 575 quantum
1708 521 1739 560 e
1771 506 1873 561 tuis
1907 507 1972 560 ad
2004 521 2087 562 me
2121 508 2289 562 litteri

2422 499 2695 569 δήσονται,
2722 502 2812 552 καὶ
2843 504 2874 572 ἡ
2904 501 2970 572 σὴ
3001 501 3212 564 σύνεσις
3233 503 3300 554 δι’
3323 497 3398 559 ὧν
3415 503 3675 575 ἔγραψεν,
3704 506 3987 576 ἐδήλωσεν.

755 592 935 649 didici.
964 592 1039 647 ita
1073 609 1201 650 vero
1225 611 1336 650 rem
1372 611 1433 650 se
1482 597 1701 659 habere.
1739 612 1881 651 nunc
1931 598 2175 665 pluribus
2207 599 2319 667 ipse

753 685 1054 741 ostendam.
1086 685 1514 755 'l'emperantiam
1535 689 1675 741 enim
1702 688 1990 758 juvenibus
2008 689 2164 757 eripit
2195 704 2315 742 cum

754 776 1054 831 libidinosis
1075 776 1430 831 familiaritas.
1458 777 1802 832 Prudentium
1829 795 1956 833 vero
1974 781 2092 850 fuga
2119 779 2316 834 laboris

753 866 808 920 in
841 868 907 921 iis
965 869 1220 938 legendis,
1265 885 1384 938 quae
1434 869 1627 924 decent
1663 889 1675 924 :
1713 870 2077 925 fortitudinem
2133 881 2312 926 autem

753 955 929 1012 aufert
977 959 1237 1014 mollities
1285 959 1922 1029 bistrlonum,justitiam
1954 962 2311 1031 doniqueadi-

758 1058 911 1104 munt
937 1051 1221 1104 mimorum
1249 1050 1507 1120 pet-juris.
1539 1051 1670 1115 Quis
1701 1053 1879 1119 itaque
1911 1068 2013 1105 non
2032 1053 2314 1107 condoleat

763 1149 1229 1194 commoveaturve
1263 1141 1472 1195 decoris
1507 1151 1646 1194 statu
1681 1141 1886 1194 minuto
1923 1158 2083 1210 quem
2131 1157 2314 1197 neces-

752 1227 896 1280 sario
941 1229 1290 1296 consequitur
1329 1238 1421 1282 aut
1455 1229 1666 1283 irrideri
1699 1239 1791 1284 aut
1828 1231 2076 1285 turbari?
2109 1230 2306 1285 Horum

750 1313 877 1368 illud
909 1316 1118 1381 quidem
1157 1330 1352 1383 scenae,
1385 1317 1485 1372 boc
1515 1333 1644 1371 vero
1669 1318 2004 1373 Circensium
2035 1320 2304 1387 ludorum,

749 1403 838 1456 ubi
868 1405 1022 1472 equis
1071 1407 1433 1470 concurritur,
1466 1407 1743 1476 proprium
1793 1419 1895 1464 est.
1920 1408 2088 1463 Ratus
2130 1403 2308 1480 itaque

744 1509 908 1562 grave
941 1511 1060 1550 esse
1098 1497 1321 1564 juvenes
1355 1498 1443 1552 tali
1492 1499 1961 1568 capispectaculo,
1995 1501 2306 1556 iuterdicito

746 1586 872 1651 illis,
906 1585 1085 1640 verbis
1138 1588 1504 1656 potissimum,
1532 1598 1590 1643 et
1637 1591 1738 1644 nisi
1782 1600 2006 1659 pareant
2055 1593 2304 1660 dictoque

743 1677 854 1730 sint
897 1677 1196 1744 audientes,
1223 1687 1365 1731 metu
1417 1677 1581 1733 etiam
1639 1689 1888 1734 coerceto
1923 1699 1934 1734 :
1975 1681 2044 1734 ita
2097 1681 2208 1747 fiet,
2248 1691 2305 1736 ut

2422 587 2542 642 Ὅτι
2583 589 2642 644 δὲ
2693 590 2785 642 καὶ
2825 591 2998 654 οὕτως
3045 591 3156 660 ἔχει
3195 592 3255 644 τὸ
3296 595 3546 663 πρᾶγμα,
3594 596 3796 649 αὐτίκα
3851 598 3987 668 μάλα

2418 683 2715 753 εἰρήσεται.
2745 681 2856 753 Τὴν
2908 684 3006 753 μὲν
3040 685 3148 755 γὰρ
3178 686 3530 756 σωφροσύνην
3568 690 3755 752 αὐτοῖς
3786 708 3983 759 παραι-

2418 775 2588 843 ρεῖται
2629 773 2688 826 τὸ
2718 776 2844 836 ’τοῖς
2893 776 3268 842 ἀσελγαίνουσι
3321 776 3714 847 συνδιατρίϐειν
3738 797 3750 810 ·
3787 780 3887 850 τὴν
3935 783 3983 835 δὲ

2417 863 2673 934 φρόνησιν
2713 865 2770 916 τὸ
2798 867 2923 927 τοὺς
2950 868 3008 918 ὲν
3039 868 3149 929 τοῖς
3173 868 3535 938 προσήκουσιν
3560 870 3983 940 ἀναγνώσμασιν

2418 953 2644 1023 ἱδρῶτας
2669 955 3112 1025 ἀποδιδράσκειν·
3145 957 3242 1027 τὴν
3279 957 3334 1009 δὲ
3357 959 3577 1029 ἀνδρίαν
3609 962 3641 1030 η
3677 961 3790 1013 τῶν
3823 963 3983 1032 ὀρχη-

2415 1044 2554 1096 στῶν
2600 1045 2890 1114 ἀνανδρίαο
2935 1049 3033 1115 τὴν
3075 1048 3132 1101 δὲ
3175 1047 3517 1119 δικαιοσύνην
3559 1051 3592 1120 ἡ
3643 1050 3756 1102 τῶν
3804 1053 3982 1121 μίμων

2413 1137 2686 1206 ἐπιορκία.
2739 1139 2855 1190 Τίνι
2890 1138 2934 1191 δ’
2967 1140 3032 1192 ἂν
3069 1140 3099 1210 ἢ
3142 1141 3549 1209 συναχθεσθεῖεν
3581 1142 3612 1212 ἦ
3664 1144 3981 1214 συνησθεῐεν

2413 1229 2551 1296 μετά
2580 1231 2677 1299 τῆς
2704 1230 3016 1302 πρεπούσης
3047 1234 3450 1299 καταστάσεως,
3483 1230 3561 1296 οἷς
3586 1235 3734 1288 δυοῖν
3765 1227 3976 1306 ἀνάγκὴ

2411 1317 2653 1390 θάτερον,
2704 1319 2736 1389 ἢ
2793 1321 3041 1391 γελᾷν,ἢ
3093 1324 3458 1394 τεταράχθαις
3505 1320 3603 1378 Ὧν
3640 1326 3704 1378 τὸ
3752 1329 3856 1396 μὲν
3888 1329 3978 1396 τῆς

2410 1410 2634 1481 σκηνῆς,
2665 1411 2724 1464 τὸ
2771 1410 2827 1464 δὲ
2873 1414 2966 1466 τοῦ
3001 1415 3331 1485 ἱπποδρόμου
3363 1415 3532 1488 δῶρόν
3580 1419 3750 1473 ἐστιν.
3801 1420 3978 1472 Δεινδν

2407 1501 2704 1571 ἡγούμενο,
2748 1504 2809 1558 τὸ
2842 1507 2908 1574 τῇ
2951 1505 3047 1576 θέᾳ
3095 1506 3390 1560 ἑαλωκέναι
3431 1510 3557 1572 τοὺς
3595 1511 3770 1574 νέους,
3830 1507 3975 1580 εἶργε

2404 1592 2648 1657 τούτους,
2704 1595 2939 1664 μάλιστα
2990 1597 3091 1667 μὲν
3139 1598 3302 1669 λόγῳ,
3354 1602 3402 1652 εί
3445 1600 3501 1653 δὲ
3545 1601 3622 1671 μὴ
3676 1601 3972 1664 πείθοιντο,

2406 1683 2576 1754 φόϐῳ.
2635 1684 2837 1756 Ῥᾷστα
2881 1687 2990 1757 γὰρ
3029 1687 3095 1740 ἂν
3133 1688 3304 1752 οὕτως
3355 1691 3605 1760 ἀρίστους
3649 1692 3854 1765 ἄνδρας
3888 1695 3974 1747 καὶ

742 1765 896 1821 facile
925 1767 1118 1836 probos
1151 1769 1294 1828 viros
1329 1778 1679 1838 oratoresque
1709 1773 1952 1844 egregios
1987 1744 2212 1830 formes.
2233 1775 2290 1828 AI

2401 1744 2607 1839 δεινοὺς
2633 1744 2870 1848 ῥήτορας
2893 1744 3345 1852 δημιουργήσας.
3374 1744 3436 1835 ἐξ
3459 1782 3533 1844 δὲ,
3562 1744 3635 1846 Lb;
3663 1744 3969 1855 γέγραφας,

740 1856 808 1920 si,
848 1867 907 1910 ut
935 1858 1146 1921 scribis,
1173 1873 1336 1929 grave
1377 1860 1505 1924 iiiis,
1540 1861 1934 1932 molestumque
1964 1866 2161 1920 accidit
2193 1866 2302 1935 pri-

741 1949 857 2003 vari
892 1951 1410 2022 voluptatibus,qu:e
1437 1953 1750 2008 Sirenarum
1781 1958 1961 2010 eantui
1990 1972 2304 2027 comparan-

741 2048 847 2104 tur,
874 2040 1026 2108 cujus
1059 2041 1328 2097 silentium
1349 2044 1650 2118 hominibus
1673 2047 1856 2101 utilius
1885 2056 1965 2102 est
1994 2066 2008 2104 :
2036 2051 2298 2118 siquidem

737 2139 1049 2186 asseverent
1103 2132 1242 2186 illam
1287 2125 1602 2199 invaluisse,
1634 2147 1687 2189 et
1718 2137 1926 2207 legibus
1977 2141 2296 2207 permissum

733 2235 877 2286 esse,
913 2221 1014 2276 boc
1041 2222 1268 2286 discant,
1292 2229 1438 2293 quod
1466 2224 1696 2282 fortasse
1747 2236 1803 2282 ut
1849 2229 1950 2283 alia
1987 2232 2150 2284 multa
2185 2232 2298 2300 pul-

731 2312 862 2366 chra
892 2313 1167 2382 ignorant,
1200 2317 1434 2384 perverti
1490 2333 1587 2388 per
1613 2319 1783 2385 illaut,
1807 2329 1861 2375 et
1888 2323 1954 2376 ad
1986 2323 2183 2377 malum
2213 2325 2299 2378 iu-

735 2403 955 2456 formari
988 2403 1345 2473 juventutem.
1367 2407 1625 2473 Quoniam
1662 2411 1758 2478 qui
1793 2397 1891 2464 sub
1926 2412 2026 2466 hac
2054 2413 2289 2468 delecta-

735 2493 881 2548 tione
909 2494 1243 2551 mortiferam
1271 2496 1597 2565 voluptatem
1637 2501 1687 2553 in
1750 2501 1994 2555 civitates
2039 2503 2106 2557 ab
2141 2505 2293 2560 initio

731 2585 1071 2651 iuvexerunt,
1111 2602 1176 2642 ac
1223 2592 1483 2643 venenum
1529 2590 1631 2645 hoc
1681 2606 1747 2646 ex
1800 2593 2023 2648 humani
2077 2599 2293 2665 generis

732 2676 900 2733 hostis
931 2687 1050 2732 voto
1080 2678 1206 2748 (qui
1237 2688 1290 2734 et
1316 2680 1612 2737 incidentes
1648 2684 1964 2740 occasiones
1994 2687 2060 2740 ad
2096 2688 2289 2743 interi~

732 2780 841 2823 tum
881 2771 1235 2838 spectantium
1268 2774 1570 2842 convertit)
1603 2776 2013 2831 commiscentes
2044 2793 2146 2833 non
2175 2796 2279 2835 una

730 2861 938 2915 ratione
1001 2861 1104 2915 huc
1158 2873 1534 2929 pervenerunt.
1587 2861 1798 2920 Etenim
1860 2866 2003 2936 leges
2056 2880 2294 2926 externze

727 2967 833 3005 non
881 2952 1287 3021 prohibuerint;
1331 2963 1383 3007 at
1415 2955 1628 3010 scilicet
1677 2956 1729 3010 id
1782 2960 2061 3026 probabile
2102 2962 2204 3017 hac
2228 2965 2293 3018 de

724 3058 913 3098 causa.
941 3044 1257 3114 ConspeCtis
1312 3046 1456 3099 enim
1487 3048 1835 3117 exercitibus,
1871 3051 1962 3119 qui
1992 3067 2023 3106 a
2053 3051 2285 3108 Cresari-
2317 3082 2356 3138 ε

725 3135 824 3188 bus
853 3135 1172 3204 regibusque
1193 3135 1514 3202 penderent,
1535 3147 1587 3192 ct
1621 3139 1735 3193 haec
1764 3155 1856 3210 per
1883 3157 2097 3198 omnem
2121 3144 2285 3199 vitam

724 3225 1121 3292 prmstantibus,
1154 3226 1362 3293 populis
1386 3240 1513 3281 vero
1553 3229 1684 3284 visis
1708 3233 1922 3287 urbium
1956 3234 2179 3300 incolis,
2195 3238 2285 3305 qui

718 3314 1079 3383 periculorum
1099 3316 1303 3372 nullum
1333 3319 1383 3372 in
1404 3320 1570 3374 armis
1596 3320 1792 3378 habent
1812 3327 2240 3393 experimentum
2268 3346 2282 3394 ;

723 3406 940 3476 insuper
977 3421 1090 3471 eos,
1124 3409 1216 3478 qui
1267 3411 1318 3464 in
1372 3411 1460 3466 tali
1524 3414 1892 3470 reiaxamento
1941 3431 2287 3476 versarentur

716 3496 928 3563 (neque
955 3499 1096 3551 enim
1127 3513 1314 3554 omnes
1341 3501 1525 3566 quiete
1563 3503 1630 3557 ad
1662 3504 1857 3559 bonum
1894 3511 2148 3579 utuntur)
2179 3526 2282 3567 sae-

716 3601 1016 3651 penumero
1055 3589 1291 3660 juvenile
1344 3593 1598 3663 quiddam
1659 3599 1985 3668 cogitantes,
2023 3615 2279 3657 resecan-

717 3679 843 3730 dam
876 3679 1154 3746 opinantes
1185 3692 1376 3751 sponte
1412 3693 1590 3739 natam
1622 3688 1972 3744 rebellionum
1999 3694 2276 3751 radicem:

718 3783 888 3837 neque
953 3770 1150 3837 duplex‘
1206 3774 1506 3829 rectoribus
1555 3778 1861 3846 reipublicae
1903 3781 2099 3838 bellum
2161 3801 2280 3842 esse

715 3861 1154 3927 permittendum,
1173 3865 1364 3932 pertint
1412 3873 1715 3936 externum,
1736 3882 1929 3940 parum
1966 3873 2277 3931 intestinum

714 3964 807 4005 seu
828 3950 1002 4016 civile,
1038 3953 1175 4008 banc
1203 3958 1610 4024 occupationem
1646 3973 1986 4029 repererunt,
2008 3981 2073 4020 ac
2106 3971 2278 4035 quod—

713 4041 797 4096 vis
826 4039 1030 4097 facinus
1060 4043 1420 4113 imprudenter
1450 4047 1648 4103 audere
1702 4055 1982 4109 consuetis
2042 4058 2277 4114 tradide-

712 4139 856 4193 runt,
896 4132 1131 4200 ipsisque
1159 4136 1514 4192 contentionis
1538 4139 1874 4196 occasionem
1907 4146 2271 4213 praebuerunt.

711 4219 840 4288 Quae
867 4224 1078 4290 quidem
1121 4240 1229 4279 rem
1254 4235 1452 4281 tantam
1485 4231 1745 4297 perficere
1786 4249 1889 4290 non
1927 4238 2154 4306 valebat,
2181 4248 2273 4297 sed

711 4324 891 4364 acrem
925 4313 1102 4379 potius
1141 4315 1376 4369 animum
1419 4317 1518 4373 hac
1571 4324 1960 4381 exercitatione
1987 4343 2272 4386 consume-

2403 1862 2572 1916 δεινὸν
2607 1865 2867 1936 ἡγοῦνται
2903 1867 2963 1920 τὸ
3009 1868 3107 1937 τῆς
3139 1870 3381 1939 τέρψεως
3414 1872 3626 1942 ἐκείνης
3659 1874 3967 1944 εῐργεσθαι.

2401 1952 2524 2022 ἣτις
2558 1955 2797 2024 ἀτεχνῶς
2820 1957 2961 2012 ἔοικε
2996 1961 3059 2030 τῇ
3095 1960 3202 2013 τῶν
3232 1961 3501 2033 Σειρήνων
3530 1963 3660 2035 ᾠδῇ,
3690 1961 3760 2032 ἧς
3780 1968 3813 2035 ἠ
3849 1968 3970 2034 σιγὴ

2401 2048 2790 2117 χρησιμωτέρα
2833 2051 2947 2112 τοῖς
2999 2051 3326 2120 ἀνθρώποις.
3357 2053 3459 2105 Ἦν
3491 2054 3884 2122 ἰσχυρίζωνταί
3915 2074 3966 2108 τε

2399 2137 2713 2204 νενομίσθαι
2752 2138 2952 2207 ταύτην
2983 2141 3078 2193 καὶ
3106 2143 3572 2214 συγκεχωρῆσθαι,
3611 2147 3788 2199 ἐκεῖνο
3837 2164 3966 2216 μαν-

2400 2226 2751 2294 θανέτωσαν,
2805 2233 2940 2302 ὅπερ
2999 2233 3128 2296 ῐσως
3186 2235 3323 2303 μετά
3381 2235 3486 2288 τῶν
3546 2235 3721 2289 ἀλλων
3787 2238 3968 2290 καλῶν

2397 2319 2743 2388 ἀγνοοῦντες,
2789 2324 3088 2378 ἀδικεῖσθαι
3117 2327 3315 2381 οῐονται
3346 2327 3442 2397 τὴν
3471 2330 3692 2399 νεότητα
3728 2333 3823 2383 καὶ
3865 2349 3966 2383 πα-

2398 2413 2746 2481 ρανομεῖσθαι
2767 2431 2779 2444 ·
2806 2400 2885 2468 ὅτι
2919 2417 2966 2467 oi
3004 2419 3101 2487 τὴν
3127 2417 3233 2470 ἀπὸ
3261 2419 3355 2487 τῆς
3381 2418 3617 2488 τέρψεως
3636 2420 3843 2489 ταύτης
3874 2422 3962 2474 θαο

2397 2504 2702 2574 νατηφόρον
2741 2505 2933 2576 ἡδονὴν
2961 2507 3018 2573 ἐξ
3051 2507 3224 2578 ἀρχῆς
3273 2512 3351 2572 εις
3379 2511 3473 2573 τὰς
3524 2512 3706 2575 πόλεις
3751 2514 3964 2580 εἰσαγα-

2395 2591 2601 2660 γόντες,
2651 2596 2743 2648 καὶ
2785 2595 2844 2649 τὸ
2894 2597 3218 2667 δηλητήριον
3275 2601 3415 2654 κατά
3460 2601 3683 2673 γνώμην
3732 2603 3829 2656 τοῦ
3866 2608 3962 2673 τῆς

2395 2684 2812 2756 ἀνθρωπότητος
2855 2687 3049 2757 ἐχθροῦ
3109 2690 3237 2760 (τοῦ
3288 2692 3518 2757 καὶτὰς
3580 2696 3959 2764 ἐμπιπτούσας

2396 2776 2693 2844 προφάσεις
2724 2779 2802 2841 είς
2836 2779 3110 2834 ἀπώλειαν
3141 2783 3432 2854 τρέποντος
3464 2789 3585 2848 ταῖς
3617 2788 3818 2858 ψυχαξ
3856 2789 3958 2840 τῶν

2396 2863 2712 2933 θεωμένων)
2767 2868 3113 2934 κεράσαντες,
3156 2872 3256 2923 οὐκ
3304 2874 3370 2925 ἂν
3418 2859 3817 2946 ἀπλῶςίῆλθον
3868 2879 3958 2928 ἐπὶ

2391 2954 2548 3006 τοῦτο
2596 2952 2659 3025 (ἦ
2709 2957 2813 3026 γὰρ
2854 2957 2919 3009 ἂν
2949 2959 3066 3011 οὐδὲ
3095 2962 3145 3012 oi
3176 2960 3371 3025 ἔξωθεν
3397 2965 3549 3033 νόμοι
3585 2956 3894 3035 ἐπέτρεψαν
3917 2973 3955 3035 l,

2389 3043 2523 3097 ἀλλά
2559 3047 2675 3113 μετ’
2704 3046 2922 3116 εὐλόγου
2946 3049 3103 3120 δῆθεν
3133 3052 3329 3116 αἰτίας.
3369 3054 3631 3125 ὐρῶντες
3659 3057 3769 3127 γὰρ
3794 3075 3955 3129 στρα-

2388 3134 2582 3188 τόπεδα
2629 3138 2727 3207 μὲν
2770 3143 2880 3201 τοῖς
2923 3141 3230 3210 βασιλεῦσιν
3267 3145 3622 3218 ἐξηρτυμένα,
3668 3151 3762 3203 καὶ
3803 3152 3953 3205 ταῦτ’

2388 3224 2750 3293 ὲξασκοῦντας
2795 3229 2881 3284 διά
2929 3231 3021 3287 τοῦ
3066 3232 3215 3302 βίου,
3256 3239 3379 3300 τοὺς
3425 3237 3468 3290 δ’
3498 3241 3554 3292 ὲν
3596 3242 3716 3301 ταῖς
3768 3243 3950 3295 πόλεσι

2387 3314 2590 3386 δήμους
2628 3321 2875 3376 ἀτέλειαν
2916 3323 3136 3395 ἔχοντας
3167 3328 3273 3381 τῶν
3304 3330 3360 3382 ἐν
3399 3331 3509 3391 τοῖς
3554 3331 3741 3397 ὅπλοις
3773 3336 3950 3388 κινδύ-

2387 3423 2512 3471 νων,
2538 3411 2629 3462 καὶ
2658 3412 2852 3481 πολλὴν
2877 3415 3104 3482 ἄγοντας
3135 3419 3233 3488 τὴν
3259 3421 3449 3492 σχολήν
3468 3438 3480 3450 ⁸
3507 3423 3866 3489 γινώσκοντές
3892 3444 3947 3478 τε

2385 3508 2509 3572 τοὺς
2546 3511 2605 3563 ὲν
2641 3513 2863 3586 τοιαύτῃ
2896 3518 3144 3589 ῥᾳστώνῃ
3187 3520 3343 3585 ὄντας
3377 3524 3470 3594 (οὐ
3504 3523 3610 3596 γὰρ
3650 3527 3853 3593 πάντες
3881 3534 3943 3600 τῇ

2385 3601 2546 3674 σχολῇ
2591 3605 2682 3658 ἐπὶ
2727 3608 2874 3679 καλῷ
2927 3611 3216 3683 χρῶνται),
3276 3614 3529 3680 πολλάκις
3577 3619 3843 3692 νεώτερόν
3895 3642 3944 3676 τι

2385 3692 2761 3763 βουλεύοντας’
2820 3703 3050 3772 ἐκκόψαι
3099 3705 3206 3758 δεῖν
3254 3708 3526 3780 οἰηθέντες
3571 3712 3942 3784 αὐτόπρεμνον

2381 3784 2487 3839 τῶν
2519 3789 2938 3846 ὲπαναστάσεων
2971 3796 3065 3866 τὴν
3096 3796 3269 3866 ῥίζαν,
3297 3803 3389 3854 καὶ
3424 3803 3496 3874 μὴ
3522 3803 3740 3858 διπλοῦν
3788 3809 3941 3860 ἐᾶσαι

2381 3879 2491 3939 τοῖς
2522 3879 2839 3950 ἡγουμένοις
2870 3885 2959 3937 τὸν
2986 3887 3238 3956 πόλεμον,
3269 3885 3359 3943 τὸν
3389 3894 3485 3962 μὲν
3519 3893 3737 3959 ἔξωθεν,
3771 3899 3864 3951 τὸν
3887 3898 3940 3950 δὲ

2379 3965 2613 4032 ἔνδοθεν,
2641 3972 2894 4041 ἀσχολίαν
2921 3977 3041 4031 τινὰ
3079 3979 3280 4052 ταύτην
3312 3985 3634 4057 ,ἐξηύραντω
3683 3991 3775 4042 καὶ
3809 4008 3936 4043 κατ-

2377 4058 2676 4113 εσκεύασαν
2702 4066 2814 4126 τοῖς
2847 4067 3261 4138 ἀπερισκέπτως
3281 4075 3458 4129 ὁτιοῦν
3480 4079 3682 4150 τολμᾷν
3702 4081 3933 4136 εἰωθόσι·

2377 4147 2468 4201 καὶ
2500 4149 2794 4207 δεδώκασιν
2825 4157 3006 4221 αὐτοῖς
3037 4162 3114 4225 εις
3145 4163 3470 4232 φιλονεικίαν
3505 4147 3777 4243 ἀφορμὴν,
3808 4191 3930 4227 τοσ-

2373 4240 2527 4294 οῦτον
2560 4243 2656 4311 μὲν
2689 4245 2840 4298 οὐδὲν
2877 4248 3071 4303 ἀνῦσαι
3105 4253 3408 4323 ἰσχύουσαν,
3446 4258 3623 4330 δεινὴν
3648 4240 3817 4317 sese»
3850 4264 3937 4317 θυ-

2377 4331 2473 4400 μὸν
2510 4333 2812 4406 δαπανῆσαι
2857 4343 2983 4412 περὶ
3032 4345 3201 4415 αὐτήν
3228 4362 3240 4374 ·
3277 4348 3422 4401 τοῦτ’
3453 4351 3598 4404 ἔστιν
3637 4357 3668 4424 ἡ
3701 4355 3807 4409 τῶν
3854 4359 3936 4409 ἰπ-

713 4400 821 4452 bat.
880 4401 1082 4456 Similis
1138 4415 1219 4458 est
1280 4409 1535 4463 continua
1587 4426 1846 4482 equorum
1889 4422 2169 4474 contentio
2215 4433 2268 4477 et

713 4489 926 4514 κλιξιὲ--
995 4495 1221 4514 ---μι-ᾼ-
1281 4513 1289 4514 ,
1470 4510 1479 4514 _
1528 4503 1557 4514 ,ο
1638 4506 1776 4514 Α--
1893 4508 1904 4514 -
1959 4509 1969 4514 -

2393 4436 2486 4473 των
2509 4425 2733 4494 συνεχὴς
2756 4426 2975 4496 ἅμιλλα.
3005 4432 3248 4507 πολιτική
3272 4455 3353 4502 τις
3374 4439 3510 4510 ἔρις,
3536 4443 3932 4514 ἐπιστρέφουσα

712 4489 929 4558 poiitica
989 4495 1229 4561 quaedam
1271 4503 1599 4555 concertatio
1628 4506 1786 4574 6n
1839 4508 1904 4561 ad
1957 4509 2056 4564 boc
2089 4522 2263 4566 certa—

710 4596 832 4634 men
887 4582 1120 4639 invitans
1166 4602 1276 4654 eos,
1342 4592 1431 4660 qui
1487 4593 1617 4646 nihil
1671 4600 2009 4653 commodum
2045 4611 2098 4654 et
2140 4604 2268 4659 utile

707 4688 866 4742 agere
919 4676 1118 4741 volunt,
1149 4690 1203 4733 et
1255 4683 1320 4735 ad
1367 4685 1535 4736 otium
1589 4685 1816 4743 fortasse
1865 4699 1927 4743 et.
1962 4695 2262 4748 socordiam

706 4766 962 4833 aspirant.
1005 4768 1150 4824 Talis
1185 4771 1268 4825 ille
1301 4788 1476 4828 scenae
1523 4789 1810 4845 apparatus
1842 4791 1978 4848 erat,
2004 4787 2263 4842 varietate

706 4854 920 4922 quidem
967 4869 1269 4925 spectantes
1320 4877 1566 4931 pascens,
1604 4866 1909 4924 auditorum
1946 4886 2070 4928 vero
2117 4875 2266 4928 auri-

2371 4513 2507 4613 az‘p‘b‘;
2534 4520 2742 4571 τουτονὶ
2771 4521 2859 4574 τὸν
2891 4525 3078 4592 ἀγῶνα
3105 4532 3232 4594 τοὺς
3264 4533 3368 4586 ὑπὸ
3390 4536 3482 4588 τοῦ
3514 4540 3679 4609 μηδὲν
3706 4544 3930 4613 χρηστὸν

2372 4603 2575 4660 ἐθέλειν
2612 4613 2804 4675 ποιεῖν,
2856 4613 2984 4678 ἴσως
3029 4619 3093 4671 ἀν
3127 4638 3177 4672 τι
3225 4603 3628 4698 ἀργαλεώτερον
3657 4603 3929 4702 ἐννοησον·

2369 4712 2465 4759 τας
2485 4699 2675 4792 ’-τοῦθ’
2707 4705 2738 4773 ἡ
2769 4707 2895 4775 περὶ
2927 4706 3022 4777 τὴν
3051 4710 3360 4786 ὀρχήστραν
3384 4721 3624 4773 ποικιλία
3644 4739 3656 4750 ·
3683 4699 3811 4786 τοὺς
3835 4727 3926 4792 μὲν

2369 4789 2475 4856 γὰρ
2507 4789 2770 4886 θεάμασιν
2792 4797 3047 4864 ἑστιῶσα,
3082 4803 3188 4855 τῶν
3218 4805 3274 4859 δὲ
3309 4810 3612 4880 ἀκούσμασι
3643 4815 3741 4886 τὴν
3762 4789 3925 4886 ἀκοὴν

2367 4881 2718 4950 γοητεύουσα,
2771 4886 2935 4955 ἔδοξε,
2971 4892 3146 4946 καίτοι
3198 4902 3459 4971 πονηρίας
3488 4904 3753 4974 γέμουσα,
3800 4926 3924 4962 στα-

1790 5040 2020 5098 νΑῐὶΙίΕ
2061 5046 2440 5107 LECTIONES
2479 5053 2566 5109 ET
2607 5057 2838 5116 ΝΟΤίΕ.

703 5203 935 5284 lsidorus
952 5221 1164 5284 rursum
1187 5223 1278 5284 cp;
1296 5209 1426 5284 517;
1449 5211 1772 5284 Thucydidis
1801 5227 1976 5271 autem
2004 5220 2150 5279 locus
2172 5234 2257 5279 est

703 5273 898 5350 l_ib,__m
942 5275 1015 5350 pe
1062 5277 1189 5350 bello
1221 5273 1696 5347 "Peloponnesium,
1749 5287 1798 5338 in
1842 5273 2241 5350 αιωυεζέτᾶῐέ

702 5340 913 5405 Utilior,
946 5339 1377 5425 iuquit,_imcu_i_u
1408 5339 1829 5425 cum_modeslia,
1858 5339 2259 5425 ῥιὶαηῗεαὶἰίᾶἓζ

698 5421 778 5493 τρε
801 5427 916 5493 cunt
947 5415 1284 5493 imma_n_itate.
1321 5420 1485 5493 Siciet
1516 5423 1717 5476 Statius
1754 5415 2004 5493 Papinius
2032 5448 2044 5484 :

704 5477 976 5548 Ingenium
1000 5486 1230 5550 probitas
1260 5490 1521 5558 animique
1551 5493 1809 5547 industria
1828 5477 2020 5552 rcilicii.

851 5586 948 5679 bos
969 5587 1211 5679 Illsido‘rus
1241 5597 1583 5679 reprehendit
1627 5601 1776 5669 quasi
1827 5601 2077 5661 virtutem
2112 5613 2258 5679 l‘ngc-

697 5661 840 5718 reut,
877 5667 930 5711 ut
968 5657 1216 5718 Horatius
1251 5657 1470 5720 Flaccus
1505 5685 1517 5696 ·

2365 5231 2588 5324 θρίοις,
2617 5239 2769 5324 ciues,
2798 5245 3077 5308 querenda
3102 5254 3322 5316 pecunia
3360 5258 3582 5321 primum
3616 5273 3712 5324 ut.

2373 5298 2543 5356 Virtus
2573 5317 2684 5373 post
2713 5298 3017 5368 nummos...

2358 5409 2526 5501 Porus
2555 5430 2679 5496 vero
2714 5416 2961 5501 [socratis
3002 5425 3195 5485 allatus
3222 5471 3236 5495 ,
3273 5444 3356 5488 est
3405 5435 3561 5492 initio
3605 5441 3912 5501 Para'netiri

2358 5481 2425 5531 ad
2463 5482 2818 5541 Demonicum.
2854 5491 3088 5550 SCIIOTT.

2429 5552 2780 5642 ἐξιλρεοθείς
2809 5560 3026 5642 ἀνδρίαν
3059 5570 3213 5628 codd.
3251 5572 3368 5630 Vati.
3415 5576 3520 5633 650
3572 5589 3627 5636 ct
3666 5583 3771 5641 Αιι.
3821 5587 3910 5642 ba-

2357 5619 2480 5675 bcnt
2511 5624 2588 5686 εἰς
2617 5619 2830 5697 ἄνδρας.
2868 5619 3072 5691 Possm,
