4122 6488
145 376 287 440 1437

1003 378 1540 440 ΕΡΙΞΤΟΙΑΗΠΜ
1580 377 1725 438 LIB.
1766 378 1837 438 V.
1869 401 1936 410 -
1966 375 2204 436 EPIST.
2248 375 2600 437 CLXXXVI.

3315 371 3333 436 ι
3352 369 3450 434 {3‘3

145 487 378 553 σιὼδους
411 487 605 559 βουλῆς
637 490 969 562 ἐμπόδισμα.
994 490 1179 544 Ταῦτα
1209 491 1598 563 συνεχώρησαν
1629 491 1736 544 τῶν

1842 487 1946 544 bus
1997 488 2250 543 illudens.
2299 488 2538 543 Tametsi
2601 487 2719 541 haec
2775 485 3089 557 spectacula
3145 500 3323 558 neque
3364 490 3450 543 vi-

142 578 455 638 δλαττόνων
486 578 594 649 (ὡς
639 579 933 652 ᾠήθησαν)
970 579 1272 650 ὠνούμενοι
1309 581 1377 635 τά
1423 582 1615 653 μείζω,
1644 580 1742 652 τὴν

139 670 384 742 ἡσυχίαν
406 670 503 742 τὴν
527 671 844 739 ἀσφάλειαν·
865 674 1017 735 νέους
1033 672 1088 726 δὲ
1113 673 1485 744 τρεφομένους
1505 675 1584 737 είς
1608 676 1741 745 ἀρε-

140 762 274 832 τὴν,
311 763 404 816 καὶ
426 762 523 833 τὴν
559 763 850 835 καλλίστην
874 764 1142 835 ἁρμονίαν
1175 766 1617 837 ἀρμοττομένους
1636 805 1652 831 ,
1678 767 1739 818 οὐ

141 853 309 924 θέμις
339 855 431 907 ἐπὶ
455 855 551 926 τὴν
584 857 875 926 μετουσίαν
903 855 1106 911 τούτων
1139 859 1294 917 ἰέναι.
1321 857 1428 911 οὐδ’
1461 857 1658 928 ἄνδρας
1684 857 1741 910 δὲ

138 943 258 997 τῶν
272 946 487 998 οἰκείων
503 947 686 1017 ψυχῶν
711 947 1192 1020 ἐπιμελουμένους
1212 948 1409 1002 οὐκοῦν
1429 948 1536 1002 οὐδ’
1560 950 1666 1002 ἀπέ
1674 968 1738 1022 ρ-

139 1052 334 1105 χονται
367 1038 702 1107 μεθέξοντες,
742 1039 855 1094 ἀλλ’
878 1042 1134 1112 ἀμείνους
1165 1040 1318 1113 παρά
1349 1041 1565 1095 πάντων
1600 1039 1738 1094 εἶναι

139 1127 451 1197 κέκρινται,
489 1131 767 1201 κρείττους
794 1131 946 1196 ὄντες
975 1134 1072 1203 τῆς
1103 1133 1345 1204 ὀλεθρίου
1372 1133 1578 1204 ταύτης
1611 1134 1736 1205 τέρ-

140 1215 297 1284 ψεως
331 1219 425 1271 καὶ
455 1219 668 1288 μάλισθ’
703 1220 784 1272 ὅτι
817 1222 908 1275 καὶ
947 1222 1148 1282 πόλείν,
1181 1225 1229 1276 τ’
1261 1224 1309 1276 εί
1336 1224 1432 1277 καὶ
1459 1223 1659 1288 πάντες
1689 1226 1736 1279 οἱ

143 1309 511 1379 συρφετώδεις
537 1313 627 1364 καὶ
657 1314 906 1384 ἀγοραῖοι
934 1316 1450 1386 γνωσιμαγήσαντες
1478 1315 1576 1379 τὰς
1606 1317 1737 1385 ﬁcu.-

139 1399 270 1470 χίας
287 1397 440 1472 ἦγον,
471 1403 564 1456 καὶ
585 1404 899 1474 φιλοσοφίαν
927 1406 1254 1477 ἠσπάζοντο,
1288 1407 1601 1462 ἐκέκλειστο
1637 1408 1735 1479 μὲν

137 1490 215 1546 ἂν
243 1492 312 1546 τὰ
339 1492 588 1566 θέατραῆ
617 1498 711 1550 καὶ
732 1498 1058 1569 ἀνοιγόμενα
1088 1499 1276 1553 οὐδένα
1298 1501 1560 1570 ἐπήγετο·
1581 1500 1735 1555 ἀπώ-

139 1583 270 1637 λετο
284 1585 330 1640 δ’
348 1586 414 1640 ἂν
431 1588 692 1659 καὶήὶτῶν
709 1591 890 1654 αὐτοῖς
912 1589 1100 1654 κακῶς
1116 1590 1534 1662 ἀγωνιζομένων
1547 1593 1732 1662 τέχνη,

1848 582 2080 636 deantur
2115 581 2270 650 plena
2307 580 2583 634 seditiosa:
2627 578 3055 634 machinationis
3085 577 3448 648 impedimen-

1847 681 1983 738 tum,
2017 680 2276 742 tanquam
2315 671 2496 726 minus
2563 669 2767 724 malum
2823 671 2939 725 haec
3003 671 3442 726 condonarunta

1845 763 2165 830 majoribus,
2196 773 2254 816 ut
2286 763 2508 832 quidem
2567 762 2816 816 arbitrati
2851 772 2981 816 sunt
3017 781 3032 818 :
3071 763 3122 817 id
3152 763 3296 831 quod
3333 779 3443 817 ma-

1837 854 1928 924 jus
1958 866 2064 920 est,
2099 867 2344 910 ementes
2399 854 2639 923 quietem
2686 863 2737 909 et
2795 855 3172 910 securitatem.
3204 853 3445 909 Juvencs

1841 961 1970 1001 vero
1996 946 2061 999 ad
2096 948 2350 1000 virtutem
2381 947 2682 1012 institutos,
2717 955 2774 999 et
2827 946 3188 1016 pulcherrima
3242 963 3441 1002 conve-

1842 1039 2054 1093 nieutes
2119 1038 2404 1092 harmonia
2448 1039 2741 1092 interresse
2775 1038 2841 1091 iis
2881 1053 2984 1092 non
3037 1041 3349 1107 Oportebat,
3381 1053 3444 1094 ac

1841 1146 1910 1186 ne
1932 1145 2064 1185 voce
2094 1130 2310 1198 quidem
2340 1132 2537 1200 quibus
2557 1132 2752 1184 animae
2775 1130 2921 1185 salus
2950 1132 3099 1184 cordi
3134 1140 3298 1185 esset.
3325 1129 3442 1185 Non

1842 1223 2026 1292 itaque
2087 1223 2462 1292 frequentant,
2495 1227 2588 1279 sed
2635 1225 2919 1293 probiores
2953 1224 3263 1292 habentur;
3299 1225 3444 1293 quod

1840 1315 2058 1369 noxiam
2118 1316 2265 1369 illam
2326 1318 2611 1384 spectandi
2665 1325 3019 1381 contemnant
3070 1316 3440 1384 voluntatem;

1838 1410 2142 1476 praesertim
2168 1423 2292 1463 cum
2343 1407 2580 1479 plurimi,
2619 1409 2729 1462 imo
2763 1423 2955 1464 omnes
3020 1410 3184 1462 etiam
3241 1408 3440 1479 plebeii

1840 1502 2224 1571 resipiscentes
2263 1517 2291 1554 a
2331 1501 2662 1572 spectaculis
2707 1511 2762 1556 et
2819 1501 3211 1556 certaminibus
3271 1501 3444 1555 absti-

1839 1595 2078 1659 nuerint,
2115 1595 2514 1663 philosophiam
2562 1595 2707 1648 serio
2738 1593 2993 1663 amplexi.
3020 1589 3219 1647 Clauisa
3256 1593 3445 1665 itaque

143 1677 352 1744 μᾶλλον
386 1679 442 1734 δὲ
485 1683 840 1752 κακοτεχνία·
877 1685 970 1737 καὶ
1008 1684 1137 1756 τρία
1171 1684 1238 1740 τά
1263 1684 1494 1755 μέγιστα
1515 1685 1732 1756 κατώρ-

1839 1673 1977 1740 sunt'
1997 1686 2231 1751 theatra,
2273 1696 2480 1756 etquae
2510 1695 2697 1754 aperta
2754 1694 2932 1747 erant,
2963 1701 2993 1742 a
3049 1685 3268 1739 nemine
3321 1680 3437 1739 ire-

142 1768 292 1822 θωτο
315 1770 400 1834 ἂν,
427 1773 462 1842 ἦ
491 1790 548 1825 τε
579 1773 688 1826 τῶν
709 1773 900 1844 ψυχῶν
933 1776 1201 1846 σωτηρία,
1233 1776 1267 1846 ἦ
1299 1793 1356 1830 τε
1390 1775 1500 1828 τῶν
1523 1776 1730 1829 πόλεων

1836 1777 2265 1845 quentabantur.
2305 1776 2474 1831 Periit
2525 1792 2652 1832 vero
2709 1792 3004 1846 pravorum
3068 1775 3439 1846 agonistarum

141 1859 506 1926 κατάστασις,
559 1865 592 1934 ἦ
634 1881 692 1917 τε
728 1865 837 1919 τῶν
885 1867 1162 1952 ἀρχόντων
1203 1867 1494 1937 ἀσφάλεια.
1545 1868 1733 1923 Ταῦτα

1840 1883 1952 1936 ars,
1982 1885 2075 1924 seu
2105 1869 2286 1940 potius
2321 1886 2578 1940 perversa
2625 1869 2991 1941 ars,qtriaque
3042 1869 3265 1923 niaximi
3326 1881 3433 1922 mo-

143 1949 250 2018 μὲν
308 1948 401 2005 οἷν
452 1953 761 2008 ἀκουόντων
828 1948 980 2029 παῖά
1049 1960 1150 2028 τῆς
1212 1958 1312 2028 σῆς
1367 1957 1727 2020 παιδεύσεως.

154 2043 380 2116 Ἐπειδὴ
402 2045 459 2098 δέ
483 2047 578 2100 καὶ
598 2047 698 2118 τὴν
718 2050 858 2119 ἐμὴν
878 2051 1098 2118 κινῆσαι
1123 2049 1370 2118 γλῶτταν
1393 2049 1504 2102 δεῖν
1520 2044 1733 2121 ᾠήθης,

137 2132 221 2196 ὡς
264 2137 478 2204 μεγάλα
518 2139 640 2192 τινὰ
674 2141 842 2211 (ὅπερ
889 2142 988 2195 οὐκ
1030 2136 1222 2214 οἶμαι)
1268 2142 1596 2209 ἅνύσουσαν,
1647 2145 1733 2197 ἵνα

142 2224 222 2295 μὴ
255 2225 391 2292 δόξω
423 2246 481 2283 σε
502 2230 715 2298 λυπεῖν,
749 2234 1003 2306 καὶπρὸς
1030 2235 1230 2298 αὐτοὺς
1261 2235 1534 2306 γέγραφα-

1841 1961 2011 2017 menti
2076 1962 2217 2018 bona
2298 1971 2428 2018 sunt
2492 1965 3176 2018 consecuta:animorum
3231 1961 3443 2018 scilicet

1835 2053 2005 2119 salus,
2055 2062 2205 2110 recta
2245 2055 2560 2123 reipublicae
2608 2055 2902 2122 institutio,
2959 2055 3194 2125 denique
3249 2069 3439 2109 eorum

1836 2144 1927 2214 qui
1989 2155 2249 2213 praesunt,
2299 2147 2591 2201 securitas.
2663 2146 2789 2201 llaec
2849 2147 3041 2217 itaque
3100 2145 3440 2201 auditoribus

1834 2237 2138 2308 disciplina:
2187 2249 2296 2292 tua:
2340 2239 2668 2294 commissis.
2700 2238 2930 2305 Quando
2961 2253 3090 2294 vero
3122 2239 3238 2294 haec
3269 2237 3438 2293 etiam

138 2333 173 2372 a
207 2332 294 2374 me
322 2319 771 2379 ilisserendaesse
795 2327 1036 2391 duxeris,
1057 2326 1219 2382 veluti
1251 2325 1733 2397 magnaquredam,
1808 2328 1904 2382 sed
1965 2329 2153 2385 nescio
2215 2345 2282 2384 an
2340 2329 2650 2400 profutura,
2706 2347 2772 2387 ne
2861 2339 2916 2388 te
2986 2331 3172 2385 videar
3229 2329 3437 2386 contri-

143 2422 319 2479 stare,
377 2415 444 2468 ad

435 2527 624 2595 PHG’.
673 2559 745 2568 —
795 2529 1128 2586 ΕΛΛΠΝΩΝ
1166 2532 1419 2586 ΠΑΙΣΙΝ.

521 2416 643 2471 illos
717 2419 879 2474 etiam
972 2420 1253 2490 sequentia
1337 2418 1736 2490 przescribenda
1775 2420 1925 2478 duxi.

2055 2534 2467 2593 CLXXXVI..—-
2485 2533 2900 2592 GRECORUM
2930 2533 3223 2590 LIBERIS.

141 2614 226 2669 De
263 2619 443 2672 eadem
476 2633 536 2673 re
580 2637 612 2674 a
636 2622 950 2698 spectacuiis
982 2634 1029 2678 et
1070 2624 1210 2698 ludis
1251 2640 1440 2698 pueros
1474 2633 1705 2698 revocat.
1748 2623 2008 2698 Virtutem
2042 2629 2106 2681 iis
2163 2630 2514 2698 commendat,
2569 2631 2766 2683 divit-iis
2796 2629 3108 2698 pmfereus,
3133 2636 3185 2682 οι
3224 2627 3297 2682 ad
3321 2646 3439 2686 eam

714 2691 987 2746 colendam
1016 2695 1226 2763 prolixa
1253 2691 1587 2762 elegantioris
1611 2693 1710 2746 hac
1746 2697 1902 2764 epist.
1934 2700 2202 2751 hortatur.
2237 2696 2475 2768 (Confer.
2502 2691 2663 2768 epist.
2709 2691 2860 2767 109.)

219 2792 291 2851 Ὦ
313 2800 574 2872 μειράκια
606 2802 734 2876 (χρὴ
779 2803 888 2878 γὰρ
923 2806 1051 2876 ὑμῖν
1108 2806 1436 2877 ἀρχομένοις
1476 2805 1582 2860 τοῦ
1613 2806 1732 2876 βίου

149 2892 320 2962 μηδὲν
358 2895 663 2966 παράλογον
708 2899 936 2968 φράσαι,
977 2900 1117 2954 ἀλλὰ
1157 2900 1254 2971 τὴν
1309 2902 1570 2972 ἀλήθειαν
1624 2903 1733 2955 ἀπ-

146 2985 472 3056 αμφιάσαι),
513 2992 733 3042 πάντων
777 2991 885 3043 τῶν
915 2990 1082 3043 ὄντων
1123 2992 1154 3062 ἢ
1184 2992 1484 3048 δοκούντων
1514 2993 1734 3061 ἀγαθῶν

152 3073 413 3144 μέγιστόν
440 3094 494 3130 τε
521 3080 612 3131 καὶ
640 3079 924 3132 κάλλιστόν
953 3082 1100 3132 ἐστιν
1144 3083 1177 3150 ὴ
1211 3081 1380 3151 ἀρετή
1404 3097 1416 3110 ’
1457 3085 1552 3135 καὶ
1597 3100 1730 3136 ταυ-
1768 3096 1808 3151 Β

147 3165 246 3219 τόν
277 3169 416 3220 εἰσιν
439 3171 488 3222 oi
526 3171 701 3242 ταύτῃ
738 3172 1097 3240 συμῦιοῦντες
1124 3173 1259 3244 πρὸς
1288 3176 1414 3238 τοὺς
1439 3175 1735 3247 ἀμοιροῦν-

149 3272 274 3320 τας,
305 3258 442 3328 ὅπερ
459 3261 656 3314 ἐκεῖνοι
680 3261 781 3332 μέν
807 3263 1020 3332 πρὸςτά
1042 3264 1205 3334 Οηρία
1224 3281 1238 3294 ⁶
1258 3265 1480 3335 ἄγγελοι
1514 3265 1571 3319 δὲ
1598 3267 1736 3337 πρὸς

151 3351 281 3410 τοὺς
331 3349 690 3420 ἀνθρώπουςο
754 3354 1030 3422 βαδίζουσι
1072 3355 1206 3422 γοῦν
1251 3358 1340 3410 διὰ
1388 3359 1488 3428 τῆς
1529 3361 1737 3430 ἀγορᾶς

152 3437 407 3505 ἀγγέλοις
435 3441 691 3505 ἐοικότεςε
717 3445 929 3514 Ὥσπερ
955 3446 1063 3514 γὰρ
1091 3447 1414 3518 λαμπτῆρες
1451 3451 1509 3501 ἐν
1560 3450 1738 3522 σκότῳ

151 3528 416 3602 ἐξαίφνης
465 3533 727 3605 ἀρθέντες
773 3538 1162 3608 ἐπιστρέφουσι
1208 3540 1345 3609 πρὸς
1379 3542 1610 3607 ἑαυτοὺς
1639 3544 1738 3608 τὰς

152 3622 262 3678 τῶν
293 3623 467 3678 ἄλλων
493 3627 664 3696 ὄψεις,
691 3627 834 3682 οὕτω
887 3630 982 3682 καὶ
1040 3624 1185 3683 οὗτοι
1215 3633 1342 3694 τοὺς
1397 3633 1592 3695 ἄλλους
1643 3636 1739 3689 καὶ

152 3713 519 3785 ἐκπλήττουσι
547 3717 640 3770 καὶ
658 3717 1002 3785 φωτίζουσιν.
1035 3719 1098 3772 Oi
1123 3719 1178 3772 δέ
1206 3721 1438 3789 ἀφέντες
1468 3723 1534 3775 τὰ
1565 3725 1738 3776 οἰκεῖα

151 3804 378 3858 ἕπονται
411 3806 546 3876 πρὸς
580 3809 680 3876 τὴν
701 3810 885 3878 φωνὴν
908 3808 1268 3880 ἀγαλλόμενοι
1291 3830 1304 3843 ο
1335 3814 1428 3864 καὶ
1455 3813 1736 3881 γίγνονται

153 3897 292 3965 πρὸς
323 3897 584 3962 ἐκείνους,
636 3899 665 3952 δ
707 3899 768 3970 δὴ
820 3902 957 3972 πρὸς
992 3902 1119 3965 τοὺς
1170 3903 1433 3972 ποιμένας
1478 3905 1546 3957 τὰ
1596 3906 1733 3977 πρό-

151 3986 314 4050 σατα,
349 3989 760 4060 συγχωροῦντες
807 3991 963 4059 ἄγειν
1014 3993 1213 4058 αὐτοὺς
1263 3991 1430 4067 οπῃῇ
1481 3995 1689 4065 βέλτιον
1717 4013 1733 4030 ο

149 4080 201 4131 oi
240 4078 296 4131 δὲ
335 4081 742 4150 παραλαϐόντες
774 4085 1107 4154 πειθηνίους,
1129 4087 1448 4156 ἐξηγοῦνται
1476 4089 1732 4160 καθάπερ

151 4175 430 4241 προφῆται
459 4173 526 4226 τὰ
570 4174 857 4245 μέλλοντα.
892 4175 1111 4248 Ἐπειδὴ
1144 4178 1254 4248 γὰρ
1284 4178 1467 4232 πολλοὶ
1501 4177 1606 4232 τῶν
1669 4179 1733 4232 οὐ

150 4250 320 4315 πολὺν
350 4263 451 4331 τῆς
505 4265 708 4333 ἀρετῆς
766 4265 1105 4337 ποιουμένων
1157 4267 1335 4336 λόγον,
1394 4269 1524 4340 παρ’
1581 4263 1726 4338 οἷςή

149 4352 466 4420 παραυτίκα
527 4354 688 4426 ἡδονὴ
740 4356 834 4410 καὶ
883 4356 1134 4429 ῥᾳστώνη
1188 4360 1371 4428 μεῖζον
1414 4359 1588 4430 ἰσχύει
1635 4359 1731 4414 τοῦ

1911 2792 2302 2849 Adulescentes
2343 2796 2363 2865 (
2384 2797 2540 2849 decet
2589 2797 2734 2849 enim
2794 2796 2971 2848 vitam.
2992 2796 3145 2851 vobis
3178 2796 3441 2868 ingressis

1840 2881 1976 2935 nihil
2011 2884 2186 2938 otiose
2233 2885 2439 2946 dicere.
2476 2884 2572 2938 sed
2611 2885 2898 2939 veritatem
2943 2887 3082 2942 nude
3127 2887 3440 2960 explicare)

1838 2975 2102 3038 omnium,
2134 2991 2255 3045 qua:
2272 2986 2398 3030 sunt
2425 2987 2518 3029 aut
2549 2977 2800 3032 videntur
2835 2979 3103 3032 honorum
3138 2980 3438 3036 maximum

1838 3077 2003 3136 atque
2061 3070 2490 3138 pulcherrimum
2532 3070 2703 3126 virtus
2766 3079 2849 3125 est
2885 3089 2897 3124 :
2943 3065 3247 3141 eodemque
3278 3077 3440 3129 modo

1842 3176 1902 3216 se
1938 3161 2163 3226 habent,
2215 3161 2305 3230 qui
2363 3177 2486 3214 cum
2542 3162 2748 3216 virtute
2789 3163 2955 3218 vitam
3019 3163 3336 3234 instituunt,
3368 3169 3434 3221 ad

1843 3253 2176 3322 illos,quiea
2209 3264 2422 3316 carent,
2449 3265 2505 3308 ut
2552 3256 2769 3310 ratione
2819 3257 3033 3324 praediti
3086 3256 3338 3314 homines
3368 3261 3437 3314 ad

1843 3344 1987 3400 feras
2029 3347 2243 3413 noxias,
2271 3357 2328 3400 et
2356 3347 2533 3417 angeli
2564 3362 2690 3402 cum
2721 3348 3038 3404 hominibus
3069 3349 3277 3404 collati.
3305 3352 3436 3406 Am-

1841 3437 2033 3491 bulant
2072 3437 2216 3492 enim
2247 3452 2343 3507 per
2385 3437 2618 3506 compita
2680 3433 2781 3493 hac
2843 3439 3080 3508 praediti,
3119 3440 3436 3511 angelorum

1841 3528 2066 3584 similes.
2119 3527 2188 3584 Ut
2230 3529 2372 3583 enim
2431 3527 2579 3584 faces
2612 3528 2663 3581 in
2721 3529 2963 3585 tenebris
3011 3532 3305 3601 derepente
3348 3533 3438 3588 in-

1841 3632 2016 3672 censa:
2040 3617 2278 3670 omnium
2304 3617 2358 3668 in
2397 3629 2457 3669 se
2484 3615 2671 3669 oculos
2723 3627 3075 3683 convertunt,
3109 3620 3181 3673 ita
3217 3621 3270 3675 hi
3297 3635 3434 3690 quo-

1841 3724 1945 3779 que
1968 3711 2316 3767 admiratioxii
2350 3709 2471 3763 aliis
2517 3709 2808 3766 exsiStunt.
2859 3707 3089 3776 Quidam
3128 3712 3274 3767 enim
3303 3729 3438 3784 pro-

1841 3803 1976 3873 priis
2006 3803 2211 3856 relictis
2243 3801 2448 3855 aedibus
2480 3816 2665 3855 vocem
2705 3815 2895 3856 eorum
2927 3802 3113 3857 animo
3143 3804 3434 3861 cxsultan-

1841 3905 1922 3951 tes
1949 3903 2270 3964 sequuntur,
2300 3891 2541 3960 fiuntque
2571 3892 2677 3947 illis
2707 3893 2852 3962 quod
2880 3903 3011 3948 sunt
3044 3897 3251 3962 pastori
3284 3912 3436 3964 oves,

1842 3985 2219 4055 permittentes
2258 3997 2315 4037 se
2342 3983 2410 4035 ab
2444 3983 2549 4036 illis
2577 3982 2935 4047 circumduci,
2965 3999 3073 4052 quo
3102 3994 3188 4040 est
3218 3986 3435 4044 melius.

1839 4074 1916 4146 Illi
1943 4091 2070 4132 vero
2119 4073 2482 4144 suscipientes
2515 4073 2638 4128 illos
2674 4081 2731 4126 ut
2785 4075 3152 4144 obsequentes
3183 4076 3440 4149 dictoque

1840 4172 2123 4225 audientes
2178 4168 2364 4222 futura
2426 4175 2729 4236 exponunt,
2763 4175 2823 4221 ut
2856 4169 3134 4237 propheta:
3172 4169 3317 4225 lolim
3350 4187 3439 4229 so-

1840 4261 1970 4317 lent.
2003 4261 2138 4317 Cum
2167 4276 2297 4315 vero
2323 4259 2564 4330 plurimi,
2598 4260 2818 4316 virtutis
2854 4261 2999 4317 nullo
3036 4263 3224 4317 habito
3253 4280 3438 4334 respe-

1840 4365 1953 4422 ctu,
1983 4355 2178 4424 quibus
2236 4354 2439 4408 caduca
2495 4352 2749 4422 voluptas
2804 4352 3083 4424 animique
3146 4354 3438 4412 delectatio

149 4441 274 4496 ποθ’
300 4443 526 4516 ὕστερον
550 4446 905 4511 συνοίσοντος.
941 4450 1003 4502 Οἳ
1028 4449 1114 4503 διὰ
1148 4450 1246 4520 μὲν
1292 4450 1600 4522 ἀπληστίαν
1639 4453 1734 4506 καὶ

1844 4447 1963 4516 plus
2007 4447 2353 4515 valet,quam
2411 4447 2557 4517 quod
2595 4457 2781 4514 postea
2844 4443 3086 4499 futurum
3138 4455 3224 4501 est
3280 4447 3432 4504 utile.

153 4533 367 4589 ἀδικίαν
412 4537 479 4589 τὰ
529 4538 773 4610 παρόντα
834 4541 1112 4608 ἀγαπῶσι,
1171 4543 1259 4597 διὰ
1319 4543 1376 4596 δὲ
1433 4545 1734 4605 σκαιότητα

147 4626 370 4698 τρόπων
398 4627 507 4680 τῶν
529 4631 666 4699 μετά
692 4631 866 4684 ταῦτα
890 4633 1043 4687 οὐδὲν
1076 4635 1376 4707 προορῶσι,
1401 4635 1511 4689 τῶν
1533 4639 1591 4690 ἐν
1619 4655 1734 4707 χει-

154 4719 268 4788 ροῖν
299 4718 455 4786 μόνον
482 4721 737 4790 φροντίδα
757 4723 1027 4794 τιθέμενοι
1060 4727 1349 4798 φράζουσι·
1387 4747 1403 4779 ι
1453 4729 1525 4782 Τὸ
1553 4729 1732 4802 παρὸν

149 4805 213 4864 εὖ
247 4810 386 4863 τίθει
416 4826 428 4839 ·
454 4832 472 4862 ι
505 4814 701 4867 ἐκεῖνοι
735 4818 818 4869 τὰ·
841 4817 1104 4886 μέλλοντα
1142 4820 1477 4884 σκοποῦντες
1512 4839 1732 4893 προμη-

149 4899 356 4966 νύουσι,
410 4905 504 4957 καὶ
545 4905 652 4958 τῶν
707 4910 1050 4980 πραγμάτων
1080 4912 1358 4966 ἐκϐάντων
1408 4913 1554 4967 κατὰ
1604 4917 1732 4980 τοὺς

148 4991 344 5060 λόγους
406 4995 793 5063 στεφανοῦνται
850 5001 944 5054 καὶ
1010 5002 1498 5075 ἀνακηρύττονται.
1567 5001 1729 5061 Οὗτοι

149 5081 354 5146 ζῶντες
414 5085 514 5156 μέν
534 5087 633 5150 τὰς
670 5090 1000 5161 κεκλιμένας
1063 5095 1161 5165 μὲν
1230 5097 1482 5167 ὁρθοῦσι,
1531 5101 1628 5162 τάς
1684 5099 1728 5151 δ’

151 5173 395 5238 ἑστώσας
435 5178 703 5247 κοσμοῦσι
754 5182 960 5249 πόλεις,
1001 5185 1426 5258 τελευτήσαντες
1469 5188 1527 5241 δέ
1559 5191 1729 5258 ἐγκα-

149 5262 466 5320 ταλείπουσι
520 5269 744 5342 κέντρον
799 5274 893 5326 τοῦ
945 5277 1150 5330 πόθουο
1199 5278 1460 5350 ἐπίσημοι
1516 5280 1624 5351 γὰρ
1680 5283 1729 5336 οἱ

155 5356 332 5425 τάφοι,
371 5361 426 5412 ἐν
478 5365 611 5432 ητιμῇ
657 5364 714 5423 δὲ
763 5365 831 5418 τὰ
884 5368 1038 5439 γένη,
1090 5369 1342 5442 διηνεκὴς
1363 5370 1421 5423 δὲ
1464 5373 1498 5441 ὴ
1543 5373 1734 5444 μνήμη

146 5443 392 5501 δικαίων.
441 5450 667 5522 Ἀρετῆς
717 5456 826 5527 γὰρ
875 5459 1173 5528 ἐκτήσαντο
1220 5462 1402 5530 φύσιν,
1435 5457 1502 5532 ἦς
1532 5463 1592 5515 οὐ
1633 5465 1732 5517 πέ-

151 5553 320 5605 φυκεν
347 5540 612 5596 ἅπτεσθαι
656 5547 900 5620 τελευτή.
939 5551 1058 5604 Τῶν
1113 5555 1209 5623 μὲν
1247 5553 1357 5625 γάρ
1404 5556 1734 5625 σωματικῶν

148 5626 646 5702 πλεονεκτημάτων
671 5640 868 5710 ῥαδίως
914 5642 1145 5700 ἕκαστον
1190 5646 1610 5715 ἀποσϐέννυται,
1644 5649 1735 5706 καὶ

224 5788 270 5845 ³9
301 5789 491 5847 Matth.
538 5811 648 5856 xu,
688 5797 771 5850 i7.

1839 4540 2006 4612 612
2038 4537 2114 4592 llli
2140 4537 2450 4608 inexplebili
2487 4539 2803 4607 injustuque
2855 4539 3162 4606 cupiditate
3199 4552 3434 4608 praesen-

1833 4638 1904 4690 tia
1932 4638 2203 4697 adamarit,
2236 4634 2400 4702 atque
2427 4633 2494 4685 ob
2521 4646 2754 4686 screvatn
2799 4645 3014 4685 morum
3067 4634 3427 4687 consuetudi-

1832 4743 1981 4792 nem,
2019 4741 2138 4797 quae
2203 4725 2565 4779 subsecutura
2604 4721 3002 4787 sunt,minime
3037 4723 3432 4792 provident,iis

1832 4821 2132 4883 duntaxat,
2166 4832 2285 4886 quae
2320 4818 2376 4872 in
2439 4814 2691 4871 manibus
2746 4824 2892 4878 sunt,
2937 4814 3156 4878 intenti,
3201 4816 3428 4871 dicunt:

1837 4909 2194 4965 «Praesentia
2260 4923 2541 4964 curemus.
2603 4925 2623 4960 ι
2675 4906 2780 4960 Alii
2857 4916 3048 4961 contra
3117 4905 3426 4961 futurorum

1840 5012 2149 5066 satagentes
2215 5001 2609 5072 praenuntiant,
2666 5009 2721 5054 ct
2773 4998 2844 5053 ob
2884 4998 3023 5053 bene
3091 4998 3308 5063 merita,
3374 5009 3432 5053 ut

1838 5095 2120 5165 Scriptura
2180 5094 2468 5162 pollicetur
2495 5095 2562 5162 ⁸⁵,
2596 5108 2857 5149 coronam
2928 5091 3205 5161 accipiunt
3267 5100 3431 5158 atque

1838 5188 2147 5242 laudantur.
2176 5187 2240 5242 lli
2276 5187 2522 5241 viventes
2579 5185 2800 5256 quidem
2851 5198 2936 5238 res
2979 5181 3269 5236 inclinatas
3318 5183 3398 5238 eri

1839 5285 1991 5346 sunt,
2029 5290 2224 5344 resque
2255 5275 2498 5346 publicas
2537 5275 2862 5329 constitutas
2885 5283 3106 5338 ornant,
3142 5281 3430 5343 morteque

1833 5367 2029 5422 sublati
2076 5366 2406 5421 desiderium
2435 5367 2516 5419 sui
2570 5364 2911 5433 relinquunt.
2941 5364 3086 5419 Clari
3136 5363 3283 5417 enim
3329 5373 3419 5416 tu-

1837 5459 2102 5514 mulorum
2159 5458 2550 5522 monumentis,
2613 5458 2781 5527 stirps
2843 5471 3061 5527 quoque
3125 5455 3176 5508 in
3222 5457 3429 5509 honore

1835 5563 1939 5622 est,
1974 5564 2026 5607 et
2073 5552 2234 5623 longa
2276 5551 2400 5621 jure
2455 5551 2663 5620 Optimo
2711 5551 2971 5606 memoria
3018 5558 3122 5604 est.
3155 5547 3426 5602 Virtutem

1836 5647 1980 5704 enim
2043 5645 2347 5716 possident,
2399 5659 2522 5714 qua:
2576 5659 2681 5700 non
2727 5641 2934 5700 interit.
2978 5641 3239 5712 Corporis
3301 5653 3428 5695 vero
