4122 6482
676 493 811 564 1423

1870 494 1928 553 S.
1971 487 2264 552 ISIDORI
2304 477 2740 576 PELUSIOT/E

3807 467 3956 536 1444

677 607 804 673 put-is
845 618 909 658 ac
949 603 1232 674 praeconiis
1261 603 1519 668 exsultat,
1558 604 2117 675 victoriasquejungit
2164 603 2246 656 vi-

2368 597 2440 649 tat
2489 597 2859 668 ἀναῤῥήσεσιν
2913 590 3240 661 ἀγάλλεται,
3291 591 3384 645 καὶ
3449 587 3606 654 νίκας
3668 567 3952 648 συνέξει-ιι

677 696 887 748 ctoriis.
961 693 1028 747 Et
1076 692 1223 749 velut
1267 709 1295 748 a
1351 694 1490 750 linea
1542 693 1912 766 Olympionica
1968 694 2142 748 victor
2193 692 2258 745 ad

679 785 960 855 praemium
990 799 1110 837 cum
1136 784 1296 840 laude
1320 785 1600 841 contendit
1629 803 1643 840 ι
1669 787 1743 839 ita
1770 787 1835 840 ad
1861 785 2256 842 munerarium.

679 877 768 945 qui
824 876 1162 931 certantibus
1217 879 1434 946 pra'mia
1467 878 1738 949 ~largitur,
1789 872 2048 943 seIletque
2092 874 2258 944 judex

678 967 867 1021 talium
892 970 1247 1022 certaminum
1263 1007 1280 1033 ,
1307 968 1578 1037 perveniet
1606 970 1771 1023 variis
1793 967 2064 1036 clarisque
2085 974 2249 1034 caput

676 1059 894 1114 corollis
937 1060 1239 1114 redimitus.
1282 1060 1413 1114 Esse
1451 1073 1582 1113 vero
1619 1068 1741 1128 post
1781 1058 1922 1112 hanc
1957 1059 2082 1112 vitae
2115 1056 2258 1110 viam

678 1148 916 1203 divinum
966 1149 1204 1203 tribunal
1253 1163 1358 1204 non
1420 1165 1508 1204 res
1549 1149 1709 1201 modo
1764 1159 1944 1216 gestas
1994 1155 2050 1202 et
2098 1147 2262 1203 verba

679 1241 961 1308 cujusque,
997 1240 1089 1293 sed
1126 1248 1179 1293 et
1225 1240 1586 1309 cegitationes
1621 1247 1878 1292 accurate
1919 1237 2260 1313 examinans,

680 1329 946 1397 spondent
980 1339 1349 1396 testanturque
1369 1330 1533 1382 etiam
1566 1329 1894 1398 philosOphi,
1923 1328 2261 1383 tabularum-

683 1435 788 1489 que
847 1421 1163 1490 scriptores,
1195 1431 1388 1489 poeta),
1460 1430 1705 1474 oratores
1761 1430 1924 1488 atque
1979 1419 2249 1484 historici,

681 1524 912 1578 quorum
947 1512 1086 1562 dicta
1114 1523 1177 1563 ac
1213 1511 1518 1564 testimonia
1548 1511 1673 1564 huic
1703 1509 1940 1576 adjicere
1962 1509 2261 1577 potuissem

686 1600 1025 1666 hortationi,
1096 1601 1198 1655 nisi
1264 1615 1474 1670 turpem
1536 1601 1825 1655 oblivionis
1881 1611 2063 1655 notam
2113 1601 2267 1656 vobis

686 1691 826 1742 inuri
862 1699 1104 1757 putarem
1159 1707 1341 1745 eurum
1393 1693 1770 1758 scientiarum,
1825 1707 1960 1762 quas
2000 1693 2262 1747 memoria

687 1781 904 1836 tenetis.
944 1780 1000 1836 Si
1033 1792 1214 1838 autem
1255 1784 1523 1852 judicium
1571 1795 1655 1840 est
1687 1785 1958 1850 futurum,
1992 1795 2053 1840 ut
2084 1800 2265 1841 verum

685 1881 789 1935 est,
819 1873 991 1928 virtus
1021 1889 1152 1944 ergo
1189 1878 1511 1930 exercenda.
1546 1875 1698 1945 Quod
1737 1877 1784 1931 si
1819 1876 2094 1932 nonnullis
2126 1875 2264 1930 ditii-

2361 688 2536 750 νίκαις
2561 703 2574 718 ·
2609 688 2703 740 καὶ
2732 685 2977 755 καθάπερ
3007 681 3427 754 Ὀλυμπιονίκης
3448 680 3559 737 ἀπὸ
3575 682 3862 754 γραμμῆς
3879 681 3954 743 δι’

2361 779 2715 849 ἀναῤῥήσεων
2745 775 2838 829 ἐπὶ
2869 775 2929 828 τὸ
2957 773 3125 845 γέρας
3154 774 3368 840 ὁδεύων,
3420 773 3596 836 οὕτως
3624 772 3954 828 talaria:-

2359 884 2449 921 ται
2483 867 2619 938 πρὸς
2664 867 2756 920 τὸν
2777 865 3116 935 ἀγωνοθέτην
3157 868 3251 919 καὶ
3281 865 3478 937 ’κριτὴν
3520 865 3634 919 τῶν
3679 858 3956 920 τοιούτων

2363 958 2776 1029 παλαισμάτων,
2830 957 3043 1022 πολλοῖς
3087 958 3182 1010 καὶ
3219 957 3492 1028 λαμπροῖς
3540 958 3645 1026 τὴν
3691 956 3955 1027 κεφαλὴν

2362 1053 2766 1122 ἀναδησάμενος
2813 1051 3116 1120 στεφάνοις.
3154 1050 3274 1103 Ὀτι
3329 1049 3438 1119 γὰρ
3463 1049 3611 1102 ἔστιν
3663 1048 3818 1117 μετὰ
3853 1049 3956 1117 τὴν

2363 1143 2612 1198 ὲντέῦθεν
2660 1141 2969 1212 ἀποδημίαν
3017 1141 3160 1194 θεῖον
3214 1141 3579 1211 δικαστήριον,
3645 1140 3705 1192 ού
3784 1139 3956 1208 μόνον

2366 1236 2722 1307 πραγμάτων,
2760 1233 2879 1287 οὐδὲ
2925 1235 3217 1304 ῥημάτων,
3265 1232 3400 1286 ἀλλὰ
3442 1235 3536 1286 καὶ
3583 1232 3821 1285 ἐννοιῶν
3869 1231 3954 1296 ἑξ-

2364 1328 2670 1391 εταστικὸν,
2695 1327 2788 1380 καὶ
2812 1326 3110 1396 φιλόσοφοι,
3132 1325 3226 1379 καὶ
3257 1324 3546 1393 λογοποιοὶ,
3569 1325 3666 1376 καὶ
3685 1326 3950 1395 ῥήτορες,

2365 1422 2457 1474 καὶ⁵
2490 1419 2744 1489 ποιηταὶ,
2779 1419 2873 1481 καὶ
2895 1420 3232 1488 συγγραφεῖς
3254 1417 3575 1485 ἐγγυῶνται.
3602 1409 3705 1467 Ὧν
3727 1417 3837 1468 καὶ
3855 1415 3954 1476 τὰς

2369 1509 2557 1578 ῥήσεις
2605 1508 2925 1578 παρεθέμην
2975 1507 3040 1560 ἂν
3091 1506 3219 1575 τῇδε
3248 1508 3311 1576 τῇ
3365 1504 3706 1575 παραινέσει,
3761 1505 3816 1556 εἰ
3876 1507 3952 1573 μὴ

2367 1597 2585 1667 λεληθὸς
2612 1597 2813 1660 δνειδος
2868 1597 3024 1667 ᾤμην
3074 1597 3202 1664 ὑμῖν
3244 1593 3695 1665 προστρίῦεσθαι,
3738 1593 3953 1647 ἔναυλα

2369 1688 2552 1759 ἔχουσι
2578 1688 2643 1742 τὰ
2670 1687 2987 1758 μαθήματα.
3012 1687 3074 1740 Et
3103 1687 3157 1740 δὲ
3189 1686 3372 1757 κρίσις
3403 1687 3571 1750 ἐστὶν,
3624 1685 3826 1752 ὥσπερ
3855 1680 3950 1738 οὖν

2368 1782 2463 1835 καὶ
2495 1779 2631 1846 ἐστι,
2655 1780 2753 1850 τὴν
2776 1779 2979 1850 ἀρετὴν
3001 1778 3266 1848 ἀσκητέον
3285 1795 3299 1807 ·
3324 1779 3371 1830 εί
3401 1779 3456 1830 δὲ
3476 1778 3569 1830 καί
3597 1793 3745 1829 τισιν
3795 1771 3945 1829 εἶναι

2367 1874 2633 1944 δυσχερὴς
2693 1872 2857 1937 δοκεῖ,
2913 1872 3072 1941 ῥᾳδία
3119 1871 3245 1940 ὑμῖν
3287 1870 3461 1933 ἔσται,
3505 1871 3556 1921 εί
3601 1868 3841 1939 φύγοιτε
3880 1871 3949 1920 τα

688 1964 789 2019 cile
827 1981 886 2020 a.
927 1965 1214 2020 molestum
1250 1967 1728 2032 videbitur,'vobis
1762 1983 1894 2024 sane
1930 1967 2091 2025 facile
2128 1971 2256 2035 erit,

2368 1963 2569 2034 θέατρα
2603 1963 2699 2017 καὶ
2719 1964 2843 2026 τοὺς
2867 1961 3256 2034 ἱπποδρόμους,
3290 1963 3390 2031 τὴν
3415 1960 3595 2032 κοινὴν
3630 1959 3734 2029 τῆς
3761 1962 3949 2013 οἰκου-

690 2056 736 2110 si
789 2056 991 2111 theatra
1052 2068 1212 2126 atque
1261 2059 1667 2128 hippodromos,
1715 2060 2039 2130 curulesque
2091 2059 2263 2125 ludos,

695 2149 797 2202 hoc
829 2158 934 2214 est,
970 2163 1310 2203 communem
1354 2150 1594 2204 universi
1638 2151 1802 2206 totius
1846 2159 2049 2220 pestem
2091 2149 2266 2221 fngie-

691 2237 759 2290 tis
792 2237 1004 2291 :dicam
1064 2238 1332 2305 amplius,
1387 2255 1492 2293 non
1542 2241 1779 2295 universi
1832 2242 2016 2307 modo,
2064 2243 2158 2296 sed
2213 2248 2267 2294 et

690 2328 926 2394 urbium,
951 2330 1002 2388 in
1035 2329 1229 2399 quibus
1256 2344 1318 2384 ea
1345 2331 1671 2386 exhibentur
1695 2332 2002 2402 spectacula
2029 2349 2043 2386 :
2070 2347 2131 2387 ac
2161 2347 2266 2386 non

691 2403 898 2475 tanium
933 2423 1145 2476 urbium
1176 2423 1478 2486 interitum,
1513 2424 1608 2479 sed
1641 2427 1822 2493 potius
1869 2425 1935 2479 iis
1965 2425 2266 2479 deditorum

691 2517 756 2566 ad
794 2513 896 2567 hoc
935 2513 1133 2567 malum
1179 2514 1461 2568 hominum
1495 2515 1688 2585 gignit.
1715 2515 1944 2570 Cunctis
1977 2531 2107 2586 ergo
2139 2515 2268 2570 viri-

693 2601 792 2654 bus
834 2601 897 2654 ad
951 2601 1166 2656 virtutis
1221 2609 1304 2655 est
1338 2611 1612 2656 certamen
1663 2604 2118 2657 contendendum.
2166 2603 2266 2669 Qui

691 2693 854 2747 claris
883 2692 987 2746 orti
1021 2695 1339 2759 parentibus
1360 2693 1609 2747 dedecori
1635 2708 1704 2748 ne
1730 2694 1842 2747 sint
1872 2693 2024 2762 stirpi
2053 2693 2268 2763 generis

691 2784 794 2835 sui.
831 2782 930 2849 Qui
978 2797 1106 2837 vero
1148 2783 1334 2838 humili
1374 2792 1501 2838 sunt
1535 2783 1656 2838 loco
1684 2783 1820 2847 nati,
1850 2793 2106 2852 parentes
2142 2795 2271 2838 suos

702 2875 994 2930 illusuent.
1051 2873 1255 2929 Divites
1305 2874 1521 2942 quidem
1581 2877 1839 2928 mundum
1889 2881 2270 2942 ornatumque,

694 2966 887 3033 in0pes
913 2979 1042 3017 vero
1088 2973 1301 3032 portum
1350 2962 1759 3031 perfugiumque
1805 2961 2007 3016 virtute
2057 2976 2276 3031 compa-

696 3059 898 3109 rantes.
949 3050 1042 3106 Sic
1085 3052 1196 3116 tiet,
1247 3065 1302 3105 ut
1339 3061 1592 3120 parentes
1633 3067 1729 3106 vos
1777 3053 2076 3108 honoretis.
2109 3051 2273 3124 615

696 3145 796 3213 Qui
826 3160 954 3200 vero
988 3154 1285 3212 sequentur
1328 3143 1506 3206 liberi,
1549 3154 1834 3212 parentum
1879 3158 1975 3196 vos
2008 3143 2128 3198 loco
2163 3145 2273 3198 sint

695 3237 954 3300 habituri,
1016 3251 1078 3291 ac
1137 3235 1377 3288 divinum
1427 3234 1580 3289 vobis
1630 3233 1844 3288 caelitus
1895 3231 2022 3288 Jesu
2073 3233 2274 3289 Christi

696 3327 877 3380 lumen
914 3324 1208 3394 atl'ulgebit.
1265 3325 1357 3379 Sic
1408 3324 1556 3379 enim
1613 3325 1765 3379 vobis
1816 3337 1927 3376 rem
1961 3322 2274 3392 gerentibus

698 3417 899 3472 claram
929 3417 1140 3472 virtutis
1163 3416 1406 3485 lampada
1431 3415 1728 3470 accendent
1758 3415 1810 3468 in
1847 3414 2056 3470 caelesti
2085 3428 2272 3484 regno,

701 3520 754 3566 et
784 3522 1054 3564 summam
1083 3504 1136 3561 in
1169 3521 1233 3562 eo
1270 3507 1552 3562 beatorum
1593 3505 1932 3574 maiestatem
1977 3518 2278 3572 conseque--

700 3699 1050 3765 CLXXXV“.
1089 3739 1160 3749 —
1205 3707 1509 3764 AEGYPTO
1546 3705 2023 3763 PRESBYTERO.
2077 3704 2277 3772 (Forte

1085 3777 1357 3844 ALYPtO,
1393 3781 1482 3835 cui
1515 3793 1654 3848 saepe
1690 3778 1891 3847 alias.)

2369 2054 2535 2124 μένης
2564 2054 2774 2126 λύμην·
2807 2053 3005 2123 μᾶλλον
3061 2053 3119 2105 δὲ
3163 2053 3224 2105 ού
3275 2054 3375 2123 τῆς
3404 2051 3756 2121 οἰκουμένης,
3808 2051 3948 2105 ἀλλά

2363 2145 2472 2198 τῶν
2503 2145 2713 2198 πόλεων
2741 2146 2849 2197 τῶν
2882 2144 3119 2215 ἐχουσῶν
3142 2142 3450 2197 τὰτοιαῦτα
3488 2143 3736 2212 θεάματα
3760 2158 3776 2172 ⁸
3811 2143 3949 2213 μᾶλα

2365 2238 2456 2290 λον
2483 2237 2541 2290 δὲ
2569 2236 2689 2290 οὐδὲ
2716 2236 2830 2290 τῶν
2857 2237 3087 2299 πόλεων,
3117 2234 3251 2288 ἀλλά
3274 2234 3380 2286 τῶν
3425 2234 3788 2305 βουλομένων,
3849 2237 3943 2288 καὶ

2371 2329 2948 2396 ὑποκατακλινομένων
2975 2329 3086 2391 τοῖς
3105 2325 3366 2390 τοιούτοις
3396 2329 3600 2389 κακοῖς.
3635 2327 3816 2379 Παντὶ
3837 2327 3922 2379 τοί
3929 2356 3948 2366 -

2368 2437 2461 2473 νυν
2477 2417 2632 2488 θυμῷ
2661 2417 2796 2488 πρὸς
2819 2417 2945 2480 τοὺς
2971 2416 3070 2486 τῆς
3097 2417 3294 2486 ἀρετῆς
3316 2415 3511 2477 ἄθλους
3543 2415 3848 2469 ἀποδυτέον
3863 2431 3878 2445 θ
3898 2417 3946 2467 cl

2372 2512 2471 2581 μὲν
2502 2510 2566 2561 ὲκ
2591 2508 2859 2579 λαμπρῶν
2879 2507 3082 2576 γονέων
3106 2505 3409 2578 τεχθέντες,
3451 2507 3524 2577 μὴ
3552 2507 3945 2577 καταισχύνον-

2376 2619 2462 2664 τες
2488 2601 2548 2654 τὸ
2581 2600 2736 2669 γένος
2760 2615 2772 2628 ⁸
2820 2601 2869 2652 ot.
2899 2599 2956 2651 δὲ
2984 2600 3049 2651 ἐκ
3093 2597 3364 2651 ταπεινῶν
3411 2598 3626 2667 φύντες,
3679 2599 3942 2669 λαμπρύ-

2370 2710 2551 2756 νοντες
2573 2694 2699 2756 τοὺς
2730 2691 2988 2754 τεκόντας
3013 2706 3026 2720 ⁸
3058 2691 3108 2743 ot
3133 2691 3231 2761 μὲν
3259 2689 3499 2744 πλούσιοι
3537 2690 3767 2759 κόσμον,
3811 2692 3860 2743 οι
3887 2692 3943 2743 δὲ

2371 2786 2604 2855 πένητες
2665 2785 2832 2855 ὅρμον
2880 2781 3382 2846 κατασκευάζοντες
3439 2784 3666 2844 ἑαυτοῖς·
3741 2784 3796 2834 ot
3849 2785 3944 2849 μὶν

2375 2876 2628 2946 ὑμέτεροι
2667 2874 2901 2945 πατέρες
2954 2873 3096 2944 ὑμᾶς
3124 2871 3514 2926 αίδείσθωσαν’
3558 2873 3606 2924 οἱ
3647 2871 3704 2925 δὲ
3745 2873 3947 2942 ἑτέρω-

2375 2968 2466 3020 θεν
2485 2967 2712 3036 ἥκοντες
2735 2964 2942 3029 παῖδες,
2967 2964 3209 3034 πατέρας
3228 2965 3372 3034 ὑμᾶς
3390 2964 3756 3033 ἡγείσθωσαν,
3783 2964 3942 3017 Uir-tto

2375 3059 2484 3131 γὰρ
2514 3060 2641 3129 ὑμῖν
2697 3058 3154 3126 πολιτευομένοις,
3204 3057 3294 3110 καὶ
3345 3056 3603 3127 λαμπρὰν
3642 3056 3945 3109 ἀνάπτουσι

2374 3150 2474 3219 τῆς
2507 3149 2705 3220 ἀρετῆς
2727 3148 2822 3218 τὴν
2855 3147 3133 3218 λαμπάδα,
3187 3148 3280 3201 καὶ
3336 3148 3397 3201 τὸ
3427 3148 3567 3201 θεῖον
3599 3148 3728 3216 ὑμῖν
3776 3149 3936 3215 ούρα-

2377 3235 2529 3289 νόθεν
2575 3235 2671 3289 τοῦ
2738 3236 2977 3308 Χριστοῦ
3025 3239 3368 3306 ὲπιφανεῖται
3418 3239 3510 3290 καὶ
3574 3237 3936 3290 ἐπισπάσεται

2380 3326 2515 3397 πρὸς
2546 3312 2706 3379 ἑαυττὺ
2739 3326 2924 3391 σέλας,
2954 3327 3339 3382 ἀποκαλύπτον
3390 3328 3640 3399 ὑμῖν-καὶ
3699 3329 3798 3399 τὴν
3839 3327 3942 3379 τῶν

2380 3418 2624 3489 οὐρανῶν
2676 3418 2971 3489 βασιλείαν,
3032 3420 3127 3474 καὶ
3177 3421 3277 3491 τὴν
3333 3421 3391 3472 ὲν
3432 3419 3572 3490 αὐτῇ
3624 3418 3736 3473 τῶν
3777 3419 3943 3488 ἁγίων

2384 3507 2774 3581 ὑπέρλαμπρον
2796 3507 2950 3575 ἀξίαν

2593 3715 2761 3768 ΡΠΖ’.
2805 3745 2874 3754 --
2901 3714 3202 3781 ΑῙΓΥΠΤῼ
3241 3713 3707 3787 ΠΡΕΣΒΥΤΕΡῼ.

1115 3888 1190 3944 De
1220 3899 1410 3943 natura
1442 3890 1633 3942 animm
1663 3888 1968 3958 quwsitum,
2006 3886 2268 3953 quomodo
2307 3884 2487 3936 divina
2515 3884 2738 3938 essentia
2772 3885 2998 3938 dicatur.
3034 3885 3185 3955 (Mox
3209 3887 3359 3954 epist.
3389 3886 3536 3957 t9t.)

776 3998 1020 4052 Divinam
1054 3999 1301 4066 cquidem
1325 4012 1445 4053 esse
1482 3997 1642 4051 credo
1671 3996 1930 4058 animam,
1961 4009 2066 4048 non
2098 4003 2278 4046 tamen

2459 3992 2620 4047 Θείαν
2654 3992 3058 4064 μὲνηήγούμεθα
3089 3989 3227 4048 εῖναι
3266 3995 3364 4067 τὴν
3391 3996 3590 4069 ψυχὴν,
3621 3996 3684 4051 οὐ
3720 3999 3827 4068 μὴν
3852 4000 3942 4066 τῆς

707 4089 1008 4143 divinitatis
1054 4089 1321 4158 regiaeque
1375 4099 1579 4156 partem
1625 4096 1870 4155 natura;
1917 4084 2269 4141 immortalem

2388 4085 2672 4151 θειοτάτης
2715 4086 2809 4138 καὶ
2855 4083 3288 4157 βασιλικωτάτης
3335 4090 3549 4156 φύσεως
3591 4091 3822 4160 μοῖραν·
3853 4093 3941 4143 καὶ

707 4193 944 4254 quoque,
979 4192 1166 4232 verum
1200 4178 1466 4247 principio
1510 4193 1616 4232 non
1664 4187 1938 4232 carentem
1972 4176 2269 4244 ejusdemvt

2381 4175 2671 4242 ἀθάνατον,
2701 4175 2814 4230 ἀλλ’
2834 4177 2896 4229 ού
2921 4176 3025 4246 τῆς
3046 4177 3283 4249 ἀνάρχου
3310 4178 3401 4231 καὶ
3424 4179 3715 4249 ποιητικῆς
3739 4181 3942 4249 φύσεως

707 4282 830 4321 cum
877 4266 1185 4322 Conditoris
1233 4273 1423 4319 natura
1479 4267 1827 4322 substantiae.
1875 4266 1930 4320 Si
1988 4267 2133 4319 enim
2183 4263 2269 4319 Dei

2381 4268 2691 4338 όμοούσιον.
2738 4261 2801 4320 Εἰ
2830 4270 2937 4339 γὰρ
2970 4269 3185 4340 ἐκείνης
3236 4262 3336 4339 τῆς
3371 4271 3609 4342 ἀρρήτου
3655 4266 3724 4342 ἦν
3761 4272 3936 4342 μέρος,

710 4356 996 4411 ineﬂ'nbilis
1037 4357 1178 4410 foret
1237 4371 1384 4425 pars,
1432 4371 1707 4426 nunquam
1757 4365 2035 4426 peccasset
2079 4356 2269 4422 anima,

2382 4361 2481 4414 οὐκ
2520 4359 2585 4413 ἂν
2613 4361 2880 4432 ἥμαρτεν.
2925 4361 3044 4414 οὐδὲ
3075 4361 3264 4433 ἐκρίθη
3290 4377 3304 4391 ·
3348 4363 3396 4414 εί
3424 4362 3481 4414 δὲ
3502 4361 3676 4415 ταῦτα
3716 4364 3938 4432 πάσχει,

710 4465 772 4503 ac
818 4464 883 4503 nc
908 4449 1156 4519 judicala
1190 4459 1333 4504 esset
1386 4464 1641 4519 unquam.
1682 4450 1834 4516 Quod
1869 4464 1992 4505 cum
2039 4450 2114 4504 illi
2153 4465 2269 4504 con-

2383 4450 2482 4520 τῆς
2513 4450 2776 4503 ἀνωτάτω
2802 4449 2988 4512 οὐσίας
3016 4450 3227 4520 ποίημα
3258 4450 3482 4515 δικαίως
3510 4451 3575 4505 ἂν
3609 4452 3936 4519 πιστευθείη.

715 4542 905 4610 tigerit
932 4543 1298 4604 condemnari,
1343 4542 1538 4596 divinae
1579 4558 1917 4613 summaeque
1965 4542 2269 4598 substantia

2391 4543 2452 4594 ού
2495 4543 2690 4612 μέρος·
2746 4543 2833 4607 ἵνα
2875 4544 2948 4613 μὴ
2991 4543 3190 4614 ἑαυτὴν
3221 4545 3253 4613 ἠ
3284 4543 3416 4612 ,θεία
3464 4544 3622 4613 φύσις
3670 4547 3933 4616 κρίνουσα,

710 4647 846 4701 opus
886 4647 988 4683 non
1031 4646 1155 4698 pars
1189 4646 1310 4684 esse
1359 4632 1551 4686 merito
1604 4633 1972 4687 credendum:
2011 4648 2076 4688 ne
2105 4633 2269 4688 divin:

2398 4633 2597 4703 μᾶλλον
2627 4633 2683 4686 δὲ
2719 4633 3121 4706 κατακρίνουσα
3151 4634 3452 4706 φωραθείη.

715 4725 798 4778 vis
845 4722 1117 4792 iudicasse
1173 4722 1403 4789 seipsam
1459 4721 1914 4792 deprehendatur,
1969 4725 2051 4779 vel
2107 4727 2285 4796 potius

714 4816 1104 4870 condemnasse
1135 4813 1400 4868 videatur.

712 4922 1083 4982 CLXXXVIII.
1135 4921 1652 4997 -_-_“l§Y_ANG_ELlO
1716 4925 2027 4983 DIACONO.
2090 4927 2285 4997 (Lego
2357 4983 2359 4986 γ

1149 4991 1539 5058 EVANGELO,
1568 5009 1626 5050 ut
1654 4997 1800 5052 alibi.
1831 4997 1849 5065 )

727 5088 982 5142 Virtutem
1007 5086 1061 5140 in
1096 5086 1458 5141 mediocritate
1481 5090 1782 5144 consistere.
1829 5089 2006 5146 Virtus
2035 5101 2110 5146 est
2157 5090 2385 5144 medium
2418 5092 2682 5155 uitiorum,
2730 5101 2833 5144 etc.
2869 5086 3131 5157 (Hortat.,
3157 5089 3248 5143 (tu.
3285 5114 3298 5142 ι
3337 5089 3482 5156 epist.
3522 5090 3605 5153 t8,
3637 5106 3702 5150 ex
3737 5091 3928 5146 Aristot.

2197 5163 2496 5227 sententia.)

788 5263 861 5320 Ut
897 5255 1336 5332 praestantissimi
1383 5265 1631 5321 statuarii
1679 5267 1744 5319 ad
1789 5269 2044 5323 amussim
2084 5269 2290 5325 exami-

722 5359 852 5405 nant
888 5353 1072 5420 operis
1107 5355 1528 5423 proportionem,
1564 5357 1616 5409 in
1659 5369 1764 5412 aua
1814 5357 2008 5412 artifex
2050 5374 2288 5414 svmme-

723 5442 876 5499 triam
909 5460 1014 5521 non
1049 5447 1283 5513 excedit,
1322 5447 1392 5501 ita
1424 5457 1479 5501 et
1515 5449 1702 5503 virtuti
1743 5448 1908 5504 deditI
1941 5450 2288 5507 mediocrita-

2660 4930 2836 4983 Pilll'.
2874 4957 2942 4967 -
2976 4927 3352 5000 ΕΥΑΓΓΕΛΙῼ
3395 4929 3709 4999 maxum.

2467 5267 2683 5338 Ὃσπερ
2710 5269 2759 5320 o't
2796 5269 3006 5339 ἀριστοι
3036 5266 3142 5321 τῶν
3176 5267 3628 5338 ἀγαλματοποιῶν
3673 5270 3928 5343 σταθμῶν-

2398 5377 2486 5412 ται
2517 5359 2612 5430 τὴν
2658 5359 3022 5431 συμμετρίαν,
3070 5359 3153 5428 ἐφ’
3181 5353 3247 5430 ἦς
3277 5361 3311 5430 ὴ
3340 5359 3668 5430 δημιουργία
3697 5362 3791 5430 τὴν
3822 5379 3933 5434 συμ-

2401 5455 2628 5525 μετρίαν
2672 5453 2783 5523 (54)
2837 5453 3136 5508 διαϐαίνει·
3195 5451 3334 5506 οὕτω
3372 5451 3464 5506 καὶ
3520 5455 3571 5508 ot
3611 5457 3709 5524 τῆς
3757 5455 3928 5526 ἀρετῆς

1815 5619 2048 5677 VARUS
2087 5621 2475 5681 LECTIONES
2513 5626 2598 5682 ET
2640 5625 2873 5682 ΝΟΤᾹΞ.

795 5771 904 5840 (54)
930 5773 1038 5855 illa.
1074 5776 1245 5855 verba
1277 5776 1382 5855 τὴν
1404 5783 1743 5855 συμμετρίαν
1790 5780 2104 5855 abSIInt__ab
2145 5789 2269 5855 utro

2400 5782 2578 5840 hiatus
2601 5784 2930 5855 δημιουργία
2970 5787 3314 5844 continuatur
3346 5801 3464 5844 cum
3512 5787 3794 5843 διαϐαίνει.
3821 5785 3928 5844 Pos-

725 5854 828 5912 que
849 5844 962 5899 cod.
1000 5845 1112 5899 Vat.
1147 5845 1250 5901 650
1282 5844 1544 5904 et'AltfiI'I
1569 5844 1762 5917 quibus
1803 5849 1920 5906 sine
1950 5850 2056 5907 ullo
2091 5851 2288 5909 indicio
2395 5867 2497 5908 SIN.
