4122 6516
128 549 255 615 Ῑί45
1025 545 1559 609 EPISTOLARUM
1596 541 1718 605 LIB

1823 543 1851 602 ’.
1890 568 1957 585 -ν-
1996 541 2232 605 EPIST.
2287 540 2483 602 CXCI.
3251 531 3393 593 1446

121 656 439 731 δημιουργοὶ
490 656 589 728 τὴν
643 655 989 726 συμμετρίαν
1041 653 1315 708 ἐκϐαίνειν
1349 652 1447 704 οὐκ
1484 651 1549 704 ἂν
1587 645 1698 702 εἷεν

1830 663 1913 704 em
1971 646 2240 702 excedere
2305 644 2459 700 nefas
2526 644 2752 699 ducunt.
2812 640 3191 696 Circumstant
3245 656 3394 697 euun

120 754 312 805 δίκαιοι
337 767 349 779 ο
377 751 843 820 παρυφεστήκασι
868 748 978 818 γὰρ
1001 745 1354 816 ἑκατέρωθεν.
1372 742 1563 798 κακίαι
1584 744 1703 803 ταῖς

121 844 358 912 ἀρεταῖς,
384 842 662 912 ἀπατῆσαι
682 841 778 893 τὸν
802 840 1092 912 φιλάρετον
1116 838 1527 922 μηχανὼμοναι.
1554 831 1701 902 Οῐον,

123 937 153 1002 ἡ
185 933 442 987 εὐσέϐειά
472 936 621 986 ἐστιν
671 935 708 1003 ἡ
744 932 988 1002 κεφαλὴ,
1035 933 1131 986 καὶ⁷
1161 933 1190 984 ὁ
1221 931 1467 1001 θεμέλιος
1496 933 1642 997 ,μκαὶ
1670 931 1703 999 ή

122 1027 324 1096 κρηπὶς
372 1026 483 1078 τῶν
529 1024 713 1078 καλῶν
738 1042 752 1057 ο
803 1025 940 1080 ἀλλὰ
989 1025 1164 1098 ταύτῃ
1211 1023 1552 1092 ἑκατέρωθεν
1605 1024 1703 1091 ἐφ’·

123 1117 588 1188 εδρεύειάσέῦειά
618 1135 680 1171 τε
712 1119 806 1171 καὶ
829 1117 1239 1187 δεισιδαιμονία·
1274 1119 1307 1185 η
1338 1123 1435 1186 μὲν
1463 1116 1584 1169 κατ’
1617 1112 1704 1166 ιλ-

120 1207 313 1276 λειψιν,
336 1210 368 1279 ἡ
387 1208 445 1261 δὲ
469 1210 590 1262 καθ’
610 1208 915 1281 ὑπερϐολὴν
933 1207 1012 1260 τὸ·
1034 1209 1092 1261 δὲ
1114 1206 1514 1278 ἀφαιρουμένη*
1536 1205 1626 1258 καὶ
1639 1207 1705 1276 τῇ

122 1298 345 1370 ἀνδρείᾳ
393 1299 677 1371 θρασύτης
728 1298 825 1351 καὶ
869 1298 1041 1351 δειλία
1091 1299 1596 1368 παρυφιστήκασι,
1646 1294 1707 1348 τὸ

122 1389 252 1441 αὐτὸ
272 1389 475 1458 δρᾶσαι
510 1387 834 1460 βουλόμεναι
861 1402 875 1416 ⁸
913 1389 990 1441 διὸ
1021 1389 1128 1465 χρὴ
1150 1387 1254 1440 τὸν
1277 1386 1565 1456 εὐδόκιμον
1606 1383 1705 1447 τὰς

126 1481 328 1543 κακίας
361 1481 874 1550 ἀτιμάσαντα,ετὰς
917 1481 1133 1550 ἀρετὰς.
1156 1479 1463 1548 αἱρεῖσθαι,
1498 1477 1591 1530 καὶ
1630 1475 1705 1546 μὴ

120 1573 186 1640 τῇ
213 1572 486 1642 φαντασίᾳ
507 1570 616 1626 τῶν
633 1570 844 1640 ἀρετῶν
863 1573 945 1635 είς
965 1570 1063 1635 τὰς
1085 1570 1481 1642 ἐφεδρευούσας
1507 1565 1706 1630 κακίας

123 1661 428 1716 ἐκπίπτειν.

633 1773 806 1828 ΡΠθθ.
839 1803 906 1813 -
936 1771 1167 1843 nam.

1809 738 2074 804 utrinque
2113 737 2371 790 virtutem
2402 734 2528 788 vitia
2550 774 2564 799 ,
2591 749 2712 805 qua
2753 732 3172 788 fallerevirtute
3195 734 3397 801 praedi-

1805 837 1918 883 tum
1948 825 2116 881 facile
2143 836 2393 898 possunt.
2433 825 2594 880 Verbi
2644 825 2844 895 gratia,
2871 824 3047 894 pietas
3088 832 3251 893 caput
3287 833 3394 887 est,

1808 919 1955 974 basis
1999 933 2092 972 seu
2143 918 2556 972 fundamentum
2601 925 2656 970 et
2702 916 2922 985 crepido
2961 914 3267 970 honestatis
3301 928 3398 968 :at

1810 1011 2074 1080 utrinque
2139 1009 2528 1075 circumstant,-
2574 1007 2704 1062 binc
2744 1007 3037 1076 impietas.
3106 1006 3239 1062 inde
3299 1020 3398 1060 su-

1806 1102 2122 1174 perstitio:
2166 1101 2258 1155 illa
2299 1101 2543 1170 quidem
2571 1099 2827 1162 defectu,
2882 1100 2983 1154 hac
3032 1113 3161 1154 vero
3201 1098 3400 1154 nimie-

1810 1205 1918 1249 tate
1952 1203 2260 1264 peccantes.
2300 1192 2394 1247 Sic
2431 1201 2487 1246 et
2519 1190 2894 1247 fortitudinem
2931 1191 3177 1244 ambiunt
3218 1192 3396 1245 utriro~

1808 1303 1946 1357 que.
1981 1286 2256 1339 temeritas
2298 1271 2446 1348 hinc,
2479 1280 2627 1338 illinc
2660 1283 2923 1337 timiditas
2959 1301 2977 1336 :
3005 1297 3127 1350 qua:
3179 1280 3399 1337 furtiter

1813 1394 1970 1449 agere
1992 1377 2191 1432 frustra
2225 1377 2488 1430 nituntur.
2520 1373 2841 1444 Quicunque
2877 1376 3040 1445 igitur
3067 1374 3248 1430 clarus
3285 1375 3402 1430 vult

1808 1468 2020 1535 haberi,
2061 1466 2317 1520 virtutem
2378 1465 2522 1519 colat
2585 1477 2812 1530 necesse
2854 1475 2943 1520 est
2975 1482 2988 1520 :
3021 1465 3152 1520 vitia
3209 1474 3401 1521 contra

1810 1547 1964 1624 vitet,
1992 1572 2127 1611 neve
2157 1556 2422 1611 virtutum
2457 1555 2639 1625 specie
2681 1557 2736 1613 in
2776 1556 2951 1612 vicina
2981 1557 3238 1624 utrinque
3265 1557 3395 1610 vitia

1813 1651 2096 1720 impingat.

2251 1757 2589 1814 CLXXXIX.
2621 1762 2694 1800 +-
2721 1755 2970 1814 ιεΑυΕ..

836 1861 1243 1924 Moderandum,
1279 1875 1342 1914 ne
1371 1859 1628 1913 rationem
1662 1853 1986 1922 exstinguas.
2023 1847 2201 1903 Furor
2233 1850 2371 1904 enim
2403 1848 2570 1904 brevis
2599 1844 2698 1904 est.

193 1973 304 2027 Καὶ
335 1972 509 2044 θυμοῦ
551 1974 647 2027 καὶ
680 1973 1029 2044 φρονήματος
1086 1971 1285 2043 μεστὸν
1323 1967 1466 2024 εῐναί
1503 1967 1564 2023 σέ
1602 1986 1708 2036 φα-

1882 1961 2165 2017 lracundia
2214 1960 2374 2016 simul
2410 1970 2463 2015 et
2506 1959 2794 2029 prudentia
2856 1959 3139 2030 praeditum
3194 1966 3246 2013 te
3280 1945 3409 2015 esse

127 2081 212 2118 σιν
247 2067 297 2117 οἱ
330 2064 822 2134 συνδιατρίϐοντες.
859 2063 923 2117 Εἰ
952 2063 1134 2118 τοίνυν
1178 2061 1332 2118 ταῦθ’
1359 2061 1536 2125 οὕτως
1563 2060 1696 2132 ἔχει,

129 2153 339 2223 ἔμϐαλε
378 2154 643 2225 ἡνίαν-τῷ
680 2154 860 2225 θυμῷ,
901 2155 989 2209 ῐνα
1031 2154 1106 2226 μὴ
1147 2154 1442 2228 προπηδῶν
1473 2154 1567 2207 τοῦ
1605 2152 1698 2206 λο-

123 2243 324 2317 γισμοῦ
353 2244 518 2316 σὸέσῃ
542 2245 634 2298 καὶ
662 2243 725 2298 τὸ
752 2245 1024 2315 φρόνημα·
1048 2243 1130 2296 διὸ
1152 2243 1256 2297 ’καὶ
1278 2244 1377 2314 τὴν
1405 2242 1597 2313 ὀφρὺν,
1627 2239 1701 2303 ὥς

125 2347 282 2400 φασι,
307 2331 526 2400 γείτονα
549 2333 840 2404 κροτάφων
868 2331 1136 2402 ἐπαίρεις.

635 2458 756 2524 Pw.
787 2487 858 2497 -
890 2457 977 2528 τι)
1011 2439 1214 2529 arra.

1815 2058 2121 2129 praedicant
2153 2058 2244 2110 tui
2295 2054 2617 2112 familiares.
2671 2046 2728 2110 Si
2778 2054 2950 2126 igitur
3005 2069 3132 2110 vera
3184 2053 3406 2117 dicunt,

1815 2148 2112 2204 iracundia:
2158 2149 2264 2202 tute
2303 2147 2518 2201 frenum
2571 2147 2813 2215 impone,
2844 2160 2914 2202 ne
2937 2148 3205 2202 rationem
3249 2146 3402 2202 inra-

1814 2239 1952 2294 dens
1978 2239 2292 2308 exstinguat
2337 2239 2500 2293 etiam
2535 2238 2917 2307 prudentiam;
2952 2238 3180 2306 ideoque
3221 2245 3274 2294 et
3317 2253 3409 2294 su-

1815 2329 2104 2400 percilium
2149 2340 2345 2385 natura
2384 2332 2722 2402 temporibus
2751 2331 2950 2401 capitis
2985 2330 3225 2386 vicinum
3259 2344 3405 2388 esse.

2349 2453 2505 2512 CXC.
2542 2485 2614 2497 —-
2651 2446 2880 2510 Ειυιιιι.

130 2546 390 2603 Hortatur
415 2549 468 2602 ut
495 2546 594 2613 illi,
613 2565 762 2620 quem
784 2549 983 2615 iudicio
1001 2528 1295 2618 superarat,
1321 2528 1621 2603 humaniter
1634 2564 1689 2602 se
1709 2557 1921 2602 excuset
1943 2546 2284 2616 animumque
2302 2544 2416 2615 ejus
2437 2545 2630 2614 placet.
2665 2542 2901 2616 (Confer.
2927 2548 3078 2611 epist.
3108 2545 3232 2614 129,
3259 2545 3404 2617 195.)

209 2676 430 2745 Ἐπειδὴ
490 2675 839 2746 νενικημένος
880 2679 908 2730 ὁ
956 2675 1150 2748 πρώην
1197 2694 1290 2729 σου
1321 2676 1580 2743 διάδικος,
1615 2677 1707 2746 ὑφ’

127 2761 203 2821 ὧν
235 2767 525 2832 πέπονθεν,
566 2766 721 2822 οὔπω
772 2768 1059 2839 νενίκηκεν
1098 2770 1290 2822 ἑαυτὸν
1322 2769 1486 2832 είς-τὸ
1516 2769 1715 2840 χρῆναι

130 2857 562 2929 Θεραπευθῆναι,
598 2859 691 2928 μὴ,
727 2857 968 2910 παύσαιο
1001 2858 1088 2910 διὰ
1134 2858 1482 2928 γραμμάτων
1518 2858 1718 2910 ἀπολο-

125 2947 395 3018 γούμενος
416 2964 431 2978 ·
464 2944 522 3001 εὖ
555 2949 664 3018 γὰρ
695 2950 889 3011 ποιεῖς,
929 2947 1000 3000 τὰ
1036 2949 1219 3011 κακῶς
1248 2948 1509 3018 γινόμενα
1537 2941 1717 3011 καλῶς

133 3037 530 3109 ίώμενος.·Καὶ
569 3040 734 3110 ἡμεῖς
769 3040 880 3110 γὰρ
922 3037 1372 3104 καταντλοῦντες,
1409 3039 1593 3108 ἡπίοις
1629 3039 1718 3091 λό-

125 3145 250 3196 γοις
278 3130 338 3183 τὸ
367 3129 539 3194 πάθος
567 3128 891 3202 πειρώμεθα
919 3130 1084 3183 αὑτοῦ
1120 3130 1393 3185 ἰάσασθαι.

309 3330 457 3396 Pw
485 3361 557 3370 ——
587 3329 889 3400 ΔΩΡΟΘΕῼ
928 3327 1232 3399 ΑιΑκοΝῃ
1261 3326 1488 3399 ΙᾹΤΡῼ.

1888 2674 2334 2744 Quandoquidem
2384 2673 2477 2743 qui
2530 2682 2709 2727 tecum
2759 2688 2928 2744 nuper
2968 2671 3178 2742 judicio
3230 2672 3408 2728 discc-

1812 2767 2027 2836 ptabat,
2069 2766 2247 2820 victus
2285 2774 2390 2825 est,
2423 2780 2452 2818 a
2496 2764 2610 2819 suis
2645 2773 2804 2819 antea
2841 2768 3131 2834 superatus
3164 2762 3409 2820 affectio-

1817 2858 1980 2914 nibus
2016 2858 2257 2928 seipsum
2301 2859 2542 2912 nondum
2583 2856 2778 2912 vicerit
2806 2857 2861 2911 in
2891 2855 3198 2912 adhibenda
3238 2857 3412 2912 medi-

1816 2951 1962 3012 cina,
2013 2964 2080 3004 ne
2125 2950 2350 3004 desinas
2387 2964 2486 3018 per
2521 2949 2690 3023 616
2716 2950 2924 3004 litteras
2968 2949 3206 3018 placare.
3243 2947 3412 3004 Recte

1817 3042 1960 3095 enim
1991 3039 2152 3106 facis,
2183 3041 2327 3114 quod
2365 3054 2486 3109 quae
2513 3041 2652 3093 male
2680 3045 2831 3109 gesta
2868 3047 3018 3117 sunt,
3053 3047 3200 3093 recte
3231 3052 3408 3094 cures.

1818 3131 1930 3188 Nos
1962 3132 2167 3201 pariter
2210 3131 2387 3185 oleum
2443 3129 2772 3186 aﬂundendo
2803 3131 2985 3185 verbis
3027 3131 3279 3199 benignis
3316 3146 3412 3185 co-

1819 3224 2075 3280 nabimur
2099 3223 2219 3294 ejus
2257 3223 2425 3277 animi
2456 3224 2850 3293 perturbationi
2886 3224 3153 3279 medelam
3193 3221 3410 3280 afferre.

1941 3333 2126 3389 CXCI.
2155 3363 2228 3374 -—
2260 3331 2630 3388 DOROTHEO
2674 3331 2973 3389 [ΠΛΕΟΝο
3011 3332 3292 3390 MEDICO.

130 3443 430 3508 Qucestimu'
458 3445 726 3513 respondet
765 3448 1067 3512 propositae,
1100 3455 1195 3495 cur
1229 3443 1533 3566 incorparfg
1583 3447 1718 3582 n’tjnu

1536 3533 1600 3567 οη
1632 3532 1705 3567 er.

1823 3448 2129 3583 tassi‘ostt;b)tts
2175 3449 2606 3518 eorruptionique
2635 3448 2883 3513 obnoxia,
2930 3463 3090 3518 quam
3133 3423 3411 3517 corporea.

1823 3531 1892 3572 st.
2040 3559 2052 3573 .

219 3623 442 3692 Ἐπειδὴ
472 3625 661 3695 χρῆμα
695 3631 865 3694 σαφὲς
891 3626 986 3679 καὶ
1016 3622 1450 3710 ὁμολογούμενον
1476 3626 1570 3679 καὶ
1597 3628 1717 3689 ταῖς

141 3715 325 3787 ἱεραῖς
347 3716 612 3786 Γραῳαῖς,
639 3718 732 3769 καὶ
755 3720 865 3781 τοῖς
893 3719 1222 3788 σοφωτέροις
1242 3718 1352 3770 τῶν
1377 3711 1602 3785 ἔξωθεν,
1629 3718 1717 3784 διὰ

129 3807 605 3879 παραδειγμάτων
647 3805 917 3877 ἠθέλησας
959 3807 1169 3877 μαθεῖν,
1207 3807 1284 3871 ὡς
1315 3806 1381 3861 ἂν
1413 3801 1524 3869 οἶός
1549 3823 1609 3859 τε
1652 3799 1718 3872 ὧ,

138 3895 324 3950 πολλὰ
378 3897 445 3949 δι’
473 3895 670 3964 ὀλίγων
704 3898 910 3965 φράσαι
957 3898 1311 3968 πειράσομαι.
1361 3895 1513 3949 Ἐπεὶ
1545 3896 1721 3960 τοίνυν

131 3983 278 4056 ἔφης
302 3976 519 4038 ’Πόθεν
564 3984 743 4054 δῆλον,
771 3986 852 4038 ὅτι
898 3985 1272 4056 τάάσώματα
1309 3986 1418 4039 τῶν
1455 3985 1722 4055 σωμάτων

131 4076 293 4127 ἐστὶν
331 4074 684 4147 ἀπαθέστερα
733 4075 829 4128 καὶ
881 4075 1243 4146 ίοχυρότερας
1282 4076 1427 4145 φημὶ
1453 4115 1468 4135 ,
1500 4077 1611 4148 ὅσῳ
1649 4075 1717 4128 τὰ

133 4167 318 4236 ἐγγὺς
367 4166 468 4236 τῆς
516 4168 941 4239 ἀσωματότητος
986 4167 1213 4239 σώματα
1258 4168 1584 4239 ἰσχυρότερα
1632 4168 1725 4221 καί

131 4258 496 4326 άπαθέστερά
524 4260 662 4323 ἐστι,
694 4259 802 4312 τῶν
823 4259 1148 4332 παχυτέρων
1176 4259 1726 4331 σωμάτων,ντοσούτῳ

139 4350 244 4402 καὶ
281 4349 351 4402 τὰ
382 4350 657 4418 ἀσώματα
684 4350 745 4403 οὐ
777 4350 938 4420 μόνον
955 4351 1065 4416 τῶν
1095 4352 1444 4421 παχυτάτων,
1475 4350 1612 4406 ἀλλὰ
1632 4353 1727 4406 καὶ

133 4440 260 4494 τῶν
305 4440 655 4494 λεπτοτάτων
702 4442 852 4496 ἐστὶν
899 4442 1269 4513 ἀπαθέστερα.
1318 4438 1445 4498 υἷον
1483 4445 1514 4513 ἡ
1553 4443 1729 4513 πέτρα

134 4532 240 4586 τοῦ
288 4532 481 4598 ὕδατός
516 4535 633 4586 ἐστι
688 4536 1008 4606 παχυτέρα,
1051 4535 1131 4588 διὸ
1179 4536 1495 4607 ῥηγνυμένη
1545 4538 1728 4592 οὐκέτι

136 4623 509 4690 συνάπτεται,
543 4625 604 4677 τὸ
651 4625 706 4678 δὲ
746 4627 890 4696 ὕδωρ
926 4626 1221 4698 διαιρεθὲν,
1262 4629 1426 4683 πάλιν
1457 4629 1729 4698 συναφθὲν

134 4716 262 4785 (35)
303 4715 538 4769 ἑνοῦται.
570 4718 722 4787 Ὅσῳ
761 4717 871 4790 γὰρ
915 4719 1258 4787 λεπτότερον,
1305 4720 1544 4790 τοσούτῳ
1585 4723 1729 4775 ἁπα-

134 4809 429 4878 θέστερον.
477 4809 534 4861 '0
570 4809 627 4861 δὲ
664 4807 776 4890 ἀὴρ
805 4811 948 4881 (χρὴ
985 4811 1094 4882 γὰρ
1146 4812 1239 4863 ὲπὶ
1275 4811 1596 4882 λεπτότερον
1632 4811 1730 4881 βα-

1892 3629 2120 3695 Quando
2163 3644 2276 3683 rem
2324 3627 2528 3684 claram
2587 3636 2750 3697 atque
2797 3643 3120 3684 concessam
3179 3643 3301 3684 cum
3359 3631 3413 3687 in

1823 3717 2002 3771 sacris
2023 3715 2280 3794 .Litteris,
2313 3726 2424 3771 tum
2463 3717 2513 3770 in
2549 3717 2791 3772 externis
2815 3718 3176 3786 philosophis,
3207 3721 3418 3778 discere

1823 3821 1851 3858 a
1876 3820 1962 3859 me
1998 3804 2265 3875 exemplis
2304 3805 2546 3871 voluisti,
2579 3821 2724 3860 nunc
2757 3806 2934 3875 quoad
2965 3807 3082 3875 ejus
3114 3807 3228 3862 fieri
3262 3823 3292 3862 a
3329 3824 3417 3864 me

1823 3904 2024 3964 potest,
2053 3893 2221 3971 multa
2254 3897 2442 3964 paucis
2464 3896 2816 3965 complectar.
2853 3896 3062 3963 Quaeris
3096 3897 3241 3950 enim
3269 3899 3416 3953 unde

1825 3979 2038 4041 constet
2073 3987 2394 4054 incorporea
2437 3987 2756 4055 corporibus
2791 4001 2914 4042 esse
2946 3990 3120 4057 magis
3167 3991 3414 4058 expertia

1826 4071 2175 4133 ali'ectionum
2236 4083 2400 4147 atque
2454 4079 2780 4147 potentiora.
2845 4078 3206 4149 Respondco.
3268 4087 3414 4152 quod

1826 4179 2094 4239 quiantum
2129 4184 2362 4239 corpora
2409 4171 2573 4225 rebus
2600 4156 2938 4240 incorporeis
2969 4161 3234 4226 viciniora
3264 4184 3413 4236 sunt,

1829 4260 1933 4314 hoc
1980 4257 2207 4313 fortiora
2263 4269 2317 4314 et
2365 4258 2716 4315 afl‘ectionum
2765 4261 2936 4330 magis
2981 4263 3225 4332 expertia
3266 4275 3415 4327 sunt.

1828 4366 1992 4420 quam
2027 4365 2255 4422 corpora
2297 4352 2602 4418 crassiora;
2637 4362 2846 4407 tantum
2882 4353 3046 4407 etiam
3092 4355 3415 4426 incorporea

1829 4460 1937 4500 non
1971 4446 2130 4499 modo
2159 4444 2540 4506 crassissimis,
2564 4445 2656 4499 sed
2685 4444 2847 4499 etiam
2883 4444 3216 4501 tenuissimis
3245 4447 3420 4518 magis

1829 4552 1952 4593 esse
1996 4536 2341 4606 impatibilia.
2395 4534 2557 4591 Verbi
2604 4537 2817 4605 gratia,
2863 4536 3002 4607 lapis
3053 4539 3294 4593 crassior
3335 4549 3419 4595 est

1833 4644 1994 4698 quam
2042 4641 2218 4699 aqua;
2258 4627 2380 4684 ideo
2435 4624 2639 4683 fractus
2691 4642 2796 4682 non
2851 4629 3080 4699 amplius
3131 4630 3410 4685 coalescit.

1833 4721 1986 4791 Aqua
2022 4735 2153 4775 vero
2198 4729 2479 4791 segregata
2521 4734 2736 4773 rursum
2774 4719 2916 4773 uniri
2969 4729 3164 4788 potest.
3199 4717 3419 4788 Quanto

1833 4814 1976 4867 enim
2033 4813 2282 4876 tenuior,
2349 4818 2505 4866 tanto
2561 4821 2646 4865 est
2705 4810 3072 4880 impatibilior.
3129 4810 3238 4867 Aer
3289 4827 3422 4868 vero

137 4901 330 4956 Giaat'
368 4902 768 4972 παράδειγμα)
820 4903 942 4956 οὐδὲ
987 4903 1272 4975 διαστῆναι
1321 4903 1579 4956 δύναταιο
1633 4904 1718 4957 ὲάι

1835 4901 2168 4972 (exemplum
2213 4901 2361 4956 enim
2414 4901 2794 4955 tenuissimum
2839 4899 3038 4956 afferre
3087 4901 3138 4957 in
3183 4903 3419 4959 medium

135 4990 285 5059 γοῦν
318 4989 352 5060 ἢ
391 4993 470 5054 είς
509 4991 770 5063 κέραμον,
798 4993 830 5064 ἢ
861 4995 939 5056 είς
969 4993 1143 5046 ἀσκὸν
1170 4992 1556 5064 ἀποκλεισθείη
1580 5035 1596 5056 ,
1641 4995 1732 5046 καὶ

141 5084 235 5146 είς
285 5081 448 5151 βυθὸν
484 5083 689 5155 ριφείη,
725 5084 826 5137 οὐκ
849 5082 1255 5154 ἀνέχεται,ἀλλ’
1287 5084 1607 5148 ἐπιπολάζει
1640 5085 1736 5139 καὶ

141 5174 524 5243 ἐπινήχεται,
547 5173 641 5229 καὶ
680 5174 779 5244 τὴν
805 5174 1126 5243 ἐπιφάνειαν
1161 5174 1346 5246 ζητεῖ,
1384 5176 1478 5228 καὶ
1508 5175 1572 5227 τὸ
1601 5191 1733 5242 συγ-

138 5265 311 5334 γενὲς
345 5263 603 5334 θηρᾶται.
650 5254 718 5318 Εἰ
762 5265 943 5318 τοίνυν
974 5266 1003 5317 ὁ
1039 5265 1138 5336 μὲν
1163 5266 1273 5336 ἀὴρ
1307 5265 1400 5318 τοῦ
1432 5264 1645 5328 ὓδατος,
1677 5265 1738 5318 τὸ

141 5357 208 5410 δὲ
252 5356 400 5426 ὕδωρ
442 5356 545 5425 τῆς
585 5357 792 5427 πέτρας
821 5358 937 5410 ἐστὶ
963 5357 1313 5425 λεπτότερον,
1344 5357 1425 5409 διὸ
1457 5357 1551 5410 καὶ
1589 5357 1733 5410 ἁπα-

139 5448 434 5516 Θὲστερον·
486 5446 540 5500 τί
567 5447 892 5517 θαυμάζεις,
922 5451 972 5502 εἰ
1009 5451 1102 5502 καὶ
1133 5449 1200 5502 τὰ
1227 5450 1491 5518 ἀσώματα
1522 5451 1737 5522 ἰσχυρό-

139 5538 294 5608 τσρά
316 5539 508 5605 tortu;
542 5539 648 5592 Ἴδε
689 5533 784 5592 οὖν
815 5541 911 5592 καὶ
946 5539 1046 5610 τὴν
1077 5541 1256 5611 ψυχὴν
1296 5540 1370 5612 μὴ
1401 5541 1735 5611 φαινομένην

145 5627 260 5696 μὲν
291 5627 556 5699 (ἀόρατος
599 5630 707 5702 γάρ
739 5630 938 5701 ἐστιν),
989 5631 1141 5703 ἰσχὺν
1172 5632 1229 5686 δὲ
1263 5631 1341 5702 τῷ
1389 5629 1603 5701 σώματι
1640 5634 1735 5685 καὶ

1833 4994 2108 5065 convenit)
2158 4993 2432 5063 segregari
2484 5008 2589 5051 non
2637 5002 2835 5062 potest.
2893 4992 2951 5048 Si
3001 4996 3154 5057 enim
3205 4996 3259 5051 in
3323 5011 3423 5052 vas

1835 5087 2002 5143 fictile
2028 5087 2114 5142 vel
2163 5090 2216 5142 in
2250 5098 2423 5142 utrem
2456 5085 2724 5152 includas,
2754 5098 2808 5142 et
2835 5087 2888 5141 in
2925 5086 3252 5158 profundum
3294 5092 3423 5146 mit-

1833 5187 1938 5242 tas,
1967 5193 2074 5232 non
2101 5177 2386 5247 mergitur.
2414 5178 2510 5234 sed
2539 5192 2834 5247 assurgens
2861 5193 3050 5250 supra,
3078 5190 3422 5250 supernatat,

1838 5271 2144 5339 gaudetque
2176 5271 2444 5338 conspici,
2492 5281 2548 5325 et
2593 5271 2774 5326 locum
2818 5281 3062 5328 sectatur
3096 5275 3418 5332 naturalem.

1836 5358 2005 5427 igitur
2037 5360 2086 5415 si
2115 5374 2211 5416 aer
2237 5376 2398 5431 quant
2429 5375 2590 5431 aqua,
2627 5371 2682 5417 et
2709 5377 2849 5432 aqua
2881 5379 3044 5433 quam
3075 5364 3214 5435 lapis
3245 5366 3423 5423 subti-

1835 5449 1942 5504 lior
1983 5449 2219 5516 exsistit,
2251 5457 2413 5519 atque
2453 5450 2589 5506 adeo
2619 5449 2966 5506 ail‘ectionum
3013 5453 3194 5508 minus
3221 5468 3416 5523 capax.

1837 5543 1987 5612 quid,
2016 5558 2135 5608 oro,
2157 5543 2449 5600 admiraris
2474 5544 2639 5599 etiam
2669 5543 2986 5613 incorporea
3019 5544 3243 5600 fortiora
3268 5545 3424 5602 esse?

1837 5633 2131 5690 Considera
2161 5635 2349 5704 itaque
2386 5641 2445 5692 ut
2480 5635 2685 5705 anima,
2713 5650 2833 5700 qua:
2869 5638 2970 5694 sub
3004 5647 3285 5708 aspectum
3310 5651 3423 5695 non

1299 5790 1531 5845 VARUE
1567 5787 1956 5847 LECTlONES
1996 5789 2086 5849 ET
2125 5789 2360 5848 ΝΟΤιΕ.

227 5943 345 6014 (35)
371 5941 476 6000 ιιι-ο
498 5943 765 6015 συναφθὲν
792 5945 948 6004 codd.
993 5945 1112 6002 Vat.
1139 5947 1242 6004 650
1272 5958 1322 6004 et
1354 5949 1462 6004 Alt.
1490 5949 1718 6006 scribunt

1823 5947 2027 6019 ιναφέν.
2069 5949 2146 6004 lo.
