  <div class='ocr_page' id='page_1' title='image "/cluster/home/n/w/nwhite01/storage/ocr_20150623/78/pst.000005712779/736.png"; bbox 0 0 4122 6518; ppageno 0'>
   <div class='ocr_carea' id='block_1_1' title="bbox 94 581 231 650">
    <p class='ocr_par' dir='ltr' id='par_1_1' title="bbox 94 581 231 650">
     <span class='ocr_line' id='line_1_1' title="bbox 94 581 231 650; baseline 0.036 -5"><span class='ocrx_word' id='word_1_1' title='bbox 94 581 231 650; x_wconf 73' lang='grc'><strong>1453</strong></span> 
     </span>
    </p>
   </div>
   <div class='ocr_carea' id='block_1_2' title="bbox 1025 577 2454 642">
    <p class='ocr_par' dir='ltr' id='par_1_2' title="bbox 1025 577 2454 642">
     <span class='ocr_line' id='line_1_2' title="bbox 1025 577 2454 642; baseline -0.002 -3"><span class='ocrx_word' id='word_1_2' title='bbox 1025 580 1560 642; x_wconf 79' lang='lat' dir='ltr'><strong>EPISTOLARUM</strong></span> <span class='ocrx_word' id='word_1_3' title='bbox 1600 582 1747 642; x_wconf 87' lang='lat' dir='ltr'><strong>LIB.</strong></span> <span class='ocrx_word' id='word_1_4' title='bbox 1790 583 1857 642; x_wconf 90' lang='lat' dir='ltr'><strong>V.</strong></span> <span class='ocrx_word' id='word_1_5' title='bbox 1900 606 1967 616; x_wconf 94' lang='grc'><strong><em>-</em></strong></span> <span class='ocrx_word' id='word_1_6' title='bbox 2006 579 2244 640; x_wconf 81' lang='lat' dir='ltr'><strong>EPIST.</strong></span> <span class='ocrx_word' id='word_1_7' title='bbox 2284 577 2454 637; x_wconf 82' lang='lat' dir='ltr'><strong>CCII.</strong></span> 
     </span>
    </p>
   </div>
   <div class='ocr_carea' id='block_1_3' title="bbox 3214 573 3350 641">
    <p class='ocr_par' dir='ltr' id='par_1_3' title="bbox 3214 573 3350 641">
     <span class='ocr_line' id='line_1_3' title="bbox 3214 573 3350 641; baseline -0.022 -2"><span class='ocrx_word' id='word_1_8' title='bbox 3214 573 3350 641; x_wconf 64' lang='lat'><strong>145’.</strong></span> 
     </span>
    </p>
   </div>
   <div class='ocr_carea' id='block_1_4' title="bbox 83 681 1672 762">
    <p class='ocr_par' dir='ltr' id='par_1_4' title="bbox 83 685 1664 762">
     <span class='ocr_line' id='line_1_4' title="bbox 83 685 1664 762; baseline -0.002 -18"><span class='ocrx_word' id='word_1_9' title='bbox 83 690 420 762; x_wconf 77' lang='grc' dir='ltr'><strong>δυναμένων,</strong></span> <span class='ocrx_word' id='word_1_10' title='bbox 466 686 525 740; x_wconf 82' lang='grc' dir='ltr'>οὗ</span> <span class='ocrx_word' id='word_1_11' title='bbox 559 685 970 758; x_wconf 84' lang='grc' dir='ltr'><strong>πνευματικῶν,</strong></span> <span class='ocrx_word' id='word_1_12' title='bbox 1019 686 1156 741; x_wconf 72' lang='grc' dir='ltr'>ἀλλὰ</span> <span class='ocrx_word' id='word_1_13' title='bbox 1186 688 1537 757; x_wconf 67' lang='grc' dir='ltr'>σοφιστικῶν·</span> <span class='ocrx_word' id='word_1_14' title='bbox 1565 688 1664 742; x_wconf 83' lang='grc' dir='ltr'>οὐκ</span> 
     </span>
    </p>
   </div>
   <div class='ocr_carea' id='block_1_5' title="bbox 1776 681 3349 762">
    <p class='ocr_par' dir='ltr' id='par_1_5' title="bbox 1776 681 3349 754">
     <span class='ocr_line' id='line_1_5' title="bbox 1776 681 3349 754; baseline 0 -14"><span class='ocrx_word' id='word_1_15' title='bbox 1776 696 1880 740; x_wconf 75' lang='lat' dir='ltr'><strong>tem</strong></span> <span class='ocrx_word' id='word_1_16' title='bbox 1932 686 2462 753; x_wconf 71' lang='lat' dir='ltr'><strong>delectationemque</strong></span> <span class='ocrx_word' id='word_1_17' title='bbox 2516 681 2856 737; x_wconf 77' lang='lat' dir='ltr'><strong>auditoribus</strong></span> <span class='ocrx_word' id='word_1_18' title='bbox 2921 682 3349 754; x_wconf 80' lang='lat' dir='ltr'><strong>ingenerandam</strong></span> 
     </span>
    </p>
   </div>
   <div class='ocr_carea' id='block_1_6' title="bbox 77 778 1660 852">
    <p class='ocr_par' dir='ltr' id='par_1_6' title="bbox 77 778 1660 852">
     <span class='ocr_line' id='line_1_6' title="bbox 77 778 1660 852; baseline -0.003 -16"><span class='ocrx_word' id='word_1_19' title='bbox 77 781 487 844; x_wconf 84' lang='grc' dir='ltr'>ἀποστολικῶν,</span> <span class='ocrx_word' id='word_1_20' title='bbox 526 781 663 834; x_wconf 83' lang='grc' dir='ltr'>ἀλλὰ</span> <span class='ocrx_word' id='word_1_21' title='bbox 702 778 1141 848; x_wconf 74' lang='grc' dir='ltr'>Δημοσθενικῶψ</span> <span class='ocrx_word' id='word_1_22' title='bbox 1177 781 1238 833; x_wconf 84' lang='grc' dir='ltr'>οὐ</span> <span class='ocrx_word' id='word_1_23' title='bbox 1291 780 1660 852; x_wconf 70' lang='grc' dir='ltr'><strong>προφητικῶν,</strong></span> 
     </span>
    </p>
   </div>
   <div class='ocr_carea' id='block_1_7' title="bbox 77 866 1664 942">
    <p class='ocr_par' dir='ltr' id='par_1_7' title="bbox 77 866 1664 942">
     <span class='ocr_line' id='line_1_7' title="bbox 77 866 1664 942; baseline -0.003 -18"><span class='ocrx_word' id='word_1_24' title='bbox 77 871 196 924; x_wconf 80' lang='grc' dir='ltr'>ἀλλ’</span> <span class='ocrx_word' id='word_1_25' title='bbox 227 869 535 942; x_wconf 86' lang='grc' dir='ltr'>ἐριστικῶν·</span> <span class='ocrx_word' id='word_1_26' title='bbox 568 870 629 923; x_wconf 79' lang='grc' dir='ltr'>οὐ</span> <span class='ocrx_word' id='word_1_27' title='bbox 655 868 762 921; x_wconf 87' lang='grc' dir='ltr'><strong>τῶν</strong></span> <span class='ocrx_word' id='word_1_28' title='bbox 790 869 888 937; x_wconf 82' lang='grc' dir='ltr'>τὴν</span> <span class='ocrx_word' id='word_1_29' title='bbox 925 867 1104 938; x_wconf 80' lang='grc' dir='ltr'>ψυχὴν</span> <span class='ocrx_word' id='word_1_30' title='bbox 1139 869 1405 938; x_wconf 80' lang='grc' dir='ltr'>εὐφρᾶναι</span> <span class='ocrx_word' id='word_1_31' title='bbox 1430 866 1664 936; x_wconf 83' lang='grc' dir='ltr'>δυναμέ-</span> 
     </span>
    </p>
   </div>
   <div class='ocr_carea' id='block_1_8' title="bbox 78 958 1663 1030">
    <p class='ocr_par' dir='ltr' id='par_1_8' title="bbox 78 958 1663 1030">
     <span class='ocr_line' id='line_1_8' title="bbox 78 958 1663 1030; baseline -0.002 -15"><span class='ocrx_word' id='word_1_32' title='bbox 78 980 211 1027; x_wconf 86' lang='grc' dir='ltr'>νων,</span> <span class='ocrx_word' id='word_1_33' title='bbox 239 963 376 1015; x_wconf 80' lang='grc' dir='ltr'><strong>ἀλλὰ</strong></span> <span class='ocrx_word' id='word_1_34' title='bbox 404 962 511 1013; x_wconf 90' lang='grc' dir='ltr'><strong>τῶν</strong></span> <span class='ocrx_word' id='word_1_35' title='bbox 537 961 634 1030; x_wconf 87' lang='grc' dir='ltr'>τὴν</span> <span class='ocrx_word' id='word_1_36' title='bbox 683 959 852 1029; x_wconf 73' lang='grc' dir='ltr'>ἀκοὴν</span> <span class='ocrx_word' id='word_1_37' title='bbox 885 959 1099 1026; x_wconf 74' lang='grc' dir='ltr'>θέλγειν</span> <span class='ocrx_word' id='word_1_38' title='bbox 1130 959 1418 1012; x_wconf 73' lang='grc' dir='ltr'><strong>εἰωθότων·</strong></span> <span class='ocrx_word' id='word_1_39' title='bbox 1452 959 1513 1011; x_wconf 81' lang='grc' dir='ltr'>οὐ</span> <span class='ocrx_word' id='word_1_40' title='bbox 1554 958 1663 1012; x_wconf 88' lang='grc' dir='ltr'><strong>τῶν</strong></span> 
     </span>
    </p>
   </div>
   <div class='ocr_carea' id='block_1_9' title="bbox 77 1048 1664 1122">
    <p class='ocr_par' dir='ltr' id='par_1_9' title="bbox 77 1048 1664 1122">
     <span class='ocr_line' id='line_1_9' title="bbox 77 1048 1664 1122; baseline -0.002 -18"><span class='ocrx_word' id='word_1_41' title='bbox 77 1053 171 1105; x_wconf 81' lang='grc' dir='ltr'>διὰ</span> <span class='ocrx_word' id='word_1_42' title='bbox 206 1053 303 1105; x_wconf 81' lang='grc' dir='ltr'><strong>τοῦ</strong></span> <span class='ocrx_word' id='word_1_43' title='bbox 335 1050 659 1122; x_wconf 76' lang='grc' dir='ltr'><strong>ἐμπνεῖσθαι</strong></span> <span class='ocrx_word' id='word_1_44' title='bbox 710 1051 813 1103; x_wconf 67' lang='grc' dir='ltr'><strong>ὑπὸ</strong></span> <span class='ocrx_word' id='word_1_45' title='bbox 840 1048 947 1102; x_wconf 90' lang='grc' dir='ltr'><strong>τῶν</strong></span> <span class='ocrx_word' id='word_1_46' title='bbox 991 1049 1244 1119; x_wconf 83' lang='grc' dir='ltr'>πράξεων</span> <span class='ocrx_word' id='word_1_47' title='bbox 1277 1049 1373 1101; x_wconf 81' lang='grc' dir='ltr'>τοῦ</span> <span class='ocrx_word' id='word_1_48' title='bbox 1411 1049 1664 1115; x_wconf 82' lang='grc' dir='ltr'>λέγοντος</span> 
     </span>
    </p>
   </div>
   <div class='ocr_carea' id='block_1_10' title="bbox 80 1140 1665 1212">
    <p class='ocr_par' dir='ltr' id='par_1_10' title="bbox 80 1140 1665 1212">
     <span class='ocr_line' id='line_1_10' title="bbox 80 1140 1665 1212; baseline 0 -18"><span class='ocrx_word' id='word_1_49' title='bbox 80 1143 322 1210; x_wconf 77' lang='grc' dir='ltr'>ζώντων,</span> <span class='ocrx_word' id='word_1_50' title='bbox 356 1143 491 1196; x_wconf 78' lang='grc' dir='ltr'>ἀλλὰ</span> <span class='ocrx_word' id='word_1_51' title='bbox 521 1141 627 1194; x_wconf 86' lang='grc' dir='ltr'><strong>τῶν</strong></span> <span class='ocrx_word' id='word_1_52' title='bbox 658 1141 745 1194; x_wconf 71' lang='grc' dir='ltr'><strong>διὰ</strong></span> <span class='ocrx_word' id='word_1_53' title='bbox 780 1140 877 1212; x_wconf 83' lang='grc' dir='ltr'>τὴν</span> <span class='ocrx_word' id='word_1_54' title='bbox 909 1141 1244 1209; x_wconf 84' lang='grc' dir='ltr'>εὐγλωττίαν</span> <span class='ocrx_word' id='word_1_55' title='bbox 1273 1141 1354 1204; x_wconf 81' lang='grc' dir='ltr'><strong>εἰς</strong></span> <span class='ocrx_word' id='word_1_56' title='bbox 1385 1140 1555 1205; x_wconf 83' lang='grc' dir='ltr'>ἀκοὰς</span> <span class='ocrx_word' id='word_1_57' title='bbox 1581 1159 1665 1194; x_wconf 87' lang='grc' dir='ltr'>νε-</span> 
     </span>
    </p>
   </div>
   <div class='ocr_carea' id='block_1_11' title="bbox 80 1225 1665 1304">
    <p class='ocr_par' dir='ltr' id='par_1_11' title="bbox 80 1225 1665 1304">
     <span class='ocr_line' id='line_1_11' title="bbox 80 1225 1665 1304; baseline -0.003 -18"><span class='ocrx_word' id='word_1_58' title='bbox 80 1234 221 1304; x_wconf 75' lang='grc' dir='ltr'>κρὰς</span> <span class='ocrx_word' id='word_1_59' title='bbox 241 1230 637 1302; x_wconf 82' lang='grc' dir='ltr'>ἐνηχουμένων.</span> <span class='ocrx_word' id='word_1_60' title='bbox 671 1229 734 1282; x_wconf 84' lang='grc' dir='ltr'>Τί</span> <span class='ocrx_word' id='word_1_61' title='bbox 761 1225 852 1282; x_wconf 81' lang='grc' dir='ltr'>οὖν</span> <span class='ocrx_word' id='word_1_62' title='bbox 876 1231 1127 1299; x_wconf 84' lang='grc' dir='ltr'><strong>ποιητέον</strong></span> <span class='ocrx_word' id='word_1_63' title='bbox 1152 1247 1166 1294; x_wconf 88' lang='grc'>;</span> <span class='ocrx_word' id='word_1_64' title='bbox 1211 1231 1536 1300; x_wconf 82' lang='grc' dir='ltr'>σιωπητέον,</span> <span class='ocrx_word' id='word_1_65' title='bbox 1570 1230 1665 1282; x_wconf 73' lang='grc' dir='ltr'>καὶ</span> 
     </span>
    </p>
   </div>
   <div class='ocr_carea' id='block_1_12' title="bbox 75 1318 1661 1389">
    <p class='ocr_par' dir='ltr' id='par_1_12' title="bbox 75 1318 1661 1389">
     <span class='ocr_line' id='line_1_12' title="bbox 75 1318 1661 1389; baseline -0.003 -13"><span class='ocrx_word' id='word_1_66' title='bbox 75 1323 236 1376; x_wconf 68' lang='grc' dir='ltr'>οῦδὲν</span> <span class='ocrx_word' id='word_1_67' title='bbox 291 1321 545 1386; x_wconf 80' lang='grc' dir='ltr'>λεκτέον;</span> <span class='ocrx_word' id='word_1_68' title='bbox 607 1319 722 1374; x_wconf 80' lang='grc' dir='ltr'>ἀλλ’</span> <span class='ocrx_word' id='word_1_69' title='bbox 775 1319 1138 1374; x_wconf 87' lang='grc' dir='ltr'>ἐπικίνδυνον.</span> <span class='ocrx_word' id='word_1_70' title='bbox 1211 1319 1374 1371; x_wconf 85' lang='grc' dir='ltr'>Ἀλλὰ</span> <span class='ocrx_word' id='word_1_71' title='bbox 1431 1318 1661 1389; x_wconf 80' lang='grc' dir='ltr'>ρητέον;</span> 
     </span>
    </p>
   </div>
   <div class='ocr_carea' id='block_1_13' title="bbox 71 1409 1662 1481">
    <p class='ocr_par' dir='ltr' id='par_1_13' title="bbox 71 1409 1662 1481">
     <span class='ocr_line' id='line_1_13' title="bbox 71 1409 1662 1481; baseline -0.004 -14"><span class='ocrx_word' id='word_1_72' title='bbox 71 1413 192 1467; x_wconf 81' lang='grc' dir='ltr'>ἀλλ’</span> <span class='ocrx_word' id='word_1_73' title='bbox 233 1414 332 1466; x_wconf 77' lang='grc' dir='ltr'>οὐκ</span> <span class='ocrx_word' id='word_1_74' title='bbox 360 1413 440 1473; x_wconf 84' lang='grc' dir='ltr'><strong>είς</strong></span> <span class='ocrx_word' id='word_1_75' title='bbox 479 1412 748 1481; x_wconf 79' lang='grc' dir='ltr'>ὠφέλειαν</span> <span class='ocrx_word' id='word_1_76' title='bbox 788 1413 816 1464; x_wconf 99' lang='lat'><strong>6</strong></span> <span class='ocrx_word' id='word_1_77' title='bbox 858 1410 1015 1478; x_wconf 83' lang='grc' dir='ltr'>λόγος</span> <span class='ocrx_word' id='word_1_78' title='bbox 1050 1411 1143 1463; x_wconf 72' lang='grc' dir='ltr'>καὶ</span> <span class='ocrx_word' id='word_1_79' title='bbox 1177 1409 1355 1478; x_wconf 72' lang='grc' dir='ltr'>ἔργων</span> <span class='ocrx_word' id='word_1_80' title='bbox 1383 1409 1662 1475; x_wconf 77' lang='grc' dir='ltr'>ἐπίδειξιν,</span> 
     </span>
    </p>
   </div>
   <div class='ocr_carea' id='block_1_14' title="bbox 72 1499 1666 1574">
    <p class='ocr_par' dir='ltr' id='par_1_14' title="bbox 72 1499 1666 1574">
     <span class='ocr_line' id='line_1_14' title="bbox 72 1499 1666 1574; baseline -0.004 -15"><span class='ocrx_word' id='word_1_81' title='bbox 72 1506 194 1559; x_wconf 81' lang='grc' dir='ltr'>ἀλλ’</span> <span class='ocrx_word' id='word_1_82' title='bbox 242 1507 322 1568; x_wconf 79' lang='grc' dir='ltr'>εἰς</span> <span class='ocrx_word' id='word_1_83' title='bbox 375 1505 570 1574; x_wconf 82' lang='grc' dir='ltr'>κρότον</span> <span class='ocrx_word' id='word_1_84' title='bbox 607 1504 771 1573; x_wconf 91' lang='grc' dir='ltr'>μόνον</span> <span class='ocrx_word' id='word_1_85' title='bbox 817 1503 1088 1571; x_wconf 81' lang='grc' dir='ltr'>τελευτᾷ·</span> <span class='ocrx_word' id='word_1_86' title='bbox 1121 1501 1237 1555; x_wconf 83' lang='grc' dir='ltr'>ἀλλ’</span> <span class='ocrx_word' id='word_1_87' title='bbox 1284 1502 1331 1554; x_wconf 80' lang='grc' dir='ltr'><strong>εί</strong></span> <span class='ocrx_word' id='word_1_88' title='bbox 1380 1502 1476 1554; x_wconf 69' lang='grc' dir='ltr'>καὶ</span> <span class='ocrx_word' id='word_1_89' title='bbox 1522 1499 1666 1553; x_wconf 77' lang='grc' dir='ltr'>οὕτω</span> 
     </span>
    </p>
   </div>
   <div class='ocr_carea' id='block_1_15' title="bbox 72 1590 1665 1666">
    <p class='ocr_par' dir='ltr' id='par_1_15' title="bbox 72 1590 1665 1666">
     <span class='ocr_line' id='line_1_15' title="bbox 72 1590 1665 1666; baseline -0.001 -21"><span class='ocrx_word' id='word_1_90' title='bbox 72 1596 252 1649; x_wconf 82' lang='grc' dir='ltr'>ταῦτα</span> <span class='ocrx_word' id='word_1_91' title='bbox 281 1595 394 1666; x_wconf 74' lang='grc' dir='ltr'>ἔχει</span> <span class='ocrx_word' id='word_1_92' title='bbox 414 1635 429 1659; x_wconf 90' lang='grc'><strong>,</strong></span> <span class='ocrx_word' id='word_1_93' title='bbox 457 1595 699 1664; x_wconf 79' lang='grc' dir='ltr'>ἄμεινον,</span> <span class='ocrx_word' id='word_1_94' title='bbox 731 1595 807 1658; x_wconf 87' lang='grc' dir='ltr'>ὼς</span> <span class='ocrx_word' id='word_1_95' title='bbox 831 1590 1007 1666; x_wconf 76' lang='grc' dir='ltr'>οἶμαι,</span> <span class='ocrx_word' id='word_1_96' title='bbox 1040 1594 1265 1646; x_wconf 72' lang='grc' dir='ltr'>εἰπόντα</span> <span class='ocrx_word' id='word_1_97' title='bbox 1293 1593 1368 1664; x_wconf 81' lang='grc' dir='ltr'>μὴ</span> <span class='ocrx_word' id='word_1_98' title='bbox 1395 1591 1665 1663; x_wconf 85' lang='grc' dir='ltr'>ἀκουσθῆ-</span> 
     </span>
    </p>
   </div>
   <div class='ocr_carea' id='block_1_16' title="bbox 71 1684 1700 1757">
    <p class='ocr_par' dir='ltr' id='par_1_16' title="bbox 71 1684 1700 1757">
     <span class='ocr_line' id='line_1_16' title="bbox 71 1684 1700 1757; baseline -0.004 -17"><span class='ocrx_word' id='word_1_99' title='bbox 71 1705 195 1750; x_wconf 89' lang='grc' dir='ltr'>ναι,</span> <span class='ocrx_word' id='word_1_100' title='bbox 237 1687 269 1757; x_wconf 82' lang='grc' dir='ltr'>ἢ</span> <span class='ocrx_word' id='word_1_101' title='bbox 311 1687 384 1757; x_wconf 85' lang='grc' dir='ltr'>μὴ</span> <span class='ocrx_word' id='word_1_102' title='bbox 435 1687 657 1740; x_wconf 76' lang='grc' dir='ltr'>εἰπόντα</span> <span class='ocrx_word' id='word_1_103' title='bbox 697 1685 1062 1755; x_wconf 80' lang='grc' dir='ltr'>ἐγκληθῆναι’</span> <span class='ocrx_word' id='word_1_104' title='bbox 1105 1703 1124 1736; x_wconf 78' lang='grc' dir='ltr'><strong>ι</strong></span> <span class='ocrx_word' id='word_1_105' title='bbox 1173 1685 1328 1739; x_wconf 82' lang='grc' dir='ltr'>Διατί</span> <span class='ocrx_word' id='word_1_106' title='bbox 1381 1684 1441 1738; x_wconf 75' lang='grc' dir='ltr'><strong>τὸ</strong></span> <span class='ocrx_word' id='word_1_107' title='bbox 1493 1684 1700 1754; x_wconf 58' lang='lat'><strong>6970-.-</strong></span> 
     </span>
    </p>
   </div>
   <div class='ocr_carea' id='block_1_17' title="bbox 75 1771 1667 1848">
    <p class='ocr_par' dir='ltr' id='par_1_17' title="bbox 75 1771 1667 1848">
     <span class='ocr_line' id='line_1_17' title="bbox 75 1771 1667 1848; baseline -0.003 -17"><span class='ocrx_word' id='word_1_108' title='bbox 75 1780 196 1847; x_wconf 83' lang='grc' dir='ltr'>ριόν</span> <span class='ocrx_word' id='word_1_109' title='bbox 229 1795 332 1848; x_wconf 89' lang='grc' dir='ltr'><strong>μου</strong></span> <span class='ocrx_word' id='word_1_110' title='bbox 370 1779 428 1830; x_wconf 74' lang='grc' dir='ltr'>οὐ</span> <span class='ocrx_word' id='word_1_111' title='bbox 480 1777 783 1840; x_wconf 77' lang='grc' dir='ltr'>κατέϐαλες</span> <span class='ocrx_word' id='word_1_112' title='bbox 824 1777 918 1828; x_wconf 77' lang='grc' dir='ltr'>ἐπὶ</span> <span class='ocrx_word' id='word_1_113' title='bbox 949 1776 1074 1839; x_wconf 77' lang='grc' dir='ltr'>τοὺς</span> <span class='ocrx_word' id='word_1_114' title='bbox 1113 1773 1471 1846; x_wconf 78' lang='grc' dir='ltr'>τραπεζίτας,</span> <span class='ocrx_word' id='word_1_115' title='bbox 1513 1771 1667 1841; x_wconf 75' lang='grc' dir='ltr'><strong>κάγὼ</strong></span> 
     </span>
    </p>
   </div>
   <div class='ocr_carea' id='block_1_18' title="bbox 74 1867 1667 1942">
    <p class='ocr_par' dir='ltr' id='par_1_18' title="bbox 74 1867 1667 1942">
     <span class='ocr_line' id='line_1_18' title="bbox 74 1867 1667 1942; baseline -0.004 -19"><span class='ocrx_word' id='word_1_116' title='bbox 74 1870 251 1923; x_wconf 88' lang='grc' dir='ltr'>ἐλθὼν</span> <span class='ocrx_word' id='word_1_117' title='bbox 281 1869 624 1941; x_wconf 78' lang='grc' dir='ltr'>ἀπῄτησαᾶν</span> <span class='ocrx_word' id='word_1_118' title='bbox 644 1870 775 1923; x_wconf 77' lang='grc' dir='ltr'>αὐτὸ</span> <span class='ocrx_word' id='word_1_119' title='bbox 802 1871 899 1942; x_wconf 81' lang='grc' dir='ltr'>σὺν</span> <span class='ocrx_word' id='word_1_120' title='bbox 923 1867 1002 1939; x_wconf 82' lang='grc' dir='ltr'>τῷ</span> <span class='ocrx_word' id='word_1_121' title='bbox 1038 1869 1182 1938; x_wconf 87' lang='grc' dir='ltr'>τόκῳ</span> <span class='ocrx_word' id='word_1_122' title='bbox 1207 1882 1221 1932; x_wconf 87' lang='grc'><strong>;</strong></span> <span class='ocrx_word' id='word_1_123' title='bbox 1247 1885 1265 1918; x_wconf 84' lang='grc' dir='ltr'><strong>ι</strong></span> <span class='ocrx_word' id='word_1_124' title='bbox 1294 1867 1518 1935; x_wconf 82' lang='grc' dir='ltr'>Λεγέτω</span> <span class='ocrx_word' id='word_1_125' title='bbox 1555 1883 1667 1918; x_wconf 88' lang='grc' dir='ltr'>τοι-</span> 
     </span>
    </p>
   </div>
   <div class='ocr_carea' id='block_1_19' title="bbox 71 1951 1668 2030">
    <p class='ocr_par' dir='ltr' id='par_1_19' title="bbox 71 1951 1668 2030">
     <span class='ocr_line' id='line_1_19' title="bbox 71 1951 1668 2030; baseline -0.002 -18"><span class='ocrx_word' id='word_1_126' title='bbox 71 1957 285 2030; x_wconf 80' lang='grc' dir='ltr'>γαροῦν</span> <span class='ocrx_word' id='word_1_127' title='bbox 317 1961 343 2011; x_wconf 93' lang='lat'><strong>6</strong></span> <span class='ocrx_word' id='word_1_128' title='bbox 374 1959 692 2030; x_wconf 80' lang='grc' dir='ltr'>δυνάμενος,</span> <span class='ocrx_word' id='word_1_129' title='bbox 743 1959 830 2012; x_wconf 77' lang='grc' dir='ltr'>ἵνα</span> <span class='ocrx_word' id='word_1_130' title='bbox 861 1958 998 2029; x_wconf 79' lang='grc' dir='ltr'>πρὸς</span> <span class='ocrx_word' id='word_1_131' title='bbox 1031 1959 1159 2022; x_wconf 83' lang='grc' dir='ltr'>τοὺς</span> <span class='ocrx_word' id='word_1_132' title='bbox 1193 1956 1492 2020; x_wconf 80' lang='grc' dir='ltr'>ἀκούοντας</span> <span class='ocrx_word' id='word_1_133' title='bbox 1591 1956 1668 2026; x_wconf 85' lang='grc' dir='ltr'>τῷ</span> 
     </span>
    </p>
   </div>
   <div class='ocr_carea' id='block_1_20' title="bbox 73 2050 510 2122">
    <p class='ocr_par' dir='ltr' id='par_1_20' title="bbox 73 2050 510 2122">
     <span class='ocr_line' id='line_1_20' title="bbox 73 2050 510 2122; baseline -0.002 -18"><span class='ocrx_word' id='word_1_134' title='bbox 73 2054 241 2122; x_wconf 82' lang='grc' dir='ltr'>κριτῇ</span> <span class='ocrx_word' id='word_1_135' title='bbox 276 2052 304 2103; x_wconf 87' lang='lat'><strong>6</strong></span> <span class='ocrx_word' id='word_1_136' title='bbox 335 2050 510 2119; x_wconf 81' lang='grc' dir='ltr'>λόγος.</span> 
     </span>
    </p>
   </div>
   <div class='ocr_carea' id='block_1_21' title="bbox 489 2249 1255 2321">
    <p class='ocr_par' dir='ltr' id='par_1_21' title="bbox 489 2249 1255 2321">
     <span class='ocr_line' id='line_1_21' title="bbox 489 2249 1255 2321; baseline 0.001 -19"><span class='ocrx_word' id='word_1_137' title='bbox 489 2251 604 2305; x_wconf 70' lang='grc' dir='ltr'>Σιισ.</span> <span class='ocrx_word' id='word_1_138' title='bbox 632 2281 702 2290; x_wconf 90' lang='grc'><strong>-</strong></span> <span class='ocrx_word' id='word_1_139' title='bbox 745 2249 1255 2321; x_wconf 79' lang='grc' dir='ltr'><strong>ΟΛΥΜΠΙΟΔΩΡῼ.</strong></span> 
     </span>
    </p>
   </div>
   <div class='ocr_carea' id='block_1_22' title="bbox 1773 771 3357 844">
    <p class='ocr_par' dir='ltr' id='par_1_22' title="bbox 1773 771 3357 844">
     <span class='ocr_line' id='line_1_22' title="bbox 1773 771 3357 844; baseline 0 -15"><span class='ocrx_word' id='word_1_140' title='bbox 1773 779 1992 832; x_wconf 87' lang='lat' dir='ltr'><strong>valent:</strong></span> <span class='ocrx_word' id='word_1_141' title='bbox 2053 793 2156 831; x_wconf 90' lang='lat' dir='ltr'><strong>non</strong></span> <span class='ocrx_word' id='word_1_142' title='bbox 2193 778 2258 830; x_wconf 86' lang='lat' dir='ltr'><strong>de</strong></span> <span class='ocrx_word' id='word_1_143' title='bbox 2291 775 2452 830; x_wconf 82' lang='lat' dir='ltr'><strong>rebus</strong></span> <span class='ocrx_word' id='word_1_144' title='bbox 2494 771 2864 844; x_wconf 85' lang='lat' dir='ltr'><strong>spiritualihus</strong></span> <span class='ocrx_word' id='word_1_145' title='bbox 2910 773 3102 837; x_wconf 75' lang='lat' dir='ltr'><strong>habiti,</strong></span> <span class='ocrx_word' id='word_1_146' title='bbox 3150 777 3242 830; x_wconf 88' lang='lat' dir='ltr'><strong>sed</strong></span> <span class='ocrx_word' id='word_1_147' title='bbox 3285 776 3357 831; x_wconf 87' lang='lat' dir='ltr'><strong>de</strong></span> 
     </span>
    </p>
   </div>
   <div class='ocr_carea' id='block_1_23' title="bbox 1769 864 3351 934">
    <p class='ocr_par' dir='ltr' id='par_1_23' title="bbox 1769 864 3351 934">
     <span class='ocr_line' id='line_1_23' title="bbox 1769 864 3351 934; baseline -0.002 -11"><span class='ocrx_word' id='word_1_148' title='bbox 1769 869 2083 934; x_wconf 50' lang='lat' dir='ltr'><strong>fallacibus;</strong></span> <span class='ocrx_word' id='word_1_149' title='bbox 2138 882 2244 921; x_wconf 92' lang='lat' dir='ltr'><strong>non</strong></span> <span class='ocrx_word' id='word_1_150' title='bbox 2287 866 2354 920; x_wconf 92' lang='lat' dir='ltr'><strong>de</strong></span> <span class='ocrx_word' id='word_1_151' title='bbox 2382 865 2716 932; x_wconf 76' lang='lat' dir='ltr'><strong>apostolicis,</strong></span> <span class='ocrx_word' id='word_1_152' title='bbox 2753 865 2847 918; x_wconf 89' lang='lat' dir='ltr'><strong>sed</strong></span> <span class='ocrx_word' id='word_1_153' title='bbox 2881 864 3351 927; x_wconf 79' lang='lat' dir='ltr'><strong>Demosthenicis;</strong></span> 
     </span>
    </p>
   </div>
   <div class='ocr_carea' id='block_1_24' title="bbox 1770 955 3353 1028">
    <p class='ocr_par' dir='ltr' id='par_1_24' title="bbox 1770 955 3353 1028">
     <span class='ocr_line' id='line_1_24' title="bbox 1770 955 3353 1028; baseline -0.001 -15"><span class='ocrx_word' id='word_1_154' title='bbox 1770 977 1875 1023; x_wconf 78' lang='lat' dir='ltr'><strong>non</strong></span> <span class='ocrx_word' id='word_1_155' title='bbox 1925 957 2281 1028; x_wconf 75' lang='lat' dir='ltr'><strong>propheticis,</strong></span> <span class='ocrx_word' id='word_1_156' title='bbox 2345 957 2440 1011; x_wconf 84' lang='lat' dir='ltr'><strong>sed</strong></span> <span class='ocrx_word' id='word_1_157' title='bbox 2505 955 2894 1018; x_wconf 84' lang='lat' dir='ltr'><strong>contentiosis;</strong></span> <span class='ocrx_word' id='word_1_158' title='bbox 2961 972 3066 1008; x_wconf 92' lang='lat' dir='ltr'><strong>non</strong></span> <span class='ocrx_word' id='word_1_159' title='bbox 3129 957 3195 1012; x_wconf 90' lang='lat' dir='ltr'><strong>de</strong></span> <span class='ocrx_word' id='word_1_160' title='bbox 3233 960 3353 1012; x_wconf 87' lang='lat' dir='ltr'><strong>ani-</strong></span> 
     </span>
    </p>
   </div>
   <div class='ocr_carea' id='block_1_25' title="bbox 1774 1044 3353 1112">
    <p class='ocr_par' dir='ltr' id='par_1_25' title="bbox 1774 1044 3353 1112">
     <span class='ocr_line' id='line_1_25' title="bbox 1774 1044 3353 1112; baseline -0.002 -7"><span class='ocrx_word' id='word_1_161' title='bbox 1774 1067 1919 1105; x_wconf 87' lang='lat' dir='ltr'><strong>mum</strong></span> <span class='ocrx_word' id='word_1_162' title='bbox 2000 1048 2476 1112; x_wconf 75' lang='lat' dir='ltr'><strong>eshilarantibus,</strong></span> <span class='ocrx_word' id='word_1_163' title='bbox 2550 1049 2645 1102; x_wconf 86' lang='lat' dir='ltr'><strong>sed</strong></span> <span class='ocrx_word' id='word_1_164' title='bbox 2703 1049 2946 1101; x_wconf 87' lang='lat' dir='ltr'><strong>auditum</strong></span> <span class='ocrx_word' id='word_1_165' title='bbox 3040 1044 3353 1103; x_wconf 77' lang='lat' dir='ltr'><strong>demulcere</strong></span> 
     </span>
    </p>
   </div>
   <div class='ocr_carea' id='block_1_26' title="bbox 1769 1139 3350 1210">
    <p class='ocr_par' dir='ltr' id='par_1_26' title="bbox 1769 1139 3350 1210">
     <span class='ocr_line' id='line_1_26' title="bbox 1769 1139 3350 1210; baseline -0.006 -14"><span class='ocrx_word' id='word_1_166' title='bbox 1769 1142 1976 1206; x_wconf 79' lang='lat' dir='ltr'><strong>solitis;</strong></span> <span class='ocrx_word' id='word_1_167' title='bbox 2033 1156 2137 1195; x_wconf 93' lang='lat' dir='ltr'><strong>non</strong></span> <span class='ocrx_word' id='word_1_168' title='bbox 2185 1141 2293 1210; x_wconf 68' lang='lat' dir='ltr'><strong>qui.</strong></span> <span class='ocrx_word' id='word_1_169' title='bbox 2329 1140 2506 1194; x_wconf 83' lang='lat' dir='ltr'><strong>vivida</strong></span> <span class='ocrx_word' id='word_1_170' title='bbox 2559 1139 2788 1193; x_wconf 84' lang='lat' dir='ltr'><strong>dicentis</strong></span> <span class='ocrx_word' id='word_1_171' title='bbox 2846 1154 3010 1207; x_wconf 89' lang='lat' dir='ltr'><strong>opera</strong></span> <span class='ocrx_word' id='word_1_172' title='bbox 3066 1139 3350 1208; x_wconf 80' lang='lat' dir='ltr'><strong>inspirant,</strong></span> 
     </span>
    </p>
   </div>
   <div class='ocr_carea' id='block_1_27' title="bbox 1769 1231 3356 1304">
    <p class='ocr_par' dir='ltr' id='par_1_27' title="bbox 1769 1231 3356 1304">
     <span class='ocr_line' id='line_1_27' title="bbox 1769 1231 3356 1304; baseline -0.004 -17"><span class='ocrx_word' id='word_1_173' title='bbox 1769 1233 1863 1287; x_wconf 88' lang='lat' dir='ltr'><strong>sed</strong></span> <span class='ocrx_word' id='word_1_174' title='bbox 1931 1234 2024 1302; x_wconf 87' lang='lat' dir='ltr'><strong>qui</strong></span> <span class='ocrx_word' id='word_1_175' title='bbox 2086 1241 2308 1304; x_wconf 84' lang='lat' dir='ltr'><strong>propter</strong></span> <span class='ocrx_word' id='word_1_176' title='bbox 2365 1231 2734 1301; x_wconf 86' lang='lat' dir='ltr'><strong>eloquentiam</strong></span> <span class='ocrx_word' id='word_1_177' title='bbox 2807 1231 2952 1285; x_wconf 88' lang='lat' dir='ltr'><strong>nudo</strong></span> <span class='ocrx_word' id='word_1_178' title='bbox 3012 1245 3076 1284; x_wconf 90' lang='lat' dir='ltr'><strong>ac</strong></span> <span class='ocrx_word' id='word_1_179' title='bbox 3142 1241 3356 1283; x_wconf 81' lang='lat' dir='ltr'><strong>mortuo</strong></span> 
     </span>
    </p>
   </div>
   <div class='ocr_carea' id='block_1_28' title="bbox 1769 1315 3354 1393">
    <p class='ocr_par' dir='ltr' id='par_1_28' title="bbox 1769 1315 3354 1393">
     <span class='ocr_line' id='line_1_28' title="bbox 1769 1315 3354 1393; baseline -0.003 -15"><span class='ocrx_word' id='word_1_180' title='bbox 1769 1325 1959 1378; x_wconf 87' lang='lat' dir='ltr'><strong>auditu</strong></span> <span class='ocrx_word' id='word_1_181' title='bbox 2002 1325 2366 1393; x_wconf 81' lang='lat' dir='ltr'><strong>exeipiuutur.</strong></span> <span class='ocrx_word' id='word_1_182' title='bbox 2405 1315 2546 1388; x_wconf 82' lang='lat' dir='ltr'><strong>Quid</strong></span> <span class='ocrx_word' id='word_1_183' title='bbox 2579 1322 2744 1392; x_wconf 79' lang='lat' dir='ltr'><strong>igitur</strong></span> <span class='ocrx_word' id='word_1_184' title='bbox 2784 1321 3132 1376; x_wconf 82' lang='lat' dir='ltr'><strong>faciendum?</strong></span> <span class='ocrx_word' id='word_1_185' title='bbox 3166 1332 3354 1376; x_wconf 86' lang='lat' dir='ltr'><strong>tacen-</strong></span> 
     </span>
    </p>
   </div>
   <div class='ocr_carea' id='block_1_29' title="bbox 1769 1412 3358 1483">
    <p class='ocr_par' dir='ltr' id='par_1_29' title="bbox 1769 1412 3358 1483">
     <span class='ocr_line' id='line_1_29' title="bbox 1769 1412 3358 1483; baseline -0.003 -15"><span class='ocrx_word' id='word_1_186' title='bbox 1769 1413 2009 1469; x_wconf 73' lang='lat' dir='ltr'><strong>rlumue?</strong></span> <span class='ocrx_word' id='word_1_187' title='bbox 2035 1417 2126 1470; x_wconf 89' lang='lat' dir='ltr'><strong>sed</strong></span> <span class='ocrx_word' id='word_1_188' title='bbox 2157 1415 2258 1469; x_wconf 91' lang='lat' dir='ltr'><strong>hoc</strong></span> <span class='ocrx_word' id='word_1_189' title='bbox 2282 1413 2643 1483; x_wconf 87' lang='lat' dir='ltr'><strong>periculosum</strong></span> <span class='ocrx_word' id='word_1_190' title='bbox 2675 1423 2778 1468; x_wconf 88' lang='lat' dir='ltr'><strong>est.</strong></span> <span class='ocrx_word' id='word_1_191' title='bbox 2817 1413 2895 1468; x_wconf 83' lang='lat' dir='ltr'><strong>Au</strong></span> <span class='ocrx_word' id='word_1_192' title='bbox 2954 1429 3085 1479; x_wconf 77' lang='lat' dir='ltr'><strong>ergo</strong></span> <span class='ocrx_word' id='word_1_193' title='bbox 3135 1412 3358 1482; x_wconf 77' lang='lat' dir='ltr'><strong>loquen—</strong></span> 
     </span>
    </p>
   </div>
   <div class='ocr_carea' id='block_1_30' title="bbox 1771 1489 3361 1574">
    <p class='ocr_par' dir='ltr' id='par_1_30' title="bbox 1771 1489 3361 1574">
     <span class='ocr_line' id='line_1_30' title="bbox 1771 1489 3361 1574; baseline -0.003 -16"><span class='ocrx_word' id='word_1_194' title='bbox 1771 1505 1935 1558; x_wconf 86' lang='lat' dir='ltr'><strong>dum?</strong></span> <span class='ocrx_word' id='word_1_195' title='bbox 1979 1513 2034 1558; x_wconf 79' lang='lat' dir='ltr'><strong>at</strong></span> <span class='ocrx_word' id='word_1_196' title='bbox 2059 1505 2110 1558; x_wconf 88' lang='lat' dir='ltr'><strong>id</strong></span> <span class='ocrx_word' id='word_1_197' title='bbox 2143 1504 2287 1573; x_wconf 86' lang='lat' dir='ltr'><strong>quod</strong></span> <span class='ocrx_word' id='word_1_198' title='bbox 2309 1504 2528 1567; x_wconf 85' lang='lat' dir='ltr'><strong>dicitur,</strong></span> <span class='ocrx_word' id='word_1_199' title='bbox 2565 1489 2732 1574; x_wconf 73' lang='lat'><strong>620</strong></span> <span class='ocrx_word' id='word_1_200' title='bbox 2773 1517 2949 1573; x_wconf 88' lang='lat' dir='ltr'><strong>neque</strong></span> <span class='ocrx_word' id='word_1_201' title='bbox 3000 1503 3233 1557; x_wconf 85' lang='lat' dir='ltr'><strong>fructum</strong></span> <span class='ocrx_word' id='word_1_202' title='bbox 3263 1521 3361 1557; x_wconf 78' lang='lat' dir='ltr'><strong>nec</strong></span> 
     </span>
    </p>
   </div>
   <div class='ocr_carea' id='block_1_31' title="bbox 1770 1595 3351 1664">
    <p class='ocr_par' dir='ltr' id='par_1_31' title="bbox 1770 1595 3351 1664">
     <span class='ocr_line' id='line_1_31' title="bbox 1770 1595 3351 1664; baseline -0.001 -14"><span class='ocrx_word' id='word_1_203' title='bbox 1770 1612 1994 1664; x_wconf 85' lang='lat' dir='ltr'><strong>operum</strong></span> <span class='ocrx_word' id='word_1_204' title='bbox 2063 1595 2316 1651; x_wconf 73' lang='lat' dir='ltr'><strong>effectum</strong></span> <span class='ocrx_word' id='word_1_205' title='bbox 2368 1596 2615 1662; x_wconf 90' lang='lat' dir='ltr'><strong>sortitur,</strong></span> <span class='ocrx_word' id='word_1_206' title='bbox 2668 1601 2760 1651; x_wconf 90' lang='lat' dir='ltr'><strong>sed</strong></span> <span class='ocrx_word' id='word_1_207' title='bbox 2819 1597 2870 1649; x_wconf 92' lang='lat' dir='ltr'><strong>in</strong></span> <span class='ocrx_word' id='word_1_208' title='bbox 2919 1596 3168 1664; x_wconf 84' lang='lat' dir='ltr'><strong>plausum</strong></span> <span class='ocrx_word' id='word_1_209' title='bbox 3221 1595 3351 1649; x_wconf 88' lang='lat' dir='ltr'><strong>abit.</strong></span> 
     </span>
    </p>
   </div>
   <div class='ocr_carea' id='block_1_32' title="bbox 1774 1687 3354 1752">
    <p class='ocr_par' dir='ltr' id='par_1_32' title="bbox 1774 1687 3354 1752">
     <span class='ocr_line' id='line_1_32' title="bbox 1774 1687 3354 1752; baseline -0.003 -10"><span class='ocrx_word' id='word_1_210' title='bbox 1774 1687 1878 1742; x_wconf 85' lang='lat' dir='ltr'><strong>Sed</strong></span> <span class='ocrx_word' id='word_1_211' title='bbox 1911 1687 2013 1741; x_wconf 82' lang='lat' dir='ltr'><strong>etsi</strong></span> <span class='ocrx_word' id='word_1_212' title='bbox 2051 1689 2120 1741; x_wconf 81' lang='lat' dir='ltr'><strong>ita</strong></span> <span class='ocrx_word' id='word_1_213' title='bbox 2173 1701 2263 1742; x_wconf 86' lang='lat' dir='ltr'><strong>res</strong></span> <span class='ocrx_word' id='word_1_214' title='bbox 2295 1687 2482 1752; x_wconf 81' lang='lat' dir='ltr'><strong>habet,</strong></span> <span class='ocrx_word' id='word_1_215' title='bbox 2535 1688 2819 1741; x_wconf 81' lang='lat' dir='ltr'><strong>dicendum</strong></span> <span class='ocrx_word' id='word_1_216' title='bbox 2853 1687 3207 1742; x_wconf 90' lang='lat' dir='ltr'><strong>nihilominus</strong></span> <span class='ocrx_word' id='word_1_217' title='bbox 3250 1699 3354 1751; x_wconf 86' lang='lat' dir='ltr'><strong>cst,</strong></span> 
     </span>
    </p>
   </div>
   <div class='ocr_carea' id='block_1_33' title="bbox 1773 1779 3356 1850">
    <p class='ocr_par' dir='ltr' id='par_1_33' title="bbox 1773 1779 3356 1850">
     <span class='ocr_line' id='line_1_33' title="bbox 1773 1779 3356 1850; baseline -0.003 -17"><span class='ocrx_word' id='word_1_218' title='bbox 1773 1788 2121 1850; x_wconf 73' lang='lat' dir='ltr'><strong>prtestatqne,</strong></span> <span class='ocrx_word' id='word_1_219' title='bbox 2152 1789 2208 1833; x_wconf 91' lang='lat' dir='ltr'><strong>ut</strong></span> <span class='ocrx_word' id='word_1_220' title='bbox 2240 1779 2454 1849; x_wconf 87' lang='lat' dir='ltr'><strong>opinor,</strong></span> <span class='ocrx_word' id='word_1_221' title='bbox 2495 1779 2766 1833; x_wconf 87' lang='lat' dir='ltr'><strong>dicentem</strong></span> <span class='ocrx_word' id='word_1_222' title='bbox 2818 1794 2922 1833; x_wconf 91' lang='lat' dir='ltr'><strong>non</strong></span> <span class='ocrx_word' id='word_1_223' title='bbox 2950 1779 3154 1844; x_wconf 82' lang='lat' dir='ltr'><strong>atuliri,</strong></span> <span class='ocrx_word' id='word_1_224' title='bbox 3194 1792 3356 1846; x_wconf 83' lang='lat' dir='ltr'><strong>quam</strong></span> 
     </span>
    </p>
   </div>
   <div class='ocr_carea' id='block_1_34' title="bbox 1774 1866 3359 1935">
    <p class='ocr_par' dir='ltr' id='par_1_34' title="bbox 1774 1866 3359 1935">
     <span class='ocr_line' id='line_1_34' title="bbox 1774 1866 3359 1935; baseline -0.003 -12"><span class='ocrx_word' id='word_1_225' title='bbox 1774 1884 1879 1923; x_wconf 92' lang='lat' dir='ltr'><strong>non</strong></span> <span class='ocrx_word' id='word_1_226' title='bbox 1908 1870 2179 1923; x_wconf 84' lang='lat' dir='ltr'><strong>dicentem</strong></span> <span class='ocrx_word' id='word_1_227' title='bbox 2230 1882 2258 1921; x_wconf 90' lang='lat' dir='ltr'><strong>a</strong></span> <span class='ocrx_word' id='word_1_228' title='bbox 2293 1867 2520 1922; x_wconf 87' lang='lat' dir='ltr'><strong>Domino</strong></span> <span class='ocrx_word' id='word_1_229' title='bbox 2547 1869 2865 1935; x_wconf 82' lang='lat' dir='ltr'><strong>reprehendi</strong></span> <span class='ocrx_word' id='word_1_230' title='bbox 2905 1887 2917 1922; x_wconf 89' lang='lat'><strong>:</strong></span> <span class='ocrx_word' id='word_1_231' title='bbox 2961 1885 2980 1919; x_wconf 80' lang='grc' dir='ltr'><strong>ι</strong></span> <span class='ocrx_word' id='word_1_232' title='bbox 3017 1866 3198 1934; x_wconf 86' lang='lat' dir='ltr'><strong>Quare</strong></span> <span class='ocrx_word' id='word_1_233' title='bbox 3253 1882 3359 1920; x_wconf 89' lang='lat' dir='ltr'><strong>nou</strong></span> 
     </span>
    </p>
   </div>
   <div class='ocr_carea' id='block_1_35' title="bbox 1775 1959 3362 2029">
    <p class='ocr_par' dir='ltr' id='par_1_35' title="bbox 1775 1959 3362 2029">
     <span class='ocr_line' id='line_1_35' title="bbox 1775 1959 3362 2029; baseline -0.001 -16"><span class='ocrx_word' id='word_1_234' title='bbox 1775 1959 1967 2014; x_wconf 83' lang='lat' dir='ltr'><strong>dedisti</strong></span> <span class='ocrx_word' id='word_1_235' title='bbox 2002 1959 2285 2028; x_wconf 86' lang='lat' dir='ltr'><strong>pecuniam</strong></span> <span class='ocrx_word' id='word_1_236' title='bbox 2317 1974 2490 2012; x_wconf 86' lang='lat' dir='ltr'><strong>meam</strong></span> <span class='ocrx_word' id='word_1_237' title='bbox 2520 1960 2588 2012; x_wconf 87' lang='lat' dir='ltr'><strong>ad</strong></span> <span class='ocrx_word' id='word_1_238' title='bbox 2620 1975 2887 2026; x_wconf 86' lang='lat' dir='ltr'><strong>mensam,</strong></span> <span class='ocrx_word' id='word_1_239' title='bbox 2918 1970 2973 2014; x_wconf 90' lang='lat' dir='ltr'><strong>et</strong></span> <span class='ocrx_word' id='word_1_240' title='bbox 2999 1973 3098 2029; x_wconf 89' lang='lat' dir='ltr'><strong>ego</strong></span> <span class='ocrx_word' id='word_1_241' title='bbox 3139 1959 3362 2013; x_wconf 85' lang='lat' dir='ltr'><strong>veniens</strong></span> 
     </span>
    </p>
   </div>
   <div class='ocr_carea' id='block_1_36' title="bbox 1700 2044 3360 2120">
    <p class='ocr_par' dir='ltr' id='par_1_36' title="bbox 1700 2044 3360 2120">
     <span class='ocr_line' id='line_1_36' title="bbox 1700 2044 3360 2120; baseline 0.001 -17"><span class='ocrx_word' id='word_1_242' title='bbox 1700 2054 1741 2111; x_wconf 79' lang='grc' dir='ltr'><strong>Β</strong></span> <span class='ocrx_word' id='word_1_243' title='bbox 1771 2050 1836 2104; x_wconf 87' lang='lat' dir='ltr'><strong>ad</strong></span> <span class='ocrx_word' id='word_1_244' title='bbox 1867 2065 2086 2106; x_wconf 83' lang='lat' dir='ltr'><strong>usuram</strong></span> <span class='ocrx_word' id='word_1_245' title='bbox 2119 2052 2420 2120; x_wconf 79' lang='lat' dir='ltr'><strong>exegissem</strong></span> <span class='ocrx_word' id='word_1_246' title='bbox 2452 2049 2603 2103; x_wconf 80' lang='lat' dir='ltr'><strong>illam</strong></span> <span class='ocrx_word' id='word_1_247' title='bbox 2624 2044 2694 2098; x_wconf 61' lang='grc' dir='ltr'><strong>⁸δῖ</strong></span> <span class='ocrx_word' id='word_1_248' title='bbox 2732 2069 2749 2100; x_wconf 73' lang='grc' dir='ltr'><strong>ι</strong></span> <span class='ocrx_word' id='word_1_249' title='bbox 2803 2048 3029 2104; x_wconf 84' lang='lat' dir='ltr'><strong>Pcroret</strong></span> <span class='ocrx_word' id='word_1_250' title='bbox 3076 2051 3245 2119; x_wconf 78' lang='lat' dir='ltr'><strong>igitur</strong></span> <span class='ocrx_word' id='word_1_251' title='bbox 3269 2051 3360 2119; x_wconf 84' lang='lat' dir='ltr'><strong>qui</strong></span> 
     </span>
    </p>
   </div>
   <div class='ocr_carea' id='block_1_37' title="bbox 1781 2140 2991 2210">
    <p class='ocr_par' dir='ltr' id='par_1_37' title="bbox 1781 2140 2991 2210">
     <span class='ocr_line' id='line_1_37' title="bbox 1781 2140 2991 2210; baseline 0.002 -15"><span class='ocrx_word' id='word_1_252' title='bbox 1781 2152 1978 2210; x_wconf 81' lang='lat' dir='ltr'><strong>potest,</strong></span> <span class='ocrx_word' id='word_1_253' title='bbox 2010 2158 2078 2197; x_wconf 89' lang='lat' dir='ltr'><strong>ne</strong></span> <span class='ocrx_word' id='word_1_254' title='bbox 2108 2142 2173 2195; x_wconf 85' lang='lat' dir='ltr'><strong>ad</strong></span> <span class='ocrx_word' id='word_1_255' title='bbox 2210 2141 2487 2196; x_wconf 80' lang='lat' dir='ltr'><strong>auditores</strong></span> <span class='ocrx_word' id='word_1_256' title='bbox 2513 2140 2766 2208; x_wconf 81' lang='lat' dir='ltr'><strong>sitjndici</strong></span> <span class='ocrx_word' id='word_1_257' title='bbox 2792 2155 2991 2198; x_wconf 86' lang='lat' dir='ltr'><strong>sermo.</strong></span> 
     </span>
    </p>
   </div>
   <div class='ocr_carea' id='block_1_38' title="bbox 2139 2250 2998 2311">
    <p class='ocr_par' dir='ltr' id='par_1_38' title="bbox 2139 2250 2998 2311">
     <span class='ocr_line' id='line_1_38' title="bbox 2139 2250 2998 2311; baseline 0.001 -5"><span class='ocrx_word' id='word_1_258' title='bbox 2139 2250 2292 2308; x_wconf 81' lang='lat' dir='ltr'><strong>CCII.</strong></span> <span class='ocrx_word' id='word_1_259' title='bbox 2350 2283 2420 2294; x_wconf 73' lang='grc' dir='ltr'><strong>-σ</strong></span> <span class='ocrx_word' id='word_1_260' title='bbox 2481 2251 2998 2311; x_wconf 79' lang='lat' dir='ltr'><strong>OLYMPIODORO.</strong></span> 
     </span>
    </p>
   </div>
   <div class='ocr_carea' id='block_1_39' title="bbox 75 2359 3360 2488">
    <p class='ocr_par' dir='ltr' id='par_1_39' title="bbox 75 2359 3360 2488">
     <span class='ocr_line' id='line_1_39' title="bbox 75 2359 3360 2488; baseline 0.002 -70"><span class='ocrx_word' id='word_1_261' title='bbox 75 2361 440 2430; x_wconf 74' lang='grc' dir='ltr'>Χεηοριιοιιιὶδ</span> <span class='ocrx_word' id='word_1_262' title='bbox 463 2361 526 2414; x_wconf 84' lang='lat' dir='ltr'><strong>de</strong></span> <span class='ocrx_word' id='word_1_263' title='bbox 563 2359 781 2414; x_wconf 84' lang='lat' dir='ltr'><strong>Socrate</strong></span> <span class='ocrx_word' id='word_1_264' title='bbox 803 2361 1010 2428; x_wconf 81' lang='lat' dir='ltr'><strong>judicio</strong></span> <span class='ocrx_word' id='word_1_265' title='bbox 1037 2371 1086 2414; x_wconf 80' lang='lat' dir='ltr'><strong>et</strong></span> <span class='ocrx_word' id='word_1_266' title='bbox 1116 2360 1353 2430; x_wconf 79' lang='lat' dir='ltr'><strong>exemplo</strong></span> <span class='ocrx_word' id='word_1_267' title='bbox 1378 2360 1658 2443; x_wconf 66' lang='lat' dir='ltr'><strong>hortatur,</strong></span> <span class='ocrx_word' id='word_1_268' title='bbox 1679 2373 1734 2416; x_wconf 77' lang='lat' dir='ltr'><strong>ut</strong></span> <span class='ocrx_word' id='word_1_269' title='bbox 1765 2365 1965 2488; x_wconf 54' lang='lat' dir='ltr'><strong>1:13am</strong></span> <span class='ocrx_word' id='word_1_270' title='bbox 1992 2369 2171 2420; x_wconf 65' lang='lat' dir='ltr'><strong>otiosis</strong></span> <span class='ocrx_word' id='word_1_271' title='bbox 2200 2376 2249 2420; x_wconf 78' lang='lat' dir='ltr'><strong>et</strong></span> <span class='ocrx_word' id='word_1_272' title='bbox 2273 2367 2522 2421; x_wconf 75' lang='lat' dir='ltr'><strong>inanibus</strong></span> <span class='ocrx_word' id='word_1_273' title='bbox 2556 2368 3082 2438; x_wconf 74' lang='lat' dir='ltr'><strong>contemplationibus</strong></span> <span class='ocrx_word' id='word_1_274' title='bbox 3109 2380 3360 2426; x_wconf 74' lang='lat' dir='ltr'><strong>virtutum</strong></span> 
     </span>
     <span class='ocr_line' id='line_1_40' title="bbox 1455 2445 1953 2488; baseline 0.01 -5"><span class='ocrx_word' id='word_1_275' title='bbox 1455 2445 1658 2486; x_wconf 79' lang='grc' dir='ltr'>αειιοηι</span> <span class='ocrx_word' id='word_1_276' title='bbox 1688 2450 1744 2487; x_wconf 79' lang='lat' dir='ltr'><strong>se</strong></span> <span class='ocrx_word' id='word_1_277' title='bbox 1810 2451 1838 2488; x_wconf 77' lang='grc' dir='ltr'><strong>ε</strong></span> <span class='ocrx_word' id='word_1_278' title='bbox 1878 2447 1953 2488; x_wconf 85' lang='lat' dir='ltr'><strong>at.</strong></span> 
     </span>
    </p>
   </div>
   <div class='ocr_carea' id='block_1_40' title="bbox 1455 2445 1953 2490">
    <p class='ocr_par' dir='ltr' id='par_1_40' title="bbox 1455 2445 1953 2490">
     <span class='ocr_line' id='line_1_41' title="bbox 1455 2445 1953 2490; baseline 0.014 -7"><span class='ocrx_word' id='word_1_279' title='bbox 1455 2445 1658 2486; x_wconf 77' lang='lat' dir='ltr'><strong>actioni</strong></span> <span class='ocrx_word' id='word_1_280' title='bbox 1688 2450 1744 2487; x_wconf 75' lang='lat' dir='ltr'><strong>se</strong></span> <span class='ocrx_word' id='word_1_281' title='bbox 1773 2445 1953 2490; x_wconf 79' lang='lat' dir='ltr'><strong>dedat.</strong></span> 
     </span>
    </p>
   </div>
   <div class='ocr_carea' id='block_1_41' title="bbox 163 2531 1672 2609">
    <p class='ocr_par' dir='ltr' id='par_1_41' title="bbox 163 2531 1672 2609">
     <span class='ocr_line' id='line_1_42' title="bbox 163 2531 1672 2609; baseline 0 -18"><span class='ocrx_word' id='word_1_282' title='bbox 163 2538 499 2609; x_wconf 80' lang='grc' dir='ltr'>Ἀφέμενος,</span> <span class='ocrx_word' id='word_1_283' title='bbox 541 2531 585 2590; x_wconf 83' lang='grc' dir='ltr'><strong>ὧ</strong></span> <span class='ocrx_word' id='word_1_284' title='bbox 638 2537 806 2607; x_wconf 82' lang='grc' dir='ltr'>σοφὲ,</span> <span class='ocrx_word' id='word_1_285' title='bbox 855 2537 966 2590; x_wconf 88' lang='grc' dir='ltr'><strong>τῶν</strong></span> <span class='ocrx_word' id='word_1_286' title='bbox 1017 2536 1526 2609; x_wconf 82' lang='grc' dir='ltr'>μεταρσιολεσχῶν,</span> <span class='ocrx_word' id='word_1_287' title='bbox 1576 2539 1672 2591; x_wconf 75' lang='grc' dir='ltr'>καὶ</span> 
     </span>
    </p>
   </div>
   <div class='ocr_carea' id='block_1_42' title="bbox 77 2621 1670 2698">
    <p class='ocr_par' dir='ltr' id='par_1_42' title="bbox 77 2621 1670 2698">
     <span class='ocr_line' id='line_1_43' title="bbox 77 2621 1670 2698; baseline 0 -18"><span class='ocrx_word' id='word_1_288' title='bbox 77 2626 620 2698; x_wconf 75' lang='grc' dir='ltr'>μετεωροσοφιστῶν,</span> <span class='ocrx_word' id='word_1_289' title='bbox 664 2628 757 2679; x_wconf 77' lang='grc' dir='ltr'>καὶ</span> <span class='ocrx_word' id='word_1_290' title='bbox 801 2626 1122 2697; x_wconf 81' lang='grc' dir='ltr'>λεξιθήρων,</span> <span class='ocrx_word' id='word_1_291' title='bbox 1158 2627 1268 2678; x_wconf 90' lang='grc' dir='ltr'><strong>τῶν</strong></span> <span class='ocrx_word' id='word_1_292' title='bbox 1289 2621 1465 2680; x_wconf 84' lang='grc' dir='ltr'><strong>¹πλέον</strong></span> <span class='ocrx_word' id='word_1_293' title='bbox 1494 2628 1670 2696; x_wconf 84' lang='grc' dir='ltr'>λόγων</span> 
     </span>
    </p>
   </div>
   <div class='ocr_carea' id='block_1_43' title="bbox 74 2717 1669 2791">
    <p class='ocr_par' dir='ltr' id='par_1_43' title="bbox 74 2717 1669 2791">
     <span class='ocr_line' id='line_1_44' title="bbox 74 2717 1669 2791; baseline -0.002 -18"><span class='ocrx_word' id='word_1_294' title='bbox 74 2721 314 2791; x_wconf 81' lang='grc' dir='ltr'>ἐχόντων</span> <span class='ocrx_word' id='word_1_295' title='bbox 367 2719 554 2786; x_wconf 79' lang='grc' dir='ltr'>μηδὲν,</span> <span class='ocrx_word' id='word_1_296' title='bbox 606 2718 683 2781; x_wconf 82' lang='grc' dir='ltr'><strong>είς</strong></span> <span class='ocrx_word' id='word_1_297' title='bbox 736 2717 833 2788; x_wconf 76' lang='grc' dir='ltr'>τὴν</span> <span class='ocrx_word' id='word_1_298' title='bbox 876 2717 1186 2787; x_wconf 79' lang='grc' dir='ltr'>πρακτικὴν</span> <span class='ocrx_word' id='word_1_299' title='bbox 1221 2719 1423 2790; x_wconf 78' lang='grc' dir='ltr'>ἀρετὴν</span> <span class='ocrx_word' id='word_1_300' title='bbox 1473 2719 1669 2772; x_wconf 82' lang='grc' dir='ltr'>σαυτὸν</span> 
     </span>
    </p>
   </div>
   <div class='ocr_carea' id='block_1_44' title="bbox 76 2809 1667 2881">
    <p class='ocr_par' dir='ltr' id='par_1_44' title="bbox 76 2809 1667 2881">
     <span class='ocr_line' id='line_1_45' title="bbox 76 2809 1667 2881; baseline -0.002 -15"><span class='ocrx_word' id='word_1_301' title='bbox 76 2813 379 2872; x_wconf 77' lang='grc' dir='ltr'>σύντεινον,</span> <span class='ocrx_word' id='word_1_302' title='bbox 413 2810 509 2878; x_wconf 80' lang='grc' dir='ltr'>τὴν</span> <span class='ocrx_word' id='word_1_303' title='bbox 559 2810 863 2879; x_wconf 74' lang='grc' dir='ltr'>μακαρίους</span> <span class='ocrx_word' id='word_1_304' title='bbox 895 2809 1307 2876; x_wconf 76' lang='grc' dir='ltr'>ἀποφαίνουσαν</span> <span class='ocrx_word' id='word_1_305' title='bbox 1355 2811 1482 2879; x_wconf 61' lang='grc' dir='ltr'>τοὺς</span> <span class='ocrx_word' id='word_1_306' title='bbox 1534 2811 1667 2881; x_wconf 87' lang='grc' dir='ltr'>ἐρα-</span> 
     </span>
    </p>
   </div>
   <div class='ocr_carea' id='block_1_45' title="bbox 79 2899 1670 2970">
    <p class='ocr_par' dir='ltr' id='par_1_45' title="bbox 79 2899 1670 2970">
     <span class='ocr_line' id='line_1_46' title="bbox 79 2899 1670 2970; baseline 0.011 -22"><span class='ocrx_word' id='word_1_307' title='bbox 79 2903 248 2965; x_wconf 81' lang='grc' dir='ltr'>στάς·</span> <span class='ocrx_word' id='word_1_308' title='bbox 301 2905 348 2954; x_wconf 84' lang='grc' dir='ltr'>εἰ</span> <span class='ocrx_word' id='word_1_309' title='bbox 402 2901 459 2953; x_wconf 80' lang='grc' dir='ltr'><strong>δὲ</strong></span> <span class='ocrx_word' id='word_1_310' title='bbox 510 2901 611 2952; x_wconf 82' lang='grc' dir='ltr'>οῖει</span> <span class='ocrx_word' id='word_1_311' title='bbox 659 2903 776 2962; x_wconf 85' lang='grc' dir='ltr'>ταῖς</span> <span class='ocrx_word' id='word_1_312' title='bbox 820 2899 929 2951; x_wconf 87' lang='grc' dir='ltr'><strong>τῶν</strong></span> <span class='ocrx_word' id='word_1_313' title='bbox 978 2901 1222 2970; x_wconf 80' lang='grc' dir='ltr'>ἀρχαίων</span> <span class='ocrx_word' id='word_1_314' title='bbox 1275 2900 1523 2970; x_wconf 80' lang='grc' dir='ltr'>γνώμαις</span> <span class='ocrx_word' id='word_1_315' title='bbox 1594 2901 1670 2954; x_wconf 77' lang='grc' dir='ltr'><strong>δί-</strong></span> 
     </span>
    </p>
   </div>
   <div class='ocr_carea' id='block_1_46' title="bbox 80 2987 1672 3060">
    <p class='ocr_par' dir='ltr' id='par_1_46' title="bbox 80 2987 1672 3060">
     <span class='ocr_line' id='line_1_47' title="bbox 80 2987 1672 3060; baseline 0 -15"><span class='ocrx_word' id='word_1_316' title='bbox 80 3009 240 3046; x_wconf 88' lang='grc' dir='ltr'>καιον</span> <span class='ocrx_word' id='word_1_317' title='bbox 295 2987 432 3044; x_wconf 78' lang='grc' dir='ltr'>εἶναι</span> <span class='ocrx_word' id='word_1_318' title='bbox 501 2991 704 3060; x_wconf 79' lang='grc' dir='ltr'>μᾶλλον</span> <span class='ocrx_word' id='word_1_319' title='bbox 748 2989 1231 3054; x_wconf 74' lang='grc' dir='ltr'>ἀκολουθεῖν,τοὺς</span> <span class='ocrx_word' id='word_1_320' title='bbox 1289 2991 1484 3051; x_wconf 83' lang='grc' dir='ltr'>ἄλλους</span> <span class='ocrx_word' id='word_1_321' title='bbox 1535 2992 1672 3056; x_wconf 85' lang='grc' dir='ltr'>τέως</span> 
     </span>
    </p>
   </div>
   <div class='ocr_carea' id='block_1_47' title="bbox 81 3082 1673 3155">
    <p class='ocr_par' dir='ltr' id='par_1_47' title="bbox 81 3082 1673 3155">
     <span class='ocr_line' id='line_1_48' title="bbox 81 3082 1673 3155; baseline -0.001 -18"><span class='ocrx_word' id='word_1_322' title='bbox 81 3084 307 3155; x_wconf 68' lang='grc' dir='ltr'>παρεὶς,</span> <span class='ocrx_word' id='word_1_323' title='bbox 349 3083 510 3136; x_wconf 79' lang='grc' dir='ltr'>αὑτὸν</span> <span class='ocrx_word' id='word_1_324' title='bbox 555 3083 646 3135; x_wconf 80' lang='grc' dir='ltr'>τὸν</span> <span class='ocrx_word' id='word_1_325' title='bbox 684 3084 814 3150; x_wconf 84' lang='grc' dir='ltr'>παρ’</span> <span class='ocrx_word' id='word_1_326' title='bbox 846 3082 1024 3134; x_wconf 77' lang='grc' dir='ltr'>αὐτῶν</span> <span class='ocrx_word' id='word_1_327' title='bbox 1073 3083 1384 3150; x_wconf 88' lang='grc' dir='ltr'>σοφώτατον</span> <span class='ocrx_word' id='word_1_328' title='bbox 1416 3083 1673 3136; x_wconf 73' lang='grc' dir='ltr'>ἁπάντων</span> 
     </span>
    </p>
   </div>
   <div class='ocr_carea' id='block_1_48' title="bbox 80 3173 1669 3245">
    <p class='ocr_par' dir='ltr' id='par_1_48' title="bbox 80 3173 1669 3245">
     <span class='ocr_line' id='line_1_49' title="bbox 80 3173 1669 3245; baseline -0.001 -15"><span class='ocrx_word' id='word_1_329' title='bbox 80 3174 391 3245; x_wconf 79' lang='grc' dir='ltr'>ἀνθρώπων</span> <span class='ocrx_word' id='word_1_330' title='bbox 460 3175 888 3243; x_wconf 74' lang='grc' dir='ltr'>κηρυττόμενον,</span> <span class='ocrx_word' id='word_1_331' title='bbox 941 3175 1216 3243; x_wconf 77' lang='grc' dir='ltr'>ἐγγυητὴν</span> <span class='ocrx_word' id='word_1_332' title='bbox 1273 3173 1669 3245; x_wconf 73' lang='grc' dir='ltr'>τῶν-ἐμαυτοῦ</span> 
     </span>
    </p>
   </div>
   <div class='ocr_carea' id='block_1_49' title="bbox 86 3262 1662 3336">
    <p class='ocr_par' dir='ltr' id='par_1_49' title="bbox 86 3262 1662 3336">
     <span class='ocr_line' id='line_1_50' title="bbox 86 3262 1662 3336; baseline -0.003 -16"><span class='ocrx_word' id='word_1_333' title='bbox 86 3269 264 3336; x_wconf 70' lang='grc' dir='ltr'>λόγων</span> <span class='ocrx_word' id='word_1_334' title='bbox 317 3265 643 3336; x_wconf 78' lang='grc' dir='ltr'>παρέξομαι.</span> <span class='ocrx_word' id='word_1_335' title='bbox 681 3265 744 3317; x_wconf 89' lang='grc' dir='ltr'><strong>Τί</strong></span> <span class='ocrx_word' id='word_1_336' title='bbox 787 3262 878 3318; x_wconf 77' lang='grc' dir='ltr'>οὖν</span> <span class='ocrx_word' id='word_1_337' title='bbox 913 3283 1044 3335; x_wconf 82' lang='grc' dir='ltr'>φησι</span> <span class='ocrx_word' id='word_1_338' title='bbox 1099 3265 1351 3333; x_wconf 72' lang='grc' dir='ltr'>Ξενοφῶν</span> <span class='ocrx_word' id='word_1_339' title='bbox 1410 3265 1538 3336; x_wconf 77' lang='grc' dir='ltr'>περὶ</span> <span class='ocrx_word' id='word_1_340' title='bbox 1569 3265 1662 3318; x_wconf 85' lang='grc' dir='ltr'><strong>αὐ-</strong></span> 
     </span>
    </p>
   </div>
   <div class='ocr_carea' id='block_1_50' title="bbox 89 3355 1672 3427">
    <p class='ocr_par' dir='ltr' id='par_1_50' title="bbox 89 3355 1672 3427">
     <span class='ocr_line' id='line_1_51' title="bbox 89 3355 1672 3427; baseline -0.001 -17"><span class='ocrx_word' id='word_1_341' title='bbox 89 3357 186 3411; x_wconf 77' lang='grc' dir='ltr'><strong>τοῦ</strong></span> <span class='ocrx_word' id='word_1_342' title='bbox 236 3359 382 3427; x_wconf 70' lang='grc' dir='ltr'>(ιε);</span> <span class='ocrx_word' id='word_1_343' title='bbox 432 3374 450 3406; x_wconf 79' lang='grc' dir='ltr'><strong>ι</strong></span> <span class='ocrx_word' id='word_1_344' title='bbox 483 3357 671 3420; x_wconf 74' lang='grc' dir='ltr'>Οὐδεὶς</span> <span class='ocrx_word' id='word_1_345' title='bbox 710 3355 928 3408; x_wconf 80' lang='grc' dir='ltr'>πώποτε</span> <span class='ocrx_word' id='word_1_346' title='bbox 971 3357 1294 3426; x_wconf 81' lang='grc' dir='ltr'>Σωκράτους</span> <span class='ocrx_word' id='word_1_347' title='bbox 1351 3356 1503 3408; x_wconf 77' lang='grc' dir='ltr'>οὐδὲν</span> <span class='ocrx_word' id='word_1_348' title='bbox 1544 3357 1672 3409; x_wconf 79' lang='grc' dir='ltr'>ἀσε-</span> 
     </span>
    </p>
   </div>
   <div class='ocr_carea' id='block_1_51' title="bbox 86 3439 1672 3514">
    <p class='ocr_par' dir='ltr' id='par_1_51' title="bbox 86 3439 1672 3514">
     <span class='ocr_line' id='line_1_52' title="bbox 86 3439 1672 3514; baseline -0.003 -14"><span class='ocrx_word' id='word_1_349' title='bbox 86 3448 210 3512; x_wconf 75' lang='grc' dir='ltr'>ϐὲς,</span> <span class='ocrx_word' id='word_1_350' title='bbox 274 3447 425 3499; x_wconf 78' lang='grc' dir='ltr'>οὐδὲν</span> <span class='ocrx_word' id='word_1_351' title='bbox 481 3445 715 3508; x_wconf 83' lang='grc' dir='ltr'>ἀνόσιον,</span> <span class='ocrx_word' id='word_1_352' title='bbox 775 3443 898 3496; x_wconf 74' lang='grc' dir='ltr'>οὔτε</span> <span class='ocrx_word' id='word_1_353' title='bbox 951 3444 1282 3514; x_wconf 78' lang='grc' dir='ltr'>πράττοντος</span> <span class='ocrx_word' id='word_1_354' title='bbox 1333 3439 1493 3507; x_wconf 82' lang='grc' dir='ltr'>εῐδεν,</span> <span class='ocrx_word' id='word_1_355' title='bbox 1549 3444 1672 3496; x_wconf 75' lang='grc' dir='ltr'>οὕτε</span> 
     </span>
    </p>
   </div>
   <div class='ocr_carea' id='block_1_52' title="bbox 87 3535 1676 3610">
    <p class='ocr_par' dir='ltr' id='par_1_52' title="bbox 87 3535 1676 3610">
     <span class='ocr_line' id='line_1_53' title="bbox 87 3535 1676 3610; baseline -0.003 -17"><span class='ocrx_word' id='word_1_356' title='bbox 87 3541 344 3610; x_wconf 77' lang='grc' dir='ltr'>λέγοντος</span> <span class='ocrx_word' id='word_1_357' title='bbox 392 3537 644 3606; x_wconf 74' lang='grc' dir='ltr'>ἤκουσεν.</span> <span class='ocrx_word' id='word_1_358' title='bbox 700 3536 834 3588; x_wconf 78' lang='grc' dir='ltr'>Οὑδέ</span> <span class='ocrx_word' id='word_1_359' title='bbox 882 3536 989 3607; x_wconf 83' lang='grc' dir='ltr'><strong>γὰρ</strong></span> <span class='ocrx_word' id='word_1_360' title='bbox 1044 3539 1171 3607; x_wconf 38' lang='grc' dir='ltr'><strong>περί¹</strong></span> <span class='ocrx_word' id='word_1_361' title='bbox 1227 3537 1326 3606; x_wconf 80' lang='grc' dir='ltr'>τῆς</span> <span class='ocrx_word' id='word_1_362' title='bbox 1375 3535 1510 3599; x_wconf 60' lang='grc' dir='ltr'>τῶν,</span> <span class='ocrx_word' id='word_1_363' title='bbox 1539 3537 1676 3590; x_wconf 84' lang='grc' dir='ltr'>πάν-</span> 
     </span>
    </p>
   </div>
   <div class='ocr_carea' id='block_1_53' title="bbox 88 3626 1673 3698">
    <p class='ocr_par' dir='ltr' id='par_1_53' title="bbox 88 3626 1673 3698">
     <span class='ocr_line' id='line_1_54' title="bbox 88 3626 1673 3698; baseline -0.002 -15"><span class='ocrx_word' id='word_1_364' title='bbox 88 3648 204 3683; x_wconf 86' lang='grc' dir='ltr'><strong>των</strong></span> <span class='ocrx_word' id='word_1_365' title='bbox 238 3629 469 3698; x_wconf 80' lang='grc' dir='ltr'>φύσεως,</span> <span class='ocrx_word' id='word_1_366' title='bbox 505 3628 646 3695; x_wconf 79' lang='grc' dir='ltr'>ἆπερ</span> <span class='ocrx_word' id='word_1_367' title='bbox 672 3626 780 3678; x_wconf 90' lang='grc' dir='ltr'><strong>τῶν</strong></span> <span class='ocrx_word' id='word_1_368' title='bbox 808 3628 981 3679; x_wconf 78' lang='grc' dir='ltr'>ἄλλων</span> <span class='ocrx_word' id='word_1_369' title='bbox 1008 3630 1056 3679; x_wconf 84' lang='lat' dir='ltr'><strong>oi.</strong></span> <span class='ocrx_word' id='word_1_370' title='bbox 1085 3629 1322 3681; x_wconf 87' lang='grc' dir='ltr'>πλεῖστοι</span> <span class='ocrx_word' id='word_1_371' title='bbox 1348 3627 1673 3696; x_wconf 83' lang='grc' dir='ltr'>διελέγοντο,</span> 
     </span>
    </p>
   </div>
   <div class='ocr_carea' id='block_1_54' title="bbox 94 3718 1676 3790">
    <p class='ocr_par' dir='ltr' id='par_1_54' title="bbox 94 3718 1676 3790">
     <span class='ocr_line' id='line_1_55' title="bbox 94 3718 1676 3790; baseline -0.002 -15"><span class='ocrx_word' id='word_1_372' title='bbox 94 3721 319 3775; x_wconf 88' lang='grc' dir='ltr'>σκοπῶν</span> <span class='ocrx_word' id='word_1_373' title='bbox 343 3722 490 3782; x_wconf 81' lang='grc' dir='ltr'>ὅπως</span> <span class='ocrx_word' id='word_1_374' title='bbox 512 3722 540 3772; x_wconf 90' lang='grc' dir='ltr'>ὁ</span> <span class='ocrx_word' id='word_1_375' title='bbox 563 3719 896 3789; x_wconf 78' lang='grc' dir='ltr'>καλούμενος</span> <span class='ocrx_word' id='word_1_376' title='bbox 924 3720 1026 3771; x_wconf 70' lang='grc' dir='ltr'><strong>ὑπὸ</strong></span> <span class='ocrx_word' id='word_1_377' title='bbox 1041 3718 1150 3771; x_wconf 89' lang='grc' dir='ltr'><strong>τῶν</strong></span> <span class='ocrx_word' id='word_1_378' title='bbox 1174 3722 1443 3788; x_wconf 76' lang='grc' dir='ltr'>σοφιστῶν</span> <span class='ocrx_word' id='word_1_379' title='bbox 1473 3721 1676 3790; x_wconf 86' lang='grc' dir='ltr'>κόσμος</span> 
     </span>
    </p>
   </div>
   <div class='ocr_carea' id='block_1_55' title="bbox 91 3814 1673 3886">
    <p class='ocr_par' dir='ltr' id='par_1_55' title="bbox 91 3814 1673 3886">
     <span class='ocr_line' id='line_1_56' title="bbox 91 3814 1673 3886; baseline -0.01 -5"><span class='ocrx_word' id='word_1_380' title='bbox 91 3815 233 3886; x_wconf 65' lang='grc' dir='ltr'>ἔχειν</span> <span class='ocrx_word' id='word_1_381' title='bbox 263 3815 357 3867; x_wconf 67' lang='grc' dir='ltr'><strong>καὶ</strong></span> <span class='ocrx_word' id='word_1_382' title='bbox 386 3815 527 3866; x_wconf 80' lang='grc' dir='ltr'>τίσιν</span> <span class='ocrx_word' id='word_1_383' title='bbox 577 3814 844 3880; x_wconf 78' lang='grc' dir='ltr'>ἀνάγκαις</span> <span class='ocrx_word' id='word_1_384' title='bbox 872 3814 1078 3866; x_wconf 71' lang='grc' dir='ltr'>ἕκαστα</span> <span class='ocrx_word' id='word_1_385' title='bbox 1116 3816 1326 3881; x_wconf 82' lang='grc' dir='ltr'>γίνεται</span> <span class='ocrx_word' id='word_1_386' title='bbox 1360 3814 1466 3867; x_wconf 86' lang='grc' dir='ltr'><strong>τῶν</strong></span> <span class='ocrx_word' id='word_1_387' title='bbox 1506 3816 1673 3884; x_wconf 76' lang='grc' dir='ltr'>οὐρα-</span> 
     </span>
    </p>
   </div>
   <div class='ocr_carea' id='block_1_56' title="bbox 96 3905 1675 3977">
    <p class='ocr_par' dir='ltr' id='par_1_56' title="bbox 96 3905 1675 3977">
     <span class='ocr_line' id='line_1_57' title="bbox 96 3905 1675 3977; baseline -0.001 -18"><span class='ocrx_word' id='word_1_388' title='bbox 96 3911 254 3971; x_wconf 75' lang='grc' dir='ltr'>νίων,</span> <span class='ocrx_word' id='word_1_389' title='bbox 286 3906 419 3958; x_wconf 77' lang='grc' dir='ltr'>ἀλλὰ</span> <span class='ocrx_word' id='word_1_390' title='bbox 453 3907 547 3958; x_wconf 76' lang='grc' dir='ltr'>καὶ</span> <span class='ocrx_word' id='word_1_391' title='bbox 581 3905 705 3966; x_wconf 77' lang='grc' dir='ltr'>τοὺς</span> <span class='ocrx_word' id='word_1_392' title='bbox 740 3905 1119 3975; x_wconf 74' lang='grc' dir='ltr'>φροντίζοντας</span> <span class='ocrx_word' id='word_1_393' title='bbox 1153 3907 1411 3968; x_wconf 83' lang='grc' dir='ltr'>τοιαῦτα,</span> <span class='ocrx_word' id='word_1_394' title='bbox 1467 3906 1675 3977; x_wconf 83' lang='grc' dir='ltr'>μωραί-</span> 
     </span>
    </p>
   </div>
   <div class='ocr_carea' id='block_1_57' title="bbox 89 3995 1672 4066">
    <p class='ocr_par' dir='ltr' id='par_1_57' title="bbox 89 3995 1672 4066">
     <span class='ocr_line' id='line_1_58' title="bbox 89 3995 1672 4066; baseline -0.002 -14"><span class='ocrx_word' id='word_1_395' title='bbox 89 4015 286 4061; x_wconf 85' lang='grc' dir='ltr'>νοντας</span> <span class='ocrx_word' id='word_1_396' title='bbox 311 3997 642 4050; x_wconf 86' lang='grc' dir='ltr'>ἐπεδείκνυε.</span> <span class='ocrx_word' id='word_1_397' title='bbox 677 3997 784 4048; x_wconf 69' lang='grc' dir='ltr'><strong>Καὶ</strong></span> <span class='ocrx_word' id='word_1_398' title='bbox 815 3995 1030 4066; x_wconf 88' lang='grc' dir='ltr'>πρῶτον</span> <span class='ocrx_word' id='word_1_399' title='bbox 1065 3999 1181 4066; x_wconf 83' lang='grc' dir='ltr'>μετ’</span> <span class='ocrx_word' id='word_1_400' title='bbox 1213 3997 1394 4048; x_wconf 82' lang='grc' dir='ltr'>αὐτῶν</span> <span class='ocrx_word' id='word_1_401' title='bbox 1427 3998 1672 4065; x_wconf 87' lang='grc' dir='ltr'>ἐσκόπει,</span> 
     </span>
    </p>
   </div>
   <div class='ocr_carea' id='block_1_58' title="bbox 97 4089 1676 4160">
    <p class='ocr_par' dir='ltr' id='par_1_58' title="bbox 97 4089 1676 4160">
     <span class='ocr_line' id='line_1_59' title="bbox 97 4089 1676 4160; baseline 0 -18"><span class='ocrx_word' id='word_1_402' title='bbox 97 4090 330 4160; x_wconf 78' lang='grc' dir='ltr'>πότερόν</span> <span class='ocrx_word' id='word_1_403' title='bbox 376 4104 504 4140; x_wconf 87' lang='grc' dir='ltr'>ποτε</span> <span class='ocrx_word' id='word_1_404' title='bbox 551 4089 871 4157; x_wconf 86' lang='grc' dir='ltr'>νομίσαντες</span> <span class='ocrx_word' id='word_1_405' title='bbox 919 4089 1122 4152; x_wconf 75' lang='grc' dir='ltr'>ἱκανῶς</span> <span class='ocrx_word' id='word_1_406' title='bbox 1177 4089 1279 4159; x_wconf 73' lang='grc' dir='ltr'><strong>ἤδη</strong></span> <span class='ocrx_word' id='word_1_407' title='bbox 1326 4089 1676 4159; x_wconf 83' lang='grc' dir='ltr'>τάνθρώπινα</span> 
     </span>
    </p>
   </div>
   <div class='ocr_carea' id='block_1_59' title="bbox 91 4179 1676 4252">
    <p class='ocr_par' dir='ltr' id='par_1_59' title="bbox 91 4179 1676 4252">
     <span class='ocr_line' id='line_1_60' title="bbox 91 4179 1676 4252; baseline -0.001 -17"><span class='ocrx_word' id='word_1_408' title='bbox 91 4183 324 4245; x_wconf 77' lang='grc' dir='ltr'>εἰδέναι,</span> <span class='ocrx_word' id='word_1_409' title='bbox 356 4181 605 4252; x_wconf 77' lang='grc' dir='ltr'>ἔρχονται</span> <span class='ocrx_word' id='word_1_410' title='bbox 647 4181 740 4232; x_wconf 70' lang='grc' dir='ltr'>ἐπὶ</span> <span class='ocrx_word' id='word_1_411' title='bbox 776 4181 838 4232; x_wconf 82' lang='grc' dir='ltr'>τὸ</span> <span class='ocrx_word' id='word_1_412' title='bbox 879 4180 1139 4233; x_wconf 81' lang='grc' dir='ltr'>τοιούτων</span> <span class='ocrx_word' id='word_1_413' title='bbox 1177 4179 1503 4251; x_wconf 66' lang='grc' dir='ltr'>φροντίζεινε</span> <span class='ocrx_word' id='word_1_414' title='bbox 1535 4180 1567 4250; x_wconf 88' lang='grc' dir='ltr'>ἢ</span> <span class='ocrx_word' id='word_1_415' title='bbox 1607 4181 1676 4234; x_wconf 76' lang='grc' dir='ltr'><strong>τὰ</strong></span> 
     </span>
    </p>
   </div>
   <div class='ocr_carea' id='block_1_60' title="bbox 94 4271 1674 4342">
    <p class='ocr_par' dir='ltr' id='par_1_60' title="bbox 94 4271 1674 4342">
     <span class='ocr_line' id='line_1_61' title="bbox 94 4271 1674 4342; baseline 0 -18"><span class='ocrx_word' id='word_1_416' title='bbox 94 4273 200 4340; x_wconf 81' lang='grc' dir='ltr'>μὲν</span> <span class='ocrx_word' id='word_1_417' title='bbox 222 4271 538 4342; x_wconf 82' lang='grc' dir='ltr'>ἀνθρώπινα</span> <span class='ocrx_word' id='word_1_418' title='bbox 569 4272 854 4342; x_wconf 79' lang='grc' dir='ltr'>παρέντες,</span> <span class='ocrx_word' id='word_1_419' title='bbox 880 4272 947 4324; x_wconf 83' lang='grc' dir='ltr'>τὰ</span> <span class='ocrx_word' id='word_1_420' title='bbox 973 4271 1228 4341; x_wconf 80' lang='grc' dir='ltr'>δαιμόνια</span> <span class='ocrx_word' id='word_1_421' title='bbox 1258 4272 1315 4324; x_wconf 82' lang='grc' dir='ltr'><strong>δέ</strong></span> <span class='ocrx_word' id='word_1_422' title='bbox 1344 4272 1674 4335; x_wconf 75' lang='grc' dir='ltr'>σκοποῦντες</span> 
     </span>
    </p>
   </div>
   <div class='ocr_carea' id='block_1_61' title="bbox 91 4362 1674 4434">
    <p class='ocr_par' dir='ltr' id='par_1_61' title="bbox 91 4362 1674 4434">
     <span class='ocr_line' id='line_1_62' title="bbox 91 4362 1674 4434; baseline 0 -18"><span class='ocrx_word' id='word_1_423' title='bbox 91 4363 356 4434; x_wconf 73' lang='grc' dir='ltr'>ἡγοῦνται</span> <span class='ocrx_word' id='word_1_424' title='bbox 387 4363 453 4416; x_wconf 79' lang='grc' dir='ltr'><strong>τὰ</strong></span> <span class='ocrx_word' id='word_1_425' title='bbox 486 4364 833 4434; x_wconf 77' lang='grc' dir='ltr'>προσήκοντα</span> <span class='ocrx_word' id='word_1_426' title='bbox 862 4362 1122 4432; x_wconf 71' lang='grc' dir='ltr'>πράττειν</span> <span class='ocrx_word' id='word_1_427' title='bbox 1143 4379 1156 4392; x_wconf 72' lang='grc' dir='ltr'><strong>ο</strong></span> <span class='ocrx_word' id='word_1_428' title='bbox 1193 4362 1470 4432; x_wconf 77' lang='grc' dir='ltr'>ἐθαύμαζε</span> <span class='ocrx_word' id='word_1_429' title='bbox 1502 4364 1557 4415; x_wconf 83' lang='grc' dir='ltr'><strong>δὲ</strong></span> <span class='ocrx_word' id='word_1_430' title='bbox 1580 4406 1593 4429; x_wconf 93' lang='grc'><strong>,</strong></span> <span class='ocrx_word' id='word_1_431' title='bbox 1627 4366 1674 4416; x_wconf 85' lang='grc' dir='ltr'>εἰ</span> 
     </span>
    </p>
   </div>
   <div class='ocr_carea' id='block_1_62' title="bbox 95 4455 1674 4525">
    <p class='ocr_par' dir='ltr' id='par_1_62' title="bbox 95 4455 1674 4525">
     <span class='ocr_line' id='line_1_63' title="bbox 95 4455 1674 4525; baseline 0.002 -18"><span class='ocrx_word' id='word_1_432' title='bbox 95 4457 175 4525; x_wconf 78' lang='grc' dir='ltr'>μὴ</span> <span class='ocrx_word' id='word_1_433' title='bbox 205 4457 435 4524; x_wconf 81' lang='grc' dir='ltr'>φανερόν</span> <span class='ocrx_word' id='word_1_434' title='bbox 483 4457 628 4508; x_wconf 82' lang='grc' dir='ltr'>ἐστιν</span> <span class='ocrx_word' id='word_1_435' title='bbox 666 4455 847 4518; x_wconf 82' lang='grc' dir='ltr'>αὐτοῖς</span> <span class='ocrx_word' id='word_1_436' title='bbox 867 4494 880 4517; x_wconf 95' lang='grc'><strong>,</strong></span> <span class='ocrx_word' id='word_1_437' title='bbox 915 4457 997 4508; x_wconf 83' lang='grc' dir='ltr'>ὅτι</span> <span class='ocrx_word' id='word_1_438' title='bbox 1029 4455 1204 4508; x_wconf 78' lang='grc' dir='ltr'>ταῦτα</span> <span class='ocrx_word' id='word_1_439' title='bbox 1233 4457 1292 4508; x_wconf 81' lang='grc' dir='ltr'>οὐ</span> <span class='ocrx_word' id='word_1_440' title='bbox 1329 4457 1554 4509; x_wconf 78' lang='grc' dir='ltr'>δυνατὸν</span> <span class='ocrx_word' id='word_1_441' title='bbox 1581 4460 1674 4510; x_wconf 86' lang='grc' dir='ltr'><strong>ἁν-</strong></span> 
     </span>
    </p>
   </div>
   <div class='ocr_carea' id='block_1_63' title="bbox 91 4544 1675 4616">
    <p class='ocr_par' dir='ltr' id='par_1_63' title="bbox 91 4544 1675 4616">
     <span class='ocr_line' id='line_1_64' title="bbox 91 4544 1675 4616; baseline 0.003 -20"><span class='ocrx_word' id='word_1_442' title='bbox 91 4544 337 4614; x_wconf 78' lang='grc' dir='ltr'>Ορώποις</span> <span class='ocrx_word' id='word_1_443' title='bbox 365 4545 562 4614; x_wconf 79' lang='grc' dir='ltr'>εὑρεῖν.</span> <span class='ocrx_word' id='word_1_444' title='bbox 604 4545 755 4598; x_wconf 80' lang='grc' dir='ltr'>Ἐπεὶ</span> <span class='ocrx_word' id='word_1_445' title='bbox 785 4547 874 4598; x_wconf 76' lang='grc' dir='ltr'>καὶ</span> <span class='ocrx_word' id='word_1_446' title='bbox 899 4547 1024 4608; x_wconf 72' lang='grc' dir='ltr'>τοὺς</span> <span class='ocrx_word' id='word_1_447' title='bbox 1060 4547 1318 4616; x_wconf 82' lang='grc' dir='ltr'>μέγιστον</span> <span class='ocrx_word' id='word_1_448' title='bbox 1341 4547 1675 4616; x_wconf 77' lang='grc' dir='ltr'>φρονοῦντας</span> 
     </span>
    </p>
   </div>
   <div class='ocr_carea' id='block_1_64' title="bbox 94 4635 1676 4707">
    <p class='ocr_par' dir='ltr' id='par_1_64' title="bbox 94 4635 1676 4707">
     <span class='ocr_line' id='line_1_65' title="bbox 94 4635 1676 4707; baseline 0.002 -19"><span class='ocrx_word' id='word_1_449' title='bbox 94 4637 189 4688; x_wconf 65' lang='grc' dir='ltr'><strong>ἐπὶ</strong></span> <span class='ocrx_word' id='word_1_450' title='bbox 229 4635 306 4705; x_wconf 78' lang='grc' dir='ltr'>τῷ</span> <span class='ocrx_word' id='word_1_451' title='bbox 349 4638 476 4707; x_wconf 78' lang='grc' dir='ltr'>περὶ</span> <span class='ocrx_word' id='word_1_452' title='bbox 513 4637 718 4690; x_wconf 77' lang='grc' dir='ltr'>τούτων</span> <span class='ocrx_word' id='word_1_453' title='bbox 767 4639 968 4706; x_wconf 83' lang='grc' dir='ltr'>λέγειν,</span> <span class='ocrx_word' id='word_1_454' title='bbox 1022 4641 1081 4691; x_wconf 81' lang='grc' dir='ltr'>οὐ</span> <span class='ocrx_word' id='word_1_455' title='bbox 1127 4639 1194 4691; x_wconf 85' lang='grc' dir='ltr'><strong>τὰ</strong></span> <span class='ocrx_word' id='word_1_456' title='bbox 1241 4641 1379 4692; x_wconf 75' lang='grc' dir='ltr'>αὐτὰ</span> <span class='ocrx_word' id='word_1_457' title='bbox 1431 4641 1676 4705; x_wconf 67' lang='grc' dir='ltr'>δοξάζειν</span> 
     </span>
    </p>
   </div>
   <div class='ocr_carea' id='block_1_65' title="bbox 1850 2545 3389 2618">
    <p class='ocr_par' dir='ltr' id='par_1_65' title="bbox 1850 2545 3389 2618">
     <span class='ocr_line' id='line_1_66' title="bbox 1850 2545 3389 2618; baseline 0.003 -18"><span class='ocrx_word' id='word_1_458' title='bbox 1850 2545 2109 2612; x_wconf 87' lang='lat' dir='ltr'><strong>Omissis,</strong></span> <span class='ocrx_word' id='word_1_459' title='bbox 2150 2561 2182 2601; x_wconf 95' lang='lat' dir='ltr'><strong>o</strong></span> <span class='ocrx_word' id='word_1_460' title='bbox 2211 2547 2450 2617; x_wconf 85' lang='lat' dir='ltr'><strong>sapiens,</strong></span> <span class='ocrx_word' id='word_1_461' title='bbox 2510 2545 2731 2601; x_wconf 85' lang='lat' dir='ltr'><strong>sublimi</strong></span> <span class='ocrx_word' id='word_1_462' title='bbox 2764 2549 3063 2618; x_wconf 86' lang='lat' dir='ltr'><strong>loquentia,</strong></span> <span class='ocrx_word' id='word_1_463' title='bbox 3118 2561 3389 2605; x_wconf 82' lang='lat' dir='ltr'><strong>nteteoro-</strong></span> 
     </span>
    </p>
   </div>
   <div class='ocr_carea' id='block_1_66' title="bbox 1779 2637 3352 2708">
    <p class='ocr_par' dir='ltr' id='par_1_66' title="bbox 1779 2637 3352 2708">
     <span class='ocr_line' id='line_1_67' title="bbox 1779 2637 3352 2708; baseline -0.001 -16"><span class='ocrx_word' id='word_1_464' title='bbox 1779 2638 2102 2706; x_wconf 83' lang='lat' dir='ltr'><strong>sophistica,</strong></span> <span class='ocrx_word' id='word_1_465' title='bbox 2151 2653 2214 2692; x_wconf 92' lang='lat' dir='ltr'><strong>ac</strong></span> <span class='ocrx_word' id='word_1_466' title='bbox 2243 2639 2531 2692; x_wconf 82' lang='lat' dir='ltr'><strong>verborum</strong></span> <span class='ocrx_word' id='word_1_467' title='bbox 2565 2637 2940 2708; x_wconf 79' lang='lat' dir='ltr'><strong>inquisitione,</strong></span> <span class='ocrx_word' id='word_1_468' title='bbox 2985 2655 3106 2708; x_wconf 75' lang='lat' dir='ltr'><strong>qua:</strong></span> <span class='ocrx_word' id='word_1_469' title='bbox 3161 2647 3352 2704; x_wconf 77' lang='lat' dir='ltr'><strong>verba,</strong></span> 
     </span>
    </p>
   </div>
   <div class='ocr_carea' id='block_1_67' title="bbox 1781 2729 3361 2802">
    <p class='ocr_par' dir='ltr' id='par_1_67' title="bbox 1781 2729 3361 2802">
     <span class='ocr_line' id='line_1_68' title="bbox 1781 2729 3361 2802; baseline -0.001 -18"><span class='ocrx_word' id='word_1_470' title='bbox 1781 2739 2041 2800; x_wconf 74' lang='lat' dir='ltr'><strong>przcterea</strong></span> <span class='ocrx_word' id='word_1_471' title='bbox 2099 2732 2272 2796; x_wconf 89' lang='lat' dir='ltr'><strong>nihil,</strong></span> <span class='ocrx_word' id='word_1_472' title='bbox 2325 2729 2606 2796; x_wconf 78' lang='lat' dir='ltr'><strong>continet,</strong></span> <span class='ocrx_word' id='word_1_473' title='bbox 2641 2734 2908 2786; x_wconf 82' lang='lat' dir='ltr'><strong>contende</strong></span> <span class='ocrx_word' id='word_1_474' title='bbox 2947 2747 3051 2801; x_wconf 85' lang='lat' dir='ltr'><strong>qua</strong></span> <span class='ocrx_word' id='word_1_475' title='bbox 3087 2745 3242 2802; x_wconf 88' lang='lat' dir='ltr'><strong>potes</strong></span> <span class='ocrx_word' id='word_1_476' title='bbox 3295 2734 3361 2785; x_wconf 86' lang='lat' dir='ltr'><strong>ad</strong></span> 
     </span>
    </p>
   </div>
   <div class='ocr_carea' id='block_1_68' title="bbox 1779 2821 3364 2891">
    <p class='ocr_par' dir='ltr' id='par_1_68' title="bbox 1779 2821 3364 2891">
     <span class='ocr_line' id='line_1_69' title="bbox 1779 2821 3364 2891; baseline -0.001 -19"><span class='ocrx_word' id='word_1_477' title='bbox 1779 2823 2058 2884; x_wconf 81' lang='lat' dir='ltr'><strong>virtutem,</strong></span> <span class='ocrx_word' id='word_1_478' title='bbox 2086 2837 2207 2890; x_wconf 63' lang='lat' dir='ltr'><strong>quas</strong></span> <span class='ocrx_word' id='word_1_479' title='bbox 2229 2821 2521 2875; x_wconf 37' lang='lat' dir='ltr'><strong>iu’aetione</strong></span> <span class='ocrx_word' id='word_1_480' title='bbox 2555 2831 2637 2876; x_wconf 53' lang='lat' dir='ltr'><strong>est</strong></span> <span class='ocrx_word' id='word_1_481' title='bbox 2669 2823 2863 2891; x_wconf 65' lang='lat' dir='ltr'><strong>posita,</strong></span> <span class='ocrx_word' id='word_1_482' title='bbox 2901 2838 2966 2875; x_wconf 80' lang='lat' dir='ltr'><strong>ac</strong></span> <span class='ocrx_word' id='word_1_483' title='bbox 2999 2826 3080 2875; x_wconf 86' lang='lat' dir='ltr'><strong>sui</strong></span> <span class='ocrx_word' id='word_1_484' title='bbox 3116 2833 3364 2876; x_wconf 65' lang='lat' dir='ltr'><strong>amantes</strong></span> 
     </span>
    </p>
   </div>
   <div class='ocr_carea' id='block_1_69' title="bbox 1778 2912 3362 2981">
    <p class='ocr_par' dir='ltr' id='par_1_69' title="bbox 1778 2912 3362 2981">
     <span class='ocr_line' id='line_1_70' title="bbox 1778 2912 3362 2981; baseline 0.001 -17"><span class='ocrx_word' id='word_1_485' title='bbox 1778 2913 1968 2966; x_wconf 86' lang='lat' dir='ltr'><strong>beatos</strong></span> <span class='ocrx_word' id='word_1_486' title='bbox 2001 2913 2197 2967; x_wconf 85' lang='lat' dir='ltr'><strong>reddit.</strong></span> <span class='ocrx_word' id='word_1_487' title='bbox 2233 2914 2302 2965; x_wconf 79' lang='lat' dir='ltr'><strong>At</strong></span> <span class='ocrx_word' id='word_1_488' title='bbox 2319 2915 2362 2966; x_wconf 88' lang='lat' dir='ltr'><strong>si</strong></span> <span class='ocrx_word' id='word_1_489' title='bbox 2414 2926 2658 2967; x_wconf 70' lang='lat' dir='ltr'><strong>veterum</strong></span> <span class='ocrx_word' id='word_1_490' title='bbox 2697 2915 2875 2981; x_wconf 71' lang='lat' dir='ltr'><strong>pntius</strong></span> <span class='ocrx_word' id='word_1_491' title='bbox 2905 2912 3193 2967; x_wconf 85' lang='lat' dir='ltr'><strong>sententiis</strong></span> <span class='ocrx_word' id='word_1_492' title='bbox 3240 2914 3362 2966; x_wconf 74' lang='lat' dir='ltr'><strong>duri</strong></span> 
     </span>
    </p>
   </div>
   <div class='ocr_carea' id='block_1_70' title="bbox 1778 3003 3361 3073">
    <p class='ocr_par' dir='ltr' id='par_1_70' title="bbox 1778 3003 3361 3073">
     <span class='ocr_line' id='line_1_71' title="bbox 1778 3003 3361 3073; baseline 0.003 -21"><span class='ocrx_word' id='word_1_493' title='bbox 1778 3003 2008 3070; x_wconf 84' lang='lat' dir='ltr'><strong>placeat,</strong></span> <span class='ocrx_word' id='word_1_494' title='bbox 2043 3017 2163 3055; x_wconf 90' lang='lat' dir='ltr'><strong>cum</strong></span> <span class='ocrx_word' id='word_1_495' title='bbox 2199 3003 2319 3056; x_wconf 87' lang='lat' dir='ltr'><strong>aliis</strong></span> <span class='ocrx_word' id='word_1_496' title='bbox 2349 3003 2612 3056; x_wconf 82' lang='lat' dir='ltr'><strong>hactenus</strong></span> <span class='ocrx_word' id='word_1_497' title='bbox 2648 3004 2962 3068; x_wconf 68' lang='lat' dir='ltr'><strong>adhzeseris,</strong></span> <span class='ocrx_word' id='word_1_498' title='bbox 3017 3018 3163 3067; x_wconf 87' lang='lat' dir='ltr'><strong>eum,</strong></span> <span class='ocrx_word' id='word_1_499' title='bbox 3203 3020 3361 3073; x_wconf 71' lang='lat' dir='ltr'><strong>quem</strong></span> 
     </span>
    </p>
   </div>
   <div class='ocr_carea' id='block_1_71' title="bbox 1779 3092 3363 3161">
    <p class='ocr_par' dir='ltr' id='par_1_71' title="bbox 1779 3092 3363 3161">
     <span class='ocr_line' id='line_1_72' title="bbox 1779 3092 3363 3161; baseline -0.001 -16"><span class='ocrx_word' id='word_1_500' title='bbox 1779 3092 2092 3146; x_wconf 84' lang='lat' dir='ltr'><strong>mortalium</strong></span> <span class='ocrx_word' id='word_1_501' title='bbox 2127 3094 2370 3145; x_wconf 89' lang='lat' dir='ltr'><strong>omnium</strong></span> <span class='ocrx_word' id='word_1_502' title='bbox 2408 3093 2873 3160; x_wconf 72' lang='lat' dir='ltr'><strong>sapientissimum</strong></span> <span class='ocrx_word' id='word_1_503' title='bbox 2901 3092 2998 3160; x_wconf 89' lang='lat' dir='ltr'><strong>ipsi</strong></span> <span class='ocrx_word' id='word_1_504' title='bbox 3040 3093 3363 3161; x_wconf 81' lang='lat' dir='ltr'><strong>pronuntia-</strong></span> 
     </span>
    </p>
   </div>
   <div class='ocr_carea' id='block_1_72' title="bbox 1779 3184 3366 3255">
    <p class='ocr_par' dir='ltr' id='par_1_72' title="bbox 1779 3184 3366 3255">
     <span class='ocr_line' id='line_1_73' title="bbox 1779 3184 3366 3255; baseline -0.001 -17"><span class='ocrx_word' id='word_1_505' title='bbox 1779 3193 1927 3249; x_wconf 81' lang='lat' dir='ltr'><strong>runt,</strong></span> <span class='ocrx_word' id='word_1_506' title='bbox 1982 3195 2264 3237; x_wconf 83' lang='lat' dir='ltr'><strong>auctorem</strong></span> <span class='ocrx_word' id='word_1_507' title='bbox 2337 3185 2440 3238; x_wconf 88' lang='lat' dir='ltr'><strong>mei</strong></span> <span class='ocrx_word' id='word_1_508' title='bbox 2493 3185 2651 3255; x_wconf 86' lang='lat' dir='ltr'><strong>hujus</strong></span> <span class='ocrx_word' id='word_1_509' title='bbox 2707 3184 2836 3237; x_wconf 87' lang='lat' dir='ltr'><strong>dicti</strong></span> <span class='ocrx_word' id='word_1_510' title='bbox 2886 3185 3067 3236; x_wconf 76' lang='lat' dir='ltr'><strong>laudo.</strong></span> <span class='ocrx_word' id='word_1_511' title='bbox 3125 3185 3197 3237; x_wconf 88' lang='lat' dir='ltr'><strong>De</strong></span> <span class='ocrx_word' id='word_1_512' title='bbox 3258 3202 3366 3253; x_wconf 87' lang='lat' dir='ltr'><strong>quo</strong></span> 
     </span>
    </p>
   </div>
   <div class='ocr_carea' id='block_1_73' title="bbox 1779 3274 3366 3347">
    <p class='ocr_par' dir='ltr' id='par_1_73' title="bbox 1779 3274 3366 3347">
     <span class='ocr_line' id='line_1_74' title="bbox 1779 3274 3366 3347; baseline 0.002 -20"><span class='ocrx_word' id='word_1_513' title='bbox 1779 3275 1945 3343; x_wconf 89' lang='lat' dir='ltr'><strong>quid,</strong></span> <span class='ocrx_word' id='word_1_514' title='bbox 1987 3290 2193 3344; x_wconf 70' lang='lat' dir='ltr'><strong>qumso,</strong></span> <span class='ocrx_word' id='word_1_515' title='bbox 2249 3274 2550 3345; x_wconf 74' lang='lat' dir='ltr'><strong>Xenophon</strong></span> <span class='ocrx_word' id='word_1_516' title='bbox 2604 3276 2801 3330; x_wconf 80' lang='lat' dir='ltr'><strong>refert?</strong></span> <span class='ocrx_word' id='word_1_517' title='bbox 2853 3294 2871 3327; x_wconf 77' lang='grc' dir='ltr'><strong>ι</strong></span> <span class='ocrx_word' id='word_1_518' title='bbox 2924 3274 3116 3342; x_wconf 86' lang='lat' dir='ltr'><strong>Nemo,</strong></span> <span class='ocrx_word' id='word_1_519' title='bbox 3171 3277 3366 3347; x_wconf 82' lang='lat' dir='ltr'><strong>inquit,</strong></span> 
     </span>
    </p>
   </div>
   <div class='ocr_carea' id='block_1_74' title="bbox 1705 3366 3367 3438">
    <p class='ocr_par' dir='ltr' id='par_1_74' title="bbox 1705 3366 3367 3438">
     <span class='ocr_line' id='line_1_75' title="bbox 1705 3366 3367 3438; baseline 0.002 -19"><span class='ocrx_word' id='word_1_520' title='bbox 1705 3386 1745 3438; x_wconf 71' lang='grc' dir='ltr'>ο</span> <span class='ocrx_word' id='word_1_521' title='bbox 1783 3367 2066 3420; x_wconf 81' lang='lat' dir='ltr'><strong>Socratem</strong></span> <span class='ocrx_word' id='word_1_522' title='bbox 2122 3367 2344 3434; x_wconf 92' lang='lat' dir='ltr'><strong>impium</strong></span> <span class='ocrx_word' id='word_1_523' title='bbox 2386 3368 2514 3433; x_wconf 92' lang='lat' dir='ltr'><strong>quid</strong></span> <span class='ocrx_word' id='word_1_524' title='bbox 2579 3377 2672 3419; x_wconf 85' lang='lat' dir='ltr'><strong>aut</strong></span> <span class='ocrx_word' id='word_1_525' title='bbox 2733 3366 3023 3423; x_wconf 84' lang='lat' dir='ltr'><strong>nefandum</strong></span> <span class='ocrx_word' id='word_1_526' title='bbox 3079 3369 3367 3435; x_wconf 68' lang='lat' dir='ltr'><strong>designare</strong></span> 
     </span>
    </p>
   </div>
   <div class='ocr_carea' id='block_1_75' title="bbox 1783 3453 3367 3513">
    <p class='ocr_par' dir='ltr' id='par_1_75' title="bbox 1783 3453 3367 3513">
     <span class='ocr_line' id='line_1_76' title="bbox 1783 3453 3367 3513; baseline 0.002 -6"><span class='ocrx_word' id='word_1_527' title='bbox 1783 3455 1937 3513; x_wconf 85' lang='lat' dir='ltr'><strong>vidit,</strong></span> <span class='ocrx_word' id='word_1_528' title='bbox 2000 3461 2092 3506; x_wconf 89' lang='lat' dir='ltr'><strong>aut</strong></span> <span class='ocrx_word' id='word_1_529' title='bbox 2151 3454 2337 3507; x_wconf 85' lang='lat' dir='ltr'><strong>dicere</strong></span> <span class='ocrx_word' id='word_1_530' title='bbox 2400 3455 2625 3507; x_wconf 74' lang='lat' dir='ltr'><strong>audivit.</strong></span> <span class='ocrx_word' id='word_1_531' title='bbox 2682 3453 2794 3509; x_wconf 80' lang='lat' dir='ltr'><strong>Nec</strong></span> <span class='ocrx_word' id='word_1_532' title='bbox 2857 3457 3002 3510; x_wconf 90' lang='lat' dir='ltr'><strong>enim</strong></span> <span class='ocrx_word' id='word_1_533' title='bbox 3058 3457 3125 3511; x_wconf 87' lang='lat' dir='ltr'><strong>de</strong></span> <span class='ocrx_word' id='word_1_534' title='bbox 3186 3472 3367 3512; x_wconf 86' lang='lat' dir='ltr'><strong>rerum</strong></span> 
     </span>
    </p>
   </div>
   <div class='ocr_carea' id='block_1_76' title="bbox 1782 3545 3366 3629">
    <p class='ocr_par' dir='ltr' id='par_1_76' title="bbox 1782 3545 3366 3629">
     <span class='ocr_line' id='line_1_77' title="bbox 1782 3545 3366 3629; baseline 0.004 -31"><span class='ocrx_word' id='word_1_535' title='bbox 1782 3548 2024 3599; x_wconf 89' lang='lat' dir='ltr'><strong>omnium</strong></span> <span class='ocrx_word' id='word_1_536' title='bbox 2063 3554 2256 3599; x_wconf 83' lang='lat' dir='ltr'><strong>natura</strong></span> <span class='ocrx_word' id='word_1_537' title='bbox 2302 3547 2378 3599; x_wconf 91' lang='lat' dir='ltr'><strong>sic</strong></span> <span class='ocrx_word' id='word_1_538' title='bbox 2432 3545 2755 3613; x_wconf 83' lang='lat' dir='ltr'><strong>disserebat,</strong></span> <span class='ocrx_word' id='word_1_539' title='bbox 2819 3549 2894 3602; x_wconf 92' lang='lat' dir='ltr'><strong>uti</strong></span> <span class='ocrx_word' id='word_1_540' title='bbox 2933 3550 3244 3629; x_wconf 80' lang='lat' dir='ltr'><strong>complures</strong></span> <span class='ocrx_word' id='word_1_541' title='bbox 3275 3551 3366 3604; x_wconf 86' lang='lat' dir='ltr'><strong>alii</strong></span> 
     </span>
    </p>
   </div>
   <div class='ocr_carea' id='block_1_77' title="bbox 1783 3637 3370 3709">
    <p class='ocr_par' dir='ltr' id='par_1_77' title="bbox 1783 3637 3370 3709">
     <span class='ocr_line' id='line_1_78' title="bbox 1783 3637 3370 3709; baseline 0.003 -19"><span class='ocrx_word' id='word_1_542' title='bbox 1783 3637 2084 3707; x_wconf 81' lang='lat' dir='ltr'><strong>philosophi</strong></span> <span class='ocrx_word' id='word_1_543' title='bbox 2142 3637 2454 3690; x_wconf 86' lang='lat' dir='ltr'><strong>:uimirum</strong></span> <span class='ocrx_word' id='word_1_544' title='bbox 2513 3639 2890 3703; x_wconf 88' lang='lat' dir='ltr'><strong>considerans,</strong></span> <span class='ocrx_word' id='word_1_545' title='bbox 2946 3655 3054 3709; x_wconf 91' lang='lat' dir='ltr'><strong>quo</strong></span> <span class='ocrx_word' id='word_1_546' title='bbox 3115 3650 3276 3709; x_wconf 88' lang='lat' dir='ltr'><strong>pacto</strong></span> <span class='ocrx_word' id='word_1_547' title='bbox 3324 3642 3370 3694; x_wconf 81' lang='lat' dir='ltr'><strong>is</strong></span> 
     </span>
    </p>
   </div>
   <div class='ocr_carea' id='block_1_78' title="bbox 1784 3728 3368 3801">
    <p class='ocr_par' dir='ltr' id='par_1_78' title="bbox 1784 3728 3368 3801">
     <span class='ocr_line' id='line_1_79' title="bbox 1784 3728 3368 3801; baseline 0.003 -21"><span class='ocrx_word' id='word_1_548' title='bbox 1784 3729 1873 3796; x_wconf 84' lang='lat' dir='ltr'><strong>qui</strong></span> <span class='ocrx_word' id='word_1_549' title='bbox 1912 3746 1938 3781; x_wconf 78' lang='grc' dir='ltr'><strong>υ</strong></span> <span class='ocrx_word' id='word_1_550' title='bbox 1979 3728 2381 3796; x_wconf 69' lang='lat' dir='ltr'><strong>professoribus</strong></span> <span class='ocrx_word' id='word_1_551' title='bbox 2436 3729 2720 3798; x_wconf 75' lang='lat' dir='ltr'><strong>sapientia:</strong></span> <span class='ocrx_word' id='word_1_552' title='bbox 2770 3733 3000 3785; x_wconf 90' lang='lat' dir='ltr'><strong>mundus</strong></span> <span class='ocrx_word' id='word_1_553' title='bbox 3044 3732 3368 3801; x_wconf 84' lang='lat' dir='ltr'><strong>appellatur,</strong></span> 
     </span>
    </p>
   </div>
   <div class='ocr_carea' id='block_1_79' title="bbox 1783 3821 3370 3892">
    <p class='ocr_par' dir='ltr' id='par_1_79' title="bbox 1783 3821 3370 3892">
     <span class='ocr_line' id='line_1_80' title="bbox 1783 3821 3370 3892; baseline 0.001 -17"><span class='ocrx_word' id='word_1_554' title='bbox 1783 3831 1936 3876; x_wconf 89' lang='lat' dir='ltr'><strong>ortus</strong></span> <span class='ocrx_word' id='word_1_555' title='bbox 1965 3823 2056 3884; x_wconf 89' lang='lat' dir='ltr'><strong>sit,</strong></span> <span class='ocrx_word' id='word_1_556' title='bbox 2085 3823 2392 3890; x_wconf 84' lang='lat' dir='ltr'><strong>quibusque</strong></span> <span class='ocrx_word' id='word_1_557' title='bbox 2425 3821 2490 3875; x_wconf 89' lang='lat' dir='ltr'><strong>de</strong></span> <span class='ocrx_word' id='word_1_558' title='bbox 2538 3823 2717 3876; x_wconf 84' lang='lat' dir='ltr'><strong>causis</strong></span> <span class='ocrx_word' id='word_1_559' title='bbox 2765 3824 3093 3878; x_wconf 88' lang='lat' dir='ltr'><strong>necessariis</strong></span> <span class='ocrx_word' id='word_1_560' title='bbox 3143 3826 3370 3892; x_wconf 69' lang='lat' dir='ltr'><strong>singulm</strong></span> 
     </span>
    </p>
   </div>
   <div class='ocr_carea' id='block_1_80' title="bbox 1785 3908 3356 3981">
    <p class='ocr_par' dir='ltr' id='par_1_80' title="bbox 1785 3908 3356 3981">
     <span class='ocr_line' id='line_1_81' title="bbox 1785 3908 3356 3981; baseline 0 -17"><span class='ocrx_word' id='word_1_561' title='bbox 1785 3926 1872 3966; x_wconf 90' lang='lat' dir='ltr'><strong>res</strong></span> <span class='ocrx_word' id='word_1_562' title='bbox 1908 3910 2155 3965; x_wconf 78' lang='lat' dir='ltr'><strong>etclestes</strong></span> <span class='ocrx_word' id='word_1_563' title='bbox 2179 3908 2463 3964; x_wconf 75' lang='lat' dir='ltr'><strong>fiantJmo</strong></span> <span class='ocrx_word' id='word_1_564' title='bbox 2502 3926 2614 3976; x_wconf 89' lang='lat' dir='ltr'><strong>eos,</strong></span> <span class='ocrx_word' id='word_1_565' title='bbox 2653 3911 2742 3979; x_wconf 92' lang='lat' dir='ltr'><strong>qui</strong></span> <span class='ocrx_word' id='word_1_566' title='bbox 2790 3913 2872 3964; x_wconf 90' lang='lat' dir='ltr'><strong>his</strong></span> <span class='ocrx_word' id='word_1_567' title='bbox 2917 3911 3076 3964; x_wconf 87' lang='lat' dir='ltr'><strong>rebus</strong></span> <span class='ocrx_word' id='word_1_568' title='bbox 3129 3927 3356 3981; x_wconf 80' lang='lat' dir='ltr'><strong>OCCtlpu-</strong></span> 
     </span>
    </p>
   </div>
   <div class='ocr_carea' id='block_1_81' title="bbox 1783 4002 3369 4072">
    <p class='ocr_par' dir='ltr' id='par_1_81' title="bbox 1783 4002 3369 4072">
     <span class='ocr_line' id='line_1_82' title="bbox 1783 4002 3369 4072; baseline 0 -15"><span class='ocrx_word' id='word_1_569' title='bbox 1783 4013 1995 4066; x_wconf 87' lang='lat' dir='ltr'><strong>rentur,</strong></span> <span class='ocrx_word' id='word_1_570' title='bbox 2014 4002 2192 4058; x_wconf 77' lang='lat' dir='ltr'><strong>fatuos</strong></span> <span class='ocrx_word' id='word_1_571' title='bbox 2223 4018 2344 4057; x_wconf 85' lang='lat' dir='ltr'><strong>esse</strong></span> <span class='ocrx_word' id='word_1_572' title='bbox 2362 4003 2796 4057; x_wconf 82' lang='lat' dir='ltr'><strong>demonstrabat.</strong></span> <span class='ocrx_word' id='word_1_573' title='bbox 2831 4004 2907 4057; x_wconf 81' lang='lat' dir='ltr'><strong>Ac</strong></span> <span class='ocrx_word' id='word_1_574' title='bbox 2939 4004 3173 4072; x_wconf 90' lang='lat' dir='ltr'><strong>primum</strong></span> <span class='ocrx_word' id='word_1_575' title='bbox 3202 4006 3268 4059; x_wconf 85' lang='lat' dir='ltr'><strong>de</strong></span> <span class='ocrx_word' id='word_1_576' title='bbox 3303 4006 3369 4057; x_wconf 76' lang='lat' dir='ltr'><strong>iis</strong></span> 
     </span>
    </p>
   </div>
   <div class='ocr_carea' id='block_1_82' title="bbox 1785 4093 3366 4162">
    <p class='ocr_par' dir='ltr' id='par_1_82' title="bbox 1785 4093 3366 4162">
     <span class='ocr_line' id='line_1_83' title="bbox 1785 4093 3366 4162; baseline -0.001 -13"><span class='ocrx_word' id='word_1_577' title='bbox 1785 4095 1888 4150; x_wconf 92' lang='lat' dir='ltr'><strong>hoc</strong></span> <span class='ocrx_word' id='word_1_578' title='bbox 1940 4093 2346 4156; x_wconf 81' lang='lat' dir='ltr'><strong>considerabat,</strong></span> <span class='ocrx_word' id='word_1_579' title='bbox 2394 4111 2460 4147; x_wconf 90' lang='lat' dir='ltr'><strong>an</strong></span> <span class='ocrx_word' id='word_1_580' title='bbox 2515 4095 2656 4162; x_wconf 87' lang='lat' dir='ltr'><strong>quod</strong></span> <span class='ocrx_word' id='word_1_581' title='bbox 2707 4095 2809 4147; x_wconf 89' lang='lat' dir='ltr'><strong>rati</strong></span> <span class='ocrx_word' id='word_1_582' title='bbox 2860 4110 2918 4148; x_wconf 87' lang='lat' dir='ltr'><strong>se</strong></span> <span class='ocrx_word' id='word_1_583' title='bbox 2978 4095 3215 4148; x_wconf 86' lang='lat' dir='ltr'><strong>humana</strong></span> <span class='ocrx_word' id='word_1_584' title='bbox 3255 4093 3366 4162; x_wconf 85' lang='lat' dir='ltr'><strong>jam</strong></span> 
     </span>
    </p>
   </div>
   <div class='ocr_carea' id='block_1_83' title="bbox 1783 4187 3364 4254">
    <p class='ocr_par' dir='ltr' id='par_1_83' title="bbox 1783 4187 3364 4254">
     <span class='ocr_line' id='line_1_84' title="bbox 1783 4187 3364 4254; baseline -0.003 -12"><span class='ocrx_word' id='word_1_585' title='bbox 1783 4189 1917 4242; x_wconf 86' lang='lat' dir='ltr'><strong>satis</strong></span> <span class='ocrx_word' id='word_1_586' title='bbox 1955 4188 2263 4254; x_wconf 79' lang='lat' dir='ltr'><strong>intelligere</strong></span> <span class='ocrx_word' id='word_1_587' title='bbox 2319 4187 2384 4237; x_wconf 90' lang='lat' dir='ltr'><strong>ad</strong></span> <span class='ocrx_word' id='word_1_588' title='bbox 2439 4201 2499 4239; x_wconf 87' lang='lat' dir='ltr'><strong>ea</strong></span> <span class='ocrx_word' id='word_1_589' title='bbox 2544 4188 2825 4239; x_wconf 84' lang='lat' dir='ltr'><strong>tractanda</strong></span> <span class='ocrx_word' id='word_1_590' title='bbox 2887 4187 3232 4250; x_wconf 74' lang='lat' dir='ltr'><strong>accederent,</strong></span> <span class='ocrx_word' id='word_1_591' title='bbox 3298 4203 3364 4238; x_wconf 82' lang='lat' dir='ltr'><strong>an</strong></span> 
     </span>
    </p>
   </div>
   <div class='ocr_carea' id='block_1_84' title="bbox 1783 4275 3365 4342">
    <p class='ocr_par' dir='ltr' id='par_1_84' title="bbox 1783 4275 3365 4342">
     <span class='ocr_line' id='line_1_85' title="bbox 1783 4275 3365 4342; baseline -0.001 -12"><span class='ocrx_word' id='word_1_592' title='bbox 1783 4279 1989 4331; x_wconf 87' lang='lat' dir='ltr'><strong>relictis</strong></span> <span class='ocrx_word' id='word_1_593' title='bbox 2075 4278 2235 4329; x_wconf 82' lang='lat' dir='ltr'><strong>rebus</strong></span> <span class='ocrx_word' id='word_1_594' title='bbox 2314 4275 2566 4329; x_wconf 86' lang='lat' dir='ltr'><strong>humanis</strong></span> <span class='ocrx_word' id='word_1_595' title='bbox 2623 4275 2834 4330; x_wconf 83' lang='lat' dir='ltr'><strong>divinas</strong></span> <span class='ocrx_word' id='word_1_596' title='bbox 2907 4276 3365 4342; x_wconf 78' lang='lat' dir='ltr'><strong>contemplantes,</strong></span> 
     </span>
    </p>
   </div>
   <div class='ocr_carea' id='block_1_85' title="bbox 1783 4363 3368 4436">
    <p class='ocr_par' dir='ltr' id='par_1_85' title="bbox 1783 4363 3368 4436">
     <span class='ocr_line' id='line_1_86' title="bbox 1783 4363 3368 4436; baseline -0.003 -18"><span class='ocrx_word' id='word_1_597' title='bbox 1783 4383 1900 4436; x_wconf 74' lang='lat' dir='ltr'><strong>qua:</strong></span> <span class='ocrx_word' id='word_1_598' title='bbox 1935 4369 2015 4421; x_wconf 86' lang='lat' dir='ltr'><strong>sui</strong></span> <span class='ocrx_word' id='word_1_599' title='bbox 2055 4376 2237 4420; x_wconf 86' lang='lat' dir='ltr'><strong>essent</strong></span> <span class='ocrx_word' id='word_1_600' title='bbox 2262 4365 2446 4428; x_wconf 81' lang='lat' dir='ltr'><strong>oﬂicii,</strong></span> <span class='ocrx_word' id='word_1_601' title='bbox 2500 4379 2559 4418; x_wconf 87' lang='lat' dir='ltr'><strong>se</strong></span> <span class='ocrx_word' id='word_1_602' title='bbox 2612 4363 2791 4418; x_wconf 82' lang='lat' dir='ltr'><strong>facere</strong></span> <span class='ocrx_word' id='word_1_603' title='bbox 2825 4373 3101 4432; x_wconf 87' lang='lat' dir='ltr'><strong>putarent.</strong></span> <span class='ocrx_word' id='word_1_604' title='bbox 3133 4364 3368 4416; x_wconf 73' lang='lat' dir='ltr'><strong>Miraba-</strong></span> 
     </span>
    </p>
   </div>
   <div class='ocr_carea' id='block_1_86' title="bbox 1789 4456 3364 4524">
    <p class='ocr_par' dir='ltr' id='par_1_86' title="bbox 1789 4456 3364 4524">
     <span class='ocr_line' id='line_1_87' title="bbox 1789 4456 3364 4524; baseline -0.001 -14"><span class='ocrx_word' id='word_1_605' title='bbox 1789 4471 1877 4511; x_wconf 91' lang='lat' dir='ltr'><strong>tur</strong></span> <span class='ocrx_word' id='word_1_606' title='bbox 1900 4460 2062 4510; x_wconf 84' lang='lat' dir='ltr'><strong>etiam</strong></span> <span class='ocrx_word' id='word_1_607' title='bbox 2115 4473 2218 4510; x_wconf 90' lang='lat' dir='ltr'><strong>non</strong></span> <span class='ocrx_word' id='word_1_608' title='bbox 2265 4471 2358 4512; x_wconf 90' lang='lat' dir='ltr'><strong>cos</strong></span> <span class='ocrx_word' id='word_1_609' title='bbox 2397 4456 2701 4509; x_wconf 76' lang='lat' dir='ltr'><strong>clarissime</strong></span> <span class='ocrx_word' id='word_1_610' title='bbox 2746 4457 3076 4524; x_wconf 82' lang='lat' dir='ltr'><strong>perspicere,</strong></span> <span class='ocrx_word' id='word_1_611' title='bbox 3118 4457 3364 4508; x_wconf 69' lang='lat' dir='ltr'><strong>homines</strong></span> 
     </span>
    </p>
   </div>
   <div class='ocr_carea' id='block_1_87' title="bbox 1778 4545 3362 4614">
    <p class='ocr_par' dir='ltr' id='par_1_87' title="bbox 1778 4545 3362 4614">
     <span class='ocr_line' id='line_1_88' title="bbox 1778 4545 3362 4614; baseline -0.004 -11"><span class='ocrx_word' id='word_1_612' title='bbox 1778 4550 1894 4603; x_wconf 66' lang='lat' dir='ltr'><strong>haec</strong></span> <span class='ocrx_word' id='word_1_613' title='bbox 1914 4549 2157 4602; x_wconf 80' lang='lat' dir='ltr'><strong>invenire</strong></span> <span class='ocrx_word' id='word_1_614' title='bbox 2178 4563 2279 4599; x_wconf 91' lang='lat' dir='ltr'><strong>non</strong></span> <span class='ocrx_word' id='word_1_615' title='bbox 2315 4561 2491 4614; x_wconf 84' lang='lat' dir='ltr'><strong>posse.</strong></span> <span class='ocrx_word' id='word_1_616' title='bbox 2521 4545 2629 4598; x_wconf 84' lang='lat' dir='ltr'><strong>Nec</strong></span> <span class='ocrx_word' id='word_1_617' title='bbox 2645 4547 2786 4599; x_wconf 87' lang='lat' dir='ltr'><strong>enim</strong></span> <span class='ocrx_word' id='word_1_618' title='bbox 2813 4560 2923 4610; x_wconf 83' lang='lat' dir='ltr'><strong>eos,</strong></span> <span class='ocrx_word' id='word_1_619' title='bbox 2950 4546 3040 4613; x_wconf 89' lang='lat' dir='ltr'><strong>qui</strong></span> <span class='ocrx_word' id='word_1_620' title='bbox 3074 4546 3362 4614; x_wconf 89' lang='lat' dir='ltr'><strong>plurimum</strong></span> 
     </span>
    </p>
   </div>
   <div class='ocr_carea' id='block_1_88' title="bbox 1785 4637 3365 4710">
    <p class='ocr_par' dir='ltr' id='par_1_88' title="bbox 1785 4637 3365 4710">
     <span class='ocr_line' id='line_1_89' title="bbox 1785 4637 3365 4710; baseline -0.004 -19"><span class='ocrx_word' id='word_1_621' title='bbox 1785 4649 2038 4710; x_wconf 76' lang='lat' dir='ltr'><strong>arrogent</strong></span> <span class='ocrx_word' id='word_1_622' title='bbox 2073 4639 2193 4700; x_wconf 86' lang='lat' dir='ltr'><strong>sibi,</strong></span> <span class='ocrx_word' id='word_1_623' title='bbox 2228 4640 2368 4706; x_wconf 85' lang='lat' dir='ltr'><strong>quod</strong></span> <span class='ocrx_word' id='word_1_624' title='bbox 2395 4637 2459 4690; x_wconf 82' lang='lat' dir='ltr'><strong>de</strong></span> <span class='ocrx_word' id='word_1_625' title='bbox 2497 4639 2581 4690; x_wconf 91' lang='lat' dir='ltr'><strong>his</strong></span> <span class='ocrx_word' id='word_1_626' title='bbox 2613 4638 2884 4690; x_wconf 85' lang='lat' dir='ltr'><strong>disserere</strong></span> <span class='ocrx_word' id='word_1_627' title='bbox 2912 4637 3114 4700; x_wconf 89' lang='lat' dir='ltr'><strong>norint,</strong></span> <span class='ocrx_word' id='word_1_628' title='bbox 3146 4639 3365 4689; x_wconf 74' lang='lat' dir='ltr'><strong>easdem</strong></span> 
     </span>
    </p>
   </div>
   <div class='ocr_carea' id='block_1_89' title="bbox 94 4727 1672 4798">
    <p class='ocr_par' dir='ltr' id='par_1_89' title="bbox 94 4727 1672 4798">
     <span class='ocr_line' id='line_1_90' title="bbox 94 4727 1672 4798; baseline 0.002 -18"><span class='ocrx_word' id='word_1_629' title='bbox 94 4727 384 4797; x_wconf 74' lang='grc' dir='ltr'>ἀλλήλοις,</span> <span class='ocrx_word' id='word_1_630' title='bbox 421 4727 557 4779; x_wconf 69' lang='grc' dir='ltr'>ἀλλὰ</span> <span class='ocrx_word' id='word_1_631' title='bbox 603 4731 713 4789; x_wconf 77' lang='grc' dir='ltr'>τοῖς</span> <span class='ocrx_word' id='word_1_632' title='bbox 763 4729 1110 4798; x_wconf 82' lang='grc' dir='ltr'>μαινομένοις</span> <span class='ocrx_word' id='word_1_633' title='bbox 1149 4730 1348 4798; x_wconf 80' lang='grc' dir='ltr'>ὁμοίως</span> <span class='ocrx_word' id='word_1_634' title='bbox 1375 4729 1672 4784; x_wconf 80' lang='grc' dir='ltr'>διακεῖσθαι</span> 
     </span>
    </p>
   </div>
   <div class='ocr_carea' id='block_1_90' title="bbox 1776 4727 3367 4798">
    <p class='ocr_par' dir='ltr' id='par_1_90' title="bbox 1791 4727 3367 4797">
     <span class='ocr_line' id='line_1_91' title="bbox 1791 4727 3367 4797; baseline -0.003 -14"><span class='ocrx_word' id='word_1_635' title='bbox 1791 4732 1929 4783; x_wconf 87' lang='lat' dir='ltr'><strong>inter</strong></span> <span class='ocrx_word' id='word_1_636' title='bbox 1973 4745 2031 4783; x_wconf 88' lang='lat' dir='ltr'><strong>se</strong></span> <span class='ocrx_word' id='word_1_637' title='bbox 2086 4729 2370 4797; x_wconf 78' lang='lat' dir='ltr'><strong>opiniones</strong></span> <span class='ocrx_word' id='word_1_638' title='bbox 2419 4728 2622 4791; x_wconf 73' lang='lat' dir='ltr'><strong>fovere,</strong></span> <span class='ocrx_word' id='word_1_639' title='bbox 2683 4730 2777 4780; x_wconf 88' lang='lat' dir='ltr'><strong>sed</strong></span> <span class='ocrx_word' id='word_1_640' title='bbox 2815 4727 3146 4781; x_wconf 78' lang='lat' dir='ltr'><strong>furiosorum</strong></span> <span class='ocrx_word' id='word_1_641' title='bbox 3193 4730 3367 4780; x_wconf 79' lang='lat' dir='ltr'><strong>instar</strong></span> 
     </span>
    </p>
   </div>
   <div class='ocr_carea' id='block_1_91' title="bbox 99 4815 1678 4892">
    <p class='ocr_par' dir='ltr' id='par_1_91' title="bbox 99 4815 1678 4892">
     <span class='ocr_line' id='line_1_92' title="bbox 99 4815 1678 4892; baseline 0.004 -25"><span class='ocrx_word' id='word_1_642' title='bbox 99 4817 237 4886; x_wconf 63' lang='grc' dir='ltr'>πρὸς</span> <span class='ocrx_word' id='word_1_643' title='bbox 281 4817 566 4884; x_wconf 75' lang='grc' dir='ltr'>ἀλλήλους.</span> <span class='ocrx_word' id='word_1_644' title='bbox 603 4836 620 4868; x_wconf 82' lang='grc' dir='ltr'><strong>ι</strong></span> <span class='ocrx_word' id='word_1_645' title='bbox 657 4818 840 4870; x_wconf 76' lang='grc' dir='ltr'>Ταῦτα</span> <span class='ocrx_word' id='word_1_646' title='bbox 872 4819 969 4888; x_wconf 81' lang='grc' dir='ltr'>μὲν</span> <span class='ocrx_word' id='word_1_647' title='bbox 1013 4815 1104 4871; x_wconf 80' lang='grc' dir='ltr'>οὖν</span> <span class='ocrx_word' id='word_1_648' title='bbox 1135 4817 1382 4886; x_wconf 65' lang='grc' dir='ltr'>Ξενοφῶν</span> <span class='ocrx_word' id='word_1_649' title='bbox 1411 4820 1678 4892; x_wconf 55' lang='grc' dir='ltr'>ἔγραψεν</span> 
     </span>
    </p>
   </div>
   <div class='ocr_carea' id='block_1_92' title="bbox 96 4908 1678 4983">
    <p class='ocr_par' dir='ltr' id='par_1_92' title="bbox 96 4908 1678 4983">
     <span class='ocr_line' id='line_1_93' title="bbox 96 4908 1678 4983; baseline 0 -22"><span class='ocrx_word' id='word_1_650' title='bbox 96 4911 191 4961; x_wconf 76' lang='grc' dir='ltr'>καὶ</span> <span class='ocrx_word' id='word_1_651' title='bbox 233 4909 457 4960; x_wconf 70' lang='grc' dir='ltr'>Πλάτων</span> <span class='ocrx_word' id='word_1_652' title='bbox 479 4908 534 4960; x_wconf 75' lang='grc' dir='ltr'><strong>δὲ</strong></span> <span class='ocrx_word' id='word_1_653' title='bbox 563 4911 590 4960; x_wconf 93' lang='lat'><strong>6</strong></span> <span class='ocrx_word' id='word_1_654' title='bbox 619 4908 727 4961; x_wconf 88' lang='grc' dir='ltr'><strong>τῶν</strong></span> <span class='ocrx_word' id='word_1_655' title='bbox 754 4909 928 4962; x_wconf 81' lang='grc' dir='ltr'>ἄλλων</span> <span class='ocrx_word' id='word_1_656' title='bbox 950 4910 1207 4963; x_wconf 82' lang='grc' dir='ltr'>ἁπάντων</span> <span class='ocrx_word' id='word_1_657' title='bbox 1230 4911 1678 4983; x_wconf 73' lang='grc' dir='ltr'>ἐλλογιμώτερος,</span> 
     </span>
    </p>
   </div>
   <div class='ocr_carea' id='block_1_93' title="bbox 97 4997 1682 5073">
    <p class='ocr_par' dir='ltr' id='par_1_93' title="bbox 97 4997 1682 5073">
     <span class='ocr_line' id='line_1_94' title="bbox 97 4997 1682 5073; baseline 0.004 -24"><span class='ocrx_word' id='word_1_658' title='bbox 97 4999 194 5049; x_wconf 74' lang='grc' dir='ltr'>καὶ</span> <span class='ocrx_word' id='word_1_659' title='bbox 224 4997 461 5065; x_wconf 76' lang='grc' dir='ltr'>μάλιστα</span> <span class='ocrx_word' id='word_1_660' title='bbox 496 4998 713 5051; x_wconf 73' lang='grc' dir='ltr'>πάντων</span> <span class='ocrx_word' id='word_1_661' title='bbox 747 5001 836 5052; x_wconf 73' lang='grc' dir='ltr'><strong>τὸν</strong></span> <span class='ocrx_word' id='word_1_662' title='bbox 861 5001 1156 5073; x_wconf 78' lang='grc' dir='ltr'>Σωκράτην</span> <span class='ocrx_word' id='word_1_663' title='bbox 1189 5002 1550 5072; x_wconf 78' lang='grc' dir='ltr'>ἐπιστάμενος</span> <span class='ocrx_word' id='word_1_664' title='bbox 1570 5045 1583 5068; x_wconf 92' lang='grc'><strong>,</strong></span> <span class='ocrx_word' id='word_1_665' title='bbox 1616 5004 1682 5056; x_wconf 71' lang='grc' dir='ltr'><strong>τὰ</strong></span> 
     </span>
    </p>
   </div>
   <div class='ocr_carea' id='block_1_94' title="bbox 91 5087 1681 5164">
    <p class='ocr_par' dir='ltr' id='par_1_94' title="bbox 91 5087 1681 5164">
     <span class='ocr_line' id='line_1_95' title="bbox 91 5087 1681 5164; baseline 0.003 -22"><span class='ocrx_word' id='word_1_666' title='bbox 91 5089 237 5142; x_wconf 73' lang='grc' dir='ltr'>αὐτὰ</span> <span class='ocrx_word' id='word_1_667' title='bbox 269 5087 346 5157; x_wconf 82' lang='grc' dir='ltr'>τῷ</span> <span class='ocrx_word' id='word_1_668' title='bbox 390 5088 692 5156; x_wconf 80' lang='grc' dir='ltr'>Ξενοφῶντι</span> <span class='ocrx_word' id='word_1_669' title='bbox 731 5090 818 5143; x_wconf 80' lang='grc' dir='ltr'><strong>διὰ</strong></span> <span class='ocrx_word' id='word_1_670' title='bbox 862 5093 1078 5145; x_wconf 81' lang='grc' dir='ltr'>πάντων</span> <span class='ocrx_word' id='word_1_671' title='bbox 1117 5092 1310 5146; x_wconf 81' lang='grc' dir='ltr'>ἑαυτοῦ</span> <span class='ocrx_word' id='word_1_672' title='bbox 1344 5094 1530 5164; x_wconf 87' lang='grc' dir='ltr'>σχεδὸν</span> <span class='ocrx_word' id='word_1_673' title='bbox 1572 5095 1681 5147; x_wconf 90' lang='grc' dir='ltr'><strong>τῶν</strong></span> 
     </span>
    </p>
   </div>
   <div class='ocr_carea' id='block_1_95' title="bbox 92 5179 1681 5257">
    <p class='ocr_par' dir='ltr' id='par_1_95' title="bbox 92 5179 1681 5257">
     <span class='ocr_line' id='line_1_96' title="bbox 92 5179 1681 5257; baseline 0.006 -25"><span class='ocrx_word' id='word_1_674' title='bbox 92 5179 362 5248; x_wconf 75' lang='grc' dir='ltr'>διαλόγων</span> <span class='ocrx_word' id='word_1_675' title='bbox 406 5181 828 5236; x_wconf 83' lang='grc' dir='ltr'>κατεσκεύασεν.</span> <span class='ocrx_word' id='word_1_676' title='bbox 858 5184 920 5236; x_wconf 86' lang='grc' dir='ltr'><strong>Εἰ</strong></span> <span class='ocrx_word' id='word_1_677' title='bbox 946 5187 1126 5238; x_wconf 82' lang='grc' dir='ltr'>τοίνυν</span> <span class='ocrx_word' id='word_1_678' title='bbox 1155 5189 1408 5249; x_wconf 76' lang='grc' dir='ltr'>κάκεῖνος</span> <span class='ocrx_word' id='word_1_679' title='bbox 1431 5229 1444 5252; x_wconf 92' lang='grc'><strong>,</strong></span> <span class='ocrx_word' id='word_1_680' title='bbox 1483 5188 1681 5257; x_wconf 81' lang='grc' dir='ltr'>μᾶλλον</span> 
     </span>
    </p>
   </div>
   <div class='ocr_carea' id='block_1_96' title="bbox 91 5273 1678 5350">
    <p class='ocr_par' dir='ltr' id='par_1_96' title="bbox 91 5273 1678 5350">
     <span class='ocr_line' id='line_1_97' title="bbox 91 5273 1678 5350; baseline 0.004 -26"><span class='ocrx_word' id='word_1_681' title='bbox 91 5273 151 5325; x_wconf 78' lang='grc' dir='ltr'><strong>δὲ</strong></span> <span class='ocrx_word' id='word_1_682' title='bbox 185 5273 446 5336; x_wconf 71' lang='grc' dir='ltr'>κάκεῖνοι,</span> <span class='ocrx_word' id='word_1_683' title='bbox 473 5273 567 5326; x_wconf 73' lang='grc' dir='ltr'>καὶ</span> <span class='ocrx_word' id='word_1_684' title='bbox 584 5274 929 5345; x_wconf 82' lang='grc' dir='ltr'>ἐπετήδευον,</span> <span class='ocrx_word' id='word_1_685' title='bbox 950 5277 1042 5329; x_wconf 80' lang='grc' dir='ltr'>καὶ</span> <span class='ocrx_word' id='word_1_686' title='bbox 1071 5277 1277 5345; x_wconf 76' lang='grc' dir='ltr'>ἔλεγον,</span> <span class='ocrx_word' id='word_1_687' title='bbox 1298 5279 1392 5330; x_wconf 76' lang='grc' dir='ltr'>καὶ</span> <span class='ocrx_word' id='word_1_688' title='bbox 1419 5279 1678 5350; x_wconf 73' lang='grc' dir='ltr'>ἔγραφον,</span> 
     </span>
    </p>
   </div>
   <div class='ocr_carea' id='block_1_97' title="bbox 171 5423 701 5492">
    <p class='ocr_par' dir='ltr' id='par_1_97' title="bbox 171 5423 701 5492">
     <span class='ocr_line' id='line_1_98' title="bbox 171 5423 701 5492; baseline 0.006 -15"><span class='ocrx_word' id='word_1_689' title='bbox 171 5424 218 5455; x_wconf 74' lang='grc'>⁸⁸</span> <span class='ocrx_word' id='word_1_690' title='bbox 248 5423 437 5479; x_wconf 71' lang='lat' dir='ltr'><strong>Matth.</strong></span> <span class='ocrx_word' id='word_1_691' title='bbox 465 5443 586 5492; x_wconf 64' lang='lat' dir='ltr'><strong>XIV,</strong></span> <span class='ocrx_word' id='word_1_692' title='bbox 613 5428 701 5480; x_wconf 66' lang='grc' dir='ltr'><strong>Ξῖ.</strong></span> 
     </span>
    </p>
   </div>
   <div class='ocr_carea' id='block_1_98' title="bbox 1787 4816 3362 4885">
    <p class='ocr_par' dir='ltr' id='par_1_98' title="bbox 1787 4816 3362 4885">
     <span class='ocr_line' id='line_1_99' title="bbox 1787 4816 3362 4885; baseline -0.001 -14"><span class='ocrx_word' id='word_1_693' title='bbox 1787 4821 1926 4872; x_wconf 87' lang='lat' dir='ltr'><strong>inter</strong></span> <span class='ocrx_word' id='word_1_694' title='bbox 1952 4834 2010 4872; x_wconf 89' lang='lat' dir='ltr'><strong>se</strong></span> <span class='ocrx_word' id='word_1_695' title='bbox 2037 4827 2378 4884; x_wconf 84' lang='lat' dir='ltr'><strong>comparatos</strong></span> <span class='ocrx_word' id='word_1_696' title='bbox 2410 4832 2582 4870; x_wconf 66' lang='lat' dir='ltr'><strong>esse.)</strong></span> <span class='ocrx_word' id='word_1_697' title='bbox 2612 4817 2675 4869; x_wconf 85' lang='lat' dir='ltr'><strong>Et</strong></span> <span class='ocrx_word' id='word_1_698' title='bbox 2705 4816 3362 4885; x_wconf 73' lang='lat' dir='ltr'><strong>hmcqnidemXenophon</strong></span> 
     </span>
    </p>
   </div>
   <div class='ocr_carea' id='block_1_99' title="bbox 1785 4891 3363 4978">
    <p class='ocr_par' dir='ltr' id='par_1_99' title="bbox 1785 4891 3363 4978">
     <span class='ocr_line' id='line_1_100' title="bbox 1785 4891 3363 4978; baseline -0.001 -16"><span class='ocrx_word' id='word_1_699' title='bbox 1785 4891 1987 4978; x_wconf 85' lang='lat' dir='ltr'><strong>scripta</strong></span> <span class='ocrx_word' id='word_1_700' title='bbox 2046 4909 2284 4978; x_wconf 88' lang='lat' dir='ltr'><strong>reliquit.</strong></span> <span class='ocrx_word' id='word_1_701' title='bbox 2337 4907 2491 4961; x_wconf 79' lang='lat' dir='ltr'><strong>Plato</strong></span> <span class='ocrx_word' id='word_1_702' title='bbox 2548 4922 2765 4976; x_wconf 90' lang='lat' dir='ltr'><strong>quoque</strong></span> <span class='ocrx_word' id='word_1_703' title='bbox 2830 4908 3050 4962; x_wconf 67' lang='lat' dir='ltr'><strong>caeteris</strong></span> <span class='ocrx_word' id='word_1_704' title='bbox 3110 4909 3363 4961; x_wconf 79' lang='lat' dir='ltr'><strong>omnibus</strong></span> 
     </span>
    </p>
   </div>
   <div class='ocr_carea' id='block_1_100' title="bbox 1788 5000 3369 5069">
    <p class='ocr_par' dir='ltr' id='par_1_100' title="bbox 1788 5000 3369 5069">
     <span class='ocr_line' id='line_1_101' title="bbox 1788 5000 3369 5069; baseline -0.003 -14"><span class='ocrx_word' id='word_1_705' title='bbox 1788 5003 1966 5067; x_wconf 82' lang='lat' dir='ltr'><strong>magis</strong></span> <span class='ocrx_word' id='word_1_706' title='bbox 2041 5002 2274 5054; x_wconf 86' lang='lat' dir='ltr'><strong>disertus</strong></span> <span class='ocrx_word' id='word_1_707' title='bbox 2341 5002 2393 5054; x_wconf 93' lang='lat' dir='ltr'><strong>in</strong></span> <span class='ocrx_word' id='word_1_708' title='bbox 2456 5002 2709 5054; x_wconf 88' lang='lat' dir='ltr'><strong>omnibus</strong></span> <span class='ocrx_word' id='word_1_709' title='bbox 2766 5015 2903 5068; x_wconf 87' lang='lat' dir='ltr'><strong>pene</strong></span> <span class='ocrx_word' id='word_1_710' title='bbox 2960 5000 3189 5069; x_wconf 76' lang='lat' dir='ltr'><strong>dialogis</strong></span> <span class='ocrx_word' id='word_1_711' title='bbox 3228 5001 3369 5054; x_wconf 85' lang='lat' dir='ltr'><strong>idem</strong></span> 
     </span>
    </p>
   </div>
   <div class='ocr_carea' id='block_1_101' title="bbox 1792 5092 3367 5161">
    <p class='ocr_par' dir='ltr' id='par_1_101' title="bbox 1792 5092 3367 5161">
     <span class='ocr_line' id='line_1_102' title="bbox 1792 5092 3367 5161; baseline -0.001 -14"><span class='ocrx_word' id='word_1_712' title='bbox 1792 5094 2029 5147; x_wconf 87' lang='lat' dir='ltr'><strong>tradidit.</strong></span> <span class='ocrx_word' id='word_1_713' title='bbox 2052 5092 2219 5161; x_wconf 82' lang='lat' dir='ltr'><strong>Igitur</strong></span> <span class='ocrx_word' id='word_1_714' title='bbox 2257 5092 2300 5146; x_wconf 88' lang='lat' dir='ltr'><strong>si</strong></span> <span class='ocrx_word' id='word_1_715' title='bbox 2345 5093 2446 5145; x_wconf 85' lang='lat' dir='ltr'><strong>iste</strong></span> <span class='ocrx_word' id='word_1_716' title='bbox 2495 5092 2578 5145; x_wconf 83' lang='lat' dir='ltr'><strong>vel</strong></span> <span class='ocrx_word' id='word_1_717' title='bbox 2625 5092 2697 5144; x_wconf 90' lang='lat' dir='ltr'><strong>illi</strong></span> <span class='ocrx_word' id='word_1_718' title='bbox 2739 5093 2920 5160; x_wconf 86' lang='lat' dir='ltr'><strong>potius</strong></span> <span class='ocrx_word' id='word_1_719' title='bbox 2964 5104 3017 5146; x_wconf 89' lang='lat' dir='ltr'><strong>et</strong></span> <span class='ocrx_word' id='word_1_720' title='bbox 3063 5098 3367 5146; x_wconf 75' lang='lat' dir='ltr'><strong>statuerunt</strong></span> 
     </span>
    </p>
   </div>
   <div class='ocr_carea' id='block_1_102' title="bbox 1789 5184 3371 5250">
    <p class='ocr_par' dir='ltr' id='par_1_102' title="bbox 1789 5184 3371 5250">
     <span class='ocr_line' id='line_1_103' title="bbox 1789 5184 3371 5250; baseline -0.002 -13"><span class='ocrx_word' id='word_1_721' title='bbox 1789 5192 1843 5237; x_wconf 90' lang='lat' dir='ltr'><strong>et</strong></span> <span class='ocrx_word' id='word_1_722' title='bbox 1893 5185 2183 5245; x_wconf 79' lang='lat' dir='ltr'><strong>dixerunt,</strong></span> <span class='ocrx_word' id='word_1_723' title='bbox 2234 5184 2682 5250; x_wconf 89' lang='lat' dir='ltr'><strong>seripseruntque</strong></span> <span class='ocrx_word' id='word_1_724' title='bbox 2750 5185 3006 5237; x_wconf 88' lang='lat' dir='ltr'><strong>virtutem</strong></span> <span class='ocrx_word' id='word_1_725' title='bbox 3059 5184 3113 5236; x_wconf 91' lang='lat' dir='ltr'><strong>in</strong></span> <span class='ocrx_word' id='word_1_726' title='bbox 3155 5185 3371 5236; x_wconf 86' lang='lat' dir='ltr'><strong>actione</strong></span> 
     </span>
    </p>
   </div>
   <div class='ocr_carea' id='block_1_103' title="bbox 1790 5272 3369 5346">
    <p class='ocr_par' dir='ltr' id='par_1_103' title="bbox 1790 5272 3369 5346">
     <span class='ocr_line' id='line_1_104' title="bbox 1790 5272 3369 5346; baseline -0.004 -14"><span class='ocrx_word' id='word_1_727' title='bbox 1790 5277 2018 5346; x_wconf 81' lang='lat' dir='ltr'><strong>positam</strong></span> <span class='ocrx_word' id='word_1_728' title='bbox 2056 5278 2412 5332; x_wconf 79' lang='lat' dir='ltr'><strong>exercendam</strong></span> <span class='ocrx_word' id='word_1_729' title='bbox 2455 5289 2598 5330; x_wconf 82' lang='lat' dir='ltr'><strong>esse.</strong></span> <span class='ocrx_word' id='word_1_730' title='bbox 2625 5274 2743 5344; x_wconf 87' lang='lat' dir='ltr'><strong>Ipsa</strong></span> <span class='ocrx_word' id='word_1_731' title='bbox 2767 5276 2911 5330; x_wconf 88' lang='lat' dir='ltr'><strong>enim</strong></span> <span class='ocrx_word' id='word_1_732' title='bbox 2941 5318 2955 5342; x_wconf 83' lang='lat'><strong>,</strong></span> <span class='ocrx_word' id='word_1_733' title='bbox 2987 5284 3044 5329; x_wconf 89' lang='lat' dir='ltr'><strong>ut</strong></span> <span class='ocrx_word' id='word_1_734' title='bbox 3081 5282 3136 5329; x_wconf 88' lang='lat' dir='ltr'><strong>et</strong></span> <span class='ocrx_word' id='word_1_735' title='bbox 3155 5272 3369 5329; x_wconf 70' lang='lat' dir='ltr'><strong>PlatOni</strong></span> 
     </span>
    </p>
   </div>
   <div class='ocr_carea' id='block_1_104' title="bbox 1214 5543 2260 5598">
    <p class='ocr_par' dir='ltr' id='par_1_104' title="bbox 1214 5543 2260 5598">
     <span class='ocr_line' id='line_1_105' title="bbox 1214 5543 2260 5598; baseline 0.002 -4"><span class='ocrx_word' id='word_1_736' title='bbox 1214 5543 1445 5596; x_wconf 66' lang='grc' dir='ltr'>νΑΙῖίᾹῖ</span> <span class='ocrx_word' id='word_1_737' title='bbox 1490 5543 1872 5598; x_wconf 70' lang='lat' dir='ltr'><strong>LECTIO&#39;NES</strong></span> <span class='ocrx_word' id='word_1_738' title='bbox 1915 5544 1999 5595; x_wconf 65' lang='lat' dir='ltr'><strong>lCT</strong></span> <span class='ocrx_word' id='word_1_739' title='bbox 2032 5546 2260 5598; x_wconf 51' lang='grc' dir='ltr'><strong>ΝΟΤΈ.</strong></span> 
     </span>
    </p>
   </div>
   <div class='ocr_carea' id='block_1_105' title="bbox 180 5696 1684 5767">
    <p class='ocr_par' dir='ltr' id='par_1_105' title="bbox 180 5696 1684 5767">
     <span class='ocr_line' id='line_1_106' title="bbox 180 5696 1684 5767; baseline 0 -18"><span class='ocrx_word' id='word_1_740' title='bbox 180 5697 294 5767; x_wconf 52' lang='lat' dir='ltr'><strong>(ll-‘2)</strong></span> <span class='ocrx_word' id='word_1_741' title='bbox 328 5696 440 5767; x_wconf 71' lang='lat' dir='ltr'><strong>Lib.</strong></span> <span class='ocrx_word' id='word_1_742' title='bbox 481 5696 550 5748; x_wconf 79' lang='lat' dir='ltr'><strong>De</strong></span> <span class='ocrx_word' id='word_1_743' title='bbox 586 5699 736 5748; x_wconf 76' lang='lat' dir='ltr'><strong>(lictis</strong></span> <span class='ocrx_word' id='word_1_744' title='bbox 779 5706 826 5747; x_wconf 60' lang='lat' dir='ltr'><strong>et</strong></span> <span class='ocrx_word' id='word_1_745' title='bbox 874 5696 1028 5762; x_wconf 69' lang='lat' dir='ltr'><strong>furtis</strong></span> <span class='ocrx_word' id='word_1_746' title='bbox 1081 5697 1342 5759; x_wconf 70' lang='lat' dir='ltr'><strong>Socratis,</strong></span> <span class='ocrx_word' id='word_1_747' title='bbox 1397 5701 1512 5749; x_wconf 86' lang='lat' dir='ltr'><strong>init.</strong></span> <span class='ocrx_word' id='word_1_748' title='bbox 1545 5699 1684 5751; x_wconf 65' lang='lat' dir='ltr'><strong>Tt&#39;:l«</strong></span> 
     </span>
    </p>
   </div>
   <div class='ocr_carea' id='block_1_106' title="bbox 102 5766 1686 5831">
    <p class='ocr_par' dir='ltr' id='par_1_106' title="bbox 102 5766 1686 5831">
     <span class='ocr_line' id='line_1_107' title="bbox 102 5766 1686 5831; baseline -0.002 -9"><span class='ocrx_word' id='word_1_749' title='bbox 102 5766 316 5822; x_wconf 59' lang='lat' dir='ltr'><strong>tlitlit‘ct</strong></span> <span class='ocrx_word' id='word_1_750' title='bbox 340 5766 532 5820; x_wconf 84' lang='lat' dir='ltr'><strong>Cicero</strong></span> <span class='ocrx_word' id='word_1_751' title='bbox 565 5770 627 5818; x_wconf 80' lang='lat' dir='ltr'><strong>de</strong></span> <span class='ocrx_word' id='word_1_752' title='bbox 661 5770 812 5820; x_wconf 64' lang='lat' dir='ltr'><strong>Sorr.</strong></span> <span class='ocrx_word' id='word_1_753' title='bbox 856 5767 1248 5831; x_wconf 61' lang='lat' dir='ltr'><strong>philostmhiam</strong></span> <span class='ocrx_word' id='word_1_754' title='bbox 1279 5785 1307 5818; x_wconf 83' lang='lat' dir='ltr'><strong>c</strong></span> <span class='ocrx_word' id='word_1_755' title='bbox 1336 5770 1471 5818; x_wconf 71' lang='lat' dir='ltr'><strong>t‘mlt)</strong></span> <span class='ocrx_word' id='word_1_756' title='bbox 1503 5770 1552 5819; x_wconf 93' lang='lat' dir='ltr'><strong>in</strong></span> <span class='ocrx_word' id='word_1_757' title='bbox 1584 5779 1686 5820; x_wconf 79' lang='lat' dir='ltr'><strong>ter-</strong></span> 
     </span>
    </p>
   </div>
   <div class='ocr_carea' id='block_1_107' title="bbox 105 5836 1681 5902">
    <p class='ocr_par' dir='ltr' id='par_1_107' title="bbox 105 5836 1681 5902">
     <span class='ocr_line' id='line_1_108' title="bbox 105 5836 1681 5902; baseline -0.002 -10"><span class='ocrx_word' id='word_1_758' title='bbox 105 5857 198 5892; x_wconf 73' lang='lat' dir='ltr'><strong>ras</strong></span> <span class='ocrx_word' id='word_1_759' title='bbox 243 5841 535 5902; x_wconf 73' lang='lat' dir='ltr'><strong>(lentusque</strong></span> <span class='ocrx_word' id='word_1_760' title='bbox 582 5852 880 5889; x_wconf 65' lang='lat' dir='ltr'><strong>revocasse.</strong></span> <span class='ocrx_word' id='word_1_761' title='bbox 931 5836 1141 5888; x_wconf 76' lang='lat' dir='ltr'><strong>Tuscul.</strong></span> <span class='ocrx_word' id='word_1_762' title='bbox 1204 5837 1293 5888; x_wconf 87' lang='lat' dir='ltr'><strong>lih.</strong></span> <span class='ocrx_word' id='word_1_763' title='bbox 1341 5853 1390 5898; x_wconf 80' lang='grc' dir='ltr'>ι’,</span> <span class='ocrx_word' id='word_1_764' title='bbox 1435 5841 1681 5890; x_wconf 65' lang='grc' dir='ltr'>Λεαιίθειι.</span> 
     </span>
    </p>
   </div>
   <div class='ocr_carea' id='block_1_108' title="bbox 106 5905 1686 5972">
    <p class='ocr_par' dir='ltr' id='par_1_108' title="bbox 106 5905 1686 5972">
     <span class='ocr_line' id='line_1_109' title="bbox 106 5905 1686 5972; baseline -0.005 -10"><span class='ocrx_word' id='word_1_765' title='bbox 106 5910 201 5962; x_wconf 79' lang='lat' dir='ltr'><strong>lib.</strong></span> <span class='ocrx_word' id='word_1_766' title='bbox 243 5923 282 5965; x_wconf 87' lang='grc' dir='ltr'><strong>ι,</strong></span> <span class='ocrx_word' id='word_1_767' title='bbox 309 5917 360 5958; x_wconf 87' lang='lat' dir='ltr'><strong>el</strong></span> <span class='ocrx_word' id='word_1_768' title='bbox 403 5922 414 5956; x_wconf 93' lang='grc' dir='ltr'><strong>ι</strong></span> <span class='ocrx_word' id='word_1_769' title='bbox 455 5907 546 5957; x_wconf 78' lang='lat' dir='ltr'><strong>lib.</strong></span> <span class='ocrx_word' id='word_1_770' title='bbox 587 5906 660 5958; x_wconf 67' lang='lat' dir='ltr'><strong>Ife</strong></span> <span class='ocrx_word' id='word_1_771' title='bbox 712 5920 822 5957; x_wconf 82' lang='lat' dir='ltr'><strong>nul.</strong></span> <span class='ocrx_word' id='word_1_772' title='bbox 882 5909 1117 5959; x_wconf 74' lang='lat' dir='ltr'><strong>deorum.</strong></span> <span class='ocrx_word' id='word_1_773' title='bbox 1171 5905 1544 5972; x_wconf 77' lang='lat' dir='ltr'><strong>XenophOntis</strong></span> <span class='ocrx_word' id='word_1_774' title='bbox 1591 5926 1686 5957; x_wconf 71' lang='grc' dir='ltr'>τιτι-</span> 
     </span>
    </p>
   </div>
   <div class='ocr_carea' id='block_1_109' title="bbox 108 5974 1684 6039">
    <p class='ocr_par' dir='ltr' id='par_1_109' title="bbox 108 5974 1684 6039">
     <span class='ocr_line' id='line_1_110' title="bbox 108 5974 1684 6039; baseline 0 -10"><span class='ocrx_word' id='word_1_775' title='bbox 108 5991 213 6030; x_wconf 68' lang='lat' dir='ltr'><strong>tein</strong></span> <span class='ocrx_word' id='word_1_776' title='bbox 244 5987 298 6029; x_wconf 83' lang='lat' dir='ltr'><strong>ct</strong></span> <span class='ocrx_word' id='word_1_777' title='bbox 330 5974 587 6036; x_wconf 82' lang='lat' dir='ltr'><strong>Platonis,</strong></span> <span class='ocrx_word' id='word_1_778' title='bbox 636 5976 873 6029; x_wconf 69' lang='lat' dir='ltr'><strong>Socratis</strong></span> <span class='ocrx_word' id='word_1_779' title='bbox 903 5977 1230 6038; x_wconf 77' lang='lat' dir='ltr'><strong>auditorum,</strong></span> <span class='ocrx_word' id='word_1_780' title='bbox 1269 5992 1335 6029; x_wconf 85' lang='lat' dir='ltr'><strong>au</strong></span> <span class='ocrx_word' id='word_1_781' title='bbox 1383 5977 1559 6039; x_wconf 76' lang='lat' dir='ltr'><strong>aliqua</strong></span> <span class='ocrx_word' id='word_1_782' title='bbox 1613 5979 1684 6029; x_wconf 57' lang='lat' dir='ltr'><strong>‘~i-</strong></span> 
     </span>
    </p>
   </div>
   <div class='ocr_carea' id='block_1_110' title="bbox 1788 5695 3370 5769">
    <p class='ocr_par' dir='ltr' id='par_1_110' title="bbox 1788 5695 3370 5769">
     <span class='ocr_line' id='line_1_111' title="bbox 1788 5695 3370 5769; baseline -0.002 -19"><span class='ocrx_word' id='word_1_783' title='bbox 1788 5702 1982 5751; x_wconf 80' lang='lat' dir='ltr'><strong>inultus</strong></span> <span class='ocrx_word' id='word_1_784' title='bbox 2019 5701 2198 5761; x_wconf 85' lang='lat' dir='ltr'><strong>fuerit,</strong></span> <span class='ocrx_word' id='word_1_785' title='bbox 2238 5700 2477 5764; x_wconf 68' lang='lat' dir='ltr'><strong>disputat</strong></span> <span class='ocrx_word' id='word_1_786' title='bbox 2510 5698 2749 5769; x_wconf 77' lang='lat' dir='ltr'><strong>Agellins</strong></span> <span class='ocrx_word' id='word_1_787' title='bbox 2781 5698 2850 5749; x_wconf 86' lang='lat' dir='ltr'><strong>lib</strong></span> <span class='ocrx_word' id='word_1_788' title='bbox 2889 5712 2974 5749; x_wconf 77' lang='lat' dir='ltr'><strong>xw</strong></span> <span class='ocrx_word' id='word_1_789' title='bbox 3004 5695 3370 5769; x_wconf 71' lang='lat' dir='ltr'><strong>Noct.__Atzic.,</strong></span> 
     </span>
    </p>
   </div>
   <div class='ocr_carea' id='block_1_111' title="bbox 1787 5765 3370 5834">
    <p class='ocr_par' dir='ltr' id='par_1_111' title="bbox 1787 5765 3370 5834">
     <span class='ocr_line' id='line_1_112' title="bbox 1787 5765 3370 5834; baseline -0.001 -14"><span class='ocrx_word' id='word_1_790' title='bbox 1787 5771 2005 5834; x_wconf 73' lang='lat' dir='ltr'><strong>C:tp.-5;</strong></span> <span class='ocrx_word' id='word_1_791' title='bbox 2043 5769 2135 5822; x_wconf 79' lang='lat' dir='ltr'><strong>sed</strong></span> <span class='ocrx_word' id='word_1_792' title='bbox 2169 5770 2362 5821; x_wconf 36' lang='lat' dir='ltr'><strong>I‘Ci-Ciitl</strong></span> <span class='ocrx_word' id='word_1_793' title='bbox 2407 5769 2473 5821; x_wconf 79' lang='grc' dir='ltr'>Μ.</span> <span class='ocrx_word' id='word_1_794' title='bbox 2508 5765 2632 5820; x_wconf 70' lang='lat' dir='ltr'><strong>Aul.</strong></span> <span class='ocrx_word' id='word_1_795' title='bbox 2679 5767 2921 5820; x_wconf 83' lang='lat' dir='ltr'><strong>Muretus</strong></span> <span class='ocrx_word' id='word_1_796' title='bbox 2969 5769 3059 5820; x_wconf 79' lang='lat' dir='ltr'><strong>lib.</strong></span> <span class='ocrx_word' id='word_1_797' title='bbox 3092 5782 3119 5816; x_wconf 90' lang='lat' dir='ltr'><strong>v</strong></span> <span class='ocrx_word' id='word_1_798' title='bbox 3160 5765 3370 5820; x_wconf 51' lang='grc' dir='ltr'>λυγέαν.</span> 
     </span>
    </p>
   </div>
   <div class='ocr_carea' id='block_1_112' title="bbox 1786 5836 3374 5905">
    <p class='ocr_par' dir='ltr' id='par_1_112' title="bbox 1786 5836 3374 5905">
     <span class='ocr_line' id='line_1_113' title="bbox 1786 5836 3374 5905; baseline -0.002 -14"><span class='ocrx_word' id='word_1_799' title='bbox 1786 5840 1926 5904; x_wconf 81' lang='lat' dir='ltr'><strong>IecI.,</strong></span> <span class='ocrx_word' id='word_1_800' title='bbox 1958 5855 2076 5905; x_wconf 82' lang='lat' dir='ltr'><strong>cap.</strong></span> <span class='ocrx_word' id='word_1_801' title='bbox 2123 5839 2206 5903; x_wconf 75' lang='grc' dir='ltr'>Μ,</span> <span class='ocrx_word' id='word_1_802' title='bbox 2248 5850 2300 5890; x_wconf 79' lang='lat' dir='ltr'><strong>et</strong></span> <span class='ocrx_word' id='word_1_803' title='bbox 2328 5839 2619 5891; x_wconf 64' lang='lat' dir='ltr'><strong>Athenaeus</strong></span> <span class='ocrx_word' id='word_1_804' title='bbox 2669 5836 2762 5890; x_wconf 82' lang='lat' dir='ltr'><strong>lib.</strong></span> <span class='ocrx_word' id='word_1_805' title='bbox 2801 5838 3087 5892; x_wconf 85' lang='lat' dir='ltr'><strong>undecimo</strong></span> <span class='ocrx_word' id='word_1_806' title='bbox 3128 5838 3374 5889; x_wconf 69' lang='grc' dir='ltr'>Δειπνοι</span> 
     </span>
    </p>
   </div>
   <div class='ocr_carea' id='block_1_113' title="bbox 1787 5907 2924 5976">
    <p class='ocr_par' dir='ltr' id='par_1_113' title="bbox 1787 5907 2924 5976">
     <span class='ocr_line' id='line_1_114' title="bbox 1787 5907 2924 5976; baseline -0.002 -15"><span class='ocrx_word' id='word_1_807' title='bbox 1787 5925 1929 5976; x_wconf 66' lang='grc' dir='ltr'>σοφ.</span> <span class='ocrx_word' id='word_1_808' title='bbox 1962 5917 2015 5963; x_wconf 89' lang='lat' dir='ltr'><strong>ct</strong></span> <span class='ocrx_word' id='word_1_809' title='bbox 2043 5907 2293 5964; x_wconf 61' lang='lat' dir='ltr'><strong>Laertius</strong></span> <span class='ocrx_word' id='word_1_810' title='bbox 2329 5910 2378 5961; x_wconf 92' lang='lat' dir='ltr'><strong>iu</strong></span> <span class='ocrx_word' id='word_1_811' title='bbox 2411 5909 2654 5961; x_wconf 78' lang='lat' dir='ltr'><strong>Platone.</strong></span> <span class='ocrx_word' id='word_1_812' title='bbox 2688 5908 2924 5962; x_wconf 72' lang='lat' dir='ltr'><strong>Sc&#39;torr.</strong></span> 
     </span>
    </p>
   </div>
  </div>
