4122 6440
193 369 345 437 1457
1097 369 1499 428 EPISTOLAF

487 479 602 536 29'.
654 511 724 522 —
765 480 989 551 [terra
1036 477 1499 547 ZXOAAZTIKQ.

1097 360 1636 428 EPISTOLARUM
1672 360 1817 421 LIB.
1861 359 1928 418 ν.
1970 382 2039 393 -
2069 357 2306 418 EPIST.
2345 354 2568 415 CCXI].

3362 339 3500 409 1458

2136 467 2323 524 CCIX.
2363 498 2434 509 -—
2480 463 2709 522 PE’I‘RO
2749 457 3256 519 SCHOLASTICO.

1356 590 1478 644 Non
1513 598 1704 642 temere
1733 585 1797 638 de
1837 582 1946 636 alio
1979 581 2357 652 judicandum.

276 709 422 780 Ἐγὼ
461 709 524 764 οὐ
567 707 1060 780 καταψηφιοῦμαι,
1114 704 1238 760 οὔτε
1280 696 1777 769 καταποφανοῦμαι

184 801 409 871 ἀνδρὸς,
437 795 500 856 οὗ
533 803 670 873 μήτε
703 800 978 870 ἀκροατὴς
1011 797 1298 867 ἐγενόμην,
1329 794 1466 864 μήτε
1499 787 1783 857 δικαστής·

183 894 240 948 cl
282 894 343 946 δὲ
374 894 691 965 κρινόμενος
735 891 888 963 ἀλοίη
908 931 923 956 ,
954 891 1018 945 τὸ
1042 887 1359 962 τηνικαῦτα
1388 886 1422 955 ή
1453 883 1588 937 κατ’·
1609 874 1777 933 αὐτοῦ

182 985 605 1055 ἐξενεχθήσεται
645 984 853 1054 ψῆφος.⁴

475 1085 575 1148 ειν.
617 1123 688 1136 -
722 1094 973 1164 zmtha
1013 1089 1490 1162 ΠΡΕΣΒΥΤΕΡῼ.

1969 693 2230 762 Equidem
2293 709 2478 764 neque
2519 693 2844 750 sententiam
2898 690 3046 754 fero,
3098 703 3272 758 neque
3324 686 3491 758 622

1893 797 2081 842 contra
2111 789 2308 851 virum,
2329 803 2488 856 quem
2519 803 2621 840 non
2653 786 2940 846 audierim,
2978 782 3286 852 pronuntio,
3315 795 3490 847 neque

1890 879 2054 934 sedeo
2088 879 2205 948 ejus
2236 878 2423 946 jntlet.
2466 877 2522 933 Si
2559 894 2692 932 vero
2727 876 2995 932 sententia
3027 875 3129 925 lata
3161 873 3494 926 condemne-

1889 978 1998 1032 tttr,
2029 980 2217 1022 contra
2249 968 2398 1024 illum
2433 980 2560 1024 tunc
2586 967 2864 1036 judicium
2891 965 3118 1019 feretur.

2145 1081 2304 1137 CCX.
2346 1113 2415 1123 —
2452 1078 2708 1136 ZOSllIO
2743 1073 3228 1133 PRESBYTERO.

185 1187 465 1253 Quantum
486 1187 654 1240 scelus
671 1202 957 1254 pauperum
971 1187 1302 1240 intervenere
1318 1184 1690 1251 eleenwsynat,
1714 1183 1758 1228 et
1773 1186 1867 1242 per
1884 1170 2153 1229 luxuriam
2171 1193 2259 1231 eas
2286 1177 2593 1245 abligurire.
2619 1173 2856 1246 (Confer.
2877 1174 3028 1242 epist.
3047 1170 3169 1232 185,
3194 1170 3320 1234 ὅθι,
3341 1167 3488 1242 169.)

263 1293 333 1345 El’
368 1293 428 1346 οὐ
482 1292 663 1363 βούλει
701 1292 1030 1363 θεραπεύειν
1072 1311 1159 1357 τι,
1199 1293 1294 1346 καὶ
1335 1289 1629 1352 ἐπιτείνεις
1660 1285 1783 1341 ’τῶν

184 1386 442 1454 πενήτων
468 1383 535 1436 τὰ
575 1383 901 1454 τραύματα,
941 1384 992 1437 τί
1030 1387 1142 1448 τοῖς
1184 1383 1514 1454 μαχομένοις
1555 1379 1633 1448 τῷ
1652 1379 1782 1431 δυσ-

184 1474 504 1544 νουθετήτῳ
539 1475 633 1526 καὶ
670 1475 932 1544 δυσμάχῳ
956 1475 1052 1543 τῆς
1091 1473 1363 1544 πτωχείας
1409 1470 1584 1542 θηρίῳ
1621 1469 1784 1540 χαλε·

187 1563 440 1636 πώτερον
483 1565 912 1630 κατασκευάζεις
943 1565 1033 1618 τὸν
1076 1565 1297 1633 ἀγῶνα,
1341 1563 1433 1617 τὸν
1478 1563 1629 1632 παρὰ
1671 1559 1782 1613 τῶν

1958 1289 2014 1344 Si
2050 1289 2192 1344 ferre
2220 1287 2344 1342 aliis
2364 1301 2519 1355 opem
2552 1300 2658 1340 non
2677 1284 2781 1347 vis,
2811 1282 2941 1352 quin
2973 1280 3152 1348 potius
3177 1294 3479 1346 pauperum

1885 1386 2122 1454 adauges
2150 1382 2396 1444 vulnera,
2427 1378 2557 1448 quid
2589 1391 2709 1430 cum
2742 1374 2948 1445 ingenti
2977 1381 3139 1442 atque
3176 1379 3484 1439 expugnant

1891 1477 2088 1535 diﬂicili
2124 1474 2233 1528 fera
2260 1470 2605 1526 mendicitate
2635 1480 2868 1535 pugnam
2895 1462 3074 1517 reddis
3097 1461 3480 1522 difﬁciliorem,

1891 1571 2014 1626 dum
2048 1583 2166 1637 qua:
2200 1580 2228 1618 a
2265 1563 2378 1634 piis.
2397 1559 2706 1616 hominibus
2739 1558 2790 1610 in
2823 1555 3139 1609 alimoniam
3178 1567 3472 1620 pattpt‘t'ttttt

188 1654 506 1724 ὲλεημόνων
553 1657 734 1718 αὐτοῖς
775 1656 857 1717 είς
902 1654 1107 1726 τροφὴν
1170 1653 1544 1724 παρεχόμενον
1592 1651 1778 1722 ἔρανον

1891 1670 2015 1716 sunt
2056 1657 2238 1711 relicta
2263 1695 2277 1717 ,
2309 1667 2372 1706 ea
2421 1648 2769 1705 assumenda
2798 1655 2948 1699 tuum
3011 1644 3064 1696 in
3096 1642 3312 1711 epulum
3346 1657 3480 1694 con-

192 1745 687 1816 σφετεριζόμενος;
739 1747 802 1798 Τί
843 1747 907 1798 ἐκ
952 1743 1208 1798 τοιούτων
1257 1744 1464 1815 κερδῶν
1499 1744 1597 1814 τὴν
1647 1743 1778 1796 ἀκό·

1886 1750 2044 1817 “eis?
2081 1747 2220 1815 Quid
2250 1740 2514 1813 ejusmodi
2552 1737 2717 1792 lucris
2752 1733 3129 1803 inexplebilem
3165 1742 3312 1784 tnnm
3350 1747 3482 1783 ven-

193 1853 394 1906 ρεστον
447 1835 647 1889 σαυτοῦ
691 1836 983 1905 ἐμπιπλῶν
1024 1836 1301 1906 γαστέρα,
1339 1834 1592 1906 ’νομίζεις
1640 1836 1776 1889 ἀπο-

186 1927 416 1993 λαύειν;
449 1927 748 1997 Διάδλεψον
793 1928 987 1999 μικρὸν
1021 1927 1332 1995 ἀνενεγκὼν
1367 1929 1431 1980 ὲκ
1460 1927 1560 1996 τῆς
1591 1926 1777 1979 τοιαύ-

185 2034 292 2087 της
314 2015 722 2088 παραπληξίας.
768 2017 905 2070 Εἰπὲ
933 2019 1070 2087 πρὸς
1097 2015 1288 2070 ἑαυτόν
1313 2031 1330 2047 ·
1359 2018 1408 2070 εί
1440 2018 1469 2068 ό
1509 2017 1578 2070 τὰ
1603 2018 1778 2070 οίκεῐα

187 2107 271 2170 είς
315 2106 683 2176 ἐλεημοσύνην
730 2106 804 2178 μὴ
849 2107 1213 2177 ¹προϊέμενος,
1283 2108 1365 2169 είς
1403 2109 1495 2161 τὸν
1533 2108 1776 2176 ποταμὸν

189 2197 472 2268 πέμπεται
511 2197 606 2250 τοῦ
646 2198 818 2269 πυρὸς
842 2239 856 2260 ,
897 2197 1162 2268 ἀφόρηταῖ
1205 2197 1773 2267 βασανισθησόμενος·

187 2289 219 2338 ὁ
258 2285 353 2338 καὶ
384 2284 451 2337 τά
479 2286 588 2339 τῶν
627 2288 875 2355 πενήτων
908 2287 1364 2356 ίδιοποιούμενος,
1395 2288 1448 2340 τί
1489 2288 1773 2354 πείσεται;

191 2376 255 2427 Ei
284 2377 312 2427 ό
335 2375 401 2427 τὰ
438 2375 632 2430 ἑαυτοῦ
663 2375 738 2446 μὴ
761 2376 938 2441 διδοὺς
981 2379 1042 2432 οὺ
1080 2379 1563 2450 συγγνωσθήσεται
1587 2419 1600 2441 ,
1633 2381 1661 2432 ὁ
1685 2379 1778 2432 καὶ

190 2465 261 2518 τὰ
285 2465 538 2534 διδόμενα
562 2467 850 2520 ἀποσυλῶν
872 2468 974 2521 ποῦ
998 2470 1243 2539 χωρήσει
1264 2487 1278 2535 ;
1313 2470 1372 2522 Ei
1406 2471 1505 2540 μὲν
1531 2470 1640 2540 γὰρ
1673 2470 1778 2524 ὑπὸ

192 2557 387 2621 πενίας
416 2559 858 2629 ἀναγκαζόμενος
898 2563 997 2631 τὴν
1033 2562 1226 2631 καινὴν
1260 2561 1465 2632 ταύτην
1499 2561 1774 2633 λῃστείαν,

195 2648 397 2717 μᾶλλον
439 2649 497 2703 δὲ
551 2650 938 2723 τυμϐωρυχίας
993 2653 1214 2724 χείρονα
1273 2655 1611 2724 κακουργίαν
1673 2657 1774 2708 ὲπ-

192 2740 442 2811 ενόησας,
478 2738 546 2812 ἦν
570 2742 634 2796 ἄν
661 2761 744 2797 σοι
771 2744 868 2798 καὶ
897 2744 1040 2815 ἴχνος
1075 2746 1436 2816 ἀναισχύντου
1457 2748 1775 2816 ἀπολογίας.

204 2830 425 2903 Ἐπειδὴ
458 2833 516 2886 δὲ
543 2835 767 2904 τρυφῶν
794 2837 888 2888 καὶ⁵
914 2837 1174 2906 σκιρτῶν,
1202 2838 1301 2900 τὰς
1329 2838 1616 2908 ἀλλοτρίας
1643 2857 1780 2910 συμ-

191 2924 366 2994 φορὰς
413 2924 532 2978 δέον
577 2928 973 2995 ἐπικουφίζειν,
1015 2929 1352 2999 ὲπιτρίόεις,
1395 2931 1523 2982 ποία
1567 2948 1649 2984 σοι
1691 2931 1779 2984 λε-

191 3013 436 3082 λείψεται
497 3015 791 3084 ἀπολογία;
858 3017 955 3080 Τίς
1014 3018 1201 3082 ἐλεοςς
1263 3022 1390 3072 ποία
1445 3023 1775 3093 συγγνώμης

1882 1861 2022 1910 trem
2057 1838 2325 1909 explenda
2355 1833 2688 1902 voluptatem
2720 1826 2903 1896 capis?
2941 1825 3240 1880 Considera
3289 1822 3480 1892 paulu-

1885 1942 1992 1995 lum
2029 1947 2082 1991 te
2118 1935 2233 2003 ipse
2267 1928 2528 1994 colligens
2560 1922 2629 1976 ab
2653 1921 2744 1975 illa
2773 1918 2992 1974 vesania
3017 1955 3032 1981 ,
3071 1925 3246 1970 tecum
3280 1915 3358 1967 sic
3401 1930 3476 1965 ra.

1885 2028 2233 2088 tiocinando:
2290 2020 2350 2074 Si
2401 2017 2491 2082 qui
2545 2030 2638 2070 sua
2689 2011 2913 2082 pauperi
2963 2025 3068 2063 non
3101 2007 3380 2062 distribuit
3421 2008 3472 2060 in

1885 2124 2316 2187 eleemosynam,
2351 2111 2405 2164 in
2433 2107 2644 2184 ignium
2673 2112 2942 2157 torrentes
2967 2099 3324 2154 intolerandis
3355 2099 3481 2151 tuit-

1887 2214 2019 2269 titur
2058 2203 2456 2265 excruciandus
2492 2197 2652 2268 epulo
2695 2193 3042 2263 evangelicus
3091 2191 3369 2260 suppliciis
3394 2190 3476 2255 u';

1885 2308 1975 2376 qui
2008 2317 2127 2370 quae
2158 2305 2284 2353 sunt
2319 2305 2613 2364 pauperum
2647 2287 2751 2342 sibi
2785 2301 2879 2355 per
2909 2283 3064 2340 nefas
3097 2291 3355 2352 usurpat.
3388 2298 3478 2336 ec.

1885 2375 2014 2467 quid
2057 2387 2338 2464 patietur?
2419 2375 2476 2437 Si
2513 2381 2604 2449 qui
2650 2396 2747 2434 sua
2795 2393 2900 2432 non
2955 2376 3216 2467 largitur,
3268 2375 3316 2428 ei
3372 2391 3475 2467 non

1886 2465 2204 2556 ignoscitur,
2248 2474 2601 2548 quo‘tandem
2639 2469 2839 2534 abibit,
2868 2468 2966 2538 qui,
3011 2468 3076 2523 ab
3109 2466 3228 2521 aliis
3252 2467 3379 2520 data
3425 2465 3475 2518 in

1884 2578 2283 2646 eleemosynam
2312 2564 2624 2636 exspoliat?
2663 2563 2722 2618 Si
2751 2562 2894 2617 enim
2925 2559 3103 2628 inopia
3134 2560 3358 2614 adactus
3391 2573 3479 2612 no-

1884 2683 2010 2723 vum
2047 2669 2147 2720 hoc
2193 2660 2540 2718 latrocinium
2574 2656 2656 2712 vel
2694 2655 2873 2725 potius
2905 2653 3276 2722 sepulcrorum
3310 2651 3477 2705 viola-

1889 2759 2038 2814 tione
2086 2755 2264 2809 scelus
2318 2748 2563 2804 deterius
2620 2746 2972 2807 inclioasses,
3025 2751 3172 2796 esset
3221 2741 3474 2795 omnibus

1885 2848 2048 2902 etiam
2071 2849 2445 2913 argumentum
2469 2836 2804 2904 impudentis
2829 2830 3160 2887 defensionis
3185 2833 3475 2902 reliquum.

1885 2940 2021 2996 Cum
2050 2954 2176 2992 vero
2203 2935 2351 2988 luxui
2380 2931 2663 2998 indulgens
2707 2936 2870 2997 atque
2902 2925 3236 2979 insolescens
3269 2925 3477 2980 alienas

1887 3031 2222 3085 calamitates
2283 3041 2437 3095 quas
2479 3022 2771 3077 sublevare
2823 3018 3048 3071 deberes
3108 3021 3324 3070 easdem
3385 3035 3479 3085 ag-~

194 3105 379 3159 Ταῦτα
409 3107 640 3177 δάκρυσι
664 3110 849 3178 σχεδὸν
895 3111 1136 3180 κεράσας
1157 3112 1217 3162 τὸ
1246 3111 1436 3180 μέλαν,
1457 3113 1774 3168 ἀπέστειλα.

1886 3139 2096 3194 graves,
2131 3134 2299 3187 ecqua
2325 3118 2417 3171 tibi
2449 3117 2638 3168 relicta
2664 3109 2940 3165 defensio?
2969 3125 3086 3177 qum
3109 3112 3476 3175 exspectanda

193 3197 347 3266 Τάχα
377 3215 493 3261 πως
540 3200 736 3253 σαυτὸν
773 3201 872 3271 μὲν
902 3199 1088 3270 γνοίης
1114 3239 1128 3261 ,
1157 3201 1285 3263 τοὺς
1318 3202 1376 3254 δὲ
1404 3202 1644 3274 πένητας
1669 3205 1782 3257 ἀδι-

196 3289 310 3341 κῶν
354 3290 684 3361 ἀποσταίης,
720 3292 809 3344 τὸν
841 3291 900 3345 δὲ
942 3292 1136 3362 κριτὴν
1180 3291 1490 3359 ἐξιλάσαιο,
1543 3297 1690 3364 ἡμᾶς
1722 3315 1780 3350 τε

193 3378 287 3431 ἐπὶ
315 3381 382 3449 τῇ
419 3378 615 3433 σαυτοῦ
659 3380 916 3453 μετανοίᾳ
955 3379 1296 3450 εὐφροσύνης
1328 3380 1616 3452 ἐμπλήσας
1647 3381 1779 3453 (44).

437 3674 578 3729 ΣΙΝ.
612 3705 681 3717 -
709 3675 1036 3751 ΘΕΟΔΟΣΙῼ
1069 3678 1537 3753 ΠΡΕΣΒΥΤΕΡῼ.

1886 3209 2307 3267 misericordia?
2355 3222 2476 3275 qua:
2522 3205 2756 3270 denique
2795 3198 2998 3253 venia?
3048 3198 3173 3251 "me
3219 3199 3479 3269 Iacrymis

1887 3303 2278 3374 propemodum
2315 3299 2552 3352 miscens
2581 3302 2947 3351 atramentum
2979 3293 3045 3343 ad
3078 3300 3129 3344 te
3156 3293 3474 3361 conscripsi.

1888 3405 1942 3448 Ill
1975 3395 2194 3447 tandem
2227 3392 2454 3460 teipsum
2487 3386 2730 3447 noveris,
2758 3385 2898 3438 etab
2925 3381 3118 3446 injuria
3149 3384 3479 3449 pauperibus

1888 3483 2170 3540 inferenda
2195 3495 2477 3544 cesses,ac
2498 3478 2736 3548 jndicem
2764 3475 2929 3529 Demn
2953 3474 3223 3543 placatum
3253 3475 3472 3539 reddas,

1886 3591 2096 3646 nosque
2129 3585 2220 3630 tua
2257 3570 2633 3642 resipiscentia
2669 3567 2864 3638 gaudio
2895 3566 3187 3633 compleas.

2061 3684 2244 3740 CCXI.
2283 3711 2355 3723 ——
2395 3675 2789 3734 THEODOSIO
2823 3673 3310 3731 PRESBYTERU.

814 3765 992 3821 Virum
1024 3768 1327 3839 religiosum
1357 3774 1776 3842 peregrinantem
1803 3780 2158 3840 commendat,
2195 3787 2249 3828 ut
2285 3775 2509 3841 hospitio
2547 3773 2862 3841 excipiatur.

278 3872 442 3942 ’Δνὴρ
485 3872 849 3944 διαφερόντως
875 3878 942 3946 τῇ
985 3875 1236 3950 θειοτάτῃ
1273 3877 1540 3951 θρησκείᾳ
1565 3881 1778 3936 ἀνακεί-

1960 3884 2058 3940 Hic.
2087 3885 2170 3937 vir
2201 3884 2392 3936 divinte
2425 3882 2701 3950 religionis
2722 3922 2738 3947 ,
2784 3893 2841 3937 ut
2893 3885 3098 3938 incidat
3147 3884 3199 3938 in
3224 3898 3319 3942 eos
3340 3926 3352 3946 .
3386 3886 3476 3951 qui

199 3980 377 4033 μενος,
403 3964 496 4017 καὶ
522 3966 632 4027 τοῖς
653 3964 722 4019 τὰ
746 3965 884 4018 αὐτὰ
909 3967 1056 4038 αὐτῷ
1085 3968 1362 4038 μετιοῦσιν
1384 3973 1626 4041 ἐντυχεῖν
1659 3974 1778 4046 περὶ

1888 3979 2132 4032 eamdem
2165 3983 2381 4039 tenent,
2431 3975 2494 4027 ad
2545 3990 2641 4028 vos
2686 3975 3071 4043 proﬁciscitur.
3127 3977 3260 4037 Esto
3296 3979 3477 4045 itaque

197 4053 393 4108 πολλοῦ
425 4055 767 4125 ποιούμενος,
804 4058 1029 4112 κάκεῖσε
1063 4061 1310 4129 ἀφῖκται.
1343 4063 1576 4130 Ξεναγὸς
1608 4066 1778 4118 τοίνυν

1889 4072 2062 4124 lmntts
2091 4071 2161 4121 illi
2190 4083 2252 4121 ac
2281 4067 2545 4136 benignus
2570 4068 2788 4134 hospes,
2819 4078 2878 4123 ut
2907 4077 2957 4125 te
2987 4078 3217 4138 tuasque
3249 4069 3476 4125 intuitus

196 4146 398 4214 ἀγαθὸς
443 4147 593 4217 αὑτῷ
631 4147 814 4216 γενοῦ’
849 4149 933 4203 ἵνα
984 4151 1043 4203 σὲ
1085 4168 1144 4204 τε
1196 4154 1290 4206 καὶ
1335 4153 1434 4217 τὰς
1480 4154 1647 4218 ἄλλας
1683 4159 1778 4226 τῆς

1888 4162 2119 4216 virtutes
2154 4174 2337 4212 amore
2370 4159 2778 4226 complectatur.

194 4240 398 4310 ἀρετῆς
441 4239 777 4312 θεασάμενος
806 4242 1060 4309 εἰκόνας,
1115 4245 1373 4317 ἐμπλήσῃ
1435 4247 1527 4300 τὸν
1583 4250 1787 4304 οἰκεῖον

195 4328 393 4400 ιρωτα.

439 4441 579 4495 EIB'.
617 4472 686 4482 —
712 4443 1012 4515 ΔΥΣΟΝῘῼ
1037 4445 1504 4502 ΚΟΡΡΗΚΤΩΡῘ.

2109 4448 2312 4506 CCXII.
2351 4480 2420 4493 —-—
2458 4449 2761 4506 AUSOMO
2791 4450 3257 4510 CORRECTORI.

684 4534 882 4589 Iiastici
910 4553 1130 4591 causam
1163 4541 1514 4607 commendat,
1537 4558 1689 4613 quem
1720 4543 1907 4598 rabula
1937 4544 2154 4612 quidam
2189 4559 2313 4596 rure
2343 4544 2410 4594 ad
2434 4541 2610 4610 forum
2649 4555 2980 4601 extraxerat.

280 4656 494 4727 Ἐπειδὴ
533 4659 676 4730 ἀνὴρ
705 4677 788 4722 τις
836 4662 1088 4730 ἀγοραῖος
1125 4663 1238 4733 (45)
1262 4703 1278 4728 ,
1306 4663 1610 4736 πράγματα
1650 4666 1775 4737 βου-

1954 4666 2180 4734 Quando
2223 4667 2534 4720 causidicus
2580 4666 2810 4735 quidam
2856 4669 3135 4738 negotium
3175 4657 3475 4726 ‘favcscere

200 4745 417 4816 λόμενος
450 4751 749 4819 παρασχεῖν
777 4750 1050 4824 ἀνθρώπῳ
1083 4754 1486 4829 ἀπραγμοσύνῃ
1518 4755 1772 4823 συζῶντι,

1886 4758 2112 4812 studens
2137 4759 2320 4828 quiete
2352 4772 2414 4810 ac
2445 4756 2738 4827 tranquille
2760 4756 2980 4826 degenti
3029 4758 3079 4812 iu
3104 4759 3192 4825 jus
3219 4775 3341 4812 cum
3371 4775 3471 4814 ex-

201 4837 444 4890 εἵλκυσεν
477 4839 638 4892 αὑτὸν
673 4843 750 4904 είς
789 4842 1158 4915 δικαστήριον·
1191 4845 1551 4912 καταξίωσον,
1584 4847 1778 4902 Θᾶττον

1886 4850 2154 4914 traxerit,
2209 4851 2450 4920 digneris
2502 4865 2663 4920 quam
2721 4851 2960 4917 primum
3015 4851 3188 4919 ipsius
3247 4851 3473 4921 injurias

202 4926 300 4994 μὲν
348 4927 585 4982 κωλύσαι
619 4929 808 4985 τοῦτον
834 4932 1106 5003 ἀδικῆσαι’
1144 4939 1311 5006 χαριῇ
1344 4936 1454 5007 γὰρ
1479 4937 1646 5007 αὐτῷ·
1689 4939 1778 4992 τὸν

1886 4956 2150 4998 coercere.
2195 4941 2421 4997 Gratum
2471 4942 2522 4995 id
2551 4942 2696 4996 enim
2753 4939 2828 4994 illi
2864 4945 3095 4997 accidet.
3159 4945 3311 5000 llnnc
3343 4961 3474 5000 Vero

197 5017 252 5070 δὲ
288 5019 366 5081 είς
399 5019 498 5088 τὴν
539 5021 827 5092 ἀγροικίαν
868 5025 1099 5094 πέμψαι,
1147 5029 1248 5098 τῆς
1301 5029 1460 5098 φίλης
1507 5029 1778 5102 γεωργίας

1886 5051 1971 5089 rus
2001 5037 2184 5098 mitte,
2235 5045 2403 5105 gratae
2441 5035 2541 5104 ipsi
2567 5033 2914 5105 agriculturae
2967 5039 3470 5094 remunerationem

198 5108 296 5177 τὴν
334 5110 600 5166 ἀντίδοσιν
631 5115 1032 5187 ἀσπασόμενον.

1886 5135 2251 5196 accepturum.

273 5287 318 5318 "
344 5285 475 5342 an.
514 5305 626 5355 xvt,
650 5291 738 5345 ‘25.

1298 5406 1531 5462 \‘Alllzﬁ
1578 5408 1962 5466 LECTIONES
2001 5411 2085 5467 ΕΤ
2121 5415 2357 5472 NOTAE.

207 5556 393 5685 Fugit).
423 5557 527 5610 Pro
589 5558 876 5630 ἁμπλήσας
925 5560 1084 5616 iidem
1133 5565 1345 5634 legunt,
1411 5567 1773 5638 ἐμπλήσειας.

251 5641 610 5778 οῗιῗὲἶοξεγίδυ
646 5700 942 5778 ἀγόραιος,
970 5719 1098 5778 _nnn
1155 5714 1212 5758 ιιι
1258 5706 1458 5778 editum
1510 5707 1606 5762 Gr.
1647 5711 1778 5777 ἀγο-

215 5769 376 5836 ρ;-.ἰις.
415 5769 725 5826 Ammonius
772 5769 916 5826 enim
951 5774 1013 5828 de
1047 5790 1235 5830 vocum
1284 5776 1617 5843 dilfercntiis,
1663 5769 1778 5834 sive

1886 5573 2009 5652 quis
2050 5573 2199 5652 alius
2227 5583 2417 5652 aut-tor
2447 5591 2530 5631 est
2563 5599 2574 5632 :
2623 5581 2904 5652 ’ᾼγόραιος
2950 5585 3205 5652 σημαίνει
3237 5582 3326 5639 τὸν
3374 5605 3472 5638 πο-

1886 5642 2062 5726 νηρὸν.
2087 5644 2145 5695 ὲν
2176 5645 2353 5726 ἀγορᾷ
2383 5642 2765 5726 κεσχαμμένον
2933 5642 3189 5726 ἀγόραιος
3209 5656 3267 5710 δὲ
3298 5655 3390 5708 τὸν
3417 5661 3475 5709 ἐν

1885 5712 2064 5796 ἀγορᾷ
2086 5712 2415 5794 τιμώμενον.
2437 5712 2626 5796 ,ξιξιίῖἱί
2653 5736 2772 5796 non_
2796 5712 3008 5796 videtur
3031 5712 3237 5778 Servari
3269 5737 3470 5796 nsque-

1885 5795 2119 5851 (ιίιαιιιιιε,
2159 5796 2214 5838 ut
2237 5789 2396 5857 epist.
2433 5789 2550 5855 185,
2598 5807 2716 5861 pag.
2748 5792 2833 5855 90,
2873 5810 2921 5846 ν.
2955 5797 3031 5850 15.
3070 5797 3308 5855 κείων.
