4122 6456
187 377 320 444 1461

502 490 639 544 ΣΙΖ’.
684 519 716 529 -
789 485 1114 555 ςιιτηυιςιιᾼ
1149 485 1461 556 Σοψιετῃ.

1109 375 1649 436 EPISTOLARUM
1687 377 1834 440 LIB.
1877 376 1946 437 V.
1987 399 2054 410 *-
2084 373 2324 434 EPIST.
2365 370 2617 433 CCXIX.

3343 362 3479 432 1462

2075 480 2329 539 CCXVII.
2361 511 2432 523 —
2468 475 2867 534 υΑιιΡΟΩΒιΕ
2902 471 3288 532 SOPHISTE.

925 600 1002 654 De
1031 601 1193 654 variis
1223 603 1490 656 rhetorum
1523 602 1730 655 dicendi
1769 599 2069 671 generibus.
2102 567 2343 671 (Confer.
2381 606 2532 667 epist.
2581 593 2730 664 H5.)

259 707 382 761 Τῶν
440 704 800 778 συγγραφέων
853 704 904 758 οἱ
959 704 1058 775 μὲν
1104 705 1330 776 αίσχρδν
1378 704 1641 776 ἡγοῦνται
1697 705 1772 777 μὴ

183 799 362 869 σαφὶς
411 800 624 866 εἰπεῖν,
677 800 728 852 oi
761 797 818 851 δὲ
863 798 923 851 ὲν
972 799 1040 869 τῇ
1085 797 1330 871 ἀσαφείᾳ
1383 799 1623 853 τίθενται
1674 799 1776 870 τὴν

185 891 348 963 ισχὺν
368 930 386 957 ,
431 892 528 946 καὶ
556 893 604 946 oi
637 890 738 962 μὶν
767 888 969 961 τιμῶσι
998 891 1059 945 τὸ
1083 891 1305 964 μέτριον
1325 930 1341 956 ,
1371 893 1420 945 οἱ
1448 890 1510 950 δὲ
1541 890 1648 958 ἔξω
1680 891 1776 962 φέ-

185 1003 376 1059 ρονται
403 986 515 1042 τῶν
550 984 760 1058 καιρῶν
782 1002 796 1017 ο
823 987 871 1039 οἱ
901 986 1002 1058 μὲν
1038 985 1151 1041 τῶν
1186 986 1586 1058 ἠκριϐωμένων
1617 984 1774 1042 ὢτων

186 1077 578 1148 στοχάζονται,
616 1077 728 1140 τοῖς
758 1075 814 1130 δὲ
847 1077 1011 1148 ἀρκεῖ
1037 1078 1106 1131 τὰ
1143 1077 1402 1149 μειράκια
1437 1078 1612 1132 σεῖσαι
1633 1093 1647 1108 ο
1678 1076 1774 1130 καὶ⁵

181 1171 237 1222 οἱ
272 1169 370 1240 μὲν
394 1166 675 1239 ἀμείνονες
696 1168 778 1230 είς
803 1167 1092 1238 προοιμίου
1119 1167 1334 1238 χρείαν,
1350 1166 1400 1219 oi
1418 1160 1476 1220 δὲ
1505 1166 1564 1221 ἐν
1594 1182 1773 1238 παρα-

181 1256 477 1328 δείγμασιν
523 1258 632 1311 siet
678 1257 956 1312 πλούσιοιε
1024 1258 1074 1311 οί
1132 1258 1233 1328 μὲν
1286 1254 1466 1312 οἶκτον
1513 1255 1771 1328 ιμϐαλεῖν

181 1349 386 1416 δεινοὶ,
410 1350 460 1403 oi
486 1349 543 1403 δὲ
569 1349 739 1422 θυμόν
759 1363 775 1382 ο
796 1349 906 1404 τῶν
935 1349 1034 1421 μὶν
1062 1348 1122 1403 τὺ
1159 1347 1326 1421 βραδὺ
1355 1347 1631 1420 λυπηρὸν,
1664 1345 1777 1400 τῶν

179 1437 246 1492 δὲ
291 1439 355 1493 τὸ
398 1438 537 1510 ταχὺ
564 1439 797 1512 τερπνόν
821 1455 836 1472 '
867 1441 917 1494 oi
965 1437 1067 1510 μὲν
1093 1436 1262 1493 ὕπνον
1310 1436 1632 1510 ἐμποιοῦσι,
1673 1437 1772 1508 μιᾷ

185 1528 607 1600 καταχρώμενοι
644 1529 779 1601 ἰδέᾳ,
818 1531 866 1583 oi
896 1517 954 1582 δὶ
983 1529 1077 1582 καὶ
1115 1527 1411 1600 ἀφαιροῦσι
1440 1530 1560 1590 ταῖς
1602 1543 1771 1598 μετα-

184 1617 392 1681 ϐολαῖς.
447 1617 570 1691 Χρὴ
624 1618 810 1673 τοίνυν
860 1618 954 1674 τὸν
1012 1617 1303 1690 βασανίσαι
1358 1618 1772 1690 συγγράμματα

181 1708 380 1778 δεινὸν,
412 1709 594 1783 πάσης
615 1711 710 1765 καὶ
740 1711 964 1783 χάριτος
988 1710 1082 1766 καὶ
1099 1710 1399 1782 ἀπεχθείας
1425 1709 1557 1764 ϐντα
1585 1708 1770 1781 κρείτ-

182 1816 315 1854 τονα
333 1840 351 1866 ,
386 1799 617 1855 ἑκάστου
654 1801 1020 1873 συγγραφέως
1061 1801 1157 1856 καὶ
1186 1800 1288 1873 τὴν
1315 1799 1515 1855 κακίαν
1547 1801 1641 1854 καὶ⁸
1668 1801 1769 1870 τὴν

1953 707 2295 777 Scriptorum
2325 707 2721 776 rhetorumque
2749 703 2804 759 bi
2830 705 3051 776 quidem
3089 713 3245 774 turpe
3271 707 3480 763 ducunt

1879 797 2116 854 obscure
2137 797 2322 852 dicere
2349 813 2364 851 :
2400 795 2490 850 alii
2531 795 2584 849 in
2606 794 2940 850 obscuritate
2965 795 3131 850 decus
3157 795 3428 851 collocant
3456 815 3473 864 ;

1880 896 1935 943 et
1962 887 2053 942 alii
2097 886 2336 944 medium
2362 895 2594 952 tenent;
2631 885 2721 940 alii
2753 886 2971 940 modum
2999 886 3294 942 excedunt.
3344 885 3481 956 Qui-

1881 981 2006 1036 dam
2036 979 2216 1036 acutis
2235 978 2466 1034 audiunt
2495 978 2755 1046 auribus;
2800 977 2893 1033 alii
2918 981 3158 1036 contenti
3189 989 3318 1036 sunt
3345 982 3482 1036 ado-

1879 1069 2146 1127 lescentes
2186 1071 2446 1126 movisse.
2512 1067 2768 1124 Nonnulli
2800 1071 3043 1127 exordiis
3075 1081 3292 1128 utentes
3337 1089 3482 1145 pras-

1879 1169 2060 1228 stant,
2092 1160 2356 1230 exemplis
2399 1159 2493 1214 alii
2537 1158 2844 1218 abundant.
2923 1159 3479 1222 Commiserationem

1878 1252 2099 1324 quidam
2135 1259 2339 1307 norunt
2380 1251 2630 1306 incutere
2655 1290 2671 1317 ,
2709 1251 2847 1306 iram
2876 1252 2989 1306 alii.
3037 1252 3274 1320 Quidam
3305 1257 3479 1312 tardi-

1886 1353 1996 1400 tate
2021 1343 2348 1414 displicent,
2397 1343 2492 1398 alii
2537 1331 2822 1398 celeritate
2872 1343 3109 1413 placent.
3168 1345 3276 1400 Alii
3315 1348 3478 1402 unica

1881 1433 2099 1490 dicendi
2141 1432 2324 1490 forma
2372 1447 2625 1489 somnum
2666 1435 3008 1504 conciliant,
3059 1435 3148 1491 alii
3195 1437 3483 1495 celeritate

1880 1526 2133 1582 eumdem
2159 1525 2468 1582 excutiunt.
2522 1524 2686 1582 Decet
2729 1525 2913 1596 itaque
2950 1543 3112 1596 eum,
3143 1529 3234 1598 qui
3276 1529 3482 1600 scripta

1883 1618 2112 1675 aliorum
2154 1617 2226 1673 sit
2247 1617 2674 1689 exploraturus,
2705 1633 2893 1675 amore
2933 1629 3099 1688 atque
3124 1621 3331 1676 invidia
3371 1636 3482 1678 non

1881 1709 2164 1781 superari,
2203 1710 2462 1780 omnique
2510 1710 2648 1766 adeo
2682 1711 2938 1780 scriptori
2963 1711 3158 1766 vitium
3205 1712 3361 1780 juxta
3413 1727 3481 1770 ac

1879 1801 2052 1856 virtus
2070 1801 2494 1870 cognoscenda:
2549 1802 2691 1860 hanc
2719 1803 2940 1874 quidem
2987 1803 3291 1874 laudando,
3333 1804 3483 1862 illam

183 1890 390 1963 ἀρετὴν
419 1891 619 1947 ειδέναι
638 1908 653 1924 ο
685 1893 784 1947 καὶ
806 1895 872 1965 τῇ
908 1892 1010 1964 μὲν
1037 1891 1412 1965 ψηφίσασθαι,
1438 1894 1506 1966 τῇ
1535 1891 1594 1946 δὲ
1625 1891 1771 1963 μέμ-

1883 1908 2004 1951 vero
2037 1894 2422 1967 vituperando.

184 1982 418 2054 ψασθαι.

671 2092 822 2146 me.
860 2120 931 2133 —
965 2093 1280 2166 saecula.

2284 2096 2567 2155 CCXVIII.
2603 2128 2671 2142 -ο
2701 2097 2938 2156 APHTO
2948 2097 3084 2156 N10.

267 2180 556 2252 Virginius
590 2192 636 2237 et
658 2182 940 2252 fornicatio
971 2185 1077 2239 duo
1100 2193 1359 2252 extrema,
1383 2185 1695 2258 ’conjngium
1722 2188 1976 2256 medium,
2026 2189 2120 2246 sed
2162 2189 2467 2261 uirginitate
2507 2188 2753 2260 inferius.
2793 2188 3032 2263 (Confer.
3064 2191 3213 2260 epist.
3250 2192 3404 2263 253).

257 2287 370 2347 Καὶ
404 2290 761 2362 ήπαρθενία,
807 2283 852 2346 ὦ
903 2289 1187 2362 βέλτιστε,
1231 2292 1328 2348 καὶ
1362 2294 1397 2365 η
1437 2293 1662 2365 πορνεία
1704 2292 1778 2348 τὰ

187 2381 367 2455 μέτρα
396 2382 494 2436 τοῦ
543 2383 711 2452 νόμου
754 2383 1059 2455 ἀξέϐησαν,
1091 2385 1208 2443 ἀλλ’
1250 2385 1352 2439 οὐκ
1393 2386 1488 2439 ἐπὶ
1528 2389 1642 2451 τοῖς
1672 2386 1774 2441 αὐ-

181 2473 320 2537 τοῖς.
357 2473 422 2527 Ἦ
454 2472 555 2541 μὲν
585 2473 694 2545 γὰρ
717 2475 1022 2545 ὕπερέπτη,
1051 2475 1084 2546 ή
1109 2475 1167 2529 δὲ
1202 2475 1442 2547 παρέϐη.
1473 2477 1584 2530 Καὶ
1613 2478 1645 2546 ἡ
1675 2476 1775 2546 μὲν

183 2564 258 2620 τά
289 2563 467 2634 κοῦφα
497 2565 592 2619 καὶ
622 2567 879 2637 ἀνωφερῆ
903 2606 919 2632 ,
953 2567 1050 2620 καὶ
1076 2567 1171 2621 τὸν
1206 2568 1435 2638 οὐρανὸν
1470 2567 1734 2624 πολοῦντα
1757 2607 1773 2633 ,

180 2657 218 2731 η
258 2657 316 2712 δὲ
354 2655 426 2711 τὰ
459 2658 755 2730 κατωφερῆ
793 2658 887 2712 καὶ
934 2658 1109 2731 βαρέα
1144 2657 1376 2730 σώματα
1420 2661 1771 2732 ἐμιμήσατο·

182 2749 223 2820 ἡ
259 2748 358 2820 μὲν
392 2747 580 2803 διώκει
609 2748 678 2802 τὰ
711 2749 1016 2823 μεταϐολῆς
1042 2751 1360 2822 κρείττονα,
1405 2753 1440 2822 ἠ
1470 2751 1526 2805 δὲ
1559 2752 1773 2818 ἐκεῖνα,

90 2834 99 2840 ’
180 2831 265 2894 ὧν
289 2841 324 2910 ὴ
360 2839 632 2912 μεταϐολὴ
662 2841 951 2913 συμφυὴς,
999 2841 1095 2895 καὶ⁸
1123 2843 1158 2912 ἡ
1191 2842 1411 2906 κόλασις
1440 2841 1773 2915 σύντροφος

184 2930 216 2984 ὁ
241 2930 300 2985 δδ
320 2930 502 3002 τίμιος
527 2933 707 3003 γάμος
731 2933 937 2987 τούτων
965 2931 1245 3005 ἑκατέρων
1276 2934 1442 3005 μέσος
1466 2934 1775 3004 τυγχάνων,

1956 2295 2290 2368 Virginitas,
2318 2298 2460 2355 bona
2481 2297 2589 2365 vir,
2617 2312 2681 2355 ac
2707 2296 3005 2355 fornicatio
3031 2297 3168 2372 legis
3205 2303 3482 2360 excedunt

1883 2390 2103 2445 modum
2134 2429 2150 2455 ,
2197 2389 2306 2444 etsi
2351 2404 2460 2446 non
2493 2389 2685 2446 eodem
2728 2390 2913 2446 modo.
2979 2389 3073 2445 Illa
3104 2393 3250 2448 enim
3293 2409 3488 2464 super-

1883 2482 2162 2559 graditur;
2213 2483 2330 2538 haec
2355 2483 2778 2555 transgreditur.
2835 2482 2916 2538 Ill:
2955 2523 2970 2548 ,
3005 2494 3066 2539 ut
3101 2484 3240 2541 levia
3279 2486 3484 2555 solent,

1885 2587 2103 2629 sursum
2135 2572 2331 2639 fertur,
2381 2575 2435 2630 in
2469 2574 2777 2645 caelumque
2807 2575 2980 2632 tendit
3013 2590 3029 2631 :
3080 2577 3196 2632 haec
3227 2578 3484 2634 deorsum

1887 2663 2120 2731 rapitur,
2160 2663 2346 2733 gravia
2380 2662 2604 2720 imitans
2639 2679 2892 2734 corpora.
2957 2665 3054 2720 illa
3088 2674 3331 2722 sectatur
3363 2682 3484 2722 mu-

1888 2755 2076 2809 tationi
2121 2769 2227 2810 non
2262 2755 2496 2811 obnoxia
2523 2796 2540 2821 ,
2596 2755 2714 2812 haec
2767 2757 3054 2812 mutationi
3088 2767 3320 2829 cognata
3351 2799 3366 2824 ,
3413 2775 3476 2815 ac

1884 2847 2066 2916 potius
2137 2845 2395 2903 obnoxia.
2430 2844 2833 2904 Matrimonium
2894 2849 2980 2906 his
3028 2850 3242 2906 duobus
3303 2855 3482 2913 inter-

1879 2935 2083 3006 jectum
2111 2953 2126 3002 ;
2157 2935 2266 2992 alio
2292 2935 2514 3006 quidem
2551 2936 2789 2992 inferius
2813 2948 2920 3005 est,
2946 2938 3121 2995 altero
3153 2955 3281 2996 vero
3309 2943 3484 3001 subli-

180 3020 290 3092 τῆς
336 3020 437 3092 μέν
485 3023 602 3076 ἔστι
659 3022 970 3095 κατώτερος
1016 3023 1228 3094 πολλῷ,
1259 3025 1361 3096 τῆς
1406 3025 1463 3078 δὲ
1508 3024 1775 3097 ἀνώτερος

1886 3027 2048 3082 mins.
2079 3025 2407 3098 Virginitate
2432 3027 2581 3084 enim
2615 3026 2924 3100 coniugium
2961 3031 3143 3086 minus
3176 3041 3260 3087 est
3287 3042 3343 3089 et
3375 3033 3479 3088 hu-

180 3111 386 3178 πλέον,
415 3112 452 3185 ἢ
482 3112 607 3166 ὅσον
639 3113 802 3177 αὐτὸς
845 3114 945 3185 τῆς
980 3115 1282 3186 παρθενίας
1310 3115 1429 3169 ἐστὶ
1464 3116 1777 3170 ταπεινότε-

185 3220 301 3276 ρος.
344 3203 437 3258 Διδ
470 3204 564 3258 καὶ
605 3204 705 3275 τῆς
739 3204 837 3275 μὲν
865 3207 1331 3277 στεφανουμένης,
1378 3207 1481 3275 τῆς
1510 3207 1566 3260 δὲ
1608 3223 1777 3262 κατα-

181 3293 548 3366 κρινομένης,
579 3286 735 3358 οὗτος
765 3292 1083 3366 σύμμετρον
1117 3294 1230 3365 ἔχει
1262 3294 1324 3349 τὸ
1352 3295 1648 3368 ἐγκώμιον.

503 3401 644 3458 ste.
682 3432 750 3444 —
784 3401 1089 3475 causam
1126 3404 1452 3476 ΔῙΑΚΟΝῼ.

1889 3114 2090 3172 milius.
2128 3115 2258 3172 Hac‘
2281 3116 2429 3172 enim
2454 3126 2755 3182 coronata,
2785 3125 2840 3172 et
2873 3114 3240 3175 fornicatione
3267 3119 3478 3190 judicio

1886 3205 2292 3271 condemnata,
2353 3205 2764 3262 matrimonium
2825 3221 2980 3264 suam
3031 3210 3198 3265 etiam
3260 3213 3477 3269 laudem

1887 3296 2259 3366 consequitur.

2125 3404 2358 3462 CCXIX.
2397 3437 2466 3450 —
2503 3405 2883 3465 TIIEODORO
2915 3409 3236 3470 DIACONO.

182 3493 322 3553 Cum
348 3512 473 3552 suas
516 3511 692 3564 partes
719 3496 880 3566 egerit
897 3497 966 3575 _in
992 3493 1214 3575 losimo
1249 3496 1784 3575 sodalibu_sque__ejtts
1819 3496 2192 3575 admouenda,
2234 3497 2627 3575 iniquumuesse
2651 3497 2848 3575 Probet
2885 3501 2986 3556 sibi
3033 3504 3310 3573 imputari,
3341 3509 3484 3575 quod

840 3566 1292 3621 admonitionibus
1323 3583 1428 3620 non
1461 3565 1776 3622 sit’relictus
1818 3567 1985 3622 locus.
2019 3565 2257 3637 (Confer.
2281 3565 2433 3636 epist.
2459 3566 2530 3623 20
2563 3578 2611 3622 et

259 3675 326 3732 Et
368 3675 562 3744 λόγους
590 3673 831 3745 ἔφασκον
865 3674 1011 3745 εχειν
1040 3674 1224 3745 πάσης
1268 3673 1466 3738 κακίας
1496 3675 1776 3747 ἀναιρετι-

185 3771 356 3837 κοὺς,
410 3767 635 3831 εἰκότως
665 3765 732 3820 ἂν
782 3761 929 3837 εἶχον
979 3765 1299 3830 ἀλαζονείας
1349 3765 1550 3822 αἰτίαν.
1613 3767 1677 3820 Et
1721 3767 1778 3820 δὲ

181 3861 348 3916 τοῦτο
375 3859 619 3932 μάλιστα
647 3859 866 3913 πάντων
895 3858 1200 3929 ἐπίσταμαι
1220 3899 1234 3923 ,
1269 3859 1352 3913 ὅτι
1377 3857 1474 3913 τοῦ
1505 3859 1605 3931 μὲν
1633 3875 1778 3931 παρ-

182 3951 466 4018 αινοῦντός
520 3955 637 4006 ἐστι
691 3951 753 4005 τὸ
818 3953 993 4004 εἰπεῖν
1043 3951 1114 4005 τά
1175 3951 1472 4021 βέλτιστα·
1544 3952 1640 4006 τοῦ
1709 3952 1770 4006 δὲ

187 4042 700 4114 συμϐουλευομένου
742 4041 804 4095 τὸ
840 4041 1153 4112 πεισθῆναι.
1203 4042 1262 4096 '0
1296 4042 1396 4114 μὲν
1425 4043 1534 4116 γὰρ
1565 4043 1658 4097 τοῦ
1687 4043 1780 4096 λέ*

2685 3567 2806 3640 ⁴ιω.)

1959 3672 2019 3729 Si
2045 3689 2330 3730 sermones
2361 3676 2564 3732 habere
2581 3692 2668 3733 me
2693 3679 2954 3736 dixissem
2984 3683 3246 3739 malitiam
3265 3701 3482 3743 omnem

1885 3765 2160 3832 tollentes,
2197 3764 2391 3821 merito
2423 3765 2688 3836 gloriandi
2719 3784 2908 3825 ansam
2941 3773 3222 3828 haberem.
3260 3775 3316 3831 Si
3356 3793 3484 3834 vero

1884 3854 2017 3910 illud
2051 3855 2300 3909 omnium
2345 3855 2462 3926 ipse
2495 3857 2665 3927 probe
2697 3860 2854 3925 novi,
2885 3861 3234 3920 adhortantis
3260 3869 3481 3937 quidem

1885 3958 2007 4003 esse
2047 3947 2256 4015 optima
2299 3947 2526 4017 dicere;
2583 3949 2701 4019 ejus
2747 3967 2912 4019 vero,
2954 3955 3042 4010 cui
3094 3961 3481 4026 persuadetur,

1884 4053 2046 4094 aures
2077 4041 2495 4095 accommodare
2543 4051 2596 4096 et
2650 4043 2877 4100 reddere
2909 4063 2923 4100 :
2974 4061 3147 4117 quare
3182 4049 3227 4102 si
3263 4055 3484 4119 quando

187 4151 339 4204 γειν,
383 4135 411 4188 ό
455 4134 510 4187 δὲ
562 4131 658 4186 τοῦ
708 4134 970 4204 πράττειν
1012 4131 1217 4202 Κύριός
1265 4134 1382 4187 ἐστι
1411 4149 1423 4165 ·
1473 4133 1527 4186 τί
1582 4134 1775 4206 παρεὶς

1884 4126 2113 4182 laudare
2146 4128 2337 4194 nolles,
2372 4128 2562 4185 saltem
2597 4131 2880 4200 ignescere
2912 4135 3160 4193 deberes.
3193 4138 3483 4212 Vitupet-as

187 4225 590 4296 συγγινώσκειν
614 4264 630 4290 ,
672 4225 789 4295 είγε
833 4223 1198 4290 ἀποδέξασθαι
1233 4225 1307 4297 μὴ
1346 4225 1585 4296 βούλοιο,
1630 4229 1775 4300 αἰτιᾷ

1886 4218 2029 4274 cnim
2054 4234 2178 4275 eum
2211 4221 2304 4288 qui
2341 4237 2464 4290 quae
2500 4237 2726 4279 suarum
2758 4238 2915 4282 erant
2950 4231 3188 4298 partium
3219 4236 3479 4304 explevit.

183 4318 282 4372 τὸν
318 4317 446 4386 τόγε
473 4315 638 4372 αὑτοῦ
666 4315 833 4386 μέρος
858 4313 1322 4386 κατορθώσαντα;
1348 4317 1396 4369 εί
1420 4315 1475 4369 δὲ
1493 4317 1616 4387 μηδ’
1635 4317 1775 4372 οὕτω

1887 4309 1945 4364 Si
1975 4312 2120 4366 enim
2156 4328 2254 4367 nec
2287 4314 2386 4368 hoc
2412 4312 2629 4380 fateris,
2663 4316 2775 4386 jam
2806 4329 2858 4374 et
2898 4320 3227 4379 inetfabilcm
3263 4327 3357 4382 Dei
3391 4345 3482 4385 sa.

188 4408 508 4480 καταδέχῃ,
554 4405 672 4480 ὥρα
704 4423 764 4459 σε
800 4405 895 4460 καὶ
935 4403 1035 4477 τὴν
1077 4405 1322 4478 ἄρρητον
1371 4407 1566 4476 σοφίαν
1597 4409 1779 4463 αἰτιά-

191 4499 411 4567 σασθαι,
452 4501 554 4570 τὴν
587 4500 725 4570 μήτε
775 4498 903 4562 τοὺς
938 4498 1426 4569 ἀποστατήσαντας
1467 4500 1776 4567 Ἰουδαίους,

193 4594 336 4666 μήτε
362 4592 454 4647 τὸν
485 4593 754 4664 προδότην
779 4591 1063 4646 πείσασαν.
1096 4591 1370 4646 Τοσοῦτον
1391 4591 1501 4664 γὰρ
1534 4593 1777 4663 ἀπέσχον

189 4684 287 4740 τοῦ
327 4685 652 4754 πεισθῆναι,
682 4686 766 4739 ὅτι
811 4688 840 4740 ό
875 4685 973 4756 μὲν
1003 4683 1320 4756 προῦδωκεν
1343 4723 1358 4750 ,
1404 4685 1455 4737 οί
1489 4684 1545 4737 δὲ
1591 4687 1782 4738 ἐσταύ-

193 4795 397 4852 ρωσαν.
435 4779 499 4832 Εί
537 4778 592 4832 δὲ
635 4780 730 4833 καὶ
763 4779 837 4851 μὴ
893 4777 1132 4832 πείσασα
1165 4778 1259 4831 καὶ
1312 4775 1570 4841 σώσασα,
1629 4778 1780 4849 παρὰ

193 4871 414 4925 πάντων
448 4870 884 4940 ἀνακηρύττεται
905 4886 917 4898 ·
948 4870 1055 4922 ἀπὸ
1086 4869 1196 4939 γὰρ
1226 4871 1325 4939 τῆς
1361 4870 1736 4940 προαιρέσεως
1762 4911 1776 4933 ,

192 4961 296 5013 οὐκ
325 4959 434 5013 ἀπὸ
477 4959 576 5030 τῆς
629 4958 909 5022 ἐκϐάσεως
947 4957 1016 5012 τὰ
1060 4959 1365 5030 πράγματα
1397 4959 1646 5030 κρίνεται
1671 4978 1684 4990 ο
1725 4959 1779 5012 τί

192 5053 345 5122 αἰτιᾷ
384 5050 474 5103 τὸν
502 5049 738 5104 τοσαῦτα
787 5049 1164 5120 πεποιηκότα,
1215 5051 1311 5103 καὶ
1353 5049 1429 5122 μὴ
1477 5049 1780 5120 δυνηθέντα

195 5146 382 5196 πεῖσαι
411 5143 778 5213 Μαρτινιανόν
809 5160 869 5196 τε
905 5143 1000 5196 καὶ
1040 5142 1286 5213 Ζώσιμον
1306 5181 1320 5206 ,
1352 5143 1448 5195 καὶ
1492 5143 1740 5212 Μάρωνα
1765 5183 1781 5207 ,

1888 4404 2146 4473 pientiam
2167 4406 2570 4474 reprehendere
2602 4409 2834 4477 poteris,
2867 4429 2990 4483 quae
3019 4431 3119 4472 nec
3149 4424 3480 4487 apostatanti

1887 4497 2030 4586 genti
2056 4494 2319 4563 Iudaicae,
2356 4513 2454 4555 nec
2483 4497 2644 4556 Judze
2671 4505 2935 4572 proditori
2973 4511 3270 4577 persuasit.
3315 4513 3481 4586 625

1888 4585 2120 4641 Tantum
2151 4589 2296 4644 enim
2329 4591 2519 4645 aberat
2549 4601 2609 4646 ut
2649 4599 3020 4664 persuaserit,
3051 4611 3109 4655 ut
3139 4603 3228 4658 hic
3257 4585 3477 4674 quidem

1889 4681 2229 4745 vendiderit,
2279 4680 2370 4738 illa
2403 4696 2534 4738 vero
2574 4685 2724 4740 natio
2752 4690 2902 4744 cruci
2948 4690 3212 4748 alliserit.
3260 4695 3318 4750 Si
3350 4713 3481 4754 vero

1885 4771 2066 4827 divina
2105 4773 2193 4827 illa
2230 4774 2500 4844 sapientia
2546 4791 2666 4845 quas
2694 4794 2872 4848 neque
2904 4782 3013 4838 illis
3045 4789 3355 4854 persuasit,
3385 4806 3480 4844 ne-

1884 4876 1992 4932 que
2030 4878 2125 4918 eos
2166 4864 2436 4933 salvavit,
2488 4870 2556 4923 ab
2583 4869 2836 4927 omnibus
2874 4872 3126 4930 laudetur
3160 4876 3211 4947 (ιι
3250 4881 3482 4934 consilio

1883 4954 2049 5021 enim,
2089 4972 2194 5011 non
2229 4957 2298 5011 ab
2323 4969 2516 5013 eventu
2552 4976 2638 5018 res
2667 4962 3029 5033 iudicantur),
3067 4969 3196 5037 quid
3237 4986 3464 5026 accusas

1887 5058 2173 5104 conantem
2212 5058 2266 5104 et
2300 5066 2404 5106 non
2443 5039 2714 5110 valentem
2753 5061 3087 5126 persuadere
3117 5059 3474 5129 Martiniano,

1882 5139 2120 5207 Zosimo,
2157 5153 2212 5196 et
2260 5142 2469 5199 Maroni
2506 5156 2667 5216 atque
2699 5147 3010 5214 Eustathio,
3081 5160 3139 5205 ιιι
3172 5156 3241 5208 ab
3272 5154 3477 5225 impro-

195 5237 288 5288 καὶ
339 5233 638 5289 Εὑστάθιον
688 5234 1024 5305 ἀποσχέσθαι
1067 5235 1306 5300 κακίας;
1354 5233 1621 5288 Τοσοῦτον
1675 5235 1775 5306 γὰρ

1883 5233 2052 5288 bitate
2084 5235 2395 5290 desistant?
2424 5237 2657 5293 Tantum
2691 5241 2883 5295 absum
2926 5252 2982 5296 ut
3028 5255 3316 5313 propterea
3348 5263 3475 5302 eru-

191 5326 385 5396 ἰιπέχω
412 5327 505 5380 τοῦ
531 5326 790 5398 έρυθριᾷν
811 5328 902 5380 ἐπὶ
920 5326 1095 5398 τούτῳ
1132 5327 1347 5399 (καίτοι
1379 5326 1638 5399 ὲρυθριᾷν
1670 5327 1775 5399 (48]

1885 5323 2102 5379 bescam
2149 5328 2320 5395 magis
2354 5343 2516 5397 quam
2557 5331 2845 5400 quisquam
2879 5333 3018 5388 alius
3043 5373 3058 5399 ,
3109 5335 3151 5389 si
3201 5337 3332 5389 mihi
3372 5338 3473 5407 ipsi

197 5417 398 5480 παντὸς
439 5418 639 5489 μᾶλλον
661 5461 673 5481 ,
703 5418 777 5481 ὦς
810 5435 874 5486 γε
898 5419 1155 5489 ἐμαυτὸν*
1176 5459 1190 5482 ,
1210 5419 1267 5471 ὲν
1300 5413 1380 5483 οἷς
1414 5419 1474 5472 τὸ
1507 5420 1770 5491 ὲρυθριᾷν

1887 5429 1990 5468 non
2020 5416 2374 5485 persuadeam
2401 5418 2509 5482 illa.
2535 5419 2587 5473 in
2611 5421 2808 5490 quibus
2825 5422 3153 5477 erubescere
3186 5423 3473 5493 pulchrum

196 5506 393 5575 καλὸν,
451 5505 863 5579 ἐπιστάμενος),
892 5507 974 5561 ὅτι
1025 5508 1118 5562 καὶ
1165 5509 1502 5580 σεμνύνομαι
1551 5510 1644 5563 ἐπὶ
1691 5508 1768 5580 τῷ

1883 5521 2000 5563 esse
2033 5510 2167 5578 scio,
2207 5521 2267 5565 ut
2301 5512 2466 5568 etiam
2512 5513 2709 5586 glorier
2740 5513 2794 5570 in
2833 5516 2956 5582 hoc,
2990 5524 3144 5569 ut'es
3201 5526 3354 5585 parte
3385 5515 3490 5572 sal-

1317 5643 1549 5700 VARUE
1605 5644 1991 5702 LECTIONES
2022 5643 2112 5698 ET
2148 5643 2361 5702 NOTIE

269 5799 383 5873 (‘3)
417 5800 516 5858 Ριό
553 5801 809 5873 ἐρυθριᾷν
851 5803 994 5859 solus
1033 5807 1152 5860 cod.
1200 5804 1305 5858 Alt.
1349 5805 1559 5869 scribit,
1607 5803 1771 5874 ιρολορ

1897 5802 1978 5858 ἄν.
2009 5802 2221 5858 Possm.
