4122 6462
670 333 808 400 1463

1826 332 1887 390 S.
1923 329 2217 390 ISIDORI
2256 323 2696 388 PELUSIOTJE

3773 313 3920 384 116!

669 459 775 503 tem
801 447 1106 514 passionum
1123 442 1320 498 Christi
1347 442 1556 498 Domini
1579 441 1783 512 possim
1796 451 2225 510 essepartteeps.

2345 441 2434 492 κᾶν
2478 439 2541 490 ἐκ
2587 437 2786 508 μέρους
2807 436 2923 500 τοῖς
2958 433 3313 498 Δισποτικοτς
3346 430 3540 488 πάθεσι
3573 445 3918 500 κεκοινωνη-

979 647 1134 703 CCX.
1159 680 1226 692 -—
1259 643 1560 702 EUTONIO
1597 641 1914 699 DlACONO.

2341 532 2513 585 κέναι.

2653 639 2778 693 Σκο.
2813 666 2883 681 -ο
2925 639 3221 704 armum
3255 615 3571 708 auitam.

735 762 811 817 De
841 761 1039 818 Zosimi
1078 772 1124 816 et
1162 761 1396 815 Maronis
1420 759 1556 813 vitiis
1586 760 1796 822 iterum,
1825 765 1874 810 et
1901 758 1963 810 de
1993 754 2223 808 Judaica
2253 758 2498 823 perﬁdia.
2535 755 2696 830 (Vide
2729 772 2845 826 sup.
2870 767 2916 810 et
2947 755 3098 820 epist.
3124 753 3214 818 20,
3249 753 3322 806 De
3349 747 3491 808 Iuda
3516 745 3836 812 proditore.)

735 871 790 926 Si
827 870 1048 941 quodvis
1096 867 1356 938 supplicio
1392 867 1612 938 dignum
1657 864 1832 921 scelus
1857 865 2229 926 committunt,

667 973 720 1016 et
771 964 976 1032 impura
1038 974 1262 1029 (pta-que
1323 958 1482 1014 verba
1554 956 1832 1026 proferunt
1885 954 2128 1008 Zosimus
2177 962 2233 1007 et

673 1054 878 1120 Maron,
939 1061 1100 1122 atque
1167 1051 1218 1104 in
1262 1051 1520 1118 optimum
1578 1059 1847 1116 quemque
1905 1046 2230 1098 incurrunt:

671 1160 788 1210 quae
816 1156 989 1212 neque
1006 1139 1248 1204 dicenda,
1274 1152 1445 1208 neque
1475 1151 1532 1191 re
1555 1137 1664 1192 sint
1687 1137 2024 1205 exsequenda
2062 1135 2238 1187 ilicon-

673 1247 754 1288 tes
782 1234 980 1302 pariter
1024 1240 1079 1285 ct
1116 1239 1337 1300 agentes
1367 1247 1381 1282 ε
1413 1229 1518 1283 noli
1556 1227 1871 1282 existimare
1917 1225 2173 1279 ultionem
2207 1239 2235 1278 a

677 1330 782 1379 lleo
827 1324 1043 1393 negligi.
1084 1323 1281 1376 mirare
1337 1321 1515 1390 potius
1562 1313 2020 1388 longanimitatem
2070 1317 2237 1371 divini

674 1416 908 1471 numinis
946 1415 1010 1467 ad
1040 1411 1408 1482 paenitentiam
1439 1412 1583 1478 ipsos
1617 1409 1951 1472 invitantem,
1989 1416 2041 1459 et
2075 1421 2236 1461 excu-

672 1507 935 1561 sationem
976 1503 1276 1573 praecisam,
1317 1516 1499 1556 verum
1541 1499 1819 1554 enimvero
1865 1508 1985 1567 post
2015 1513 2119 1550 non
2151 1497 2237 1550 iliu

674 1599 753 1654 vel
786 1598 839 1651 in
871 1598 971 1650 hac
1000 1596 1130 1662 vita,
1159 1595 1238 1648 vel
1279 1595 1330 1649 in
1378 1593 1544 1648 altera
1573 1593 1720 1664 gravi
1751 1607 1842 1646 eos
1870 1590 2131 1658 snpplirio
2165 1590 2240 1641 iu-

673 1701 1010 1762 sequentem.
1062 1687 1118 1744 Si
1175 1689 1318 1743 enim
1369 1688 1460 1758 qui
1531 1697 1656 1741 ante
1702 1685 1960 1741 diluvium
2011 1683 2235 1738 nefanda

675 1779 1036 1851 patrantes“,
1064 1782 1144 1832 vel
1194 1780 1247 1832 in
1282 1776 1529 1832 Sodomis
1583 1777 1813 1830 immane
1865 1781 2147 1843 peccantes
2174 1771 2238 1836 ",

676 1883 765 1928 aut
792 1874 836 1927 si
865 1873 918 1926 in
965 1871 1244 1925 Dominum
1275 1867 1603 1924 insanientes
1637 1866 1779 1920 rabie
1802 1863 1968 1920 Judaei
1997 1863 2240 1933 nupuuiti

671 1966 920 2022 abierunt
956 2003 970 2024 ,
1049 1960 1272 2015 abibunt
1330 1968 1380 2011 et
1432 1957 1536 2011 isti.
1591 1954 1646 2010 Si
1701 1972 1827 2011 vero
1891 1955 2101 2010 illorum
2154 1954 2240 2007 alii

674 2063 797 2107 sunt
853 2049 1105 2106 ﬂuctibus
1147 2047 1366 2114 obruti,
1417 2047 1504 2100 alii
1557 2046 1662 2116 igni
1709 2060 1772 2100 ac
1815 2045 1959 2100 bello
1990 2043 2240 2098 exstincti

674 2144 967 2212 perierunt,
1005 2151 1260 2196 utomues
1285 2153 1405 2194 cum
1434 2138 1642 2208 priores
1667 2147 1775 2191 tum
1801 2135 2008 2191 futuras
2037 2144 2238 2205 tragus-

673 2236 786 2290 itias
813 2232 1176 2297 obseurarint,
1208 2232 1369 2285 etiam
1421 2230 1507 2284 hic
1558 2228 1774 2283 ultimas
1818 2229 1915 2282 has
1941 2227 2237 2297 patientur,

676 2337 883 2391 pteuas.
909 2322 1016 2376 Cur
1035 2321 1200 2390 igitur
1222 2320 1354 2374 nihil
1374 2321 1424 2374 id
1465 2320 1618 2382 facis,
1645 2318 1799 2388 quasi
1823 2318 1926 2372 sint
1953 2318 2245 2388 impuniti?

675 2414 913 2468 lbienim
936 2427 1125 2483 poenas
1149 2411 1372 2465 daturos
1406 2417 1612 2476 notum,
1643 2411 1868 2464 veritate
1895 2411 1965 2464 ita
1998 2426 2240 2480 promtu--

675 2507 883 2558 tiaute:
941 2521 959 2554 ι
1004 2502 1361 2557 Tolerabilius
1424 2501 1529 2555 erit
1583 2511 1737 2556 terra?
1784 2498 2134 2555 Sodomorum
2190 2509 2245 2554 et

672 2596 1141 2652 Gomorrhaeorum
1175 2595 1226 2647 in
1259 2593 1345 2646 die
1367 2592 1590 2662 judicii,
1624 2607 1781 2661 quam
1815 2593 2020 2647 civitati
2052 2593 2126 2646 illi
2149 2591 2195 2626 ⁸⁸
2224 2612 2238 2648 :

676 2689 802 2757 quia
853 2686 1150 2741 Jerusalem
1194 2695 1473 2754 persecuta
1515 2693 1598 2738 est
1639 2684 1884 2737 veritatis
1945 2699 2240 2752 prircones.

675 2779 798 2833 llaec
819 2777 937 2832 ideo
964 2775 1144 2843 retuli,
1181 2785 1434 2844 tanquam
1466 2773 1575 2828 sint
1616 2773 1687 2826 illi
1721 2776 1934 2844 gravius
1965 2775 2239 2842 puniendi,

679 2867 971 2924 Sodomita:
990 2881 1118 2922 vero
1154 2865 1432 2921 remissius
1458 2879 1522 2918 ac
1551 2865 1754 2927 mitius,
1787 2878 1889 2916 non
1925 2865 2080 2918 modo
2120 2865 2243 2932 quia

678 2963 729 3014 in
755 2961 854 3014 hac
883 2959 988 3012 vita
1021 2971 1212 3029 poenas
1261 2955 1669 3024 pependerunt,
1701 2954 1791 3006 sed
1816 2963 1868 3007 et
1900 2955 2026 3023 quia
2055 2963 2241 3008 contra

2409 867 2472 920 Εἰ
2516 865 2682 936 μηδὲν
2730 866 2847 934 μετ’
2900 860 3190 924 ἀκολασίας
3241 855 3348 930 (19)
3387 854 3546 928 εργον
3586 854 3914 922 ἄπρακτον,

2342 957 2477 1026 μήτε
2497 956 2654 1024 λόγον
2674 955 2896 1025 αίσχρὸν
2919 954 3172 1025 ἄρρητον,
3198 950 3272 1012 ὡς
3294 947 3420 1017 φὴς,
3448 942 3919 1018 παραλελοιπδτες

2341 1043 2588 1113 Ζώσιμός
2621 1059 2677 1095 τε
2709 1044 2804 1096 καὶ
2844 1043 3078 1113 Μάρων,
3118 1041 3194 1091 ἐτι
3224 1039 3316 1090 καὶ
3361 1034 3501 1090 κατά
3531 1033 3640 1087 τῶν
3669 1032 3918 1103 ἀρίστων

2344 1134 2696 1203 ἐπιφύονται,
2734 1133 2770 1186 ἃ.
2802 1139 2939 1204 μήτε
2969 1131 3112 1200 λόγῳ
3145 1128 3282 1200 ρητά
3302 1168 3316 1190 ,
3359 1129 3494 1197 μήτε
3520 1125 3666 1196 ἔργῳ
3697 1119 3920 1192 φορητὰ

2344 1222 2438 1283 καὶ
2469 1227 2768 1299 φράζοντες
2797 1227 2888 1279 καὶ
2923 1224 3249 1296 πράττοντες
3269 1240 3282 1253 ·
3323 1221 3398 1292 μὴ
3436 1220 3533 1290 τῆς
3571 1217 3722 1279 θείας
3753 1215 3918 1285 δίκης

2343 1322 2602 1393 ἀμέλειαν
2627 1319 3002 1390 καταψηφίσῃ,
3049 1317 3184 1370 ἀλλά
3217 1311 3462 1385 θαύμαζε
3487 1312 3656 1383 αὐτῆς
3679 1311 3781 1382 τὴν
3807 1327 3919 1380 μα-

2344 1413 2668 1485 κροθυμίαν,
2697 1412 2792 1482 τὴν
2819 1411 2912 1464 νῦν
2940 1412 3038 1481 μὲν
3068 1411 3147 1472 είς
3177 1408 3466 1479 μετάνοιαν
3492 1404 3688 1466 αὐτοὺς
3716 1400 3917 1457 καλοῦ-

2346 1523 2477 1570 σαν,
2518 1505 2609 1557 καὶ
2642 1504 2740 1573 τὴν
2769 1503 3062 1570 ἀπολογίαν
3101 1497 3545 1570 ἀποτεμνομένην
3565 1537 3580 1561 ,
3627 1494 3823 1566 μικρὸν
3859 1492 3915 1546 δέ

2345 1599 2570 1670 ὕστερον
2601 1599 2632 1670 ἦ
2679 1596 2931 1656 ἐνταῦθα,
2968 1595 3000 1667 ἢ
3035 1597 3149 1647 ἐκεῖ
3189 1592 3406 1646 κολάσει
3443 1587 3778 1658 σφοδροτάτῃ
3809 1584 3916 1638 αὒ-

2342 1691 2467 1752 τοὺς
2513 1687 2998 1759 μετελευσομένην.
3031 1686 3091 1738 Ei
3117 1683 3216 1754 μὲν
3246 1683 3354 1752 γὰρ
3397 1682 3448 1734 oi.
3476 1679 3580 1750 πρὸ
3610 1677 3703 1732 τοῦ
3741 1693 3915 1731 κατα-

2344 1778 2588 1851 κλυσμοῦ
2617 1779 2653 1833 ἃ
2687 1778 2761 1849 μὴ
2793 1777 2949 1846 θέμις
2974 1772 3346 1848 δράσαντες,ἢ
3375 1773 3433 1824 ἐν
3462 1771 3719 1841 Σοδόμοις
3743 1771 3915 1836 ὑπερ-

2343 1875 2468 1943 όρια
2507 1871 2864 1932 πταίσαντες.
2900 1869 2932 1940 ἢ
2969 1871 3018 1922 oi.
3049 1867 3192 1922 κατά
3233 1865 3326 1919 τοῦ
3374 1866 3644 1919 Δεσπότου
3689 1861 3914 1915 ἐπιλυτ-

2342 1963 2608 2032 τήσαντες
2635 1960 2877 2014 Ἰουδαῖοι
2895 1957 3230 2029 ἀτιμώρητοι
3245 1951 3914 2024 διέῲυγονβιαφεύξονται

2343 2051 2437 2103 καὶ⁵
2461 2043 2626 2104 οὗτοι.
2653 2049 2715 2102 Εἰ
2745 2049 2800 2102 δὲ
2830 2048 3052 2101 ἐκείνων
3077 2045 3309 2101 ἐνταῦθα
3337 2046 3386 2098 oi
3421 2043 3517 2114 μέν
3540 2040 3912 2111 κατεκλύσθηε

2346 2157 2443 2192 σαν
2467 2178 2481 2200 ,
2517 2140 2564 2192 οἱ
2597 2139 2652 2191 δὲ
2688 2138 2862 2208 πυρὸς
2887 2178 2900 2202 ,
2932 2138 2982 2190 οἱ
3009 2135 3066 2188 δὲ
3099 2135 3335 2205 πολέμου
3366 2133 3524 2203 ἔργον
3554 2134 3909 2202 γεγένηνται,

2342 2232 2416 2294 ὡς
2458 2232 2638 2294 πάσας
2677 2232 2771 2285 καὶ
2807 2231 2904 2293 τὰς
2944 2229 3288 2302 ἔμπροσθεν,
3317 2229 3411 2282 καὶ
3440 2227 3535 2289 τὰς
3570 2225 3708 2298 μετὰ
3737 2223 3911 2279 ταῦτα

2345 2321 2658 2394 ἀποκρύψαι
2695 2321 3020 2392 τραγῳδίας,
3054 2322 3275 2373 κάκεῖσε
3306 2318 3361 2371 δὲ
3399 2316 3496 2380 τὰς
3528 2316 3761 2386 ἐσχάτας
3789 2315 3911 2367 πεί-

2346 2432 2524 2468 σονται
2561 2415 2829 2483 τιμωρίας
2853 2428 2864 2440 ⁸
2913 2413 2979 2464 δι’
3009 2411 3076 2482 ἣν
3115 2411 3292 2464 αἰτίαν
3323 2409 3604 2477 ὀλιγωρεῖς
3623 2449 3636 2473 ,
3681 2407 3758 2470 ὡς
3787 2409 3909 2459 ἀτι-

2345 2511 2614 2578 μωρήτων
2660 2507 2864 2560 τούτων
2907 2506 3108 2571 δντων;
3151 2505 3275 2558 Ὅτι
3321 2504 3431 2571 γάρ
3477 2501 3640 2555 κάκεῖ
3676 2499 3909 2552 δώσουσι

2341 2606 2532 2672 δίκην,
2591 2604 2782 2672 δῆλον,
2841 2603 2905 2654 ἐκ
2967 2600 3059 2652 τοῦ
3119 2599 3218 2668 τὴν
3285 2597 3540 2666 ἀλήθειαν
3595 2593 3905 2662 εἰρηκέναι.

2350 2717 2367 2747 ι
2417 2695 2792 2765 Ἀνεκτότερον
2828 2692 2979 2746 ἐσται
3024 2693 3095 2762 γῇ
3128 2691 3372 2759 Σόδομων
3405 2688 3495 2740 καὶ
3526 2686 3839 2756 Γομόρρων,
3874 2683 3909 2750 ἢ

2343 2789 2409 2856 τῇ
2451 2786 2601 2839 πόλει
2645 2785 2858 2856 ἐκείνῃ,
2909 2802 2926 2833 ι
2981 2785 3045 2852 τῇ
3080 2779 3317 2850 διωξὰσῃ
3360 2777 3598 2846 δηλονότι
3641 2777 3768 2836 τοὺς
3809 2772 3910 2840 τῆς

2345 2878 2602 2948 ἀληθείας
2639 2878 2882 2945 κήρυκας
2901 2890 2916 2905 ⁸
2954 2873 3112 2926 τοῦτο
3140 2872 3194 2924 δὲ
3222 2867 3371 2924 εἶπεν
3389 2911 3404 2934 ,
3449 2869 3522 2931 ὡς
3557 2867 3783 2920 ἐκείνων
3811 2867 3910 2935 μὲν

2344 2966 2762 3038 ἀργαλεωτέραν
2788 2962 3067 3017 δωσόντων
3100 2962 3258 3031 δίκην
3278 3001 3293 3024 ,
3335 2956 3636 3026 Σοδομιτῶν
3679 2955 3736 3008 δὲ
3770 2956 3909 3024 ἡμε-

679 3063 922 3105 natnram
958 3049 1081 3104 vino
1123 3063 1188 3102 ac
1241 3045 1463 3100 libidine
1507 3054 1630 3099 sum
1681 3042 2018 3097 dt'baccltati.
2068 3041 2236 3098 Judaei

2345 3058 2608 3131 ρωτέραν,
2642 3056 2702 3107 ού
2735 3053 2894 3123 μόνον
2919 3051 3004 3104 διά
3032 3050 3093 3104 τὸ
3126 3047 3402 3106 κάνταῦθα
3427 3046 3740 3107 δεδωκέναι,
3776 3042 3914 3096 ἀλλὰ

681 3157 807 3198 vero
836 3141 1097 3197 adversus
1116 3148 1317 3196 naturae
1342 3137 1624 3192 Dominum
1653 3136 2012 3204 deliquerunt.

1174 3439 1403 3496 CCXXI.
1439 3468 1507 3483 σ-
1533 3437 1763 3495 EIDEM.

2345 3152 2438 3204 καὶ
2488 3149 2576 3201 διὰ
2606 3147 2668 3200 τὸ
2710 3147 2837 3208 τοὺς
2882 3145 2980 3214 μὲν
3018 3142 3160 3197 κατά
3188 3140 3289 3208 τῆς
3332 3139 3542 3208 φύσεως
3579 3151 3906 3205 πεπαρῳνη-

2345 3243 2521 3305 κέναι,
2543 3240 2668 3302 τοὺς
2693 3239 2747 3292 δέ
2777 3236 2918 3289 κατά
2945 3233 3036 3288 τοῦ
3063 3233 3330 3287 Δεσπότου
3359 3231 3458 3302 τῆς
3480 3229 3695 3298 φύσεως
3725 3227 3906 3279 λελυτο

2346 3332 2590 3402 τηκέναι.

2803 3437 2973 3492 ΣιίΑν.
3013 3467 3082 3480 -
3121 3437 3208 3506 τᾳ
3247 3435 3446 3503 arra.

993 3555 1068 3609 De
1095 3571 1244 3625 paena
1273 3556 1429 3625 hujus
1459 3564 1505 3609 et
1541 3555 1758 3608 alterius
1787 3555 1921 3608 vitas.
1955 3552 2062 3624 (Ea:
2097 3554 2194 3608 hac
2227 3567 2274 3610 et
2309 3559 2573 3627 superiore
2598 3559 2746 3627 epist.
2787 3557 3015 3624 conﬂata
3038 3556 3188 3625 epist.
3219 3552 3347 3620 203,
3377 3552 3468 3604 lib.
3504 3552 3610 3620 ιιι.)

754 3677 922 3743 Scito,
960 3679 1096 3733 bone
1125 3679 1226 3742 vir,
1252 3682 1396 3746 quod
1417 3679 1459 3732 si
1489 3679 1678 3733 leviter
1702 3693 1766 3732 ac
1795 3679 2055 3733 tolerabili
2085 3680 2243 3734 modo

682 3780 981 3839 curatuque
1020 3768 1178 3823 facile
1219 3770 1577 3837 peccavimus,
1608 3770 2080 3838 ideoque”adversi
2117 3773 2243 3837 quid

686 3862 949 3930 patimur,
1000 3871 1126 3913 tunc
1176 3859 1400 3913 crimina
1459 3859 1806 3927 detergimns.
1870 3858 2064 3914 Gravia
2115 3875 2245 3915 vero

686 3963 844 4020 atque
899 3951 1183 4005 immodica
1239 3961 1535 4019 patrantes,
1584 3949 1638 4004 in
1690 3951 1862 4004 altera
1921 3953 2082 4004 etiam
2136 3953 2244 4004 vita

2424 3684 2586 3745 ἰσθι.
2639 3680 2682 3738 ὧ
2728 3684 2934 3752 ἀγαθὲ,
2989 3684 3073 3736 ὅτι
3125 3682 3174 3735 εί
3221 3683 3374 3735 οίστὰ
3415 3682 3510 3732 καὶ
3559 3679 3772 3749 φορητά
3822 3678 3912 3730 καὶ

2350 3778 2539 3830 εὐίατα
2572 3775 2895 3845 πταίσοιμεν
2915 3816 2930 3839 ,
2958 3775 3049 3826 καὶ
3081 3772 3346 3843 πάθοιμεν
3375 3789 3427 3824 τι
3459 3770 3692 3825 ἐνταῦθα
3722 3771 3909 3831 δεινὸν.

2350 3863 2758 3936 ἀποτριϐόμεθα
2789 3861 2856 3915 τὰ
2895 3862 3211 3930 πταίσματα
3235 3878 3248 3893 ·
3281 3862 3328 3913 εἰ
3357 3860 3412 3913 δέ
3451 3858 3794 3930 ἀπάνθρωπα
3817 3859 3911 3911 καὶ

2349 3957 2496 4009 δεινὰ
2521 3996 2536 4020 ,
2569 3957 2789 4008 κάκεῖσε
2835 3951 3363 4023 τιμωρηθησόμεοα,
3405 3951 3734 4021 κουφότερον
3790 3951 3907 4020 μὲν,

686 4044 911 4097 luemus.
942 4042 1112 4112 626,
1138 4039 1333 4095 Levius
1383 4051 1561 4096 tamen
1592 4055 1657 4095 ac
1682 4042 1887 4107 mitius,
1925 4043 1970 4096 si
1998 4043 2125 4110 quid
2163 4043 2240 4097 hic

2345 4051 2393 4102 si
2417 4047 2696 4103 κάνταῦθά
2737 4064 2789 4100 τι
2827 4045 3096 4116 πάθοιμεν
3119 4085 3134 4109 ,
3168 4044 3465 4116 βαρύτερον
3491 4046 3568 4110 δὲ,
3605 4047 3655 4098 ει
3682 4047 3907 4108 ἀπαθεῖς

685 4134 920 4203 patimur
960 4133 1206 4196 adversi;
1250 4130 1467 4198 gravius
1505 4146 1669 4199 vero,
1717 4131 1764 4188 si
1806 4133 1941 4187 nihil
1976 4135 2063 4188 hic
2105 4134 2240 4202 passi

2345 4136 2671 4207 ἀπέλθοιμεν
2691 4151 2705 4165 ⁸
2738 4135 2852 4190 ἀλλ’
2886 4137 2973 4188 ἵνα
3003 4135 3076 4204 μὴ
3115 4135 3291 4203 λέγειν
3317 4134 3461 4205 ἔχοις
3499 4135 3573 4199 ὡς
3603 4134 3744 4208 αὕτη
3779 4137 3908 4191 ἀπό-

681 4225 789 4277 vita
819 4221 1148 4277 deeedimus.
1178 4219 1374 4274 Verum
1408 4235 1476 4276 ne
1517 4236 1601 4278 me
1630 4221 1780 4276 dicas
1815 4222 1976 4278 veluti
2002 4237 2244 4290 narrare,

686 4330 747 4369 ac
768 4330 871 4368 non
911 4316 1307 4378 demonstrare,
1341 4316 1566 4369 testibus
1593 4317 1852 4370 utendum
1879 4327 1962 4371 est
1996 4322 2246 4371 necessa-

2344 4229 2506 4296 φασίς
2541 4229 2657 4280 ἐστι
2699 4228 2795 4281 καὶ
2821 4228 2921 4280 οὐκ
2959 4227 3250 4292 ἀπόδειξις,
3283 4226 3372 4281 διὰ
3409 4227 3722 4298 μαρτυριῶν
3771 4226 3903 4291 ἀξιο-

2346 4321 2522 4391 χρέων
2554 4320 2815 4391 βαδιεῖται
2845 4321 2874 4372 ό
2903 4319 3060 4387 λόγος
3078 4360 3092 4376 .
3124 4319 3257 4390 Περὶ
3277 4314 3369 4373 οὖν
3397 4319 3503 4373 τῶν
3529 4317 3761 4372 ἐνταῦθα
3790 4319 3913 4372 dm-

689 4407 804 4460 riis.
850 4405 1069 4459 Divinos
1113 4406 1290 4474 itaque
1333 4405 1528 4460 Paulus
1566 4407 1630 4461 de
1677 4407 1762 4472 iis,
1789 4406 1879 4476 qui
1917 4408 2003 4462 hic
2049 4408 2240 4462 delicta

2347 4411 2679 4481 τριϐομένων
2735 4409 2804 4463 τὰ
2868 4411 3206 4480 πταίσματα,
3274 4409 3484 4479 μάρτυς
3541 4407 3902 4478 παραγραφὴν

688 4497 860 4560 luunt,
885 4497 1034 4550 testis
1052 4497 1194 4551 omni
1219 4498 1535 4566 exceptione
1562 4498 1752 4565 major,
1779 4497 2109 4566 redargueus
2132 4514 2246 4563 eus,

689 4589 782 4656 qui
810 4589 1026 4656 indigne
1058 4600 1389 4640 sacramenta
1422 4598 1806 4656 perceperant:
1834 4605 1852 4638 ι
1881 4586 2019 4650 Ideo,
2053 4587 2244 4655 inquit,

2350 4505 2423 4575 μὴ
2466 4504 2847 4573 ἐπιδεχόμενος
2874 4505 2901 4555 ὁ
2940 4503 3223 4566 θεσπέσιος
3271 4502 3516 4564 Παῦλος,
3559 4502 3733 4569 λέγων
3785 4503 3906 4570 περὶ

2346 4594 2452 4645 τῶν
2499 4593 2729 4656 ἀναξίως
2777 4592 2885 4645 τῶν
2929 4593 3240 4662 μυστηρίων
3273 4592 3699 4662 μετειληφότωνο
3746 4609 3764 4642 ι
3814 4591 3908 4643 Διὰ

690 4682 829 4735 intrr
855 4695 953 4733 vos
990 4679 1140 4732 multi
1176 4679 1370 4731 inllrmi
1415 4690 1469 4732 et
1511 4679 1799 4734 imbecilles
1824 4721 1839 4744 ,
1885 4690 1938 4733 et
1979 4681 2240 4733 dormiunt

2345 4684 2504 4738 τοῦτο
2534 4686 2589 4736 ἐν
2631 4685 2757 4754 ύμῖν
2806 4683 2990 4736 πολλοὶ
3032 4685 3277 4747 ἀσθενεῖς
3322 4685 3418 4736 καὶ
3473 4684 3778 4754 ἄρρωστοι,
3819 4683 3908 4734 καὶ

693 4772 868 4824 nuilti.
917 4769 1068 4836 Quod
1131 4771 1174 4824 si
1224 4771 1582 4836 nosmetipsos
1633 4770 2087 4837 diiudicaremus,
2143 4785 2240 4823 non

2348 4777 2644 4846 κοιμῶνται
2713 4776 2921 4830 ἱκανοί·
2978 4776 3024 4828 εί
3087 4776 3195 4845 γὰρ
3252 4776 3477 4837 ἑαυτοὺς
3530 4775 3899 4845 διεκρίνομεν,

694 4861 1059 4929 utiquejtulica
1071 4875 1266 4914 remur.
1290 4860 1420 4913 Dum
1437 4859 1951 4928 judicamurautem,
1977 4876 2004 4912 a
2026 4859 2240 4913 Dominu

2349 4868 2450 4920 οὐκ
2504 4866 2568 4919 ἂν
2622 4866 2982 4936 ἐκρινόμεθα·
3045 4867 3352 4935 κρινόμενοι
3403 4866 3490 4931 δὲ,
3544 4865 3648 4918 ὑπὸ
3703 4865 3902 4934 Κυρίου

695 4953 1034 5019 (:Orripitnul',
1069 4964 1126 5005 ut
1153 4968 1257 5004 non
1279 4967 1398 5004 cum
1430 4952 1528 5005 hoc
1558 4952 1755 5002 mundo
1793 4951 2110 5006 damuemur
2135 4953 2236 5006 ".2

697 5040 824 5094 illud
854 5042 1014 5094 etiam
1064 5043 1167 5111 igni
1214 5041 1522 5094 excruciato
1563 5039 1712 5093 diviti
1748 5042 1949 5094 dictum
1979 5043 2042 5093 ab
2075 5042 2244 5095 Abra-

699 5135 858 5187 batuo
876 5134 1059 5187 eodem
1085 5134 1312 5200 pertinet
1346 5151 1359 5186 :
1393 5151 1410 5182 ι
1436 5131 1560 5194 Fili,
1585 5133 1867 5186 recordare
1890 5134 2015 5200 quia
2043 5134 2250 5200 recepi-

697 5226 763 5279 sti
799 5225 934 5280 bella
981 5226 1032 5280 in
1079 5227 1182 5279 vita
1233 5235 1340 5280 tua.
1377 5225 1615 5280 Lazarus
1663 5225 1912 5279 similiter
1960 5225 2094 5279 mala
2125 5226 2193 5279 '°.
2229 5246 2244 5276 ι

772 5395 816 5426 ⁸⁸
839 5395 970 5450 Cm».
1003 5413 1070 5459 ιι,
1105 5399 1119 5448 l
1150 5412 1300 5464 seqq.
1377 5398 1416 5428 “
1457 5397 1590 5453 Gen.
1622 5413 1731 5461 XIX,
1776 5400 1792 5451 ί
1826 5414 1940 5467 seq.

2353 4958 2747 5025 παιδευόμεθα,
2800 4959 2884 5010 ἵνα
2942 4957 3016 5028 μὴ
3071 4959 3166 5010 σὺν
3213 4956 3288 5027 τῷ
3333 4956 3518 5026 κόσμῳ
3567 4955 3901 5024 κατακριθῶ-

2353 5065 2470 5116 μεν.
2504 5067 2519 5097 ι
2557 5048 2665 5098 Καὶ
2688 5047 2745 5098 τὸ
2775 5047 3062 5117 εἰρημένον
3087 5046 3145 5099 δὲ
3187 5047 3322 5117 πρδς
3360 5047 3450 5100 τὸν
3475 5045 3867 5114 Ἀποτηγανιζό

2359 5151 2519 5204 μενον
2551 5132 2825 5197 πλούσιον,
2852 5134 3049 5205 ταύτης
3071 5135 3188 5187 ἐστὶ
3217 5136 3316 5204 τῆς
3355 5135 3581 5198 ἐννοίας,
3622 5135 3704 5188 ὃτι
3736 5153 3752 5184 ι
3778 5135 3898 5186 ’Λπ-

2357 5224 2544 5288 έλαϐες
2581 5225 2647 5278 τὰ
2679 5224 2856 5291 ἀγαθά
2884 5241 2976 5278 σου
3012 5227 3068 5279 ἐν
3107 5227 3172 5296 τῇ
3203 5224 3314 5296 ζωῇ
3346 5241 3437 5278 σου
3459 5264 3474 5287 ,
3509 5222 3707 5294 ὁμοίως
3737 5223 3794 5277 δέ
3823 5224 3901 5276 καὶ

2017 5395 2278 5462 “Matth,
2324 5416 2373 5463 χ,
2406 5399 2485 5452 15.
2565 5401 2648 5453 "l
2692 5401 2817 5454 Cor.
2864 5415 2937 5462 τι,
2969 5399 3160 5454 30-52.
3237 5399 3281 5431 "
3321 5397 3449 5455 Luc.
3489 5414 3574 5451 τινι
3600 5438 3614 5462 ,
3647 5397 3730 5454 35

1787 5548 2018 5602 VARI/ﬁ
2057 5547 2431 5603 LECTIONES
2473 5549 2557 5604 ET
2599 5550 2826 5606 ΝΟΤᾹΞ.

783 5703 882 5774 {-39}
920 5701 1020 5758 i'rn
1053 5705 1163 5772 μετ’
1199 5702 1343 5756 itm}.
1381 5704 1531 5758 codd.
1565 5702 1677 5757 Val.
1714 5704 1815 5759 530
1849 5715 1893 5760 et
1934 5708 2036 5761 Alt.
2065 5705 2232 5761 haben

2347 5710 2423 5778 ἦτ’
2459 5710 2543 5762 ἁκ.
2571 5706 2780 5763 Possm.
