4122 6434
1893 342 1934 395 S
1994 342 2065 395 IS

696 342 835 411 μω
903 454 1277 514 CCXXlll.-
1309 447 1704 506 HARPOCBE
1735 446 2065 503 RHETORI.

1893 337 1934 395 S
1994 333 2286 396 lSlDORI
2324 328 2760 395 PELUSIOT/E

2298 456 2343 508 Α
2651 440 2821 494 ΣΚΓ’.
2874 468 2942 482 -
2988 436 3314 508 ΔΡΠΟΚΡᾼ
3343 437 3648 508 meum.

3798 323 3926 387 H68

701 567 960 623 Virtutem
980 568 1154 635 potius
1179 579 1294 620 cum
1321 562 1751 627 adversitatibus,
1788 577 1947 633 quam
1982 562 2106 615 vitia
2126 574 2265 683 eos:

2346 557 2651 695 ἱῗέιῗίεοιε,
2678 553 2914 609 colenda.
2949 551 3183 625 (Confer.
3211 553 3362 621 epist.
3401 552 3488 615 18,
3516 550 3606 615 68,
3644 548 3771 614 229,
3797 548 3920 613 εει.

763 766 888 822 Scio
928 767 1058 821 mihi
1101 765 1295 835 partim
1344 764 1605 820 creditum
1643 778 1747 818 non
1803 765 1900 828 iri,
1957 763 2259 831 partimque

692 854 983 926 hyperbole
1025 856 1249 909 videbor
1280 854 1375 919 uti,
1411 853 1512 907 nisi
1558 867 1735 906 meum
1763 853 1976 907 noveris
2009 864 2253 914 morem:

690 948 911 1002 alterius
941 945 1170 1000 fortasse
1197 960 1302 998 non
1334 943 1549 999 dixero.
1577 942 1710 997 Novi
1736 944 1934 998 etenim
1969 942 2256 1012 plerosque

689 1052 787 1107 per
816 1052 873 1091 se
895 1036 960 1092 de
984 1036 1106 1090 aliis
1141 1034 1283 1091 ferre
1312 1035 1488 1091 solere
1524 1034 1806 1102 judicium.
1847 1033 1976 1088 Dico
2001 1032 2256 1087 libentius

690 1140 777 1179 me
804 1126 1002 1180 bonum
1037 1113 1246 1195 agendo
1274 1126 1496 1179 adversa
1530 1124 1661 1194 pati,
1695 1138 1855 1193 quam
1882 1123 2018 1177 male
2051 1122 2255 1194 agendo

689 1219 959 1273 coronari.
1018 1217 1089 1273 Ut
1135 1218 1276 1270 enirn
1331 1226 1597 1271 transeam
1652 1216 1840 1270 virtuti
1885 1229 2136 1270 coronam
2196 1216 2250 1270 in

686 1307 853 1361 altera
907 1308 1014 1359 vita
1073 1307 1404 1375 repositam,
1459 1321 1671 1378 pmuam
1739 1321 1868 1362 vero
1922 1306 2252 1385 improbitati

686 1406 1066 1465 praeparatam,
1110 1398 1280 1452 virtus
1312 1398 1539 1466 ipsamet
1565 1411 1766 1451 corona
1795 1411 1857 1451 ac
1879 1411 2089 1452 merces
2120 1397 2249 1451 mihi

686 1501 806 1540 esse
835 1485 1078 1552 videtur,
1118 1496 1174 1542 et
1217 1487 1404 1542 vitimn
1448 1501 1571 1544 esse
1618 1487 1962 1556 supplicium.
2019 1485 2086 1541 Et
2143 1503 2250 1543 non

688 1577 1088 1646 praeelegerim,
1143 1579 1189 1632 si
1254 1579 1506 1632 virtutem
1555 1580 1770 1648 quidem
1805 1577 2248 1645 calumniantur;

687 1667 870 1720 vitium
918 1682 1049 1722 vero
1090 1667 1350 1724 extollunt
1379 1686 1393 1723 :
1421 1678 1478 1723 et
1538 1669 1683 1722 illam
1728 1668 1941 1738 quidem
1980 1670 2248 1734 deserere,

2433 751 2563 807 Οἶδα
2608 755 2687 806 ὅτι
2739 752 2888 823 παρά
2934 767 3093 803 τινων
3141 748 3239 820 μὲν
3271 749 3731 820 ἀπιοτηθήσομαι,
3780 750 3928 820 παρά

2361 859 2525 897 τινων
2556 844 2612 897 δὲ
2650 841 2920 912 ὑπερϐολῇ
2970 839 3275 911 κεχρῆσθαι
3318 839 3750 911 νομισθήσομαιο
3791 841 3928 910 πλὴν

2363 936 2479 989 ἀλλ’
2533 935 2830 1005 ἐπειδήπερ
2884 929 3041 987 οἶσθά,
3075 949 3177 1002 μου
3233 933 3323 985 τὸν
3351 932 3548 1002 τρόπον
3608 931 3777 1002 (ἄλλο
3822 932 3929 1002 τάρ

2364 1019 2492 1086 ῐσως
2539 1022 2639 1076 οὐκ
2669 1021 2735 1075 ἂν
2788 1017 2942 1075 εἷπον
2967 1038 2983 1054 ο
3017 1017 3133 1074 οῖδα
3174 1019 3282 1092 γὰρ
3309 1019 3535 1083 πολλοὺς
3576 1020 3640 1074 ἑκ
3671 1020 3782 1073 τῶν
3808 1018 3930 1073 καθ’

2361 1112 2588 1176 ἑαυτοὺς
2617 1114 2710 1167 καὶ
2738 1113 2838 1177 τὰς
2861 1103 3006 1184 ’περὶ
3027 1112 3135 1166 τῶν
3173 1112 3346 1166 ἀλλων
3372 1112 3636 1183 φέροντας
3667 1112 3925 1181 ψήφους),

2361 1205 2523 1273 φημὶ,
2552 1206 2636 1259 ὅτι
2664 1205 3064 1276 ἀσμενέστερον
3095 1204 3206 1273 (51)
3253 1206 3456 1275 ἀρετὴν
3485 1204 3668 1258 ἀσκῶν
3699 1203 3930 1257 ἐνταῦθα

2360 1295 2554 1366 πάσχω
2603 1295 2807 1360 κακῶς,
2835 1295 2869 1367 ἦ
2917 1296 3119 1350 κακίαν
3153 1295 3351 1366 μετιὼν
3388 1294 3782 1364 στεφανοῦμαι.
3814 1295 3928 1348 Ἵνα

2357 1384 2466 1457 γάρ
2494 1387 2652 1457 παρῶ
2673 1387 2760 1440 τὸν
2796 1386 3060 1457 στέφανον
3108 1388 3199 1441 τδν
3222 1389 3288 1459 τῇ
3321 1389 3488 1458 ἀρετῇ
3532 1388 3708 1439 ἐκεῖσε
3737 1386 3928 1457 εὐτρε-

2357 1475 2635 1542 πισθέντα,
2671 1479 2765 1530 καὶ⁸
2816 1477 2915 1549 τὴν
2963 1478 3186 1532 κόλασιν
3235 1476 3336 1548 τὴν
3384 1479 3452 1548 τῄ
3484 1477 3652 1547 κακίᾳ
3706 1477 3926 1545 ἑτοιμα-

2365 1565 2604 1631 σθεῖσαν,
2659 1567 2795 1638 αὑτὴ
2841 1569 2876 1639 ή
2925 1567 3094 1638 ἀρετὴ
3128 1569 3388 1636 στέφανος
3429 1561 3570 1618 εἶναι
3626 1581 3716 1636 μοι
3755 1565 3922 1626 δοκεῖ,

2355 1658 2448 1710 καὶ
2477 1659 2511 1727 ἡ
2542 1655 2709 1711 κακία
2763 1658 3005 1722 κόλασις.
3057 1659 3169 1712 Καὶ
3207 1659 3306 1711 οὐκ
3341 1658 3407 1711 ἂν
3452 1657 3696 1727 ἑλοίμην,
3735 1659 3784 1710 εί
3826 1658 3922 1727 τὴν

686 1758 788 1811 huc
835 1773 968 1812 vero
1011 1759 1284 1827 amplecti.
1327 1757 1805 1813 Vérumenimvero
1851 1759 1989 1813 hanc
2039 1758 2253 1828 quidem

2360 1745 2462 1815 μὲν
2494 1747 2696 1816 ἀρετὴν
2746 1745 3015 1818 ὑϐρίζοιέν
3055 1764 3220 1813 τινες,
3266 1747 3367 1818 τὴν
3400 1745 3456 1799 δὲ
3486 1747 3684 1801 κακίαν
3728 1763 3924 1816 στεφα-

684 1847 876 1912 iujuria
906 1846 1031 1902 licet
1059 1847 1305 1902 atl‘ectam
1325 1847 1622 1916 amplector
1646 1860 1702 1901 et
1736 1862 1877 1913 amo,
1896 1847 2083 1902 vitium
2101 1861 2251 1915 vero,

687 1938 901 1992 tametsi
931 1946 1272 2003 coronatum,
1306 1952 1562 1994 exsecror
1583 1939 1743 2008 atque
1766 1938 1872 1993 odi.

787 2131 1063 2192 CCXX".
1103 2164 1174 2177 —-
1214 2135 1520 2192 HYPATIO
1559 2136 2140 2194 llEMPUBUBLlCAM

1183 2205 1750 2262 ADMlNleRANTl.

2359 1837 2520 1902 νοίεν,
2547 1837 2647 1908 τῆς
2689 1837 2789 1907 μὲν
2831 1837 3219 1909 ἀποφοιτῆσαι,
3266 1838 3365 1908 τῆς
3395 1837 3453 1892 δὶ
3501 1836 3882 1891 ἀντιλαϐέσθαι
3908 1853 3922 1867 ”

2355 1924 2493 1980 ἀλλά
2519 1926 2619 1997 τὴν
2651 1927 2750 1997 μὲν
2776 1927 2870 1980 καὶ
2903 1927 3261 2000 ὑϐριζομένην
3289 1928 3604 1999 ἀσπάζομαι
3636 1928 3727 1981 καὶ
3763 1928 3922 1997 φιλῶ,

2357 2017 2456 2089 τὴν
2485 2016 2542 2070 δὲ
2573 2017 2666 2071 καὶ
2710 2019 3153 2091 στεφανουμένην
3184 2018 3539 2091 βδελύττομαι
3568 2019 3660 2073 καὶ
3700 2019 3870 2090 μισῶ.

2566 2126 2733 2182 ΣΚΔ’.
2763 2157 2836 2168 -—
2862 2125 3120 2199 ΥΠΑΤΙῼ
3147 2127 3702 2200 ΠΟΛΙἹῈΥΟΜΕΝῼ.

1475 2321 1765 2375 Avaritiam
1802 2318 2126 2389 fugiendam.
2162 2321 2399 2394 (Confer.
2437 2326 2585 2394 epist.
2621 2325 2678 2386 8.
2725 2327 2814 2391 55,
2844 2326 2934 2392 67,
2981 2327 3128 2396 142.)

749 2450 1191 2522 Quandoquidem
1237 2454 1472 2517 diﬂicile,
1533 2455 1638 2509 hoc
1689 2463 1793 2518 est,
1839 2453 2122 2510 molestum
2154 2454 2243 2518 sit,

677 2541 766 2610 qui
799 2543 1110 2598 divitiarum
1141 2556 1330 2614 captus
1359 2561 1546 2601 amore
1581 2557 1685 2611 est,
1733 2549 2052 2615 resipiscere
2083 2545 2246 2617 (κει-ο

675 2638 820 2692 enim
867 2637 1147 2692 emendari
1196 2647 1393 2707 potest,
1430 2653 1498 2692 ne
1546 2638 1744 2706 dicam,
1796 2639 2240 2695 inemendabilem

673 2723 974 2792 huiusmodi
1019 2724 1186 2795 esse),
1217 2727 1349 2780 nihil
1383 2741 1489 2780 non
1527 2726 1821 2797 agendum,
1869 2742 1935 2783 ne
1976 2729 2076 2783 boc
2100 2729 2243 2783 malo

672 2816 928 2884 οειρὶοι-ἰε.
961 2815 1364 2871 Faciliusenim
1418 2827 1502 2872 est
1549 2834 1654 2873 non
1698 2819 1838 2888 capi,
1869 2833 2030 2888 quam
2076 2819 2244 2876 semel

671 2915 886 2976 captum
918 2906 983 2960 ab
1012 2920 1077 2961 eo
1106 2907 1295 2961 morbo
1316 2907 1556 2962 liberari.

914 3033 1166 3090 CCXXV.
1204 3064 1274 3076 —
1300 3034 1637 3091 PALLADIO
1667 3035 1986 3091 DIACONO.

2431 2449 2658 2524 Ἐπειδὴ
2689 2454 2946 2523 χαλεπὸν,
2979 2455 3221 2509 τουτέστι
3251 2456 3524 2532 δύσκολον,
3555 2455 3646 2509 τὸν
3679 2457 3758 2521 εἰς
3784 2456 3918 2529 ῑρωο

2352 2561 2422 2598 τα
2469 2543 2769 2615 χρημάτων
2814 2546 3125 2615 ἐμπεσόντα
3178 2545 3469 2601 ἀνανεῦσαι
3513 2545 3917 2619 (δυσδιόρθωτος

2351 2637 2481 2708 γὰρ,
2516 2637 2603 2691 ἵνα
2634 2637 2716 2708 μὴ.
2741 2635 2882 2690 εἴπω
2905 2637 3259 2705 ἀδιόρθωτος,
3294 2640 3323 2692 ό
3350 2638 3587 2701 τοιοῦτος
3631 2639 3907 2709 γίνεται),

2347 2727 2528 2778 πάντα
2571 2726 2675 2796 χρὴ
2723 2726 3018 2796 πράττειν,
3080 2727 3222 2783 ὥστε
3273 2728 3348 2799 μὴ
3377 2727 3579 2782 ἀλῶναι
3630 2729 3708 2800 τῷ
3734 2729 3911 2800 δεινῷ.

2351 2814 2729 2887 Εὑκολώτερον
2749 2816 2857 2887 γάρ
2885 2815 2961 2888 μὴ
2983 2817 3208 2882 ἁλῶναι,
3234 2817 3266 2889 ἢ
3287 2818 3480 2873 ἁλόντα
3505 2819 3914 2891 ἀνακτήσασθαι

2351 2904 2564 2962 ἑαυτόν.

2626 3038 2796 3092 me.
2827 3067 2897 3079 —
2929 3040 3273 3114 ΠΔΛΛΔΔΙῼ
3313 3042 3631 3114 AIAKoNu.

671 3148 772 3215 Qui
797 3148 918 3201 bene
944 3149 1196 3216 paruerit,
1228 3150 1272 3202 is
1301 3157 1436 3201 recte
1479 3149 1771 3217 imperabit.
1814 3147 1988 3233 (flat.
2037 3147 2344 3233 Ariston.“
2372 3149 2522 3233 alii,
2559 3152 2718 3233 τρέε-[κ
2747 3154 2899 3223 epist.
2931 3155 3058 3224 455,
3084 3169 3132 3211 et
3167 3159 3240 3213 ibi
3290 3169 3467 3215 notata
3517 3162 3662 3233 σχολ.
3707 3161 3911 3223 Similis

1855 3218 1977 3312 huic
2020 3217 2089 3271 ad
2127 3220 2362 3272 eumdem
2394 3221 2541 3290 epist.
2573 3221 2724 3292 275.)

740 3345 795 3398 Si
840 3345 1047 3414 legibus
1078 3385 1092 3410 ,
1155 3347 1350 3416 quibus
1403 3347 1711 3416 respublica
1773 3325 2265 3414 administratur,‘

2406 3350 2468 3402 El
2497 3350 2629 3413 τοὺς
2653 3351 2924 3424 ὑπηκόους
2950 3354 3060 3408 τῶν
3096 3356 3298 3426 νόμων,
3329 3359 3453 3413 καθ’
3481 3352 3561 3414 ὧν
3586 3361 3899 3419 πολιτεύον-

665 3437 832 3509 628
864 3437 1133 3505 subjectos
1163 3439 1386 3494 minime
1427 3440 1683 3493 conven‘il
1717 3439 2067 3495 refractarios
2092 3454 2236 3505 esse,

666 3529 835 3582 multo
899 3527 1074 3583 minus
1123 3529 1214 3598 qui
1269 3530 1559 3598 imperant.
1636 3532 1749 3598 Qua
1819 3532 1962 3586 enim
2027 3533 2242 3587 ratione

666 3617 896 3671 subditis
945 3617 1090 3686 leges
1145 3629 1468 3688 proponent,
1529 3620 1609 3675 vel
1663 3619 1872 3688 justum
1921 3622 1989 3676 ab
2036 3621 2239 3691 injusm

665 3708 997 3772 ilisceruent,
1048 3711 1138 3777 qui
1175 3711 1443 3779 imperare
1475 3711 1758 3766 nesciant?
1809 3711 2009 3765 Horum
2059 3713 2238 3782 itaque

663 3800 826 3853 rudes
856 3808 909 3853 et
957 3801 1151 3868 ignari,
1181 3803 1381 3870 quique
1413 3803 1542 3856 nihil
1597 3811 1740 3857 recte
1773 3803 2040 3872 imperare
2075 3804 2236 3872 (quod

663 3903 793 3942 sane
823 3905 1016 3944 munus
1061 3906 1167 3946 nou
1212 3903 1294 3947 est
1323 3893 1595 3962 exiguum)
1630 3895 1934 3959 didicerint,
1984 3895 2238 3950 mandare

665 3978 712 4030 si
750 3979 1158 4046 aggrediantur,
1190 3980 1328 4034 idem
1360 3981 1466 4035 illis
1500 3982 1925 4050 uSuvenit,quod
1952 3983 2234 4052 aurigandi

663 4067 954 4137 imperitis,
981 4084 1171 4123 currus
1204 4073 1568 4126 conscendere
1589 4073 1760 4134 ausis.
1793 4074 1886 4141 qui
1912 4088 1968 4128 se
1989 4083 2040 4128 et
2071 4088 2238 4142 equos

661 4160 932 4227 perditum
961 4168 1086 4212 eant
1117 4178 1130 4214 :
1161 4161 1243 4214 vel
1291 4163 1577 4230 navigandi
1627 4163 1856 4218 rudibus
1920 4163 1974 4217 in
2031 4174 2234 4220 tantam

660 4249 1064 4314 erumpentibus
1127 4252 1450 4305 dementiam
1485 4292 1499 4315 ,
1560 4262 1630 4306 'ut
1691 4255 1962 4324 ingentem
2044 4271 2232 4309 navem

661 4342 1020 4407 gubernaculo
1066 4357 1255 4412 regere
1307 4343 1432 4396 dum
1491 4353 1738 4406 tentant,
1800 4345 1853 4399 in
1912 4346 2232 4414 profundum

661 4429 833 4496 pelagi
867 4430 1026 4483 simul
1064 4431 1466 4500 demergantur.
1514 4432 1768 4504 Quisquis
1793 4436 1972 4505 itaque
2002 4437 2233 4492 salutem

663 4530 810 4571 autat
843 4535 1018 4584 suam,
1049 4523 1223 4589 primo
1250 4538 1309 4577 se
1344 4524 1631 4580 multorum
1652 4527 1986 4582 subdilorum
2012 4545 2236 4584 numero

663 4620 938 4680 aggreget.
974 4611 1126 4676 Quod
1167 4615 1211 4668 si
1258 4615 1454 4669 nimius
1497 4617 1670 4683 ipsum
1727 4620 2024 4689 imperandi
2083 4636 2236 4674 amor

663 4698 938 4764 invaserit,
988 4700 1135 4759 illum
1165 4717 1193 4755 a
1230 4717 1288 4757 se
1329 4703 1594 4772 repellat:
1630 4715 1721 4758 aut
1754 4707 2036 4775 imperium
2081 4716 2228 4763 recte

662 4787 884 4843 ferendo
939 4805 1102 4860 posse
1159 4801 1307 4847 recte
1370 4793 1638 4869 imperare
1691 4797 1896 4863 discat;
1945 4808 1998 4851 et
2049 4815 2113 4853 ne
2166 4815 2224 4855 se

664 4880 875 4950 negotio
923 4882 1150 4948 ingerat.
1191 4884 1284 4937 Sin
1313 4887 1476 4952 ad_id
1513 4895 1732 4942 vocatus
1771 4888 1949 4954 fuerit,
1989 4902 2224 4952 recuset,

662 4969 706 5026 si
734 4969 844 5023 ileri
869 4973 1057 5040 possit,
1090 4976 1258 5030 satius
1281 4977 1420 5030 cuim
1446 4995 1458 5044 ;
1483 4978 1565 5033 siu
1583 4994 1708 5034 vero
1747 4980 1847 5036 etsi
1879 4983 1978 5037 sub
2001 4984 2224 5054 legibus,

661 5059 929 5129 imperans
958 5062 1190 5119 obediet.

2341 3458 2467 3504 ται,
2512 3442 2772 3509 ἀνηκόους
2815 3440 2950 3497 εῖναι
3001 3445 3063 3496 οὐ
3119 3447 3248 3515 χρὴ,
3300 3447 3479 3518 πολλῷ
3533 3450 3734 3519 μᾶλλον
3781 3455 3907 3518 τοὺς

2343 3533 2533 3604 ἄρχειν
2564 3535 2861 3604 λαχόνταςο
2903 3535 3020 3598 πῶς
3057 3537 3166 3608 γάρ
3194 3537 3261 3590 ἂν
3300 3541 3413 3602 τοῖς
3442 3541 3763 3612 ἀρχομένοις
3794 3545 3911 3599 διαο

2342 3623 2603 3695 λεχθεῖεν,
2632 3625 2748 3694 ἢτδ
2785 3625 2996 3680 δίκαιον
3020 3629 3083 3680 ἐκ
3116 3627 3210 3681 τοῦ
3257 3628 3440 3684 ἀδίκου
3471 3631 3823 3704 διακρίνοιεν,
3855 3637 3904 3689 οί

2345 3713 2480 3783 μηδὲ
2539 3714 2688 3776 ὅπως
2740 3714 2845 3785 χρὴ
2902 3715 3091 3785 ἄρχειν
3139 3717 3531 3787 ὲπιστάμενοι;
3600 3723 3756 3777 Ὅσοι
3815 3721 3910 3780 οὖν

2342 3804 2548 3856 τούτων
2592 3803 2810 3874 ἄπειροι
2865 3805 3050 3868 ὅντες,
3096 3807 3191 3859 καὶ
3239 3809 3359 3861 οὐδὲ
3409 3811 3587 3877 καλῶς
3645 3814 3909 3885 ἄρχεσθαι

2345 3893 2751 3964 μεμαθηκότες*“
2783 3896 2896 3964 (καὶ
2947 3897 3105 3950 τοῦτο
3151 3897 3259 3969 γάρ
3304 3901 3365 3953 οὐ
3422 3904 3654 3974 μικρὸν),
3720 3907 3910 3978 ἄρχειν

2341 3985 2726 4054 ἐπεχείρησαν,
2773 3985 2967 4040 ταυτδν
3007 3989 3306 4042 πεπόνθασι
3349 3995 3463 4055 τοῖς
3514 3994 3758 4066 ἀπείροις
3810 3997 3909 4067 μέν

2340 4093 2443 4130 που
2477 4076 2683 4147 (52-55)
2708 4077 2960 4148 ἠνιοχεῖν,
2986 4077 3238 4148 ἐπιϐῆναι
3266 4082 3323 4135 δὲ
3346 4086 3457 4145 τοῖς
3483 4084 3688 4155 δίφροις
3705 4088 3910 4159 τολμή-

2340 4183 2487 4230 σασι,
2520 4167 2613 4220 καὶ
2635 4168 2862 4231 ἑαυτοὺς
2891 4170 3129 4233 καὶτοὺς
3155 4170 3354 4236 ἵππους
3388 4177 3866 4242 προσαπολέσασιν
3888 4199 3902 4210 ·

2335 4257 2502 4330 ἢτοίς
2528 4260 3010 4330 ἀπειροθαλάττοις
3040 4261 3158 4331 μὲν,
3183 4265 3264 4326 είς
3310 4267 3576 4336 τοσαύτην
3617 4267 3674 4319 δὲ
3707 4271 3904 4338 μανίαν

2337 4348 2692 4415 ἑξοκείλασιν,
2736 4352 2812 4414 ὡς
2863 4353 2957 4404 καὶ
3011 4354 3360 4422 μυριαγωγὸν
3407 4356 3605 4410 ὁλκάδα
3659 4361 3902 4414 οίακίσαι

2335 4441 2705 4511 ἐπιχειρῆσαι,
2771 4443 2890 4513 μεθ’
2935 4439 3004 4516 ἦς
3033 4445 3112 4507 είς
3143 4445 3235 4498 τὸν
3283 4445 3442 4516 βυθὸν
3487 4448 3586 4516 τῆς
3635 4448 3902 4523 θαλάττης

2337 4531 2639 4601 ἐχώρησαν.
2679 4533 2736 4586 '0
2755 4532 2934 4586 τοίνυν
2955 4534 3053 4602 τῆς
3087 4535 3358 4604 σωτηρίας
3379 4537 3568 4590 ἑαυτοῦ
3597 4539 3902 4595 ἀντιποιού-

2341 4638 2520 4690 μενος,
2557 4622 2789 4691 μάλιστα
2828 4623 2928 4694 μὲν
2961 4625 3040 4687 είς
3077 4625 3174 4693 τὴν
3217 4625 3325 4678 τῶν
3364 4627 3679 4698 ἀρχομένων
3711 4632 3900 4683 ἑαυτὸν

2336 4711 2718 4766 καταταττέτω
2745 4712 2952 4782 πληθύν
2975 4728 2988 4742 ’
3021 4713 3141 4766 είδὲ
3165 4713 3362 4777 ἄτοπος
3390 4715 3564 4785 ἀρχῆς
3593 4716 3730 4785 ἔρως
3758 4718 3900 4788 αὐτῷ

2336 4802 2618 4871 ὲπιπταίη,
2652 4801 2984 4866 ἐξελαυνέτω
3015 4802 3202 4856 τοῦτον
3239 4807 3333 4871 ἀφ’
3367 4805 3580 4865 ἑαυτοῦ,
3617 4807 3649 4878 ἧ
3678 4808 3766 4860 διὰ
3803 4810 3893 4862 τοῦ

2336 4890 2513 4955 καλῶς
2545 4893 2806 4961 ἄρχεσθαι
2837 4892 2898 4944 τὸ
2939 4891 3194 4947 δύνασθαι
3236 4893 3415 4958 καλῶς
3441 4897 3600 4966 ἄρξαι
3650 4899 3895 4954 παιδευέ-

2339 4981 2482 5034 σθωο
2539 4984 2632 5037 καὶ
2684 4985 2757 5054 μὴ
2811 4985 3180 5055 ἐπιρριπτέτω
3243 4986 3341 5056 μὲν
3382 4987 3572 5042 ἑαυτὸν
3632 4989 3710 5059 τῷ
3757 4992 3894 5061 πρᾶο

2338 5090 2544 5143 γματι·
2607 5078 2654 5128 εί
2708 5071 2765 5129 δὲ
2819 5076 3064 5148 κληθείη,
3123 5079 3508 5148 παραιτείσθω,
3559 5083 3605 5134 εί
3646 5076 3756 5135 οἷόν
3802 5099 3890 5136 τε·

2336 5164 2554 5232 ἄμεινον
2584 5166 2689 5237 γάρ
2711 5182 2722 5194 ’
2778 5168 2824 5219 εί
2851 5167 2907 5219 δὲ
2944 5167 3038 5238 μὴ,
3068 5167 3170 5222 κᾶν
3203 5169 3307 5223 ὑπὸ
3359 5169 3462 5225 τῶν
3514 5173 3713 5243 νόμων,
3743 5173 3891 5245 βασι-

2335 5254 2458 5307 λευό
2465 5274 2619 5325 μενος
2647 5259 2875 5326 ἀρχέτω.
3520 5258 3522 5260 ’

1753 5429 1981 5483 ΧἈΒΙᾸΞ
2026 5430 2408 5486 LECTIONES
2449 5431 2534 5485 ET
2570 5432 2801 5489 NUTJ‘I.

739 5593 850 5662 (51)
913 5599 1330 5672 Ἀσμενέστερον
1386 5603 1542 5657 iidem
1581 5615 1784 5661 mutant
1814 5608 1864 5660 iu
1893 5609 2224 5676 ἁσμενέστα-

661 5679 748 5728 τα,
780 5680 831 5718 et
858 5683 994 5722 ver».
1024 5689 1133 5737 seu.
1159 5691 1251 5740 plu
1276 5676 1466 5742 πάσχω
1492 5677 1987 5749 δρα-ἰυυιιιπάσχων.
2024 5678 2232 5735 Possm.

2321 5631 2337 5636 -
2408 5610 2615 5681 (52-53)
2655 5612 2758 5669 Pro
2787 5611 2888 5666 ποῦ
2905 5612 3101 5670 habent
3134 5613 3222 5669 τοῦ
3248 5618 3401 5671 codd.
3430 5616 3548 5672 Vat.
3578 5619 3682 5674 650
3707 5632 3761 5676 et
3786 5625 3890 5680 Att.

2347 5682 2420 5737 lu.
