4122 6502
1031 414 1567 478 EPISTOLARUM
1601 414 1750 474 LIB.
1779 414 1852 474 'V.
1885 437 1953 448 --
1991 413 2230 473 EPIST.
2273 408 2597 470 CCXXVII.
3335 402 3477 468 14⁸10

487 530 672 598 Σκςι.
708 556 780 571 -
811 526 1111 597 ΟΥΡΑΝΙῼ
1167 511 1488 594 ΔΙἈΚΟΝῼ.

2157 516 2438 575 CCXXV].
2463 547 2534 558 —
2565 511 2857 572 URBANO
2889 512 3193 570 DIACONO

199 643 277 698 De
309 645 440 697 bono
476 644 848 700 tentationum.
878 640 942 696 Et
973 642 1028 695 in
1060 639 1195 694 illud
1234 639 1431 696 Christi
1458 654 1475 693 :
1507 656 1526 691 ι
1563 640 1798 762 οὲιέιεἹὲ

1905 651 1965 759 gn
2017 634 2223 753 igitr-etis
2267 633 2325 687 in
2366 630 2704 687 tentationem
2741 629 2811 683 “.
2847 645 2868 680 ι
2905 625 3146 700 (Confer.
3192 626 3344 694 epist.
3382 625 3476 694 39,

1931 746 1946 761 .
1975 721 2052 762 ιι.Δ

1686 746 1702 771 ’
1744 745 1823 774 IV,
1852 745 1946 761 νυν.
1975 745 2053 776 lll"

200 418 338 484 ιιδςι

272 819 337 872 Τί
356 822 437 883 εἰς
467 821 692 885 πολλοὺς
728 818 1116 889 καταφεύγεις,
1148 818 1268 884 ἐξὸν
1296 819 1375 882 είς
1404 819 1534 884 ἕνας
1565 817 1619 870 τί
1648 816 1780 870 πολ-

1960 816 2102 883 Quid
2132 815 2383 883 confugis
2425 812 2492 868 ad
2544 811 2746 882 plures,
2797 809 2864 863 ad
2899 823 3068 863 unum
3104 820 3227 862 cum
3257 805 3480 872 possis?

196 911 326 974 λοὺς
396 911 740 978 κολακεύεις,
789 913 964 983 παρὸν
1018 914 1116 966 ἕνα
1160 911 1495 977 ἀντιϐολεῖνς
1533 912 1598 966 Τί
1651 911 1781 975 τοὺς

1905 908 2021 978 μιῙά
2059 907 2256 963 multos
2281 905 2606 967 assectaris,
2656 917 2823 956 unum
2879 914 3075 969 rogare
3125 897 3481 952 cnm'liceat?

199 1000 448 1065 ἀσθενεῖς
487 1003 578 1055 ἐπὶ
626 1001 944 1072 συμμαχίαν
998 1002 1206 1068 καλεῖς,
1229 1003 1348 1056 δέον
1381 1004 1476 1056 ἐπὶ⁵
1504 1004 1604 1073 τὴν
1645 1003 1780 1072 ἀήτ-

1905 1001 1998 1058 Ξυι·
2039 998 2335 1056 imbecilles
2369 997 2442 1051 'in
2493 993 2622 1051 belli
2670 992 2907 1048 arcessis
2941 991 3301 1052 societatem,
3350 1004 3476 1043 cum

201 1108 364 1160 τητον
394 1092 573 1155 δεξιὰν
624 1093 1015 1161 καταφεύγειν,
1068 1094 1164 1146 καὶ
1198 1095 1398 1156 παντὸς
1430 1091 1778 1164 ἀπηλλάχθαι

1905 1094 2087 1149 lebeas
2114 1091 2180 1146 ad
2209 1086 2685 1160 inexpugnabilem
2707 1084 2804 1138 Dei
2831 1083 3125 1138 dexteram
3159 1080 3479 1150 confugere,

203 1182 546 1252 πειρασμοῦς
590 1184 898 1255 Πειρασμδς
928 1187 1034 1256 γάρ
1068 1188 1237 1246 ἐστιν,
1285 1187 1344 1240 ού
1374 1187 1434 1240 τὸ
1466 1189 1783 1255 περιπεσεῖν

1905 1195 1937 1241 ιι
1961 1182 2261 1238 tcntatione
2286 1182 2433 1235 omni
2463 1189 2515 1234 te
2559 1175 2861 1246 expedire?
2895 1174 3122 1228 Tentari
3157 1181 3263 1234 est,
3292 1186 3397 1224 non
3423 1180 3483 1225 ut

201 1272 516 1342 πειρασμῷ,
552 1273 629 1336 ὡς
652 1276 782 1344 ἡγῇ,
826 1275 961 1328 ἀλλὰ
1001 1277 1061 1330 τὸ
1084 1276 1380 1346 ἡττηθῆναι
1415 1275 1586 1347 αὐτῷ’
1618 1276 1781 1330 ὃτιδὲ

1905 1275 2145 1343 minaris,
2172 1272 2412 1330 incidere
2437 1274 2490 1325 in
2517 1271 2895 1332 tentationem,
2916 1266 3011 1320 sed
3041 1265 3109 1318 ab
3124 1279 3184 1317 ea
3210 1263 3481 1333 superari.

199 1361 381 1425 τοῦτο,
396 1364 443 1416 εί
465 1365 555 1416 καὶ
578 1366 724 1418 δοκεῖ
738 1366 949 1430 πολλοῖς
973 1369 1199 1422 ἄπιστον
1218 1365 1375 1422 εἶναι.
1393 1368 1595 1439 ἀληθές
1609 1370 1780 1430 ἐστιν,

1908 1368 1939 1420 d
1972 1381 2096 1436 ego,
2133 1367 2234 1420 etsi
2270 1364 2545 1435 plerisque
2598 1363 2849 1418 videatur
2889 1356 3230 1419 incredibile,
3293 1369 3485 1407 verum

201 1451 360 1520 ὀλίγα
395 1455 514 1508 τινὰ
543 1456 608 1509 ἐκ
639 1456 748 1511 τῶν
777 1458 936 1528 ἱερῶν
970 1460 1490 1530 μεταχειρισάμενος
1520 1458 1777 1530 Γραφῶν,

1905 1472 2012 1513 esse
2039 1458 2227 1527 paucis
2257 1472 2288 1512 e
2320 1471 2475 1512 sacra
2508 1454 2794 1523 Scriptura
2828 1451 3037 1506 clarum
3063 1449 3294 1502 reddere
3327 1461 3489 1500 conn-

202 1542 365 1611 δῆλον
396 1549 623 1621 ποιήσω.
669 1547 742 1600 Τὸ
772 1549 869 1619 μὲν
898 1544 989 1601 οὖν
1017 1551 1168 1620 παρὰ
1193 1550 1285 1602 τοῦ
1319 1549 1529 1603 Παύλου
1561 1549 1728 1618 ῥηθὲν
1762 1587 1777 1613 ,

1905 1563 2010 1605 ιον.
2035 1548 2249 1604 Diclum
2273 1547 2419 1604 enim
2453 1563 2480 1601 τι
2509 1556 2698 1602 sancto
2732 1543 2901 1597 Paulo
2930 1559 2945 1596 :
2986 1560 3005 1592 ι
3038 1537 3212 1593 Nemo
3251 1549 3486 1621 corona-1

211 1654 230 1682 ε
272 1634 456 1698 Οὐδεὶς
515 1638 905 1706 στεφανοῦται,
951 1641 999 1692 εί
1059 1640 1133 1710 μὴ
1186 1641 1430 1712 νομίμως
1479 1626 1718 1712 ἀθλήσῃ,
1753 1658 1773 1691 ι

1905 1655 2001 1709 tur,
2055 1641 2160 1696 nisi
2208 1643 2300 1711 qui
2358 1640 2598 1710 legitime
2655 1632 3044 1692 certaverit”.
3081 1651 3099 1684 ι
3161 1628 3299 1696 Quia
3353 1626 3487 1682 vero‘

204 1723 507 1796 ἐπειδήπερ
570 1728 679 1782 τισὶ
709 1729 858 1783 δοκεῖ
885 1731 1076 1800 μόνους
1108 1732 1232 1796 τοὺς
1260 1732 1359 1801 τῆς
1385 1730 1586 1802 ἀρετῆς
1609 1731 1782 1784 αἰνίτ-

1905 1733 2172 1789 nonnullis
2224 1732 2440 1788 videtur
2486 1729 2634 1785 solos
2681 1726 2908 1782 virtutis
2957 1724 3174 1778 labores
3229 1722 3484 1782 innuere.

205 1816 398 1869 τεσθαι
427 1818 642 1887 πόνους,
697 1823 1018 1893 παραλείψω
1041 1863 1056 1886 ,
1093 1825 1177 1893 ἐφ’
1210 1826 1402 1897 ἑτέραν
1442 1825 1500 1878 δέ
1541 1824 1658 1895 ἥξω
1685 1826 1782 1897 ῥῆ-

1905 1839 2108 1878 ransco
2147 1823 2212 1878 ad
2250 1821 2392 1897 aliud
2439 1817 2840 1875 testimonium.
2883 1814 2976 1868 Ait
3021 1811 3124 1866 Joh
3153 1809 3488 1866 fortissimus

209 1921 320 1960 σιν.
377 1903 544 1963 Εἶπεν
595 1912 624 1964 ό
690 1912 1066 1984 ἀνδρειότατος
1159 1915 1296 1970 Ἰώδ-
1376 1935 1396 1968 ι
1446 1917 1782 1987 Πιρατήριόν

205 1996 358 2050 ἐστιν
391 2000 419 2051 ό
467 1999 580 2068 βίος
629 2002 918 2073 ἀνθρώπου
967 2006 1058 2058 ἐπὶ
1097 2006 1196 2076 τῆς
1251 2009 1352 2078 γῆς
1381 2049 1393 2062 .
1441 2027 1460 2060 ι
1501 2009 1564 2062 ΕΞ
1603 2008 1783 2063 τοίνυν

207 2086 378 2150 αὐτὸς
412 2089 441 2142 ό
474 2088 588 2156 βίος
641 2095 996 2164 πειρατήριόν
1035 2097 1174 2160 ἐστι,
1231 2095 1347 2160 πῶς
1375 2092 1489 2150 οἷόν
1518 2114 1577 2150 τε
1605 2098 1698 2150 τὸν
1728 2100 1787 2152 ἐν

205 2175 290 2245 τῷ
324 2181 613 2251 πειρασμῷ
664 2183 813 2249 ὄντα,
857 2187 1152 2258 πειρασμῷ
1187 2189 1263 2259 μὴ
1322 2192 1677 2260 περιπεσεῖν;
1714 2190 1788 2243 Τὸ

204 2271 320 2338 γὰρ
381 2272 534 2340 παρὰ
586 2274 685 2344 τῆς
746 2275 1026 2347 ’Δληθείας
1087 2277 1291 2349 λεχθὲν.
1355 2299 1374 2332 ι
1410 2281 1788 2350 Προσεύχεσθε

205 2360 287 2429 μὴ
332 2361 589 2415 εἰσελθεῖν
621 2367 700 2423 είς
741 2369 1080 2438 πειρασμὸν,
1107 2389 1124 2421 ι
1168 2369 1406 2424 τοιοῦτόν
1436 2372 1572 2425 ἐστι’
1613 2374 1790 2444 Προσ-

206 2449 471 2518 εύχεσθε,
512 2453 598 2506 ἵνα
651 2455 724 2525 μὴ
776 2458 1044 2528 ἡττηθῆτε
1095 2461 1173 2530 τῷ
1207 2463 1520 2534 πειρασμῷ.
1555 2463 1631 2516 Ού
1679 2463 1790 2534 γὰρ

207 2536 384 2604 εἶπεν,
412 2544 497 2611 μὴ
529 2545 834 2613 ἐμπεσεῖν,
876 2549 1012 2602 ἀλλὰ
1043 2551 1130 2620 μὴ
1165 2555 1481 2616 εἰσελθεῖν,
1521 2555 1786 2619 τουτέστι,

211 2632 288 2701 μὴ
319 2634 689 2704 καταποθῆναι
734 2639 824 2690 ὑπ’
877 2641 1062 2694 αὐτοῦ.
1098 2643 1188 2711 Μὴ
1217 2645 1477 2712 ἐμπεσεῖν
1526 2645 1626 2715 μὲν
1658 2645 1787 2716 γὰρ,

207 2723 313 2791 οὐχ
335 2716 448 2776 οἷόν
504 2741 586 2789 τε,
639 2727 956 2794 ἐμπεσόντα
1007 2730 1064 2782 δὲ
1115 2731 1502 2802 ἀνευρίσασθαι
1537 2733 1650 2804 (54)
1697 2735 1793 2788 καὶ

213 2814 633 2884 στεφανωθῆναι
663 2811 775 2870 οἷόν
803 2835 882 2871 τε.
918 2820 1029 2872 Καὶ
1061 2822 1111 2874 εί
1159 2821 1368 2892 βούλει,
1416 2824 1502 2877 διὰ
1531 2824 1793 2894 παραδεί-

209 2917 424 2970 γματος
449 2907 863 2975 συντομωτάτου
899 2909 1056 2962 τοῦτο
1092 2915 1306 2982 ποιήσω
1338 2915 1528 2983 σαφές.
1564 2917 1796 2971 Δυνατδν

214 2991 320 3062 μὲν
366 2993 476 3066 γὰρ
529 2997 839 3066 ἐμπεσόντα
890 3001 1013 3053 τινὰ
1048 3003 1130 3065 είς
1164 3003 1352 3058 λέοντα
1395 3005 1793 3078 διασωθῆναιῆ

217 3082 403 3156 ῥώμῃ,
432 3086 464 3156 ἢ
491 3087 653 3160 τέχνη
671 3105 684 3118 ο
716 3089 810 3142 καὶ
838 3090 892 3141 τί
931 3089 1076 3159 λέγω
1104 3092 1468 3164 διασωθῆναι;
1494 3097 1647 3161 Τινὲς
1687 3099 1797 3171 γὰρ

1889 1912 1978 1968 ille
2025 1911 2227 1967 athleta
2260 1895 2325 1966 εἱ
2385 1907 2640 1965 Tentatio
2686 1917 2771 1960 est
2823 1904 2932 1957 vita
2983 1901 3268 1956 hominum
3322 1911 3490 1966 super

1889 2015 2086 2060 terram
2127 2002 2194 2058 ".
2253 2023 2271 2056 ι
2325 2001 2508 2068 Quare
2559 2001 2603 2055 si
2651 1997 2762 2054 vita
2825 1993 3136 2051 mortalium
3203 1987 3489 2046 tentationi

1887 2097 2144 2163 obnoxia,
2187 2091 2456 2165 quomodo
2497 2092 2614 2147 ilcri
2659 2089 2852 2161 possit,
2888 2096 2949 2142 ut
2977 2084 3069 2156 qui
3098 2086 3152 2137 in
3186 2083 3489 2138 tenlalione

1888 2190 1980 2257 sit,
2041 2190 2094 2242 in
2148 2188 2502 2244 teutationem
2554 2199 2660 2240 non
2709 2180 2934 2237 incidat.
2985 2176 3132 2232 Dixit
3164 2175 3315 2229 enim
3369 2174 3488 2242 ipsa

1890 2281 2103 2336 Veritas
2133 2295 2147 2332 :
2182 2296 2201 2330 ι
2238 2275 2425 2341 Orate,
2467 2284 2526 2330 ut
2550 2290 2655 2330 non
2687 2271 2904 2328 intretis
2931 2271 2987 2327 in
3031 2269 3430 2330 tentationem;
3465 2282 3484 2316 ι

1889 2373 1994 2428 hoc
2027 2379 2132 2437 est,
2159 2377 2310 2426 orate
2341 2383 2408 2422 ne
2430 2365 2766 2436 superemini
2798 2379 2830 2420 a
2851 2363 3171 2418 tentatlone.
3199 2355 3317 2414 Non
3343 2355 3489 2410 enim

1891 2465 1988 2527 ait,
2052 2478 2115 2516 ne
2175 2459 2465 2524 incidatis,
2521 2458 2648 2520 sed,
2705 2472 2770 2511 ne
2821 2454 3075 2518 intretis,
3135 2452 3238 2506 hoc
3289 2457 3374 2504 est
3423 2460 3492 2501 ne

1895 2550 2296 2609 absorbeamini
2337 2550 2406 2604 ab
2445 2548 2556 2602 illa.
2611 2547 2758 2602 Fieri
2785 2545 2933 2602 enim
2966 2559 3074 2599 non
3112 2548 3324 2612 potest,
3355 2536 3490 2608 quin

1896 2644 2220 2706 incidamus,
2271 2641 2604 2695 incidentem
2640 2652 2770 2693 vero
2812 2636 3077 2691 victorem
3109 2633 3381 2688 exsistere
3427 2641 3494 2682 ac

1895 2733 2171 2791 coronari.
2224 2732 2310 2795 Ει,
2373 2731 2418 2784 si
2478 2730 2690 2799 placet,
2755 2726 3083 2783 brevissimo
3137 2719 3391 2790 exelnplo
3437 2717 3494 2773 id

1895 2823 2196 2878 ostendam.
2234 2820 2419 2875 Potest
2466 2820 2611 2873 enim
2670 2819 2794 2885 quis
2845 2817 2900 2871 in
2955 2815 3162 2870 leonem
3219 2810 3491 2875 incidens,

1898 2912 2126 2974 servari,
2191 2911 2355 2980 idque
2382 2909 2464 2964 vel
2496 2909 2717 2971 robore,
2771 2907 2853 2960 vel
2884 2913 3022 2960 arte.
3077 2902 3183 2958 Sed
3213 2901 3342 2972 quid
3375 2899 3498 2954 dico

1901 3003 2152 3058 servari?
2199 3001 2429 3068 Quidam
2465 3002 2609 3055 enim
2651 3002 2751 3054 luas
2796 2998 2942 3053 feras
2991 2997 3382 3052 dilacerarunl.
3425 2991 3499 3045 At

1903 3095 2196 3150 devoratus
2245 3103 2299 3149 et
2343 3095 2393 3148 iu
2435 3093 2563 3148 ferre
2608 3103 2856 3147 ventrem
2886 3091 3181 3151 demissus,
3223 3084 3499 3156 quomodo

213 3153 314 3226 καὶ
333 3153 697 3244 ἐχειρώσαντο
729 3153 1228 3252 τοιούτουςνθῆρας.
1269 3153 1374 3235 Τόν
1413 3153 1469 3237 δέ
1508 3153 1798 3258 καταϐρω-

1911 3179 2173 3251 eﬂ‘ugiat?
2201 3181 2370 3252 629
2408 3179 2518 3234 Hoc
2561 3181 2818 3234 nimirum
2859 3177 3112 3233 Christus
3160 3153 3259 3229 ait.
3284 3173 3497 3242 impos-

216 3264 382 3321 Θέντα
425 3268 518 3319 καὶ
542 3270 622 3330 είς
660 3269 758 3338 τὴν
813 3270 1018 3324 κοιλίαν
1062 3273 1157 3326 τοῦ
1208 3272 1372 3352 01196;
1410 3279 1800 3348 γεγενημένον,

216 3352 338 3417 πῶς
367 3352 542 3407 ἔνεστι
566 3355 886 3425 διαφυγεῖνς
929 3357 1101 3412 Τοῦτο
1129 3362 1311 3413 τοίνυν
1329 3362 1446 3434 ἐστὶ
1469 3363 1532 3415 τὸ
1563 3363 1669 3416 ὑπὸ
1710 3363 1805 3418 τοῦ

215 3444 458 3514 Χριστοῦ
496 3446 661 3516 ῥηθέν
685 3463 700 3478 ο
735 3447 815 3500 ὅτι
851 3448 1110 3501 ἀδύνατον
1146 3453 1244 3520 μέν
1301 3439 1422 3504 ἐστί
1467 3452 1540 3524 μὴ
1572 3472 1803 3526 περιπε-

221 3537 338 3587 σεῖν
363 3537 673 3607 πειρασμῷ,
705 3538 928 3609 δυνατὸς)
979 3539 1035 3594 δὲ
1076 3543 1495 3611 περιγενέσθαι·
1547 3545 1642 3599 καὶ
1677 3548 1808 3599 ἐκαο

217 3625 380 3696 τέρου
413 3627 618 3681 τούτων
673 3631 766 3681 καὶ
809 3631 1074 3700 ἐγγυηταὶ
1112 3635 1206 3685 καὶ
1258 3633 1537 3705 μάρτυρες
1580 3637 1629 3688 οῖ
1660 3636 1806 3703 ἅγιοι

221 3717 444 3780 πάντες,
498 3717 590 3781 οὒς
626 3719 884 3773 τοσαῦται
926 3722 1145 3788 νιφάδες
1203 3724 1531 3793 πειρασμῶν
1583 3727 1805 3779 κατετό·

223 3807 442 3874 ξευσαν,
476 3809 551 3871 ὡς
614 3808 732 3862 ὅλον
789 3811 973 3885 σχεδὸν
1021 3811 1113 3863 τὸν
1157 3813 1282 3881 τῇδε
1327 3811 1441 3881 βίον
1492 3812 1800 3883 διαθλῆσαι.

221 3902 416 3964 Οὐδεὶς
456 3898 550 3956 οὖν
590 3903 767 3956 αὐτῶν
798 3904 1163 3975 εἰσηκούσθη,
1208 3907 1339 3975 φαίη
1401 3925 1487 3972 τις
1547 3909 1634 3962 ἄν’
1670 3910 1801 3962 Εἰσ-

171 3974 184 3988 ,
222 3992 578 4064 ηκούσθησαν
608 3996 705 4064 μὲν
731 3990 825 4048 οὖν
855 4011 869 4026 ο
895 3996 956 4048 τὸ
978 3996 1034 4048 δὲ
1068 3998 1491 4069 εἰσακουσθῆναι
1526 3999 1686 4053 τοῦτο
1714 3997 1805 4072 ἦν,

221 4081 286 4136 οὐ
334 4081 394 4134 τὸ
441 4082 516 4152 μὴ
574 4085 833 4154 ἐμπεσεῖν
887 4087 968 4148 είς
1016 4087 1341 4158 πειρασμόνσ
1375 4089 1638 4144 ἀδύνατον
1668 4092 1802 4163 γάρ*

222 4170 364 4226 ἀλλά
391 4172 454 4225 τὸ
492 4174 803 4244 ἐμπεσόντα
827 4216 841 4241 ,
898 4176 972 4246 μὴ
1007 4178 1166 4241 μόνον
1213 4179 1501 4245 ἀϐλαϐῶς,
1539 4181 1676 4235 ἀλλὰ
1706 4184 1801 4237 καὶ

1909 3275 2066 3327 sibile
2098 3273 2313 3342 quidem
2344 3287 2464 3326 esse
2488 3282 2669 3326 utnon
2702 3271 3006 3326 incidamus
3038 3267 3090 3322 in
3117 3267 3498 3331 teutationem,

1911 3364 2023 3417 ﬁeri
2058 3379 2186 3418 vero
2231 3378 2392 3432 posse
2438 3373 2498 3416 ut
2545 3371 2884 3435 superemus.
2940 3358 3146 3414 Horum
3201 3367 3499 3425 utrumque

1910 3460 2182 3506 testantur
2225 3466 2419 3506 omnes
2464 3452 2630 3505 etiam
2670 3451 2842 3505 sancti
2887 3458 3178 3519 martyres.
3209 3460 3348 3516 quos
3377 3457 3501 3501 ten-

1910 3547 2177 3598 talionum
2252 3541 2990 3614 proccll:e'oppugnaruut,
3060 3552 3117 3596 ut
3199 3540 3310 3593 l'cre
3390 3545 3500 3592 tota

1908 3636 2243 3690 dccertarint
2277 3638 2411 3690 vita.
2443 3636 2652 3689 Dixerit
2683 3634 2805 3702 quis
2839 3653 2852 3688 :
2903 3633 3074 3688 Nemo
3112 3633 3280 3703 igitur
3308 3646 3502 3686 eorum

1909 3734 1991 3780 est
2011 3728 2322 3782 exauditus.
2349 3727 2532 3780 Auditi
2560 3727 2781 3795 quidem
2805 3734 2954 3790 sunt,
2979 3733 3073 3780 sed
3106 3737 3211 3778 non
3240 3723 3294 3776 in
3324 3737 3408 3787 eo,
3446 3731 3505 3776 ιιι

1909 3818 1963 3872 in
1991 3819 2345 3871 tentatiouem
2377 3831 2480 3871 non
2507 3818 2832 3882 inciderent,
2862 3817 3007 3887 quod
3031 3815 3147 3871 ﬁeri
3170 3831 3274 3870 non
3304 3823 3503 3882 potest,

1909 3911 2003 3965 sed
2055 3924 2178 3963 cum
2229 3909 2586 3973 incidissent,
2657 3925 2762 3963 non
2830 3911 2989 3964 modo
3049 3909 3245 3972 illresi,
3310 3923 3502 3962 verum

1911 3999 2154 4053 coronati
2185 4014 2214 4052 e
2239 3999 2416 4054 stadio
2441 3999 2680 4053 exirent.
2704 3998 2885 4065 Quare
2915 4013 3018 4053 non
3050 4007 3134 4053 est
3163 4000 3493 4067 optandum,

1909 4106 2014 4144 non
2051 4091 2290 4146 incidere
2321 4091 2376 4145 in
2412 4091 2796 4157 tentationem,
2826 4091 2922 4147 sed
2954 4105 3076 4150 cum
3125 4089 3502 4155 inciderintus,

1910 4193 1966 4235 ut
1989 4183 2248 4238 clariores
2273 4183 2591 4238 evadamus.

229 4265 370 4335 μετὰ
408 4265 686 4332 στεφάνων
724 4268 788 4320 ἐκ
822 4267 914 4321 τοῦ
941 4269 1158 4322 σταδίου
1189 4269 1445 4333 ἐξελθεῖν.
1501 4272 1594 4345 Μὴ
1625 4275 1804 4329 τοίνυν
1842 4273 2002 4329 τοῦτο
2021 4274 2300 4346 ζητῶμεν,
2327 4274 2388 4328 τδ
2441 4275 2516 4346 μὴ
2586 4278 2917 4348 πειρασμοῖς
2962 4275 3336 4347 περιπίπτειν,
3371 4273 3509 4331 ἀλλὰ

223 4358 289 4413 τὸ
316 4363 704 4430 περιπεσόντες
730 4363 1100 4434 λαμπρότεροι
1127 4367 1532 4438 ἀποφανθῆναι.

542 4471 710 4525 ΣΚΖ’.
757 4502 825 4512 -
859 4473 1064 4526 ΘΕΩΝῘ
1112 4475 1484 4548 ΕΠῙΣΚΟΠῼ.

2152 4477 2458 4533 CCXXVII.
2492 4515 2563 4528 ..ε
2592 4477 2855 4533 THEONI
2891 4477 3249 4534 EPISCOPO.

720 4565 860 4622 [ιωεὶ
888 4579 1094 4623 nostras
1126 4569 1356 4639 injurias
1391 4573 1740 4639 vindicamus,
1778 4571 1876 4626 Dei
1919 4588 2035 4628 vero
2085 4573 2415 4653 negligimus.
2454 4572 2632 4642 (Conf.
2667 4576 2818 4643 epist.
2854 4573 3009 4646 2i8.)

302 4672 463 4740 ἰσθι,
493 4667 538 4728 ὦ
562 4673 826 4744 βέλτιστε,
859 4674 932 4738 ὡς
961 4675 1074 4746 (55)
1099 4680 1200 4730 κάν
1227 4677 1402 4748 τούτῳ
1429 4677 1716 4748 πταίομεν,
1741 4679 1812 4731 τὰ

228 4763 334 4835 μὲν
373 4765 451 4824 είς
500 4765 724 4828 ἑαυτοὺς
764 4765 1019 4836 δρώμενα
1069 4766 1432 4832 ἐκδικοῦντες,
1491 4768 1562 4822 τὰ
1619 4770 1676 4822 δὲ
1733 4770 1813 4832 είς

224 4855 320 4910 τὸν
353 4855 484 4908 Θεὸν
519 4855 884 4930 παρορῶντες.
908 4858 1078 4911 Ὅταν
1123 4858 1222 4928 μὲν
1271 4858 1379 4930 γὰρ
1411 4861 1571 4930 ἡμεῖς
1610 4859 1812 4913 ἀδικώ-

302 5034 348 5066 ⁸³
380 5031 567 5085 Matth.
604 5047 751 5094 xxvi,
794 5032 879 5085 41.

952 5034 997 5063 ⁵³
1035 5031 1072 5084 ll
1105 5031 1245 5086 Tim.
1288 5049 1344 5094 ιι,
1375 5033 1428 5087 5.
1497 5035 1545 5065 ⁸³
1585 5032 1686 5088 Job
1713 5049 1812 5097 vn,
1839 5035 1888 5087 Ι.

1993 4679 2163 4747 Scito,
2196 4681 2402 4750 optime
2435 4682 2537 4748 vir,
2593 4683 2644 4735 in
2684 4683 2787 4735 hoc
2839 4696 2867 4734 a
2918 4680 3073 4734 nobis
3105 4681 3343 4748 peccari,
3383 4681 3510 4734 dum

1921 4787 2042 4842 quae
2073 4773 2126 4827 in
2155 4788 2257 4828 nos
2284 4774 2582 4829 commissa
2620 4783 2768 4838 sunt,
2806 4772 3149 4827 vindicamus
3177 4787 3192 4837 ;
3225 4785 3348 4840 quae
3383 4785 3514 4826 vero

1924 4863 1977 4916 in
2009 4860 2203 4928 Deum,
2241 4863 2585 4935 negligimus.
2611 4863 2745 4918 Cum
2779 4866 2922 4918 enim
2969 4860 3166 4919 iniuria
3201 4876 3300 4915 nos
3339 4859 3508 4915 ιιιιρι.

1330 5148 1562 5203 νΑιιιΑι
1596 5146 1985 5203 LECTIONES
2025 5145 2113 5200 ET
2155 5144 2390 5202 NOTIE.

310 5301 418 5379 (54)
467 5305 852 5379 Ἐμπεσόντα-
892 5303 963 5379 δέ
1005 5303 1463 5379 ἀειφρίστισοαι.
1505 5304 1686 5357 Nodos
1730 5304 1815 5379 hic

223 5377 288 5431 in
320 5372 562 5444 eleganti
619 5376 721 5428 hac
771 5373 998 5440 epistola
1050 5373 1237 5444 lsidori
1290 5377 1418 5444 περὶ
1476 5372 1809 5441 πειρασμοῦ.

231 5442 584 5513 Conjeceram
638 5445 738 5512 leg.
791 5457 886 5514 pro
916 5442 1310 5514 Αὰνευρίσασθαι
1335 5442 1375 5506 ,’⁷
1402 5444 1810 5512 ἁγωνῑσασθαις

219 5512 362 5584 post
389 5517 550 5568 etiam
593 5512 1016 5585 ἀναῤῥίψαοθαι,
1059 5512 1115 5564 ιιι
1163 5514 1518 5585 ἀναρρίπτειν
1555 5516 1732 5582 μάχην
1779 5514 1808 5584 ἢ

234 5583 501 5646 κίνδυνον,
529 5583 709 5637 subire
727 5583 956 5652 pugnam
985 5591 1076 5634 aut
1104 5585 1417 5650 periculum.
1447 5583 1598 5637 Nunc
1621 5583 1809 5637 assené

237 5657 346 5709 tior
400 5657 515 5709 viro
561 5654 719 5707 docto
774 5653 1052 5718 reponenti
1104 5653 1368 5705 ἁνεᾶσθαι
1412 5655 1480 5708 ab
1537 5653 1801 5719 ἁνευόιζω,

238 5724 383 5792 quod
427 5733 528 5788 est,
578 5725 821 5792 uictorem
880 5732 969 5774 aut
1018 5734 1253 5774 orantem
1304 5723 1584 5777 celebrare.
1628 5722 1801 5789 Supra

238 5791 400 5862 paulo
426 5805 506 5849 est
534 5793 608 5864 μὴ
642 5791 929 5845 είσελθεῖν⁹
971 5793 1048 5847 sic
1080 5794 1278 5848 dictum
1327 5793 1575 5862 fortasse,
1609 5803 1664 5848 υι
1694 5794 1796 5851 Ltt-

1929 5300 2058 5356 tinis
2112 5302 2166 5355 in
2200 5301 2430 5356 stadium
2467 5301 2710 5369 prodire,
2764 5309 2856 5355 aut
2900 5301 2950 5354 in
3001 5315 3238 5355 scamma
3273 5319 3284 5355 :
3325 5311 3512 5370 utque,

1923 5372 1978 5425 in
2013 5388 2222 5425 scenam
2252 5371 2482 5436 prodire.
2511 5370 2750 5425 Scaor'r.
2776 5402 2848 5411 —-
2868 5370 2973 5424 Pro
2998 5371 3385 5440 ἀνευρίσασθαι
3418 5387 3510 5426 so-

1923 5441 2007 5494 lus
2048 5446 2169 5495 cod.
2201 5441 2310 5495 Alt.
2347 5443 2502 5496 liabet
2539 5440 2921 5510 ἀναρίσασοαι,
2971 5443 3112 5493 unde
3142 5442 3282 5494 forte
3307 5442 3510 5508 gradus

1924 5511 2040 5566 fieri
2068 5511 2132 5563 ad
2157 5511 2536 5580 primigeniatn
2571 5512 2855 5565 leCIiunem
2883 5511 3274 5578 assequendam
3307 5514 3502 5577 possit,

1918 5596 2080 5651 quam
2120 5583 2369 5652 suspicor
2399 5581 2563 5635 fuisse
2587 5580 3042 5652 dyappﬁcaceat.
3069 5581 3172 5652 hoc
3195 5580 3340 5633 enim
3368 5580 3507 5635 satis

1916 5649 2042 5705 cum
2077 5651 2324 5740 sequenti
2358 5649 2771 5722 στεφανωθῆναι
2791 5649 3065 5705 convenit.
3100 5649 3310 5704 Possm.

1987 5719 2097 5740 nam
2176 5721 2242 5740 n,
2541 5724 2587 5740 ,μ
2639 5723 2709 5740 ηε.
2775 5721 2902 5740 --λι
2975 5719 3070 5740 ιι-.
3147 5719 3251 5740 mm
3299 5734 3310 5740 -

1909 5719 2100 5844 1)οὲΞὲ
2157 5714 2248 5786 Ὦς
2283 5714 2495 5778 mutant
2541 5724 2593 5777 in
2636 5714 2717 5775 ὅτι
2767 5721 2923 5777 codd.
2975 5719 3097 5775 Vat.
3147 5719 3252 5776 650
3293 5729 3354 5776 et
3389 5714 3500 5772 Alt.

1954 5805 2124 5848 0581!.
