4122 6466
669 336 800 403 1471
1820 337 1880 416 S.
1928 335 2220 396 ISIDORI
2259 331 2697 396 PELUSIOTJZ
3777 315 3928 380 1—132

673 461 819 513 mur,
852 445 1139 501 utilissima
1169 453 1252 500 est
1286 444 1643 500 mansuetudo
1675 459 1737 500 ac
1768 446 1986 500 lenitas.
2018 444 2086 500 At
2113 461 2232 501 cum
2263 453 2301 507 Α

2293 466 2308 507 ι
2342 446 2564 515 μεθα,ὴ
2596 445 2841 515 πραότης
2883 441 3278 515 χρησιμωτάτη
3301 455 3317 470 ·
3363 437 3496 496 ὅταν
3529 425 3594 494 ἢ·
3631 433 3700 494 τὸ
3731 433 3921 500 Odos.

672 536 818 593 Deus
844 535 1078 600 larditnr,
1098 547 1154 590 ut
1188 537 1268 602 ﬁt,
1298 551 1326 590 a
1351 538 1477 592 vino
1506 536 1836 606 lasciviaque
1864 536 2115 604 iniuriam
2150 537 2232 590 in-

2335 536 2462 603 τόγε
2495 536 2603 589 τῶν
2632 535 3034 606 παροινούντων
3079 533 3243 606 μέρος
3278 531 3527 604 (οὐδεμία
3552 530 3667 600 γὰρ
3691 528 3778 593 εις
3817 526 3927 599 τὴν

672 627 969 683 ferentibus
991 627 1115 698 (nec
1135 627 1280 681 enim
1314 642 1479 682 unum
1515 628 1570 681 in
1592 637 1854 682 aeternum
1886 627 2053 682 Deum
2084 640 2237 680 noxas

2337 628 2614 696 ἀκήρατον
2641 627 2857 698 ἐκείνην
2883 627 3044 696 φύσιν
3070 624 3337 680 διαϐαίνει
3363 621 3584 694 βλάϐη),
3613 622 3718 691 τῆς
3735 619 3949 696 ἔσταιτι

671 718 1032 772 committitur
1064 721 1257 789 genus)
1295 719 1454 774 irasci
1483 719 1685 789 justius
1721 719 1825 784 sit,
1854 734 2013 789 quam
2050 716 2240 772 conni-

2339 719 2494 782 κείας
2536 719 2564 770 ό
2628 719 2801 788 θυμὸς
2848 719 3211 791 ὼραιότεροςο
3256 718 3417 789 ἡμᾶς
3463 714 3522 769 δὶ
3593 709 3927 767 τούναντίον

674 822 818 864 vere.
864 806 977 862 Nos
1026 819 1215 863 contra
1272 807 1520 872 facimus,
1569 808 1660 879 qui
1713 807 1946 862 inimicis
1985 807 2240 863 nolumus

2338 810 2574 882 δρῶμεν,
2622 811 2735 874 τοῖς
2777 810 2874 880 μὲν
2918 793 3210 882 ἡμετέροις
3256 807 3469 878 ὶχθροῐς
3511 803 3923 872 ἀσὺγτνωστοιι

672 898 955 966 ignoscere
987 914 1001 950 :
1045 897 1117 950 iis
1141 911 1272 951 vero
1305 897 1397 967 qui
1433 897 1486 950 in
1518 895 1683 950 Deum
1717 895 1952 966 linguam
1981 901 2236 958 exerunt,

2339 904 2453 963 τοῖς
2483 900 2540 954 δὲ
2573 900 2717 954 κατὰ
2742 901 2836 954 τοῦ
2873 901 3007 955 Θεοῦ
3054 898 3336 964 όπλίζουσι
3373 897 3473 966 τὴν
3500 893 3748 964 γλῶτταν
3774 893 3929 963 fuss-

673 987 830 1041 mites
864 1001 1053 1041 sumus
1078 994 1242 1055 atque
1270 986 1509 1055 benigni.
1537 984 1850 1055 Indignatus
1869 994 1952 1038 est
1985 983 2236 1053 aliquan-

2343 1008 2428 1062 ροι
2473 991 2626 1055 ὄντες
2685 991 2782 1046 καὶ
2849 991 3242 1062 φιλάνθρωποι.
3315 985 3696 1057 Ἥγανάκτησι
3784 998 3928 1037 ποτε

672 1077 739 1132 do
775 1077 1096 1130 mitissimus
1137 1075 1314 1130 Moses
1340 1075 1618 1139 lsraelitis,
1649 1076 1742 1144 qui
1777 1074 2002 1129 vitulum
2035 1075 2242 1131 conﬂa-

2341 1083 2579 1153 Μωῦσῆς
2623 1083 2653 1135 δ
2705 1084 3011 1154 πραότατος
3055 1081 3198 1135 κατὰ
3235 1079 3345 1134 τῶν
3393 1077 3929 1149 μοσχοποιησάντων

672 1176 870 1224 verant
899 1169 946 1201 "
975 1185 992 1234 ;
1020 1183 1141 1238 qua:
1166 1167 1247 1222 ira
1272 1168 1417 1223 omni
1445 1167 1636 1221 melior
1661 1165 1762 1220 fuit
1799 1167 2233 1223 mansuetudine.

2342 1174 2715 1243 ἀγανάκτησιν
2793 1175 2974 1243 πάσης
3041 1172 3345 1244 πραότητος
3410 1167 3698 1240 κρείττονα
3724 1206 3739 1231 ,
3829 1165 3928 1217 καὶ

673 1262 822 1315 Elias
848 1261 1154 1315 idololatris
1185 1261 1253 1324 ",
1277 1269 1330 1315 et
1356 1257 1593 1314 Joannes
1614 1258 1854 1328 Baptista
1879 1258 2074 1313 llerodi
2093 1260 2160 1326 ",
2189 1269 2244 1314 et

2343 1263 2531 1328 Ἠλίας
2563 1265 2707 1318 κατὰ
2733 1265 2844 1318 τῶν
2889 1263 3290 1335 εἰδωλολατρῶν
3323 1303 3337 1329 ,
3369 1263 3463 1315 καὶ
3509 1260 3764 1328 Ἰωάννης
3797 1255 3932 1309 καθ’

674 1352 874 1406 Paulus
905 1351 1109 1422 Elymze
1153 1353 1350 1416 iratus,
1395 1366 1502 1406 non
1554 1365 1732 1414 suam,
1775 1351 1868 1405 sed
1911 1351 2244 1405 vindicantes

2355 1353 2598 1425 Ἡρώδου
2622 1395 2637 1421 ,
2707 1355 2802 1410 καὶ
2855 1355 3065 1419 Παῦλος
3125 1354 3273 1408 κατὰ
3341 1352 3436 1406 τοῦ
3517 1349 3760 1418 Ἐλύμα·
3826 1348 3929 1416 οὐχ

678 1443 846 1496 divini
888 1443 1128 1498 numinis
1158 1443 1411 1511 injuriam
1436 1441 1483 1474 ⁸⁸
1516 1459 1530 1496 :
1557 1443 1701 1512 quod
1721 1442 1824 1496 etsi
1857 1442 1958 1496 sibi
1988 1440 2242 1504 suiliciat,

2347 1445 2592 1508 ἑαυτοὺς,
2651 1445 2786 1499 ἀλλὰ
2845 1445 2907 1498 τὸ
2956 1446 3109 1498 Θεῖον
3163 1443 3523 1506 ἐκδικοῦντες,
3573 1437 3780 1512 ἀρκοῦν
3829 1437 3932 1509 μιν

676 1534 939 1587 bonornrn
979 1543 1156 1589 tamen
1191 1534 1244 1587 in
1273 1535 1400 1587 vitia
1433 1533 1616 1589 odium
1666 1533 2065 1602 complectitur,
2108 1533 2248 1602 inju-

2347 1534 2550 1604 ἑαυτῷ,
2601 1534 2703 1606 τὴν
2735 1535 2794 1589 δὲ
2838 1535 2948 1588 τῶν
2981 1535 3287 1606 φιλαρέτων
3337 1531 3738 1604 μισοπονηρίαν
3783 1530 3927 1582 ἀπο-

677 1626 786 1677 rias
822 1639 950 1679 vero
979 1624 1080 1679 sibi
1122 1625 1300 1679 illatas
1327 1628 1674 1694 spernebant.
1711 1622 1864 1678 Hanc
1895 1623 2042 1678 enim
2075 1621 2242 1676 virtu-

2344 1626 2635 1695 δεχόμενον
2659 1625 2794 1696 (56)·
2824 1627 2920 1690 τὰς
2941 1627 2998 1680 δὲ
3025 1629 3104 1689 είς
3129 1625 3352 1687 ἑαυτοὺς
3379 1623 3568 1694 ὓδρεις
3589 1618 3926 1692 παρεώρων·

682 1728 787 1770 tem
823 1732 887 1768 ac
918 1716 1313 1785 philosophiam
1353 1731 1540 1771 veram
1577 1715 1983 1770 existimabant.

2347 1717 2552 1790 ταύτην
2583 1718 2691 1789 γὰρ
2721 1720 2924 1790 ἀρετὴν
2954 1716 3094 1772 εἶναι
3121 1718 3367 1788 ἐνόμιζον
3406 1715 3500 1769 καὶ
3523 1711 3867 1782 φιλοσοφίαν.

821 1823 1143 1881 CCXXVII].
1178 1856 1263 1914 —‘
1287 1825 1378 1882 ΑΙ]
1387 1823 1593 1881 SONIO
1631 1822 2094 1880 CORRECTORI.
2273 1822 2314 1876 Β

2064 1823 2094 1878 Ι.
2273 1822 2314 1876 Β
2577 1828 2752 1882 ΣΚΗ’.
2794 1857 2867 1868 -
2897 1826 3194 1896 ΔΥΣΟΝΙῼ
3224 1823 3692 1880 KOPPHKTQPI.

1825 1920 1906 1971 Ad
1935 1919 2197 1987 justitiam
2224 1928 2278 1971 ut
2296 1915 2532 1985 judicent
2564 1920 2774 1976 invitat.

752 2026 1144 2083 Fortitudinem
1181 2037 1326 2081 tuam
1356 2027 1531 2097 legum
1565 2029 1761 2083 robore
1792 2035 2058 2080 armatam
2092 2029 2249 2082 decet

2428 2027 2637 2097 Πρέπει
2661 2031 2728 2099 τῇ
2761 2030 2827 2098 σῇ
2871 2028 3085 2100 ἀνδρίᾳ,
3116 2030 3183 2098 τῇ
3238 2026 3348 2080 τῶν
3378 2026 3558 2096 νόμων
3605 2020 3933 2094 ὡπλισμένῃ

681 2133 895 2186 cogere,
929 2129 987 2172 ut
1016 2119 1083 2172 ab
1113 2119 1308 2188 injuria
1356 2119 1428 2173 illi
1461 2119 1770 2173 abstineant
1814 2129 2090 2173 arrnantes
2120 2121 2252 2173 dex-

2358 2115 2502 2187 ίσχύῖ
2537 2117 2672 2188 (57),
2713 2111 3367 2186 ἀναγκάζεινθὰπέχεσθαι
3397 2113 3489 2167 τοῦ
3525 2113 3763 2174 ἀδικεῖν,
3802 2108 3934 2171 τοὺς

683 2219 854 2264 teram
898 2220 1279 2264 suam-contra
1329 2209 1751 2274 imbecilliores,
1795 2209 1922 2264 dum
1961 2211 2104 2265 unde
2139 2226 2245 2264 non

2352 2205 2476 2257 ὄῧεν
2529 2205 2590 2258 οὐ
2639 2207 2743 2277 χρὴ
2804 2206 3108 2277 κερδαίνειν
3164 2203 3574 2273 ἐπιχειροῦντας
3623 2201 3766 2254 κατὰ
3815 2196 3929 2252 τῶν

683 2310 916 2369 oportet,
948 2300 1155 2353 lucrum
1197 2300 1375 2356 facere
1403 2309 1688 2356 conantur.

2352 2295 2756 2367 ἀσθενεστέρων
2785 2297 3106 2362 όπλίζοντας
3149 2297 3249 2368 τὴν
3287 2295 3486 2362 δεξιάν.

949 2407 1229 2466 CCXXIX.
1261 2438 1322 2449 -ο
1355 2407 1613 2464 JACOBO
1653 2407 1970 2466 LECTORI.

2589 2410 2762 2465 xm.
2823 2439 2896 2451 —
2954 2409 3204 2480 IAKQBQ
3254 2404 3685 2476 ΑΝΔΓΝΩΣἸᾘ.

1430 2500 1630 2566 Virtus,
1659 2503 1753 2555 etsi
1787 2502 2070 2567 laboriosa,
2094 2503 2206 2573 ipsa
2242 2511 2417 2558 tamen
2454 2503 2552 2557 sibi
2576 2519 2786 2559 merces.
2823 2500 3006 2572 (Supr.
3046 2501 3197 2574 223.)

761 2610 871 2668 Etsi
930 2613 1197 2668 laboriosa
1254 2611 1386 2666 mihi
1445 2612 1620 2667 virtus
1677 2622 1800 2676 est,
1856 2613 2030 2681 ipsum
2075 2622 2257 2668 tamen

2438 2614 2593 2685 Ἐμοὶ
2638 2616 2686 2667 si
2737 2616 2830 2667 καὶ
2875 2612 3134 2676 ἑπίπονός
3190 2613 3339 2665 ἔστιν
3407 2611 3442 2679 ἡ
3477 2606 3666 2678 ἁρετὴ,
3700 2603 3839 2660 ἀλλὰ
3869 2619 3934 2672 τι

683 2704 853 2774 ipsius
882 2721 1038 2774 Opus,
1071 2705 1215 2774 quod
1243 2719 1449 2760 merces
1472 2705 1719 2774 sequitur
1748 2745 1762 2770 ,
1793 2704 2026 2760 alterum
2054 2705 2254 2759 donum

2359 2707 2453 2790 tta}
2486 2705 2618 2759 αὐτὸ
2636 2706 2696 2759 τὸ
2717 2705 2877 2775 ἔργον
2912 2705 3104 2773 αὐτῆς,
3135 2695 3181 2772 ᾧ
3207 2706 3236 2757 ό
3273 2701 3460 2773 μισθὸς
3493 2701 3707 2790 ἕπεται,
3737 2696 3929 2768 ⁶ἕτερον

684 2809 806 2850 esse
849 2798 1086 2850 videtur.
1149 2796 1401 2850 Admiror
1464 2796 1651 2850 adhtec
1694 2810 2020 2866 magnopere
2063 2796 2258 2851 divinae

2357 2788 2527 2866 δῶρον
2557 2793 2698 2849 εῖναι
2721 2796 2886 2850 δοκεῖ.
2936 2795 3045 2848 Καὶ
3066 2795 3189 2848 λίαν
3214 2793 3476 2864 Θαυμάζω
3500 2791 3599 2862 τῆς
3627 2788 3778 2851 θείας
3835 2805 3932 2856 με·

686 2885 955 2956 largitatis
991 2885 1349 2954 maiestatem,
1387 2887 1824 2957 quandoquidem
1848 2901 2067 2942 corona:
2098 2901 2257 2942 coro-

2358 2885 2704 2955 γαλοδωρεᾶς
2757 2884 2856 2955 τὴν
2887 2883 3220 2956 φιλοτιμίαν,
3261 2884 3342 2935 ὅτι
3387 2883 3646 2949 στέφανον
3678 2878 3928 2946 στεφάνῳ

688 2991 812 3031 nam
837 2976 1177 3045 gratificandi
1214 2965 1527 3032 accumulat
1571 2976 1732 3044 Deus,
1787 2991 1970 3031 veram
2003 2977 2255 3031 virtutem

2358 2975 2666 3046 χαρίζεται,
2718 2973 2818 3044 τὴν
2865 2972 3152 3044 ἁκίόδηλον
3186 2972 3385 3043 ἀρετὴν
3433 2973 3498 3041 τῇ
3549 2969 3656 3022 τῶν
3686 2964 3933 3038 οὐρανῶν

686 3066 894 3124 caelesti
932 3077 1204 3122 exornans
1236 3083 1422 3138 regno.
2283 3099 2314 3157 ε

1313 3083 1422 3138 ςηο.
2283 3099 2326 3157 C
2361 3065 2608 3136 βασιλείᾳ
2635 3063 2941 3135 κοσμοῦσα.

721 3222 724 3224 γ
1059 3174 1222 3245 ego
1250 3173 1506 3230 ccxxx.
1541 3201 1610 3217 -ν
1633 3173 1869 3230 EIDEM.

1822 3173 1869 3228 ι.
2849 3174 2972 3227 ΣΛσ.
3024 3200 3094 3212 -
3124 3172 3212 3243 ru
3253 3170 3450 3240 ΔΥΤῼ.

688 3268 865 3325 Bonos
895 3265 1087 3337 offendi
1134 3282 1238 3322 non
1265 3268 1408 3322 decet
1458 3266 1720 3323 maiorum
1769 3266 2038 3334 felicitate.
2076 3265 2677 3407 (Dee‘Egutébsgi)P¢lﬂﬂ'l
2719 3266 2947 3332 episcop.
2989 3262 3132 3331 conf.
3167 3263 3318 3334 epist.
3366 3263 3452 3325 16,
3487 3259 3607 3324 M0,
3639 3258 3761 3328 H7,
3813 3258 3930 3321 190.

760 3446 904 3503 Cave
932 3458 1121 3503 contra
1149 3446 1317 3503 Deum
1357 3448 1530 3503 malos
1565 3447 1886 3502 tolerantem
1938 3445 2258 3502 vocifereris

2434 3449 2528 3518 Μὴ
2588 3444 2831 3502 κατασόα
2903 3445 3002 3516 τῆς
3080 3445 3229 3510 θείας
3290 3444 3638 3510 ἀνεξικακίας
3701 3442 3786 3499 διὰ
3837 3443 3931 3511 τὴν

688 3549 911 3612 propter
938 3539 1155 3595 Eusebii
1189 3540 1417 3610 ejusque
1444 3540 1777 3594 asseclarum
1814 3553 1899 3592 res
1945 3541 2213 3592 secundas
2242 3556 2254 3591 :

2365 3539 2626 3593 Εὑσεϐίου
2672 3539 2765 3592 καὶ⁸
2793 3538 2902 3592 τῶν
2945 3537 3076 3610 παρ’
3115 3537 3283 3592 αὐτοῦ
3329 3535 3811 3608 συγκροτουμένων
3849 3534 3932 3587 εὑ-

688 3631 786 3701 qui
821 3631 1008 3686 virtuti
1041 3632 1255 3700 quidem
1281 3631 1510 3695 inimici,
1544 3629 1942 3699 improbitatem
1968 3629 2253 3693 extollunt,

2362 3631 2632 3703 ημερίαν·
2663 3632 2857 3694 οἵτινες
2888 3631 2987 3702 τὴν
3024 3631 3122 3702 μὲν
3148 3628 3347 3702 ἀρετὴν
3377 3628 3716 3700 ὑϐρίζοντες,
3757 3629 3853 3699 τὴν
3879 3626 3930 3680 δὲ

693 3735 860 3791 eaque
892 3737 950 3776 se
983 3720 1228 3789 jactant:
1269 3736 1454 3777 verum
1508 3721 1779 3776 admirare
1807 3716 1984 3790 potius
2031 3721 2252 3775 immen-

2364 3724 2565 3779 κακίαν
2597 3723 2985 3794 στεφανοῦντες
3025 3725 3119 3777 καὶ
3161 3724 3572 3794 ἐναϐρύνονται·
3616 3720 3753 3774 ἀλλὰ
3802 3719 3927 3773 θαύ-

694 3827 808 3867 sam
840 3812 981 3866 illam
1023 3814 1113 3868 Dei
1156 3815 1548 3884 benignitatem
1593 3815 1658 3866 ad
1688 3814 2062 3882 pmnitentiam
2110 3813 2256 3883 ipsos

2369 3816 2507 3886 μαζε
2542 3815 2732 3884 αὐτὴν,
2761 3814 2859 3885 τὴν
2891 3815 2958 3868 δι’
2997 3814 3443 3884 ὑπερϐάλλουσαν
3475 3812 3820 3882 χρηστότητα
3849 3811 3922 3873 εἰς

693 3914 997 3967 vocantem,
1026 3913 1188 3972 utque
1220 3921 1278 3960 se
1325 3905 1428 3976 ipsi
1459 3915 1775 3976 agnoscant,
1807 3920 2053 3975 precare,
2100 3914 2157 3958 nt
2202 3914 2258 3960 tu

2369 3905 2658 3978 μετάνοιαν
2704 3906 2902 3970 αὐτοὺς
2939 3905 3209 3958 καλοῦσαν
3241 3921 3254 3935 '
3313 3907 3408 3958 καὶ
3431 3905 3582 3971 εὖξαξ
3636 3919 3701 3972 γε
3743 3903 3930 3964 αὐτοὺς

697 3995 1026 4050 ollendiculo
1054 3997 1327 4060 libereris,
1369 3999 1468 4066 ipsi
1502 4015 1626 4052 vero
1653 3999 1942 4068 supplicio,
1975 4000 2260 4067 cultusque

2367 3995 2745 4064 μεταγνῶναιο
2794 3996 2881 4049 ἵνα
2932 3997 2996 4049 σὺ
3034 3997 3131 4065 μὲν
3179 3995 3476 4050 σκανδάλου
3527 3994 3916 4066 ἀπαλλαγείης,

695 4090 909 4143 divinus
940 4090 1226 4144 dedecore.
1262 4089 1412 4156 Quod
1443 4092 1494 4144 ni
1521 4091 1631 4155 ﬁni,
1658 4091 1723 4144 ad
1755 4100 2056 4145 extremum
2085 4104 2251 4156 usque

2356 4087 2506 4139 αὐτοὶ
2536 4086 2591 4137 δὲ
2627 4087 2914 4156 τιμωρίας,
2951 4086 3065 4158 ἡδὲ
3091 4086 3377 4156 Θρησκεία,
3416 4083 3707 4155 κωμῳδίας
3732 4098 3746 4111 ·
3783 4085 3832 4136 εἰ
3857 4083 3927 4142 δὲ.

696 4178 1041 4247 improbitate
1077 4179 1580 4244 debacchabnntur,
1614 4190 1670 4236 et
1697 4179 1879 4234 furore
1904 4195 1967 4234 ac
1996 4180 2148 4235 rabie
2181 4179 2261 4232 la-

2372 4174 2400 4228 δ
2428 4174 2502 4244 μὴ
2523 4175 2751 4244 γένοιτο,
2779 4176 2883 4238 ἕως
2911 4176 3098 4239 τέλους
3146 4176 3249 4228 ὑπὸ
3275 4177 3375 4246 τῆς
3405 4177 3605 4237 κακίας
3637 4175 3929 4243 ἐκϐακχευ-

694 4267 986 4337 borabunt,
1032 4270 1102 4324 ob
1145 4286 1265 4341 qua:
1294 4271 1347 4325 in
1379 4270 1548 4324 altera
1586 4271 1694 4324 vita
1732 4272 2043 4340 patientur,
2091 4284 2265 4339 agno-

2373 4266 2531 4330 Θῶσι,
2565 4267 2658 4320 καὶ
2687 4267 2887 4339 οἴστρῳ
2905 4267 3000 4321 καὶ
3025 4266 3192 4338 μανίᾳ
3215 4266 3539 4339 λυττήσωσι,
3561 4267 3626 4319 δι’
3656 4259 3730 4320 ὧν
3763 4267 3931 4318 ἐκεῖσε

695 4371 848 4413 scent
897 4361 1177 4417 moderate
1238 4364 1400 4416 vitam
1454 4362 1740 4418 instituere
1787 4369 2265 4431 temperanter-que
2295 4377 2323 4434 ι

2295 4377 2342 4434 υ
2370 4358 2671 4425 πείσονται,
2700 4358 3023 4430 γνώσονται,
3048 4359 3131 4414 δτι
3159 4359 3383 4431 ἄμεινον
3401 4356 3469 4430 ἦν
3499 4361 3561 4414 τὸ
3595 4363 3905 4431 σωφρονεῖν.

703 4453 883 4505 xiv-ere
917 4463 1120 4521 quanto
1143 4454 1214 4506 sit
1247 4454 1630 4522 prastabilius.

896 4557 1177 4614 CCXXXI.
1206 4590 1276 4600 --
1301 4557 1553 4614 ZOSIMO
1589 4557 2060 4613 PRESBYTERO.

2046 4597 2060 4612 .
2607 4558 2774 4614 ΣΑΑο.
2814 4583 2881 4598 -
2909 4554 3160 4627 ΖΩΣΙΜῼ
3204 4556 3672 4626 ΠΡΕΣΒΥΤΕΡῼ.

945 4648 1116 4703 Monet
1150 4658 1205 4700 ut
1235 4665 1503 4703 senescens
1533 4650 1742 4703 tandem
1775 4648 2052 4718 resipiscat
2088 4648 2148 4701 ob
2185 4647 2536 4702 imminentem
2578 4649 2695 4700 vita:
2725 4650 3026 4701 terminum.
3071 4644 3234 4717 (Vide
3273 4648 3428 4717 epist.
3452 4644 3524 4699 22
3545 4657 3591 4699 et
3619 4646 3732 4714 99.)

764 4755 1000 4813 Juvenes
1030 4759 1244 4829 quidem
1276 4759 1516 4828 ignotum
1547 4761 1747 4814 habent
1779 4763 1904 4815 vita:
1933 4761 2256 4827 terminum;

2436 4760 2500 4812 El
2534 4759 2630 4811 atati.
2653 4762 2700 4811 οί
2732 4759 2838 4812 νέοι
2869 4757 3064 4828 ἄδηλον
3088 4756 3270 4826 ἔχουσι
3312 4758 3372 4811 τὸ
3400 4759 3592 4830 πέρας,
3618 4757 3756 4810 ἀλλά
3788 4776 3848 4826 γε
3880 4762 3921 4811 οἱ

702 4865 856 4904 senes
887 4866 1013 4905 vero
1041 4852 1408 4906 manifestum.
1441 4851 1516 4906 Illi
1551 4854 1719 4918 cnim,
1759 4855 1971 4908 tametsi
2004 4870 2148 4908 mors
2181 4869 2263 4907 re-

2377 4852 2748 4923 γεγηρακότες
2793 4851 3074 4922 πρόδηλον.
3107 4851 3170 4904 Οἱ
3222 4851 3319 4919 μὲν
3363 4851 3488 4923 γὰρ,
3524 4853 3572 4905 εί
3619 4853 3712 4906 καὶ
3756 4854 3928 4908 οὐδένα

707 4950 958 4996 vereatur
989 4943 1256 4996 neminem
1295 4943 1592 5012 (grassatur
1619 4946 1760 4998 cnim
1789 4959 1883 5013 per
1901 4961 2087 4999 omnes
2133 4955 2263 4999 teta-

2372 4944 2599 4996 αίδεῖται
2626 4945 2652 4995 ό
2683 4942 2910 5005 θάνατος
2940 4942 3117 5015 (κατὰ
3139 4942 3318 5011 πάσης
3343 4944 3450 5014 γὰρ
3480 4944 3572 4997 καὶ
3593 4944 3808 5016 ἡλικίας
3842 4947 3921 4998 καὶ

714 5042 792 5083 tes
819 5040 976 5097 atque
998 5031 1259 5107 ordines),
1280 5044 1500 5102 sperant
1532 5049 1590 5088 se
1626 5036 1691 5087 ad
1719 5046 1992 5089 senectam
2035 5051 2260 5105 perven-

2369 5034 2524 5100 ἁξίας
2558 5033 2791 5105 χωρεῖ),
2827 5035 2941 5088 ἀλλ’
2987 5030 3080 5088 οὖν
3125 5051 3188 5103 γε
3228 5035 3420 5090 ἐλπίδα
3467 5035 3591 5092 τινὰ
3641 5036 3823 5107 ῑχουσι
3857 5038 3923 5100 εἰς

775 5186 820 5217 ⁸⁸
859 5186 1028 5241 Exod.
1055 5202 1223 5253 xxvn,
1263 5189 1286 5241 I
1322 5203 1469 5258 seqq.
1547 5189 1592 5220 "
1621 5188 1687 5244 IV
1719 5187 1848 5259 Reg.
1882 5204 1917 5249 ι,
1952 5191 1977 5243 1
2013 5205 2163 5260 seqq.
2233 5193 2277 5224 "
2311 5191 2403 5246 Mal

1734 5187 1848 5259 'teg.
1882 5204 1917 5249 ι,
1952 5191 1977 5243 1
2013 5205 2163 5260 seqq.
2233 5193 2277 5224 "
2311 5191 2501 5246 Matth.
2539 5207 2646 5254 κισ,
2684 5189 2835 5245 ι-ιι.
2915 5190 2960 5221 ⁸⁸
2995 5193 3114 5249 Act.
3151 5209 3270 5258 xm,
3307 5193 3362 5248 8.

1804 5348 2035 5403 VARUE
2077 5349 2457 5405 LECI‘IONES
2498 5351 2580 5405 ET
2622 5351 2853 5406 NOTAE.

921 5501 1088 5576 Idem,
1113 5503 1526 5576 ἀποδεχόμενος.
1549 5505 1795 5576 Possm._
1892 5575 1897 5576 ν
2371 5516 2405 5562 ιι

1213 5503 1526 5576 δεχόμενος.
1549 5505 1795 5576 Possm._
1892 5575 1897 5576 ί
2371 5516 2506 5562 tum.
2541 5525 2558 5556 ι
2602 5505 2841 5562 Scnor'r.

781 5570 890 5645 (ξς-1)
911 5570 1181 5645 _Nirnirnm
1213 5570 1313 5628 hoc
1337 5570 1418 5645 est
1442 5575 1580 5643 quod
1609 5577 1734 5644 imp.
1767 5573 2099 5631 Justinianus
2129 5577 2270 5645 prin-
2452 5576 2564 5645 (58)
2594 5576 2771 5642 Ipsum
2801 5591 2995 5630 tamen.
3021 5576 3076 5630 ld
3128 5584 3236 5641 est,
3269 5576 3320 5630 in
3367 5575 3584 5631 virtutis
3627 5590 3785 5643 opere
3829 5595 3911 5630 non

710 5639 879 5706 cipin'
911 5640 1305 5698 Institutionnm
1344 5639 1484 5711 juris
1537 5646 1640 5708 ait,
1685 5639 1708 5698 ἱ
1749 5663 1851 5700 non
1893 5647 2062 5700 solum
2106 5639 2272 5703 armis
2381 5639 2586 5701 tantum
2623 5639 2827 5699 merces
2879 5646 3015 5712 ipsa,
3064 5639 3231 5711 qualn
3275 5648 3536 5712 recepturi
3583 5639 3803 5711 stratus,
3841 5653 3914 5701 sul

713 5712 1042 5776 det-oratum,
1087 5715 1178 5768 sed
1233 5717 1393 5770 etiam
1453 5714 1652 5785 legibus
1697 5725 1906 5788 oportet
1933 5731 2048 5773 esse
2092 5733 2272 5773 arma-
2379 5718 2550 5789 ipsum
2583 5731 2716 5787 opus
2751 5715 2875 5770 mihi
2915 5731 3012 5786 pro
3049 5717 3191 5770 dono
3219 5726 3317 5770 est.
3353 5718 3588 5770 Sanun.
