4122 6450
189 459 329 527 ΜΠ

1143 456 1675 520 EPISTULARUM
1720 455 1863 515 LIB.
1907 457 1979 516 ι’.
2020 480 2091 490 -
2129 455 2372 517 EPIST.
2415 455 2658 518 CCXLI.

3326 446 3462 512 1478

186 573 500 645 γάγραφας,
528 571 630 626 οὐκ
663 572 745 636 είς
784 572 1105 645 ἀποτροπὴν
1132 571 1335 644 ἀρετῆς
1378 568 1634 640 εἰρῆσθαι
1681 585 1766 621 νο-

1882 569 2007 636 pati,
2046 585 2064 618 ι
2111 582 2218 622 non
2263 567 2331 621 ad
2392 568 2733 623 avocandum
2783 581 2813 620 a
2860 566 3078 629 virtute,
3127 573 3186 617 ut
3215 563 3444 625 scribis,

191 664 415 735 μιστέον
440 679 456 697 ·
487 663 549 718 οὐ
579 663 689 734 γὰρ
713 663 799 717 ἵνα
829 665 909 726 είς
943 663 1147 717 κακίαν
1181 662 1470 734 βαδίσοιεν,
1507 659 1584 723 ώς
1611 658 1770 726 ἔφης,

187 755 239 809 οι
289 754 662 825 ἀκροώμενοι·
695 753 813 807 ἀλλ’
863 754 952 806 ῖνα
1003 755 1085 817 είς
1137 752 1457 822 φιλοσοφίαν
1497 751 1772 820 ὲναχθεῖεν

189 843 431 917 εἴρηται.
468 847 543 897 Οὐ
573 847 680 918 γὰρ
705 846 894 915 ἐπειδὴ
920 845 1137 908 πάντως
1163 842 1542 914 λοιδορηθῆναι
1580 843 1662 896 δεῖ
1680 843 1774 896 καὶ

193 941 284 988 τὸν
314 930 373 988 εὖ
410 933 649 1003 βιοῦντα,
682 935 782 1004 τὴν
813 935 1008 1007 ἡδονὴν
1039 933 1284 1005 αἱρετέον
1307 949 1321 964 ο
1360 933 1476 986 ἀλλ’
1513 933 1595 986 ὅτι
1635 933 1774 986 πάν-

194 1031 299 1090 τως
323 1026 428 1080 ὑπὸ
465 1026 574 1079 τῶν
611 1026 868 1097 πονηρῶν
891 1026 1019 1088 τοὺς
1049 1024 1308 1095 ἀρίστους
1339 1021 1775 1092 κακηγορεῖσθαι

193 1113 502 1184 συμϐαίνει,
558 1113 968 1185 φιλοσοφητέον.
1023 1112 1252 1184 Ἐρρέθη
1286 1112 1396 1184 γὰρ
1431 1113 1532 1166 οὐκ
1582 1112 1662 1174 είς
1713 1112 1775 1164 τὸ

203 1207 399 1272 φυγεῖν
423 1205 648 1276 ἀρετὴν,
676 1205 812 1260 ἀλλά
845 1205 980 1274 πρὸς
1010 1204 1070 1257 τὸ
1096 1204 1222 1268 τοὺς
1251 1201 1553 1264 ἀσκοῦντας
1580 1201 1772 1270 αὐτὴν,

192 1292 593 1364 κακιζομένους
631 1295 941 1363 φιλοσοφεῖν
961 1309 974 1323 ’
1005 1293 1034 1345 ὁ
1067 1293 1177 1362 γὰρ
1227 1293 1420 1362 φθόνος
1467 1291 1651 1353 αὐτοῖς
1683 1291 1776 1342 ἁν-

191 1384 684 1453 τιστρατευόμενος
719 1382 1102 1453 κωμῳδεῖσθαι
1132 1383 1330 1447 αὐτοὺς
1366 1381 1623 1445 πολλάκις
1671 1383 1773 1436 πάο

195 1472 544 1542 ρασκευάζει.
585 1476 840 1545 ¹Ἄμεινον
873 1469 987 1539 οὗν,
1041 1474 1092 1525 εί
1127 1473 1342 1535 πάντως
1396 1470 1774 1542 λοιδορηθῆναι

191 1565 294 1630 δεῖ,
324 1565 527 1630 ἀδίκως
568 1557 715 1620 τοῦθ’
749 1567 1074 1636 ὑπομεῖναι·
1109 1565 1168 1618 τὸ
1210 1564 1319 1633 γὰρ
1356 1563 1604 1626 δικαίως,
1660 1566 1774 1626 τοῖς

191 1659 454 1727 πονηροῖς
485 1656 767 1727 πρόσεστι.

747 1761 912 1815 me.
952 1790 1021 1802 —
1049 1761 1298 1832 ΠΕΤΡῼ.

1880 673 2200 730 usurpatum
2240 674 2366 716 esse
2390 659 2816 715 existimandum
2851 667 2936 714 est
2971 675 2982 710 :
3019 671 3196 724 neque
3224 663 3283 709 ut
3330 655 3461 708 illml

1879 750 2190 815 audientes,
2232 752 2309 807 uti
2333 751 2544 814 aiebas,
2570 748 2794 803 malitia:
2818 762 2940 802 sese
2968 749 3186 813 dedant,
3229 746 3322 801 sed
3367 763 3464 814 po-

1879 840 1984 894 tius
2017 850 2078 895 ut
2105 843 2171 895 ad
2204 841 2634 910 philosophieam
2666 854 2726 894 se
2772 838 3060 894 conferant
3091 838 3287 900 vitam,
3339 836 3463 889 ideo

1879 931 2105 986 dictum.
2153 929 2272 986 Non
2332 923 2477 986 enim
2525 929 2650 1000 quia
2693 929 2915 983 omnino
2967 926 3228 981 conviciis
3268 923 3462 993 impoti

1884 1029 2098 1091 oportet
2148 1029 2300 1076 recte
2342 1021 2610 1084 viventes,
2654 1018 2902 1088 voluptas
2945 1027 3030 1072 est
3064 1014 3460 1084 amplectenda,

1881 1111 1972 1166 sed
2001 1110 2132 1178 quia
2163 1110 2231 1164 ab
2254 1108 2516 1179 improbis
2541 1108 2778 1178 optimos
2804 1107 3045 1162 accusati
3081 1105 3301 1159 omnino
3334 1119 3466 1157 con-

1885 1201 2067 1269 tingit,
2100 1199 2597 1270 philosophandum
2627 1207 2732 1252 est.
2771 1198 2986 1252 Dictum
3025 1196 3171 1250 enim
3213 1205 3316 1260 est,
3357 1209 3462 1247 non

1892 1303 1950 1344 ut
1981 1293 2155 1345 virtus
2183 1289 2444 1361 fugiatur,
2480 1290 2574 1345 sed
2607 1299 2665 1343 ut
2691 1302 2812 1343 eam
2838 1295 3161 1342 exercentes
3193 1285 3331 1341 male
3359 1300 3468 1340 ac-

1875 1385 2020 1451 copti
2052 1381 2779 1454 pbilosophentur.,lnvidia
2824 1381 2968 1434 enim
3007 1393 3104 1434 eos
3145 1392 3468 1446 oppugnaris

1878 1473 2008 1529 facit
2035 1491 2146 1530 non
2189 1490 2340 1539 raro,
2371 1484 2430 1528 ut
2463 1472 2962 1542 reprehendantur.
3010 1468 3239 1524 Prtcslat
3279 1471 3466 1535 itaque

1875 1567 1920 1620 si
1953 1567 2221 1621 conviciis
2251 1566 2475 1622 omnino
2515 1563 2736 1619 obnoxii
2769 1577 2980 1626 sumus,
3011 1561 3213 1629 injuste
3258 1561 3312 1613 id
3342 1574 3467 1628 per-

1877 1657 2008 1720 peti.
2071 1655 2231 1712 Juste
2274 1656 2419 1712 enim
2471 1654 2820 1724 reprehendi,
2871 1652 3128 1708 convenit
3181 1651 3464 1720 improbis.

2303 1759 2641 1818 CCXXXIX.
2673 1789 2746 1800 —
2785 1757 3037 1813 PETRO.

1002 1851 1240 1905 lla’reses
1268 1859 1361 1904 aut
1390 1867 1454 1904 ex
1475 1850 1777 1910 ambitione.
1813 1861 1903 1905 aut
1925 1867 1987 1907 ex
2006 1853 2296 1921 pertinacia
2328 1865 2636 1908 nascuntur.

271 1961 342 2014 Ἢ
389 1961 455 2014 ἐκ
502 1960 816 2032 φιλαρχίας,
850 1954 1024 2030 οἶμαι,
1074 1959 1108 2029 ἢ
1163 1961 1228 2011 ὲκ
1279 1958 1626 2029 προλήψεως,
1682 1957 1776 2012 δύο

1951 1962 2029 2016 Ex
2064 1962 2380 2017 dominandi
2435 1962 2682 2030 libidine,
2723 1971 2778 2018 et
2823 1970 3153 2032 praesumpta
3187 1960 3466 2030 opinione,

191 2051 711 2121 δυσκαταγωνίστων
733 2051 943 2117 παθῶν,
974 2051 1072 2113 τάς
1099 2050 1342 2121 αἱρέσεις
1361 2049 1612 2120 τετέχθαι
1637 2049 1777 2122 (65)*

193 2144 260 2196 υι
299 2143 395 2212 μὲν
425 2141 534 2212 γὰρ
577 2143 634 2194 ὲν
662 2143 776 2203 τοῖς
805 2141 1068 2210 ὑπηκόοις
1100 2140 1174 2210 μὴ
1218 2139 1549 2205 ἀξιώσαντες
1594 2137 1777 2208 εἶναι,

192 2233 245 2286 oi
271 2231 328 2284 δι
361 2232 498 2302 μετά
538 2231 600 2284 τὸ
642 2231 1042 2302 προληφθῆναι,
1077 2230 1387 2300 διδαχθῆναι
1436 2230 1511 2302 μὴ
1545 2231 1777 2285 καταδε-

194 2320 443 2391 ξάμενοι,
497 2321 768 2392 νεωτέρας
813 2321 1164 2384 διδασκαλίας
1218 2321 1512 2392 σπέρματα
1549 2322 1778 2375 καταϐε-

195 2413 448 2482 ϐλήκασι,
476 2414 589 2476 τοῖς
615 2411 1008 2484 καθεστηκόσιν
1039 2413 1297 2484 ἐμμεῖναι
1324 2413 1399 2485 μὴ
1421 2412 1769 2479 ἀξιώσαντες.

479 2608 610 2669 ω.
640 2643 711 2653 -
737 2613 952 2683 ΝΕΙΛῼ
991 2613 1450 2684 ΣΧΟΛΑΣΤΙΚῼ.

1882 2049 2094 2107 duabus
2119 2067 2262 2122 aegre
2291 2054 2543 2122 superari
2573 2053 2754 2108 solitis
2778 2051 3180 2118 aﬂ'ectionibus,
3222 2051 3466 2106 haereses

1882 2153 2026 2198 nata:
2053 2153 2200 2200 sunt.
2256 2141 2538 2214 Siquidem
2578 2145 2779 2214 partim
2831 2143 3064 2212 subjecti
3115 2157 3238 2197 esse
3285 2143 3470 2197 detre-

1881 2243 2118 2298 ctantes,
2170 2234 2369 2303 partim
2423 2249 2556 2288 vero
2608 2243 2731 2305 post
2773 2243 3206 2302 praeoccupatam
3248 2232 3467 2301 opinio-

1882 2337 2007 2378 nem
2043 2322 2463 2377 instructionem
2498 2333 2844 2393 respuentes,
2883 2337 3039 2378 novre
3074 2323 3340 2378 doctrina:
3383 2338 3472 2378 se-

1896 2415 2040 2467 mina
2088 2413 2320 2479 jacinnt,
2367 2424 2690 2471 recusantes
2730 2415 2901 2470 semel
2946 2424 3096 2471 recte
3145 2415 3463 2470 constitutis

1786 2529 1792 2534 -
1881 2505 2150 2562 inhaerere
2181 2508 2544 2577 dogmatibus.

2157 2615 2359 2672 CCXL.
2387 2646 2458 2656 —
2490 2616 2649 2671 MLO
2681 2615 3182 2674 SCHOLASTICO.

837 2703 1094 2757 Virtutem
1118 2703 1738 2772 doctrina-jungmdam.
1772 2701 1936 2759 Fides
1966 2715 2012 2758 et
2054 2721 2230 2773 opem.
2269 2706 2454 2776 (Supr.
2486 2708 2638 2774 epist.
2682 2706 2828 2776 162.)

267 2812 484 2883 Τυφλδς
518 2813 617 2883 μὲν
649 2815 678 2867 ό
706 2815 814 2866 τῶν
847 2813 1057 2882 ἀρετῶν
1085 2813 1266 2883 χορὸς,
1310 2813 1474 2883 ὀρθοῦ
1520 2815 1594 2884 μὴ
1640 2813 1772 2868 καθ-

197 2905 508 2975 ηγουμένου
543 2905 808 2975 δόγματος
833 2921 847 2935 ο
888 2905 1057 2975 ἀργὸν
1101 2904 1158 2958 δὲ
1203 2904 1298 2957 καὶ
1341 2904 1402 2956 τὸ
1430 2904 1588 2978 ὀρθὸν
1631 2904 1770 2959 καθ-

200 2996 340 3066 ηγού
350 3012 510 3065 μενον
525 2997 722 3068 δόγμα,
743 2998 792 3049 εί
813 2998 840 3049 ὁ
856 2996 964 3050 τῶν
981 2996 1192 3066 ἀρετῶν
1212 2995 1374 3068 χορὸς
1397 2996 1774 3067 ἀπολειφθείη·

195 3087 250 3140 ιι
275 3087 333 3140 δὲ
371 3087 430 3140 τὸ
466 3088 564 3157 μὲν
591 3091 886 3159 κορυφαῖον
916 3087 1255 3158 ταξιαρχοίη,
1306 3090 1360 3141 αί
1389 3088 1445 3141 δὲ
1473 3087 1771 3159 χορεύοιεν,

197 3181 364 3233 παντὶ
394 3180 581 3250 τρόπῳ
631 3181 660 3233 ό
691 3181 854 3252 χορὸς
884 3181 1263 3251 στεφθήσεται,
1300 3180 1372 3244 ὡς
1411 3181 1658 3249 νομίμως
1683 3181 1774 3234 τὸν

195 3269 387 3338 ἀγῶνα
415 3269 638 3334 διαθείς.

691 3379 871 3432 ΣΜΑν.
911 3406 972 3421 .-
1015 3378 1102 3450 Tn
1140 3379 1343 3450 ΔΥΤῼ.

1951 2811 2143 2868 Caicus
2169 2815 2387 2882 quidem
2416 2825 2498 2869 est
2524 2818 2786 2871 virtutum
2831 2818 3033 2872 chorus
3061 2832 3167 2872 non
3198 2827 3345 2872 recta
3372 2818 3472 2873 do-

1882 2905 2060 2957 ctrina
2101 2905 2331 2960 imbuto.
2386 2905 2578 2961 Otiosa
2622 2909 2861 2962 vicissim
2911 2917 3062 2962 recta
3113 2909 3364 2964 doctrina
3403 2925 3471 2965 es

1885 2993 2159 3059 instituto,
2201 2994 2303 3048 nisi
2339 2995 2605 3050 virtutum
2642 2996 2870 3052 chorum
2899 2997 3212 3052 comitetur.
3241 2997 3298 3053 Si
3330 3012 3465 3052 vero

1885 3085 2132 3141 doctrina
2168 3088 2398 3142 chorum
2437 3089 2604 3142 veluti
2657 3088 2856 3152 ducat,
2894 3087 3238 3158 virtutesque
3276 3089 3471 3143 subse-

1883 3190 2145 3247 quantur,
2177 3182 2370 3248 quavis
2404 3181 2618 3235 ratione
2645 3182 2850 3236 chorus
2880 3182 3259 3246 coronabitur,
3289 3191 3346 3237 ut
3385 3180 3466 3239 le-

1805 3252 1853 3314 C
1883 3271 2072 3340 gitime
2101 3280 2320 3340 peracto
2342 3272 2665 3325 certamine.

2375 3380 2602 3436 CCXLI.
2641 3411 2710 3420 —-
2742 3380 2982 3436 EIDEM.

585 3493 747 3547 Deum
774 3508 875 3546 non
905 3493 1058 3546 modo
1087 3492 1428 3558 adulterium,-
1462 3493 1554 3547 sed
1584 3492 2002 3562 fornicationem,
2040 3505 2087 3548 et
2121 3511 2270 3549 omne
2302 3477 2623 3564 intpuritatis
2646 3511 2809 3563 genus
2839 3495 3078 3550 vetuisse.

272 3617 337 3672 Ei
377 3618 472 3672 καὶ
505 3617 667 3680 αὐτὸς
692 3618 865 3689 αἰτιᾷ,
897 3616 1012 3670 ἀλλ’
1041 3617 1150 3686 ὲγὼ
1198 3617 1302 3671 κάν
1353 3618 1528 3689 τούτῳ
1579 3619 1774 3690 κομιδῇ

196 3707 413 3780 ἄγαμαι
433 3708 525 3760 τοῦ
555 3708 848 3777 νομοθέτου
876 3707 974 3777 τὴν
1007 3707 1218 3775 σοφίαν,
1255 3709 1336 3761 ὃτι
1369 3711 1434 3760 ὲκ
1463 3708 1658 3761 πολλοῦ
1683 3708 1776 3760 τοῦ

199 3798 484 3868 περιόντος
549 3797 649 3859 τὰς
716 3795 1005 3863 ἀσελγείας
1064 3794 1471 3864 ὲξοστρακίσαι,
1526 3796 1620 3848 καὶ
1679 3797 1778 3859 τὰς

198 3889 532 3949 ἀκολάστους
583 3885 809 3956 γνώμας
861 3885 1160 3956 χαλινῶσαι
1212 3885 1510 3956 προῄρητο.
1559 3887 1618 3938 Ὀ
1667 3887 1776 3957 γὰρ

199 3981 301 4050 τὴν
341 3979 594 4032 ἀκούσιον
635 3977 881 4046 ἔκκρισιν
918 3976 1166 4046 μολύνειν
1203 3977 1638 4047 ἀποφηνάμενος,
1673 3977 1772 4048 τὴν

201 4071 448 4123 ἑκούσιον
479 4067 676 4136 πρᾶξιν
706 4065 886 4135 πολλῷ
924 4066 1125 4135 μᾶλλον
1146 4067 1515 4137 ἀπηγόρευσε.
1548 4065 1636 4136 Τῷ
1667 4067 1772 4137 γὰρ

198 4159 298 4230 τὴν
323 4158 620 4227 ἀϐούλητον
649 4158 823 4228 ῥύσιν,
849 4157 944 4226 τὴν
978 4159 1114 4227 μήτε
1139 4158 1442 4228 ἁμάρτημα
1474 4158 1774 4226 τυγχάνου-

202 4267 324 4314 σαν,
365 4251 499 4320 μήτε
550 4249 655 4302 ὑπὸ
693 4250 960 4318 τιμωρίαν
1001 4250 1264 4317 ἄγουσαν,
1312 4250 1585 4320 μολυσμὸν
1630 4245 1771 4303 εἶναι

201 4343 396 4412 φῆσαι,
422 4342 517 4393 καὶ
574 4339 887 4410 καθαρσίων
920 4341 1170 4407 ἀξιῶσαι,
1203 4343 1264 4394 τὸ
1313 4342 1556 4395 ἑκούσιον
1586 4342 1764 4411 πλημ-

204 4432 425 4503 μέλημα
462 4431 661 4500 μᾶλλον
701 4433 1028 4489 ἀνέστειλεν.
1071 4433 1287 4505 Ἐπειδὴ
1308 4435 1364 4486 δὲ
1392 4435 1490 4505 τὴν
1527 4434 1771 4503 μοιχείαν

1956 3621 2070 3674 Etsi
2103 3622 2218 3690 ipse
2261 3620 2653 3689 reprehendas,
2684 3636 2784 3691 ego
2821 3637 2951 3677 vero
2989 3624 3154 3677 etiam
3183 3622 3462 3695 legislatu-

1882 3713 1957 3766 ris
1985 3713 2075 3767 Dei
2102 3714 2429 3781 sapientiam
2464 3713 2824 3768 vehementer
2849 3716 3116 3781 admiror,
3145 3719 3292 3786 quod
3324 3735 3352 3770 a
3384 3720 3468 3774 vi-

1883 3803 2020 3857 vidis
2062 3803 2374 3858 hominihus
2439 3803 2731 3872 proﬂigare
2789 3805 3046 3862 libidines
3117 3817 3171 3862 et
3229 3808 3468 3866 Ιιιεείνιιε

1883 3902 2093 3947 mentes
2121 3892 2275 3947 freno
2304 3907 2560 3947 coercere
2584 3895 2860 3949 maluerit.
2899 3895 3270 3953 Pronuntians
3299 3903 3464 3956 etiam

1883 3985 2305 4040 involunlariatn
2355 3988 2791 4041 exsecrationem
2845 3989 3139 4058 inquinare
3171 4031 3186 4056 ,
3244 3993 3472 4049 damnat

1882 4076 2055 4130 multo
2093 4077 2262 4146 magis
2298 4077 2668 4130 voluntariam
2705 4079 3003 4134 actionem.
3042 4080 3174 4135 Cum
3206 4084 3352 4137 enim
3384 4086 3466 4138 iu-

1883 4169 2254 4221 voluntarium
2287 4167 2515 4234 ﬂuxum,
2546 4169 2640 4237 qui
2673 4179 2728 4223 et
2756 4171 2876 4224 sine
2907 4185 3132 4241 peccato
3175 4175 3253 4239 iit,
3289 4192 3465 4247 nequc

1885 4261 1954 4315 sit
1982 4275 2155 4328 poena:
2190 4261 2485 4326 obnoxius,
2535 4261 2888 4329 pollutionem
2938 4278 3062 4319 esse
3103 4266 3262 4334 dixit,
3301 4283 3464 4336 opus-

1880 4364 1986 4420 que
2021 4350 2342 4420 purgatione
2372 4351 2604 4416 censuit,
2647 4351 2806 4420 longe
2845 4352 3048 4420 justins
3096 4355 3462 4412 voluntarium

1882 4440 2084 4509 repulit
2133 4441 2415 4494 delictum.
2462 4441 2917 4510 Quandoquidem
2958 4458 3086 4499 vero
3134 4447 3462 4506 adulterium

204 4524 372 4592 μόνην
409 4523 664 4592 ἐνόμισας
708 4523 870 4576 αὐτὸν
898 4525 1356 4594 ἁπηγορευκέναι,
1386 4525 1559 4589 δοκεῖς
1616 4543 1705 4595 μοι
1737 4525 1772 4597 ἦ

1883 4535 2146 4588 duntaxat
2179 4532 2351 4588 Deum
2383 4535 2652 4588 damnare
2675 4535 2983 4602 existimas,
3014 4539 3217 4593 videris
3243 4551 3336 4594 aut
3358 4557 3463 4596 non

205 4617 281 4686 μὴ
313 4617 674 4683 ἀνεγνωκέναι
705 4615 764 4667 τὸ
794 4616 1229 4686 Δεύτερονόμιον,
1261 4617 1292 4686 ἢ
1332 4619 1406 4688 μὴ
1434 4619 1770 4688 νενοηκέναι,

206 4709 381 4759 καίτοι
449 4707 635 4775 σαφῶς
685 4707 969 4774 κείμενον⁸
1046 4726 1063 4758 ι
1115 4709 1227 4762 Οὐκ
1276 4708 1426 4760 ἔσται
1469 4710 1598 4778 γὰρ,
1643 4710 1770 4780 ἔφη,

204 4797 398 4868 πόρνος
438 4798 546 4849 ἀπὸ
585 4797 717 4849 υἱῶν
763 4795 998 4867 Ἰσραὴλ,
1029 4798 1122 4850 καὶ
1155 4798 1254 4850 οὐκ
1285 4797 1434 4850 ἔσται
1470 4799 1643 4868 πόρνη
1667 4798 1775 4851 ἀπὸ

201 4887 517 4958 θυγατέρων
559 4887 794 4958 Ἰσραήλ.
823 4907 840 4938 ι
871 4890 933 4940 El
964 4889 1068 4958 γὰρ
1091 4891 1187 4942 καὶ
1212 4890 1568 4960 χαλεπωτέρα
1597 4890 1775 4960 πολλῷ

198 4981 234 5049 ἡ
261 4980 474 5048 μοιχεία
491 4979 586 5048 τῆς
607 4980 884 5049 πορνείας,
910 4979 1002 5033 καὶ
1025 4979 1353 5050 συγγνώμης
1388 4981 1606 5050 μείζων,
1642 4982 1777 5034 ἀλλά

203 5071 296 5122 καὶ
318 5072 348 5139 ἡ
375 5071 600 5139 πορνεία
622 5071 901 5141 τιμωριῶν
924 5073 1064 5138 ἀξία,
1088 5073 1135 5124 εἰ
1163 5072 1429 5125 καὶτοῦτο
1448 5076 1561 5134 τοῖς
1580 5073 1778 5136 ἔξωθεν

201 5160 541 5229 νομοθέταις,
575 5162 674 5214 ούκ
699 5158 792 5214 οἷδ’
819 5164 986 5227 ὅπως,
1021 5164 1468 5234 παραλέλειπται.
1505 5166 1629 5225 Τοῖς
1673 5167 1778 5235 γὰρ

203 5250 380 5322 ὀρθῶς
411 5251 586 5320 βιοῦσι
616 5253 982 5323 καθαρευτέον
1008 5258 1101 5309 καὶ
1120 5256 1226 5308 ἀπὸ
1247 5256 1446 5327 ταύτης
1463 5272 1476 5284 ⁶
1504 5275 1522 5308 ι
1544 5257 1776 5328 Πορνεία

202 5343 331 5414 γὰρ,
366 5341 524 5414 φησὶν
540 5344 917 5413 όἊπόστολος,
941 5348 1032 5401 καὶ
1061 5349 1367 5417 ἀκαθαρσία
1403 5348 1536 5419 μηδὲ
1576 5350 1778 5418 ὀνομα-

201 5432 380 5498 ζέσθω
425 5436 481 5487 ἐν
528 5436 674 5506 ὑμῖν,
709 5438 887 5502 καθὼς
924 5440 1122 5511 πρέπει
1163 5441 1358 5509 ἁγίοις.
1403 5459 1420 5490 ι
1465 5440 1576 5493 Καὶ
1614 5440 1774 5492 πάλιν

265 5613 314 5648 ⁸³
341 5614 497 5670 Deut.
531 5627 692 5676 nul,
727 5613 806 5667 l7.

1879 4625 2076 4694 legisse
2127 4626 2608 4690 Deuteronomim,
2663 4635 2758 4679 aut
2815 4643 2920 4680 non
2974 4628 3297 4701 iutellixisse
3354 4642 3462 4686 tam

1882 4717 2026 4771 clare
2057 4716 2159 4770 hoc
2193 4717 2626 4785 pronuntiatum.
2650 4717 2811 4788 633
2845 4737 2862 4769 ι
2907 4719 3028 4774 Νοιι
3059 4722 3164 4774 erit
3197 4727 3458 4777 meretrix

1884 4809 1949 4864 de
1978 4808 2193 4863 ﬁliabus
2224 4809 2413 4874 Israel,
2441 4819 2533 4862 aut
2578 4819 2854 4864 scortator
2885 4811 2953 4866 dc
2981 4811 3107 4866 ﬁliis
3131 4811 3300 4867 lsraci
3332 4814 3397 4866 ⁸⁸.
3442 4836 3460 4865 ι

1884 4900 1998 4955 Etsi
2049 4904 2193 4956 enim
2247 4903 2422 4972 majus
2469 4901 2732 4971 ﬂagitium
2772 4913 2859 4957 est
2893 4905 3248 4971 adulterium,
3299 4923 3464 4977 quam

1885 4993 2201 5057 fornicatio,
2231 5005 2285 5048 et
2329 4995 2484 5047 venia
2513 4995 2733 5062 gravius
2767 4994 2858 5058 sit,
2913 4995 3027 5048 haec
3068 5007 3249 5049 tamen
3302 5013 3464 5065 poena

1880 5100 2098 5154 quoque
2151 5085 2320 5154 digna
2377 5095 2483 5151 est,
2517 5086 2764 5153 quamvis
2823 5099 3038 5154 pmnam
3089 5089 3275 5144 nescio
3329 5105 3465 5158 quo-

1883 5179 2043 5229 modo
2070 5177 2117 5229 ei
2172 5193 2276 5231 non
2311 5177 2749 5246 prmscripserint
2789 5178 3029 5245 gentium
3092 5177 3462 5248 legislatures.

1884 5265 2053 5319 Recte
2085 5271 2228 5319 enim
2264 5269 2510 5322 viventes
2541 5269 2607 5320 ab
2633 5267 2736 5320 hac
2761 5283 2926 5335 puros
2954 5283 3012 5322 se
3044 5269 3284 5337 przebere
3313 5283 3467 5338 oporo

1889 5365 1960 5407 tet
1998 5373 2010 5408 :
2050 5372 2067 5405 ι
2116 5355 2448 5419 Fornicatio,
2483 5356 2658 5424 inquit
2687 5357 3000 5426 Apostolus,
3033 5367 3087 5412 et
3131 5359 3309 5412 omnis
3358 5360 3463 5411 im-

1885 5446 2142 5501 tnunditia
2180 5462 2247 5500 ne
2273 5446 2589 5503 nominetur
2621 5449 2842 5518 quidem
2879 5451 2930 5504 in
2975 5450 3124 5505 vobis
3151 5489 3166 5515 ,
3198 5450 3336 5505 sicut
3369 5450 3472 5505 de-

1301 5703 1533 5760 VARIA‘I
1575 5707 1962 5764 LECTIONES
2002 5709 2088 5764 ET
2125 5710 2355 5767 ΝΟΤᾹΞ.

283 5839 385 5912 (65)
429 5841 532 5900 Pro
575 5849 822 5920 τετέχθαι
874 5851 1052 5917 legunt
1100 5853 1312 5908 codices
1364 5853 1521 5906 iidem
1565 5852 1838 5921 τετάχθαι.
1868 5852 2077 5910 Possm.
