4122 6434
721 374 857 436 1483

1915 342 1975 417 εἰ
2015 352 2307 416 Ismeni
2345 350 2781 413 PELUSIOT/E

3854 100 3913 109 ειν-ν

3694 100 3737 111 ὐ
3768 100 3913 109 V"‘,-"

3842 112 3925 133 ..περ

3702 138 3705 149 ι
3766 136 3791 157 ,4η
3900 142 3915 143 κ

3264 296 3279 327 l

715 485 845 539 dent
885 499 896 534 :
939 480 1029 550 qui
1071 482 1233 534 verbo
1289 487 1337 531 et
1407 472 1777 530 admonitione
1836 469 2085 533 suadent,
2147 473 2206 519 ut
2259 478 2287 517 a

2396 479 2572 515 κασιν·
2605 464 2654 515 οἱ
2701 462 2845 531 λόγῳ
2891 459 2984 514 καὶ
3022 460 3340 534 παραινέσει
3376 459 3714 535 πειρώμενοι
3758 454 3960 514 sum

716 570 863 627 vitiis
915 569 1035 640 quis
1090 568 1379 630 abstineat,
1428 565 1551 620 idne
1604 560 2002 633 persuadeant?
2049 557 2139 611 Vel
2182 569 2286 609 non

716 654 1103 734 persuadentes
1139 659 1194 713 in
1229 658 1434 713 crimen
1467 653 1775 726 ,vocentnr?
1806 660 1859 707 et
1888 648 2197 721 quomodo?
2229 646 2287 702 Si

714 768 842 809 vero
908 751 1359 822 patrocinandum
1416 745 1819 818 legislatoribus
1882 751 1988 807 est,
2039 739 2286 809 equidem

715 858 965 901 censeam
1017 842 1402 913 suppliciorum
1448 839 1773 909 gravitatem
1821 850 1914 891 eos
1965 844 2287 903 proponere,

716 952 820 993 non
848 936 1002 1007 quasi
1036 935 1328 990 humanum
1376 945 1549 1000 genus
1594 928 1824 984 inisum
1878 926 2159 988 ducentes,
2194 924 2289 978 sed

718 1043 973 1104 tanquam
1001 1031 1118 1100 ejus
1164 1044 1355 1086 curant
1401 1028 1678 1082 babentes.
1718 1023 1773 1078 ld
1817 1021 1961 1077 enim
1987 1020 2091 1074 illis
2122 1018 2289 1089 potis-

714 1125 912 1182 simum
966 1122 1142 1178 studio
1199 1127 1305 1185 est,
1358 1116 1702 1189 persuadere,
1746 1128 1815 1169 ne
1864 1112 2106 1181 improbe
2160 1109 2287 1180 quid

714 1222 926 1285 agatur.
956 1211 1117 1266 Pteua
1162 1224 1288 1263 vero
1331 1205 1710 1262 secundarium
1747 1201 1875 1270 quid
1927 1210 2031 1263 est,
2080 1208 2135 1253 et
2182 1214 2286 1252 non

714 1300 1087 1359 obedientibus
1119 1284 1437 1370 praestituta.
1465 1294 1654 1364 Neque
1691 1293 1833 1347 enim
1888 1289 1991 1353 illis
2044 1286 2291 1356 proposi-

717 1406 852 1461 tum,
885 1404 945 1447 ut
974 1391 1125 1446 multi
1166 1391 1276 1446 sint
1311 1402 1541 1457 nequam
1594 1394 1649 1440 et
1698 1381 1955 1453 improbi,
1991 1381 2082 1449 qui
2112 1376 2287 1447 puniri

713 1490 945 1544 debeant
988 1504 1003 1540 :
1051 1486 1159 1538 imo
1212 1490 1402 1537 contra
1446 1477 1586 1544 frugi
1632 1488 1821 1530 omnes
1859 1486 1981 1527 esse
2016 1472 2290 1539 bonosque

712 1582 916 1647 volunt,
963 1579 1215 1647 nullaque
1266 1589 1399 1645 opus
1439 1586 1560 1627 esse
1614 1567 1804 1623 multa.
1839 1565 1929 1620 Sic
1970 1562 2047 1618 illi
2076 1561 2290 1631 legisla-

715 1684 859 1728 tores
891 1669 1104 1739 quidem
1157 1674 1359 1721 terrent
1386 1682 1400 1717 :
1430 1661 1658 1731 im'probi
1694 1673 1823 1713 vero
1868 1654 2141 1725 peccando
2170 1667 2286 1707 eam

713 1758 932 1821 larduut,
978 1770 1151 1827 neque
1201 1764 1410 1821 tempus
1468 1750 1633 1805 ullum
1686 1763 1714 1801 a
1766 1745 1981 1815 ﬂagitiis
2040 1757 2285 1806 vacuum,

2391 554 2586 617 κακίας
2619 552 2938 623 ἀπέχεσθαι,
2985 553 3200 618 πάντως
3228 552 3545 620 πείσουσινς
3575 550 3609 625 ἢ
3640 548 3717 622 μὴ
3744 547 3961 603 πείσαν-

2387 662 2475 710 τες
2509 645 2968 716 ἑγκληθήσονται;
3007 644 3099 699 καὶ
3127 643 3246 709 πῶς
3281 642 3390 717 (68)
3419 643 3523 698 οὐκ
3549 639 3785 714 εὖηθεςς
3816 638 3883 695 ει
3904 638 3961 694 ἢ

2388 739 2494 811 χρὴ
2523 738 2619 792 καὶ
2650 737 2830 790 αὐτῶν
2860 736 2966 789 τῶν
2994 736 3301 807 νομοθετῶν
3333 730 3957 809 ὐπεραπολαγὴσασθιι,

2390 830 2556 899 φαίην
2579 828 2644 882 ἂν
2664 870 2679 895 ,
2707 828 2786 881 ὅτι
2809 827 2878 880 τὰ
2914 827 3115 897 μεγέθη
3148 827 3256 880 τῶν
3278 823 3555 899 τιμωριῶν
3578 821 3961 878 τετυπὼκασιν

2388 921 2488 991 οὐχ
2514 919 2589 983 ὠς
2619 918 3022 991 μισάνθρωποι,
3054 918 3169 972 ἀλλ’
3201 917 3275 982 ὡς
3307 918 3602 989 κηδεμόνες
3626 913 3724 970 τοῦ
3753 914 3959 983 γένους.

2392 1011 2539 1082 Αὕτη
2566 1011 2673 1081 γὰρ
2707 1010 2953 1079 αὐτοῖςή
3006 1009 3208 1080 σπουδὴ
3234 1050 3248 1071 ,
3298 1010 3481 1063 πεῖσαι
3539 1009 3615 1078 μὴ
3670 1003 3965 1076 πονηρεύε·

2392 1102 2549 1157 σθαι·
2585 1102 2646 1155 τὸ
2676 1102 2733 1155 δὲ
2772 1102 2871 1171 τῆς
2912 1102 3212 1173 τιμωρίας,
3241 1099 3489 1171 δεύτερόν
3532 1116 3583 1153 τι
3623 1099 3720 1152 καὶ
3760 1099 3876 1161 τοῖς
3905 1098 3963 1151 οὓ

2391 1196 2731 1266 πειθομένοις
2778 1194 3117 1266 ὁριζόμενον·
3161 1195 3222 1248 ού
3266 1194 3373 1266 γὰρ
3412 1192 3555 1246 τοῦτ’
3600 1190 3963 1251 ἐσπούδασαν,

2389 1284 2525 1342 εἷναί
2562 1305 2619 1341 τε
2643 1287 2869 1351 πολλοὺς
2897 1287 3186 1357 πονηροὺς,
3214 1289 3307 1339 καὶ
3335 1283 3680 1350 κολάζεσθαι·
3718 1283 3782 1337 τὸ
3814 1285 3965 1337 ἐναν-

2388 1380 2501 1433 τίον
2528 1380 2606 1445 δὲ,
2644 1380 2852 1443 πάντας
2882 1375 3020 1432 εἶναι
3048 1379 3317 1450 χρηστοὺς
3348 1377 3443 1430 καὶ
3474 1376 3745 1447 μηδεμιᾶς
3780 1375 3965 1445 χρείαν

2389 1467 2527 1527 εἶναι
2559 1471 2781 1543 ζημίας.
2841 1471 2979 1523 Ἀλλ’
3012 1472 3058 1525 oi
3114 1471 3210 1541 μὲν
3240 1469 3515 1538 φοϐοῦσιν.
3558 1471 3605 1522 οἱ
3648 1467 3704 1520 δὲ
3742 1468 3967 1534 πονηροὶ

2391 1563 2772 1635 κακουργοῦσι.
2802 1562 3005 1632 Χρόνος
3029 1562 3083 1615 δὲ
3107 1562 3279 1624 οὐδεὶς
3302 1559 3539 1630 καθαρὸς
3568 1558 3769 1620 κακίας
3794 1600 3808 1621 ,
3833 1557 3967 1609 ἀλλὰ

2391 1655 2558 1709 πολλὰ
2590 1655 2684 1708 καὶ
2721 1653 3035 1708 παντοδαπά
3069 1650 3387 1715 ἐπιπολάζει
3420 1651 3703 1720 νοσήματα
3728 1688 3743 1711 ,
3773 1648 3840 1699 δι’
3893 1640 3965 1698 ὧν

2388 1743 2689 1798 δεικνύουσι
2721 1745 2797 1813 μὴ
2825 1742 3106 1797 πείθεσθαι
3136 1742 3247 1813 (69)
3281 1743 3392 1803 τοῖς
3419 1740 3627 1810 νόμοις.
3658 1737 3835 1793 Ὀταν
3858 1738 3965 1805 γάρ

712 1850 806 1906 sed
832 1847 998 1903 multa
1032 1846 1290 1912 variaque
1320 1844 1371 1897 iu
1403 1842 1521 1896 dies
1548 1846 1834 1907 emergunt
1863 1835 2019 1897 mala,
2054 1848 2174 1903 quae
2201 1846 2287 1887 res

2390 1852 2473 1897 τις
2506 1835 2660 1905 δίκην
2692 1835 2800 1906 δῷ,
2842 1834 2976 1904 ὁμοῦ
3022 1850 3082 1887 τε
3115 1832 3470 1895 κεκόλασται,
3524 1830 3619 1884 καὶ
3663 1830 3723 1883 τὸ
3761 1830 3837 1900 μὴ
3873 1845 3966 1881 πε-

705 1939 890 2011 arguit
928 1938 1135 2005 legibus
1168 1950 1273 1991 non
1307 1932 1535 1989 obediri.
1571 1929 1703 1984 Cum
1737 1928 1859 1997 quis
1890 1927 2071 1995 itaque
2102 1937 2290 1995 pmnas

712 2032 825 2097 dat,
856 2030 1017 2086 simul
1061 2027 1376 2100 castigatur,
1404 2034 1459 2079 et
1488 2039 1546 2079 se
1574 2019 1871 2093 legislatori
1914 2034 2016 2073 non
2043 2017 2289 2088 paruisse

710 2121 972 2178 ostendit.
1013 2118 1264 2185 Quinimo
1317 2115 1416 2186 ipsi
1470 2113 1807 2184 lcgislatores
1855 2124 1960 2165 non
2015 2108 2285 2176 ignorant,

714 2227 821 2268 non
858 2210 1184 2282 persuadere
1212 2222 1269 2263 se
1292 2205 1563 2270 omnibus,
1588 2214 1645 2259 ut
1676 2202 1784 2259 sint
1833 2202 1979 2257 boni.
2011 2199 2286 2270 Supplicia

715 2304 912 2359 etenim
945 2302 1359 2375 praescribentes
1398 2307 1598 2354 norunt
1629 2298 1795 2367 probe
1828 2311 1935 2350 non
1966 2308 2155 2349 omnes
2189 2294 2284 2347 lia-

718 2396 927 2450 bitnros
956 2393 1100 2448 dicto
1136 2391 1417 2446 audientes
1443 2405 1505 2444 ac
1523 2388 1718 2459 justos.
1754 2386 1965 2441 Suntne
2005 2386 2191 2453 itaque
2219 2384 2283 2438 il-

717 2487 890 2541 lorum
941 2481 1157 2538 hostes?
1185 2480 1402 2535 Minime
1423 2494 1577 2546 vero,
1611 2479 1704 2533 sed
1731 2476 2095 2532 meminerunt
2123 2476 2285 2546 legis-

716 2574 915 2628 latores
970 2587 1028 2627 se
1073 2584 1196 2626 esse
1235 2580 1289 2625 ct
1325 2567 1603 2639 praedicari
1651 2584 1664 2621 :
1716 2565 1945 2634 improbi
1992 2579 2121 2618 vero
2151 2562 2287 2619 male

714 2663 1013 2719 multantur
1045 2676 1110 2718 ac
1150 2660 1478 2731 plectuntur.
1518 2658 1717 2714 Eadem
1773 2667 1857 2713 est
1898 2657 2040 2711 ratio
2099 2657 2285 2711 admo-

717 2754 977 2820 nautium,
1018 2752 1233 2824 quando
1285 2752 1388 2807 illis
1432 2766 1537 2806 non
1583 2760 1821 2821 paretur.
1871 2748 1986 2803 Non
2040 2749 2183 2803 enim
2224 2763 2288 2802 eo

717 2846 859 2916 quod
893 2844 1156 2900 Eusebius
1182 2852 1237 2896 et
1280 2841 1656 2907 Martinianus,
1702 2840 1951 2895 Zositnus
1996 2847 2050 2893 et
2104 2838 2288 2893 Maron

722 2936 911 2990 morbo
971 2933 1352 2991 immedicabili
1420 2933 1688 2997 laborant,
1753 2930 1898 2985 dicto
1965 2940 2143 2984 tamen
2195 2946 2294 2984 au-

720 3027 934 3081 dientes
996 3041 1104 3081 non
1165 3033 1313 3089 sunt,
1367 3038 1541 3093 neque
1586 3021 1790 3077 Iaciunt
1828 3021 1970 3091 quod
2013 3021 2294 3091 jubentur,

2394 1926 2613 1980 πεῖσθαι
2644 1930 2755 1989 τοῖς
2781 1924 3099 1997 νομοθέταις
3126 1923 3386 1977 δείκνυσι.
3416 1922 3631 1977 Μᾶλλον
3651 1921 3709 1975 δὲ
3736 1922 3893 1975 αὐτοὶ
3916 1922 3963 1972 οἱ

2392 2018 2679 2088 νομοθέται
2732 2019 2807 2081 ὡς
2856 2018 2917 2070 οὐ
2965 2017 3212 2070 πείσουσι
3264 2013 3470 2077 πάντας
3520 2008 3658 2067 εἶναι
3692 2010 3960 2079 ἀγαθοὺς.

2395 2110 2591 2167 ἴσασιν·
2625 2113 2676 2165 οἱ
2727 2110 2836 2182 γὰρ
2869 2108 3143 2182 ὁρίζοντες
3174 2108 3272 2171 τὰς
3300 2108 3565 2179 τιμωρίας
3587 2148 3602 2171 ,
3632 2106 3707 2169 ὠς
3735 2106 3799 2157 ού
3832 2105 3964 2159 καθ-

2393 2201 2573 2268 έξουσι
2606 2204 2733 2277 rei);
2774 2203 3043 2272 πονηροὺς
3065 2241 3079 2266 ,
3106 2200 3253 2270 δῆλοί
3295 2200 3429 2251 εἰσιν
3458 2198 3675 2262 εἰδότες.
3704 2193 3833 2269 'Ap‘
3875 2192 3964 2250 οὖν

2391 2294 2620 2348 ἐναντίοι
2653 2294 2786 2347 εἰσίν
2813 2311 2825 2359 ;
2860 2295 2934 2347 Οὐ
2966 2294 3159 2363 δήπου.
3206 2291 3344 2345 Ἀλλ’
3383 2291 3490 2344 οὐδ’
3519 2289 3820 2344 ἀπόλλυται
3865 2290 3961 2343 αὒ-

2390 2388 2501 2449 τοῖς
2534 2385 2595 2439 τὸ
2629 2386 2922 2455 νομοθέτας
2965 2381 3120 2438 εἶναι.
3174 2380 3312 2436 Ἀλλ’
3341 2382 3537 2434 ἐκεῖνοι
3571 2379 3674 2449 μὲν
3711 2378 3960 2450 ᾅδονται,

2392 2480 2439 2532 οἱ
2487 2477 2544 2531 δὲ
2591 2474 3025 2547 κακουργοῦντες
3076 2473 3412 2537 κακίζονται.
3470 2471 3531 2523 '0
3579 2468 3747 2532 αὐτὸς
3791 2469 3963 2522 τοίνυν

2392 2570 2548 2639 λόγος
2569 2568 2708 2623 ἔστω
2737 2568 2831 2622 καὶ
2853 2569 2980 2638 περὶ
3007 2566 3114 2619 τῶν
3139 2563 3561 2637 παραινούντων,
3594 2560 3670 2633 μὴ
3693 2561 3963 2615 ἀνυόντων

2389 2662 2467 2718 δέ·
2499 2663 2561 2715 οὐ
2590 2661 2698 2731 γὰρ
2727 2661 2776 2713 εί
2803 2658 3061 2721 Εὐσέϐιος
3082 2674 3141 2709 τε
3176 2657 3269 2710 καὶ¹
3298 2653 3682 2725 Μαρτινιανὺς,
3718 2649 3963 2720 Ζώσιμές

2391 2770 2453 2808 τε
2492 2752 2589 2807 καὶ
2622 2752 2829 2823 Μάρων
2881 2749 3166 2821 κρείττονα
3210 2746 3501 2818 θεραπείας
3538 2743 3754 2797 νοσοῦσι
3792 2743 3960 2805 νόσον,

2395 2844 2497 2915 ἥδη
2530 2846 2642 2908 τοῖς
2678 2841 3036 2916 παραινέσασι
3060 2841 3178 2911 μὲν,
3210 2838 3284 2911 μὴ
3311 2838 3539 2893 ἀνύσασι
3562 2836 3620 2889 δὲ
3649 2834 3956 2906 ὲγκλητέον·

2396 2935 2534 2989 ἀλλὰ
2582 2934 2803 2998 τούτους
2854 2933 2953 3004 μὲν
2991 2930 3337 2995 ἀποδεκτέον,
3379 2928 3618 2991 ἐκείνους
3670 2927 3729 2981 δὲ
3767 2928 3846 2990 είς
3873 2926 3961 2979 τὸ·

2402 3025 2536 3097 μηδὲ
2567 3024 2860 3096 θεραπείαν
2890 3021 3246 3093 προϊεμένους
3274 3018 3494 3073 ὠστέον.

716 3119 1005 3177 accusandi
1060 3118 1311 3175 vide‘ntur
1352 3117 1451 3183 illi,
1501 3117 1596 3188 qui
1638 3115 2005 3171 admonitione
2071 3130 2177 3171 non
2233 3119 2645 3185 persuaserint;
2704 3118 2946 3189 quinimo
2991 3115 3243 3172 laudandi
3290 3124 3415 3170 sunt
3488 3113 3619 3170 isti:
3679 3111 3759 3168 illi
3812 3125 3939 3166 vero

713 3213 807 3284 qui
842 3211 1162 3269 medicinam
1198 3224 1304 3266 non
1327 3208 1664 3273 admiserint,
1690 3205 1937 3262 feriendi.

1234 3318 1407 3376 ceu.
1431 3349 1501 3360 —
1530 3316 1761 3404 suasit.

2860 3312 3030 3369 ZNA'.
3064 3343 3135 3353 -
3165 3312 3254 3384 Ta
3287 3310 3491 3381 arm.

1246 3411 1378 3469 Cum
1402 3410 1685 3466 [inutilibus
1706 3403 1763 3465 et
1796 3409 2032 3478 superbis
2064 3424 2167 3463 non
2196 3408 2372 3463 eodem
2401 3409 2657 3499 agendum
2693 3409 2865 3462 modo.
2895 3405 3070 3476 (ϐοαί.
3102 3405 3255 3473 epist.
3280 3403 3427 3475 127.)

785 3529 921 3583 Cum
965 3523 1122 3581 bonis
1164 3521 1380 3593 quidem
1428 3519 1655 3575 remisse
1702 3526 1787 3574 est
1828 3515 2116 3588 agendum,
2165 3529 2288 3570 cum

718 3617 1017 3674 audacibus
1050 3614 1316 3670 severius.
1342 3609 1475 3666 Nam
1510 3608 1897 3680 benignitatem
1928 3607 2002 3661 illi
2037 3606 2286 3661 virtutem

718 3698 994 3780 reputant,
1023 3708 1316 3776 mitemque
1345 3712 1505 3769 esse;
1546 3711 1735 3758 contra
1778 3701 1832 3755 bi
1861 3699 2141 3755 audaciam
2174 3696 2287 3753 τοι·-

719 3800 1001 3857 titudiuem
1053 3797 1340 3854 metimaut.
1396 3794 1553 3864 Apud
1606 3792 1727 3848 illos
1781 3792 1965 3861 itaque
2015 3790 2279 3845 modestia

715 3889 1056 3956 adhibenda;
1108 3890 1163 3943 in
1223 3888 1309 3943 bis
1353 3884 1685 3955 praaﬁdentia
1738 3882 2122 3951 exstinguenda
2175 3889 2280 3945 est,

716 3989 772 4036 et
800 3978 981 4050 opinio
1012 3992 1079 4033 ex
1105 3976 1328 4031 audacia
1378 3982 1541 4029 orta:
1583 3981 1640 4026 ut
1672 3970 1781 4026 illis
1824 3970 2040 4039 quidem
2089 3970 2281 4038 prosit,

718 4073 818 4128 hos
864 4084 993 4125 vero
1035 4066 1302 4139 deprimat
1336 4063 1643 4135 prudentia.
1670 4061 1873 4131 Neque
1903 4059 2047 4114 enim
2087 4059 2279 4114 iisdem

717 4177 908 4220 omnes
936 4160 1244 4227 capiuntur,
1271 4169 1443 4225 neque
1476 4154 1669 4210 iisdem
1702 4151 1880 4223 cuncti
1915 4149 2171 4205 remediis
2194 4165 2285 4206 cu-

718 4264 931 4318 rantur,
948 4250 1051 4308 sed
1082 4256 1239 4320 prout
1277 4256 1361 4302 est
1384 4242 1727 4300 affectionum
1750 4238 2059 4306 multitudo,
2092 4237 2171 4295 sic
2198 4245 2282 4295 est

714 4357 769 4403 et
799 4344 1155 4401 medelarum.

791 4452 958 4525 636
989 4448 1185 4506 CCL".
1219 4477 1287 4488 -—
1316 4443 1684 4503 DOROTHEO
1729 4438 2205 4497 PRESBYTERO.

2467 3515 2610 3589 Πρὸς
2644 3514 2743 3586 μὲν
2776 3514 3045 3585 χρηστοὺς
3084 3510 3338 3565 ταπεινὸν
3376 3504 3514 3563 εἶναι
3550 3507 3656 3579 χρὴ
3680 3548 3695 3572 ,
3737 3509 3873 3580 πρὸς
3902 3508 3956 3561 δὲ

2395 3607 2615 3680 θρασεῖς
2664 3606 2884 3677 ὑψηλόν.
2943 3602 3159 3674 Ἐπειδὴ
3206 3602 3314 3672 γὰρ
3343 3602 3392 3654 oi
3444 3601 3540 3671 μὲν
3572 3601 3777 3672 ἀρετὴν
3823 3598 3957 3654 εἶναι

2392 3698 2650 3770 ἡγοῦνται
2684 3696 2782 3769 τὴν
2818 3697 3141 3761 έπιείκειαν,
3176 3694 3225 3746 oi
3270 3692 3328 3746 δὲ
3362 3692 3583 3764 ἀνδρίαν
3617 3692 3715 3763 τὴν
3754 3692 3954 3764 θρασύ-

2391 3807 2531 3861 τητα
2555 3829 2570 3854 ,
2601 3788 2826 3847 ἐκείνοις
2862 3788 2955 3857 μὲν
2985 3787 3083 3858 τὴν
3106 3783 3607 3855 ταπεινοφροσύνην
3637 3783 3741 3854 χρὴ
3790 3800 3953 3854 προσ-

2391 3880 2840 3951 φέρειν,’τούτοις
2868 3878 2924 3930 δὲ
2956 3875 3052 3946 τὴν
3102 3873 3323 3945 ἀνδρίαν
3344 3914 3359 3937 ,
3393 3873 3751 3927 σϐεννύουσαν
3779 3872 3954 3927 αὐτῶν

2386 3972 2486 4042 τὴν
2517 3972 2624 4026 ἀπὸ
2649 3972 2747 4042 τῆς
2791 3968 3127 4041 θρασύτητος
3168 3965 3344 4030 δόξαν·
3384 3966 3470 4020 ἴνα
3514 3965 3642 4028 τοὺς
3681 3963 3784 4034 μὲν
3813 3965 3953 4034 ὡφε-

2387 4063 2545 4135 λήσῃ,
2571 4064 2695 4125 τοὺς
2722 4061 2781 4115 δὲ
2804 4057 3115 4129 ταπεινώσῃ
3135 4057 3197 4110 τὸ
3224 4056 3496 4128 φρόνημα.
3522 4055 3595 4108 Οὐ
3623 4055 3731 4126 γὰρ
3759 4056 3953 4119 πάντες

2386 4154 2499 4215 τοῖς
2525 4150 2706 4213 αὐτοῖς
2731 4150 3030 4221 χαίρουσιν,
3066 4145 3187 4200 οὐδὲ
3219 4144 3422 4208 πάντες
3449 4146 3563 4208 τοῖς
3594 4145 3777 4207 αὐτοῖς
3796 4144 3947 4218 θεραο

2388 4241 2645 4296 πεύονται
2674 4237 3032 4311 βοηθήμασιν·
3064 4235 3178 4291 ἀλλ’
3210 4234 3331 4298 ὅσος
3359 4232 3466 4288 τῶν
3502 4233 3689 4289 παθῶν
3710 4237 3741 4289 δ
3768 4234 3949 4305 ἑσμὸς,

2386 4330 2638 4394 τοσοῦτος
2672 4330 2766 4383 καὶ
2787 4332 2816 4383 ὁ
2843 4327 2950 4381 τῶν
2979 4325 3302 4397 θεραπειῶν.

2636 4436 2801 4490 ΣΝΒι.
2824 4464 2895 4476 -
2917 4434 3218 4505 Δοροθεο
3244 4430 3704 4505 mensarum.

1513 4532 1680 4588 Fama
1709 4531 2056 4599 memoriaque
2088 4530 2341 4583 bonorum
2370 4530 2629 4598 perennis.
2663 4526 2794 4598 (qu.
2829 4527 2980 4594 epist.
3017 4524 3163 4595 5I8.)

789 4649 901 4706 Etsi
932 4647 1090 4712 amici
1140 4659 1308 4714 nuper
1352 4644 1458 4698 vita
1513 4639 1683 4696 functi
1735 4639 1995 4694 memoria
2046 4639 2184 4706 apud
2234 4648 2283 4694 te

2468 4637 2529 4690 El
2560 4637 2652 4691 καὶ
2690 4634 2833 4689 ἔοικε
2864 4635 2940 4705 τῷ
2964 4632 3220 4688 τεθνεῶτι
3247 4633 3385 4705 φίλῳ
3411 4634 3561 4706 παρὰ
3598 4637 3736 4705 uoti;
3768 4654 3946 4708 μνημη

720 4756 826 4798 una
853 4737 1197 4795 intercidisse
1225 4736 1492 4799 videatur,
1523 4734 1661 4805 apud
1688 4744 1773 4786 me
1802 4738 1980 4786 tamen
2005 4730 2281 4784 intermori

725 4835 807 4887 illa
848 4845 954 4885 non
984 4835 1163 4900 potest
1194 4845 1207 4881 :
1238 4828 1309 4881 ita
1342 4834 1399 4881 ut
1424 4826 1511 4881 hic
1542 4824 1757 4894 quidem
1813 4837 1919 4877 non
1973 4821 2284 4890 exstingua-

722 4937 826 4986 tur,
855 4923 906 4977 in
939 4923 1103 4975 altera
1134 4933 1262 4973 vero
1297 4917 1605 4987 vitamagis
1636 4916 1927 4971 elucescat.

936 5026 1151 5086 CCLlli.
1184 5058 1252 5067 —
1286 5025 1535 5081 ALYPIO
1570 5021 2057 5079 SCHOLASTICO.

2394 4726 2844 4795 συντεθνηκέναι,
2882 4726 3010 4796 παρ’
3048 4725 3172 4795 ἐμοί
3210 4725 3356 4777 ἐστιν
3392 4724 3693 4789 ἀθάνατος·
3725 4728 3949 4781 ἐνταῦθα

2396 4818 2494 4886 μὲν
2531 4817 2605 4887 μὴ
2634 4816 3052 4886 ἀποθνῄσκουσα
3074 4855 3089 4881 ,
3124 4816 3302 4868 ἐκεῖσε
3340 4817 3434 4869 καὶ
3467 4816 3667 4886 μᾶλλον
3692 4816 3945 4889 ζωοποιη-

2392 4908 2685 4980 θησομένη.

2636 5015 2803 5068 ΣΝΡ.
2842 5042 2905 5055 -
2955 5013 3211 5084 ΑΛΥΠΙῼ
3252 5014 3706 5086 ΣΧΟΛΔΣΤΙΚῼ.

1446 5116 1523 5171 De
1557 5118 1688 5170 bona
1717 5114 2033 5186 uirginitatis
2064 5111 2309 5181 conjugio
2335 5108 2651 5178 praestantis.
2687 5104 2868 5177 (Conf.
2895 5106 3044 5173 epist.
3072 5104 3223 5176 218.)

792 5235 979 5288 Divina
1022 5247 1108 5287 res
1132 5230 1414 5301 virginitas
1445 5242 1548 5293 est,
1593 5234 1946 5294 naturamque
1994 5222 2279 5278 excedens.

725 5322 1107 5379 llonoraudum
1145 5334 1275 5375 vero
1319 5319 1615 5391 legitimum
1649 5328 1731 5373 est
1759 5315 2084 5385 coniugium.
2121 5312 2283 5366 Scor-

722 5414 851 5469 talio
874 5428 1006 5469 vero
1019 5422 1205 5466 contra
1234 5412 1374 5481 leges
1391 5419 1492 5466 est.
1525 5409 1890 5475 Quamobrem
1918 5406 2006 5460 illa
2033 5404 2170 5458 coelo
2193 5411 2275 5457 cst

2471 5216 2536 5269 ,η
2580 5217 2679 5286 μὲν
2714 5213 2981 5284 παρθενία
3031 5213 3276 5284 θειοτάτη
3328 5212 3446 5267 ἐστὶ
3489 5214 3585 5266 καὶ
3638 5214 3937 5285 ὑπερφυὴς,

2388 5310 2415 5360 ὁ
2445 5308 2500 5361 δὲ
2531 5307 2755 5377 νόμιμος
2785 5305 2961 5375 γάμος
2983 5303 3180 5373 τίμιος,
3214 5306 3247 5375 ἡ
3273 5304 3329 5357 δε
3360 5305 3585 5373 πορνεία
3614 5309 3937 5376 παράνομος.

2382 5401 2472 5453 Διὸ
2494 5398 2588 5453 καὶ
2617 5401 2649 5469 ἡ
2682 5399 2779 5469 μὲν
2806 5398 2914 5451 τῶν
2940 5396 3184 5469 οὐρανῶν
3209 5400 3354 5450 ἐστιν
3381 5396 3526 5463 ἀξία,
3555 5399 3583 5450 ὁ
3608 5398 3665 5451 δὲ
3700 5402 3797 5474 τῆς
3827 5399 3937 5471 τῆς.

1806 5578 2039 5634 VARle
2080 5573 2459 5631 LECTIONES
2502 5573 2587 5629 ET
2629 5572 2861 5630 NOTAE.

788 5746 903 5812 468)
939 5749 966 5797 Α
980 5743 1103 5801 mbo
1128 5742 1284 5796 codd.
1315 5740 1430 5804 πῶς
1464 5744 1672 5793 mutant
1700 5736 1753 5791 in
1789 5733 1910 5788 ποῦ.
1945 5734 2158 5789 Possm.

2461 5730 2570 5803 (69)
2599 5729 2793 5795 iidem,
2837 5727 3138 5783 πεπεῖσθαι.
3172 5725 3244 5780 In.
