4122 6438
149 441 169 506 ι
181 443 288 508 435

1054 429 1592 493 EPISTOLARUM
1637 426 1780 486 LIB.
1820 427 1886 484 Υ.
1911 422 2236 482 -ΕἰῚδἸἊ
2275 418 2542 481 CCLV”.

3303 417 3438 483 ltsﬁ

144 558 178 628 ἡ
207 555 267 610 δὲ
297 555 391 608 τοῦ
424 554 571 626 ᾅδου·
596 555 662 624 τῇ
698 549 794 622 μὲν
825 548 931 620 γὰρ
965 547 1228 612 στέφανος
1254 544 1634 615 χρεωστεῖται,
1660 539 1738 610 τῷ

1866 539 2025 608 ligna,
2062 537 2292 589 alterum
2321 543 2462 587 terra
2501 550 2515 586 :
2547 540 2600 585 at
2641 529 2927 586 fornicatio
2967 530 3172 588 inferis.
3208 531 3299 587 Illa
3349 551 3442 590 co-

142 647 202 699 δὲ
252 643 564 716 σύμμετρον
621 640 916 710 ἐγκώμιον,
965 639 1030 707 τῇ
1081 635 1138 688 δὲ
1187 634 1450 705 τιμωρία.
1504 630 1736 702 Μοιχεία

1850 641 2038 682 ronam
2067 623 2423 692 adipiscitur;
2459 622 2560 676 hoc
2597 621 2840 675 modeste
2868 631 2924 674 ut
2951 621 3232 676 laudetur:
3273 624 3440 678 torni-

144 736 259 807 γὰρ
286 777 300 797 ,
327 713 434 790 καὶ
477 713 638 804 ιρόνος
678 733 814 800 (70),
862 728 957 782 καὶ
1000 728 1068 780 τὰ
1107 727 1241 780 ἄλλα
1275 725 1628 794 πταίσματα,
1663 717 1739 774 ὧν

1866 719 1994 774 :atio
2051 731 2180 772 vero
2242 715 2507 785 supplicio
2557 717 2738 786 digna.
2781 713 3121 769 Adulterium
3166 727 3347 770 autem
3390 727 3442 769 et

143 828 273 881 οὐδὲ
314 827 626 897 μνησθῆναι
663 823 856 893 θέμις,
889 819 1131 888 τοσούτῳ
1164 818 1281 870 ἐστὶ
1321 818 1416 871 καὶ
1459 816 1559 886 τῆς
1601 832 1736 885 πορ-

144 920 299 984 νείας
338 919 645 990 βαρύτερα,
695 917 807 985 ὅσῳ
838 914 946 966 τῶν
988 911 1130 966 κατὰ
1171 909 1352 978 φύσινο
1380 907 1741 976 πταισμάτων

143 1011 218 1065 τὰ
251 1012 400 1083 παρὰ
433 1010 593 1079 φύσιν
630 1005 967 1079 μιαρώτερα.
1027 1001 1187 1056 Ἀλλὰ
1231 1001 1407 1054 ταῦτα
1460 999 1637 1052 πάντα
1671 997 1742 1051 τά

144 1102 298 1156 κακά
362 1101 623 1171 μετάνοια
677 1096 978 1168 εἰλικρινὴς
1038 1092 1366 1165 θεραπεύειν
1424 1091 1738 1155 ἐπίσταται,

145 1191 301 1259 παρὰ
331 1191 424 1245 τοῦ
470 1188 657 1261 κριτοῦ
719 1187 817 1259 τὴν
860 1186 1168 1256 ἐπιστήμην
1206 1182 1410 1254 ταύτην
1436 1184 1743 1251 ἐγκεχειρι-

159 1286 357 1354 σμένη.

385 1394 549 1448 ΣΝΔ’.
579 1422 647 1434 --
679 1388 983 1457 ΤΙΜΟΘΕῼ
1022 1383 1483 1454 ΣΧΟΛΑΣΤΙΚῼ.

1846 811 2040 871 cades,
2066 809 2279 879 aliaque
2304 807 2527 878 ﬂagitia,
2554 821 2678 877 qua:
2702 809 2782 860 vel
2809 806 3093 861 nominare
3114 808 3186 862 sit
3215 807 3436 868 nefas".

1852 911 2002 956 tanto
2047 898 2411 955 fornicatione
2436 901 2707 968 graviora,
2733 906 2939 966 quanto
2973 897 3319 954 naturalibus
3348 900 3442 953 de-

1851 995 1994 1050 lictis
2016 994 2197 1063 pejora
2231 1001 2377 1058 sunt,
2414 1006 2534 1060 quc
2568 999 2757 1045 contra
2793 1000 3044 1045 naturam
3087 993 3447 1047 committun-

1851 1096 1958 1142 tur.
1987 1086 2189 1142 Vcrum
2226 1085 2342 1139 haec
2367 1084 2549 1139 omnia
2582 1081 2775 1137 delicta
2855 1084 3072 1138 sincera
3127 1085 3446 1152 ptenitenlia

1852 1179 2076 1250 expiare
2107 1178 2277 1242 novit,
2327 1192 2392 1232 ex
2441 1177 2670 1232 scicntia
2735 1191 2898 1245 quam
2956 1192 3203 1231 summus
3255 1177 3451 1232 indidit

1851 1269 2048 1325 Judex.

2029 1376 2255 1434 CCLIV.
2278 1405 2348 1415 -—
2379 1372 2731 1431 TIMOTHEO
2767 1371 3264 1431 SCIlOLASTlCO.

1247 1476 1481 1530 Adversa
1510 1475 1620 1544 pati
1648 1473 1847 1544 injuste
1886 1473 1940 1526 in
1971 1471 2076 1525 vita
2104 1469 2347 1537 perutile.

235 1595 452 1663 Ἐπειδὴ
481 1593 542 1646 τὸ
570 1591 735 1663 μηδὲν
757 1590 950 1644 παθεῖν
976 1591 1032 1641 ἐν
1061 1587 1138 1658 τῷ
1169 1587 1401 1658 παρόντι
1433 1586 1532 1657 βίῳ
1565 1587 1746 1656 κρεῖτο

145 1708 241 1743 τον
271 1689 304 1760 ἢ
346 1686 488 1740 κατά
516 1684 819 1756 ἄνθρωπον,
869 1682 1090 1752 ἄμεινον
1124 1681 1185 1732 τὸ
1226 1679 1432 1742 ἀδίκως
1463 1696 1516 1731 τι
1549 1676 1744 1730 παθεῖν

152 1780 434 1852 ἢδικαίως
461 1777 596 1848 (7|).
652 1776 722 1828 Τὸ
758 1775 856 1844 μὲν
898 1773 1005 1843 γὰρ
1053 1771 1362 1840 φιλοσόφων
1404 1769 1542 1834 ἐστὶ,
1592 1768 1652 1821 τὸ
1688 1768 1748 1821 δὲ

1925 1580 2060 1636 Cum
2098 1580 2148 1634 in
2174 1579 2278 1634 hac
2301 1578 2409 1631 vita
2440 1577 2577 1632 nihil
2605 1579 2818 1633 adversi
2859 1577 3071 1648 perpeti
3105 1592 3272 1648 supra
3301 1593 3450 1634 mor-

1857 1673 2046 1726 talium
2073 1673 2146 1726 sit
2170 1681 2400 1734 sortem,
2435 1672 2508 1724 ita
2537 1670 2731 1725 melius
2769 1669 2966 1738 injuste
2997 1670 3125 1739 quid
3157 1671 3262 1738 pati
3290 1685 3452 1739 quam

1851 1764 2018 1833 juste.
2051 1762 2163 1817 lloc
2193 1761 2339 1817 enim
2376 1770 2460 1816 est
2491 1760 2924 1830 philosophicum
2984 1776 3048 1816 ac
3099 1763 3285 1831 pium;
3323 1761 3452 1815 illud

150 1873 503 1941 κακούργων·
533 1870 592 1922 τὸ
619 1869 717 1938 μὲν
745 1865 1072 1935 εὐδοκίμων,
1098 1864 1161 1917 τδ
1193 1864 1249 1918 δὲ
1279 1861 1595 1933 ἐργολάϐων
1616 1877 1627 1890 ⁸
1657 1864 1752 1915 καὶ

1866 1869 1986 1909 vero
2019 1855 2395 1922 improborum
2430 1854 2730 1923 proprium.
2769 1853 2882 1908 lloc
2911 1855 3210 1922 proborum
3241 1869 3304 1909 ac
3337 1855 3455 1908 lau-

153 1963 214 2016 τὸ
248 1964 348 2033 μέν
386 1965 502 2014 ἐστι
532 1959 812 2027 στεφάνων
841 1955 1118 2019 ὑπόθεσις,
1157 1954 1218 2007 τὸ
1240 1955 1296 2008 δὲ
1330 1952 1746 2024 ἁμαρτημάτων

155 2054 439 2116 ἀντίδοσις·
470 2053 528 2105 τὸ
556 2053 654 2122 μὲν
678 2050 958 2120 ὀφειλέτην
983 2049 1272 2118 καθίστησι
1294 2048 1384 2099 τὸν
1412 2045 1568 2109 Θεὸν,
1601 2045 1662 2096 τὸ
1684 2045 1740 2096 δὲ

155 2145 490 2217 ὀφλημάτων
517 2145 634 2197 ἐστὶ
661 2142 926 2206 διάλυσις.

438 2343 606 2397 ΣΝεν.
637 2371 706 2382 -
731 2337 1090 2411 ΛΑΜΠΕΤΙῼ
1131 2337 1454 2408 ΔΙΑΚΟΝῼ.

1855 1947 2156 2000 dandorum
2183 1954 2301 2009 est;
2345 1944 2474 1999 illud
2517 1944 2977 2014 sycophantarum
3001 1959 3098 1998 seu
3122 1944 3456 2014 quadrupla-

1855 2047 2056 2091 torum.
2081 2035 2146 2089 Et
2171 2035 2271 2091 hoc
2295 2035 2512 2104 quidem
2546 2049 2804 2088 coronam
2859 2044 3134 2104 meretur;
3169 2035 3296 2089 illud
3331 2051 3458 2104 pec-

1854 2139 2102 2184 catorum
2148 2137 2230 2184 est
2275 2142 2485 2183 merces
2532 2141 2546 2180 :
2587 2126 2855 2196 huiusque
2907 2128 3119 2184 debitor
3151 2127 3293 2185 Deus
3335 2136 3454 2193 est;

1855 2222 1983 2277 illud
2013 2237 2140 2277 vero
2174 2220 2480 2276 debitorum
2509 2220 2814 2276 dissolutio.

2127 2328 2330 2385 CCLV.
2362 2359 2428 2370 —-
2464 2328 2818 2386 LAMPETIO
2851 2329 3171 2388 DIACONO.

615 2431 770 2502 Regis
795 2445 839 2486 et
875 2434 1086 2502 tyranni
1114 2431 1417 2485 discrimen.
1446 2427 1644 2483 Contra
1682 2427 1880 2495 factum
1910 2424 2258 2496 quorumdam
2287 2423 2448 2492 episc.
2481 2421 2644 2490 (Vide
2669 2425 2821 2492 epist.
2857 2425 3004 2494 126.)

229 2539 368 2594 Λίαν
403 2536 690 2608 θαυμάζω,
733 2539 850 2603 πῶς
885 2539 1033 2602 τινὲς
1078 2539 1326 2616 μὲντῶν
1361 2537 1609 2611 ἀρχαίων
1653 2535 1751 2599 τὰς

157 2628 480 2701 τυραννίδας
508 2629 588 2690 είς
627 2629 898 2698 πατρικὴν
943 2628 1272 2698 κηδεμονίαν
1308 2625 1570 2696 ἔτρεψαν·
1604 2623 1754 2685 τινὲς

155 2721 219 2774 δὲ
250 2719 362 2773 τῶν
392 2721 510 2771 νυνὶ
548 2717 1002 2789 νεωτεριζόντων,
1047 2717 1143 2769 καὶ
1169 2717 1268 2787 τὴν
1300 2714 1627 2786 ποιμενικὴν
1663 2730 1753 2780 φι-

157 2811 486 2881 λοστοργίαν
536 2812 618 2873 είς
667 2809 997 2881 τυραννικὴν
1049 2808 1378 2877 αὐτονομίαν
1434 2804 1749 2877 μετέϐαλον·

161 2902 264 2972 οὐχ
293 2899 590 2954 ὑπεύθυνον
622 2901 795 2971 ἀρχὴν
822 2898 1294 2970 ὲμπεπιστεῧθαι,
1328 2899 1443 2951 ἀλλ’
1479 2899 1754 2967 αὐτοκρα-

163 2993 396 3064 τορικὴν
435 2992 681 3059 ἐξουσίαν
708 2991 1091 3063 κεκληρῶσθαι
1125 2992 1470 3061 νομίσαντες.

479 3194 658 3264 ΣΝςο.
685 3225 757 3236 -
794 3195 980 3267 ΚΥΡῼ
1025 3193 1454 3250 ΜΟΝΑΖΟΝΤΙ.

1933 2535 2190 2590 Admiror
2224 2534 2477 2604 equidem
2509 2543 2566 2587 ut
2593 2533 2896 2603 antiquitus
2925 2535 3172 2589 nonnulli
3208 2539 3457 2606 tyranni-

1859 2627 1979 2682 dem
2013 2641 2136 2681 cum
2164 2625 2344 2694 patrio
2395 2633 2773 2693 permutarent
2800 2621 2997 2678 omcio.
3043 2623 3272 2691 Quidam
3328 2639 3460 2680 vero

1865 2733 2011 2773 nunc
2047 2718 2213 2772 rebus
2243 2714 2400 2771 novis
2424 2716 2728 2780 studentes,
2766 2729 2829 2769 ac
2861 2716 3190 2784 pastoralem
3215 2731 3460 2772 amorem

1863 2824 1987 2881 erga
2024 2822 2243 2880 gregem
2274 2807 2374 2862 sibi
2401 2807 2753 2862 commissum
2775 2807 2828 2860 in
2865 2808 3210 2878 tyrannidem
3241 2819 3460 2863 verten-

1867 2914 1948 2960 tcs
1989 2915 2095 2956 non
2143 2907 2423 2964 rexerunl,
2461 2897 2613 2967 quasi
2661 2897 2926 2952 creditum
2962 2897 3064 2952 sibi
3113 2907 3259 2952 esset
3297 2899 3465 2969 impc-

1865 2994 2030 3057 rium,
2063 2993 2156 3048 sed
2193 2990 2344 3046 velut
2366 2989 2665 3061 imperandi
2694 2998 3021 3059 potestatem
3051 2999 3196 3046 sorte
3223 2989 3460 3048 oblatam

1866 3084 1975 3137 sint
2013 3082 2181 3138 nacti.

2194 3187 2419 3244 CCLV].
2453 3216 2524 3228 —
2547 3185 2736 3243 CYRO
2771 3185 3126 3243 MONACHO.

1557 3284 1634 3338 De
1659 3284 1797 3338 man
1841 3285 2076 3340 invidiae.

245 3398 310 3452 Οί
344 3397 436 3451 νοῦ
473 3397 567 3450 καὶ
600 3396 914 3468 φρονήσεως
943 3393 1321 3466 άμοιροῦντες,
1364 3391 1604 3455 ἐκείνους
1647 3391 1762 3445 δια-

170 3489 392 3542 τελοῦσι
443 3487 762 3558 μισοῦντες,
815 3485 910 3547 οὓς
961 3488 1026 3538 ἂν
1078 3482 1466 3537 ὑποπτεύσωσι
1520 3481 1763 3551 βελτίους

173 3581 386 3634 ἑαυτῶν
432 3579 609 3643 ὄντας
655 3580 748 3632 καὶ
779 3579 840 3632 τὸ
890 3581 1045 3649 μῖσος
1087 3574 1384 3646 τρέφουσιν
1431 3574 1533 3626 οὐκ
1560 3574 1652 3642 ἀφ’
1687 3567 1763 3628 ὧν

171 3671 515 3742 ἠδικήθησαν
559 3666 742 3743 (ἧττον
768 3672 876 3742 γὰρ
909 3671 973 3724 ἂν
1005 3665 1072 3739 ἦν
1107 3667 1236 3730 ῐσως
1266 3666 1486 3737 κακὸν),
1526 3665 1636 3718 ἀλλ’
1670 3665 1761 3732 ἀφ’

171 3755 250 3815 ὦν
276 3759 373 3832 τῆς
398 3761 514 3814 κατ’
550 3761 749 3830 ἀρετὴν
780 3759 1030 3820 εὐκλείας
1052 3758 1543 3828 ἁπολιμπάνονται.

442 3869 607 3926 ΣΝΖ’.
637 3899 705 3910 -
741 3870 990 3938 ΖΩΣΙΜῼ
1029 3868 1503 3938 nassonem}.

1943 3391 2046 3460 Qui
2096 3401 2278 3450 mente
2329 3393 2728 3464 prudentiaque
2780 3405 2993 3459 carent,
3048 3395 3232 3451 odisse
3289 3395 3466 3451 solent

1872 3498 2131 3558 perpetuo
2189 3501 2326 3556 quos
2375 3502 2498 3542 sese
2561 3487 2816 3542 meliores
2890 3501 3012 3542 esse
3093 3490 3462 3556 suspicantur,

1871 3580 2131 3649 aluntque
2151 3581 2334 3635 odium
2370 3595 2497 3652 erga
2549 3595 2666 3647 eos,
2701 3595 2806 3636 non
2835 3596 2864 3635 a
2893 3580 3088 3651 quibus
3119 3581 3296 3638 aﬂ‘eeti
3330 3585 3471 3652 inju—

1876 3673 1952 3727 ria
1984 3681 2110 3728 sunt
2135 3673 2339 3744 (minus
2373 3673 2516 3726 enim
2551 3671 2604 3727 id
2638 3673 2839 3727 malum
2879 3673 3111 3730 fortasse
3155 3674 3340 3739 foret).
3371 3678 3468 3731 sed

1876 3778 1904 3816 a
1949 3765 2148 3833 quibus
2182 3765 2399 3818 virtutis
2441 3763 2609 3832 gloria
2646 3774 2998 3832 superantur.

2087 3871 2338 3927 CCLV".
2366 3902 2435 3912 —
2471 3869 2727 3928 ZOSIMO
2766 3872 3250 3933 PRESBYTERO.

625 3963 705 4014 Ad
734 3965 923 4015 bonum:
964 3963 1152 4015 invitat
1185 3961 1408 4030 frugem,
1443 3963 1877 4032 acquiesremlum
1906 3964 2144 4018 consiliis
2171 3966 2448 4018 bonorum.
2485 3963 2675 4034 (Supr.
2701 3966 2852 4033 epist.
2878 3967 3029 4038 105.)

249 4070 341 4140 Μὴ
374 4069 470 4140 τὴν
504 4072 569 4122 ὲκ
603 4071 697 4138 τῆς
727 4069 934 4132 οἰκείας
973 4069 1250 4140 ῥᾳθυμίας
1293 4069 1496 4140 ψῆφον,
1536 4070 1634 4140 τὴν
1663 4071 1770 4124 ὑπὸ

173 4164 286 4219 τῶν
319 4163 388 4216 τὰ
421 4163 561 4217 αὑτά
592 4179 673 4215 σοι
707 4161 956 4233 δρώντων
993 4161 1358 4235 κυρουμένην,
1390 4163 1490 4232 τῆς
1519 4163 1773 4234 ἀληθείας

175 4253 320 4313 εἶναι
355 4257 584 4328 νομίσῃς
623 4255 1073 4326 ἀξιοπιστοτέραν
1125 4257 1196 4324 (εί
1229 4255 1340 4326 γὰρ
1374 4257 1469 4310 καὶ
1499 4259 1531 4326 ἡ
1575 4273 1773 4326 χειρω·

177 4350 392 4422 σαμένη
441 4366 500 4401 σε
539 4349 639 4418 τῆς
684 4349 883 4414 κακίας
930 4351 1085 4410 νόσος
1116 4349 1293 4403 ταῦτά
1334 4366 1416 4402 σοι
1448 4349 1769 4419 νομοθετεῖ,

1945 4073 2024 4129 Ne
2059 4075 2293 4145 propriae.
2338 4075 2570 4145 ignaviae
2596 4076 2924 4131 sententiam
2956 4079 3140 4145 abiis,
3175 4080 3339 4152 637
3375 4085 3465 4152 qui

1875 4169 1928 4221 in
1966 4166 2157 4223 eadem
2215 4176 2392 4222 tecum
2440 4167 2594 4237 culpa
2639 4178 2790 4232 sunt,
2823 4169 3201 4227 conﬁrmatam
3234 4173 3466 4226 veritate.

1877 4259 1982 4314 {ide
2009 4260 2311 4330 digniorem
2343 4275 2465 4315 esse
2504 4271 2682 4329 putes.
2721 4258 2778 4315 Si
2813 4261 2959 4316 enim
2989 4271 3044 4317 et
3072 4261 3292 4317 malitiae
3319 4279 3469 4318 mor-

1875 4352 1999 4415 bus,
2038 4366 2146 4421 quo
2201 4350 2434 4421 raperis,
2468 4351 2583 4406 haec
2637 4353 2732 4407 tibi
2789 4353 3112 4422 praescribit,
3156 4355 3472 4426 habeasque

177 4443 276 4496 καὶ
301 4441 426 4504 τοὺς
453 4439 521 4494 τὰ
552 4440 690 4494 αὐτά
717 4456 798 4493 σοι
832 4440 1120 4504 νοσοῦντας
1138 4440 1432 4504 ἐπαινέτας
1463 4439 1620 4511 ἔχεθ’
1653 4440 1757 4493 ἀλλ

1877 4442 2183 4498 laudatores
2233 4444 2332 4507 tui,
2380 4444 2471 4511 qui
2515 4443 2705 4498 eodem
2759 4453 2934 4497 tecum
2978 4443 3168 4499 morbo
3197 4445 3469 4509 laborant,

175 4531 232 4587 εί
251 4550 314 4602 γε
341 4532 414 4603 μὴ
445 4533 522 4596 είς
553 4533 850 4603 ἀνήκεστον
881 4529 1044 4604 ἦλθες
1075 4533 1370 4604 ῥαθυμίαν,
1405 4534 1505 4586 οὐκ
1527 4534 1636 4586 ἀπὸ
1666 4534 1772 4586 τῶν

176 4622 477 4677 νοσούντων
536 4625 746 4687 δίκαιος
800 4624 866 4677 ἂν
917 4624 1032 4693 εἴης
1081 4623 1266 4676 λαϐεῖν
1327 4625 1429 4688 τας
1482 4626 1611 4695 περὶ
1666 4624 1776 4677 τῶν

177 4715 523 4788 πραγμάτων
585 4715 796 4786 ψήφους
859 4716 950 4786 (εί
1004 4716 1113 4787 γὰρ
1163 4715 1374 4775 τούτοις
1430 4716 1615 4786 ﬁdem,
1686 4716 1778 4768 καὶ

180 4807 436 4877 ἰατρικῆς
489 4807 584 4860 καὶ
645 4807 962 4877 φιλοσοφίας
1012 4807 1450 4879 καταψηφίσῃ),
1500 4807 1615 4862 ἀλλ’
1665 4808 1774 4860 ἀπὸ

176 4895 290 4949 τῶν
336 4895 705 4962 ὑγιαινόντων.
759 4897 821 4949 Et
855 4897 898 4949 δ’
949 4897 1121 4960 οὐδείς
1176 4915 1256 4950 σοι
1300 4897 1564 4964 ὑγιαίνειν
1602 4897 1770 4961 δοκεῖ,

183 4987 419 5060 μάλιστα
471 4988 568 5058 μὲν
625 4992 798 5052 νοσεῖς
861 4990 1044 5057 (72)’
1100 4993 1147 5042 εί
1201 4991 1258 5043 δὲ
1313 4991 1602 5054 ἀπιστεῖς,
1656 4994 1773 5053 ταῖς

181 5077 356 5142 θείαις
390 5079 630 5150 Γραφαῖς
659 5078 922 5148 ἐντυχὼν,
963 5081 1081 5152 εἴσῃ
1107 5083 1199 5134 καί
1228 5082 1321 5134 τοῦ
1347 5085 1651 5153 νοσήματος
1675 5082 1773 5154 τὴν

183 5170 408 5233 κακίαν,
436 5169 534 5223 καὶ
570 5171 665 5240 τῆς
694 5171 894 5234 κακίας
927 5171 1026 5242 τὴν
1058 5172 1404 5243 ἀπαλλαγήν.

255 5327 300 5359 ⁸³
335 5307 536 5397 Ephes.
571 5343 624 5394 ι’,
660 5329 724 5394 5;
753 5327 962 5385 Coloss.
995 5345 1078 5397 ιιι,
1116 5331 1147 5382 5

1875 4533 1999 4606 (nisi
2046 4534 2097 4588 iu
2150 4532 2504 4588 incurabilem
2557 4531 2698 4588 forte
2751 4533 2998 4589 morbum
3053 4535 3338 4605 incidisti),
3366 4551 3471 4591 ηοιι

1877 4629 1950 4682 sit
1979 4641 2190 4697 aequum
2235 4629 2302 4682 ab
2351 4627 2510 4696 aegris
2539 4627 2791 4696 accipere
2837 4641 3017 4680 rerum
3063 4637 3278 4680 tuarum
3326 4628 3474 4696 judi-

1881 4717 2026 4773 cium
2058 4718 2208 4785 (nam
2257 4717 2302 4771 si
2355 4731 2450 4771 eos
2479 4717 2748 4783 sequaris,
2783 4715 3236 4770 condemnaberis
3276 4716 3474 4772 merito

1882 4823 1913 4861 a
1941 4807 2168 4862 medicis
2195 4821 2259 4861 ac
2286 4805 2647 4876 philosophis)
2689 4806 2784 4860 sed
2827 4819 2856 4860 a
2906 4816 3054 4859 recte
3082 4806 3386 4862 valentibus
3411 4822 3476 4860 ac

1882 4897 2050 4953 sanis.
2087 4896 2244 4964 Quod
2286 4897 2332 4952 si
2370 4911 2530 4952 nemo
2559 4893 2747 4950 valens
2777 4894 2871 4950 tibi
2919 4895 3172 4951 videatur
3217 4898 3474 4968 (aegrotas

1883 4991 2027 5044 enim
2059 4989 2320 5060 valdc)ac
2350 4989 2394 5044 si
2435 5002 2542 5042 non
2581 4986 2762 5042 credis
2794 4994 2940 5042 recta
2969 4988 3244 5054 suadenti,
3283 4992 3350 5044 ad
3389 5005 3478 5044 sa-

1884 5096 2036 5136 cram
2087 5082 2429 5150 Scripturam
2472 5087 2524 5134 te
2575 5079 2826 5148 recipito,
2870 5087 2930 5132 ut
2976 5079 3152 5136 morbi
3176 5094 3478 5152 cognoscas

1886 5172 1994 5226 vim
2025 5181 2078 5228 et
2107 5173 2328 5228 malitiae
2360 5173 2580 5228 haurias
2609 5172 3029 5229 correctionem.

1299 5445 1528 5501 VARle
1577 5446 1970 5505 LECTIONES
2008 5447 2096 5502 ΕΤ
2136 5446 2370 5504 NOTA‘J.

255 5578 369 5704 ΨΟ)
401 5578 572 5661 Codd.
611 5577 732 5661 Vat.
767 5578 871 5662 659
899 5589 954 5662 et
979 5581 1114 5662 Αιι..
1140 5580 1353 5647 φθόνος·
1389 5579 1570 5649 placet
1595 5589 1772 5632 tamen

255 5667 315 5703 ιιι
348 5651 558 5704 quidem
591 5665 760 5704 magis
784 5651 911 5704 editi
950 5650 1126 5704 lectio.
1164 5649 1375 5704 Possm.

186 5649 315 5706 mihi
348 5651 558 5718 quidem
591 5651 760 5714 magis
784 5651 911 5704 editi
950 5650 1126 5704 lectio.
1164 5649 1375 5704 Possm.

256 5717 372 5790 (71)
407 5718 543 5790 Edit.
577 5721 777 5790 Paris,
807 5720 1029 5787 ἄμεινον
1063 5721 1122 5772 τὸ
1154 5721 1355 5782 ἀδίκως
1383 5736 1394 5750 ·
1431 5719 1490 5772 τὺ
1536 5719 1634 5788 μὲν
1667 5717 1774 5786 γὰρ

190 5789 491 5859 φιλοσόφων
521 5789 668 5860 Asc-ri.
703 5789 878 5846 Locus
912 5789 1190 5860 suppletur
1222 5806 1285 5844 ex
1341 5792 1461 5844 cod.
1493 5791 1600 5843 Alt.
1633 5791 1775 5858 apud

192 5858 494 5917 Possiuum.
520 5858 676 5912 Εοιτ.

1958 5581 2200 5653 (7‘2)_Ed.
2223 5580 2418 5647 Paris.,
2446 5582 2572 5636 εἰσί.
2605 5581 2915 5653 Legendum
2945 5597 3072 5640 esse
3088 5591 3264 5651 νοσεῖς
3295 5601 3358 5641 ex
3389 5605 3475 5643 se-

1885 5651 2177 5724 quentibus
2210 5661 2459 5724 apparet,
2481 5661 2536 5721 et
2562 5651 2713 5724 supr}
2735 5667 2824 5724 ep.
2849 5653 2948 5708 159
2969 5694 2982 5716 ,
3007 5670 3129 5724 pag.
3152 5656 3237 5720 79,
3261 5674 3401 5713 vers.
3422 5661 3478 5722 5,

1884 5722 1995 5790 ὅσῳ
2042 5716 2135 5774 οὖν
2181 5716 2396 5799 ’χείρων
2441 5723 2469 5774 ὁ
2631 5716 2973 5799 ζαίσθρμενος
3008 5716 3169 5789 ’τέως
3219 5716 3320 5799 τῆς
3390 5716 3479 5782 νύξ

1889 5808 2004 5856 σου,
2038 5803 2143 5847 etc.
2181 5791 2316 5846 Vide
2344 5803 2394 5846 et
2428 5791 2585 5861 epist.
2627 5792 2659 5845 8
2684 5803 2733 5848 et
2766 5792 2891 5847 269.
2927 5793 3167 5850 Scnorr.
