4122 6436
715 386 850 453 148⁵1

1104 495 1368 553 CCLVIII.
1384 496 1886 554 -ΑΟΑΜΔΝΙΊΟι

1897 393 1957 454 S.
2000 390 2294 453 ISIDORI
2335 381 2772 448 PELUSIOTIE

2311 509 2360 564 Α

3825 369 3962 435 1498

2799 488 2972 543 sm.
3014 516 3086 530 —
3127 482 3542 554 ΑΔΑΜΑΝΊΊῼ.

1860 611 2184 684 Eloquentia:
2217 619 2434 679 prastat
2472 609 2824 681 philosophia.

783 709 932 766 Scito
959 713 1192 772 amicum
1230 716 1381 774 illum
1417 728 1568 775 tuum
1633 721 2040 792 magniloquum
2089 721 2279 775 verbo-

714 815 940 872 rumque
967 817 1276 864 venatorem
1305 811 1371 866 ad
1418 826 1504 868 me
1539 821 1600 868 ut
1637 812 1855 868 domum
1908 820 2276 869 revertentem

712 893 946 959 venisse,
976 899 1242 956 mansisse
1264 915 1393 958 vero
1421 913 1640 972 captum
1675 905 1858 959 studio
1885 901 2277 975 philomphize;

711 988 766 1036 et
801 999 942 1040 nunc
963 1001 1026 1042 es
1059 988 1315 1049 claudens
1363 1004 1596 1050 mentem
1661 995 1861 1051 excolit
1915 993 2281 1064 potissimum,

711 1073 961 1130 edoctum
982 1077 1096 1148 jam
1133 1080 1269 1138 bene
1319 1083 1571 1155 loquendi
1615 1085 1723 1141 vim
1752 1086 2004 1158 exiguum
2040 1084 2171 1155 quid
2219 1086 2286 1139 ad

713 1164 1106 1239 philosophiam
1139 1184 1510 1244 comparatum
1539 1190 1684 1232 esse.

1015 1275 1237 1334 CCLIX.
1253 1310 1320 1321 -
1341 1280 1617 1338 DIOGENI
1668 1280 1983 1340 DIACONO.

2460 719 2597 772 ’ίσθι
2622 719 2746 783 ..ὡς
2773 721 2802 772 ὀ
2839 716 2993 788 φίλος
3022 716 3053 768 ὀ
3088 715 3179 779 σὸς
3205 714 3236 766 ὁ
3269 710 3646 783 μεγαλήγορος
3691 707 3791 762 καὶ
3820 705 3966 772 λεει-

2385 808 2556 879 θήρας
2579 803 2709 878 ἦλθε
2745 806 2845 878 μὲν
2871 806 2947 870 ὡς
2980 802 3335 875 ἀναστρέψων
3377 801 3558 855 οίκαδε
3587 841 3604 865 ,
3662 798 3967 868 παρέμεινε

2383 899 2442 953 δὲ
2469 899 2630 963 άλοὺς
2651 898 2731 970 τῷ
2750 900 2848 968 τῆς
2875 895 3190 967 φιλοσοφίας
3211 894 3392 966 ἔρωτι·
3424 893 3519 946 καὶ
3545 890 3642 944 νῦν
3662 891 3767 962 τὴν
3795 889 3971 957 γλῶτο

2385 1009 2484 1046 ταν
2522 991 2911 1062 ἐπιστομίζων,
2954 989 3055 1060 τῆς
3100 987 3328 1057 γνώμης
3363 983 3735 1054 ἐπιμελεῖται·
3769 980 3968 1051 μικρὸν

2387 1084 2620 1154 πρᾶγμα
2649 1083 2746 1153 τὴν
2780 1078 3112 1150 εὐγλωττίαν
3143 1078 3280 1146 προς
3325 1076 3425 1143 τὴν
3468 1073 3793 1145 φιλοσοφίαν
3829 1068 3968 1126 εἶναι

2387 1172 2718 1236 παιδευθείς.

2701 1279 2836 1334 ΣΝΘ
2857 1308 2943 1335 .-
2977 1276 3285 1332 ΔΙΟΓΕΝΕΙ
3322 1275 3644 1346 ΔῘΔΚΟΝῼ.

1323 1371 1514 1428 Dirino
1542 1375 1720 1442 potius
1747 1391 1904 1444 quam
1938 1374 2168 1429 humano
2194 1375 2292 1428 niti
2321 1373 2464 1428 decet
2510 1372 2734 1429 auxilio.
2768 1371 2992 1444 (Similis
3023 1374 3177 1441 epist.
3215 1369 3367 1440 226.)

781 1468 912 1538 Cl".
965 1486 1000 1528 0
1049 1475 1131 1529 vir
1183 1479 1401 1546 Optime,
1445 1480 1540 1537 Dei
1603 1483 1942 1551 prmsenliam
1998 1484 2279 1538 hominum

715 1567 1134 1630 postponendam
1163 1571 1364 1627 auxilio
1391 1574 1611 1628 conges?
1651 1584 1743 1630 aut
1765 1590 1933 1645 quare
1969 1575 2279 1630 mortalium

2455 1483 2626 1547 Διατί,
2667 1477 2712 1536 ὦ
2739 1482 2984 1552 βέλτιστε
3006 1523 3019 1544 ,
3049 1481 3149 1552 τὴν
3180 1480 3332 1534 θείαν
3359 1479 3678 1550 συμμαχίαν
3705 1478 3970 1550 δευτέραν

2382 1574 2484 1645 τῆς
2509 1574 2620 1627 τῶν
2641 1572 2944 1645 ἀνθρώπων
2977 1571 3298 1646 ἐπικουρίας
3320 1574 3424 1641 ἡγῇ
3447 1611 3462 1635 ,
3490 1570 3523 1640 ἢ
3554 1569 3648 1622 τοῦ
3679 1571 3848 1640 χάριν
3871 1571 3968 1641 τὴν

716 1653 1008 1710 amicitiam
1033 1663 1316 1730 anteponis
1349 1665 1582 1720 divinat?
1609 1667 1773 1721 Decet
1801 1677 2006 1730 autem,
2046 1652 2281 1730 adhibita

2398 1666 2492 1718 τῶν
2526 1664 2735 1736 θνητῶν
2765 1663 2944 1734 φιλίαν
2975 1664 3246 1735 προτέραν
3273 1664 3426 1730 ἄγεις
3455 1661 3556 1732 τῆς
3592 1661 3784 1727 θείας;
3824 1663 3966 1716 Καί-

719 1738 774 1838 in
809 1745 1094 1800 consilium
1120 1751 1351 1818 ratione,
1395 1769 1500 1808 non
1532 1756 1777 1809 humanae
1814 1755 2084 1823 l'ragilitati
2114 1757 2286 1811 victo-

2398 1773 2467 1810 τοι
2499 1758 2636 1826 χρῆν
2673 1757 2844 1825 δήπου
2874 1756 2963 1808 τὸν
2993 1754 3253 1824 λογισμὸν
3286 1754 3348 1806 τὸ
3374 1754 3493 1807 δέον
3521 1754 3852 1817 σκοποῦντα,
3893 1754 3964 1823 μὴ

719 1826 811 1881 rite
834 1837 1015 1897 partes
1056 1839 1373 1907 concedere,
1403 1856 1593 1897 verum
1642 1844 1854 1898 invicta:
1919 1843 2011 1899 Dei
2049 1845 2286 1900 dexterae

2398 1849 2450 1918 τῇ
2496 1845 2718 1899 ἀσθενεῖ
2768 1845 2875 1898 τῶν
2916 1844 3218 1915 ἀνθρώπων
3260 1844 3485 1915 δυνάμει
3528 1845 3628 1914 τὴν
3668 1846 3771 1916 τῆς
3808 1847 3966 1914 νίκης

716 1919 1046 2005 attribuere:
1071 1927 1155 1980 cui
1193 1927 1460 1988 inhaerens
1497 1933 1742 2003 superior
1768 1935 2023 1990 omnibus
2057 1950 2284 2005 appare-

715 2004 805 2062 bis
834 2015 1248 2073 tentationibus.

749 2199 1498 2281 CCLL—MARTINIANO,
1535 2217 1810 2284 ZOSIMO,
1842 2217 2255 2277 EUSTATIIIO.

2388 1938 2702 2009 ἐπιτρέπειν
2725 1936 2924 2007 ψῆφον,
2946 1935 3082 1990 ἀλλά
3108 1940 3206 2008 τῆς
3229 1937 3493 2008 ἀηττήτου
3516 1935 3737 2006 ἔχεσθαι
3763 1939 3961 2004 δεξιᾶςε

2390 2021 2458 2099 ἧς
2499 2029 2530 2079 ὀ
2569 2029 2928 2100 ἀντεχόμενος
2970 2031 3235 2100 κρείττων
3275 2028 3443 2100 δήπου
3482 2029 3592 2082 τῶν
3643 2029 3963 2099 πειρασμῶν

2391 2118 2808 2192 άποφανθὴσετα
2817 2138 2853 2174 ι.

2473 2229 2588 2284 ΣΞ.
2624 2257 2695 2270 —
2725 2229 3178 2299 ΜΔΡΤΙΝῙΑΝῼ,
3212 2228 3479 2300 ΖΩΣΙΜῼ,
3520 2227 3878 2297 ΕΥΣΤΑΘΙῼ.

1304 2303 1683 2363 ΕεΙιονιαιονία
1716 2321 1789 2364 est
1819 2309 1886 2365 ad
1916 2313 2032 2366 vita
2057 2315 2291 2366 emendat

2398 2335 2488 2374 rm.
2518 2319 2678 2387 (Vide
2705 2321 2854 2388 epist.
2883 2319 2970 2383 87,
3015 2318 3115 2374 120
3139 2330 3188 2373 et
3221 2315 3372 2388 269.)

791 2399 870 2455 Ne
883 2404 1230 2474 existimetis,
1260 2411 1384 2466 bani
1423 2414 1547 2479 viri,
1566 2419 1783 2488 impune
1810 2434 1903 2474 vos
1931 2431 2284 2488 peccaturos:

719 2493 890 2550 nolite
941 2496 1037 2554 Dei
1085 2499 1548 2572 longanimitatem
1605 2510 1947 2578 interpretari
2010 2511 2290 2582 negligen-

725 2583 877 2650 tiam,
912 2601 1084 2655 neque
1121 2595 1405 2650 sanitatem
1445 2600 1686 2667 corporis
1728 2601 1987 2654 malorum
2032 2616 2151 2658 esse
2212 2612 2292 2657 to-

724 2673 1046 2765 lerantiam;
1088 2696 1153 2736 ac
1193 2700 1282 2752 ne,
1343 2689 1471 2756 quia
1522 2692 1705 2746 statim
1761 2709 1867 2747 non
1924 2694 2293 2765 castigamini.

727 2763 903 2822 futura
926 2768 1016 2825 Dei
1051 2772 1502 2846 ell'ugerejudicia
1529 2782 1807 2838 credatis:
1835 2785 1965 2852 quin
1991 2763 2192 2852 potius,
2235 2799 2292 2839 re

729 2858 905 2914 adhuc
928 2863 1156 2934 integra,
1183 2863 1549 2936 'pteuitemini.
1569 2872 1871 2926 Absurdutn
1899 2872 2040 2928 enim
2067 2874 2298 2930 maxime

2463 2431 2555 2502 Μὴ
2594 2431 2840 2497 νομίζετε
2865 2470 2881 2493 ,
2915 2425 2960 2485 ὧ
3005 2429 3305 2500 βέλτιστοι,
3357 2428 3664 2499 ἀτιμωρητὶ
3711 2428 3961 2497 ἀμαρτάο

2394 2539 2524 2576 νειν·
2559 2523 2693 2595 μηδὲ
2729 2523 2991 2593 ἀμέλειαν
3027 2521 3125 2594 τὴν
3158 2521 3310 2576 Θείαν
3340 2521 3724 2593 μακροθυμίαν
3750 2521 3958 2591 inﬁci;-

2395 2612 2489 2666 σθε
2511 2653 2525 2678 ,
2565 2614 2697 2684 μηδὲ
2749 2612 3031 2686 ῥᾳστώνην
3068 2613 3167 2684 τὴν
3199 2611 3567 2676 ἀνεξικακίαν·
3604 2611 3742 2680 μηδὲ
3776 2611 3961 2680 ἐπειδὴ

2395 2705 2734 2775 παραχρῆμα
2755 2706 2855 2757 οὐκ
2882 2704 3235 2774 ἐκολάσθητε,
3266 2706 3356 2756 καὶ
3376 2704 3466 2756 ἐπὶ
3492 2703 3598 2757 τῶν
3625 2703 3763 2773 μετά
3794 2703 3964 2755 ταῦτα

2394 2790 2677 2862 διαφυγεῖν
2703 2792 3032 2863 ὑπολάϐητε·
3058 2793 3172 2845 ἀλλ’
3208 2793 3311 2856 ἓως
3337 2793 3529 2860 ἔξεστι,
3569 2795 3959 2864 μετανοήσατε.

2408 2881 2778 2938 ’Δτοπώτατον
2828 2884 2966 2954 γὰρ,
3005 2883 3104 2954 τὴν
3150 2882 3300 2936 θείαν
3349 2883 3693 2948 ἀνεξικακίαν
3739 2887 3840 2952 τὴν
3889 2885 3961 2940 είς

727 2947 821 3004 Dei
853 2953 1169 3019 patientiam
1217 2959 1285 3012 ad
1331 2963 1706 3029 pmnitentiam
1746 2964 2081 3030 inritantem,
2107 2980 2291 3019 ansam

2401 2973 2685 3043 μετάνοιαν
2751 2972 3040 3038 καλοῦσαν,
3093 2973 3304 3042 ἐφόδιον
3363 2973 3622 3042 μειζόνων
3682 2973 3956 3026 ποιεῖσθαι

726 3054 846 3096 esse
875 3047 1322 3118 occasionemque
1371 3053 1602 3118 plurium
1639 3055 1981 3110 delictorum.
2023 3055 2081 3111 Si
2134 3072 2286 3124 vero,

2398 3036 2826 3135 ἀμαρτημάτων.
2857 3066 2918 3117 Εἰ
2943 3065 2998 3117 δὲ
3025 3036 3198 3119 διὰτὸ
3233 3036 3773 3135 μηδέπωδεδωκένιι
3807 3065 3962 3134 δίκην

725 3135 866 3202 quod
893 3151 1078 3203 poenas
1117 3143 1350 3197 nuntium
1384 3143 1629 3211 dedistis,
1665 3161 1765 3202 nec
1787 3162 1907 3203 esse
1936 3148 2160 3205 daturos
2183 3163 2283 3204 ex-

726 3227 1002 3295 spectatis,
1031 3244 1154 3285 vere
1171 3233 1379 3298 scitote,
1399 3236 1633 3290 divinum
1657 3236 1886 3304 Numen,
1916 3247 1972 3293 ut
1992 3241 2284 3295 humanum

726 3325 810 3368 est
836 3326 891 3369 et
915 3317 1225 3390 benignum,
1260 3324 1335 3378 ita
1367 3327 1529 3379 etiam
1575 3342 1741 3382 verax
1802 3343 1947 3394 esse,
1984 3337 2038 3383 et
2076 3339 2290 3400 potens,

730 3406 1058 3480 minimeque
1083 3418 1594 3476 mendax.Exhibet
1645 3422 1827 3490 itaque
1882 3423 2293 3493 benignitatem,

727 3498 966 3565 priorum
991 3502 1307 3560 delictorum
1341 3507 1592 3565 dili'erens
1627 3513 2057 3578 punitionem,et
2087 3523 2297 3583 tempus

730 3589 965 3655 largiens
1013 3597 1402 3654 emendationis
1448 3618 1462 3652 :
1510 3602 1672 3656 simul
1743 3617 1872 3657 vero
1922 3605 2296 3659 crescentibus

731 3680 942 3735 delictis
980 3684 1196 3739 tandem
1222 3688 1507 3755 aliquando
1542 3693 1713 3760 punit,
1751 3695 2020 3764 simulque
2049 3699 2292 3753 omnium

731 3771 1048 3826 delictorum
1101 3779 1514 3843 prmcedentium
1546 3796 1610 3837 ac
1641 3784 2085 3854 subsequeptium
2133 3785 2301 3842 scele-

735 3879 849 3917 rum
884 3879 1069 3934 parias
1100 3869 1287 3935 exigit.

1043 3973 1209 4045 938
1239 3974 1972 4038 CCLXI.-—-ISCHYBIONI.

2393 3155 2514 3208 οὐδὲ
2541 3155 2722 3208 δοῦναι
2755 3155 3090 3226 προσδοκᾶτε
3111 3171 3125 3185 °
3155 3152 3212 3209 εὖ
3241 3156 3351 3207 ίστε
3377 3197 3390 3215 ,
3417 3154 3491 3216 ὡς
3517 3153 3578 3207 τὸ
3603 3153 3756 3207 Θεῑον
3781 3154 3966 3225 ὥσπερ

2396 3246 2775 3318 φιλάνθρωπόν
2807 3248 2973 3310 ἐστιν,
3006 3245 3149 3300 οὕτω
3183 3247 3272 3300 καὶ
3300 3246 3524 3316 ἀψευδὲς
3568 3247 3663 3298 καὶ
3712 3247 3957 3300 δυνατόν·

2396 3338 2901 3409 φιλανθρωπεύεται
2931 3338 3080 3408 γοῦν,
3112 3338 3204 3392 καὶ
3234 3339 3300 3392 τὰ
3325 3339 3515 3409 πρῶτα
3544 3339 3656 3392 τῶν
3691 3340 3964 3409 πταῖσμα-

2399 3447 2509 3484 των
2537 3431 2794 3500 παρίησιν
2829 3429 3169 3501 ἀτιμώρητα,
3202 3431 3388 3502 καιρὸν
3416 3430 3846 3500 ἐπανορθώσεως
3874 3447 3965 3501 χαι

2403 3519 2705 3591 ριζόμενονο
2738 3519 2937 3589 ὁμοίως
2963 3519 3018 3572 δὲ
3039 3559 3053 3584 ,
3088 3520 3119 3590 ἦ
3153 3521 3243 3572 καὶ
3273 3519 3468 3589 μᾶλλον
3502 3519 3608 3591 τῷν
3642 3518 3963 3589 πλημμεληο

2405 3611 2588 3682 μάτων
2619 3609 2994 3679 ἀκμαζόντων,
3018 3610 3326 3664 τελευταῖον
3355 3609 3617 3681 ἀμύνεται
3637 3625 3652 3640 ⁸
3695 3613 3794 3662 καὶ
3829 3609 3960 3679 ὁμοῦ

2401 3702 2640 3767 πάντων,
2680 3702 2788 3754 τῶν
2817 3719 2873 3754 τε
2909 3700 3237 3772 ἔμπροσθεν,
3277 3701 3384 3754 τῶν
3408 3718 3466 3754 τε
3505 3699 3735 3771 ὕστερον
3769 3703 3962 3771 τολμη-

2402 3790 2602 3847 θέντων
2638 3793 2794 3858 δίκας
2819 3793 3225 3863 εἰσπράττεται.

2863 3989 3024 4044 ΣΞΑ’.
3043 4021 3113 4031 -
3135 3992 3500 4047 ΙΣΧΥΡΙΩΝΙ.

1713 4069 1941 4128 Peccata
1966 4075 2182 4139 publica
2201 4079 2556 4151 scandalaque
2596 4099 2626 4135 α
2651 4080 2760 4135 Deo
2789 4083 2995 4148 punita.

801 4171 912 4227 Etsi
946 4173 1319 4228 admirandum
1377 4186 1682 4248 praeterque
1742 4183 2051 4251 opinionem
2119 4186 2294 4242 visum

731 4264 795 4318 iri
830 4265 972 4334 quod
997 4266 1176 4320 dicam
1207 4269 1342 4333 scio,
1386 4269 1759 4338 nihilominus,
1785 4275 1910 4343 quia
1966 4291 2149 4331 verum
2187 4287 2290 4346 est,

731 4355 998 4425 proferam
1033 4374 1048 4411 :
1084 4359 1335 4411 nimirum
1379 4363 1469 4429 qui
1526 4373 1714 4429 peccat
1759 4368 1998 4434 gravius,
2034 4368 2169 4424 clam
2219 4378 2302 4424 ta-

2471 4190 2535 4245 El
2573 4193 2668 4246 καὶ
2708 4193 3021 4263 θαυμαστὸν
3054 4196 3150 4248 καὶ
3197 4195 3495 4264 παράδοξον
3537 4191 3679 4249 εἷναί
3720 4215 3804 4251 σοι
3834 4199 3964 4263 δέξει

2399 4282 2460 4336 τὸ
2492 4282 2884 4353 ῥηθησόμενον,
2922 4284 3034 4338 ἀλλ’
3077 4287 3226 4354 ὅμως
3255 4287 3450 4357 ἀληθὲς
3480 4287 3537 4340 ὃν
3566 4286 3860 4353 its-155521;"
3894 4292 3964 4343 ὅτι

2405 4375 2434 4427 ὁ
2464 4375 2673 4445 μεγάλα
2694 4375 2944 4441 πταίσας,
2969 4375 3144 4429 λαθὼν
3164 4376 3219 4428 δὲ
3243 4377 3336 4430 καὶ
3363 4377 3560 4448 μηδένα
3588 4379 3962 4442 σκανδαλίσας,

732 4461 874 4512 men,
911 4458 968 4501 et
1019 4447 1400 4504 oll‘cudiculum
1464 4449 1623 4506 all‘ert
1669 4455 1892 4521 nemini,
1962 4458 2143 4513 minus
2175 4474 2291 4515 esse

2400 4464 2493 4517 τοῦ
2523 4465 2919 4536 καταδεέστερα
2954 4467 3051 4536 μὲν
3077 4447 3624 4538 πεπλημμεληκότος,
3664 4469 3804 4537 μετά
3834 4473 3963 4538 παῤ-

731 4539 1079 4606 punieudum,
1115 4557 1273 4609 quam
1301 4543 1390 4610 qui
1419 4545 1593 4597 minus
1626 4546 1866 4612 graviter
1886 4559 2094 4615 peccat,
2127 4550 2296 4604 libere

733 4640 910 4684 tamen
952 4629 1257 4684 oﬂ'enditac
1291 4634 1601 4702 supplantat
1659 4637 2105 4705 quamplurimas.
2138 4639 2292 4706 Quod

730 4720 773 4774 si
803 4721 935 4775 meis
973 4720 1131 4776 ﬁdem
1169 4723 1323 4777 dictis
1351 4723 1555 4779 habere
1608 4739 1850 4788 recusas,
1877 4742 1975 4795 pro
2007 4729 2298 4797 hyperbole

731 4812 806 4866 rel
843 4811 1000 4867 iidem
1036 4815 1353 4879 excedente,
1411 4815 1736 4869 sententiam
1759 4830 1789 4870 e
1821 4816 1958 4870 cmlo
2001 4831 2296 4886 arcessam,

730 4903 1009 4973 legemque
1084 4903 1207 4958 inde
1260 4905 1399 4959 hanc
1459 4905 1745 4960 revocabo.
1780 4904 1924 4959 Nihil
1975 4908 2120 4961 enim
2153 4909 2298 4963 aliud

730 4993 920 5063 Moysi,
955 4996 1069 5049 viro
1091 4995 1661 5065 integerrimo,nmnes
1683 4996 1796 5065 jam
1820 4998 2046 5053 virtutes
2079 5001 2294 5069 adepto,

733 5099 985 5152 mareque
1026 5085 1135 5154 jam
1187 5084 1431 5141 Rubrum
1492 5095 1850 5156 transgresso,
1879 5087 2072 5144 indixit
2125 5088 2296 5158 Deus,

729 5189 890 5240 quam
919 5189 985 5227 ne
1016 5189 1127 5238 eos,
1159 5176 1250 5243 qui
1306 5190 1489 5229 secum
1542 5189 1714 5244 aquas
1755 5177 2102 5243 transierant,
2140 5195 2296 5236 scan-

730 5263 851 5318 dalo
875 5263 1193 5318 oﬂ'enderet.
1243 5264 1519 5335 Siquidem
1565 5275 1621 5322 et
1665 5276 1824 5323 antea
1878 5268 1981 5321 alia
2034 5273 2292 5326 comitata

729 5363 849 5409 sunt
879 5355 1011 5427 (Deo
1027 5357 1172 5411 enim
1194 5356 1296 5427 ipsi
1315 5359 1693 5430 contradixit),
1719 5361 1886 5417 semel
1911 5361 2212 5433 iterumque
2242 5367 2293 5421 in

729 5445 1014 5516 .Egypturn
1052 5449 1272 5516 missus,
1305 5450 1420 5504 haec
1472 5450 1691 5522 subjicit
1720 5469 1734 5507 :
1770 5469 1790 5504 ι
1832 5452 2098 5508 Sescenta
2132 5457 2294 5512 millia

731 5539 966 5603 peditum
981 5538 1138 5607 hujus
1155 5540 1333 5610 populi
1359 5540 1638 5597 lsraelitici
1653 5553 1804 5610 sunt;
1821 5553 1875 5599 et
1893 5553 1948 5601 tu
1963 5546 2096 5602 dicis
2118 5564 2131 5600 :
2151 5549 2299 5604 Dabo

729 5628 806 5679 eis
832 5643 978 5684 esum
1000 5631 1243 5685 carnrium
1269 5646 1455 5688 mense
1481 5633 1711 5704 integro.
1735 5633 1988 5705 Nunquid
2015 5637 2288 5692 caedentur

725 5734 854 5777 eros
883 5731 934 5776 et
965 5723 1159 5780 boves?
1181 5723 1262 5781 vel
1285 5740 1472 5784 omnes
1504 5727 1678 5795 pisces
1709 5727 1874 5784 maris
1898 5729 1950 5783 in
1977 5743 2140 5784 unum
2172 5744 2296 5785 cou-

2407 4556 2598 4626 ρησίας
2645 4555 2700 4607 δὲ
2749 4557 2841 4609 καὶ
2880 4557 2974 4610 τοῦ
3018 4557 3246 4622 πολλοὺς
3283 4558 3629 4612 ὑποσκελίσαι
3658 4600 3670 4620 ,
3714 4559 3962 4612 ἐλάττονα

2402 4646 2560 4699 δώσει
2589 4648 2762 4718 δίκην.
2802 4650 2865 4702 Εἰ
2892 4649 2948 4701 δὲ
2976 4649 3221 4713 ἀπιστεῖς
3245 4691 3259 4714 ,
3292 4653 3384 4704 καὶ
3414 4651 3716 4720 ὑπερϐολὴν
3745 4667 3960 4717 καταγι-

2404 4740 2631 4803 νώσκεις
2673 4739 2766 4792 τοῦ
2797 4740 2985 4807 λόγου,
3027 4742 3127 4810 τὴν
3154 4742 3332 4814 ψῆφόν
3381 4760 3462 4796 σοι
3504 4742 3707 4812 ταύτην
3741 4743 3870 4795 οἴσω
3905 4746 3960 4794 ἐκ

2405 4829 2510 4881 τῶν
2537 4830 2802 4896 οὐρανῶν,
2832 4832 2927 4885 καὶ
2959 4833 3050 4884 τὸν
3079 4833 3241 4903 νόμον
3276 4833 3461 4888 τοῦτον
3490 4834 3697 4888 ἐκεῖθεν
3728 4835 3959 4900 ἀναγνώ-

2407 4937 2589 4988 σομαι.
2623 4923 2730 4974 Τὸν
2748 4925 2854 4993 γὰρ
2877 4924 3207 4994 πανάριστον
3236 4927 3454 4990 Μωσέα,
3485 4928 3576 4979 τὸν
3601 4930 3780 4981 πᾶσαν
3814 4927 3957 4979 £1122-

2407 5005 2562 5061 θόντα
2591 5011 2810 5081 ἀρετὴν,
2840 5013 2992 5069 οὐδὲν
3015 5015 3198 5087 ἕτερον
3221 5015 3458 5070 ἐκώλυσε
3488 5018 3625 5087 μετά
3648 5017 3706 5071 τὸ
3739 5018 3957 5084 ulla?“

2406 5100 2498 5152 καὶ
2530 5099 2624 5152 τοῦ
2655 5101 2870 5171 λιμένος
2891 5108 3092 5175 τυχεῖν,
3122 5107 3154 5180 ἢ
3181 5108 3241 5162 τδ
3267 5108 3610 5164 σκανδαλίσαι
3636 5111 3761 5170 τοὺς
3790 5110 3958 5162 συνόν-

2403 5206 2502 5253 τας
2528 5192 2675 5262 αὐτῷ
2719 5194 2811 5247 ἐπὶ
2842 5194 2936 5247 τοῦ
2969 5195 3177 5261 ὓδατος.
3224 5200 3284 5252 EI
3330 5201 3437 5271 γὰρ
3469 5202 3561 5254 καὶ
3629 5200 3818 5269 πρώην
3850 5204 3954 5254 τινὰ

2407 5282 2851 5356 παρηκολούθησε
2889 5286 3005 5358 (καὶ
3035 5290 3141 5359 γάρ
3170 5292 3387 5343 ἀντεῖπε
3415 5290 3490 5360 τῷ
3536 5291 3674 5362 Θεῷ,
3706 5293 3796 5343 καὶ
3823 5291 3952 5356 ἆπσξ

2404 5371 2498 5423 καὶ
2531 5373 2630 5441 δὶς,
2669 5379 3021 5450 πεμπόμενος
3047 5383 3125 5444 είς
3149 5381 3465 5450 Αἴγυπτον),
3495 5383 3591 5436 καὶ
3629 5384 3767 5452 μετά
3797 5383 3952 5435 ταῦτα

2404 5457 2586 5516 εἶπενν
2641 5484 2658 5516 ι
2719 5467 3032 5531 Ἐξακόσιαι
3086 5471 3318 5541 χιλιάδες
3362 5473 3468 5526 εἰσὶ
3508 5473 3721 5537 ’πεζῶν⁸
3765 5475 3854 5526 καὶ
3897 5475 3948 5524 σὺ

2403 5545 2562 5613 εἴπας
2585 5569 2598 5580 '
2632 5554 2785 5626 Κρέα
2817 5557 2972 5613 δώσω
3004 5561 3207 5626 αὐτοῖς,
3240 5563 3330 5614 καὶ
3362 5562 3620 5630 φάγονται
3651 5563 3792 5631 μῆνα
3827 5564 3949 5632 ἠμε-

2405 5641 2533 5711 ρῶν.
2563 5643 2653 5715 Μὴ
2703 5649 2950 5718 πρόϐατα
2990 5653 3085 5705 καὶ
3115 5651 3235 5722 βόες
3275 5656 3640 5726 σφαγήσονται
3668 5671 3682 5715 ;
3715 5655 3749 5724 ἢ
3781 5654 3881 5707 πᾶν
3902 5651 3952 5704 τὸ

2403 5730 2532 5800 δ’ἶίον
2574 5735 2671 5804 τῆς
2713 5734 2985 5813 θαλάσσης
3016 5743 3448 5814 συναχθήσεται,
3483 5745 3576 5799 καὶ
3620 5745 3841 5818 ἀρκέσει
3865 5743 3950 5800 αὺ-
