4122 6436
193 385 341 457 1489

1068 389 1603 454 EPISTOLARUM
1643 391 1792 455 LIB.
1828 395 1899 456 ν.
1925 419 1994 430 -
2030 394 2268 457 ΕΡΙδΤ.
2310 396 2598 459 CCLXIV.

3338 392 3475 465 I190

189 508 347 572 τοῐςς
383 523 403 558 s
436 503 548 560 Καὶ
606 501 746 574 μετᾷ
806 501 978 555 ταῦτα
1032 502 1493 574 κατωλιγώρησε,
1547 503 1641 558 καὶ
1691 502 1772 558 soi

1886 506 2274 576 gregabuntur,
2302 516 2357 562 et
2410 506 2643 562 sulllciet
2689 507 2770 564 eis
2796 507 2882 564 “1
2921 526 2942 562 ι
2975 508 3082 566 Sed
3131 511 3327 568 deinde
3372 528 3463 569 ne-

187 597 373 668 δήμου
399 595 500 666 τὴν
540 591 871 664 προστασίαν
918 593 1275 662 παρῃτήσατο
1296 608 1311 622 ·
1341 593 1458 648 ἀλλ’
1478 595 1629 648 οὐδὲν
1658 596 1773 649 ἐτε-

190 705 294 760 ρον
324 687 483 741 αὐτὸν
510 683 780 738 ἐκώλυσεν
812 681 1070 738 είσελθείν
1099 685 1181 748 εἰς
1207 683 1309 755 τὴν
1343 685 1448 756 γῆν
1476 686 1574 750 τῆς
1603 686 1781 755 ἐπαγ-

1887 595 2072 666 glexit,
2100 606 2154 651 et
2182 598 2357 667 populi
2379 597 2754 668 praefecturam
2778 600 3102 669 deprecatus
3127 612 3248 657 est:
3280 617 3470 659 verum

1884 685 2030 740 aliud
2061 685 2193 740 nihil
2220 687 2396 756 Ipsum
2431 687 2711 755 impedivit
2751 688 2960 759 ingredi
3011 689 3066 744 in
3103 700 3308 745 terram
3342 706 3469 760 pro.

186 779 407 850 γελίας,
432 773 498 850 ἦς
529 778 717 832 ἕνεκεν
738 777 846 832 τῶν
869 776 1044 829 ἄλλων
1065 776 1321 831 ἁπάντων
1347 772 1415 849 ἦν
1439 777 1536 832 καὶ
1557 777 1772 849 ἡγεμὼν

1883 777 2159 832 missionis
2190 777 2384 850 (cujus
2411 779 2488 833 rei
2512 795 2676 834 causa
2703 779 2808 835 dux
2833 788 2890 836 et
2929 782 3262 837 intercessor
3282 782 3466 852 populi

187 871 295 925 καὶ
337 869 668 940 δημαγωγὸς
689 911 704 935 ,
737 868 769 938 ἢ
803 867 863 920 τὺ
908 867 1001 921 ἐπὶ
1030 867 1121 920 τοῦ
1170 867 1360 932 ὓδατος
1391 869 1626 939 συμϐάν.
1681 869 1778 924 Διὰ

182 961 354 1016 τοῦτο
391 961 485 1013 καὶ
528 962 556 1013 ὁ
587 961 862 1030 ἀκήρατος
891 957 1018 1021 νοῦς
1046 957 1144 1028 τῆς
1174 959 1452 1031 ἁμαρτίας
1480 959 1579 1031 τὴν
1617 959 1777 1029 φύσιν

186 1054 585 1120 ἐκπομπεύων,
617 1055 710 1104 καὶ
742 1047 1066 1120 παραδηλῶν
1089 1049 1212 1104 ὅθεν
1235 1051 1460 1119 γέγονεν
1493 1049 1778 1120 ἀσύγγνωο

185 1160 356 1206 στος,
408 1141 534 1212 ἔφη,
585 1142 666 1195 ὅτι
710 1158 730 1193 ε
775 1139 916 1211 Ὀὐχ
963 1140 1229 1212 ἡγιάσατέ
1281 1157 1348 1209 με
1387 1122 1620 1193 ἐνώπιον
1668 1140 1776 1195 τῶν

183 1233 329 1287 υἱῶν
373 1231 605 1304 Ἰσραὴλ,
641 1230 730 1286 διὰ
761 1229 919 1285 τοῦτο
978 1232 1079 1285 οὐκ
1130 1231 1463 1301 είσαγάγητε
1511 1230 1612 1298 τὴν
1653 1248 1777 1284 συν·

183 1321 418 1392 αγωγὴν
449 1323 654 1389 ταύτην
691 1324 770 1380 είς
798 1322 897 1393 τὴν
921 1325 1024 1392 γῆν
1049 1361 1064 1388 ,
1096 1322 1162 1394 ἢν
1193 1321 1367 1375 ἔδωκα
1395 1323 1598 1385 αὺτοῖς.
1637 1341 1656 1374 s
1692 1322 1770 1394 Τῇ

187 1412 296 1482 μὲν
325 1412 434 1482 γὰρ
457 1411 615 1480 φύσει
642 1411 862 1464 ἔλαττον
889 1405 957 1482 ἦν
988 1409 1211 1463 ἐκείνων
1234 1409 1393 1462 τοῦτο
1411 1409 1471 1463 τὸ
1500 1411 1769 1479 πταῖσμα·

183 1501 271 1573 τῷ
296 1503 355 1556 δέ
390 1501 526 1573 μετὰ
576 1503 674 1575 τῆς
705 1502 909 1574 ἐτέρων
939 1501 1208 1575 κραθῆναι
1244 1500 1478 1573 βλάϐης,
1510 1502 1571 1554 ού
1601 1502 1769 1571 μόνον

184 1595 440 1659 ἐκείνων,
486 1594 619 1647 ἀλλὰ
663 1594 758 1647 καὶ
800 1592 1128 1663 συγγνώμης
1179 1577 1363 1661 μεῖξον
1408 1592 1645 1660 ἐγένετο.
1689 1592 1770 1647 Τά

187 1683 295 1754 μὲν
325 1684 434 1757 γάρ
477 1685 598 1738 κατ’
633 1684 768 1738 ίδὶαν
810 1684 904 1736 καὶ
936 1683 1332 1751 λανθανόντως,
1379 1683 1441 1736 τὸ
1464 1683 1521 1736 δὲ
1550 1684 1642 1736 ἐπὶ
1672 1683 1768 1738 τοῦ

181 1776 364 1846 δήμου
398 1776 598 1840 παντὸς
625 1776 992 1848 ἡμαρτάνετο.

615 1883 774 1938 ΣΞΒο.
819 1913 889 1929 -η
915 1881 1332 1955 ΔΔΑΜΔΝΤΙῼ.

1880 878 1999 922 erat
2035 869 2405 940 constitutus)
2461 883 2620 939 quam
2676 871 2820 940 quod
2864 871 2932 926 ad
2989 887 3162 943 aquas
3217 873 3466 943 contigit.

1878 957 2169 1027 Propterea
2201 969 2255 1014 et
2281 975 2434 1014 mens
2463 961 2673 1032 integra
2710 964 2918 1032 peccati
2956 974 3204 1018 naturam
3227 964 3458 1035 pellens,

1876 1051 2280 1118 ostendensque
2301 1066 2397 1106 cur
2418 1052 2577 1106 venia
2623 1051 2882 1121 indiguus
2922 1062 3092 1120 esset,
3117 1055 3194 1107 ait
3230 1072 3243 1109 :
3291 1073 3310 1106 ι
3347 1053 3462 1109 Non

1876 1143 2258 1199 sanctiﬁcastis
2307 1158 2394 1198 me
2435 1143 2577 1200 inter
2604 1144 2748 1200 lilios
2794 1141 2988 1199 Israel.
3020 1143 3316 1214 Propterea
3351 1159 3457 1200 non

1875 1232 2231 1287 introducetis
2265 1246 2599 1304 synagogam
2637 1233 2689 1288 in
2722 1247 2843 1287 eam
2894 1242 3122 1300 terram,
3149 1248 3309 1302 quam
3339 1233 3462 1288 dedi

1874 1324 2005 1393 ipsis
2025 1324 2092 1381 ".
2124 1341 2143 1376 ι
2175 1323 2375 1377 Natura
2409 1325 2628 1395 quidem
2670 1333 2726 1380 et
2766 1325 2945 1397 reipsa
3003 1325 3180 1379 minus
3223 1333 3345 1379 erat
3386 1323 3463 1388 id,

1872 1426 2034 1481 quam
2058 1411 2270 1465 illorum
2289 1411 2584 1476 delictum;
2613 1411 2868 1482 quoniam
2891 1421 3072 1468 tamen
3093 1413 3144 1466 id
3179 1427 3301 1466 cum
3328 1410 3465 1465 alio-

1873 1516 1991 1554 rum
2016 1503 2216 1555 damno
2237 1503 2563 1571 contigerat,
2584 1516 2692 1557 non
2709 1505 2869 1558 modo
2893 1504 3006 1558 lucc
3031 1503 3352 1572 promeruit,
3372 1515 3465 1556 ve-

1873 1607 1992 1648 rum
2012 1592 2176 1647 etiam
2200 1591 2377 1661 majus
2393 1584 2514 1658 fuit,
2533 1607 2695 1664 quam
2717 1602 2774 1647 ut
2791 1594 3002 1648 veniam
3023 1606 3347 1649 mereretur.
3369 1589 3461 1647 Illa

1871 1686 2015 1740 enim
2031 1683 2284 1753 privatim
2311 1694 2365 1738 et
2392 1685 2553 1750 clam,
2588 1684 2688 1740 hoc
2710 1697 2842 1740 vero
2861 1699 3046 1740 coram
3081 1686 3281 1756 populo
3306 1699 3461 1742 com-

1873 1775 2099 1831 missum
2125 1783 2229 1830 est.

2264 1880 2512 1940 CCLXII.
2531 1911 2604 1924 —
2635 1879 3067 1938 ΑυΑιιΑΝΤιο.

1358 1974 1686 2046 Eloquentia:
1714 1985 2000 2032 ostentator
2018 1975 2286 2046 explosus.

268 2087 332 2141 Ὀ
364 2085 518 2157 φίλος
548 2087 578 2140 6
609 2086 702 2151 σδς
729 2082 859 2158 ἦλθε
887 2087 988 2156 μέν
1014 2089 1076 2140 οὐ
1110 2085 1517 2158 μαθησόμενος,
1548 2084 1625 2148 ῶς
1654 2083 1769 2139 ἐλε-

185 2193 309 2246 γεν,
344 2176 460 2230 ἀλλ’
486 2175 887 2248 ἐπιδειξόμενος
911 2179 1005 2232 καὶ
1028 2177 1276 2243 διδάξων,
1309 2178 1402 2230 καὶ
1429 2176 1490 2228 τὸ
1511 2176 1768 2247 φρόνημα

182 2268 299 2323 τῶν
345 2267 645 2322 δοκούντων
681 2284 735 2322 τι
776 2268 975 2323 ειδέναι
1022 2268 1252 2324 σϐισων.
1297 2268 1534 2339 ’Δπῆλθε
1564 2267 1622 2322 δέ
1657 2284 1764 2323 πα·

181 2355 322 2426 θὼν,
347 2357 378 2413 δ
402 2359 601 2430 δρᾶσαι
630 2359 1049 2431 προσεδόκησεν.

539 2560 692 2617 ΣΞΓ.
726 2592 798 2604 -
827 2563 1128 2637 οἶῬΔΝῐῼ
1151 2565 1473 2637 ΔῙΑΚΟΝῼ.

1944 2085 2167 2140 Amicus
2193 2084 2283 2140 ille
2310 2093 2433 2140 tuus
2474 2083 2644 2148 venit,
2679 2098 2788 2138 non
2839 2081 3059 2153 quidem
3124 2082 3332 2154 aliquid
3361 2085 3461 2140 do-

1874 2174 2102 2242 cendus,
2135 2183 2195 2230 ut
2222 2175 2536 2242 aiebat,sed
2564 2174 2825 2228 docturus
2847 2175 3454 2246 dentonstrsturusque,

1873 2276 2040 2335 atque
2064 2280 2278 2330 eorum,
2312 2267 2403 2336 qui
2447 2266 2550 2321 sibi
2582 2265 2729 2322 scire
2785 2263 2990 2333 aliquid
3035 2267 3314 2334 videntur,
3337 2267 3456 2337 θρίσ-

1872 2356 2091 2412 nionem
2124 2357 2481 2413 relutaturus.
2514 2355 2664 2412 Abiit
2697 2357 2881 2427 itaque
2905 2355 3037 2412 illud
3068 2372 3283 2428 passus,
3310 2359 3456 2428 quod

1870 2447 2139 2504 facturum
2171 2463 2232 2504 se
2255 2447 2532 2517 sperabat.

2155 2557 2431 2615 CCLXIII.
2459 2555 2798 2617 —URANIO
2837 2556 3158 2616 DIACONO.

1174 2654 1401 2711 Dicendi
1443 2659 1583 2713 ratio
1618 2655 1836 2724 optimo,
1867 2649 2110 2719 simplex,
2138 2650 2253 2706 sine
2293 2648 2460 2719 fastu.

267 2759 334 2812 Ἡ
363 2757 472 2812 τῶν
498 2757 674 2830 ὀρθῶς
710 2759 807 2814 καὶ
854 2761 995 2832 μετὰ
1031 2763 1195 2817 πόνου
1215 2762 1581 2818 διδασκόντων
1611 2759 1761 2832 ψυχὴ

1931 2755 2101 2813 Recte
2156 2756 2537 2824 laborioseque
2604 2754 2919 2813 docentium
2979 2755 3196 2813 animus
3255 2757 3456 2826 (multi

181 2849 409 2920 (πολλοὶ
454 2850 562 2922 γὰρ
611 2851 728 2921 μετ’
784 2851 1097 2916 ἐπιδείξεως
1143 2853 1241 2906 καὶ
1300 2855 1763 2924 καταφρονήσεως

1875 2849 2003 2906 :nitn
2039 2863 2161 2905 cum
2193 2847 2564 2904 ostentatione
2589 2855 2756 2917 atque
2793 2857 3110 2916 contemptu
3159 2848 3455 2919 explanan-

180 2940 540 3012 ἐξηγούμενοι
587 2941 838 2996 ἐκλύουσι
877 2943 975 2997 καὶ
1024 2943 1135 2997 τῶν
1182 2945 1468 3015 ἀκροατῶν
1497 2944 1596 3013 τὴν
1625 2959 1761 3014 προ-

1875 2955 1942 2995 es
1987 2955 2240 3012 magnam
2281 2938 2601 2994 auditorum
2659 2939 2903 2995 discendi
2957 2940 3451 3009 proitiptitudiriem

186 3031 432 3102 θυμίαν),
452 3031 672 3101 πρῶτον
701 3033 799 3103 μέν
821 3033 910 3087 διὰ
934 3033 1043 3088 τῶν
1067 3034 1362 3105 ὀφθαλμῶν
1393 3033 1646 3105 ἐμφαίνει
1662 3031 1761 3104 τὴν

1881 3028 2206 3102 nfringunt)
2230 3028 2466 3098 primum
2492 3028 2714 3099 quidem
2743 3028 2919 3084 oculis
2957 3028 3220 3099 pietatem
3251 3045 3364 3100 prie
3391 3045 3454 3087 se

182 3119 470 3175 εὐλάϐειαν
487 3136 504 3153 ο
529 3121 702 3175 πολλὰ
735 3127 847 3194 γὰρ
869 3125 1050 3179 αὐτῶν
1074 3125 1210 3195 πρὸς
1239 3126 1329 3179 τὸν
1350 3126 1508 3195 λόγον
1539 3125 1609 3180 τά
1637 3124 1760 3180 κέν-

1875 3122 1969 3179 Fert
1995 3141 2011 3177 :
2036 3138 2134 3178 eos
2160 3123 2306 3179 enim
2348 3122 2492 3177 oculi
2553 3136 2870 3179 sermonum
2925 3122 3179 3178 stimulos
3222 3123 3449 3178 addunt.

181 3232 308 3287 τρα·
339 3215 531 3270 ἔπειτα
555 3216 614 3271 δέ
645 3218 740 3271 zeal.
769 3217 861 3272 διά
900 3217 1011 3279 τῶν
1048 3217 1266 3290 ὀφρύων
1297 3218 1643 3290 διασημαίνει
1665 3216 1758 3273 τδν

1875 3213 2069 3269 Deinde
2090 3215 2255 3270 etiam
2292 3213 2598 3284 superi-iliis
2626 3221 2863 3268 mentem
2888 3227 3220 3285 sensumque
3239 3215 3447 3269 doctri-

181 3305 310 3360 νοῦν
333 3307 440 3360 τῶν
467 3307 829 3378 διδαγμάτωνε
862 3309 1007 3381 λόγῳ
1037 3310 1095 3364 δέ
1132 3311 1338 3383 μετρίῳ
1363 3311 1601 3383 χρῆται,
1633 3310 1758 3365 οὔτε

1875 3319 1949 3360 nte
1974 3319 2086 3360 suae
2117 3306 2396 3372 indicant;
2420 3303 2590 3376 639
2617 3305 2868 3358 oratione
2895 3317 3025 3359 vero
3061 3304 3234 3359 utitur
3265 3305 3455 3361 mode-

181 3394 291 3450 ὑπὸ
338 3395 552 3467 τρυφῆς
603 3397 972 3468 ἐξυδρίζοντι,
1024 3398 1149 3455 οὔτε
1217 3400 1324 3454 ὑπὸ
1373 3398 1761 3470 ταπεινότητος

1875 3405 2011 3463 rata,
2038 3396 2252 3453 deliciis
2286 3410 2395 3451 non
2422 3395 2763 3461 lasciviente,
2796 3409 2979 3464 neque
3033 3396 3346 3454 humilitate
3368 3398 3455 3454 nio

179 3484 659 3557 ἐξευτελιζομένῳ.
704 3485 767 3540 El
793 3487 902 3558 γὰρ
939 3488 1034 3542 καὶ
1058 3490 1094 3561 ἡ
1129 3489 1330 3560 φράσις
1366 3490 1452 3560 εἴη
1479 3487 1759 3545 άναττίκι-

1875 3489 1972 3544 mis
1996 3497 2277 3544 attenuata
2332 3487 2390 3543 Si
2417 3489 2561 3545 enim
2599 3486 2820 3559 phrasis
2857 3485 3038 3542 Attica
3080 3503 3187 3543 non
3224 3489 3319 3556 sit,
3354 3492 3451 3545 sed

183 3589 339 3637 στος,
366 3573 504 3629 ἀλλά
533 3590 597 3642 γε
625 3575 695 3630 τὰ
721 3576 1097 3649 ὑποδείγματα
1130 3579 1227 3634 καὶ
1267 3579 1330 3634 τὸ
1363 3581 1442 3645 είς
1471 3578 1761 3635 εὐλάϐειαν

1875 3581 2116 3650 simplex,
2145 3580 2393 3652 exempla
2425 3591 2606 3635 tamen
2636 3579 2704 3636 ad
2728 3579 2986 3650 pietatem
3007 3581 3252 3644 excitare
3277 3581 3449 3652 pluri«

183 3659 404 3731 βλέπειν
429 3664 781 3738 διαναστήσει
808 3668 936 3732 τοὺς
965 3671 1249 3741 φοιτητὰς.

1875 3688 2010 3731 tuum
2043 3674 2336 3744 discipulos
2378 3674 2582 3728 valent.

899 3806 967 3817 —
996 3777 1225 3850 usus.

2335 3778 2611 3837 CCLXIV.
2634 3780 2970 3838 -εδΑιΑι,

1060 3867 1136 3925 De
1169 3871 1344 3926 activa
1372 3871 1478 3927 vita
1508 3888 1601 3928 seu
1629 3876 1918 3946 negotiosa.
1953 3872 2194 3948 (Confer.
2225 3874 2381 3944 epist.
2419 3872 2566 3944 IIO.)

253 3974 345 4047 Μὴ
372 3973 451 4047 τῷ
475 3974 648 4040 δεινὸς
700 3971 841 4033 εῖναι
881 3978 1169 4050 πράγμασι
1203 3979 1460 4058 χρῆσθαι,
1483 3980 1560 4046 ὠς
1587 3983 1757 4055 ἀδρα-

1939 3983 2082 4041 Cave
2127 3997 2217 4051 ne,
2251 3982 2398 4055 quod
2441 3983 2518 4039 sis
2566 3983 2729 4040 rebus
2778 3984 3031 4054 gerendis
3088 3986 3337 4052 idoneus.
3389 3999 3450 4045 ut

180 4069 295 4132 νεῐς
337 4067 472 4139 ψέγε
519 4068 647 4131 τοὺς
691 4068 792 4141 τῆς
830 4069 1268 4143 ἀπραγμοσύνης
1315 4073 1558 4144 ἐρῶντας
1609 4074 1753 4147 (75)⁶

1875 4078 2089 4147 ignavos
2122 4089 2351 4146 spernas
2375 4089 2494 4141 eos,
2517 4075 2610 4145 qui
2633 4075 2866 4130 otiosam
2891 4074 3250 4148 inutilemque
3280 4079 3445 4135 vitam

179 4157 318 4214 ἀλλὰ
346 4158 425 4231 τῷ
455 4159 715 4224 πολλάκις
743 4161 824 4225 εἰς
852 4161 1130 4233 χειμῶνας
1153 4163 1425 4234 χαλεποὺς
1457 4165 1755 4235 ἐμπεπτω-

1875 4165 2288 4236 amplectuntur.
2333 4163 2442 4222 Sed
2483 4165 2627 4236 quod
2667 4180 2812 4237 stope
2858 4167 2912 4221 in
2947 4176 3298 4240 tempestates
3334 4187 3450 4228 mo-

178 4249 356 4316 κέναι,
374 4249 644 4323 μακάριζε
668 4252 814 4317 τοὺς,
837 4252 912 4316 ῶς
929 4252 1220 4324 ἐνδέχεται,
1239 4255 1319 4320 είς
1333 4253 1425 4308 τὸν
1444 4254 1638 4327 λιμένα
1656 4255 1757 4326 τῆς

1875 4243 2140 4329 léstasque
2179 4257 2450 4330 procellas
2498 4257 2780 4323 incideris,
2818 4258 3006 4315 felices
3063 4276 3159 4317 eos
3189 4263 3447 4333 praedica,

177 4341 412 4412 ἡσυχίας
441 4342 749 4414 ὁρμῶντας.
785 4343 850 4398 El
866 4343 922 4397 δέ
942 4345 1038 4398 καὶ
1054 4347 1240 4409 αὐτοῖς
1275 4346 1535 4412 πολλάκις
1559 4347 1755 4403 σπιλά-

1875 4350 2005 4418 quod
2036 4364 2133 4407 eos
2153 4349 2266 4420 iam
2306 4349 2719 4421 tranquillitatis
2739 4353 3014 4423 exceperit
3043 4363 3252 4424 portus.
3283 4352 3447 4409 'l'am-

174 4432 270 4497 δες
290 4435 793 4506 κατασκήπτουσιν,
819 4434 934 4490 ἀλλ’
965 4435 1066 4489 οὐκ
1089 4435 1235 4490 ἐστιν
1263 4433 1382 4491 ἴσον
1404 4439 1467 4491 τὸ
1491 4439 1566 4510 μὴ
1597 4439 1758 4509 μόνον

1875 4441 1963 4497 etsi
2002 4440 2147 4496 enim
2179 4441 2281 4512 ipsi
2324 4455 2468 4511 saepe
2512 4456 2577 4498 ex
2622 4455 2887 4512 aquarum
2930 4443 3234 4500 vorticihus
3272 4459 3445 4501 emer-

176 4522 251 4576 τά
272 4522 481 4594 πελάγη
506 4524 616 4578 τῶν
637 4526 978 4596 πραγμάτων
993 4525 1260 4592 διαπλεῖν,
1290 4529 1428 4584 ἀλλὰ
1449 4532 1541 4584 καὶ
1563 4530 1757 4584 ἑαυτὸν

1875 4532 2059 4597 serint,
2099 4531 2217 4588 ﬁeri
2285 4543 2466 4589 tamen
2529 4535 2743 4604 nequit,
2788 4543 2848 4589 ut
2910 4535 3037 4605 quis
3102 4538 3447 4607 negotiorum

177 4614 260 4676 είς
301 4613 366 4668 τὸ
399 4614 633 4683 πέλαγος
657 4614 768 4669 τῶν
816 4616 1005 4671 παθῶν
1036 4616 1346 4688 ἐμϐάλλειν,
1376 4629 1472 4674 καὶ
1514 4622 1607 4675 τὸν
1633 4639 1756 4676 πει-

1875 4632 2163 4680 transmeet
2184 4623 2430 4696 pelagus,
2459 4625 2591 4694 quin
2626 4625 2897 4681 interdum
2923 4627 3086 4682 etiam
3133 4629 3446 4698 passionum

178 4708 390 4783 ρασμδν
446 4710 708 4779 ἐνεγκεῖν.
764 4711 837 4766 Τὸ
869 4711 972 4782 μέν
1017 4713 1130 4784 γὰρ
1159 4713 1550 4785 ῥιψοκινδύνων
1607 4716 1755 4769 ἐστὶν

1875 4713 2114 4769 lhutibus
2138 4715 2521 4779 absorbeatur,
2547 4723 2602 4771 et
2627 4715 2679 4770 in
2723 4717 3054 4773 tentationes
3103 4717 3288 4772 varias
3319 4717 3446 4773 inci.

177 4801 410 4871 ἀνδρῶν,
456 4803 548 4856 καὶ
581 4803 884 4874 ἐμπορικὸν
914 4803 1030 4875 βίον
1076 4805 1468 4879 ἀνῃρημένων·
1501 4807 1562 4861 τὸ
1586 4807 1644 4860 δέ
1671 4808 1754 4861 δικ

1875 4805 1976 4860 Iat.
2017 4802 2151 4859 Illud
2209 4805 2355 4860 enim
2414 4806 2658 4862 virorum
2710 4815 2798 4863 est
2864 4807 3144 4879 proprium
3188 4805 3447 4879 proiectas

178 4889 348 4945 καίων
375 4890 844 4961 δοκιμαζομένων,
892 4894 986 4947 καὶ
1019 4892 1210 4965 ῶσπερ
1237 4895 1437 4966 χρυσὸς
1467 4894 1752 4966 βασανιζοο

1875 4897 2101 4952 audaciae
2146 4898 2638 4969 mercatoriamque
2707 4899 2874 4955 vitam
2932 4900 3258 4957 sectantium
3294 4921 3309 4957 :
3341 4901 3446 4959 hcc

186 4978 383 5050 μένων.
439 4979 502 5032 El
567 4980 624 5034 δέ
668 4981 729 5034 τδ
791 4982 1094 5053 πρακτικόν
1142 5000 1225 5038 σοι
1281 4986 1376 5039 καὶ
1426 4985 1752 5059 δραστήριον

1875 5003 1992 5043 vero
2025 5003 2214 5045 eorum
2265 4990 2356 5059 qui
2405 4989 2538 5058 justi
2595 4989 2886 5056 habentur,
2921 5005 2986 5046 ac
3037 4991 3207 5047 veluti
3239 4991 3293 5048 in
3325 4991 3448 5064 igne

176 5071 422 5141 ἀρέσκει,
455 5071 694 5141 μάνθανε
727 5071 810 5127 ὅτι
850 5075 951 5128 οὐκ
996 5075 1112 5128 εστι
1141 5075 1300 5130 τοῦτο
1327 5076 1357 5130 ὃ
1385 5078 1450 5130 σὺ
1478 5079 1605 5148 φής’
1634 5080 1758 5132 ἐπεὶ

1875 5096 2047 5136 turum
2082 5082 2300 5153 probari
2365 5082 2561 5138 solent.
2587 5081 2645 5138 Si
2681 5095 2813 5137 vero
2862 5083 3008 5138 actio
3073 5083 3170 5140 tibi
3215 5084 3438 5154 vitaque

181 5159 320 5215 κατὰ
360 5162 555 5233 μικρὸν
595 5162 820 5234 προῖὼν,
864 5167 958 5219 καὶ
989 5167 1117 5231 τοὺς
1151 5167 1496 5238 συκοφάντας
1531 5168 1639 5222 τῶν
1669 5186 1756 5238 φιο

1875 5169 2067 5226 ilaccat
2108 5172 2412 5244 negotiosa,
2445 5173 2595 5228 disce
2627 5186 2734 5227 non
2760 5186 2882 5229 esse
2905 5173 3051 5244 quod
3085 5183 3140 5228 tu
3167 5175 3440 5245 opinaris.

179 5250 426 5322 λοσόφων
465 5257 845 5324 προτιμήσεις,
875 5256 1120 5322 καὶτοὺς
1151 5258 1604 5332 παλιγκαπήλους
1645 5261 1756 5316 τῶν

1875 5261 2144 5318 Paululum
2195 5263 2343 5319 enim
2378 5278 2703 5334 progressus
2740 5273 2796 5320 et
2844 5264 3212 5336 sycophantas
3265 5267 3444 5336 philo-

178 5341 496 5413 ιλευθερίως
521 5344 1050 5416 μεταχειριζομένων
1072 5347 1142 5401 τὰ
1165 5347 1484 5420 πράγματα,
1521 5350 1614 5404 καὶ
1629 5351 1753 5415 τοὺς

1875 5356 2052 5423 sophis
2088 5357 2292 5412 honore
2331 5355 2610 5428 praeieres,
2651 5366 2708 5414 et
2765 5358 3043 5416 institores
3081 5359 3249 5416 libere
3281 5375 3445 5430 nego-

253 5498 298 5531 “
319 5499 477 5556 Num.
506 5518 583 5571 κι,
623 5506 716 5571 2|,
757 5504 846 5558 22.
927 5504 972 5535 "
1004 5503 1161 5559 Deut.
1209 5521 1381 5571 χχχιι,
1413 5508 1502 5563 5|.

1283 5623 1516 5680 VARIA‘J
1557 5624 1936 5684 LECTIONES
1977 5628 2063 5684 ET
2105 5628 2334 5686 NOTAE.

251 5772 363 5843 ‘73)
391 5772 495 5831 Pro
550 5774 787 5845 ἐρῶντας
822 5777 978 5832 ambo
1029 5777 1186 5832 codd.
1231 5778 1351 5833 Vat.
1396 5782 1500 5837 630
1549 5792 1594 5838 et
1631 5786 1738 5839 All.

1875 5786 2096 5842 scribunt
2143 5787 2369 5859 ἲριυτας.
2409 5786 2622 5849 Possm.
