4122 6442
713 359 842 425 Ἆθι
1958 366 2250 428 Ismeni
2289 367 2907 459 ΡΕιυδιυιιιιφι-κ,
3220 456 3221 459 γ

708 484 1004 547 tinnitibus,
1026 484 1241 541 fraudes
1292 484 1670 541 machinantes
1720 484 1982 554 dolosque
2027 494 2270 549 Sllcllles,

2383 487 2473 551 τὰς
2516 489 2764 559 μηχανὰς
2805 488 3122 556 πλέκοντες,
3156 489 3253 544 καὶ
3285 488 3473 554 δόλους
3506 488 3819 562 βάπτοντας
3842 488 3947 547 vis

713 579 779 633 iis
819 578 909 645 qui
930 576 1194 645 justitiam
1231 575 1281 630 in
1343 575 1523 644 lingua
1572 575 1992 641 circumferunt;
2024 575 2119 629 sed
2153 590 2271 629 eam

2383 578 2439 631 τὸ
2464 578 2669 632 δίκαιον
2697 581 2788 632 ἐπὶ
2815 578 3058 650 γλώττης
3093 578 3364 652 φερόντων
3385 595 3401 610 ο
3424 580 3563 636 ἀλλὰ
3603 581 3665 636 τὺ
3691 581 3795 646 τὰς
3822 582 3946 655 ips-

717 667 877 721 vitam
954 667 1181 723 activam
1238 666 1464 723 virtutes
1517 681 1637 722 esse
1692 681 1854 723 cense
1903 680 2175 731 exercere,
2223 676 2279 720 et

2383 668 2472 729 τὰς
2511 670 2729 735 ἀσκεῖν,
2774 672 2867 724 καὶ
2913 672 3043 742 περὶ
3076 670 3279 733 ταύτας
3340 671 3521 726 πᾶσαν
3572 672 3677 744 τὴν
3721 671 3944 743 smilis

713 770 872 811 omne
898 757 1133 811 studium
1163 756 1230 812 iis
1263 758 1595 827 impendere.

2383 758 2807 814 ἐπιδείκνυσθαι.

1013 848 1261 904 CCLXV.
1279 879 1349 891 —
1365 848 1594 905 HELUE
1642 850 1963 907 DIACONO.

2754 850 2914 907 ΣΞΕι.
2953 882 3019 892 -
3055 850 3219 923 ΗΛΙᾼ
3256 852 3575 924 ΔΙΑΚΟΝῼ.

980 942 1228 997 Docentis
1265 960 1328 997 ac
1360 944 1721 999 conciouantis
1752 954 1829 998 est
1852 944 2000 1012 prius
2020 958 2194 1013 agere,
2224 943 2413 998 dehinc
2444 942 2647 999 docere.
2687 941 2926 1014 (Con/er.
2955 946 3107 1011 epist.
3137 944 3191 1009 ι,
3223 945 3315 1009 ὃῗί,
3349 944 3453 999 915
3480 957 3528 998 et
3556 937 3721 1008 253.)

782 1052 1178 1108 Consulendum
1217 1062 1300 1110 est
1327 1055 1558 1120 dicturo,
1607 1065 1664 1109 ut
1698 1070 1801 1108 non
1824 1052 2005 1108 verbis
2040 1061 2272 1117 tantum,

2454 1052 2811 1105 Βουλεὺεσθαι
2838 1052 2942 1123 χρὴ
2966 1053 3057 1105 τὸν
3088 1052 3370 1122 ὑφηγητὴν
3410 1053 3483 1122 μὴ
3509 1053 3560 1106 τί
3594 1054 3743 1106 sistat
3772 1053 3942 1122 μόνον.

715 1145 808 1199 sed
867 1160 1058 1214 reapse
1104 1148 1423 1216 persuadeat
1489 1145 1845 1202 auditoribus.
1886 1144 2078 1201 Omnis
2129 1143 2273 1199 enim

2383 1144 2519 1198 ἀλλὰ
2557 1144 2610 1196 τί
2639 1144 2852 1215 πράξας
2894 1143 3074 1197 πείσοι
3102 1146 3227 1208 τοὺς
3260 1145 3536 1214 φοιτητὰς.
3573 1145 3690 1206 Πᾶς
3724 1144 3821 1214 μὲν
3847 1148 3947 1215 γὰρ

715 1234 889 1290 oratio
914 1248 1075 1303 opere
1124 1236 1380 1291 destituta
1420 1252 1527 1291 non
1581 1245 1789 1291 tantum
1839 1236 2000 1290 inane
2061 1234 2187 1303 quid
2221 1241 2277 1289 et

2383 1233 2558 1301 λόγος,
2609 1233 2738 1287 ὅταν
2802 1231 2963 1303 ἔργου
3020 1232 3251 1303 χηρεύῃ,
3308 1232 3369 1285 οὐ
3417 1232 3575 1302 μόνον
3625 1233 3855 1302 μάταιόν
3900 1250 3947 1286 τι

715 1324 998 1379 evanidum
1030 1333 1133 1389 est,
1166 1325 1257 1380 sed
1277 1326 1438 1381 etiam
1477 1322 2017 1396 opprobrium‘atl‘ert,
2056 1324 2275 1394 potissi-

2384 1324 2633 1394 φαίνεται
2656 1322 2752 1377 καὶ
2775 1324 2951 1387 κενὸν,
2978 1324 3114 1378 ἀλλὰ
3136 1325 3228 1377 καὶ
3254 1326 3331 1385 είς
3358 1322 3556 1385 ὕνειδος
3584 1323 3946 1393 περιίσταται·

717 1430 860 1470 mum
899 1415 1123 1481 dicenti,
1148 1431 1178 1470 a
1210 1431 1317 1484 quo
1365 1414 1658 1485 profertur.
1677 1414 1894 1482 Quanto
1924 1415 2069 1469 enim
2112 1428 2276 1484 expe‘

2388 1417 2623 1487 μάλιστα
2658 1416 2715 1468 δὲ
2760 1416 2789 1468 ὁ
2839 1415 2990 1486 παρὰ
3045 1414 3154 1467 τῶν
3199 1414 3478 1484 ἐξηγητῶν
3524 1416 3947 1485 προφερόμενος.

716 1508 911 1562 ditiore
941 1507 1016 1562 uti
1041 1522 1289 1563 sermone
1328 1509 1567 1574 student,
1594 1516 1743 1563 tanto
1768 1506 1947 1562 υιίιιιιε
1977 1506 2140 1560 etiam
2174 1505 2278 1560 illis

715 1597 953 1652 creditur
982 1615 995 1652 :
1022 1600 1113 1653 sed
1139 1599 1351 1655 etrisus
1385 1610 1761 1670 argumentum
1796 1612 1916 1653 esse
1940 1597 2277 1652 existimant.

716 1688 895 1755 Quare
919 1690 1087 1759 magis
1110 1690 1398 1760 agendum,
1434 1705 1593 1759 quam
1651 1688 1961 1745 dicendum.
1987 1687 2042 1743 Si
2094 1696 2271 1744 autem

718 1779 891 1838 nolint
919 1795 1095 1853 agere,
1126 1796 1193 1836 ne
1218 1782 1399 1837 dicant
1425 1784 1662 1851 quidem.

928 1966 1198 2023 CGLXYI.
1217 1997 1286 2008 -—
1304 1966 1561 2025 THEONI
1596 1964 2072 2023 PRESBYTERO.

2392 1508 2543 1577 Ὄσῳ
2588 1506 2694 1579 γὰρ
2732 1507 3056 1574 ἐτοιμότατα
3098 1504 3248 1574 αὒτῷ
3293 1503 3526 1575 χρῆσθαι
3568 1504 3947 1570 σπουδάζουσι,

2383 1598 2623 1668 τοσούτῳ
2674 1596 2875 1667 μᾶλλον
2922 1595 3240 1649 ἀπιστοῦσιν
3290 1595 3525 1658 ἅπαντες
3585 1595 3770 1664 αὐτῷ’
3820 1594 3949 1650 ἀλλὰ

2386 1688 2480 1741 καὶ
2506 1689 2741 1756 γέλωτος
2784 1686 3040 1739 ὑπόθεσιν
3078 1688 3240 1739 αὐτὸν
3281 1682 3417 1740 εἶναι
3444 1685 3777 1755 νομίζουσιν.
3813 1687 3951 1739 Οὐκ-

2308 1800 2350 1855 B
2376 1775 2470 1830 οὖν
2514 1776 2745 1847 μάλιστα
2786 1774 2884 1845 μὲν
2922 1776 3211 1844 πρακτέον,
3246 1774 3340 1828 καὶ
3386 1774 3635 1827 λεκτέον·
3671 1777 3723 1828 εί
3773 1775 3829 1828 δὲ
3878 1773 3952 1846 μὴ

2389 1865 2681 1939 βούλοιντο,
2715 1864 2837 1918 οὐδὲ
2868 1864 3107 1919 λεκτέον.

2667 1955 2843 2023 Σεςῖι.
2875 1986 2942 1997 -
2980 1954 3182 2009 suam
3215 1954 3681 2027 ΠΡΕΣΒΥΤΕΡῼ.

1721 2055 1946 2125 Tempus
1986 2054 2113 2126 quia
2138 2052 2360 2114 labitur,
2388 2046 2529 2100 ratio
2555 2048 2668 2115 ejus
2691 2045 2952 2100 habenda.

794 2151 872 2209 Ne
910 2162 1118 2222 tempus
1172 2152 1322 2206 abire
1378 2166 1442 2206 ac
1493 2149 1659 2206 lluere
1716 2152 2047 2219 ignoremus,
2096 2145 2280 2202 multis

717 2242 1019 2298 ostenditur
1046 2241 1213 2311 signis
1261 2249 1315 2295 et
1352 2240 1686 2309 argumentis
1719 2256 1733 2293 :
1767 2249 1895 2309 puta
1956 2248 2136 2300 nocte,
2164 2235 2276 2299 die,

720 2327 1073 2392 hebdomade,
1113 2342 1317 2393 mense,
1347 2341 1507 2392 anno,
1547 2335 1708 2395 atque
1764 2323 2102 2397 Olympiade.
2133 2322 2275 2376 Olim

718 2418 863 2471 enim
924 2414 1326 2489 Olympiadibus
1385 2415 1823 2487 dignoscebatur.
1880 2413 2279 2484 lmperantibus

2459 2155 2575 2209 Ἰνα
2606 2154 2683 2227 μὴ
2715 2154 2853 2227 ῥέων
2877 2156 2905 2208 ό
2938 2154 3129 2225 χρόνος
3159 2154 3353 2226 ἄδηλος
3377 2151 3434 2230 ᾖ,
3467 2154 3679 2217 πολλοῖς
3709 2156 3953 2225 σημείοις

2383 2244 2683 2315 κατάδηλος
2724 2244 2967 2313 γέγονεν,
3002 2244 3185 2315 ἡμέρᾳ
3221 2244 3314 2297 καὶ
3345 2244 3522 2306 νυκτὶ,
3563 2243 3824 2315 ἐϐδομάδι
3866 2247 3955 2297 καὶ

2386 2337 2539 2407 μηνὶ,
2582 2336 2815 2405 ἐνιαυτῷ
2857 2354 2916 2389 τε
2958 2338 3052 2389 καὶ
3090 2336 3431 2406 Ὀλυμπιάδι.
3454 2336 3653 2408 Πρώην
3692 2337 3802 2406 γὰρ
3839 2338 3955 2399 ταῖς

2398 2428 2727 2499 Ὀλυμπιάσι
2763 2427 3160 2495 διεγινώσκετο·
3194 2427 3566 2498 Ῥωμαίων’δὲ
3601 2428 3957 2498 βασιλευσάν-

720 2518 903 2563 autem
933 2508 1209 2573 Romanis,
1234 2507 1599 2562 consulatibus
1628 2507 2028 2579 designabatur.
2051 2505 2108 2561 Si
2137 2507 2279 2561 enim

2383 2536 2508 2586 των,
2532 2521 2654 2583 ταῖς
2677 2518 2964 2581 ὑπατείαις
2987 2518 3261 2589 γνώριμος
3284 2517 3622 2572 καθίσταται.
3650 2519 3713 2571 El
3731 2519 3840 2588 γάρ
3866 2520 3956 2573 καὶ

720 2611 895 2655 motus
923 2598 1069 2665 cmli,
1101 2608 1157 2655 ut
1185 2599 1346 2654 tradit
1390 2598 1567 2665 Plato,
1598 2598 1762 2672 65,0
1811 2610 2026 2668 tempus
2056 2598 2280 2668 genuit;

720 2690 799 2746 sol
831 2698 1007 2745 autem
1050 2690 1270 2745 metitur
1296 2698 1349 2744 et
1371 2690 1687 2745 consulatus
1738 2690 1937 2745 format
1965 2690 2111 2761 (ipsi
2139 2689 2283 2743 enim

721 2798 863 2839 anno
893 2782 945 2837 id
979 2795 1193 2848 nomen,
1216 2782 1411 2851 quibus
1440 2792 1495 2837 et
1526 2782 1837 2837 consulibus
1869 2781 2150 2850 ornatur).
2178 2780 2283 2835 Ista

720 2889 851 2929 vero
876 2874 1053 2929 omnia
1082 2874 1217 2928 liunt
1236 2873 1412 2943 signa,
1429 2887 1527 2928 nec
1550 2882 1754 2927 tantum
1786 2882 2006 2942 propter
2031 2886 2280 2941 corpora,

719 2975 772 3021 et
804 2965 947 3028 vitae,
978 2974 1033 3016 ut
1065 2965 1213 3017 aiunt
1244 2962 1483 3031 quidam,
1513 2963 1726 3032 negotia
1776 2973 1942 3033 atque
1968 2973 2282 3018 contractus

2384 2609 2616 2682 οὐρα.νοῦ
2652 2610 2888 2680 κίνησις,
2926 2609 3001 2673 ὥς
3028 2627 3159 2680 φησι
3197 2609 3444 2675 Πλάτων,
3477 2609 3567 2662 τὸν
3588 2610 3779 2681 χρόνον
3804 2610 3956 2677 ἐγέν-

2387 2715 2585 2768 νησεν·
2622 2699 2736 2754 ἀλλ’
2784 2699 2934 2770 ἥλιος
2981 2701 3171 2770 μετρεῖ
3204 2698 3299 2752 καὶ
3336 2699 3563 2753 ὑπατεία
3604 2703 3808 2776 μ-ορφοτ
3852 2701 3957 2771 (τῷ

2391 2791 2501 2859 γὰρ
2526 2790 2756 2861 ἐνιαυτῷ
2785 2790 2943 2844 τοῦτο
2971 2792 3163 2863 ὄνομα,
3198 2786 3382 2864 ὧνπερ
3411 2793 3505 2845 καὶ
3547 2794 3768 2847 ὑπάτων
3796 2794 3957 2864 ἠξίω-

2387 2882 2525 2953 ται).
2579 2882 2763 2937 Ταῦτα
2804 2884 2859 2935 δὲ
2902 2883 3081 2937 πάντα
3128 2883 3317 2952 γέγονε
3347 2884 3415 2936 τὰ
3460 2888 3677 2954 σημεῖα,
3708 2886 3768 2938 οὗ
3800 2887 3955 2954 μόνον

2387 2975 2473 3028 διὰ
2501 2974 2569 3027 τά
2607 2973 2830 3043 σώματα
2850 2975 2941 3029 καὶ
2960 2974 3027 3028 τὰ
3057 2974 3302 3046 βιωτικὰ,
3332 2974 3404 3038 ὣς
3428 2976 3556 3043 φασί
3582 2993 3748 3041 τινες,
3784 2977 3957 3049 πράγ-

720 3056 878 3121 (nam
905 3065 958 3108 et
984 3061 1301 3108 testamenta
1342 3061 1396 3107 et
1431 3051 1646 3119 tabulae,
1683 3060 1735 3107 et
1789 3054 1992 3117 omnia,
2021 3062 2081 3107 ut
2119 3054 2281 3108 verbo

2388 3066 2533 3137 ματά
2569 3082 2627 3119 τε
2660 3066 2752 3119 καὶ
2783 3066 3083 3137 συμϐόλαια
3113 3066 3235 3137 (καὶ
3277 3068 3384 3139 γὰρ
3436 3067 3531 3121 καὶ
3583 3068 3639 3120 al
3681 3067 3953 3137 διαθῆκαι,

721 3145 917 3208 dicam,
941 3142 1248 3197 securitatis
1274 3142 1499 3212 pignora
1534 3156 1629 3210 per
1655 3142 1756 3198 ista
1800 3142 2134 3214 signantur)
2169 3158 2284 3197 ma-

720 3231 918 3288 nifesta
946 3244 1071 3288 sunt
1097 3241 1149 3287 et
1173 3233 1342 3301 clara,
1374 3232 1469 3288 sed
1494 3233 1656 3287 etiam
1699 3247 1767 3287 ne
1818 3242 1873 3288 et
1924 3247 2023 3288 nos
2056 3233 2201 3288 velut
2230 3234 2283 3288 in

720 3326 905 3395 ignoto
933 3323 1121 3396 pelago
1151 3324 1493 3394 navigantes,
1528 3339 1629 3380 nec
1692 3324 1862 3394 signis
1910 3324 2040 3379 illud
2101 3325 2278 3379 dime-

719 3416 939 3481 tientes,
976 3426 1179 3470 temere
1203 3429 1266 3469 ac
1286 3422 1479 3484 sponte
1526 3416 1592 3469 ad
1648 3415 1832 3472 littora
1877 3417 2156 3472 venientes
2195 3431 2287 3471 va-

720 3507 837 3563 cuis
875 3505 1124 3561 manibus
1175 3517 1386 3575 portum
1427 3508 1737 3574 subeamus,
1789 3508 1885 3564 sed
1937 3516 1997 3562 ut
2058 3508 2285 3576 tempori

721 3598 1064 3653 velocissimo
1085 3612 1149 3651 ac
1172 3598 1393 3653 retineri
1448 3598 1529 3652 vel
1582 3600 1780 3654 reverti
1812 3607 1903 3653 aut
1950 3599 2114 3655 etiam
2142 3610 2289 3655 stare

721 3690 906 3746 nescio
949 3690 1332 3745 concurrentia
1380 3689 1519 3743 bona
1559 3703 1720 3757 opera
1776 3690 2139 3759 possidentes,
2164 3706 2287 3745 cum

719 3779 906 3835 multis
933 3779 1200 3834 mercibus
1248 3780 1313 3833 ad
1364 3778 1542 3834 littora
1595 3778 1948 3849 appellamus.
1981 3779 2288 3838 Habeamus

722 3872 906 3940 itaque
949 3870 1205 3926 instantis
1246 3872 1500 3940 temporis
1555 3858 1842 3927 rationem.
1876 3871 2014 3928 Nam
2064 3883 2193 3928 tunc
2234 3884 2290 3929 et

721 3964 840 4033 capi
865 3972 1041 4032 potest
1076 3970 1130 4018 et
1156 3962 1398 4018 retineri.
1426 3960 1767 4018 Praeteritum
1820 3964 1966 4019 enim
2020 3964 2291 4034 elapsum-

722 4069 829 4124 que
876 4054 1087 4124 assequi
1143 4068 1250 4108 non
1304 4068 1611 4123 possumus.
1645 4055 1858 4109 Alatum
1915 4056 2061 4110 eriim
2088 4065 2173 4110 est
2233 4066 2291 4112 et

722 4145 900 4213 velox,
934 4156 987 4201 et
1025 4146 1185 4214 longe
1213 4161 1241 4197 a
1290 4153 1439 4214 tergo
1469 4145 1721 4215 relinquit
1763 4146 2137 4217 insequentes:
2162 4148 2289 4219 quin

721 4238 885 4293 etiam
909 4238 1155 4293 cominus
1181 4236 1443 4305 prehendi
1476 4237 1680 4305 nequit.

1191 4509 1483 4565 CCLXVll.
1497 4539 1565 4550 —
1584 4509 1811 4568 EIDEM.

2386 3158 2482 3211 xui.
2522 3156 2590 3210 τὰ
2619 3161 2998 3228 γραμματεῖα,
3027 3158 3122 3211 καὶ
3151 3158 3356 3223 πάντα,
3394 3158 3470 3221 ὡς
3502 3158 3631 3222 ἔπος
3668 3159 3863 3220 είπεῖν,
3891 3159 3959 3213 τά

2385 3248 2483 3317 τῆς
2528 3247 2826 3316 ἀσφαλείας
2874 3251 3105 3323 ἐνέχυρα
3158 3251 3245 3304 διὰ
3289 3249 3492 3304 τούτων
3550 3251 3952 3322 suppa-(iisut),

2386 3338 2522 3410 δῆλά
2559 3340 2614 3393 τέ
2653 3342 2767 3393 ἐστι
2805 3342 2899 3395 καὶ
2936 3344 3100 3413 σαφῆ·
3158 3342 3271 3396 ἀλλ’
3316 3342 3401 3396 ἴνα
3436 3343 3530 3396 καὶ
3577 3344 3737 3413 ἡμεῖς
3776 3344 3849 3413 μὴ
3884 3342 3959 3408 ὡς

2390 3431 2568 3502 ἀδήλῳ
2614 3431 2841 3500 πελάγει
2892 3434 3171 3499 πλέοντες,
3216 3435 3310 3489 καὶ
3354 3434 3597 3505 σημείοις
3637 3435 3710 3505 μὴ
3754 3438 3955 3505 ἀναμε-

2387 3521 2642 3592 τροῦντες
2680 3522 2857 3589 τοῦτο,
2892 3526 3217 3596 αὐτομάτως
3261 3528 3339 3590 είς
3372 3526 3497 3590 τοὺς
3528 3526 3749 3598 λιμένας
3782 3529 3956 3582 ἐλθόν-

2386 3628 2478 3677 τες
2507 3617 2690 3678 κεναῖς
2722 3616 3075 3688 όρμισθῶμεν
3109 3619 3323 3689 χερσίν·
3361 3618 3495 3672 ἀλλὰ
3530 3620 3608 3688 τῷ
3634 3621 3811 3690 χρόνῳ
3838 3622 3955 3687 ὀξυ-

2388 3700 2535 3771 τάτῳ
2562 3701 2697 3767 ὄντι,
2728 3704 2821 3757 καὶ
2854 3706 2991 3775 μήτε
3016 3706 3303 3776 ἄγχεσθαι,
3339 3711 3473 3780 μήτε
3506 3708 3954 3780 παλινδρομῆσαι,

2389 3788 2523 3843 ἀλλὰ
2550 3790 2681 3861 μηδὲ
2708 3792 2900 3862 στῆναι
2923 3793 3271 3865 ἐπισταμένῳ
3290 3795 3617 3860 συνθεοὺσας
3636 3797 3732 3860 τὰς
3751 3799 3958 3864 ἀγαθάς

2390 3882 2619 3953 πράξεις
2651 3885 3000 3954 κεκτημένοι,
3046 3887 3182 3957 μετὰ
3209 3887 3410 3960 πολλῆς
3442 3888 3545 3958 τῆς
3585 3890 3856 3959 ἐμπορίας
3883 3893 3960 3954 είς

2392 3978 2517 4040 τοὺς
2544 3976 2769 4044 λιμένας
2790 3977 3098 4047 ἐλάσωμεν.
3138 3977 3423 4053 Ἐχώμεθα
3448 3979 3627 4033 τοίνυν
3656 3980 3746 4032 τοῦ
3770 3982 3959 4051 χρόνον

2392 4064 2820 4134 πλησιάζοντοςο
2870 4066 3048 4132 ἔξεστι
3105 4068 3213 4136 γὰρ
3255 4068 3376 4121 τότε
3426 4069 3519 4123 καὶ
3560 4067 3819 4123 λαϐέσθαι
3870 4073 3959 4124 καὶ

2298 4212 2313 4232 δ
2393 4159 2687 4227 κατασχεῖν
2707 4172 2723 4188 ο
2753 4159 3206 4229 παραδραμόντος
3235 4159 3349 4231 γάρ’
3385 4160 3739 4231 μεταδιώκειν
3764 4165 3959 4233 ἀνήνυο

2394 4263 2507 4300 τον.
2581 4248 2995 4319 Ἐπτερωμένος
3051 4250 3159 4321 γὰρ
3203 4250 3279 4304 ὣν
3318 4252 3410 4305 καὶ
3453 4251 3630 4317 ὠκὺς,
3680 4253 3958 4326 πόρρωθεν

2398 4340 2498 4407 μὲν
2544 4339 2737 4409 ἀφίησι
2774 4342 2899 4403 τοὺς
2934 4340 3257 4408 διώκοντας,
3301 4344 3577 4414 ἀμήχανος
3620 4344 3675 4398 δέ
3708 4345 3822 4399 ἐστι
3867 4346 3957 4401 καὶ

2394 4432 2711 4501 γενομένοις
2737 4432 2903 4502 ἐγγὺς
2932 4432 3219 4504 ληφθῆναι.

2881 4520 3040 4575 ΣΞΖν.
3066 4553 3130 4561 -
3152 4523 3237 4596 'rp
3267 4526 3462 4597 ΑΥΤῼ.

1714 4609 1877 4665 Plena
1899 4615 2108 4682 quando
2143 4616 2449 4687 irroganda.
2486 4614 2637 4686 (δίῳ.
2675 4616 2826 4684 epist.
2866 4616 2981 4687 42.)

801 4708 937 4765 Dum
962 4707 1223 4763 ellreuato
1255 4703 1454 4761 insanit
1492 4704 1832 4774 improbitas,
1856 4720 2030 4777 neque
2080 4710 2288 4765 accedit

722 4799 1049 4864 moderatio,
1079 4806 1206 4851 tunc
1257 4810 1415 4867 poena
1466 4796 1641 4851 solum
1670 4812 1735 4853 ac
1786 4799 2050 4870 supplicio
2112 4810 2288 4869 potest

724 4890 985 4947 coerceri.

942 4978 1261 5036 CCLXVIII.
1286 4978 1659 5036 ~CYRlLLO
1712 4981 2062 5037 EPISCOPO.

2476 4709 2540 4762 Ἢ
2576 4712 2810 4780 πονηρία
2857 4710 2984 4762 ὅταν
3027 4709 3344 4774 άκαθέκτως
3391 4710 3650 4782 λυττήσῃ,
3681 4713 3776 4765 καὶ
3821 4712 3948 4783 μηδέ

2397 4800 2774 4870 σωφρονισμὸν
2800 4799 3115 4871 προσίηται,
3147 4802 3250 4855 ὑπὸ
3274 4801 3538 4872 τιμωρίας
3568 4804 3736 4873 μόνης
3756 4803 3947 4858 κωλύε-

2398 4889 2521 4945 σθαι
2558 4892 2821 4961 πέφυκεν.

2676 4985 2839 5037 Σειιι.
2868 5013 2932 5024 -
2970 4984 3275 5058 ΚΥΡΙΛΛῼ
3315 4986 3677 5059 Εηιειιοιιᾳ.

728 5066 895 5143 Βεᾴἱα
924 5083 1152 5143 potestas
1197 5074 1392 5129 clerum
1415 5075 1468 5128 in
1507 5074 1739 5147 ordinem
1786 5075 2017 5147 redigere
2047 5092 2114 5128 an
2153 5076 2337 5147 possit.
2372 5075 2549 5145 (Couf.
2590 5078 2743 5147 epist.
2782 5077 2923 5144 278,
2963 5087 3010 5131 et
3046 5076 3136 5131 lib.
3178 5094 3237 5142 ιι,
3276 5080 3423 5141 epist.
3457 5077 3583 5145 9.54,
3636 5090 3679 5134 et
3738 5079 3828 5135 lib.
3878 5094 3941 5141 nt,

1456 5145 1608 5211 epist.
1632 5143 1756 5199 219.
1806 5143 1932 5197 Vide
1970 5144 2245 5215 Cltrysost.
2280 5145 2351 5200 De
2384 5143 2517 5215 regis
2543 5156 2588 5201 et
2619 5143 2871 5202 monachi
2894 5149 3325 5218 comparatione.)

793 5230 1093 5287 Sacerdotii
1134 5230 1260 5285 olim
1305 5232 1540 5300 dignitas
1590 5245 1875 5303 peccantes
1927 5236 2289 5302 redarguebat

727 5334 903 5393 reges,
927 5323 1274 5393 regebatque,
1301 5338 1445 5379 nunc
1470 5338 1597 5379 vero
1636 5325 1720 5379 bis
1767 5325 2007 5396 subjecta
2036 5335 2118 5381 est
2144 5345 2155 5379 :
2192 5326 2285 5381 de-

729 5426 824 5467 cus
855 5420 1030 5468 tamen
1059 5413 1342 5483 pristinum
1376 5430 1480 5469 non
1512 5416 1716 5481 amisit,
1751 5416 1845 5471 sed
1890 5420 1981 5487 qui
2033 5417 2287 5473 sacerdo-

730 5502 805 5557 tio
829 5503 1023 5559 initiati
1048 5514 1195 5569 sunt,
1224 5520 1323 5561 non
1353 5506 1539 5563 eodem
1590 5504 1770 5574 modo,
1803 5521 1908 5577 quo
1940 5507 2080 5577 apud
2102 5521 2287 5585 saecu-

2468 5236 2641 5290 Πάλαι
2680 5238 2839 5307 μὲνὴ
2890 5237 3155 5308 ἱερωσύνη
3207 5238 3504 5294 πταίουταν
3535 5240 3634 5312 τὴν
3683 5241 3944 5313 βασιλείαν

2394 5328 2688 5400 διωρθοῦτο
2730 5329 2825 5382 καὶ
2846 5330 3201 5401 ἐσωφρόνιζε,
3228 5331 3320 5385 νῦν
3350 5332 3405 5385 δὲ
3430 5333 3518 5387 ὑπ’
3561 5335 3777 5409 ἐκείνην
3805 5340 3945 5407 γέγο-

2395 5435 2501 5485 νεν,
2557 5420 2615 5471 οὐ
2654 5418 2717 5471 τὸ
2770 5420 2968 5474 οἰκεῖον
3006 5420 3221 5491 ἀξίωμα
3268 5424 3609 5490 ἀπολέσασα,
3651 5429 3787 5485 ἀλλὰ
3834 5434 3944 5493 τοὺς

2393 5508 2829 5579 ἐγχειρισθέντας
2866 5511 2966 5581 οὐχ
2999 5511 3213 5582 ὁμοίους
3244 5516 3351 5577 τοῖς
3385 5515 3492 5584 (Ἠ)
3526 5518 3617 5571 ἐπὶ
3638 5522 3743 5578 τῶν
3766 5523 3944 5595 ήμετέσ

1851 5624 2079 5681 γΑῐιιίΕ
2121 5625 2500 5683 LECTIONES
2540 5630 2625 5683 ET
2666 5627 2895 5683 NOTAE.

804 5735 914 5797 (74}
945 5738 1044 5796 l‘t‘u
1078 5740 1291 5813 ὁμοίους
1330 5744 1429 5802 τοῖς
1466 5743 1616 5799 timid.
1661 5742 1827 5798 Vativ.
1861 5744 1965 5798 θεῐο
1994 5754 2036 5799 ct
2072 5744 2171 5798 Alt.
2214 5744 2283 5810 le;

2383 5755 2393 5801 ι.
2423 5744 2618 5811 ὁμοίως
2654 5743 2774 5796 τῶν.
2805 5744 3008 5801 Possis.
3052 5794 3053 5797 η
