4122 6462
194 433 338 504 ιιω

1073 440 1609 503 EPISTOLARUM
1640 441 1788 506 LIB.
1830 444 1896 506 Υ.
1937 470 2000 478 υ·-
2043 445 2281 506 ΕΡΙΒΤ-
2317 447 2614 510 CCLXXI.

3341 420 3476 498 itas

194 572 312 628 ρων
335 556 615 628 προγόνων
640 557 854 629 ἔχουσα.
893 555 1092 626 Πρὼην
1126 557 1227 627 μὲν
1286 558 1395 628 γὰρ
1426 555 1780 626 εὐαγγελικὸν

1906 575 1993 612 nm
2039 561 2190 629 prius
2245 563 2521 616 memoriae
2574 561 2838 632 majorum
2901 572 3020 614 sese
3073 560 3288 626 gerunt.
3331 549 3475 604 Olim

197 647 300 702 καὶ
325 647 685 703 άποστολικδν
724 646 1162 716 πολιτευομένων
1200 645 1316 717 βίον
1340 645 1448 699 τῶν
1483 638 1583 716 τὴν
1625 647 1785 717 ίερωο

195 736 369 810 σύνην
389 740 766 812 ἑστεμμένων,
811 737 1095 808 είκότωςὴ
1129 737 1398 810 ἱερωσύνη
1430 739 1495 808 τῇ
1533 737 1782 810 βασιλείᾳ

193 820 269 895 ἦν
298 827 530 901 φοϐερά·
565 827 660 882 νῦν
701 827 758 882 δὲ
784 829 818 899 ἡ
854 825 1101 898 βασιλεία
1134 829 1202 898 τῇ
1244 825 1543 899 ἱερωσύνῃο
1580 826 1782 897 μᾶλλον

195 914 259 968 δὲ
300 915 402 970 οὐκ
439 916 598 990 αὐτῇ,
626 917 761 971 ἀλλὰ
786 919 900 980 τοῖς
934 916 1186 988 ἱερᾶσθαι
1215 918 1315 989 μὲν
1339 916 1577 980 δοκοῦσι,
1605 917 1673 971 δι’
1705 911 1783 974 ὧν

193 1005 261 1058 δὲ
295 1006 627 1077 πράττουσιν
655 1007 828 1078 αὐτὴν
859 1007 1168 1079 ὑδρίζουσι.
1209 1007 1300 1060 Διό
1325 1023 1416 1078 μοι
1435 1006 1582 1061 δοκεῖ
1619 1010 1713 1062 καὶ
1745 1009 1780 1082 ἠ

200 1096 454 1166 βασιλεία
475 1099 698 1164 είκότως
727 1101 902 1153 ποιεῖν
918 1115 930 1127 ·
959 1099 1022 1153 οὐ
1049 1097 1158 1171 γάρ
1176 1099 1276 1169 τὴν
1301 1098 1604 1171 ἱερωσύνην
1629 1098 1784 1172 ὑδρί⁸

201 1204 297 1242 σαι
325 1190 708 1262 προῃρημένη,
734 1192 800 1261 ἢν
833 1189 1130 1255 ὲκθειάζει,
1157 1189 1275 1244 ἀλλ’
1299 1190 1585 1262 ἐκδικῆσαι
1625 1192 1783 1264 669t-

198 1276 463 1352 ξομένην,
510 1281 640 1346 τοὺς
666 1281 728 1336 οὐ
770 1281 998 1346 δεόντως
1034 1282 1171 1352 αὐτῇ
1205 1281 1525 1354 χρωμένους
1565 1299 1780 1354 σωφρο-

200 1369 362 1434 νίζει.

592 1569 749 1626 Σεθι.
787 1602 855 1614 -
890 1571 1058 1644 usta
1086 1570 1400 1646 ΔΙΔΚΟΝῼ.

1889 648 2034 703 enim
2095 664 2220 704 cum
2271 651 2642 721 evangelicam
2704 661 2759 705 et
2799 646 3158 718 apostolicam
3215 643 3480 698 ducerem

1889 739 2055 793 vitam
2104 741 2195 810 qui
2240 742 2412 796 sacris
2464 743 2570 798 rite
2618 741 3013 810 operabantur,
3045 737 3244 793 merito
3310 732 3476 804 regiae

1891 827 2140 898 dignitati
2203 839 2364 883 erant
2413 831 2657 884 terrori:
2695 843 2843 884 nunc
2889 841 3022 883 vero
3074 834 3270 882 contra
3318 823 3470 892 regia

1890 917 2150 987 maiestas
2176 919 2468 974 sacerdoti.
2508 919 2601 975 Vel
2630 920 2812 990 potius
2851 934 2960 974 non
2999 917 3126 988 ipsi,
3155 915 3251 972 sed
3279 915 3366 979 iis,
3387 912 3481 982 qui

1889 1011 2205 1066 sacerdotes
2254 1011 2474 1080 quidem
2533 1011 2806 1077 videntur,
2857 1009 3016 1064 factis
3070 1016 3254 1063 autem
3308 1004 3479 1061 statui

1890 1112 2018 1158 sunt
2040 1102 2242 1172 injurii.
2267 1102 2438 1159 Recte
2457 1105 2642 1172 itaque
2667 1103 2962 1160 consulunt
2992 1109 3271 1172 aguntque
3296 1109 3480 1166 reges.

1891 1192 2009 1250 Non
2039 1195 2184 1262 enim
2229 1193 2598 1249 sacerdotium
2649 1194 2848 1249 hedera
2906 1193 3247 1264 propositum
3272 1198 3358 1246 est
3389 1187 3480 1251 iis,

1892 1287 2035 1357 quod
2069 1287 2318 1358 religiose
2341 1287 2440 1358 ipsi
2473 1293 2854 1354 revereautur,
2873 1286 2968 1341 sed
2992 1284 3272 1339 vindicare
3297 1281 3483 1336 laesam

1894 1377 2214 1447 dignitatem
2266 1379 2334 1434 ah
2385 1377 2474 1446 iis,
2524 1379 2618 1448 qui
2677 1393 2790 1434 non
2841 1377 3024 1433 debite
3073 1373 3489 1437 administrant,

1894 1477 2164 1541 satagunt.

2196 1577 2474 1635 CCLXIX.
2501 1578 2810 1635 -ε-ΗΕΙᾸᾹΞ
2867 1571 3184 1634 DlACONO.

201 1660 332 1752 Pati
371 1662 614 1732 adt-crsu,
651 1664 888 1719 salutare
913 1667 1122 1734 corpori
1175 1668 1485 1737 animmque.
1517 1663 1754 1788 (Copfez.
1782 1670 1936 1736 epist.
1973 1670 2092 1774 25".
2115 1681 2164 1725 et
2192 1671 2344 1741 260.)
2387 1691 2405 1724 ι
2432 1675 2472 1727 Α
2510 1671 2738 1728 Domino
2768 1671 3110 1742 rorripimur,
3148 1683 3210 1723 ne
3239 1681 3355 1722 cum
3384 1666 3481 1721 hoc

1475 1751 1670 1788 mutuo
1743 1753 2020 1788 anmemur
2102 1780 2117 1788 -
2159 1761 2179 1788 ι

1475 1751 1670 1788 mumto
1705 1751 2020 1795 uanmemur
2047 1751 2117 1796 ".
2159 1761 2179 1794 ›

279 1841 356 1895 Οὐ
385 1841 512 1907 τοὺς
553 1841 868 1908 πταίοντας,
904 1837 951 1898 ὦ
994 1845 1116 1911 τάν,
1145 1843 1240 1898 καὶ
1285 1841 1682 1915 κολαζομένους
1710 1845 1793 1898 ὲν-

1971 1847 2387 1920 Delinquentes,
2419 1850 2554 1905 heus
2597 1850 2693 1905 tu!
2737 1857 2792 1905 et
2822 1849 2876 1904 in
2925 1849 3027 1904 hac
3055 1830 3174 1902 ~vita
3213 1844 3464 1916 castigati

203 1933 383 1988 ταῦθα
414 1933 634 2006 θρηνεῖν
662 1935 790 2008 χρὴ,
821 1935 958 1990 ἀλλὰ
983 1936 1112 1998 τοὺς
1133 1936 1446 2008 άτιμωρητὶ
1468 1935 1784 1998 πταίοντας.

1885 1940 2200 2011 deplorandi
2234 1956 2343 1998 non
2387 1949 2539 2008 sunt,
2561 1941 2658 1998 sed
2703 1942 2798 2012 qui
2843 1939 3099 2011 impuniti
3137 1939 3364 1994 abeunt.
3407 1934 3483 1992 Ut

208 2027 424 2097 Ὥσπερ
453 2025 563 2098 γὰρ
597 2028 658 2081 οὐ
704 2027 766 2080 τὸ
804 2031 979 2094 νοσεῖν
1025 2026 1219 2092 δεινὸν,
1253 2027 1392 2082 ἀλλὰ
1435 2027 1497 2080 τὸ
1527 2027 1789 2081 νοσοῦντα

1899 2033 2032 2088 enim
2062 2047 2166 2088 non
2194 2042 2306 2089 tam
2329 2033 2616 2090 molestum
2641 2040 2726 2088 est
2756 2042 3048 2104 aegrotare,
3082 2044 3249 2102 quam
3295 2029 3488 2084 morbo

204 2117 506 2187 θεραπείαν
556 2119 632 2188 μὴ
669 2119 1027 2190 προσίεσθαισ
1078 2119 1198 2174 οὐδὲ
1229 2119 1290 2174 τὸ
1331 2119 1477 2190 ἔχειν
1517 2119 1788 2190 σηπεδόνα

203 2205 424 2277 θρήνων
459 2206 631 2274 ἄξιον,
661 2207 797 2264 ἀλλὰ
833 2210 896 2263 τὸ
927 2209 1123 2280 ἔχοντα
1154 2209 1231 2280 μὴ
1268 2191 1560 2264 ἀπολαύειν
1615 2212 1792 2282 ἰατρι-

205 2297 313 2367 κῆς
349 2297 546 2369 τέχνης
602 2297 653 2369 (6
695 2297 803 2372 γὰρ
818 2299 1166 2370 ’τεμνόμενος
1197 2301 1294 2353 καὶ
1340 2301 1630 2371 καιόμενος
1657 2299 1794 2371 πρὸς

205 2386 512 2458 θεραπείαν
546 2387 741 2455 ὁδεύει,
770 2389 868 2462 τὴν
896 2390 1005 2443 άπὸ
1039 2390 1139 2461 τῆς
1172 2390 1468 2462 ἀλγηδόνος
1498 2388 1795 2462 θεραπείαν

206 2479 674 2550 καρπωσάμενος)
693 2495 706 2509 ’
725 2479 870 2535 οὕτω
895 2482 990 2536 καὶ
1018 2482 1113 2535 ἐπὶ
1136 2476 1246 2536 τῶν
1274 2482 1465 2554 ψυχῶν
1491 2482 1795 2537 διακεῖσθαι

206 2571 339 2642 χρή.
371 2571 436 2624 Al
466 2571 569 2643 μὲν
608 2573 716 2644 γάρ
745 2573 1109 2646 κολαζόμεναι
1141 2575 1401 2640 ἐνταῦθα,
1424 2577 1575 2650 -πρδς
1605 2576 1796 2644 ὑγείαν

205 2661 491 2734 ἕλκονται·
536 2665 595 2719 αἱ
632 2665 690 2720 δὲ
726 2667 1036 2740 ἀτιμωρητὶ
1068 2666 1381 2736 πταίουσαι,
1434 2669 1514 2732 είς
1553 2668 1796 2740 ἀναλγη-

208 2752 334 2808 σίαν
361 2753 660 2811 ὁδεύουσιν.

562 2865 682 2922 xo'.
717 2897 791 2908 -η
826 2868 1091 2942 ΕΡΜΙΝῼ
1129 2869 1423 2926 KOMHTI.

1896 2125 2161 2182 medelam
2190 2140 2298 2182 non
2321 2125 2544 2191 aﬂerri;
2593 2123 2758 2197 64],
2812 2137 2878 2179 ac
2931 2137 3108 2193 neque
3162 2130 3493 2192 putrescens

1899 2217 2053 2274 ulcus
2078 2217 2335 2273 lamentis
2367 2217 2712 2285 sitdignum,
2745 2214 2841 2271 sed
2887 2216 3075 2286 potius
3126 2211 3433 2269 remedium
3458 2226 3489 2263 a

1901 2310 2114 2366 medico
2142 2323 2250 2365 non
2281 2309 2529 2365 adhiberi
2572 2328 2586 2364 :
2622 2306 2716 2380 qui
2743 2307 2892 2362 enim
2936 2313 3159 2362 secatur
3217 2303 3488 2371 uriturve,

1903 2401 1971 2456 ad
1998 2401 2339 2456 curationem
2373 2407 2653 2470 properat,
2677 2396 2926 2453 dolorum
2979 2401 3342 2466 percepturus
3372 2405 3491 2447 me-

1904 2491 2080 2546 delam
2113 2508 2128 2546 :
2158 2491 2300 2546 idem
2339 2488 2540 2544 animis
2563 2487 2857 2546 usuveuire
2909 2485 3341 2542 existimandum
3383 2491 3489 2538 est.

1902 2582 2035 2650 Quae
2085 2582 2232 2644 enim
2271 2581 2360 2640 hic
2404 2594 2582 2652 ptent:
2632 2578 3008 2654 suppliciaque
3055 2577 3381 2643 tolerantur,
3423 2575 3493 2630 ad

1899 2674 2127 2730 salutem
2162 2675 2486 2742 traducunt;
2537 2684 2596 2729 at
2639 2673 2864 2744 impune
2905 2671 2998 2741 qui
3053 2668 3253 2733 ferunt,
3285 2667 3322 2724 ii
3378 2667 3494 2724 fere

1901 2765 2030 2820 mali
2058 2766 2140 2822 sui
2165 2780 2388 2822 sensum
2427 2765 2706 2822 amittunt.

2184 2868 2441 2924 CCLXX.
2491 2889 2564 2916 ιο-
2601 2864 2915 2922 llERMlNO
2952 2863 3203 2921 COMITI.

634 2956 972 3015 Tentationes
1002 2961 1238 3028 exentplo
1269 2961 1370 3016 Job
1397 2961 1562 3016 saluti
1589 2978 1720 3017 esse.
1765 2961 2004 3031 (Confer.
2035 2961 2186 3030 epist.
2211 2960 2307 3026 59,
2341 2959 2434 3026 68,
2468 2959 2556 3026 Ἡ,
2583 2959 2674 3026 87,
2712 2957 2780 3013 96
2809 2969 2858 3012 et
2883 2954 3035 3027 2:26.)

283 3068 361 3122 υῦ
386 3067 607 3132 πάντως
633 3069 702 3123 τά
727 3070 867 3124 αὐτὰ
889 3069 1038 3140 πάθη
1060 3071 1159 3135 τὰς
1180 3071 1352 3135 αὐτὰς
1373 3070 1531 3142 ῥίζας
1554 3071 1788 3143 ἔχουσιν,

204 3160 332 3215 οὐδὲ
371 3161 540 3215 πᾶσαι
571 3162 627 3215 αἱ
657 3161 909 3225 κολάσεις
956 3163 1193 3217 ἐνταῦθα
1213 3165 1277 3218 ἐκ
1301 3163 1794 3234 πλημμελημάτων

207 3250 308 3314 τὰς
339 3251 627 3316 ὑποθέσεις
671 3250 913 3321 ἔχουσιν·
944 3251 1060 3305 ἀλλ’
1093 3253 1143 3306 οἱ
1188 3253 1288 3320 μὲν
1321 3253 1389 3307 δι’
1417 3255 1798 3325 ἁμαρτήματα

213 3337 561 3405 κολάζονται,
612 3341 663 3394 οἱ
707 3340 765 3394 δὲ
811 3340 899 3394 διὰ
944 3341 1005 3394 τὸ
1032 3340 1433 3412 δοκιμασθῆναι
1468 3343 1793 3414 πάσχουσιν,

207 3431 280 3485 ἵν’
329 3431 374 3484 oi
447 3430 546 3502 μὲν
585 3430 762 3497 δίκας,
793 3432 842 3486 οἱ
891 3432 950 3486 δὲ
992 3433 1215 3503 δοκίμια
1253 3433 1353 3503 τῆς
1398 3434 1604 3505 ἀρετῆς
1634 3435 1793 3489 δοῖεν.

210 3519 482 3593 Καθάπερ
519 3521 628 3592 γάρ
677 3523 709 3591 ἠ
759 3521 1036 3592 βασανίτις
1078 3522 1229 3588 λίθος
1274 3524 1366 3578 τὸν
1418 3525 1620 3597 χρυσὸν
1653 3526 1799 3580 δοκι-

213 3611 402 3684 μάζει,
435 3611 496 3678 ἐξ
539 3607 607 3685 ἦς
639 3613 789 3667 λίθου
825 3608 981 3686 οἶμαι
1016 3615 1113 3669 καὶ
1142 3616 1203 3669 τὸ
1235 3615 1623 3687 βασανίζεσθαι
1658 3618 1795 3672 ὠνο-

212 3703 722 3775 ματοπεποιῆσθαι·
779 3704 924 3758 οὕτω
972 3706 1067 3759 καὶ
1117 3706 1168 3758 οἱ
1214 3707 1515 3778 πειρασμοὶ
1552 3708 1680 3769 τοὺς
1720 3706 1799 3760 δι-

210 3793 406 3859 καίους
450 3794 784 3865 ἐλέγχουσιν,
828 3795 902 3858 ὡς
937 3795 1032 3849 καὶ
1059 3796 1135 3865 τῷ
1189 3795 1309 3849 Ἰὼϐ
1356 3797 1580 3868 ἐρρέθη·
1624 3818 1642 3850 ι
1681 3796 1798 3851 Οἴει

213 3903 285 3958 με
323 3885 500 3950 ἄλλως
538 3902 620 3938 σοι
647 3886 1136 3956 κεχρηματικέναι,
1170 3887 1203 3957 ἢ
1235 3885 1324 3941 ἵνα
1353 3887 1692 3960 ἀναφανείης
1717 3888 1799 3942 δί-

210 3994 406 4043 καιοςς
449 3997 468 4030 ι
524 3980 588 4030 υἱ
634 3977 694 4032 δὲ
745 3979 960 4047 ἀνόητοι
1009 3979 1118 4032 άπὸ
1165 3977 1274 4032 τῶν
1331 3980 1658 4050 πειρασμῶν
1706 3982 1800 4034 καὶ

211 4070 344 4132 τοὺς
395 4067 544 4138 βίους
590 4067 700 4120 τῶν
735 4067 1144 4138 πειραζομένων
1178 4069 1578 4134 διαϐάλλουσιν.
1620 4074 1800 4146 Ὅπερ

213 4161 313 4214 καὶ
343 4161 390 4213 οί
414 4159 510 4212 τοῦ
554 4158 675 4212 Ἰὼϐ
710 4158 872 4227 φίλοι,
916 4160 1011 4213 καὶ
1043 4162 1071 4214 6
1092 4161 1308 4230 Σεμεεὶ,
1339 4163 1431 4216 καὶ
1456 4163 1506 4216 οἱ
1533 4162 1800 4235 βάρϐαροι

215 4249 574 4305 πεπόνθασιν.
627 4250 688 4303 Οἱ
733 4248 831 4320 μὲν
867 4249 975 4320 γάρ
1013 4249 1200 4319 ἔλεγον
1233 4251 1309 4321 τῷ
1341 4252 1572 4323 ἀοιδίμῳ
1602 4269 1801 4321 στεφα-

213 4343 340 4417 νίτῃ
376 4341 456 4412 τῷ
509 4343 690 4395 πᾶσαν
731 4341 824 4394 τοῦ
877 4341 1125 4396 διαϐόλου
1182 4344 1521 4413 συγκόψαντι
1566 4345 1666 4416 τὴν
1711 4344 1800 4398 δύ-

1973 3071 2304 3130 Aﬂ‘ectiones
2336 3071 2538 3129 eaedem
2592 3070 2812 3126 radices
2858 3069 3064 3124 habent
3117 3080 3225 3122 non
3271 3064 3493 3121 omnino

1902 3164 2142 3230 easdem,
2176 3172 2234 3219 ut
2282 3177 2462 3235 neque
2486 3177 2664 3234 poena:
2695 3160 2784 3216 hic
2812 3173 3000 3216 omnes
3032 3173 3100 3213 ex
3132 3166 3375 3228 peccatis
3402 3157 3495 3213 ha-

1899 3257 2031 3311 bent
2061 3253 2372 3326 originem:
2408 3254 2503 3310 sed
2539 3253 2631 3308 alii
2662 3253 2734 3308 ob
2763 3249 2998 3306 crimina
3040 3250 3360 3320 puniuntur,
3401 3248 3491 3304 alii

1901 3355 2149 3412 rero,_ut
2189 3346 2490 3418 probentur
2541 3344 3026 3414 explorenturque,
3069 3341 3192 3397 ideo
3217 3341 3494 3411 castigan-

1902 3446 2006 3492 tur.
2041 3435 2116 3490 llli
2141 3435 2359 3506 quidem
2402 3443 2458 3490 ut
2483 3448 2674 3506 pmuas
2711 3433 2861 3498 deut,
2890 3432 2943 3487 hi
2999 3447 3131 3489 vero
3179 3440 3239 3488 ut
3277 3432 3497 3488 virtutis

1901 3527 2030 3580 dent
2059 3526 2355 3594 specimen.
2392 3522 2860 3592 Quemadmodum
2921 3522 3055 3594 lapis
3097 3523 3245 3578 enim
3291 3521 3497 3592 Lydius

1902 3613 2218 3686 βασανίτης,
2249 3615 2570 3683 explorator,
2589 3613 2788 3676 dictus,
2817 3611 2960 3683 quod
2983 3625 3172 3665 aurum
3197 3609 3445 3678 exploret
3477 3629 3493 3663 :

1902 3706 2046 3760 unde
2093 3714 2150 3760 et
2174 3703 2423 3760 Grtecum
2452 3703 2676 3760 verbum
2729 3700 3121 3774 βασανίζεσθαι
3151 3715 3249 3772 pro
3290 3700 3495 3755 exanci-

1904 3813 2032 3852 nare
2067 3803 2118 3851 et
2153 3795 2428 3866 explorare
2459 3793 2764 3849 derivatum
2796 3810 2810 3847 :
2861 3795 2942 3851 sic
2975 3805 3032 3850 et
3067 3795 3199 3864 ipsa:
3231 3791 3481 3847 tentatio-

1902 3902 1999 3943 nes
2044 3887 2222 3958 justus
2272 3888 2573 3942 ostendunt
2632 3901 2698 3941 ac
2759 3885 3012 3956 probant,
3071 3895 3131 3940 ut
3176 3882 3276 3938 Job
3309 3881 3492 3938 dixit:

1909 3996 1928 4030 ι
1971 3978 2138 4034 Putas
2160 3993 2245 4032 me
2271 3977 2434 4032 aliter
2455 3976 2804 4044 respondisse
2829 3975 2926 4032 tibi
2957 3990 3117 4046 quam
3143 3985 3201 4029 ut
3231 3986 3493 4044 appareas

1898 4068 2080 4139 justus
2106 4068 2189 4122 “‘l
2225 4087 2244 4120 ι
2287 4067 2612 4139 lnsipientes
2666 4081 2796 4123 vero
2848 4063 2920 4122 ob
2961 4066 3289 4120 tentatioucs
3329 4063 3494 4118 vitam

1904 4160 2117 4215 illorum
2147 4160 2238 4230 qui
2271 4169 2550 4216 tentantur
2571 4159 2953 4223 criminantur,
2977 4167 3038 4212 ut
3065 4166 3118 4212 el
3143 4156 3302 4211 amici
3326 4156 3497 4227 ipsius

1901 4253 2025 4322 Job,
2048 4263 2105 4310 et
2133 4253 2337 4319 Semei,
2390 4267 2453 4308 ac
2492 4251 2710 4307 barbari
2746 4249 3018 4305 fecerunt.
3060 4246 3139 4302 llli
3183 4247 3326 4302 enim
3371 4245 3495 4301 illu-

1903 4346 2002 4400 stri
2051 4345 2292 4412 athletae,
2330 4345 2420 4415 qui
2462 4360 2680 4400 uinnem
2726 4342 2987 4400 daemonis
3022 4341 3184 4412 fregit
3214 4341 3495 4410 impetum,

215 4451 404 4505 ναμινι
443 4451 463 4486 ι
514 4434 627 4485 Οὐκ
663 4431 786 4496 ἄξια
813 4425 888 4485 ὧν
919 4433 1247 4504 ἡμάρτηκας
1281 4436 1729 4505 μεμαστίγωσαι;
1773 4458 1791 4490 ι

1905 4435 2160 4492 dixerunt
2202 4455 2216 4492 :
2269 4456 2288 4490 ι
2359 4435 2554 4492 Nonne
2612 4437 2774 4506 digne
2826 4435 2898 4491 ob
2938 4443 3159 4519 peccata
3198 4431 3498 4502 llagellatus

227 4528 289 4581 '0
333 4525 391 4579 δὲ
439 4526 765 4594 ἀνδροφόνον
811 4524 999 4579 ἐκάλει
1030 4525 1121 4578 τὸν
1167 4527 1493 4595 πραότατον,
1541 4528 1649 4581 ἀπὸ
1696 4529 1793 4599 τῆς

1910 4543 1971 4584 es
2006 4529 2098 4582 ‘7?
2140 4547 2158 4581 ι
2196 4528 2378 4585 Semei
2406 4543 2535 4584 vero
2561 4527 2911 4583 mitissimum
2947 4525 3204 4581 Davidem
3239 4525 3499 4578 inclamat

220 4619 510 4689 συμφορᾶς
543 4615 750 4687 ταύτην
779 4616 960 4686 φέρων
991 4616 1123 4687 περὶ
1158 4616 1324 4670 αὑτοῦ
1367 4617 1465 4689 τὴν
1494 4618 1694 4689 ψῆφον.
1735 4622 1798 4674 Οί

218 4709 278 4764 δὲ
327 4707 518 4779 ἐπειδὴ
552 4709 581 4760 6
615 4707 729 4778 ἔχις
771 4705 882 4777 (75)
931 4706 1031 4776 τῆς
1073 4707 1257 4778 χειρὸς
1307 4707 1485 4778 εἴχετο
1536 4711 1637 4780 τῆς
1669 4713 1804 4765 ἀποε-

222 4799 500 4869 στολικῆς,
537 4797 778 4866 ἔφασκον
799 4814 812 4829 ·
852 4816 870 4849 ι
907 4797 1133 4861 Πάντως
1165 4802 1356 4866 φονεύς
1385 4801 1801 4862 ὲστινὸάνθοωσ

222 4908 326 4954 πος
363 4883 538 4956 οὗτος,
575 4890 634 4943 ὃν
664 4887 1000 4944 διασωθέντα
1045 4888 1110 4943 ὲκ
1141 4891 1241 4961 τῆς
1293 4890 1565 4963 θαλάττης
1594 4895 1627 4963 ἠ
1680 4893 1802 4964 δίκη

225 4985 326 5054 ζῇν
357 4983 457 5036 οὐκ
488 4982 688 5037 εἴασεν.
730 5001 749 5034 ι

639 5074 778 5126 ΣυΑ⁰
790 5113 803 5127 .
854 5103 923 5112 τυ
969 5074 1390 5145 ΘΕΟΓΝΩΣἸᾩ.

1912 4631 1969 4673 ιιι
2028 4620 2378 4685 homicidam,
2431 4619 2758 4676 calamitatis
2810 4617 2915 4673 hoc
2971 4616 3157 4672 ferens
3205 4612 3496 4682 judicium.

1907 4712 2131 4767 Barbari
2162 4727 2291 4768 vero
2350 4713 2427 4781 (in
2463 4711 2638 4768 Melita
2675 4709 2896 4781 insula),
2930 4723 3053 4765 cum
3101 4708 3293 4778 anguis
3343 4704 3497 4761 Pauli

1909 4817 2127 4857 manum
2168 4803 2639 4873 apprehendisset,
2666 4801 2984 4872 jactarunt:
3029 4816 3048 4850 ι
3086 4796 3282 4868 Utique
3317 4795 3497 4852 homi-

1908 4893 2028 4948 cida
2063 4902 2147 4949 est
2171 4894 2258 4950 hic
2283 4894 2445 4949 homo
2474 4913 2489 4950 :
2547 4894 2638 4964 qni
2670 4909 2794 4973 cum
2819 4891 3054 4947 evaserit
3096 4904 3126 4945 e
3173 4887 3333 4954 mari,
3365 4885 3501 4942 ultio

1911 5001 2016 5040 non
2051 4987 2181 5042 sinit
2211 5000 2333 5042 cum
2367 4988 2549 5043 vivere
2579 4987 2642 5040 ⁸⁸.
2687 5005 2707 5038 s

2267 5077 2543 5134 CCLXXI.
2563 5109 2632 5121 -~
2657 5073 3123 5132 TIIEOGNOSTO

226 5166 456 5232 Divitiw,
488 5168 672 5232 honor,
697 5176 744 5221 et
783 5169 1066 5236 prudentia
1101 5168 1353 5232 Immone,
1380 5169 1755 5289 caduralsgnt,
1791 5168 2254 5292 itleoququgtrsmt
2288 5170 2394 5226 Deo
2432 5172 2714 5240 conﬁdere.
2749 5168 2929 5239 (Cant.
2957 5169 3109 5238 epist.
3155 5169 3212 5234 5,
3235 5166 3304 5224 50
3327 5178 3372 5221 et
3406 5166 3498 5233 58,

1525 5247 1572 5289 et
1620 5253 1635 5290 ι
1678 5277 1690 5290 .
1726 5253 1786 5291 m
1824 5241 1975 5292 enist.
2008 5262 2075 5292 ..δ
2115 5252 2156 5292 .t

1525 5247 1572 5289 et
1598 5241 1690 5290 lib.
1726 5253 1786 5291 ιιι
1824 5241 1975 5307 epist.
2003 5241 2156 5310 9.50.)

297 5349 487 5412 Οὐδὲν,
519 5340 564 5401 ὦ
607 5347 902 5417 θαυμάσιε,
945 5349 973 5399 ὁ
1011 5345 1265 5410 πλοῦτος,
1299 5345 1402 5399 κᾶν
1448 5345 1612 5409 πολὺς
1713 5346 1805 5399 καὶ

227 5439 493 5496 πάντοθεν
520 5439 786 5510 ἐπιρρέῃο
829 5438 977 5491 οὐδὲν
1018 5438 1078 5493 τὸ
1121 5436 1361 5508 ἀξίωμα,
1389 5436 1491 5490 κᾶν
1525 5436 1802 5507 βασιλικὸν

302 5596 346 5626 *⁸
377 5593 542 5650 ICor.
581 5605 655 5656 xl,
689 5589 778 5645 39..
869 5589 912 5619 "
939 5587 1040 5644 Joh
1077 5603 1271 5654 xxxtn,
1300 5588 1387 5644 δὲ.
1467 5590 1509 5621 ⁸⁷
1543 5589 1674 5644 ibid.

1987 5348 2218 5412 Divitia‘,
2256 5349 2339 5402 \‘ir
2375 5350 2714 5416 admirando,
2768 5348 2868 5404 etsi
2922 5346 3128 5412 multae,
3160 5353 3214 5402 et
3257 5344 3498 5415 undique

1911 5436 2212 5504 uillucntes,
2252 5440 2384 5494 nihil
2418 5451 2559 5505 sunt,
2598 5455 2772 5510 noque
2805 5440 3060 5508 dignitas,
3095 5453 3162 5495 ue
3208 5438 3354 5509 regia
3383 5436 3506 5510 qni-

1751 5592 1794 5620 ⁸⁸
1820 5590 1938 5647 Act.
1980 5607 2184 5655 xxrttt;
2208 5595 2259 5649 4.

1330 5706 1566 5762 VARUS
1605 5707 1989 5764 LECTIONE-‘i
2031 5709 2115 5764 ΕΤ
2162 5711 2394 5767 ΝΟΤΑῧ.

302 5844 416 5919 (75)
449 5843 548 5902 l‘ro
571 5843 598 5897 ὁ
629 5842 739 5915 ἔχις
770 5843 925 5900 amlm
949 5840 1102 5899 codd.
1132 5841 1329 5899 habent
1365 5843 1394 5914 ἡ
1423 5843 1554 5908 ἠύς.
1594 5842 1800 5901 Ροκξικ.
