4122 6490
711 402 844 472 1499

1919 400 1978 461 5.
2019 397 2311 460 ISIDORI
2347 395 2784 458 PELUSIOTE.

3781 141 3814 166 ’.’
3837 137 3840 138 ⁷
3867 137 3946 168 τίὲν-ζ
3967 137 3984 172 Ξ

707 518 779 574 sb
800 516 1045 574 omnibus
1073 517 1241 570 honos
1267 511 1640 570 sacerdotibus
1671 509 1910 575 habitus,
1934 509 2101 582 644
2138 524 2276 565 nunc

2379 509 2661 578 προγόνων
2691 504 2987 577 εἰλικρινὴς
3011 499 3146 576 τιμὴ
3181 463 3332 574 παρὰ
3360 497 3580 576 πάντων
3603 494 3720 560 τοῖς
3743 481 3928 566 ἐσήμ-

707 621 838 664 vero
859 604 1136 678 prudentia
1160 604 1301 674 pleni
1325 602 1570 658 homines
1599 610 1783 671 aperte
1818 616 1912 658 eos
1973 601 2268 670 reprehen-

709 699 859 754 dant.
888 695 999 750 Alii
1041 709 1226 750 coram
1265 693 1480 764 quidem
1527 699 1863 757 reverentur,
1901 691 2114 746 occulte
2143 703 2269 744 vero

709 786 1086 842 criminantur.
1119 784 1188 840 Et
1215 783 1303 839 alii
1342 784 1558 853 quidem
1591 780 1827 850 fugiunt,
1859 781 1948 836 alii
1988 794 2115 836 vero
2141 779 2270 849 ipsis

707 859 1127 940 sdhlandientes,
1173 888 1279 943 quo
1309 872 1484 926 moliri
1526 871 1630 926 illis
1657 872 1879 928 insidias
1927 880 2145 942 queant,
2177 870 2273 925 ob-

709 974 960 1020 trectant.
987 963 1181 1020 Verum
1207 963 1258 1018 id
1282 977 1380 1033 ego
1403 961 1536 1017 nihil
1560 961 1747 1021 miror.
1765 962 1897 1016 Cum
1918 963 2061 1016 enim
2082 961 2269 1016 eadem

707 1069 830 1109 cum
867 1054 998 1122 ipsis
1031 1068 1136 1108 non
1176 1062 1360 1123 agant,
1387 1067 1487 1107 nec
1517 1053 1702 1106 eadem
1736 1051 1897 1106 etiam
1928 1064 2272 1120 consequun-

710 1153 799 1198 tur
828 1163 842 1200 :
869 1144 962 1199 sed
989 1143 1097 1198 illis
1133 1143 1408 1198 contraria
1462 1143 1763 1207 molientes,
1802 1141 2074 1196 Contraria
2111 1155 2272 1210 espe-

712 1235 942 1288 riuntur.
978 1232 1175 1288 Contra
1209 1233 1352 1287 enim
1378 1231 1752 1287 admirandum
1788 1237 1953 1293 esset.
1989 1230 2034 1284 si
2064 1230 2153 1299 qui
2189 1229 2272 1283 ni-

709 1325 787 1379 hil
816 1340 912 1393 par
942 1325 1232 1392 majoribus
1263 1333 1444 1393 agant,
1479 1337 1660 1392 parem
1697 1336 1823 1376 cum
1876 1321 1982 1377 illis
2007 1322 2271 1376 honorem

710 1421 1192 1502 consequerentur.
1219 1412 1299 1468 Ab
1331 1412 1759 1502 illismajoribus
1784 1413 1946 1502 etiam
1988 1419 2273 1502 peccantes

709 1513 862 1568 reges
881 1501 1312 1572 castigabantur,
1347 1501 1414 1554 ab
1441 1501 1524 1554 his
1548 1514 1614 1554 ne
1640 1501 1832 1570 privati
1889 1501 2103 1570 quidem
2139 1515 2275 1570 opu-

709 1587 965 1645 lentiores
1008 1587 1306 1658 :quinimo
1364 1590 1409 1645 si
1459 1590 1542 1645 vel
1592 1604 1880 1658 pauperem
1926 1591 2159 1660 aliquem
2207 1590 2275 1646 ad

710 1677 918 1749 frugem
974 1680 1252 1736 meliorem
1301 1665 1558 1736 revocare
1590 1683 1942 1747 contendant,
1988 1681 2276 1736 exsibilan-

712 1777 821 1835 tur,
869 1778 922 1824 ut
961 1772 1051 1840 qui
1091 1771 1283 1825 iisdem
1334 1771 1476 1840 saepe
1535 1772 1681 1826 vitiis
1727 1772 1864 1839 capti
1897 1781 2167 1834 tenentur,
2205 1771 2274 1826 ob

2373 601 2556 670 μένοις
2603 599 2706 669 τὴν
2762 597 3059 668 ἱερωσύνην
3137 593 3460 664 asseverasse,
3520 588 3618 643 νῦν
3658 585 3720 642 δι
3751 583 3804 642 σι
3831 583 3928 656 μιν

2371 691 2714 762 φρονήματος
2763 687 3166 759 ἐμπλησθέντες
3227 683 3474 755 φανερῶς
3526 681 3727 744 αὐτοὺς
3781 694 3930 748 war

2370 779 2623 850 ῳδοῦσιν·
2652 779 2700 832 οί
2729 777 2787 832 δέ
2824 778 2964 832 κατὰ
3013 777 3300 850 πρόσωπον
3332 772 3629 838 αἰδοῦνται,
3664 769 3835 841 λάθρα
3875 768 3931 823 δὲ

2373 869 2676 936 κακίζουσι.
2719 868 2830 924 Καὶ
2856 868 2906 921 oi
2940 868 3039 938 μὲν
3069 865 3378 936 φεύγουσιν,
3408 868 3456 919 oi.
3476 864 3534 917 δὲ
3557 864 3738 916 καίτοι
3776 861 3931 914 κολα-

2373 957 2623 1020 κεύοντες
2653 956 2870 1017 αὐτοὺς,
2917 953 3006 1008 διὰ
3034 953 3096 1006 τὸ
3120 953 3217 1006 καὶ
3244 950 3616 1006 ἐπιϐουλεύειν
3653 947 3929 1010 δύνασθαι,

2371 1043 2735 1116 διασύρουσιν.
2800 1041 2940 1110 Ἐγὼ
2973 1041 3042 1117 ,δὲ
3085 1042 3145 1094 οὐ
3188 1039 3344 1094 τοῦτο
3397 1037 3684 1110 θαυμάζω.
3722 1037 3796 1089 οὐ
3829 1037 3931 1104 γάρ

2372 1134 2440 1188 τὰ
2469 1135 2608 1188 αὐτὰ
2644 1131 2873 1195 ἐκείνοις
2911 1131 3241 1204 πράττοντες
3282 1129 3389 1182 τῶν
3427 1129 3604 1182 αὐτῶν
3639 1125 3935 1194 ού-τυγχάο

2373 1241 2574 1290 νουσιν,
2605 1223 2744 1278 ἀλλὰ
2787 1223 3048 1279 τάναντία
3092 1221 3320 1285 ἐκείνοις
3371 1218 3804 1288 ἐπιτηδεύοντες,
3827 1216 3933 1269 τῶν

2375 1316 2629 1369 ἐναντίων
2666 1314 2986 1384 πειρῶνται.
3036 1313 3357 1366 Τούναντίον
3381 1313 3486 1383 γάρ
3519 1310 3583 1363 ἂν
3638 1306 3704 1380 ἦν
3732 1310 3938 1377 θαυμα-

2376 1409 2517 1474 στὸν,
2543 1410 2590 1461 εί
2617 1408 2781 1478 μηδὲν
2804 1405 3080 1470 ποιοῦντες
3097 1404 3206 1458 τῶν
3222 1405 3497 1475 προγόνων
3521 1404 3658 1467 ίσον,
3679 1403 3771 1455 καὶ
3795 1399 3935 1472 [τῆς]

2373 1501 2542 1570 αὐτῆς
2568 1497 2735 1568 τιμῆς
2763 1497 2991 1560 ἐκείνοις
3010 1495 3326 1566 ἐτύγχανον.
3372 1493 3497 1548 Ἐπὶ
3528 1493 3628 1563 μὲν
3653 1491 3764 1562 γὰρ
3789 1491 3936 1544 ἐκεί-

2373 1607 2478 1644 νων
2518 1590 2612 1643 καὶ
2656 1587 2906 1661 βασιλεῖς
2959 1585 3242 1649 πταίοντες
3289 1583 3736 1654 ἐσωφρονίζοντο,
3772 1583 3863 1633 ἐπὶ
3885 1579 3939 1632 δὲ

2372 1679 2577 1733 τούτων
2620 1678 2740 1731 οὐδὲ
2775 1676 2980 1731 ίδιῶται
3029 1673 3275 1729 πλούσιοι
3304 1691 3317 1705 ·
3368 1674 3473 1727 κᾶν
3508 1671 3838 1744 σωφρονίσαι
3885 1670 3940 1722 δέ

2375 1789 2500 1827 τινα
2536 1772 2748 1840 πένητα
2798 1769 3240 1840 ἐπιχειρήσωσιν,
3292 1766 3661 1831 ὀνειδίζονται,
3723 1763 3800 1826 ὡς
3848 1762 3944 1815 ἐπὶ

709 1875 829 1930 qua
854 1861 988 1916 alios
1032 1865 1231 1916 audent
1278 1861 1695 1929 reprehendere.
1746 1861 2105 1927 Quamobrem
2143 1861 2270 1916 olim

2380 1867 2492 1927 τοῖς
2567 1863 2750 1924 αὐτοῖς
2808 1859 3023 1922 ἁλόντες
3074 1857 3359 1922 πολλάκις,
3420 1858 3505 1925 ἐφ’
3559 1853 3640 1919 οἷς
3700 1854 3944 1915 ἐκείνους

709 1951 962 2008 sacerdos
987 1952 1180 2021 populo
1203 1964 1318 2007 erat
1344 1952 1738 2018 formidabilis;
1780 1967 1920 2007 nunc
1961 1963 2144 2009 contra
2177 1970 2276 2022 po-

712 2040 866 2112 pulus
899 2043 1094 2098 terrori
1129 2052 1211 2098 est
1243 2044 1532 2098 sacerdoti.

892 2165 1214 2222 CCLXXIX.
1241 2197 1313 2208 —
1344 2163 1710 2224 HERACLIDI
1739 2168 2088 2226 EPISCOPO.

2385 1951 2712 2024 σωφρονίσαι
2753 1949 3139 2021 τετολμήκασι.
3180 1949 3380 2020 Διόπερ
3432 1946 3621 2019 πρώην
3672 1947 3772 2017 μὲν
3821 1941 3947 2015 ἦνό

2328 2115 2330 2118 ν
2386 2041 2564 2113 ἱερεὺς
2595 2040 2670 2112 τῷ
2703 2039 2815 2104 λαῷ
2850 2039 3100 2112 φοϐερὸς,
3137 2038 3232 2094 νῦν
3257 2038 3313 2092 δέ
3345 2040 3374 2092 ὸ
3416 2038 3543 2100 λαὸς
3567 2036 3644 2108 τῷ
3682 2037 3836 2108 ίερεῖ.

2618 2169 2781 2223 Συεγ.
2818 2198 2890 2209 -
2917 2147 3319 2238 anausim
3346 2163 3714 2234 ΕΠῙΣΚΟΠῼ.

1517 2261 1774 2315 Blandius
1801 2263 2079 2332 agendum,
2107 2278 2250 2317 more
2287 2261 2496 2328 medici,
2519 2261 2576 2315 in
2609 2259 2815 2316 delictis
2847 2259 3143 2328 puniendis.

783 2363 1031 2434 ﬂagnum
1065 2366 1306 2435 profecto
1354 2367 1611 2423 delictum
1651 2378 1756 2435 est,
1799 2371 1958 2424 venia
1992 2380 2169 2425 tamen
2199 2369 2279 2424 di-

715 2470 900 2523 gnum.
929 2455 1255 2526 Castiganda
1306 2457 1488 2527 itaque
1520 2458 1767 2521 audacia,
1811 2459 2086 2528 animique
2108 2459 2278 2514 conli-

715 2546 914 2610 dentia,
943 2548 1116 2600 danda
1157 2545 1502 2602 nihilominus
1526 2548 1700 2603 venia.
1726 2547 1975 2603 Fortasse
2023 2549 2166 2603 enim
2211 2549 2278 2603 ad

714 2637 1140 2691 emendationem
1166 2636 1535 2707 medelamque
1573 2638 1742 2693 tendit
1783 2639 2022 2694 morbus.
2053 2637 2280 2707 Quando

716 2735 772 2781 et
825 2727 1256 2795 praestantissimi
1312 2728 1673 2794 medici,cum
1729 2729 1895 2784 multa
1939 2731 2019 2786 eis
2059 2731 2282 2787 vulnera

719 2816 1176 2887 rgritudinesque
1204 2832 1325 2874 sese
1354 2817 1606 2883 offerunt,
1650 2834 1756 2874 non
1801 2829 2003 2873 tantam
2033 2821 2286 2876 adhibent

718 2923 926 2971 curam,
949 2918 1206 2976 quantum
1234 2923 1445 2964 summa
1475 2923 1564 2964 ars
1585 2911 1851 2980 exposcit,
1887 2911 1981 2966 sed
2022 2921 2284 2980 quantum

722 2998 901 3054 ferunt
925 3000 1221 3055 laborantis
1250 3003 1413 3066 vires,
1454 3016 1522 3056 ne
1565 3002 1690 3055 dum
1728 3003 1946 3056 vulnera
1975 3016 2170 3058 curare
2205 3003 2284 3057 ni-

721 3098 927 3158 tuutur,
960 3100 1309 3162 aegrotantem
1351 3107 1382 3144 e
1413 3093 1588 3146 medio
1613 3093 1820 3146 tollant.

1159 3199 1456 3255 CCLXXX.
1489 3231 1555 3240 —
1587 3201 1834 3257 PETRO.

2453 2368 2616 2438 Μέγα
2663 2367 2763 2440 μὲν
2814 2367 2978 2432 δντως
3029 2365 3091 2418 τὸ
3143 2366 3413 2437 πταῖσμα,
3459 2364 3571 2419 ἀλλ’
3607 2363 3669 2417 οὐ
3702 2360 3954 2430 συγγνώο

2388 2477 2494 2531 μης
2516 2458 2698 2528 μεῖζον
2717 2475 2730 2490 ·
2755 2457 2832 2512 διὸ
2856 2457 2962 2529 χρὴ
3008 2456 3234 2510 κολάσαι
3266 2456 3363 2526 μὲν
3391 2454 3488 2526 τὴν
3515 2453 3783 2523 ἐτοιμίαν,
3818 2467 3955 2517 συγ-

2384 2551 2608 2622 γνώμην
2635 2549 2693 2604 δέ
2727 2550 2928 2618 νεῖμαι.
2968 2548 3121 2619 Τάχα
3153 2564 3272 2612 πως
3293 2547 3385 2599 ἐπὶ
3414 2544 3708 2617 θεραπείαν
3739 2541 3952 2596 ὁδεύσει

2383 2643 2444 2698 τδ
2468 2640 2641 2706 πάθος
2661 2656 2675 2672 ο
2703 2640 2826 2694 ἐπεὶ
2854 2640 2950 2693 καὶ
2994 2639 3044 2692 oi
3076 2637 3190 2692 τῶν
3214 2637 3414 2707 ίατρῶν
3444 2635 3676 2705 ἄριστοι,
3719 2634 3847 2685 ὅταν
3870 2647 3956 2692 τις

2380 2733 2552 2788 πολλὰ
2583 2731 2910 2802 περικέηται
2941 2728 3255 2799 τραύματα,
3292 2727 3354 2780 οὺ
3377 2723 3647 2795 τοσαύτην
3689 2723 3956 2790 ἐπάγουσι

2381 2823 2704 2895 θεραπείαν,
2742 2824 2874 2894 ὅσην
2929 2821 3152 2875 ἀπαιτεῖ
3194 2818 3294 2889 τῆς
3345 2816 3540 2889 τέχνης
3592 2817 3626 2886 ἡ
3672 2813 3955 2884 ἀκρίϐεια,

2380 2916 2494 2970 ἀλλ’
2524 2915 2655 2984 ὅσην
2683 2912 2838 2983 φέρει
2859 2910 2955 2965 τοῦ
2991 2909 3291 2981 κάμνοντος
3322 2910 3356 2979 ἠ
3384 2907 3629 2977 δύναμις,
3664 2905 3751 2958 ἵνα
3792 2903 3866 2974 μὴ
3885 2903 3958 2956 τά

2381 3006 2672 3078 τραύματα
2713 3003 3168 3073 θεραπεύσαντες,
3231 3001 3323 3055 τὸν
3391 3000 3668 3071 κάμνοντα
3719 2996 3957 3068 διαφθεί-

2392 3113 2574 3168 ρωσιν.

2920 3202 3044 3255 ΣΙΡ.
3073 3231 3139 3244 -
3163 3201 3408 3272 narro.

718 3291 923 3346 Bonum
971 3308 1065 3360 pro
1096 3293 1232 3346 malo
1278 3292 1600 3364 rependendo
1631 3295 1804 3362 gratia
1851 3295 2043 3359 initur;
2073 3311 2120 3419 (S
2123 3294 2197 3349 sic
2219 3269 2464 3378 carbones
2473 3298 2628 3436 algu)“
2656 3311 2898 3366 congeres
2936 3311 3094 3364 supra
3124 3304 3278 3363 caput
3301 3269 3435 3362 ejus.
3461 3311 3478 3344 ι
3508 3289 3686 3362 (Rom.
3734 3305 3833 3354 stt,
3863 3289 3954 3346 30.

2127 3380 2242 3433 apr.
2278 3379 2430 3435 epist.
2550 3408 2564 3422 .

2127 3380 2242 3433 apr.
2278 3379 2430 3435 epist.
2473 3379 2564 3422 26.

789 3469 900 3528 Etsi
931 3480 1115 3526 notum
1138 3471 1387 3526 omnibus
1409 3469 1624 3527 exsistit
1657 3471 1910 3527 amentiae
1951 3487 2103 3527 reum
2128 3481 2292 3540 atque

715 3561 838 3617 odio
865 3562 1071 3617 ebrium
1102 3563 1470 3617 adversarium
1500 3576 1623 3617 csse
1648 3570 1820 3629 tuum,
1849 3562 1936 3617 illa
1967 3571 2143 3617 tamen
2158 3562 2292 3617 effu-

719 3652 784 3704 tit
813 3665 935 3720 qua:
966 3653 1009 3706 si
1044 3660 1237 3721 potens
1272 3660 1414 3706 esset
1459 3660 1868 3721 exsequeretur.
1910 3651 2102 3705 Verum
2135 3667 2204 3707 ne
2238 3651 2288 3705 id

717 3749 770 3796 te
804 3744 1002 3810 turbet,
1034 3758 1208 3813 neque
1240 3742 1437 3798 bellum
1461 3742 1726 3812 suscipito
1757 3741 2133 3810 implacabile;
2160 3742 2287 3811 quin

715 3835 893 3902 potius
931 3837 1064 3891 bene
1099 3835 1353 3891 merendo
1395 3837 1570 3906 ipsum
1619 3819 1909 3890 invertere.
1931 3835 2108 3890 stude.
2170 3836 2281 3891 Etsi

715 3930 856 3983 enim
903 3927 1016 3982 fera
1046 3935 1188 3982 esset
1212 3926 1468 3995 omnique
1495 3926 1682 3982 durior
1709 3937 1882 3998 petra,
1915 3937 2088 3983 tamen
2124 3929 2286 3984 bene-

719 4021 839 4077 ticio
872 4021 1043 4076 victus
1079 4029 1191 4085 tuo,
1217 4020 1401 4075 odium
1428 4029 1610 4090 ponet.

960 4211 1285 4269 CCLXXXI.
1319 4243 1388 4254 --
1421 4212 1648 4268 PETRO
1679 4211 2028 4270 MONACIIO.

2461 3475 2524 3528 Ei
2571 3476 2668 3529 καὶ
2719 3476 2852 3529 πᾶσι
2908 3473 3064 3545 δῆλόν
3113 3475 3281 3537 ἐστιν,
3333 3472 3415 3526 ὅτι
3470 3471 3657 3526 ἄνοιαν
3690 3470 3957 3539 ὀφλισκά-

2388 3583 2493 3620 νων
2516 3566 2648 3637 (79),
2677 3566 2772 3619 καὶ
2800 3566 2906 3620 ὑπὸ
2937 3566 3034 3635 τῆς
3057 3561 3503 3635 ἔχθρας-μεθύων
3535 3562 3563 3614 ὁ
3586 3560 3677 3624 ob;
3699 3559 3958 3624 διάδικος,

2385 3659 2534 3727 ὅμως
2584 3657 2803 3711 ἐκλαλεῖ
2829 3655 3020 3721 ταῦτα,
3069 3654 3104 3708 ἃ
3131 3653 3380 3724 δυνηθεὶς
3418 3651 3634 3718 πράξει.
3697 3651 3859 3705 Ἀλλά
3899 3667 3958 3704 σε

2383 3747 2544 3801 τοῦτο
2581 3747 2654 3819 μὴ
2683 3747 3024 3817 ταραττέτω,
3061 3746 3194 3816 μηδὲ
3221 3746 3301 3808 είς
3339 3745 3400 3797 τδ
3425 3743 3779 3798 ἀδιάλλακτον
3810 3761 3952 3816 χειρ-

2388 3837 2693 3906 αγωγείτω,
2736 3836 2869 3889 ἀλλὰ
2896 3837 2987 3889 καὶ
3013 3836 3093 3898 εἰς
3137 3835 3196 3888 τὸ
3225 3831 3284 3889 εὖ
3321 3836 3492 3888 ποιεῖν
3521 3834 3683 3887 αὐτὸν
3727 3851 3957 3904 προτρε-

2391 3928 2595 3982 πέσθω.
2643 3929 2705 3981 El
2739 3927 2845 3998 γὰρ
2891 3926 3078 3999 θηρίον
3119 3925 3226 3998 εἴη,
3262 3926 3359 3979 καὶ
3404 3925 3600 3989 παντὸς
3627 3924 3779 3978 λίθου
3809 3927 3960 3978 ἀναι-

2383 4019 2723 4091 σθητὸτερος,
2769 4016 2885 4070 ἀλλ’
2941 4018 3089 4088 ὅμως
3134 4014 3402 4079 αἰδεσθεὶς
3450 4014 3546 4087 τὴν
3602 4016 3953 4084 εὐεργεσίαν,

2381 4111 2670 4165 κατάθοιτο
2699 4109 2798 4176 τὴν
2825 4107 3047 4181 ἔχθραν.

2586 4219 2756 4273 ΣΠΑ’.
2790 4247 2858 4258 -
2901 4215 3128 4288 ΠΕΤΡῼ
3152 4216 3263 4286 (80)
3301 4216 3732 4270 ΜΟΝᾹΖΟΝΤΙ.

717 4319 1006 4390 Scriptum
1039 4321 1208 4374 oratio
1259 4318 1494 4385 humilis,
1526 4319 1616 4396 sed
1666 4335 1820 4396 mens
1850 4320 2110 4396 profunda
2146 4337 2164 4376 :
2208 4323 2438 4396 humana
2487 4337 2662 4380 autem
2697 4325 2956 4396 sapientia
2994 4325 3136 4379 culta
3168 4324 3351 4388 verbis,
3387 4339 3539 4381 sensu
3573 4342 3747 4381 cassa.
3782 4330 3956 4393 Quare

1587 4389 1719 4442 Itane
1742 4388 1838 4456 illi,
1864 4399 1916 4442 ut
1936 4391 2180 4444 ancillam
2204 4391 2460 4460 duminw,
2487 4397 2734 4451 inservire
2755 4388 2960 4465 a'quunt
2979 4406 3075 4453 est.

788 4515 990 4570 Divinte
1017 4515 1373 4587 philosophia:
1411 4519 1586 4573 oratio
1631 4519 1684 4573 in
1712 4519 1885 4574 sacris
1917 4519 2144 4576 Litteris
2179 4522 2278 4576 hu-

2457 4525 2564 4596 Τῆς
2595 4525 2743 4590 θείας
2775 4526 3025 4597 σοιρίαςή
3069 4527 3165 4597 μὲν
3213 4526 3357 4593 λέξις
3396 4527 3558 4597 πεζὴ,
3603 4527 3635 4598 ἡ
3691 4527 3864 4580 ἔννοια
3900 4526 3954 4580 δὲ

721 4605 860 4661 milis
913 4607 1128 4676 quidem
1152 4616 1257 4674 est,
1295 4623 1487 4664 sensus
1524 4622 1653 4663 vero
1689 4610 1961 4676 sublimis,
2012 4612 2280 4682 planeque

2385 4615 2768 4687 οὐρανομήκης
2793 4633 2806 4648 ·
2843 4615 2945 4686 τῆς
2973 4616 3030 4669 δὲ
3052 4615 3250 4682 ἔξωθεν
3267 4616 3496 4688 λαμπρά
3520 4616 3618 4686 μὲν
3661 4618 3691 4686 ἡ
3729 4617 3952 4686 φράσις,

719 4695 980 4753 οωιοειὶε.
1022 4697 1386 4752 Externorum
1447 4713 1579 4752 sane
1634 4701 1962 4768 scriptorum
2011 4702 2286 4771 splendida

2385 4705 2725 4778 χαμαιπετὴς
2758 4705 2869 4777 δὲή
2903 4708 3121 4778 πρᾶξις,
3166 4706 3226 4759 Εί
3249 4707 3305 4760 δέ
3328 4724 3411 4772 τις
3443 4706 3701 4778 δυνηθείη
3725 4707 3826 4776 τῆς
3856 4705 3952 4775 μὲν

717 4797 800 4844 est
825 4788 1019 4855 oratio,
1064 4803 1148 4844 res
1176 4802 1304 4844 vero
1342 4789 1485 4844 humi
1522 4788 1675 4858 repit.
1719 4790 1772 4844 Si
1805 4791 1924 4860 quis
1957 4793 2119 4861 igitur
2147 4795 2288 4849 illius

2386 4799 2528 4868 ἔχειν
2555 4799 2653 4869 τὴν
2685 4798 2913 4862 ἔννοιαν,
2937 4798 3034 4867 τῆς
3059 4797 3114 4849 δὲ
3151 4797 3249 4867 τὴν
3282 4799 3501 4870 φράσιν,
3550 4795 3854 4866 σοφώτατος
3891 4795 3952 4847 ἃν

719 4878 893 4938 valeat
920 4881 1178 4950 consequi
1203 4896 1419 4944 sensus,
1460 4880 1618 4950 hujus
1666 4896 1792 4935 vero
1832 4883 2041 4938 dicendi
2069 4885 2284 4953 elegan-

2387 4887 2608 4949 δικαίως
2669 4884 2916 4957 κριθείηο
2968 4884 3190 4938 δύναται
3235 4884 3343 4954 γάρ
3399 4883 3629 4956 ὄργανον
3670 4879 3808 4936 εἶναι
3856 4882 3952 4950 τῆς

720 4971 975 5038 tiam,n:e
1019 4972 1110 5027 ille
1155 4971 1585 5040 sapientissimus
1628 4973 1913 5028 habeatur.
1963 4975 2287 5046 Eloquentia

2391 4977 2762 5048 ὑπερκοσμίου
2799 4974 3046 5046 σοφίαςή
3081 4975 3402 5042 εύγλωττία,
3438 4978 3484 5028 εί
3510 4973 3763 5044 καθάπερ
3802 4971 3952 5041 σῶμα

719 5063 859 5117 enim
892 5065 1305 5120 instrumentum
1336 5077 1454 5118 esse
1477 5072 1642 5132 queat
1671 5065 1907 5119 caelestis
1932 5067 2199 5129 scientiis,
2230 5069 2274 5123 si

2390 5072 2532 5141 ψυχῇ
2575 5070 2877 5136 ύποκέοιτο,
2909 5068 2943 5140 ἢ
2978 5066 3165 5137 ὥσπερ
3197 5066 3336 5138 λύρα
3365 5065 3608 5138 λυρῳδῷ,
3666 5065 3830 5136 μηδὲν
3860 5063 3951 5134 μὲν

719 5155 769 5210 ei
800 5163 857 5209 ut
878 5156 1071 5211 anima:
1113 5168 1308 5222 corpus
1342 5153 1692 5224 subjiciatur,
1723 5163 1776 5209 ct
1806 5167 1863 5209 ut
1912 5155 2021 5227 lyra
2067 5158 2284 5230 lyristm,

2391 5158 2597 5210 οἴκοθεν
2625 5156 3021 5228 καινοτομοῦσα
3063 5154 3345 5228 νεώτερον,
3392 5154 3775 5228 ἐρμηνεύουσα
3803 5153 3858 5207 δὲ
3889 5153 3950 5205 τα

718 5243 881 5318 845
912 5246 1044 5301 nihil
1099 5247 1314 5316 quidem
1353 5246 1600 5317 privatim
1665 5245 1947 5313 innovatis,
1982 5251 2074 5303 sed
2125 5251 2289 5304 inter-

2394 5250 2738 5322 οὐρανομήκη
2777 5248 2996 5320 ἐκείνης
3025 5250 3296 5319 νοήματα’
3327 5251 3373 5303 εί
3397 5249 3442 5302 δ’
3488 5249 3835 5320 ἀντιστρέφοι
3861 5246 3950 5317 τὴν

1859 5403 2087 5457 νΑιιιιΕ
2129 5401 2505 5456 LECTIONES
2547 5402 2632 5466 ET
2674 5401 2902 5458 NCT/1'3.

791 5555 902 5630 (79)
938 5556 1401 5630 Dgtnoslltenicnut
1440 5572 1540 5617 est.
1577 5562 1874 5630 παράνοιαν
1914 5561 2275 5630 ὀφλισκάνειν.

2391 5563 2490 5614 rint
2515 5562 2746 5615 homines
2769 5563 2822 5614 iu
2856 5577 3157 5630 unoquoque
3187 5561 3409 5614 horum?
3437 5560 3675 5616 Scun'rr.

722 5613 858 5700 orat.
886 5613 943 5700 in
977 5625 1334 5700 Timocratem
1370 5646 1381 5682 :
1577 5613 1806 5685 ἑκάστου
1840 5613 2041 5683 τούτων
2089 5613 2281 5700 ἡλίκην

2452 5632 2562 5702 (80)
2594 5632 2705 5703 Non
2734 5631 2945 5703 ﬂiam)
2991 5629 3082 5687 sed
3119 5631 3308 5703 Πρίμῳ
3350 5632 3486 5686 hanc
3533 5630 3780 5686 inscribit
3819 5629 3948 5688 cod.

726 5695 791 5770 ᾷν
814 5695 1122 5770 ὠφληκότες
1166 5701 1470 5769 παράνοιαν
1505 5698 1625 5770 ἦτε·
1675 5701 1897 5765 Quaan
1952 5695 2174 5755 ίηιηηὲιι»
2221 5695 2282 5751 ab

2389 5695 2554 5757 Vatini
2581 5702 2702 5758 650.
2732 5695 2935 5757 Possis.

725 5763 1013 5820 hominibus
1044 5763 1447 5833 damnaremini,
1488 5763 1603 5824 cum
1642 5763 1870 5837 desipere
1903 5789 1986 5825 ros
2016 5771 2283 5838 jndirnt'c-
