4122 6436
202 395 340 465 1501
1047 397 1589 459 EPISTOLARUM
1629 398 1778 459 LIB.
1821 401 1830 419 ‘

1858 403 1890 462 '.
1927 425 1995 435 -
2022 399 2264 464 EPIST.
2301 399 2673 462 CCLXXXV.
3350 395 3486 464 1502

184 512 371 578 ⁴τάξιν,
405 510 500 564 καὶ
535 508 810 563 δουλεύειν
838 507 1154 578 ὀφείλουσα,
1187 509 1466 580 ⁴ἡγείσθαι,
1500 508 1700 579 μᾶλλον
1726 510 1783 562 δὲ

1857 519 2115 579 ,pretans
2139 509 2282 565 illius
2306 510 2695 565 meditationes
2755 527 2767 562 :
2807 508 2889 563 siu
2937 508 3183 564 ordinem
3229 510 3370 565 hunc
3399 513 3485 566 in—

183 603 479 674 τυραννείν
501 603 591 656 οἶα
623 619 682 654 τε
722 596 863 654 εἶναι
898 602 1130 671 νομίζοι,
1197 598 1685 670 ἐξοστρακισθῆναι
1716 600 1782 653 ἂν

1893 612 2090 668 vertat,
2129 613 2183 657 et
2223 617 2346 656 cum
2391 602 2587 656 debeat
2637 601 2866 668 servire,
2920 615 3112 670 regere.
3169 610 3261 655 aut
3305 604 3486 670 potius

182 692 277 764 εἴη
313 694 518 750 δικαία.

1891 694 2162 764 imperare
2203 693 2340 758 vult,
2397 708 2612 762 aequum
2647 702 2732 746 est
2768 703 2826 746 ut
2859 693 3184 762 expellatur.

550 817 718 872 mea
748 845 820 857 -
850 818 1076 890 Bonan
1109 821 1423 893 ΜΟΝΑΧῼ.
2139 820 2178 876 c

2139 817 2492 876 CCLXXXII.
2528 852 2597 860 —
2637 817 2863 875 BOETO
2897 817 3253 876 MONACHO.

759 933 860 988 Dei
897 935 1161 991 voluntate
1183 939 1318 1008 justi
1343 941 1396 992 in
1433 941 1629 994 mundo
1652 956 1787 1010 stupe
1815 939 2136 1010 aﬁliguutur.
2165 935 2404 1008 (Confer.
2443 938 2596 1006 epist.
2636 937 2669 991 6
2699 945 2748 990 et
2779 936 2892 1006 86.)

257 1063 351 1134 Μὴ
384 1061 688 1133 θορυὸείτω
715 1082 775 1118 σε
799 1065 863 1117 τὸ
887 1067 1119 1131 πολλοὺς
1143 1067 1253 1120 τῶν
1275 1069 1583 1139 φιλαρέτων
1608 1072 1779 1142 μυρία

1958 1069 2102 1124 Cave
2125 1068 2414 1124 conturbet
2448 1077 2500 1122 te
2530 1067 2673 1136 quod
2717 1066 2870 1120 multi
2911 1065 3064 1136 probi
3101 1064 3240 1119 mala
3274 1064 3479 1120 inﬁnita

177 1154 424 1208 ἐνταῦθα
481 1156 714 1226 πάσχειν
769 1157 940 1224 δεινὰ,
1001 1158 1118 1212 ἀλλ’
1170 1160 1250 1223 είς
1292 1160 1501 1214 ἔννοιαν
1555 1162 1774 1231 ἀγέτω,

1886 1162 2196 1231 patiantur;
2233 1160 2326 1216 sed
2371 1159 2424 1213 iu
2463 1170 2700 1214 mentem
2737 1173 2928 1214 revoca
2953 1199 2966 1225 ,
3002 1159 3144 1212 idem
3186 1158 3350 1211 etiam
3391 1172 3478 1212 re-

176 1246 265 1300 δτι
294 1248 391 1301 καὶ
419 1250 467 1301 οί
517 1248 628 1302 τῶν
667 1251 760 1302 ἐπὶ
794 1249 900 1320 γῆς
952 1250 1218 1321 βασιλέων
1266 1253 1428 1321 φίλοι,
1480 1246 1626 1308 οὗτοι
1670 1256 1772 1325 μά-

1884 1266 2008 1321 gum
2040 1251 2234 1306 amicis
2264 1250 2576 1305 usuvenire.
2616 1248 2683 1302 lli
2712 1250 2856 1302 enim
2888 1250 2940 1302 in
2967 1248 3106 1302 bello
3130 1247 3477 1317 potissimum

175 1336 343 1391 λιστα
395 1340 948 1410 παρακινδυνεύουσιν
997 1344 1055 1394 ἐν
1113 1342 1395 1413 πολέμοις,
1457 1345 1551 1396 καὶ⁸
1602 1344 1774 1416 τραύ-

1884 1341 2301 1412 periclitantur,
2343 1342 2730 1410 accipiuntque
2776 1340 3033 1402 vulnera,
3093 1338 3292 1408 quibus
3343 1337 3479 1406 erigi

178 1444 336 1500 ματα
359 1430 560 1502 ἔχουσι,
597 1433 668 1486 δι’
689 1426 762 1486 ὧν
790 1433 857 1486 τὰ
885 1434 1123 1506 τρόπαια
1170 1434 1430 1505 ἔστησαν,
1464 1437 1778 1506 ἀποδημίας

1877 1431 2056 1486 solent
2091 1440 2312 1500 tropaea,
2340 1441 2394 1485 et
2425 1432 2476 1484 in
2509 1430 2838 1499 longinquas
2859 1429 3184 1498 ablegantur
3203 1427 3475 1494 regiones.

178 1534 246 1571 τε
272 1520 494 1590 μακράς
535 1523 865 1577 στέλλονται.
914 1523 976 1576 El
999 1523 1054 1577 δὲ
1079 1525 1140 1578 οὐ
1170 1526 1465 1598 καταδέχῃ,
1494 1527 1664 1580 ἐννόει
1694 1529 1776 1580 ὅτι

1875 1521 2030 1588 Quod
2059 1521 2107 1576 si
2150 1536 2256 1575 non
2291 1521 2466 1590 capis,
2500 1520 2677 1588 cogita
2712 1528 2767 1574 et
2799 1533 2920 1573 esse
2965 1517 3240 1585 justorum
3276 1517 3476 1569 multos

175 1607 291 1661 είσί
319 1626 466 1674 τινες
492 1613 588 1666 καὶ
621 1614 730 1666 τῶν
755 1613 983 1668 δικαίων
1023 1615 1307 1670 κάνταῦθα
1347 1617 1772 1688 εὐημεροῦντες.

1874 1612 2116 1682 perbelle
2151 1613 2239 1667 hic
2273 1620 2496 1681 agentes
2525 1626 2588 1665 ac
2629 1611 2834 1678 quiete.
2893 1608 3081 1677 Itaque
3118 1609 3162 1662 si
3195 1606 3477 1661 oll‘eudant

176 1696 350 1753 Ὥστε
399 1703 449 1755 εί
491 1703 909 1769 σκανδαλίζουσί
946 1723 1029 1770 σε,
1064 1707 1158 1760 άτε
1190 1707 1586 1780 ἀσθενέστερον
1615 1708 1768 1774 ὄντα,

1871 1702 2019 1758 velut
2047 1701 2463 1758 imbecilliorem
2496 1702 2586 1770 qui
2625 1701 2680 1754 in
2718 1700 3114 1754 tentationibns
3183 1708 3332 1761 sunt,
3364 1698 3476 1752 eri-

174 1788 227 1840 οί
280 1789 339 1842 ὲν
380 1795 734 1862 πειρασμοῖς,
770 1795 1228 1865 οἱκοδομείτωσάν
1261 1814 1320 1849 σε
1351 1799 1400 1850 οἱ
1456 1799 1513 1850 ὲν
1564 1798 1769 1852 ἀνέσει.

1870 1805 2001 1866 gant
2031 1796 2306 1866 tranquilli
2337 1814 2351 1850 :
2388 1802 2441 1849 et
2467 1795 2511 1849 si
2571 1792 2848 1848 offendant
2895 1792 2986 1862 qui
3025 1792 3081 1846 in
3117 1790 3378 1844 vitiorum
3411 1789 3478 1843 li-

173 1877 294 1931 Καὶ
323 1881 370 1933 εί
415 1882 828 1948 σκανδαλίζουσί
859 1901 918 1937 σε
944 1887 993 1937 οἱ
1033 1887 1089 1938 ὲν
1128 1886 1312 1939 ἀνέσει
1344 1885 1454 1940 τῶν
1490 1887 1769 1958 πονηρῶν,

1875 1888 2052 1942 centia
2085 1896 2398 1952 versantur,
2425 1886 2718 1942 emendem
2751 1895 2803 1940 te
2832 1885 2922 1955 qui
2969 1883 3145 1954 pinnis
3180 1892 3234 1937 et
3262 1879 3475 1951 suppli-

172 1967 526 2041 ὀρθούτωσάν
567 1989 626 2028 σε
656 1977 705 2028 οί
751 1976 809 2030 ὲν
837 1977 1058 2031 κολάσει
1096 1979 1190 2032 καὶ
1224 1981 1539 2051 τιμωρίαις.

751 1976 809 2030 ὲν
837 1977 1058 2031 κολάσει
1096 1979 1190 2032 καὶ
1224 1981 1539 2051 τιμωρίαις.
1881 1978 1981 2032 ciis
2017 1974 2344 2030 alliciuntur.

390 2103 553 2158 XIII".
601 2135 672 2144 —-
703 2105 1032 2180 ΘΕΟΔΟΣΙῼ
1065 2110 1525 2184 ΣΧΟΛΑΣΤΙΚῼ.
1951 2106 2018 2163 C(

1951 2104 2333 2163 CCLXXXllI.
2370 2136 2438 2149 —-
2469 2104 2864 2162 THEODOSIO
2899 2102 3398 2160 SCHOLASTICO.

1003 2220 1290 2289 Virtutum,
1319 2226 1674 2295 vitiorumque
1706 2222 1919 2278 nomina
1954 2239 1986 2274 α
2017 2221 2198 2274 multis
2223 2218 2648 2285 confunduntur.

247 2346 384 2401 Λίαν
424 2348 692 2419 θαυμάζω
753 2351 862 2404 τῶν
928 2354 1021 2405 καὶ
1070 2354 1139 2406 τὰ
1187 2356 1493 2426 πράγματα
1549 2357 1645 2410 καὶ
1701 2356 1773 2411 τὰ

1947 2353 2117 2408 Valde
2153 2351 2403 2422 equidem
2448 2365 2540 2406 eos
2571 2351 2843 2415 admiror,
2893 2350 2988 2420 qui
3023 2357 3078 2404 et
3135 2363 3223 2404 res
3283 2359 3335 2403 et
3379 2365 3474 2408 no-

171 2437 420 2508 ὀνόματα
451 2441 814 2510 συγχεόντων.
848 2443 942 2506 El;
962 2444 1215 2499 τοσοῦτον
1251 2447 1354 2518 γάρ
1385 2448 1578 2517 σοφίας
1603 2447 1772 2518 ἥκου-

1899 2443 2019 2497 uina
2046 2443 2408 2497 confundunt.
2452 2440 2530 2496 Eo
2563 2442 2708 2496 enim
2743 2441 2988 2496 scientia:
3017 2449 3237 2495 ventum
3268 2449 3370 2506 est,
3406 2451 3467 2496 ut
3521 2469 3527 2476 ·

180 2545 294 2593 σιν,
321 2530 398 2594 ὡς
422 2531 521 2604 τὴν
552 2533 651 2602 μὲν
681 2536 998 2607 παρρησίαν
1025 2537 1414 2609 ἀναισχυντίαν
1431 2540 1636 2606 καλεῖν,
1674 2541 1772 2612 τὴν

1874 2532 2086 2587 dicendi
2122 2531 2429 2585 libertatem
2454 2530 2842 2600 impudentiam
2861 2531 3185 2596 nominent;
3217 2539 3471 2586 etcontra

167 2619 231 2674 δὶ
255 2619 642 2692 ἀναισχυντίαν
669 2627 1010 2697 παρρησίαν,
1056 2631 1177 2682 κατ’
1215 2629 1382 2700 ἄμφω
1428 2631 1774 2702 ἁμαρτάνον-

1876 2622 2267 2692 impudentiam
2300 2621 2553 2691 loquendi
2593 2630 2785 2676 vocent
2812 2621 3158 2688 libertatem,
3213 2621 3471 2691 utrinque

168 2727 285 2775 τες.
318 2707 490 2767 Τοῦτο
524 2715 634 2786 γὰρ
686 2717 910 2788 δρῶσιν,
940 2719 973 2790 ἢ
1025 2718 1111 2772 ἵνα
1167 2719 1266 2792 τὴν
1298 2724 1610 2794 παρρησίαν
1645 2725 1768 2776 ἐπι-

1877 2723 2172 2768 errantes:
2211 2713 2373 2782 idque
2409 2712 2619 2767 faciunt
2649 2724 2706 2766 nt
2736 2713 2822 2768 vel
2858 2713 3112 2782 loquendi
3155 2712 3467 2767 libertatem

172 2803 524 2874 στομίσωσιν,
545 2806 576 2878 ἢ
598 2807 683 2860 ἵνα
697 2808 794 2879 τὴν
815 2810 1205 2880 ἀναισχυντίαν
1224 2814 1303 2876 είς
1327 2813 1548 2883 μείζονα
1570 2815 1771 2870 κακίαν

1868 2819 1962 2860 ore
1985 2806 2168 2859 clauso
2210 2814 2266 2859 et
2296 2806 2549 2859 obturato
2592 2805 2907 2870 refrenent,
2943 2805 3029 2859 vel
3075 2814 3132 2858 ut
3185 2805 3470 2874 impuden-

167 2895 690 2969 παιδοτριῦήσωσιν,
723 2900 824 2953 οὐκ
868 2901 1152 2975 εἰδότες,ἢ
1188 2903 1390 2968 εἰδότες
1425 2906 1546 2976 μὲν,
1589 2924 1770 2978 παρα-

1871 2898 2000 2952 tiam
2031 2897 2097 2950 ad
2131 2897 2393 2966 majorem
2420 2898 2723 2967 nequitiam
2753 2897 2936 2966 pueris
2973 2896 3273 2964 instillent;
3308 2897 3469 2968 idque

167 2986 513 3058 λογιζόμενοι
549 2990 606 3042 δὲ
629 2991 878 3058 ἑαυτοὺς,
917 2995 999 3048 ὅτι
1032 2996 1389 3066 ἀναισχυντία
1422 2996 1520 3068 μέν
1545 2999 1694 3052 ἐστιν
1735 3001 1767 3070 ή

1868 2991 2174 3046 nescientes
2192 2989 2275 3043 vel
2305 2991 2541 3045 scientes
2563 2991 2803 3060 quidem,
2826 2990 2920 3045 sed
2950 2989 3159 3060 seipsos
3181 2988 3464 3046 fallentes:

167 3079 268 3132 ἰπὶ
294 3081 407 3144 τοῖς
446 3082 750 3151 αἰσχίστοις
791 3085 1022 3138 πάθεσιν
1062 3087 1285 3156 ἀναιδὴς
1317 3088 1579 3158 φλυαρία,
1625 3094 1768 3163 παῤ-

1869 3081 2012 3150 quod
2046 3081 2380 3147 impudentia
2411 3081 2630 3150 quidem
2656 3081 2728 3135 sit
2755 3083 2820 3135 de
2853 3080 3101 3150 turpibus
3122 3080 3465 3149 passionibus

170 3167 339 3239 ρησία
377 3169 434 3223 δὲ
474 3172 628 3242 asin
657 3175 773 3236 τοῖς
819 3173 1128 3239 καλλίστοις
1165 3175 1428 3247 εὖτολμος
1472 3178 1760 3247 ἀπολογία.

1868 3172 2233 3227 inverecunda
2272 3173 2518 3242 nugatio,
2558 3172 2786 3228 libertas
2828 3188 2955 3227 vero
2995 3175 3211 3229 dicendi
3270 3189 3460 3229 rerum

169 3259 298 3333 Χρὴ
333 3257 427 3317 οὖν
460 3241 534 3334 μὴ
568 3266 691 3326 ταῖς
725 3263 834 3317 τῶν
869 3265 1284 3337 διεφθαρμένων
1331 3241 1582 3338 γνώμαις
1635 3241 1797 3323 έπε-4

1870 3263 2200 3332 optimarum
2246 3241 2423 3316 audax
2465 3261 2736 3317 defensio.
2802 3262 2920 3319 Non
2972 3263 3153 3334 itaque
3195 3268 3466 3335 corruptis

171 3351 334 3420 σθαι,
363 3354 500 3408 ἀλλά
529 3358 595 3426 τῇ
639 3356 747 3410 τῶν
806 3359 1152 3428 πραγμάτων
1193 3359 1444 3432 ἀληθείᾳ.
1485 3361 1619 3415 Οὐδὲ
1655 3365 1764 3435 γὰρ

1875 3354 2282 3409 assentiendum
2329 3353 2714 3423 Opinionibus,
2767 3356 2860 3411 sed
2910 3372 3091 3410 rerum
3145 3357 3325 3427 potius
3376 3359 3465 3412 in-

169 3447 315 3501 κατά
364 3445 672 3518 ἀνθρώπων
732 3450 896 3520 μόνον
936 3450 1247 3514 ὁπλίζουσιν
1303 3454 1353 3505 οἱ
1391 3453 1626 3508 τοιοῦτοι
1663 3455 1764 3519 τάς

1871 3446 2169 3501 sistendum
2199 3444 2436 3500 veritati.
2502 3444 2618 3500 Non
2651 3448 2795 3502 enim
2840 3447 2896 3502 bi
2950 3448 3004 3503 in
3049 3448 3301 3505 hOIIlilleS
3325 3451 3465 3507 dun-

167 3536 438 3605 γλώττας,
460 3540 599 3593 ἀλ).ἀ
622 3542 716 3594 καὶ
741 3543 884 3599 κατά
904 3543 1004 3613 τῆς
1027 3543 1174 3605 θείας
1192 3544 1496 3615 δυνάμεως.
1521 3546 1634 3616 Τὴν
1653 3547 1761 3617 γάρ

1873 3546 2020 3592 taxat
2077 3537 2289 3607 linguas
2347 3548 2571 3604 acuunt,
2624 3538 2719 3593 sed
2765 3549 2817 3593 et
2870 3538 2924 3592 in
2957 3539 3199 3595 divinum
3230 3540 3461 3599 Numen.

173 3629 750 3704 μακροθυμίαναύτῆς
797 3635 1059 3705 ἀμέλειαν
1109 3637 1619 3709 προσαγορεύοντες
1656 3639 1759 3692 οὐκ

1869 3627 2363 3698 Longaniniitatem
2391 3627 2538 3683 enim
2563 3626 2659 3682 Dei
2697 3628 3081 3699 negligentiam
3115 3629 3463 3702 interpretari

169 3723 523 3794 ἑρυθριῶσιν.
559 3725 725 3792 Οὐδὲν
748 3722 840 3779 οὖν
874 3727 1210 3796 θαυμαστὸν,
1251 3731 1298 3781 εί
1328 3729 1571 3798 ὀνόματα
1600 3731 1760 3800 ἀμεί-

1863 3735 1971 3774 non
2002 3720 2354 3774 erubescunt.
2402 3719 2540 3785 Quid
2587 3722 2784 3776 mirum
2819 3724 2982 3794 igitur
3023 3726 3068 3779 si
3101 3725 3320 3781 nomina
3374 3728 3461 3783 isti

169 3813 359 3869 δουσιν
388 3817 436 3869 οἱ
470 3817 788 3888 πάντολμοι,
832 3819 993 3872 ὁπότε
1022 3820 1114 3872 καὶ
1149 3822 1227 3883 εἰς
1250 3820 1480 3892 οὐρανὸν
1509 3821 1578 3874 τά
1626 3822 1760 3892 βέλη

1864 3812 2111 3868 audaculi
2131 3820 2466 3883 permutant,
2495 3827 2618 3868 cum
2656 3823 2711 3869 et
2755 3815 2808 3869 in
2839 3815 3037 3871 ccelum
3062 3817 3274 3886 jaciant
3320 3821 3466 3876 tela?

169 3903 474 3976 πέμπουσι.

449 4018 613 4072 ΣΠΔ’.
661 4049 732 4059 -
779 4021 999 4089 ΠΡΙΜῼ
1049 4022 1472 4077 ΜΟΝΑΖΟΝΤΙ.

2097 4015 2482 4071 CCLXXXIV.
2519 4045 2590 4057 —-
2629 4017 2847 4075 PRIMO
2877 4018 3236 4077 MONACHO-

282 4133 462 4188 Virtus
492 4151 581 4203 spe
617 4137 822 4204 prwmii
842 4136 1150 4203 sustinetur,
1188 4138 1277 4191 sed
1315 4149 1360 4191 et
1392 4138 1503 4206 ipsa
1545 4139 1707 4193 virtus
1747 4135 1846 4192 sibi
1879 4131 2154 4201 premium
2190 4148 2252 4186 ac
2285 4147 2500 4187 merces.
2533 4132 2714 4204 (Conf.
2745 4136 2898 4204 epist.
2930 4135 3020 4204 63,
3055 4136 3178 4204 150,
3203 4137 3356 4210 225.)

247 4263 307 4315 '0
335 4264 600 4334 στέφανον
631 4266 1105 4336 ἐπαγγελλόμενος
1129 4266 1226 4339 τὴν
1245 4268 1448 4340 ἀρετὴν
1473 4268 1755 4330 ἀσκοῦντι.

1937 4261 2038 4328 Qui
2069 4276 2326 4317 coronam
2365 4264 2635 4333 promittit
2666 4265 2924 4320 virtutem
2958 4269 3228 4335 aperanti,
3263 4269 3457 4338 duplex

161 4354 258 4409 δύο
291 4357 577 4426 χαρίζεται
621 4358 830 4427 δωρεάς
866 4373 879 4386 ⁸
913 4361 1040 4428 μίαν
1086 4359 1187 4428 μὲν
1231 4360 1330 4431 τὴν
1381 4360 1599 4431 πρᾶξιν,
1637 4362 1758 4413 ἑτέ-

1864 4363 2086 4424 praestat
2121 4355 2438 4424 praemium,
2465 4357 2694 4412 alterum
2726 4360 2907 4428 operis
2949 4361 3118 4430 ipsius
3152 4361 3330 4432 (cujus
3363 4379 3459 4432 per

164 4465 268 4519 ραν
302 4449 358 4502 δὲ
383 4451 479 4520 τὴν
510 4451 765 4519 ἀμοιϐήν.
813 4451 968 4520 Ἐμοὶ
997 4453 1105 4521 γὰρ
1136 4454 1229 4506 καὶ
1258 4456 1285 4506 ὁ
1312 4449 1476 4516 ἆθλος
1501 4454 1684 4517 αὐτὸς,
1708 4455 1756 4505 εί

1861 4448 2284 4517 promissionem
2329 4463 2492 4503 causa
2527 4451 2667 4520 est),
2703 4451 2935 4505 alterum
2973 4455 3450 4510 remunerationis.

160 4539 258 4594 καὶ
305 4539 562 4604 ὲπίπονός
615 4543 753 4607 ἐστι,
803 4542 896 4594 τοῦ
952 4541 1190 4594 ἐπάθλου
1219 4543 1316 4612 οὐχ
1356 4538 1521 4615 ἦττον
1573 4541 1754 4610 δωρεά

1859 4539 2045 4610 Neque
2122 4539 2264 4594 enim
2329 4555 2466 4609 opus
2520 4542 2694 4612 ipsum
2754 4545 2866 4597 sive
2914 4544 3129 4601 virtutis
3184 4556 3455 4602 certamen

159 4626 302 4685 εῖναι
357 4631 522 4695 δοκεῖ,
572 4635 686 4701 εἴγε
735 4635 767 4704 ἡ
820 4634 915 4703 μὲν
971 4633 1142 4704 ἀρετὴ
1193 4634 1448 4698 ὑπόθεσίς
1506 4634 1787 4698 ἐστιτοῦῑ

1856 4629 2072 4684 tametsi
2096 4628 2424 4683 laboriosum
2460 4631 2550 4694 sit,
2577 4630 2754 4685 minus
2778 4633 3059 4701 praemium
3086 4635 3302 4690 videtur
3333 4651 3455 4692 esse

160 4721 452 4793 στεφάνου,
477 4725 502 4776 ὁ
534 4724 589 4776 δὲ
619 4725 882 4794 στέφανος
905 4727 964 4779 οὐ
996 4726 1198 4780 δίδοται
1227 4727 1354 4780 ἄνευ
1391 4727 1616 4799 ἀρετῆς.

1857 4721 2046 4776 bravio
2074 4720 2212 4790 ipso,
2246 4734 2368 4774 cum
2409 4730 2462 4774 et
2489 4722 2660 4776 virtus
2698 4723 2810 4791 ipsa
2840 4726 3047 4794 praemii
3084 4739 3251 4782 causa
3282 4729 3354 4784 sit
3399 4737 3455 4785 ct

1859 4827 2094 4878 coronae,
2133 4826 2309 4881 neque
2341 4815 2456 4867 haec
2491 4814 2607 4868 sine
2644 4817 2842 4870 virtute
2873 4817 3210 4874 conferatur.

439 4921 607 4977 xui-3'.
647 4952 716 4963 -
751 4926 982 4981 ΩΡΙΩΝΙ
1011 4925 1438 4982 MONAZONTI.
1963 4907 2130 4996 6'46
2175 4923 2529 4980 CCLXXXV.
2567 4957 2636 4969 -.
2674 4926 2910 4984 omoxt
2959 4918 3317 4990 MONACllO.

899 5036 1122 5093 Prwstat
1154 5058 1255 5094 non
1287 5041 1502 5108 bellare,
1536 5057 1694 5110 quam
1726 5042 1978 5096 subsidiis
2011 5042 2127 5096 niti.
2161 5039 2343 5112 (σοιτί.
2377 5042 2532 5111 epist.
2559 5041 2710 5112 484.)

227 5166 371 5222 Πολὺ
413 5167 816 5238 ἀσφαλέστερόν
871 5167 987 5221 ἐστι
1030 5168 1090 5221 τὸ
1145 5169 1220 5240 μὴ
1253 5171 1608 5240 πολεμεῖσθαι
1647 5171 1743 5224 τοῦ

1933 5171 2097 5228 Multo
2123 5173 2370 5228 securius
2406 5181 2486 5227 est
2531 5172 2673 5227 bello
2708 5189 2814 5228 non
2870 5176 3040 5245 premi
3070 5218 3084 5244 ,
3119 5193 3278 5247 quam
3318 5196 3450 5252 sup-

159 5258 596 5331 συμμαχεῖσθαι·
665 5261 725 5312 τὸ
782 5260 880 5331 μὲν
947 5260 1057 5331 γάρ
1123 5263 1354 5333 ἡσυχίαν
1409 5265 1743 5335 ἀπράγμονα

1857 5267 2032 5335 petias
2075 5267 2144 5320 ab
2175 5266 2298 5320 aliis
2339 5267 2631 5334 accipere:
2701 5266 2834 5322 illud
2877 5269 3022 5324 enim
3069 5272 3268 5340 quietis
3305 5283 3448 5332 trau-

156 5351 291 5422 ἔχει,
326 5352 385 5404 τὺ
415 5351 470 5403 δὲ
509 5351 809 5418 ἀναγκάζει
844 5353 1220 5422 συμπολεμεῖν
1269 5356 1380 5417 τοῖς
1413 5354 1741 5425 βοηθήσασι,

1852 5356 2246 5425 quillitatisque
2291 5358 2506 5425 plenum
2536 5367 2658 5421 est,
2711 5358 2814 5414 hoc
2838 5375 2964 5415 vero
2997 5377 3102 5416 una
3136 5379 3257 5418 cum
3291 5368 3446 5422 auxi-

157 5443 254 5498 καὶ
279 5445 328 5496 εί
357 5443 556 5506 ἀδίκως
600 5443 910 5512 πολεμοῖεν.
967 5444 1232 5508 Πολλάκις
1256 5445 1364 5516 γὰρ
1387 5447 1737 5516 ἀδικούμενοί

1849 5446 2110 5502 liantibus
2143 5463 2382 5518 pugnare
2405 5450 2566 5519 cogit,
2593 5452 2694 5505 etsi
2732 5462 2972 5522 pugnent
3004 5455 3222 5524 injuste.
3263 5458 3447 5528 Saepe-

155 5549 298 5596 τινες
340 5533 660 5604 συμμαχίαν
715 5535 1139 5588 ἐπεκαλέσαντο·
1192 5532 1258 5608 ἧς
1313 5538 1404 5589 καὶ
1465 5539 1739 5607 τυχόντες,

1848 5555 2077 5595 numero
2107 5541 2253 5596 enim
2289 5539 2482 5609 injuria
2514 5541 2690 5598 allecti
2722 5545 2942 5613 quidam
2979 5549 3250 5602 sociorum
3287 5567 3441 5621 apem

160 5626 274 5685 τοῖς
342 5625 737 5694 συμμαχήσασι
830 5625 1052 5688 δικαίως
1132 5627 1579 5696 πολεμουμένοις,
1683 5629 1741 5680 οὺ

1844 5632 2216 5696 advocarunt,
2254 5646 2414 5701 quam
2465 5635 2606 5687 nacti
2637 5674 2650 5697 ,
2698 5635 2859 5689 etiam
2908 5638 3271 5694 auxiliaribus
3327 5643 3441 5696 suis

155 5717 374 5779 δικαίως
408 5718 695 5788 ἀμύνουσι,
735 5719 892 5784 χάριν
932 5720 1112 5773 ἄδικον
1153 5721 1271 5774 ἀντὶ
1318 5721 1528 5784 δεκαῖ-κς
1569 5725 1739 5774 ὲκῖῖν-

1846 5723 1983 5776 bello
2011 5723 2160 5792 justo
2200 5724 2416 5792 petitis,
2455 5740 2560 5777 non
2604 5727 2750 5796 jus:e
2784 5741 3104 5784 snt-currunt
3130 5773 3143 5795 ,
3182 5731 3438 5802 injustam

155 5812 358 5872 vlvr:;.

1847 5830 1942 5884 pro
1979 5815 2119 5884 justa
2157 5816 2386 5880 gratiam
2427 5820 2802 5886 t'cpculenles.
