4122 6442
153 394 308 464 1505

1074 386 1615 451 EPISTOLARUM
1652 388 1804 450 LIB.
1841 389 1912 451 ν.
1954 414 2020 425 -
2052 388 2295 452 EPIST.
2333 391 2570 454 CCXCI.
2610 422 2615 425 ι

3305 395 3443 461 Ῑὲιοϐ

156 502 375 575 σμούς’
414 500 466 556 τί
497 501 606 574 γὰρ
644 500 748 572 ἔψη
776 502 805 556 ὁ
843 500 975 564 Θεὸς
1002 498 1082 570 τῷ
1119 497 1423 568 Ἰεζεκιήλς
1461 515 1481 549 ι
1542 498 1650 551 Καὶ
1686 498 1749 550 σὺ

1856 499 1901 552 si
1944 499 2153 553 barreas
2188 500 2503 570 ambigens,
2536 500 2717 554 divina
2745 501 2986 559 recitabo
3021 503 3258 561 or'acula.
3301 506 3445 576 Quid

155 595 264 647 ἐὰν
289 592 563 665 διαστείλῃ
598 592 676 663 τῷ
704 593 913 663 ἀνόμῳ,
939 590 1032 644 καὶ
1066 590 1141 660 μὴ
1161 589 1484 663 ἀποστρέψῃ
1506 590 1617 643 ἀπὸ
1645 589 1749 660 τῆς

155 682 399 754 ἀνομίας
425 683 588 737 αὑτοῦ
613 684 642 734 ό
673 681 895 752 ἄνομος,
920 682 979 733 ὲν
1007 683 1075 750 τῇ
1107 680 1310 750 ἀνομίᾳ
1336 679 1506 733 αὑτοῦ
1546 680 1751 734 ἀποθα-

153 775 361 826 νεῖταν
382 773 447 825 σὺ
471 772 528 825 δὲ
553 772 652 841 τὴν
677 770 857 841 ψυχήν
876 787 971 823 σου
997 769 1162 842 ῥύσῃ.
1181 788 1200 820 ›
1237 768 1466 822 Σιωπῶν
1492 769 1590 839 μὲν
1616 769 1747 839 γὰρ,

157 866 266 918 καὶ
299 864 374 934 μὴ
411 863 918 932 παρρησιαζόμενος
948 899 963 923 ,
1005 862 1286 924 κοινωνεῖς
1323 859 1538 929 ἐκείνῳ,
1589 859 1747 928 φησι,

156 953 268 1022 τῆς
294 952 580 1021 τιμωρίας.
611 950 920 1020 Προείρηκα
945 951 1103 1019 τᾶρα
1126 949 1253 1002 Ἐὰν
1280 946 1355 1019 μὴ
1374 947 1673 1022 διαστείλῃ.
1690 948 1752 1001 τὸ

157 1036 480 1112 αἷμααύτοῦ
505 1042 568 1092 ἐκ
587 1039 687 1109 τῆς
702 1038 882 1110 χειρός
905 1054 998 1090 σου
1017 1036 1323 1108 ἐκζητήσω,
1353 1055 1372 1088 ι
1399 1036 1480 1088 Τὰ
1495 1053 1562 1089 πε
1573 1035 1749 1107 ρὶ(8ι)

165 1130 372 1187 σαυτθῦ
400 1131 457 1184 δὲ
492 1131 760 1200 εἰσφέρων
811 1128 1130 1200 ἀπαλλάττῃ
1167 1128 1265 1198 τῆς
1309 1127 1628 1198 καταδίκης.
1660 1127 1752 1198 Τῷ

167 1222 275 1292 μὶν
326 1224 436 1293 γὰρ
480 1221 579 1273 καὶ
623 1218 1018 1290 ἀργαλεωτᾳα
1069 1218 1360 1289 γενήσεται
1406 1218 1441 1288 ὴ
1491 1217 1746 1282 κόλασις,

167 1315 311 1385 μηδὲ
354 1315 454 1384 τὴν
488 1314 588 1383 σὴν
628 1311 1059 1382 παραδεξαμένῳ
1105 1310 1450 1377 παραίνεσιν.
1484 1311 1559 1362 Σὺ
1605 1309 1661 1363 δὲ
1689 1311 1752 1362 τὸ

163 1408 459 1462 κελευσθὲν
489 1405 950 1476 διαπραξάμενος,
974 1403 1267 1466 ἀνεύθυνος
1292 1402 1413 1475 ἔσῃ.
1445 1402 1612 1457 Οὐδὲν
1639 1402 1751 1475 γὰρ

157 1499 264 1554 τοῦ
292 1498 612 1556 διδασκάλου
639 1498 812 1568 ἐστὶν,
844 1496 876 1567 ἢ
900 1496 1143 1566 ἄληπτον
1173 1495 1486 1566 παρέχοντα
1511 1495 1604 1549 τὸν
1633 1495 1750 1566 βίον

160 1590 464 1653 παιδεύειν,
516 1588 782 1661 μηδαμῶς
813 1587 1133 1657 αἰδούμενον
1179 1586 1288 1640 τῶν
1321 1588 1747 1657 ἁμαρτανόντων

159 1681 266 1754 τὴν
295 1680 657 1747 ἀξιοπιστίαν.
690 1677 766 1731 Τὸ
794 1677 852 1730 δὲ
886 1678 1148 1749 πράττειν
1178 1677 1211 1746 ἢ
1241 1677 1315 1748 μὴ
1340 1715 1356 1740 ,
1386 1678 1484 1746 τῆς
1513 1677 1622 1729 τῶν
1648 1693 1751 1747 μα-

160 1770 550 1842 θητευομένων
575 1771 810 1841 ἤρτηται
831 1767 1058 1840 γνώμης
1081 1808 1095 1832 ,
1122 1767 1285 1822 παντί
1320 1784 1381 1821 τε
1411 1768 1505 1822 καὶ
1541 1783 1750 1822 πανταο

1853 587 1999 642 euim
2045 588 2122 640 ait
2175 587 2321 643 Deus
2371 589 2694 645 Ezerliicli:
2758 610 2776 644 ι
2808 590 2887 646 Tu
2935 593 2981 648 si
3031 595 3443 654 annuntiaveris

1854 676 2038 744 impio,
2073 675 2134 732 et‘
2157 677 2246 731 ille
2275 692 2379 732 non
2413 677 2576 734 fuerit
2602 693 2898 735 conversus
2921 681 2990 736 ab
3018 682 3298 752 impietate
3321 700 3442 750 sua,

1855 765 2055 835 impius
2104 767 2157 821 in
2214 766 2498 836 iniquitate
2531 784 2628 822 sua
2661 771 2963 825 morietur:
3020 781 3076 825 tu
3114 784 3294 827 autem
3319 774 3441 827 ani-

1852 874 1997 913 mam
2032 869 2182 915 luant
2221 859 2461 913 liberasti
2493 859 2561 917 τ’.
2592 878 2612 913 ι
2658 859 2871 917 Tacens
2901 865 3046 917 enim
3070 905 3086 927 ,
3132 880 3233 918 nec
3272 867 3445 920 libero

1853 949 2258 1016 reprehendens
2288 950 2559 1020 particeps
2579 989 2594 1015 ,
2636 950 2742 1015 ait,
2799 951 2864 1006 iis
2892 953 3012 1022 ejus
3044 968 3236 1022 patum.
3280 953 3446 1010 Paulo

1853 1026 1997 1094 enim
2034 1049 2161 1093 ante
2195 1039 2307 1108 jat‘n
2335 1041 2547 1094 dixerat
2577 1058 2593 1093 :
2658 1058 2677 1091 ι
2717 1039 2774 1096 Si
2803 1052 2856 1095 tu
2898 1060 3002 1096 non
3032 1045 3454 1101 annuntiaverie

1851 1131 1925 1196 ei,
1948 1133 2267 1202 sanguinem
2290 1131 2409 1201 ejus
2424 1133 2492 1187 de
2513 1149 2671 1187 manu
2697 1144 2786 1187 tua
2817 1136 3088 1204 requiram
3108 1136 3178 1188 τ’.
3200 1156 3218 1188 ι
3242 1136 3296 1189 Si
3316 1151 3445 1191 vero

1853 1237 1920 1278 ex
1948 1232 1999 1278 te
2019 1223 2194 1279 ollicio
2220 1222 2554 1278 satisfeceris
2586 1233 2700 1286 tuo,
2732 1241 2838 1278 non
2865 1228 2974 1280 eris
3006 1242 3151 1280 reus.
3193 1226 3270 1280 lili
3295 1229 3442 1282 enim

1855 1329 2014 1384 pinna
2052 1316 2271 1384 gravior
2300 1313 2657 1383 irrogabitnr,
2689 1314 2780 1385 qui
2832 1327 2977 1370 tuam
3018 1333 3123 1370 non
3159 1320 3445 1374 admiserit

1853 1407 2300 1462 admonitionem.
2343 1404 2422 1459 Tu
2447 1422 2577 1462 vero
2605 1409 2696 1477 qui
2722 1410 3033 1461 niandatnm
3059 1413 3310 1472 servasti,
3341 1425 3442 1464 ex-

1853 1508 1975 1549 sors
2004 1497 2114 1550 eris
2140 1496 2406 1550 criminis.
2451 1497 2707 1554 Doceutis
2735 1502 2939 1553 etenim
2977 1498 3210 1554 uﬂieiunt
3238 1510 3320 1554 est
3355 1503 3442 1555 in-

1853 1587 2176 1656 culpabilein
2205 1589 2412 1657 agendo
2440 1591 2606 1643 vitam
2628 1629 2644 1655 ,
2684 1590 2965 1644 instituere
3000 1592 3154 1653 alios,
3186 1592 3319 1644 nihil
3354 1605 3446 1645 ve-

1855 1681 2025 1733 rendo
2056 1680 2400 1750 peccantium
2425 1683 2830 1736 auctoritatem.
2877 1681 2946 1738 Ut
2978 1698 3065 1736 res
3089 1683 3313 1741 cuntiat.
3348 1692 3439 1736 aut

1852 1784 1980 1834 non,
2014 1771 2067 1823 id
2088 1786 2154 1824 ex
2186 1784 2346 1826 sensu
2380 1771 2576 1842 pendet
2611 1773 2945 1836 auditorum,
2977 1773 3044 1826 ab
3075 1773 3353 1843 omnibus,
3392 1778 3446 1826 et

160 1861 264 1934 χοῦ
291 1861 387 1916 τοῦ
410 1861 755 1929 αύτιξουσίου
790 1859 1215 1930 φυλαττομένου.
1246 1859 1379 1912 Είδὲ
1414 1857 1601 1930 φαίης
1631 1858 1749 1922 Πῶς

1865 1860 2066 1930 ubique
2087 1873 2298 1916 servata
2325 1863 2611 1917 sententiae
2641 1861 2909 1917 libertate.
2945 1861 3097 1929 Quod
3124 1863 3168 1916 si
3196 1862 3444 1932 obji«.-i.=s,

158 1951 260 2010 οὖν
288 1956 318 2009 ὁ
346 1954 556 2018 Παῦλος
589 1953 682 2007 τὸν
732 1952 1149 2022 πεπορνευκότα
1193 1949 1461 2023 ἀπεῖρξες
1498 1949 1683 2019 μεῖζον
1715 1948 1750 2020 ἢ

164 2048 286 2115 ἐγὼ
329 2045 594 2116 βούλομαι
631 2042 808 2111 λέγεις
832 2058 846 2073 ο
874 2042 934 2094 ού
966 2041 1076 2111 γὰρ
1099 2039 1403 2109 ὲτύπτησεν
1429 2039 1463 2112 ἢ
1499 2038 1746 2112 ὕϐρισεν,

163 2137 285 2198 axx?
315 2135 546 2208 ἐχώρισε
565 2135 663 2206 τῆς
694 2134 922 2204 ἀγέλης.
964 2133 1052 2186 ἵνα
1100 2131 1176 2204 μὴ
1221 2133 1317 2186 καὶ
1363 2133 1444 2196 τις
1480 2135 1550 2186 τὰ
1587 2133 1752 2189 λοιπά

163 2228 419 2300 πρόϐατα
448 2228 508 2280 τὸ
536 2225 802 2297 λοιμῶδες
841 2224 1059 2295 διαδοθῇ
1100 2226 1338 2294 νόσημα.
1370 2224 1440 2277 Ei-
1479 2222 1539 2276 δὲ
1585 2224 1752 2278 πάλιν

164 2320 369 2390 φαίηςο
403 2318 527 2380 Πῶς
558 2312 651 2372 οὖν
675 2317 705 2369 ὀ
742 2315 900 2387 έΗλεὶ
930 2313 1280 2385 νουθετήσας,
1316 2314 1410 2367 καὶ
1435 2313 1512 2386 μὴ
1545 2313 1749 2378 ἀνύσας

163 2408 371 2462 δέδωκε
419 2406 611 2476 δίκην;
650 2405 922 2475 φήσαιμι,
957 2403 1039 2456 ὅτι
1089 2403 1254 2456 παντὶ
1295 2402 1394 2474 μὲν
1440 2401 1618 2456 σθένει
1658 2403 1753 2456 ἐπὶ

167 2498 382 2551 παίδων
426 2496 521 2550 καὶ
572 2496 764 2568 ἱερέων
784 2494 891 2566 χρὴ
916 2496 1008 2548 καὶ
1037 2494 1318 2559 ἐπεξιέναι
1343 2532 1357 2558 ,
1391 2494 1488 2548 καὶ
1518 2495 1749 2550 κωλύειν

163 2589 270 2655 τῆς
314 2588 625 2655 ἁγιστείας,
653 2590 748 2639 καὶ
791 2588 850 2649 ἐξ
880 2586 1057 2655 ὅψεως
1091 2587 1422 2649 ποιεῖν,’καὶ
1459 2586 1751 2658 ἀποχειρο-

164 2682 373 2733 τονεῖν⁶
419 2681 513 2732 καὶ
548 2679 781 2749 μάλιστα
817 2679 946 2731 ὅταν
970 2679 1052 2743 εἰς
1104 2679 1166 2731 τὸ
1195 2677 1349 2731 Θεῖον
1391 2677 1608 2750 ήῦϐρις
1646 2679 1755 2732 δια-

166 2772 353 2844 ϐαίνῃ.
395 2771 484 2824 Διὸ
514 2773 608 2825 καὶ
650 2770 1079 2842 προσέκρουσεν·
1121 2770 1291 2842 ἐχρῆν
1328 2771 1438 2840 γὰρ
1475 2771 1641 2824 αὐτὸν
1674 2769 1751 2842 μὴ

168 2866 318 2935 πέρα
345 2865 438 2916 τοῦ
470 2863 678 2927 δέοντος
719 2861 855 2917 εἶναι
903 2863 1219 2931 φιλόπαιδα,
1263 2861 1401 2916 ἀλλὰ
1428 2865 1543 2926 τοῖς
1585 2863 1751 2928 Θείοις

157 2957 355 3026 «νόμοις
398 2953 676 3025 ἐπαμῦναι
718 2954 1117 3026 ὑϐριζομένοις.
1169 2954 1306 3007 flore
1339 2954 1397 3008 δέ
1425 2971 1511 3018 τις
1549 2955 1751 3010 ἀπολοο

167 3044 447 3115 γήσασθαι
487 3046 625 3114 ὑπὲρ
656 3044 822 3097 αὐτοῦ
873 3043 1158 3117 βουληθεὶς
1184 3043 1312 3115 ἔφη,
1375 3045 1458 3099 ὅτι
1501 3046 1752 3116 φαίνεται

167 3136 272 3189 οὐκ
302 3135 367 3188 ἂν
413 3135 574 3198 αὐτὸς
612 3135 766 3204 δίκην
792 3134 916 3196 δοὺς
949 3136 1221 3199 τοσοῦτον,
1255 3137 1378 3189 ὅσον
1430 3139 1479 3190 oi
1518 3138 1709 3202 παῖδες
1730 3153 1745 3169 ·

169 3222 367 3276 ἐκεῖνοι
406 3223 503 3288 μὲν
549 3223 659 3291 γὰρ
701 3223 874 3293 ὀργῆς
927 3223 1336 3294 ὲπιπολασάσης
1376 3225 1547 3291 Θείας,
1622 3229 1744 3281 αἰσ-

169 3311 319 3385 χρῶς
352 3315 444 3366 καὶ
467 3312 714 3377 ἐλεεινῶς
775 3315 834 3367 ὲν
869 3312 947 3381 τῷ
992 3312 1213 3385 πολέμῳ
1260 3315 1555 3378 ἀπέθανον,
1597 3311 1750 3380 οὗτος

168 3403 228 3456 δὲ
271 3404 410 3474 μετά
454 3404 629 3475 γῆρας
679 3403 814 3474 βαθὺ
851 3405 908 3456 ὲν
951 3405 1018 3476 τῇ
1060 3403 1215 3461 πόλει
1244 3422 1256 3434 ·
1311 3407 1406 3459 καὶ
1451 3407 1590 3478 αὐτὴ
1628 3408 1750 3480 δὲή

167 3493 470 3562 ἀπόυασις,
507 3496 555 3546 εἰ
588 3494 684 3556 τὰς
716 3493 867 3556 θείας
895 3510 981 3556 τις
1008 3493 1275 3557 συλλαϐὰς
1307 3499 1748 3567 περιεργάσοιτο,

170 3596 422 3653 φαίνεται
454 3587 512 3638 ού
557 3587 682 3639 κατ’
721 3584 908 3651 αὑτοῦ,
952 3586 1087 3640 ἀλλὰ
1127 3588 1268 3640 κατά
1305 3589 1401 3641 τοῦ
1435 3590 1586 3642 οἴκου
1631 3593 1750 3663 ὀρι-

177 3675 408 3731 σῦεῖσα·
468 3695 488 3731 ι
524 3678 740 3747 Ὤμοσα
790 3677 920 3750 γὰρ,
965 3680 1120 3746 φησι,
1161 3677 1238 3749 τῷ
1284 3681 1417 3749 οἴκῳ
1480 3681 1649 3746 Ἠλεὶ,
1703 3683 1751 3736 εἰ

167 3769 476 3835 ἑξιλάσεται
511 3769 752 3838 ἁμαρτία
784 3769 934 3822 οἴκου
974 3770 1120 3822 Ἠλεὶ
1145 3809 1160 3832 ,
1197 3771 1230 3841 ἢ
1282 3771 1339 3822 ὲν
1375 3770 1742 3841 Θυμιάμασιν,

167 3855 204 3926 ἢ
247 3860 302 3909 ὲν
331 3856 562 3920 θυσίαις,
592 3857 697 3919 ἕως
727 3858 941 3921 αἰῶνος.
975 3860 1089 3911 Οὐκ
1120 3856 1266 3925 εἷπε,
1298 3862 1488 3930 φησιν,
1529 3863 1746 3931 Ὦμοσα

170 3944 253 4017 τῷ
306 3947 486 4000 Ἦλείο
530 3949 660 4014 οὐδ’,
693 3949 774 4002 ὅτι
820 3950 934 4003 Οὐκ
970 3949 1275 4017 ἐξιλάσεται
1315 3952 1559 4022 ἁμαρτία
1600 3952 1750 4006 Ἠλεὶ

173 4036 403 4108 (ἤρκεσε
447 4038 734 4117 γὰρ-αὑτῷ
772 4040 902 4104 ἴσως
953 4042 1088 4112 πρὸς
1136 4045 1516 4114 σωφρονισμὸν
1547 4044 1753 4117 ταύτης

172 4129 342 4199 μόνης
382 4129 481 4198 τῆς
527 4113 784 4201 ἀμελείας
810 4149 824 4163 '
860 4133 929 4186 τὰ
962 4133 1068 4202 γὰρ
1114 4113 1267 4187 ἄλλαν
1292 4131 1359 4205 ἦν
1394 4113 1747 4206 Θαυμαστὸς-⁸

166 4219 237 4272 τὰ
256 4218 379 4289 τῇδε
392 4219 540 4291 αὑτῷ
565 4223 946 4293 συμϐεϐηκότα
964 4225 1182 4295 ἀνιαρὰ)
1199 4225 1336 4278 ἀλλὰ
1363 4226 1536 4291 Ὀτκῳ
1563 4228 1747 4282 Ἠλεί·

169 4310 295 4364 ἀντὶ
323 4310 438 4374 τοῦ,
473 4314 687 4376 πάντως
717 4316 839 4379 τοὺς
865 4316 1258 4386 ἡμαρτηκότας
1295 4318 1594 4372 ἀπολέσθαι
1616 4321 1745 4391 χρή.

169 4400 236 4453 Et
260 4400 336 4465 δὲ,
365 4403 550 4472 ἐπειδὴ
591 4405 922 4475 μετέστησεν
961 4407 1040 4469 είς
1071 4407 1267 4479 ἑτέραν
1298 4409 1622 4478 συγγένειαν
1650 4411 1751 4484 τὴν

1854 1953 2124 2022 quomodo
2143 1969 2273 2024 ergo
2307 1939 2506 2009 beatus
2524 1953 2722 2008 Paulus
2761 1955 3012 2023 prohibet
3048 1965 3307 2024 arcetque
3335 1956 3445 2008 for-

1854 2048 2124 2103 nicarium
2157 2061 2187 2099 a
2221 2057 2370 2102 cuitu
2408 2047 2647 2102 ﬁdelium
2675 2046 2770 2101 τί
2807 2046 2982 2116 majus
3021 2046 3151 2116 quid
3182 2047 3443 2113 opinione

1856 2153 1977 2193 mea
2014 2137 2229 2205 objicis.
2285 2139 2357 2192 At
2407 2153 2514 2192 non
2557 2138 2908 2202 verberavit,
2957 2137 3227 2206 injuriave
3267 2133 3447 2190 affecit

1853 2229 2168 2300 Apusmlus,
2198 2229 2293 2285 sed
2324 2245 2355 2282 a
2390 2244 2552 2300 grege
2582 2227 2819 2282 fidelium
2846 2229 3152 2294 separavit,
3179 2242 3249 2281 ne
3278 2225 3446 2297 pesti-

1853 2321 1936 2378 fer
1975 2323 2042 2377 ad
2078 2321 2313 2393 reliquas
2345 2334 2476 2375 oves
2506 2323 2726 2375 morbus
2748 2327 2952 2386 serpat.
2991 2319 3047 2373 Si
3079 2320 3277 2372 iterum
3312 2318 3446 2372 sub-

1848 2414 2049 2485 jicias:
2097 2414 2384 2482 Quomodo
2417 2412 2585 2484 igitur
2614 2411 2730 2466 lieli
2763 2411 3064 2464 admonens
3105 2409 3242 2463 ﬁlios
3272 2407 3436 2462 oﬂicii

1852 2518 1906 2561 et
1936 2507 2069 2561 nihil
2097 2505 2336 2560 euidens
2366 2517 2556 2574 pinnas
2583 2504 2734 2558 dedit
2759 2501 2848 2554 7'?
2877 2503 3179 2573 respondeo
3216 2518 3230 2554 :
3263 2498 3440 2569 Opor-

1856 2606 1931 2654 tet
1959 2599 2083 2654 totis
2100 2599 2306 2653 viribus
2334 2597 2389 2651 in
2423 2598 2656 2650 liliorum
2686 2594 2850 2650 etiam
2878 2596 3217 2647 sacerdotum
3249 2589 3441 2660 nequi-

1856 2690 1959 2744 tias
2001 2690 2460 2753 animadvertere,
2485 2700 2688 2757 eosque
2729 2703 2758 2739 a
2787 2686 2958 2742 sacris
2987 2699 3194 2747 arcere,
3227 2683 3336 2736 imo
3371 2696 3440 2736 ex

1853 2779 2026 2835 oeulis
2055 2780 2255 2848 pellere
2275 2794 2340 2834 ac
2373 2779 2539 2849 gradu
2576 2779 2875 2841 dimovere,
2903 2775 3139 2829 maxime
3157 2789 3287 2829 vero
3313 2787 3437 2827 cum

1854 2874 1907 2926 in
1943 2873 2109 2926 Deum
2149 2873 2419 2926 redundet
2465 2870 2686 2940 injuria.
2725 2868 2934 2923 Idcirco
2971 2866 3132 2922 etiam
3171 2881 3294 2919 reus
3327 2865 3442 2934 ipso

1853 2962 2048 3016 evasit.
2090 2960 2389 3026 Oportebat
2416 2960 2561 3013 enim
2595 2957 2711 3013 Heli
2750 2960 2823 3012 ita
2856 2957 3058 3013 liberos
3085 2957 3312 3025 diligere
3333 2996 3347 3016 .
3378 2965 3440 3010 ut

1857 3062 2038 3105 tam-~n
2073 3050 2248 3105 cilicio
2268 3065 2373 3104 non
2403 3050 2614 3104 deesset
2643 3065 2761 3112 suo,
2793 3049 2885 3104 sed
2914 3049 3218 3102 divinarum
3257 3047 3434 3117 legum
3475 3087 3481 3093 .

1854 3143 2202 3196 violationem
2233 3141 2533 3195 vindicare.
2576 3139 2812 3194 Rursum
2852 3139 2896 3194 si
2942 3140 3064 3209 quis
3094 3154 3219 3194 emn
3247 3138 3438 3194 volens

1854 3232 2142 3288 defendere
2169 3233 2399 3300 dixerit,
2423 3232 2596 3287 videri
2624 3247 2730 3286 non
2755 3241 2864 3286 tam
2896 3230 3072 3300 ipsmn
3102 3245 3263 3296 quam
3296 3228 3438 3286 filius

1851 3330 2030 3377 tantas
2051 3324 2359 3392 persolvere
2388 3338 2576 3391 poenas
2635 3323 2888 3377 debuisse
2926 3321 3024 3392 (illi
3057 3321 3201 3375 enim
3239 3320 3319 3374 ira
3347 3320 3440 3375 Dei

1852 3411 2241 3469 effervescente
2259 3414 2400 3468 [inde
2417 3429 2481 3469 ac
2501 3412 2888 3467 miserabiliter
2903 3413 2952 3466 in
2974 3413 3111 3467 bello
3129 3414 3439 3482 perierunt:

1851 3503 1970 3560 Heli
2003 3521 2130 3559 vero
2165 3506 2347 3576 gravis
2397 3505 2512 3576 jam
2549 3506 2707 3560 annis
2741 3519 2805 3560 ac
2851 3518 3016 3560 senex
3051 3506 3104 3559 in
3157 3507 3290 3560 urbe
3329 3504 3444 3561 Silo

1855 3596 2146 3662 mortuus),
2177 3608 2230 3650 et
2252 3596 2378 3651 huic
2411 3597 2628 3664 quidem
2667 3598 2949 3665 qnmstioni
2994 3611 3313 3665 responsum
3346 3599 3440 3663 sit,

1854 3689 1898 3742 si
1925 3687 2018 3741 Dei
2046 3687 2320 3757 expendas
2346 3686 2534 3753 verba,
2571 3701 2675 3742 non
2711 3698 2818 3742 tam
2849 3689 2900 3742 in
2929 3689 3102 3757 ipsum
3126 3687 3242 3743 Heli
3274 3703 3440 3759 quam

1854 3779 1907 3832 in
1940 3778 2059 3845 ejus
2087 3781 2303 3831 demum
2353 3779 2680 3832 sententiam
2712 3793 2835 3834 esse
2881 3779 3313 3848 pronuntiatam.
3349 3780 3443 3834 Ait

1852 3869 1996 3923 enim
2024 3881 2039 3921 :
2087 3885 2106 3918 ι
2139 3866 2325 3921 Juravi
2356 3870 2536 3922 domui
2571 3868 2683 3922 Ileli
2709 3909 2723 3933 ,
2751 3871 2795 3924 si
2819 3871 3125 3939 expiabitnr
3155 3882 3440 3940 peccatum

1855 3959 2052 4012 domus
2105 3957 2220 4012 Heli
2278 3958 2360 4013 vel
2407 3959 2641 4014 victimis
2690 3960 2776 4014 vel
2833 3959 3118 4014 sacriﬁciis
3175 3962 3225 4014 in
3278 3971 3438 4015 mter-

1853 4065 1982 4102 num
2004 4048 2113 4102 ⁷⁸.»
2154 4047 2270 4102 Non
2302 4049 2478 4103 dixit:
2527 4048 2719 4102 Juraui
2754 4047 2906 4114 Heli,
2948 4066 3123 4118 neque
3147 4051 3225 4105 sic
3265 4069 3278 4105 :
3317 4050 3441 4106 Non

1853 4139 2151 4204 expiabitur
2187 4139 2440 4191 delictum
2489 4137 2614 4193 Heli
2662 4140 2928 4211 (idenim
2976 4141 3280 4196 suffecisset
3331 4140 3437 4210 ipsi

1853 4229 2088 4285 fortasse
2132 4229 2197 4284 ad
2247 4229 2584 4299 negligentiae
2620 4230 2782 4299 hujus
2820 4246 3035 4301 pinnam
3066 4272 3080 4298 ,
3127 4243 3247 4286 erat
3291 4233 3438 4286 enim

1855 4321 2098 4392 alioquin
2140 4323 2492 4377 admirandus
2537 4321 2698 4376 Heli:
2742 4338 2865 4394 qua:
2899 4339 3030 4378 vero
3080 4325 3168 4380 hic
3199 4325 3444 4396 contige—

1856 4423 1979 4464 rant
2007 4413 2343 4467 exsecranda
2381 4423 2509 4466 sunt
2541 4412 2733 4483 visa);
2773 4415 2866 4468 sed
2901 4415 3016 4469 ait:
3061 4414 3257 4469 Domni
3293 4415 3442 4481 Heli,

173 4491 496 4562 ἱερωσύνην,
525 4492 673 4562 λέγοι
701 4512 784 4559 τις
808 4513 822 4528 ·
865 4494 1030 4549 Εἶπεν
1065 4499 1094 4550 ό
1118 4500 1258 4569 ὑπὲρ
1288 4500 1452 4552 αὐτοῦ
1482 4501 1582 4573 τὴν
1620 4503 1749 4556 ἀποι

1858 4501 2014 4568 quasi
2041 4502 2252 4570 penitus
2280 4504 2556 4574 exstingui
2586 4514 2898 4573 peccatores
2922 4519 3113 4560 omnes
3138 4516 3440 4576 oporteret.

169 4582 358 4650 λογίαν
390 4584 810 4656 ἀναδεξάμενος,
853 4589 936 4640 ὅτι
961 4589 1207 4652 εἰκότως.
1239 4591 1376 4656 Τοὺς
1403 4595 1513 4663 γὰρ
1539 4595 1602 4646 ἐκ
1639 4595 1750 4649 τῶν

170 4672 304 4724 υἱῶν
323 4671 488 4726 αὑτοῦ
513 4675 620 4728 τῶν
649 4677 1070 4747 ἡμαρτηκότων,
1099 4680 1192 4730 καὶ
1226 4679 1318 4732 τοῦ
1353 4681 1510 4747 Θεοῦ,
1535 4685 1630 4736 καὶ
1652 4682 1747 4736 τοῦ

169 4765 492 4836 γεννήτορας
521 4771 1090 4840 καταπεφρονηκότων
1137 4771 1430 4842 τεχθέντας
1456 4811 1472 4839 ,
1521 4775 1623 4829 οὐκ
1661 4774 1743 4830 ἔτι

171 4849 343 4922 ιχρῆν
374 4853 644 4923 ἱερᾶσθαι.

563 5145 720 5212 Σιιλυ.
746 5176 814 5187 -
836 5147 1002 5220 mlta
1038 5148 1362 5219 ΔΙᾹΚΟΝῼ.

1856 4591 2025 4663 648
2066 4591 2125 4646 Si
2154 4608 2284 4649 vero
2317 4603 2603 4665 postquam
2643 4595 2755 4666 jam
2786 4597 3152 4651 sacerdotium
3186 4599 3252 4651 ad
3283 4599 3444 4654 aliam

1859 4683 2136 4739 transtulit
2194 4683 2456 4740 familiam
2511 4686 2562 4741 id
2612 4688 2749 4742 dixit
2787 4689 3013 4759 (dixerit
3067 4687 3210 4743 forte
3246 4689 3446 4761 aliquis

1859 4773 2004 4830 illius
2056 4778 2240 4830 tuendi
2277 4777 2578 4846 suscipiens
2623 4780 2848 4851 partes),
2881 4781 2932 4835 id
2971 4781 3166 4836 merito
3194 4779 3442 4836 factum:

1859 4865 2302 4934 quandoquidem
2338 4867 2430 4921 lilii
2461 4867 2579 4936 ejus
2613 4869 2666 4922 in
2696 4869 2862 4922 Deum
2906 4879 3298 4938 parentemque
3326 4885 3447 4941 pec-

1858 4965 2158 5021 caverant;
2195 4971 2425 5025 quorum
2463 4960 2699 5029 posteris
2747 4969 2807 5013 ut
2838 4969 3313 5030 contemptorem,
3349 4976 3443 5018 sa-

1859 5044 1970 5100 cris
1999 5047 2233 5116 amplius
2263 5051 2478 5119 Operari
2517 5050 2671 5106 nefas
2704 5060 2840 5104 erat.

2187 5159 2409 5216 CCXCI.
2436 5192 2505 5204 -—
2540 5159 2771 5216 HELIE
2806 5160 3122 5219 DIACONO.

690 5252 1024 5325 Fugiendum
1057 5274 1167 5312 esse
1195 5257 1534 5312 libidinosum
1577 5259 1898 5327 feminarum
1935 5277 2224 5336 aspectum.
2257 5269 2440 5339 (Cani.
2467 5273 2617 5341 epist.
2651 5270 2745 5337 95,
2782 5271 2930 5340 175.)

243 5341 355 5413 Τὴν
384 5342 684 5397 ἀκόλαστον
713 5344 858 5414 sem,
887 5345 987 5417 τὴν
1017 5348 1128 5410 τοῖς
1154 5345 1457 5418 ἀλλοτρίοις
1489 5347 1746 5402 κάλλεσιν

1927 5351 2198 5411 Servator
2229 5366 2414 5413 noster
2439 5357 2703 5414 lascivum
2741 5367 3021 5430 aspectum
3046 5398 3060 5420 ,
3094 5360 3186 5429 qui
3221 5360 3446 5419 alterius

246 5496 291 5527 "
322 5494 521 5552 Ezech.
552 5513 633 5565 nt,
669 5498 762 5554 l9.
833 5501 876 5532 ⁷⁵
915 5500 1048 5555 ibid.
1082 5499 1170 5555 18.
1247 5501 1295 5532 ”
1326 5500 1343 5554 1
1382 5501 1512 5557 Cor.
1548 5517 1600 5568 ν,
1633 5504 1721 5559 ll.

1882 5506 1898 5561 Ι
1925 5507 2055 5581 Reg.
2085 5527 2150 5577 ιι,
2173 5511 2246 5565 22
2269 5527 2450 5582 seqqt;
2486 5527 2560 5580 tv,
2587 5515 2609 5568 i
2642 5531 2796 5587 seqq.
2873 5516 2964 5571 ’δι
2995 5516 3126 5588 Reg.
3153 5531 3234 5582 ttt,
3285 5517 3372 5575 ll.

1278 5632 1515 5690 νΑιιιΑε
1551 5634 1939 5697 LECTIONES
1976 5641 2066 5698 ΕΤ
2103 5643 2339 5700 ΝΟΤιΕ.

250 5757 364 5829 (84)
392 5760 526 5830 Περὶ
569 5771 776 5818 mutant
826 5764 898 5820 ini
927 5767 1075 5835 παρά
1111 5765 1268 5821 iidem
1332 5767 1492 5826 cedd.
1541 5766 1751 5824 Possm.
