4122 6444
126 415 270 482 1509

1041 402 1576 470 EPIS’I‘OLARUM
1617 400 1763 459 LIB.
1793 400 1860 460 V.
1902 400 2227 460 -EPIST.
2264 401 2582 464 CCXCVII.

3280 410 3418 475 1510

124 527 392 595 Ἔγραψα
407 526 515 594 ἐγὼ
532 525 764 596 Ζωσίμῳ
789 522 1088 590 ἀποστῆναι
1111 518 1208 587 τῆς
1231 512 1536 580 ἀσελγείας·
1561 511 1722 573 αὐτος

1833 526 1979 575 nem,
2054 513 2209 566 multi
2265 523 2445 569 tamen
2503 515 2723 572 laedunt.
2769 515 2908 585 Quid
2974 521 3076 576 boc
3129 525 3196 576 ad
3251 526 3419 579 eam?

118 620 184 672 δὲ
238 619 400 672 πλέον
433 619 829 687 ὲγκαλινδεῖται
861 614 938 683 τῷ
975 610 1222 682 βορϐόρῳ
1243 625 1258 639 ’
1289 606 1342 658 τί
1391 604 1550 656 τοῦτο
1583 603 1722 672 πρὸς

120 708 266 778 aut;
296 709 460 763 Οὐδὲν
491 708 629 778 πλὴν
671 709 716 760 εἰ
761 706 833 776 μὴ
865 703 962 772 τὴν
989 699 1226 770 ἀθυμίαν
1251 696 1394 748 εἴποι
1421 711 1504 755 τις
1528 692 1611 745 ἄν.

449 978 942 1048 xum—altato
986 974 1360 1044 ΕιΙΙΣΚΟΠῼ.
1427 992 1430 995 -

1833 601 2039 672 Sol-ipsi
2081 603 2300 657 Zosiuto
2355 607 2421 658 ab
2475 605 2700 676 impuris
2745 609 3044 664 abstineret
3077 611 3414 678 libidinibus.

1830 693 1945 762 ipse
1973 708 2100 747 vero
2127 694 2176 747 in
2218 695 2326 747 Iulo
2367 697 2539 764 magis
2575 697 2862 751 volutatur.
2887 701 3027 766 Quid
3055 704 3154 756 boe
3185 704 3250 756 ad
3291 706 3414 758 ine?

1830 783 1971 837 Nihil
2003 783 2269 852 profecto,
2304 787 2406 839 nisi
2440 787 2484 841 si
2527 788 2913 844 demissionem
2944 791 3113 846 animi
3142 792 3415 862 quispiam

1826 872 2046 928 dixerit.

2078 964 2354 1022 CCXCVI.
2412 998 2480 1008 —
2515 970 2771 1028 ALPHIO
2803 973 3155 1030 EPISCOPO.

264 1073 338 1128 De
365 1073 527 1126 variis
575 1071 846 1125 [conlinunt
892 1062 1136 1139 ingeniis.
1169 1065 1348 1135 (Conf.
1396 1052 2073 1193 epist.I::,{ta:ib;t::t.ir;tvtt
2112 1056 2268 1111 Notis
2303 1056 2363 1112 C.
2411 1058 2624 1115 Ritters.
2673 1077 2720 1115 ρι
2753 1080 2901 1132 supr,
2951 1068 3103 1134 ρρξει,
3155 1064 3282 1120 233,

203 1235 338 1287 Λίαν
363 1233 649 1302 θαυμάζω,
677 1233 824 1295 ὅπως
846 1231 905 1284 ού
937 1232 1047 1293 τοῖς
1081 1231 1264 1292 αὐτοῖς
1298 1226 1546 1297 χαίρουσι
1579 1222 1721 1275 παν--

120 1343 221 1385 τες
259 1323 566 1394 ἄνθρωποι·
616 1322 731 1376 ἀλλ’
762 1324 809 1374 οἱ
839 1321 936 1390 μὲν
972 1316 1481 1386 συγγινωσκόμενοι
1516 1314 1602 1380 ἐφ’
1642 1306 1720 1374 οἷς

124 1419 441 1476 πταίουσιν,
495 1414 574 1475 εἰς
625 1412 849 1482 ἀρετὴν,
899 1414 946 1464 οἱ
1000 1411 1056 1463 δὲ
1098 1412 1178 1472 εἰς
1209 1407 1409 1461 κακίαν
1441 1406 1724 1474 παιδοτρι-

124 1506 377 1561 ϐοὖνταιο
403 1506 494 1558 καὶ
521 1508 630 1567 τοῖς
659 1505 806 1573 μὲνὴ
839 1501 1146 1573 χρηστότης
1174 1508 1441 1570 σωτήριον
1467 1497 1723 1564 εὑρίσκε-

123 1616 226 1650 ται
264 1597 537 1668 βοήθημα,
572 1598 683 1657 τοῖς
708 1595 762 1646 δὲ
789 1594 1032 1664 ὀλέθριον
1061 1593 1389 1663 δηλητήριον
1416 1608 1429 1621 ·
1453 1590 1580 1652 τοὺς
1615 1588 1713 1658 μὲν

128 1690 246 1758 γὰρ
274 1688 526 1758 ῥώννυσι,
549 1687 673 1748 τοὺς
709 1686 760 1737 δὲ
791 1684 994 1738 ἐκλύει·
1024 1686 1150 1747 τοὺς
1178 1685 1275 1754 μὲν
1308 1683 1569 1743 δυσωπεῖ,
1607 1679 1714 1733 τῶν

126 1782 187 1833 δὲ
236 1782 329 1832 καὶ
367 1779 427 1832 τὸ
479 1778 740 1849 ἐρυθριᾷν
778 1780 1258 1847 προσαφαιρεῖται.
1303 1773 1443 1826 Ἀλλ’
1489 1773 1610 1826 οὐδὲ
1639 1771 1716 1841 τῷ

128 1870 460 1940 παραπόδας
490 1866 840 1921 ἀπαιτεῖσθαι
868 1866 1023 1929 δίκας
1051 1905 1064 1930 ,
1099 1866 1303 1929 πάντες
1339 1864 1542 1934 ὁμοίως
1575 1864 1720 1931 ὠφε-

129 1959 376 2012 λοῦνται.
416 1959 476 2010 Οἱ
516 1958 615 2027 μὲν
651 1958 759 2026 γὰρ
792 1956 866 2014 ὡς
903 1957 1271 2025 ἀπάνθρωπον
1308 1953 1468 2006 τοῦτο
1497 1951 1719 2006 αἰτιῶνο

126 2067 245 2105 ταν
290 2052 338 2102 οἱ
377 2050 434 2102 δὲ
467 2049 617 2118 φόϐῳ
650 2048 747 2118 μὲν
771 2090 784 2112 ,
821 2048 878 2100 ού
917 2045 1068 2116 πόθῳ
1097 2046 1177 2108 δὲ,
1220 2045 1327 2098 τῶν
1373 2044 1559 2098 κακῶν
1616 2043 1721 2096 ἀπ-

127 2142 367 2210 έχονται.
406 2141 515 2192 Καὶ
559 2140 608 2191 οῖ
661 2138 759 2209 μὲν
811 2136 1242 2206 φιλονεικοῦντες
1291 2139 1358 2206 τῇ
1393 2135 1548 2206 δίκῃ,
1604 2134 1720 2187 ἀδι-

1900 1216 2067 1273 Valde
2092 1223 2344 1288 equidem
2384 1226 2570 1289 miror,
2605 1227 2695 1296 qui
2732 1227 2823 1280 iiut
2869 1231 3012 1293 quod
3063 1245 3168 1284 non
3227 1247 3418 1286 omnes

1825 1305 2015 1361 iisdem
2047 1311 2386 1366 delectentur
2443 1316 2625 1379 rebus,
2667 1318 2759 1369 sed
2811 1318 3031 1387 quidam
3078 1321 3291 1374 veniant
3322 1323 3419 1378 de-

1825 1399 2078 1456 lictorum
2126 1403 2306 1468 adepti
2372 1405 2560 1459 virtuti
2618 1407 2746 1460 dant
2799 1422 3043 1477 Operam,
3080 1409 3169 1464 alii
3218 1422 3409 1466 centra

1832 1492 1885 1544 iu
1935 1493 2082 1546 vitiis
2130 1507 2508 1563 perseverant.
2578 1497 2690 1553 Illis
2737 1499 2955 1568 quidem
3011 1501 3321 1571 benignitas
3350 1504 3417 1557 ad

1827 1581 2062 1636 salutem
2099 1588 2538 1654 consequendam
2575 1588 2776 1642 auxilio
2814 1598 2918 1652 est,
2954 1588 3073 1644 aliis
3117 1600 3305 1646 contra
3334 1601 3419 1646 est

1825 1676 2010 1731 exitio.
2047 1675 2170 1732 Illos
2207 1679 2448 1742 roborat,
2477 1680 2574 1734 hos
2607 1692 2838 1735 enervat
2873 1701 2885 1736 :
2925 1682 3047 1738 illos
3074 1686 3280 1752 pudore
3322 1701 3412 1740 or-

1828 1773 1942 1829 nat,
1969 1765 2093 1820 aliis
2126 1782 2255 1821 vero
2312 1771 2566 1822 ruborem
2602 1771 2799 1824 anl‘ert.
2849 1772 3045 1825 Verum
3099 1789 3208 1827 non
3273 1776 3417 1844 quod

1823 1859 2007 1912 statim
2032 1874 2203 1928 pmna:
2229 1861 2536 1930 exigantur,
2562 1862 2766 1917 ideirco
2789 1878 2977 1918 omnes
3000 1865 3258 1921 similiter
3285 1883 3413 1922 eor-

1825 1950 2093 2020 riguntur.
2152 1952 2331 2020 Aliqui
2408 1954 2550 2006 enim
2608 1962 2667 2007 ut
2719 1955 3076 2009 inhumanum
3128 1959 3255 2026 quid
3310 1960 3413 2012 boc

1823 2051 2100 2096 accusant.
2128 2043 2232 2096 Alii
2262 2058 2387 2097 vero
2408 2054 2552 2097 metu
2573 2045 2815 2112 quidem,
2841 2061 2946 2099 non
2978 2061 3185 2112 amore,
3213 2063 3242 2101 a
3269 2048 3416 2102 vitiis

1824 2134 2121 2200 abstinent,
2193 2145 2249 2189 et
2307 2136 2393 2189 isti
2431 2137 2648 2203 quidem
2695 2137 2919 2203 justitiae
2963 2138 3292 2194 reluctantes
3339 2141 3417 2194 in-

127 2235 251 2284 κεῖν
281 2231 619 2301 πειρῶνται·
658 2232 704 2281 οἱ
739 2229 792 2281 δὲ
825 2229 1020 2281 παθεῖν
1053 2229 1346 2297 φεύγοντες
1369 2268 1382 2292 ,
1425 2229 1486 2278 οὺ
1519 2225 1720 2297 δρῶσιν

1825 2224 1958 2294 iuria
1983 2226 2119 2278 alios
2146 2233 2414 2280 conantur
2445 2223 2683 2280 allicere.
2722 2225 2828 2280 Alii
2873 2227 2982 2297 pati
3037 2227 3265 2297 injurias
3319 2245 3409 2284 re-

126 2324 166 2378 ἃ
189 2324 322 2396 δρᾷν
350 2323 636 2375 ἐθέλωσιν·
668 2320 927 2390 ἀμείνους
957 2321 1054 2390 μὲν
1082 2321 1235 2382 ὅντες
1271 2319 1378 2373 τῶν
1406 2319 1540 2390 μηδὲ
1570 2319 1722 2388 φόϐῳ

128 2410 656 2481 σωφρονιζομένων,
703 2410 1120 2480 καταδεέστεροι
1157 2409 1214 2461 δὲ
1244 2407 1351 2462 τῶν
1385 2410 1534 2478 πόθῳ
1571 2409 1719 2461 εὐδο-

127 2499 469 2570 κιμούντων.
513 2498 741 2569 πλέονῆ
783 2499 906 2552 ὅσον
957 2499 1110 2551 αὐτοὶ
1152 2499 1412 2568 ἀμείνους
1458 2499 1565 2550 εἰσὶ
1605 2497 1718 2549 τῶν

132 2591 273 2660 μηδὲ
303 2592 399 2660 τὴν
421 2590 576 2659 δίκην
603 2590 934 2643 δεδοικότων.
953 2591 1015 2642 Οἱ
1046 2590 1144 2660 μὲν
1165 2591 1272 2661 γὰρ
1299 2591 1396 2660 τὴν
1427 2589 1718 2659 τιμωρίαν,

124 2684 177 2734 οἱ
195 2682 251 2733 δὲ
275 2681 371 2752 τὴν
397 2683 672 2752 σωτηρίαν
693 2682 971 2751 φεύγουσι·
991 2682 1141 2734 κα“ιοί
1170 2683 1266 2750 μὲν
1283 2685 1342 2734 τὸ
1364 2682 1438 2752 μὴ
1457 2681 1638 2734 δοῦναι
1655 2679 1722 2732 δί-

127 2786 259 2840 κην,
278 2771 395 2822 οἱδὲ
410 2771 469 2821 τὸ
482 2769 663 2822 δοῦναι
683 2769 989 2823 διώκουσιν.
1010 2770 1166 2822 Ἐπεὶ
1186 2770 1364 2824 τοίνυν
1391 2771 1442 2822 τί
1468 2771 1720 2840 ποιητέον

128 2860 588 2932 ἐφηςὲντοσαύτῃ
605 2860 882 2930 συγχύσει,
903 2860 1146 2931 ἀκριϐῶς
1167 2862 1265 2931 μὲν
1283 2861 1382 2914 οὐκ
1401 2861 1506 2930 ἔχω
1518 2861 1716 2928 λέγειν.

141 2954 203 3006 Ὀ
232 2955 342 3024 γὰρ
366 2953 462 3016 τὰς
481 2953 710 3024 καρδίας
734 2953 1054 3023 ἐμϐατεύων
1084 2949 1192 3006 οἶδε
1215 2969 1226 2980 ·
1255 2953 1395 3023 πλὴν
1425 2953 1522 3016 ὡς,
1544 2952 1719 3021 ἔγωγε

127 3042 325 3118 οἶμαι,
362 3047 467 3117 χρὴ
510 3049 602 3100 ἐπὶ
647 3047 744 3116 μὲν
788 3048 901 3109 τοῖς
956 3047 1173 3117 μικροῖς
1223 3045 1637 3116 ἁμαρτήμασιν,
1670 3045 1718 3096 εἰ

1821 2327 2076 2370 cusanles
2128 2331 2235 2371 non
2277 2315 2486 2372 faciunt
2536 2333 2656 2387 qua:
2697 2318 2880 2374 facere
2910 2321 3132 2387 vellent,
3165 2321 3416 2376 meliores

1821 2409 2039 2478 quidem
2083 2409 2166 2463 bis
2194 2409 2527 2465 exsisteutes
2560 2410 2650 2478 qui
2681 2426 2750 2465 ne
2786 2421 2931 2465 metu
2979 2413 3199 2480 quidem
3229 2414 3406 2467 adacti

1825 2509 2192 2570 temperantes
2248 2501 2385 2554 [lunt
2443 2515 2507 2556 ac
2547 2501 2912 2566 continentes,
2952 2511 3102 2557 tanto
3157 2502 3244 2558 bis
3285 2502 3417 2558 infe--

1825 2593 1999 2647 riores
2059 2593 2148 2662 qui
2208 2592 2479 2648 desiderio
2511 2593 2727 2649 virtutis
2792 2594 2915 2648 boui
2966 2595 3159 2650 haberi
3206 2595 3412 2661 volunt,

1821 2692 2028 2754 quanto
2081 2683 2335 2738 meliores
2381 2684 2448 2739 iis
2489 2684 2580 2754 qui
2641 2699 2707 2738 ne
2753 2686 3018 2754 supplicia
3045 2685 3265 2754 quidem
3302 2702 3418 2742 me-

1826 2782 2003 2828 tuunt.
2057 2772 2137 2826 llli
2196 2773 2340 2826 enim
2398 2773 2748 2842 supplicium,
2793 2775 2845 2826 bi
2896 2790 3024 2829 vero
3071 2775 3300 2829 salutem
3331 2772 3419 2828 lu-

1822 2864 1998 2933 ginut.
2055 2863 2118 2916 Et
2153 2863 2227 2916 illi
2278 2863 2494 2932 quidem
2539 2879 2605 2917 ue
2637 2865 2766 2917 dent
2799 2879 3011 2932 paruas,
3049 2866 3101 2918 bi
3136 2879 3268 2919 vero
3305 2867 3414 2934 pati

1824 2965 2105 3028 exoptant.
2140 2957 2369 3023 Quando
2410 2956 2577 3024 igitur
2615 2955 2743 3024 quid
2779 2956 2920 3010 lucto
2944 2956 3016 3010 sit
3041 2972 3178 3026 Opus
3217 2956 3271 3009 in
3309 2956 3412 3010 hoc

1824 3065 2012 3106 rerum
2037 3059 2180 3104 statu
2205 3049 2430 3117 quaeris,
2471 3062 2581 3100 non
2611 3062 2829 3115 possum
2884 3048 3137 3116 equidem
3161 3057 3417 3102 accurate

133 3140 237 3209 μὲν
288 3139 644 3202 λανθάνοντες
694 3136 1073 3208 βελτιοῦνται,
1123 3137 1258 3206 μηδὲ
1313 3137 1513 3190 εἰδέναι
1555 3153 1719 3206 προσ·

1826 3147 2029 3199 dicere.
2065 3139 2223 3194 Novit
2258 3137 2346 3192 ille
2372 3137 2460 3205 qui
2493 3137 2657 3191 corda
2683 3145 2962 3190 scrutatur
2999 3138 3139 3191 Deus
3180 3158 3190 3192 :
3228 3147 3408 3190 tamen

133 3230 437 3283 ποιεῖσθαι·
474 3231 522 3282 εί
571 3230 626 3283 δὲ
656 3232 735 3292 είς
775 3229 836 3282 τὸ
872 3230 1053 3300 χεῖρον
1094 3229 1422 3297 τρέπονται,
1459 3228 1596 3298 μετὰ
1626 3228 1718 3281 τὸν

130 3320 356 3391 ἔλεγχον
385 3320 480 3374 καὶ
512 3319 609 3391 τὴν
641 3319 868 3390 μετρίαν
899 3317 1242 3388 ἐπιτίμησιν,
1271 3319 1604 3388 συγγνώμην
1634 3318 1720 3372 νέ-

135 3428 286 3482 μειν,
339 3411 433 3462 ἐπὶ
471 3410 527 3463 δὲ
561 3391 684 3472 ’τοῖς
746 3408 1008 3478 μεγάλοις
1068 3407 1274 3478 ταύτην
1322 3409 1717 3478 ταμιεύεσθαι,

65 3493 102 3526 \
133 3503 233 3556 καὶ
271 3502 625 3573 σωφρονίζειν
664 3503 788 3564 τοὺς
818 3499 1111 3563 πταίοντας
1142 3541 1155 3565 ,
1196 3501 1289 3554 καὶ
1319 3501 1587 3571 χωρισμῷ
1626 3503 1721 3554 καὶ

134 3595 426 3666 ὲπ.τιμί;ι,
466 3595 570 3658 ἕως
637 3594 702 3647 ἂν
755 3593 1162 3663 μετανοήσωσι,
1231 3593 1325 3646 καὶ
1393 3594 1512 3646 τότε
1567 3610 1728 3663 προσ-

137 3687 338 3742 ίεσθαι.

422 3871 575 3939 ΣιιΖν.
608 3902 675 3912 -
713 3873 914 3925 ΙΩΣΗΦ
955 3869 1427 3942 ΠΡΕΣΒΥΤΕΡῼ.

1823 3248 1879 3293 ut
1912 3233 2165 3305 equidem
2203 3230 2460 3293 arbitror,
2503 3242 2667 3297 parva
2698 3228 2855 3292 vitia,
2894 3227 2937 3284 si
2970 3227 3188 3282 occulte
3221 3243 3410 3284 emen-

1824 3331 2040 3392 dentur,
2077 3325 2240 3380 etiam
2272 3335 2397 3375 sunt
2439 3320 2856 3374 dissimulanda.
2893 3321 2950 3374 Si
2981 3335 3111 3376 vero
3159 3321 3215 3375 in
3253 3322 3411 3377 dete-

1833 3422 1946 3474 rius
1973 3417 2102 3472 vitia
2137 3424 2362 3484 vergant
2385 3422 2506 3480 post
2539 3413 2940 3482 correptionem
2977 3422 3032 3468 et
3073 3413 3415 3468 moderatam

1830 3509 2194 3580 punitionem,
2256 3504 2413 3556 venia
2451 3512 2536 3558 est
2602 3502 2799 3558 danda.
2855 3503 2912 3557 ln
2955 3504 3169 3574 magnis
3226 3515 3409 3558 autem

1821 3600 2058 3669 peccatis
2097 3596 2234 3648 hanc
2266 3607 2549 3647 reservare
2573 3602 2627 3646 et
2665 3603 2954 3662 peccantes
2997 3602 3212 3659 Oportet
3242 3595 3410 3646 corri-

1820 3706 1967 3760 gere.
2011 3687 2206 3758 partim
2271 3685 2391 3740 illos
2436 3686 2810 3754 segregaudo,
2862 3686 3061 3755 partim
3133 3684 3411 3755 puniendo

1820 3781 1994 3836 donec
2021 3778 2366 3843 resipiscam,
2395 3791 2456 3828 ac
2498 3785 2625 3830 tunc
2654 3779 2972 3846 recipiendi.

1991 3866 2282 3924 CCXCVII.
2318 3896 2386 3904 --
2411 3864 2717 3923 JOSEPI’IO
2752 3866 3234 3924 PRESBYTERO.

1328 3963 1637 4019 Sacerdolio
1663 3983 1766 4020 non
1794 3963 2221 4036 superbiendum.

210 4057 274 4110 Εἰ
304 4055 402 4126 μὲν
424 4057 482 4110 τὸ
511 4056 618 4109 τῶν
642 4056 815 4110 ἄλλων
844 4057 944 4109 οὐκ
975 4052 1069 4108 οἷδ’
1109 4056 1257 4118 ὅπως
1295 4056 1720 4126 προκεκρίσθαι,

137 4147 239 4199 καὶ
284 4147 363 4208 εἰς
411 4145 712 4216 ίερωσύνην
742 4144 1182 4214 κατατετάχθαι,
1220 4144 1462 4216 ὲφύσησέ
1501 4163 1595 4212 σε,
1628 4147 1723 4200 κα.)⁴

141 4237 288 4307 μέγα
328 4239 543 4307 φρονεῖν
585 4237 1020 4306 παρεσκεύασεν,
1064 4237 1139 4300 ὡς
1183 4237 1318 4308 μηδὲ
1351 4239 1475 4301 τοὺς
1516 4239 1573 4291 ὲν
1612 4242 1724 4302 τοῖς

141 4326 408 4396 ὑπηκόοις
440 4325 730 4388 τελοῦντας
772 4327 891 4396 μὲν,
940 4325 1365 4394 εὐδοκιμοῦντας
1408 4326 1463 4379 δὲ
1497 4327 1718 4398 ζηλοῦν,

139 4418 278 4473 ὲλεῶ
309 4433 367 4469 σε
405 4418 501 4486 τῆς
537 4417 743 4479 ἀνοίας.
772 4417 833 4469 Et
865 4417 919 4469 δὲ
953 4418 1055 4470 οὐκ
1088 4417 1256 4482 ἀξιοῖς
1293 4418 1427 4486 πρὸς
1461 4419 1722 4483 ἐλάττους

137 4512 295 4582 ὀρᾷν,
343 4510 624 4564 καὶτοῦτο
658 4509 789 4563 αὐτὸ
829 4509 1164 4562 δεινότατον·
1210 4512 1257 4562 εί
1296 4509 1405 4563 τῶν
1442 4511 1720 4578 τοσοῦτον,

137 4603 216 4666 ὡς
249 4604 374 4665 οίει,
401 4603 741 4672 λειπομένων
782 4605 846 4674 τῇ
891 4602 1016 4673 ἀξίᾳ
1043 4601 1243 4672 χείρων
1289 4601 1346 4654 ἐν
1379 4604 1490 4666 τοῖς
1541 4602 1723 4673 ἔργοις

140 4692 404 4761 φανείηςο
466 4691 557 4745 καὶ
611 4685 685 4743 ὧν
732 4695 974 4763 κρατεῖν-
1016 4693 1168 4746 οὐδὲν
1217 4693 1325 4762 ἡγῇ
1382 4689 1719 4760 Θαυμαστὸν,

138 4782 346 4835 τούτων
375 4782 642 4852 ἡττᾶσθαι
672 4781 864 4847 δόξεις.
900 4784 1008 4835 Καὶ
1043 4783 1148 4855 μὴν
1171 4785 1219 4837 εί
1260 4786 1529 4840 κάκείνων
1556 4785 1719 4857 ρᾳθυ-

147 4873 280 4943 μίας
320 4873 471 4926 ἔπνει
512 4875 539 4927 ό
568 4874 701 4943 βίος,
737 4873 795 4926 σὲ
827 4874 925 4926 οὐκ
958 4875 1066 4927 ἔδει
1102 4877 1201 4944 τὴν
1235 4877 1363 4948 περὶ
1390 4878 1488 4948 τὴν
1521 4879 1723 4949 ἀρετὴν

143 4963 458 5031 ἐπιμέλειαν
481 4963 762 5032 προέσθαι.
791 4963 863 5014 Τὸ
888 4963 996 5034 γὰρ
1026 4964 1190 5035 μέσον
1218 4968 1353 5037 πρὸς
1371 4968 1616 5031 ἐκείνους
1642 4986 1721 5023 σοι

140 5054 244 5106 οὐκ
269 5053 450 5121 ὀλίγον
481 5054 742 5133 ὑπάρχον,
769 5053 1033 5124 ἀφῃρεῖτο
1066 5057 1165 5125 τὴν
1197 5058 1554 5130 συγγνώμην.
1584 5062 1645 5114 Εἰ
1668 5061 1723 5114 δὲ

142 5145 341 5197 ἐκεῖνοι
390 5146 489 5213 μὲν
528 5145 901 5217 λαμπρότεροι
954 5149 1050 5200 καὶ
1101 5149 1524 5223 εὐδοκιμὼτεροί
1560 5154 1719 5216 εἰσιν,

145 5239 322 5290 καίτοι
373 5238 462 5290 τὸν
509 5238 849 5309 ἡγησόμενον
897 5239 999 5291 οὐκ
1055 5237 1268 5310 ἔχοντες
1296 5281 1310 5304 ,
1349 5247 1411 5295 σὺ
1466 5244 1522 5296 δὲ
1568 5243 1724 5308 (ἀλλ’

145 5327 297 5380 οὐδὲν
345 5327 605 5397 βούλομαι
644 5328 906 5400 δυσχερὲς
945 5331 1162 5401 εἰπεῖν)
1197 5331 1292 5386 θέα
1326 5327 1380 5385 οῖ
1414 5334 1640 5406 τελευτᾷ
1669 5334 1728 5389 τὸ

150 5436 180 5471 κ
189 5433 316 5470 ακον
325 5460 335 5472 .

457 5598 622 5665 Τῌῐν.
657 5627 724 5637 -
755 5597 1056 5669 ΕΥΤΟΝΙῼ
1087 5601 1409 5672 ΔΙΑΚΟΝῼ.

1901 4055 1958 4108 Si
2011 4063 2298 4122 propterea
2359 4051 2501 4120 quod
2572 4050 2696 4107 aliis
2767 4051 2954 4106 nescio
3009 4051 3282 4121 quomodo
3339 4055 3418 4107 sis

1822 4144 2101 4216 pra-latus,
2139 4151 2194 4196 et
2240 4142 2293 4196 in
2326 4143 2619 4196 sacerdotii
2667 4144 2913 4197 ordinem
2947 4151 3281 4211 assumptus.
3334 4145 3416 4199 id-

1820 4241 1970 4293 circo
2003 4235 2304 4305 superbius,
2347 4235 2629 4305 altumque
2682 4236 2883 4303 sapias,
2938 4233 3105 4305 650
3146 4244 3203 4289 ut
3236 4250 3413 4303 neque

1821 4344 1913 4385 cos
1940 4328 2031 4397 qui
2059 4328 2205 4381 inter
2237 4326 2514 4394 subjectos
2547 4327 2772 4397 quidem
2806 4328 3030 4396 imperio
3079 4340 3291 4397 parent,
3323 4332 3416 4383 sed

1827 4420 1979 4491 probi
2007 4420 2137 4484 sint,
2166 4427 2220 4471 et
2247 4418 2420 4488 gloria
2459 4418 2617 4484 clari,
2659 4419 2909 4485 imiteris,
2951 4419 3026 4472 tui
3074 4433 3160 4474 me
3187 4420 3414 4474 demen-

1831 4515 1898 4567 tis
1933 4512 2176 4564 miseret.
2233 4508 2286 4562 Si
2346 4524 2480 4565 vero
2512 4527 2576 4567 ne
2610 4513 2848 4580 digneris
2875 4511 3094 4580 quidem
3130 4509 3418 4566 inferiores

1826 4613 1878 4659 te
1914 4608 2204 4674 respicere,
2258 4615 2422 4676 atque
2465 4605 2695 4673 idipsum
2742 4603 2899 4670 longe
2934 4602 3340 4673 gravissimum,
3370 4606 3414 4659 si

1825 4697 1888 4751 iis
1913 4697 2004 4766 qui
2045 4708 2350 4764 tantopere,
2386 4707 2443 4750 ut
2474 4706 2652 4766 putas,
2682 4695 2775 4749 tibi
2817 4695 3086 4765 dignitate
3117 4693 3410 4749 inferiores

1825 4799 1970 4850 sunt,
2010 4791 2061 4843 in
2087 4792 2344 4860 operibus
2375 4789 2617 4844 deterior
2643 4803 2929 4857 apparens,
2969 4796 3023 4842 et
3067 4788 3266 4856 quibus
3312 4787 3416 4840 im-

1825 4893 2018 4945 perare
2042 4879 2174 4933 nihil
2207 4880 2402 4933 mirum
2452 4878 2626 4943 ducis,
2676 4879 2744 4931 ab
2783 4878 2850 4931 iis
2873 4877 3118 4946 superari
3152 4877 3417 4932 videaris.

1833 4965 1944 5020 Etsi
1971 4967 2114 5020 enim
2141 4969 2249 5021 vita
2281 4967 2494 5021 illorum
2532 4966 2930 5036 iguaviacpleua
2952 4975 3119 5029 eSset,
3154 4976 3204 5021 te
3238 4974 3418 5023 tamen

1837 5072 1940 5111 non
1968 5058 2258 5128 oportebat
2299 5058 2522 5114 virtutis
2557 5058 2796 5112 studium
2843 5059 3226 5113 intermittere.
3283 5056 3420 5112 Nam

1833 5149 2178 5204 intervallum
2211 5150 2353 5219 quod
2411 5151 2551 5204 inter
2605 5160 2655 5204 te
2713 5159 2768 5204 et
2809 5149 2930 5204 illos
2965 5150 3254 5204 intercedit
3310 5165 3417 5203 non

1825 5242 2105 5310 exiguum,
2138 5241 2347 5297 veniam
2379 5242 2471 5297 tibi
2500 5243 2750 5310 denegat.
2808 5240 2863 5296 Si
2896 5257 3026 5298 vero
3057 5242 3130 5296 illi
3159 5241 3423 5296 clariores

1827 5330 2281 5400 probatioresque
2334 5332 2446 5386 sint
2494 5346 2559 5387 ac
2616 5334 2755 5388 duce
2800 5342 3084 5398 carentes,
3125 5344 3179 5388 tu
3232 5340 3410 5386 tamen

1830 5423 1979 5490 (nolo
2001 5423 2146 5478 enim
2176 5423 2303 5493 quid
2331 5425 2552 5495 gravius
2574 5424 2777 5495 dicere)
2806 5423 3091 5480 considera
3123 5438 3418 5496 quemnam

1836 5510 1998 5566 tinem
2029 5511 2228 5565 malum
2274 5511 2375 5566 hoc
2412 5513 2667 5582 reperiet.

2046 5602 2366 5659 CCXCVIII.
2407 5633 2477 5643 —
2529 5603 2834 5660 EUTONIO
2884 5602 3206 5660 DIACONO.

1000 5691 1174 5748 Virtus
1207 5695 1484 5748 calumnia'
1517 5695 1765 5750 obnoxia.
1803 5696 1980 5766 (Cani.
2011 5697 2164 5764 epist.
2189 5695 2296 5750 294
2325 5705 2374 5750 et
2409 5695 2562 5768 5H.)

219 5785 308 5856 Μὴ
340 5786 524 5857 νόμιζε
567 5787 642 5857 τῷ
693 5790 884 5842 ἀσκεῖν
912 5787 1133 5859 ἀρετὴν,
1176 5788 1274 5853 τὰς
1303 5788 1554 5854 διαϐολὰς
1589 5791 1704 5844 δια-

1886 5791 2034 5847 Cave
2071 5791 2349 5848 existimes
2368 5794 2627 5849 virtutem
2659 5792 2968 5849 exercendo
3000 5800 3050 5848 te
3082 5791 3413 5850 calumniam
