4122 6452
175 418 310 486 ISIT

1029 419 1563 484 EPISTOLARUM
1605 419 1750 478 LIB.
1790 417 1857 478 ν.
1900 441 1966 452 ·-·
1994 416 2230 477 EPIST.
2273 417 2557 477 CCCXIV.

3290 413 3428 481 1518

157 535 437 604 δαίμονες.
473 537 613 592 Πᾶσι
668 539 778 611 γὰρ
813 539 1038 610 ἀγαθοῖς
1085 539 1484 609 ἀπεχθάνονται
1530 539 1622 592 καὶ
1651 538 1738 590 ἀν-

1847 535 2141 601 daemones,
2167 535 2420 591 omnibus
2463 550 2592 591 vero
2626 533 2784 590 invisi
2821 543 2950 589 sunt
2995 534 3153 590 bonis
3183 542 3292 590 tam
3331 535 3454 592 bo-y

161 623 407 695 θρώποις
432 630 524 682 καὶ
558 632 870 702 πράγμασι.
887 631 1146 701 Λυπηρδν
1163 631 1219 685 δὲ
1242 631 1385 684 ἆπαν
1412 628 1742 700 νομίζουσιν,

160 717 364 770 ὁπόσον
392 719 598 790 ἀρετῆς
623 721 781 788 δόξαν
830 723 1118 792 ἠνέγκατο.
1148 721 1306 775 Κατὰ
1356 723 1455 793 μὲν
1488 721 1595 793 γὰρ
1636 720 1746 774 τῶν

161 807 409 861 εὐσεϐῶν
485 812 889 879 νεανιεύονται,
947 815 1090 868 κατά
1163 815 1220 868 δὲ
1267 813 1376 867 τῶν
1437 813 1744 870 σπουδαίων

163 900 554 967 κωμάζουσιν,
622 903 875 976 ὑϐρισταὶ
931 904 1083 967 ὄντες
1144 907 1237 959 καὶ
1263 904 1598 969 ἀτάσθαλοι,
1650 905 1748 958 καὶ

162 989 332 1058 κόρον
360 991 468 1046 τῶν
499 994 685 1048 κακῶν
714 996 813 1050 οὐκ
854 996 1076 1060 ειδότες.
1117 995 1257 1064 Ἐγὼ
1280 994 1335 1049 δὲ
1356 995 1590 1060 ἁκούων,
1620 992 1744 1049 οὔτε

157 1080 524 1151 ἐπιστομίσαι
572 1083 735 1139 αὐτὸν
759 1086 1044 1157 ἠδυνάμην
1070 1087 1295 1158 (πάντες
1333 1087 1442 1158 γὰρ
1464 1088 1513 1138 οἶ
1545 1086 1749 1158 παρόν⁹

159 1186 262 1232 τες
294 1171 370 1235 ὡς
403 1173 580 1246 ἀληθῆ
631 1175 795 1229 αὐτὸν
841 1178 1144 1250 ἐκρότουν),
1174 1177 1297 1232 οὔτε
1347 1176 1589 1248 παντελῆ
1625 1194 1746 1232 σιω-

167 1260 284 1331 πὴν
305 1263 546 1334 ἦσκησα.
595 1266 737 1321 Ἀλλ’
771 1268 942 1323 εἰπὼν
971 1269 1140 1340 αὐτῷ,
1173 1269 1417 1322 πιστεύω
1441 1270 1534 1322 καὶ
1563 1268 1747 1323 παλιν-

162 1352 334 1422 ῳδίας
366 1354 519 1427 ᾴσειν
565 1357 706 1428 (91)·
735 1360 794 1411 ού
824 1359 932 1431 γὰρ
955 1359 1128 1423 οὕτως
1166 1361 1304 1413 εἰσὶν
1327 1361 1639 1432 ἀνάλγητοι,
1668 1361 1746 1426 ὠς

163 1443 386 1498 ἑλέσθαι
428 1449 704 1512 τοσούτοις
751 1451 1067 1521 ὲμπαρῆναι
1112 1451 1277 1522 μέχρι
1321 1453 1508 1516 τέλους
1538 1455 1743 1517 ⁸κακοῖς

163 1532 264 1584 ἐπὶ
294 1532 353 1585 τὸ
380 1535 617 1606 χαράξαι
637 1537 702 1590 τὰ
723 1538 1026 1609 γράμματα
1043 1538 1212 1594 ταῦτα
1238 1539 1535 1612 παρῆλθον.
1555 1541 1745 1612 Ὑμεῖς

160 1617 260 1675 οὖν
297 1623 362 1677 ἂν
405 1625 552 1697 ετητε
605 1627 803 1681 δίκαιοι
843 1630 944 1699 ἤδη
997 1630 1300 1700 σκέψασθαι
1355 1631 1482 1702 περὶ
1513 1630 1742 1696 ἑαυτῶν,

161 1713 335 1778 ὅπως,
371 1715 418 1768 εί
451 1717 544 1770 καὶ
595 1717 697 1782 τῆς
739 1718 973 1790 κρίσεως
1026 1722 1152 1791 ὑμῖν
1199 1721 1357 1788 λόγος
1401 1721 1594 1786 οὐδεὶς,
1647 1719 1745 1791 τὴν

161 1805 424 1878 τοιαύτην
451 1809 667 1877 ἀδοξίαν
699 1811 1095 1883 ἀποτρίψησθε.

344 2117 488 2175 TIB'.
514 2148 584 2162 -
603 2117 1066 2195 armasse
1097 2121 1563 2194 urssnr'rsrq.

1850 628 2084 682 minibus
2121 641 2282 696 quam
2333 629 2514 684 rebus.
2555 624 2826 697 Quidquid
2878 627 3025 683 enim
3069 625 3292 685 virtutis
3337 643 3435 684 no-

1848 721 1994 776 mine
2023 718 2313 788 laudabile,
2357 719 2408 775 id
2435 735 2600 777 omne
2630 719 2785 776 triste
2814 717 3125 791 malumque
3148 733 3277 776 esse
3311 719 3431 789 opi-

1848 823 2070 870 nantur.
2111 812 2250 884 Erga
2283 811 2403 882 pios
2431 827 2562 868 vero
2587 810 2899 882 iuveniliter
2932 820 3124 883 agunt,
3142 811 3211 867 ad
3231 810 3435 866 virtute

1847 905 2104 976 praeditos
2132 904 2430 961 insolenter
2458 921 2520 962 se
2541 909 2738 972 gerunt
2764 922 2778 959 :
2803 903 2990 974 injusti
3021 905 3249 976 perinde
3270 911 3434 974 atque

1849 995 2106 1064 improbi,
2139 995 2229 1065 qui
2261 997 2570 1052 exsaturati
2604 1010 2877 1067 nunquam
2905 995 3135 1067 possint.
3172 992 3432 1065 Equidem

1847 1086 1900 1142 id
1946 1087 2194 1154 audiens,
2231 1101 2407 1158 neque
2451 1103 2514 1144 os
2561 1087 2815 1144 claudere
2859 1087 3008 1156 potui
3043 1086 3257 1155 (omnes
3288 1083 3434 1140 enim

1845 1177 1938 1246 qui
1974 1177 2223 1246 aderant,
2245 1187 2306 1234 ut
2337 1180 2579 1236 narranti
2609 1194 2734 1236 vera
2767 1175 3218 1250 applaudebant),
3255 1188 3432 1246 neque

1845 1270 2069 1326 omnino
2102 1269 2376 1326 silentium
2427 1272 2598 1338 tenui,
2647 1269 2741 1328 sed
2793 1269 2915 1326 viro
2953 1267 3030 1324 illi
3074 1266 3185 1322 dixi
3215 1284 3231 1322 :
3258 1264 3435 1322 Credo

1844 1362 2129 1431 equidem,
2176 1363 2270 1419 sed
2329 1362 2662 1434 palinodiam
2714 1362 2816 1432 ipsi
2858 1368 3090 1424 canent,
3140 1358 3435 1428 funemque

1847 1455 2137 1523 reducent;
2193 1471 2372 1527 neque
2434 1457 2578 1512 enim
2628 1456 2764 1512 adeo
2807 1464 2939 1510 sunt
2987 1452 3212 1524 stupidi,
3271 1460 3436 1520 atque

1846 1545 2090 1607 hebetes.
2126 1557 2185 1603 ut
2223 1548 2379 1604 malis
2427 1547 2736 1617 huiusmodi
2787 1546 2856 1601 ad
2902 1553 3214 1600 extremum
3259 1554 3432 1608 usque

1846 1638 2098 1707 spiritum
2143 1641 2407 1695 inhaerere
2444 1641 2718 1694 studeant.
2751 1637 2922 1708 Igitur
2963 1635 3180 1691 tandem
3226 1631 3294 1686 ad
3336 1630 3435 1684 bas

1846 1729 1965 1797 ipse
2017 1730 2230 1787 litteras
2281 1731 2586 1787 exarandas
2631 1745 2752 1787 sum
2801 1728 3090 1785 adductus.
3123 1725 3234 1781 Vos
3270 1722 3436 1794 igitur

1847 1837 1955 1890 quo
1973 1822 2106 1889 justi
2147 1823 2285 1888 sitis,
2317 1837 2458 1879 nunc
2491 1821 2645 1879 vobis
2669 1821 2769 1893 ipsi
2809 1818 3101 1885 consulite,
3130 1826 3193 1874 ut
3228 1816 3274 1873 si
3303 1815 3436 1887 quid

1775 1888 1816 1944 Β
1840 1888 2033 1982 jndicil
2083 1915 2237 1971 vobis
2267 1925 2354 1972 est
2395 1888 2706 1986 reliquum;
2739 1915 2878 1971 hanc
2908 1922 3148 1971 vestram
3195 1909 3433 1983 ignomi-

1853 2007 1996 2062 niam
2022 2008 2270 2064 deleatis.

1958 2113 2207 2172 CCCXII.
2251 2142 2320 2156 —-
2353 2113 2802 2172 EBMISANDRO
2843 2111 3324 2172 PRESBYTERO.

1253 2215 1328 2267 De
1352 2217 1478 2280 ﬁcta
1505 2226 1552 2268 et
1586 2212 1838 2268 simulata
1877 2208 2342 2265 commiseratione.

254 2313 309 2367 'f)
339 2317 622 2385 συναλγεῖν
649 2321 749 2386 μὲν
779 2319 953 2374 δοκων
983 2323 1106 2383 ταῖς
1143 2322 1474 2390 συμφοραῖς,
1509 2319 1744 2391 δυνάμε-

160 2423 252 2470 νος
281 2405 338 2458 δὲ
371 2405 726 2477 ἐπανορθοῦν,
761 2410 855 2462 καὶ
879 2411 1339 2482 παραιτούμενος,
1373 2414 1600 2482 σημεῖον
1648 2414 1744 2483 μὲ-

162 2513 351 2566 γιστον
380 2498 501 2551 καθ’
525 2498 718 2551 ἑαυτοῦ
747 2499 993 2572 ἐκφέρει,
1025 2501 1121 2556 τοῦ
1156 2502 1230 2573 μὴ
1269 2503 1573 2572 συναλγεῖν,
1605 2503 1744 2557 ἀλλά

163 2588 512 2658 χρηστότητα
558 2590 950 2662 ὑποκρίνεσθαι
979 2593 1058 2663 τῷ
1111 2593 1186 2665 μὴ
1221 2593 1635 2665 βεϐοηθηκέναι.
1680 2595 1740 2647 Ei

160 2677 292 2747 γάρ,
323 2679 455 2748 φέρε
493 2680 686 2744 εἰπεῖν,
728 2680 913 2748 κύριος
941 2682 1018 2735 ὢν
1053 2683 1146 2737 τοῦ
1194 2683 1353 2737 λῦσαι
1392 2685 1484 2738 τὸν
1511 2685 1606 2738 τοῦ
1639 2670 1742 2738 πέ-

161 2781 326 2836 νητος
364 2766 540 2837 λιμὸν,
595 2768 714 2822 δέον
773 2768 931 2823 λῦσαι
987 2773 1080 2824 καὶ
1133 2772 1438 2837 ἀπαλλάξαι
1491 2775 1744 2827 κάκεῖνον

163 2861 472 2928 συμφορᾶς,
509 2859 604 2913 καὶ
628 2861 820 2915 ἑαυτὸν
863 2862 1063 2934 λύπης,
1097 2863 1384 2932 συναλγεῖν
1427 2867 1746 2933 προσποιεῖ-

159 2963 296 3012 ται,
344 2949 404 3001 ού
474 2949 854 3023 φιλάνθρωπός
905 2956 1076 3020 ἐστιν,
1129 2955 1268 3008 ἀλλὰ
1330 2955 1743 3025 φιλανθρωπίαν

162 3038 537 3113 ὑποκρίνεται.

425 3149 566 3206 Tll".
605 3181 674 3192 —
712 3154 947 3207 IEPAKI
989 3156 1480 3228 ΛΔΜΙΙΡΟΤΛΤῼ.

1921 2318 2022 2382 Qui
2063 2316 2300 2386 compati
2343 2329 2402 2370 se
2434 2313 2633 2370 dolenti
2679 2313 2851 2385 lingit,
2884 2327 3006 2370 cum
3037 2312 3226 2371 tollere
3271 2315 3428 2372 dolo-

1854 2425 1966 2464 rem
1998 2407 2168 2477 possit
2203 2415 2260 2460 et
2292 2414 2514 2476 rogatus
2543 2414 2649 2471 est,
2698 2405 2912 2476 signum
2961 2404 3198 2461 maxime
3243 2413 3430 2462 contra

1851 2512 1910 2554 se
1945 2497 2185 2560 exhibet,
2237 2494 2379 2564 quod
2440 2510 2566 2551 vere
2621 2509 2726 2550 non
2778 2494 3084 2563 condoleat,
3131 2499 3227 2552 sed
3277 2497 3433 2566 quasi

1853 2588 2039 2642 utilius
2067 2585 2274 2655 judicet
2312 2599 2467 2655 opem
2499 2600 2608 2640 non
2643 2583 2856 2641 ali‘crre.
2885 2585 3056 2658 654
3090 2586 3182 2642 Dic
3225 2585 3432 2658 itaque,

1849 2680 1894 2734 si
1929 2679 2098 2746 possit
2131 2677 2356 2748 pauperi
2403 2676 2640 2746 inopiam
2671 2675 2910 2744 auferre,
2949 2684 3003 2731 et
3031 2685 3305 2745 teneatur,
3346 2688 3432 2733 ato

1843 2781 1949 2835 que
1981 2765 2347 2820 calamitatem
2383 2765 2453 2820 ab
2495 2779 2562 2820 eo
2604 2772 2772 2835 queat
2817 2772 3092 2830 avertere,
3145 2765 3250 2822 sibi
3302 2781 3430 2823 vero

1845 2857 2083 2912 dolorem
2128 2839 2362 2928 eripere.
2399 2854 2622 2911 simulat
2674 2864 2856 2912 tamen
2903 2869 2964 2912 se
3001 2857 3263 2927 compati,
3319 2871 3423 2915 non

1845 2950 1932 3003 hic
1959 2950 2225 3004 humanus
2255 2959 2358 3015 est,
2394 2949 2487 3004 sed
2518 2947 2875 3005 humanitatis
2900 2946 3127 3006 ellictor.

1996 3151 2272 3211 CCCXIII.
2303 3178 2372 3192 --
2403 3148 2686 3206 HIERACI
2725 3148 3042 3208 (λιλαίεο.
3087 3149 3267 3210 νιιιο.

788 3245 862 3299 De
897 3247 1061 3316 o/ﬁcio
1089 3247 1308 3316 judicia.
1343 3247 1521 3318 (Couf.
1549 3252 1704 3316 epist.
1735 3247 1864 3311 τοι,
1904 3257 1951 3301 et
1985 3244 2256 3300 Philonem
2280 3242 2444 3300 Hebr.
2474 3243 2540 3299 de
2566 3241 2794 3314 judice.)

231 3350 423 3406 Πολλοὶ
454 3353 561 3408 τῶν
593 3351 896 3424 ἀνθρώπων
926 3354 960 3424 ἢ
1012 3353 1101 3407 διὰ
1159 3353 1469 3425 βραδύτητα
1513 3355 1740 3427 γνώμης

155 3440 473 3509 ἀνιχνεῦσαι
505 3441 570 3494 τὸ
611 3441 820 3496 δίκαιον
848 3445 947 3515 οὐχ
990 3439 1094 3498 οἷοί
1123 3445 1184 3497 τέ
1233 3447 1390 3511 εἰσιν,
1423 3447 1455 3517 ἢ
1492 3448 1737 3519 ἀνιχνεύο

158 3548 354 3597 σαντες
381 3534 741 3605 προδιδόασιν.
781 3535 851 3589 Ἢ
891 3537 1001 3607 γὰρ
1049 3536 1332 3608 ἀνάνδρως
1380 3537 1731 3608 φοϐηθέντες,

155 3624 194 3696 ἢ
232 3623 321 3676 διὰ
350 3625 654 3694 καπηλείαν
677 3627 1043 3696 πεπρακότες,
1072 3627 1104 3697 ἢ
1136 3627 1223 3680 διὰ
1254 3628 1436 3697 φιλίαν
1464 3629 1734 3683 αἰδεσθέν-

154 3729 275 3777 τες,
298 3714 332 3784 ἢ
355 3713 447 3767 ὑπ’
471 3714 670 3784 ἔχθρας
694 3716 1084 3785 ἐρεθισθέντες,
1106 3715 1202 3787 τὴν
1222 3717 1392 3790 ὀρθὴν
1414 3718 1476 3771 οὐ
1506 3718 1731 3791 φέρουσι

153 3803 358 3872 ψῆφον.
395 3803 515 3875 Χρὴ
547 3801 640 3857 οὖν
683 3805 775 3859 τὸν
821 3805 1085 3875 μέλλοντα
1118 3797 1338 3861 δικάσαι
1372 3808 1590 3879 πρῶτον
1632 3810 1732 3880 μὲν

158 3894 377 3948 συνέσει
409 3897 604 3966 κομᾷν,
640 3897 728 3953 ἴνα
768 3899 844 3968 μὴ
881 3897 1110 3971 διαλάθῃ
1140 3898 1200 3953 τὸ
1236 3900 1497 3971 θήραμα·
1542 3899 1734 3955 ἔπειτα

153 3982 218 4036 δὲ
243 3983 335 4037 καὶ
365 3979 576 4056 ἀνδρία,
606 3986 700 4040 καὶ
739 3977 1096 4059 καθαρότητι,
1137 3990 1232 4044 καὶ
1267 3990 1603 4062 δικαιοσύνῃ,
1637 3992 1734 4047 καὶ

157 4075 542 4146 ἁμνησικακία
597 4078 1008 4149 κεκοσμῆσθαι,
1069 4073 1156 4132 ἵνα
1219 4082 1298 4152 μὴ
1358 4081 1420 4134 τὸ
1472 4080 1736 4152 θηρευθὲν

159 4167 475 4239 προδοθείη.

461 4365 602 4418 ΤΙΔ’.
634 4396 702 4408 —
728 4365 934 4421 ΘΕΩΝῙ
965 4365 1420 4442 ΣΧΟΛΛΣΤΙΚῼ.

1915 3354 2161 3424 Plerique
2191 3352 2468 3409 hominum
2490 3352 2573 3406 vel
2602 3327 2672 3408 ob
2695 3350 2892 3406 mentis
2919 3351 3258 3416 tarditatem,
3281 3355 3425 3424 quod

1835 3447 2042 3513 justum
2083 3454 2139 3500 et
2194 3459 2409 3514 aequum
2460 3452 2566 3508 est,
2619 3443 2953 3515 investigare
2996 3454 3294 3512 nequeunt,
3342 3446 3427 3501 vel

1846 3534 2162 3604 inquisitum
2212 3532 2497 3603 produnt:
2530 3532 2619 3587 alii
2660 3531 2806 3588 enim
2844 3529 3083 3588 molliter
3124 3540 3429 3590 metuentes

1836 3635 2120 3694 quaerunt,
2163 3633 2254 3677 aut
2303 3623 2630 3693 cauponarie
2675 3623 2983 3688 venditant,
3034 3623 3120 3680 vel
3167 3624 3423 3681 amicitia:

1839 3717 2010 3788 gratia
2033 3715 2123 3785 jus
2147 3714 2333 3770 dicere
2375 3716 2620 3780 reveriti,
2657 3725 2752 3771 aut
2780 3715 2890 3772 odii
2924 3724 2979 3772 et
3011 3716 3422 3774 inimicitiarum

1844 3821 2008 3861 causa
2038 3807 2452 3870 contendentes,
2489 3804 2758 3872 judicium
2795 3806 2996 3876 injuste
3023 3807 3228 3865 ferunt.
3264 3809 3425 3866 Decet

1845 3897 2029 3966 itaque
2056 3898 2146 3966 qui
2168 3895 2335 3966 judcx
2361 3899 2690 3953 sententiam
2723 3896 2882 3965 feret,
2913 3898 3278 3968 prudentiain
3306 3899 3424 3970 pri-

1841 3989 1946 4044 mis
1973 3987 2198 4058 pollere,
2242 4002 2310 4045 ne
2341 3986 2522 4059 praeda
2568 3988 2811 4058 eﬂugiat.
2839 3989 3062 4056 Deinde,
3107 3990 3424 4050 fortitudine

1839 4090 1924 4134 est
1956 4093 2114 4149 opus,
2147 4089 2202 4134 et
2242 4079 2478 4150 puritate
2515 4088 2679 4151 atque
2707 4080 2943 4152 iustitia,
2985 4081 3420 4150 praeteritarum-

1838 4186 1942 4240 que
1974 4171 2248 4227 oblivione
2290 4173 2609 4242 injuriarum
2650 4173 2810 4229 debet
2851 4172 3127 4238 exornari,
3171 4187 3240 4230 ne
3277 4175 3420 4246 quod

1843 4273 2069 4316 venatus
2102 4274 2206 4327 eet,
2247 4262 2551 4332 prodidisse
2577 4262 2848 4318 videatur.

2036 4371 2310 4428 CCCXIV.
2341 4402 2413 4414 —
2441 4371 2696 4430 THEONI
2739 4372 3236 4432 SCHOLASTICO.

754 4477 1085 4534 Tentationes
1119 4479 1381 4543 quomodo
1415 4493 1738 4550 superentur.

1842 4482 1952 4551 onf.
1985 4484 2137 4551 epist.
2173 4481 2266 4543 59,
2291 4479 2378 4546 68,
2402 4481 2492 4546 Ἠ,
2519 4481 2649 4546 ⁸226,
2678 4481 2823 4542 270.)

227 4584 478 4651 Δυνατὸν,
511 4577 555 4638 ὧ
592 4586 857 4655 βέλτιστε,
899 4586 1181 4658 κρείττονα
1230 4587 1484 4657 γενέσθαι
1536 4606 1730 4660 πειρα-

1914 4591 2118 4655 Ιδυιρςι,
2154 4590 2238 4642 vir
2268 4591 2492 4658 optime,
2538 4594 2720 4646 virtuti
2754 4593 2967 4648 σοάῑιιιε
3009 4601 3274 4666 superare
3301 4605 3418 4651 ten—

156 4674 296 4743 ο·μοῦ
326 4674 415 4727 τὸν
446 4674 753 4747 φιλάρετον.
792 4678 1004 4730 Γίνεται
1040 4677 1096 4730 δὲ
1161 4678 1493 4751 ὑψηλότερος
1547 4699 1735 4752 πειρα-

154 4767 318 4834 σμοῦ,
357 4767 447 4818 καί
473 4767 589 4818 λύει
619 4769 799 4831 αὐτὸν,
828 4768 928 4820 οὐκ
955 4771 1011 4820 ὲν
1057 4767 1133 4837 τῷ
1173 4770 1404 4822 κωλύειν
1453 4773 1732 4836 παντελῶς

156 4858 296 4908 ίὲναι
340 4857 618 4919 (πολλάκις
650 4858 755 4927 γὰρ
779 4860 805 4910 ὁ
837 4857 967 4920 Θεὸς
991 4863 1269 4929 συγχωρεῖ
1291 4861 1732 4932 δοκιμασθῆναι),

152 4947 294 5000 ἀλλὰ
322 4950 378 4999 ἐν
417 4948 492 5018 τῷ
526 4948 786 5019 ἀνδρείως
821 4949 1007 5018 φέρειν
1038 4950 1106 5001 τὰ
1148 4950 1554 5017 συμπίπτοντα.
1610 4953 1732 5023 Χρὴ

151 5037 267 5107 γὰρ
298 5037 443 5090 λύειν
482 5039 570 5089 τὸν
606 5039 930 5108 πειρασμὸν,
972 5041 1019 5089 εὶ
1069 5040 1154 5090 καῖ
1216 5039 1409 5102 ἅλυτος
1465 5035 1601 5092 εἶναι
1644 5040 1727 5092 δο-

152 5127 300 5198 κοίη,
318 5128 404 5180 διά
433 5129 645 5197 σοφίας,
669 5130 761 5182 καὶ
778 5131 1001 5200 ἀρετῆς,
1027 5130 1086 5182 ού
1104 5129 1168 5181 δι’
1191 5129 1554 5197 ἀπογνώσεως
1586 5131 1726 5201 (9⁸2)·

150 5219 269 5270 λύει
297 5217 354 5271 δὲ
393 5218 459 5270 δι’
489 5218 689 5289 ἀρετῆς
717 5221 810 5272 καὶ
843 5218 1032 5286 σοφίας
1055 5219 1114 5271 ού
1147 5217 1224 5288 τῷ
1259 5220 1434 5288 πάντη
1477 5217 1728 5280 κωλύειν,

150 5309 290 5365 ἀλλὰ
324 5303 404 5380 τῷ
435 5309 735 5374 συνεθίζειν
768 5311 1033 5379 γενναίως
1074 5311 1259 5381 φέρειν
1294 5310 1360 5362 τὰ
1393 5312 1731 5378 συμπίπτον-

150 5417 240 5456 τα.
277 5402 337 5455 Εἰ
384 5401 490 5472 γὰρ
538 5404 632 5454 καὶ
691 5402 826 5472 βαρὺ
864 5402 922 5455 τὸ
973 5405 1236 5473 πρᾶγμα,
1277 5402 1391 5453 ἀλλ’
1442 5403 1583 5454 ἰᾶται
1633 5404 1730 5472 τὴν

1835 4684 2120 4736 tationem.
2160 4680 2290 4750 Ejus
2328 4683 2471 4736 enim
2508 4684 2567 4737 lit
2600 4683 2795 4750 victor,
2851 4699 2957 4741 non
3006 4686 3052 4740 si
3088 4696 3274 4742 arceat
3302 4702 3421 4742 om-

1836 4770 1963 4824 nino
1997 4769 2162 4840 (saepe
2201 4771 2345 4824 enim
2373 4773 2642 4842 permittit
2669 4774 2884 4842 probari
2922 4791 3051 4831 suos
3085 4776 3278 4844 Deus),
3321 4780 3416 4834 sed

1839 4862 2051 4915 fortiter
2079 4860 2301 4916 ferendo
2327 4877 2447 4932 quae
2470 4865 2720 4918 accidunt
2749 4867 2994 4923 adversa.
3028 4867 3250 4924 Solvere
3274 4871 3419 4925 enim

1837 4956 2188 5007 munitionem
2221 4963 2455 5023 oportet,
2490 4956 2594 5010 etsi
2650 4956 2869 5011 dissolvi
2909 4974 3014 5012 ron
3045 4973 3203 5027 posse
3232 4961 3416 5014 videa-

1838 5052 1954 5106 tur,
2025 5062 2148 5096 cum
2201 5047 2466 5113 sapientia
2515 5057 2634 5100 'tum
2685 5045 3033 5112 fortitudine,
3083 5050 3421 5118 desperando

1843 5151 1991 5196 vero,
2031 5135 2270 5190 minimc.
2305 5137 2642 5193 Fortitudine
2670 5140 2886 5208 quidem
2915 5155 2979 5194 ac
3000 5141 3285 5210 sapientia,
3313 5157 3419 5195 IIOll

1843 5223 2067 5275 otnninn
2107 5222 2423 5292 t'ejicientlo,
2455 5225 2550 5280 sed
2585 5241 2847 5297 generose
2874 5227 3017 5283 ferrc
3048 5229 3276 5284 adversa
3303 5247 3422 5299 qua:

1844 5315 2100 5366 οισι-Μυκη
2159 5314 2592 5371 assint-faciendo.
2656 5318 2769 5373 Etsi
2825 5320 2969 5374 enim
3019 5319 3311 5376 molestum
3367 5322 3420 5377 ld

1840 5405 2061 5456 exsistat
2109 5405 2403 5473 negotium,
2457 5421 2673 5462 omnem
2722 5407 3074 5465 nihilominus
3113 5408 3415 5466 molestiam

1239 5584 1472 5640 VARI/‘E
1515 5583 1898 5640 LECTIONES
1939 5585 2026 5639 ET
2066 5585 2292 5642 ΝΟΤᾹΞ.

225 5740 336 5813 (91)
376 5742 480 5797 Pro
510 5742 831 5813 παλινῳδίας
858 5742 1005 5813 ᾄσειν
1032 5742 1190 5798 iidem
1222 5740 1468 5796 scribunt
1489 5740 1722 5794 παλινῳ-

225 5745 304 5808 (91
376 5745 480 5797 Pro
510 5745 733 5796 παλινωξ

150 5810 270 5865 δίαν
310 5745 478 5882 iam.
525 5795 733 5867 Possis.

1912 5741 2020 5804 (ﬂii
2058 5739 2158 5792 ΡΠ»
2187 5743 2253 5794 δι’
2285 5742 2645 5809 ἀπογνώσεως
2694 5742 2852 5799 codd.
2903 5742 3022 5801 Vat.
3065 5744 3168 5803 650
3205 5750 3262 5804 et
3303 5746 3417 5806 Αιῑυ·

1836 5814 2075 5865 scribunt
2111 5811 2196 5862 διέι
2232 5813 2606 5881 προγνώσεως.
2645 5812 2850 5870 Possm.
