4122 6432
749 389 883 457 1519

1969 377 2329 442 S.ISIDORI
2361 372 2801 438 PELUSIOTIE

3836 373 3958 436 με.)

739 506 1024 577 prudentia
1050 503 1203 567 tollit,
1226 514 1352 569 qua:
1390 497 1569 554 tristia
1593 493 2129 568 qumquemoderate
2159 491 2300 546 ferre

2408 489 2684 562 βαρύτητα
2712 489 2798 542 διὰ
2829 488 2927 559 τῆς
2961 489 3291 558 φρονήσεως,
3334 486 3572 557 μετρίως
3605 486 3795 558 φέρειν
3813 488 3956 543 δυνα-

739 591 905 652 ιιονῑι.
940 594 1200 650 Malorum
1241 590 1383 646 enim
1415 603 1535 660 quae
1563 590 1616 643 in
1663 595 1847 642 nostra
1889 592 2153 655 potestate
2195 595 2298 636 non

2407 599 2567 653 μενος
2592 581 2661 635 τὰ
2688 581 2927 652 λυπηρά.
2956 579 3130 642 Ἴασις
3167 577 3273 649 γὰρ
3301 578 3406 632 τῶν
3431 577 3531 631 ούκ
3557 578 3645 646 ἐφ’
3686 579 3818 647 ἡμῖν
3851 580 3882 648 ἡ
3907 583 3958 633 ὲν

737 696 883 751 sunt,
929 683 1192 739 medicina
1227 689 1309 737 est
1346 695 1408 736 ea
1442 694 1560 750 qua:
1593 678 1645 734 in
1689 686 1878 733 nostra
1910 685 1994 734 est
2036 681 2303 745 potestate

2408 673 2535 744 ἡμῖν
2565 669 2873 740 φιλοσοφία.
2908 669 3016 724 Καὶ
3049 667 3200 733 λύσις
3248 670 3357 723 τῶν
3413 667 3750 738 ἀναγκαίων.
3779 672 3828 722 εἰ
3878 673 3958 725 καὶ

739 774 1076 847 philosophia
1109 791 1123 828 :
1151 786 1320 842 eaque
1367 769 1609 826 dissolvit
1656 771 1818 835 m‘ala,
1851 782 1971 840 qua:
2011 763 2300 821 indissolu-

736 868 864 923 bilia
905 866 1240 922 viderentur.
1273 861 1549 917 Fortitudo
1574 861 1627 916 in
1668 861 1924 931 gravibus
1956 857 2306 926 molestiaque

733 961 946 1018 exsistit
983 959 1167 1024 rebus;
1223 957 1276 1011 in
1312 955 1564 1011 secundis
1588 968 1719 1010 vero
1746 953 1891 1023 (nam
1923 960 1978 1008 et
2019 950 2101 1006 ita:
2131 949 2302 1004 inter-

736 1056 861 1108 dum
898 1050 1158 1121 prohaudi
1203 1063 1368 1106 causa
1419 1043 1800 1116 immittuntur)
1839 1041 2004 1099 animi
2045 1049 2133 1098 est
2163 1053 2300 1110 opus

737 1143 1122 1216 magnitudine.

1218 1244 1464 1304 CCCXV.
1496 1273 1565 1285 —
1589 1242 1818 1300 EIDEM.

2406 759 2528 814 καθ’
2557 760 2728 814 ἑαυτά
2761 757 2930 815 ἀλυτά
2954 774 3098 810 τισιν
3125 757 3303 822 ἔδοξεν
3346 753 3504 824 εἶναι,
3536 761 3596 828 ὴ·
3614 760 3674 812 ἐν
3719 759 3821 829 μὲν
3860 763 3960 821 τοῖς

2404 851 2596 915 δεινοῖς
2626 851 2837 922 ἀνδρία,
2874 852 2931 902 ὲν
2983 849 3041 901 δὲ
3091 851 3206 911 τοῖς
3249 849 3442 914 δεξιοῖς
3491 849 3609 920 (καὶ⁵
3657 843 3768 920 7&9
3799 849 3962 904 ταῦτα

2405 941 2726 1012 δοκιμασίας
2745 940 2930 993 ἕνεκεν
2953 937 3209 1003 πολλάκις
3232 936 3454 1007 δίδοται)
3499 939 3898 1009 μεγαλοψυχία.

2895 1226 3042 1287 TIE'.
3070 1260 3140 1272 -
3160 1231 3247 1303 το
3273 1221 3469 1303 trra.

1348 1337 1593 1392 Divinum
1618 1337 1873 1391 auxilium
1902 1335 2161 1406 quomodo
2178 1329 2308 1400 imp!

2413 1324 2593 1380 ttdttm.
2630 1322 2809 1396 (ϐοαί.
2851 1327 3003 1394 epist.
3047 1323 3175 1389 527,
3201 1323 3346 1394 457.)

804 1450 908 1518 Qui
958 1450 1106 1519 cupit
1161 1447 1367 1505 auxilio
1416 1446 1767 1515 insuperabili
1813 1447 1954 1513 frui,
2006 1461 2070 1501 ea
2117 1444 2301 1514 exigat

2473 1435 2577 1489 Τὸν
2599 1433 2862 1505 μέλλοντα
2890 1434 3314 1507 ἀπολαύεινξτῆς
3333 1437 3602 1506 ἀηττήτου
3634 1453 3698 1488 συ
3707 1435 3965 1507 μμαχεας.

735 1550 948 1612 oportet
977 1555 1096 1611 qute
1142 1541 1377 1612 postulat
1409 1542 1657 1610 aequitas,
1703 1548 1763 1593 ut
1792 1537 2068 1608 petitionis
2106 1544 2302 1592 natura

2408 1522 2628 1579 τοιαῦτα
2683 1525 2855 1577 αίτεῖν
2902 1523 3030 1596 χρὴ,
3084 1525 3120 1578 ἀ
3179 1526 3276 1579 καὶ
3312 1525 3404 1580 τὸν
3440 1525 3535 1579 τοῦ
3570 1526 3783 1579 δικαίου
3821 1525 3968 1594 λόγον

740 1629 998 1686 auxilium
1049 1631 1310 1685 attrahat.
1360 1629 1432 1685 Iis
1479 1629 1625 1683 enim
1661 1628 1754 1699 qui
1806 1642 1902 1696 per
1942 1624 2171 1680 ironiam
2211 1633 2306 1679 aut

739 1721 1021 1776 avaritiam
1051 1719 1180 1774 illud
1208 1719 1522 1789 implorant,
1553 1732 1659 1773 non
1690 1715 1918 1780 accedit,
1959 1718 2052 1771 sed
2091 1714 2155 1770 iis
2187 1713 2308 1783 qui-

738 1813 838 1867 bus
873 1810 1064 1895 injuria
1103 1817 1294 1881 sponte
1321 1810 1465 1864 illata
1495 1818 1578 1864 est
1614 1808 1843 1863 accedit.

1205 1985 1473 2044 CCCXVI.
1507 2014 1579 2027 -—
1603 1984 1837 2046 PRIMO.

2406 1613 2540 1685 εχει,
2571 1613 2659 1666 ἵνα
2684 1614 2752 1683 τῇ
2787 1611 2947 1680 φύσει
2975 1615 3078 1684 τῆς
3105 1616 3373 1686 αἰτήσεως
3402 1615 3502 1686 τὴν
3536 1614 3710 1686 ῥοπὴν
3737 1615 3967 1667 ἐπισπά-

2409 1703 2741 1772 σηταιοτοῖς
2787 1700 2894 1772 7&9
2961 1701 3021 1769 ιε
3059 1703 3342 1774 εἰρωνείας
3377 1704 3474 1758 καὶ
3521 1703 3610 1758 διὰ
3660 1703 3969 1768 πλεονεξίας

2337 1835 2381 1891 Β
2408 1791 2667 1847 καλοῦσιν
2696 1793 2797 1845 οὐκ
2832 1792 3092 1864 ἐπιφοιτᾷ
3117 1795 3150 1864 ὴ
3181 1794 3529 1872 αύτοκλήτως
3555 1797 3670 1858 τοῖς
3692 1795 3970 1864 ἀδικουμέ-

2408 1901 2519 1948 νοις
2557 1885 2917 1953 ἐπιφοιτῶσα.

2922 1977 3084 2044 τις.
3125 2007 3184 2022 -
3221 1978 3458 2050 arma.

1855 2077 1974 2133 Vita
1999 2079 2205 2141 piorum
2239 2069 2602 2146 amictionibus
2631 2070 2876 2124 σίγησε-ιο.

808 2192 960 2260 Quod
1006 2191 1144 2245 dicis
1181 2189 1499 2260 quaestionis
1530 2189 1795 2260 indigere,
1831 2190 1971 2244 idem
2013 2187 2302 2243 solutionis

2477 2179 2619 2233 Δύτὸ
2655 2179 2835 2243 τοῦτο,
2885 2178 2913 2232 ὃ
2939 2178 3044 2250 φὴς
3074 2177 3246 2232 αίτιον
3275 2172 3414 2232 εἶναι
3442 2178 3742 2250 ζητήσεως,
3772 2178 3970 2243 λύσεώς

739 2299 924 2346 causa,
975 2297 1094 2337 mea
1141 2282 1355 2352 quidem
1403 2282 1692 2344 sententia,
1736 2280 1970 2338 videtur;
2003 2278 2110 2347 Qui
2155 2277 2300 2344 enim

2408 2269 2524 2322 ἔστι
2545 2267 2678 2339 παρ’
2718 2267 2841 2339 ἐμοὶ
2874 2271 3036 2340 κριτῇ
3085 2268 3276 2325 αἴτιον.
3308 2269 3373 2323 Ei
3408 2268 3516 2339 γὰρ
3562 2269 3969 2339 ἀποταξάμενος

741 2374 944 2428 trando
991 2371 1393 2427 renuntiaverit
1438 2369 1570 2426 nihil
1618 2372 1836 2436 mirare,
1870 2368 2203 2425 tribulationi
2239 2381 2305 2423 ac

2408 2359 2484 2430 τῷ
2514 2361 2724 2432 κόσμῳ,
2774 2359 2951 2431 θλίψει
3004 2361 3344 2432 περιεπάρης
3375 2360 3469 2415 καὶ
3513 2363 3866 2432 πειρασμοῖς,
3901 2363 3972 2432 μὴ

745 2465 1136 2520 tentationibus
1183 2463 1473 2518 obnoxium
1513 2477 1654 2519 esse.
1709 2462 1797 2517 Ait
1837 2463 1980 2516 enim
2011 2458 2306 2516 Christus:

737 2554 900 2628 655
936 2573 956 2606 ‹
986 2553 1409 2608 Tribulationem
1438 2554 1491 2608 in
1528 2553 1630 2608 hoc
1665 2552 1864 2608 mundo
1896 2551 2162 2606 itabehitls
2183 2550 2252 2606 ⁸9.
2283 2569 2303 2603 s

740 2646 848 2699 Cur
894 2643 1077 2712 itaque
1106 2641 1420 2698 certaminis
1450 2640 1706 2711 praefecto
1751 2641 1825 2694 ita
1876 2639 2128 2710 loquente
2153 2637 2308 2709 quie-

749 2746 853 2789 tem
899 2731 1184 2804 postulas?
1225 2729 1377 2786 Tunc
1410 2731 1555 2788 enim
1591 2729 1791 2786 oll‘endi
1839 2741 1958 2813 erat
2003 2743 2217 2800 aequum
2263 2729 2312 2783 si

751 2833 937 2881 contra
980 2832 1141 2893 atque
1164 2824 1321 2888 dixit,
1354 2822 1697 2893 contigisset.
1735 2823 1831 2877 Sin
1864 2836 1932 2877 ea
1958 2819 2314 2890 consequenti

2405 2451 2693 2522 θαυμάσῃς
2715 2469 2730 2482 ·
2760 2453 2788 2505 ὁ
2814 2451 2924 2522 γάρ
2957 2451 3192 2524 Χριστὸς
3220 2447 3394 2515 εἷπεν,
3430 2470 3448 2504 t
3494 2452 3688 2521 Θλίψιν
3728 2453 3880 2519 ῑξετε
3917 2454 3970 2504 ιν

2408 2540 2487 2611 τῷ
2507 2540 2698 2611 κόσμῳ
2723 2539 2920 2610 τούτῳ.
2954 2559 2972 2592 ι
3021 2540 3147 2604 Πῶς
3193 2541 3370 2595 τοίνυν
3416 2540 3597 2612 ζητεῖς
3628 2541 3838 2607 ἄνεσιν,
3885 2541 3971 2594 τοῦ

2404 2632 2745 2701 ἀγωνοθέτου
2817 2630 2977 2685 τοῦτο
3025 2632 3307 2699 είπόντοςς
3361 2631 3494 2685 Τότε
3545 2632 3657 2704 γὰρ
3712 2633 3861 2696 είκὸς
3909 2628 3974 2701 ἦν

2411 2717 2886 2785 σκανδαλίζεσθαι,
2921 2721 2969 2772 si
2991 2719 3250 2775 τάναντία
3271 2712 3345 2774 ὧν
3375 2715 3527 2774 εἷπεν
3564 2720 3793 2787 ἐγίνετο.
3833 2721 3896 2776 ΕΙ

2407 2811 2553 2866 κατά
2598 2808 2921 2864 ἀκολουθίαν
2985 2810 3162 2864 πάντα
3220 2808 3527 2881 προϐαίνει,
3588 2810 3732 2874 τίνος
3793 2811 3971 2864 ἕνεκεν

745 2914 928 2971 omnia
953 2913 1232 2976 eveniunt,
1248 2925 1366 2978 cur,
1394 2924 1596 2982 quaeso,
1628 2907 2039 2966 scandalizarisl
2059 2906 2308 2979 Quisquis

2409 2903 2773 2977 σκανδαλίζῃς
2815 2904 2875 2958 '0
2907 2903 3018 2975 7&9
3047 2906 3105 2957 ἐν
3129 2904 3207 2975 τῷ
3240 2902 3417 2976 καιρῷ
3443 2904 3550 2959 τῶν
3583 2906 3974 2977 παλαισμάτων

741 3007 884 3063 enim
917 3003 1233 3061 certaminis
1261 3010 1500 3072 tempore
1527 3003 1696 3057 otium
1727 3000 2074 3072 quietemque
2097 3000 2309 3071 quem,

744 3111 941 3153 corona
958 3096 1265 3162 fraudatur,
1286 3091 1819 3165 opportunitatesque
1847 3091 2065 3146 amittit.

904 3198 1202 3259 CCCXVII.
1231 3228 1301 3241 —
1325 3197 1620 3256 OPHELIO
1655 3194 2130 3255 GRAMMATICO.

2412 2995 2598 3051 ἄνεσιν
2626 2995 2923 3066 ιπιζητῶν,
2952 2997 3046 3050 καὶ
3093 2997 3473 3067 ἀστεφάνωτος
3511 2998 3684 3068 μένει,
3720 3001 3817 3053 καὶ
3847 3016 3970 3066 cvs7-

2338 3091 2386 3153 ο
2415 3087 2532 3160 χέει
2560 3089 2686 3153 τοὺς
2717 3089 2962 3172 καιρούς.

2676 3199 2821 3254 ΤΙΖ’.
2861 3229 2933 3242 -
2961 3201 3202 3273 NEA“)
3233 3201 3708 3274 ΓΡΛΜΜΑΤΙΚῼ.

1332 3288 1619 3346 Puerorum
1651 3290 1719 3341 ad
1747 3290 1985 3343 virtutem
2018 3287 2481 3358 verecundiaeque
2509 3287 2840 3359 informatio.
2876 3291 3105 3362 (Confer.
3136 3294 3288 3362 epist.
3319 3294 3396 3365 9.)

817 3402 1050 3459 Assidue
1069 3440 1085 3468 ,
1113 3401 1198 3455 vir
1220 3399 1588 3462 disertissime,
1622 3411 1817 3466 pueros
1845 3397 1937 3467 qui
1969 3406 2020 3452 te
2057 3395 2313 3467 frequen-

746 3503 864 3555 tant
894 3494 961 3550 de
984 3493 1188 3549 virtute
1215 3507 1278 3548 ac
1295 3491 1629 3548 verecundia
1658 3503 1754 3545 seu
1797 3489 2062 3544 modestia
2109 3487 2314 3557 ample-

744 3586 943 3642 ctenda
987 3585 1320 3648 hortare,,et
1368 3583 1482 3638 haec
1525 3579 1593 3637 de
1643 3581 1847 3651 scripto
1890 3580 1976 3635 his
2020 3578 2134 3635 fere
2182 3592 2315 3635 usus

745 3677 949 3742 verbis,
973 3675 1095 3744 lege
1127 3691 1143 3728 :
1175 3673 1586 3739 Adolescentes,
1613 3686 1720 3727 non
1752 3671 1822 3727 sit
1851 3669 2005 3726 vobis
2025 3683 2193 3741 grave
2231 3670 2314 3725 di-

750 3766 908 3823 cendi
955 3765 1058 3821 arti
1092 3762 1426 3830 incumbere,
1471 3762 1602 3832 quin
1635 3761 1811 3831 potius
1847 3768 2168 3830 ornamento
2200 3758 2314 3816 fore

750 3857 931 3914 ducite
971 3856 1215 3913 moribus
1245 3870 1408 3926 quam
1450 3854 1669 3924 optimis
1695 3854 1884 3910 imbui.
1911 3852 2138 3908 Animus
2167 3851 2312 3910 enim

739 3966 781 4005 a
805 3949 950 4006 vitiis
982 3961 1152 4019 purus
1174 3947 1445 4004 sinceram
1474 3955 1629 4017 parat
1667 3946 1974 4002 scientiam.
2022 3944 2091 3999 Et
2114 3943 2312 4014 quibus

751 4037 1076 4096 verecundia
1097 4037 1271 4106 adest,
1291 4037 1346 4093 in
1360 4036 1780 4094 hisverecundia
1798 4035 2057 4090 virtutum
2077 4033 2314 4088 maxima

713 4134 716 4136 ⁷
752 4129 1024 4188 elucescit.
1059 4126 1336 4198 Siquidem
1365 4135 1420 4182 et
1450 4125 1801 4197 temperantia
1830 4123 1978 4180 vitiis
1999 4133 2168 4188 caret,
2195 4137 2315 4195 qua

753 4221 921 4278 etiam
961 4217 1083 4274 illos
1113 4217 1206 4289 qui
1240 4218 1412 4289 ipsam
1451 4207 1846 4289 implectuntur
1881 4219 2131 4275 castitate
2154 4231 2314 4272 exor-

754 4322 894 4368 nat:
927 4325 1047 4381 qua
1089 4309 1314 4379 reliquis
1370 4307 1643 4364 antecellit
1684 4307 1970 4363 virtutibus
2020 4306 2316 4377 pulchritu-

2485 3398 2728 3470 Συνεχῶς
2746 3440 2761 3468 ,
2796 3392 2841 3453 ὦ
2875 3400 3271 3472 ὲλλογιμώτατε
3291 3443 3305 3468 ,
3332 3404 3442 3467 τοῖς
3471 3403 3695 3472 φοιτῶσι
3727 3406 3883 3458 παισὶ
3908 3408 3971 3459 τὰ

2413 3490 2542 3561 περὶ
2580 3491 2781 3562 ἀρετῆς
2816 3493 2911 3545 καὶ
2951 3494 3302 3565 σωφροσύνης
3335 3495 3626 3565 παραίνει,
3655 3497 3748 3549 καὶ
3786 3499 3970 3565 ἀναγί-

2413 3597 2586 3634 νωσκε
2630 3582 3040 3652 συγγράμματα
3073 3583 3246 3653 λέγων
3271 3601 3284 3614 ’
3310 3579 3380 3638 Ὦ
3419 3585 3634 3650 παῖδες,
3681 3587 3820 3640 ἔστω
3855 3588 3973 3657 ὑμῖν

2415 3671 2492 3744 μὴ
2530 3671 2690 3736 πόνος
2734 3672 2895 3742 μόνος
2937 3675 2965 3727 ὁ
3004 3676 3132 3748 περὶ
3159 3674 3384 3746 λόγους,
3422 3677 3557 3732 ἀλλὰ
3599 3679 3692 3732 καὶ
3725 3679 3971 3749 κόσμοςὸ

2414 3763 2544 3835 περὶ
2569 3761 2804 3833 τρόπους
2836 3763 2899 3818 τὸ
2933 3766 3270 3835 σπούδασμα.
3307 3767 3467 3841 Ψυχὴ
3494 3769 3602 3841 7&9
3629 3769 3848 3844 καθαρά
3880 3789 3971 3826 κα-

2414 3853 2540 3916 κίας
2578 3853 2830 3917 παιδείαν
2858 3853 3125 3926 εἰλικρινῆ
3156 3858 3471 3928 προσίεται,
3505 3861 3598 3914 καὶ
3631 3862 3762 3933 παρ’
3806 3858 3885 3926 οἷς
3911 3865 3973 3916 ἂν

2417 3942 2452 4015 ἡ
2494 3944 2817 4015 σωφροσύνη
2851 3945 3045 4019 λάμπῃ
3071 3946 3132 4000 τὸ
3163 3947 3272 4003 τῶν
3307 3949 3515 4021 ἀρετῶν
3545 3951 3890 4023 τιμιιὶιτατον.
3915 3953 3972 4006 ΕΞ

2416 4037 2524 4110 7&9
2543 4038 2638 4093 καὶ
2667 4038 2986 4110 σωφροσύνη
3031 4040 3140 4093 πᾶν
3166 4037 3230 4093 τὸ
3262 4041 3676 4114 ἀναμάρτητον,
3716 4043 3853 4098 ἀλλά
3892 4047 3973 4098 νέ-

2421 4145 2613 4200 μουσιν
2658 4129 2831 4200 αὐτῆς
2870 4129 2970 4201 τὴν
3013 4133 3384 4204 προσηγορίαν
3423 4128 3481 4188 εὖ
3515 4133 3793 4198 ποιοῦντές
3838 4153 3972 4197 τινες

2414 4221 2495 4290 τῷ
2533 4220 2634 4292 τῆς
2678 4221 2900 4289 ἀγνείας
2943 4222 3265 4293 πράγματι,
3306 4226 3666 4296 κοσμιωτάτῳ
3704 4224 3848 4290 ὃντι,
3887 4232 3974 4279 καὶ

2417 4310 2737 4384 ἀξοχωτάτῳ
2762 4311 2872 4366 τῶν
2901 4311 3098 4368 ἀλλων.
3146 4312 3368 4380 Τούτοις
3410 4315 3503 4369 καὶ
3534 4318 3570 4387 ἡ
3612 4316 3773 4386 σοφία
3807 4332 3973 4370 συνοι-

753 4403 901 4460 dine.
931 4401 1065 4458 Cum
1096 4401 1182 4457 his
1213 4400 1476 4472 sapientia
1518 4399 1748 4456 habitat.
1777 4398 2094 4468 Hacitaque
2115 4399 2250 4454 duce
2273 4397 2308 4453 si

2423 4403 2582 4474 κήσει
2605 4418 2619 4433 ο
2650 4403 2718 4456 ἂν
2743 4402 2852 4475 7&9
2886 4403 3115 4475 ἡγεμόνι
3142 4403 3378 4480 χρῆσθαι
3409 4405 3541 4477 πρὸς
3571 4406 3782 4462 ἀπαντα
3809 4407 3972 4478 ταύτῃ

757 4494 825 4548 ad
856 4494 1039 4549 omnia
1072 4493 1148 4546 uti
1177 4491 1474 4558 volueritis,
1505 4506 1602 4547 vos
1643 4492 1858 4562 quidem
1883 4491 1984 4545 viri
2008 4487 2315 4546 eﬂiciemini

757 4583 944 4654 optimi
973 4597 1038 4639 ac
1074 4581 1335 4638 fortunati
1363 4596 1378 4635 :
1410 4595 1510 4652 ego
1535 4596 1750 4651 quoque
1774 4595 1804 4635 a
1836 4589 1985 4637 recta
2018 4587 2198 4636 vestra
2228 4581 2319 4636 ln-

2419 4493 2486 4563 τῇ
2538 4493 2705 4564 ἀρετῇ
2757 4491 3018 4565 θελήσητε
3045 4534 3062 4559 ,
3103 4495 3262 4565 ὑμεῖς
3307 4495 3406 4566 μιν
3445 4494 3735 4567 γενήσεσθε
3790 4495 3971 4566 ἄνδρες

2419 4584 2615 4655 ἀγαθοὶ
2659 4584 2755 4640 καὶ
2793 4584 3056 4657 μακάριοι
3076 4625 3091 4650 ,
3125 4585 3238 4654 εγὼ
3261 4586 3318 4641 δδ
3347 4587 3432 4656 ἔφ’
3465 4587 3594 4658 ὑμῖν
3631 4587 3692 4640 οὺ
3729 4589 3910 4657 μεῖον,
3938 4585 3968 4655 ἡ

755 4673 1036 4730 stitutione
1068 4688 1176 4729 non
1225 4673 1405 4730 minus
1446 4688 1609 4744 quam
1650 4675 1741 4746 qui
1797 4687 1891 4729 vos
1928 4681 2183 4743 parentes
2229 4686 2308 4743 ge-

2419 4675 2576 4749 οἱπερ
2603 4675 2927 4747 ἀγέννησαν,
2959 4676 3168 4748 ἀμείνω
3185 4677 3341 4744 δόξαν
3368 4678 3743 4749 καρπώσομαι.

673 4833 701 4860 ἢ
758 4773 1010 4830 nuerunt,
1047 4763 1156 4818 imo
1181 4763 1438 4834 majorem
1474 4763 1638 4820 etiam
1673 4763 1895 4835 gloriam
1926 4778 2247 4835 consequar.

977 4869 1294 4927 CCCXVIII.
1329 4899 1399 4911 —
1433 4869 1706 4928 ISIDORO
1743 4871 2093 4928 EPISCOPO.

2725 4869 2880 4925 TIH’.
2923 4900 2989 4912 —
3020 4868 3279 4943 ΙΣΙΔΩΡῼ
3313 4872 3676 4945 ΕΠῙΣΚΟΠῼ.

1793 4962 2048 5020 Veritatis
2086 4964 2348 5031 laudatio,
2377 4963 2638 5019 mendacii
2673 4960 2962 5031 turpitudo.

829 5052 942 5109 Sibi
987 5062 1171 5109 notam
1216 5054 1544 5124 ignominiae,
1571 5069 1605 5110 ο
1639 5056 1877 5126 sapiens,
1914 5058 2157 5128 inurunt,
2205 5066 2260 5116 et
2290 5074 2322 5116 a

758 5157 907 5203 recta
947 5146 1199 5202 excidere
1227 5147 1438 5203 ratione
1468 5147 1740 5217 videntur,
1775 5149 1865 5218 qui
1906 5150 2166 5220 sapientis
2194 5165 2320 5209 esse

2516 5057 2791 5121 Ἐαυτοῖς,
2838 5047 2886 5108 ὧ
2929 5054 3093 5126 coepi,
3131 5056 3346 5122 ἀδοξίαν
3392 5056 3804 5129 προστρίϐονται
3824 5098 3840 5122 ,
3885 5059 3969 5111 καὶ

2426 5147 2490 5203 τὸ
2529 5145 2879 5216 ἑξεστηκέναι
2914 5143 3027 5197 τῶν
3063 5143 3238 5216 ὀρθῶν
3264 5145 3537 5218 λογισμῶν
3570 5147 3967 5214 timuissem.

759 5236 995 5293 hominis
1033 5237 1234 5292 ducunt
1280 5251 1581 5308 repugnare
1620 5238 1714 5304 iis,
1754 5253 1874 5308 qua:
1909 5241 2048 5296 bene
2088 5256 2308 5313 verequt

2427 5241 2479 5294 oi
2528 5239 2711 5292 καὶτὸ
2754 5238 2868 5300 τοῖς
2894 5235 3072 5307 ὀρθῶς
3114 5236 3422 5309 λεγομένοις
3457 5237 3752 5320 ἀντιλέγειν
3799 5239 3970 5307 σοφίαν

759 5329 899 5384 dicta
948 5335 1091 5383 sunt.
1145 5329 1307 5399 Atqui
1366 5344 1576 5385 summa
1612 5330 1915 5400 sapientia,
1952 5320 2160 5396 veritas
2206 5342 2322 5402 est,

761 5417 1080 5489 simpliciter
1098 5417 1445 5491 breviterque
1480 5420 1711 5488 prolata.
1742 5419 2080 5477 Mendacium
2106 5434 2317 5492 contra,

828 5532 875 5566 ⁸⁵
898 5532 1054 5590 Joan.
1090 5548 1203 5601 avt,
1231 5533 1324 5592 53.

2429 5326 2569 5385 εἶναι
2613 5329 2882 5399 οἰόμενοι·
2927 5327 3091 5398 σοφὸν
3126 5329 3235 5402 7&9
3277 5328 3541 5401 τάληθὲς,
3588 5329 3817 5401 μάλιστα
3858 5331 3971 5384 ὅταν

2425 5421 2633 5479 ἀπλοῦν
2736 5421 2830 5475 καὶ
2858 5419 3154 5492 σύντομονο
3191 5422 3362 5478 δεινὸν
3387 5423 3480 5478 καὶ
3509 5421 3622 5497 (θὸ)
3657 5424 3718 5479 τὸ
3756 5421 3968 5490 ψεῦδος.

1857 5619 2088 5676 VARIE
2129 5617 2506 5676 LECTIONES
2543 5619 2629 5675 ET
2668 5617 2897 5682 NOT/E.

841 5738 953 5814 (93)
983 5741 1090 5798 I’ro
1133 5743 1304 5798 δεινὸν
1347 5742 1439 5796 καὶ
1486 5743 1644 5796 iidem
1693 5743 1850 5796 cold.
1913 5739 2096 5809 Iugum
2147 5740 2327 5811 μωρὸν
2356 5739 2433 5794 δέ.
2474 5738 2679 5794 Possm.
