4122 6444
197 397 331 466 1521

191 519 305 576 κᾶν
330 519 713 594 δεινότητιςκαὶ
737 519 1061 593 καλλιεπείᾳ
1087 520 1216 593 δοκῇ
1250 519 1652 593 κεκοσμῆσθαι.

483 721 628 776 ΤΙΘ¹.
663 753 733 765 --
768 724 978 780 ΗΡΩΝῘ
1015 722 1486 795 ΠΡΕΣΒΥΤΕΡῼ.

1066 400 1606 464 EPISTOLARUM
1643 401 1793 464 LIB.
1833 406 1999 466 V.-
2028 403 2271 466 EPIST.
2320 403 2676 467 CCCXXIII.

1810 537 1858 594 Α
1889 519 2092 575 malum
2125 519 2255 592 quid
2298 519 2616 585 admodum,
2661 517 2763 575 etsi
2804 515 3125 588 gravissima
3171 514 3468 575 disertissh

3332 402 3468 469 1522

1885 625 2079 682 maque
2121 620 2366 668 comatur
2393 611 2662 676 oratione,
2694 610 2925 667 exsistit.

2082 718 2353 776 CCCXIX.
2387 750 2462 761 —
2491 719 2746 776 IIERONI
2783 720 3263 780 PRESBYTERO.

897 817 1148 883 Aspectus
1193 816 1471 874 mulierum
1524 810 1874 884 periculosus.
1913 809 2094 882 (Conf.
2134 813 2291 880 epist.
2321 812 2412 877 65,
2459 811 2584 878 175,
2613 811 2766 884 291.)

274 921 437 976 Ἴσθω
484 938 579 975 σου
625 923 783 977 τοῦτο
813 926 848 993 ἡ
884 923 1146 995 φρόνησις
1166 962 1188 988 ,.
1229 923 1278 976 εί
1319 923 1603 994 ἀγέρωχος
1644 919 1782 991 γυνὴ

191 1009 646 1083 καλλωπιζομένη
695 1013 886 1084 καλοίη
919 1012 1058 1083 πρὸς
1095 1013 1294 1083 ἑαυτὴν
1334 1013 1461 1076 τοὺς
1506 1011 1781 1083 ὁρῶντας,

189 1099 306 1155 κᾶν
351 1100 426 1171 μὴ
468 1101 564 1173 ἕλῃ
603 1101 703 1174 τὴν
735 1101 846 1174 (94)
893 1099 1256 1171 ἀπαντῶντα,
1298 1102 1455 1173 δίκην
1491 1101 1705 1155 δίδωσιν
1744 1103 1779 1172 ή

190 1190 416 1248 ἑλοῦσα.
451 1192 525 1246 Τὸ
560 1194 669 1262 γὰρ
714 1192 939 1248 κώνειον
970 1193 1380 1261 κατεσκεύασε,
1424 1194 1518 1248 καὶ
1550 1194 1645 1248 τδν
1685 1211 1785 1247 κυ-

192 1283 380 1337 κεῶνα
407 1283 637 1355 ἐκέρασε
657 1325 673 1350 ,
703 1286 798 1339 καὶ
832 1285 934 1357 τὴν
972 1285 1170 1342 κύλικα
1200 1286 1574 1357 προσήγαγεν,
1607 1287 1656 1339 εί
1685 1284 1782 1340 καὶ

193 1372 277 1442 μὴ
309 1372 504 1444 εὑρέθη
535 1373 569 1425 ὁ
602 1375 791 1430 πίνων.
833 1376 910 1429 Οὐ
953 1375 1070 1448 γὰρ
1094 1376 1204 1430 άπὸ
1247 1375 1358 1430 τῶν
1406 1374 1782 1445 ἀποτελεσμά-

188 1478 336 1527 των,
370 1463 486 1517 ἀλλ’
527 1463 635 1520 ἀπὸ
661 1464 768 1520 τῶν
793 1467 1240 1540 ἐπιχειρημάτων
1271 1467 1340 1520 τὰ
1371 1465 1675 1538 πράγματα
1704 1464 1783 1530 ὡς

190 1549 267 1604 τὰ
293 1551 471 1606 πολλὰ⁸
487 1553 754 1624 κρίνεται.
1022 1561 1024 1569 ⁵

511 1660 643 1714 ΤΚ’.
675 1691 750 1702 -
792 1663 1094 1735 ΕΥΤΟΝΙῼ
1127 1664 1451 1736 ΔΙΔΚΟΝῼ.

1952 920 2069 977 Non
2113 922 2332 995 ignoras
2377 937 2476 992 qua
2532 937 2591 979 es
2622 925 2909 994 prudentia
2953 922 3238 996 praeditus,
3284 921 3474 978 forma

1881 1013 2289 1086 pulchritudine
2325 1020 2622 1068 tumentem
2649 1013 2931 1070 mulierem
2968 1014 3013 1069 si
3043 1020 3355 1082 spectantes
3395 1008 3466 1065 ad

1881 1119 1943 1162 se
1974 1104 2197 1171 alliciat,
2239 1104 2461 1168 tametsi
2499 1118 2608 1161 non
2642 1103 2820 1175 capiat
2848 1103 3063 1170 obvios,
3097 1105 3349 1160 daturam
3385 1108 3471 1154 ta-

1881 1209 2006 1250 men
2053 1207 2246 1265 pmnas
2285 1193 2440 1262 quasi
2481 1193 2760 1265 cepisset:
2794 1209 3065 1250 venenum
3113 1193 3259 1249 enim
3290 1188 3474 1262 pr0pi-

1881 1281 2055 1347 navit,
2112 1282 2442 1350 miscuitque
2493 1280 2773 1350 poculum,
2827 1279 3164 1348 calicemque
3224 1273 3470 1346 protulit,

1888 1373 1994 1431 etsi
2041 1388 2147 1430 non
2206 1372 2408 1442 reperit
2453 1372 2545 1441 qui
2601 1370 2836 1426 biberet.
2894 1370 3014 1426 Non
3062 1369 3206 1424 enim
3251 1363 3474 1434 impleta

1889 1464 2076 1530 modo,
2119 1463 2216 1520 sed
2256 1472 2312 1518 et
2341 1469 2548 1519 tentata
2587 1460 2796 1533 ﬂagitia
2843 1469 2904 1517 ut
2940 1460 3238 1532 plurimum
3267 1452 3474 1528 judicio

1889 1553 2288 1626 expenduntur.

2146 1656 2400 1721 CCCXX.
2429 1691 2504 1704 —
2531 1659 2835 1718 EUTONIO
2885 1655 3212 1716 DlACONO.

412 1748 751 1819 De‘Zosimo,
790 1755 1094 1823 calorisque
1116 1757 1206 1827 qui
1233 1754 1330 1811 Dei
1361 1756 1765 1828 longanimitate
1801 1754 2179 1814 abutebantur.
2214 1755 2391 1827 Supra
2416 1769 2554 1826 sape
2583 1755 2647 1809 de
2679 1755 2876 1810 eisdem
2899 1752 2970 1808 ad
2994 1750 3256 1808 eumdem.

269 1851 398 1911 οἶδα
443 1857 524 1913 ὃτι
564 1861 895 1931 κρειττόνων
935 1864 969 1935 ἢ
1001 1866 1124 1919 καθ’
1154 1867 1390 1931 ἑαυτοὺς
1420 1868 1785 1939 τετυχήκασιν

1961 1866 2088 1923 Scio
2105 1865 2396 1938 dignitates
2406 1879 2568 1936 supra
2585 1865 2837 1920 meritum
2849 1868 3174 1920 consecutos
3187 1866 3476 1930 pmpterea

192 1946 559 2018 άξιωμάτωνο
612 1951 701 2006 διὰ
738 1951 896 2006 τοῦτο
927 1953 1269 2025 πλημμελεῖν
1298 1956 1470 2020 ἀδεῶς
1512 1957 1781 2028 οίόμενοι,

185 2036 349 2091 οὐδὲν
379 2037 599 2110 ῑτερον,
636 2041 668 2112 ἢ
702 2040 799 2113 τὴν
830 2041 981 2098 θείαν
1013 2045 1424 2116 φιλανθρωπίαν
1449 2046 1546 2116 τὴν
1583 2048 1784 2112 παντὸς

194 2127 424 2182 ἐπαίνου
454 2131 770 2202 κρείττονα,
810 2133 1068 2188 ὑπόθεσιν
1113 2136 1217 2189 τῶν
1251 2138 1469 2192 οίκείων
1502 2138 1791 2208 πταισμάά

193 2234 308 2269 των
330 2217 622 2288 ὁρίζονται,
656 2221 793 2293 ὅπερ
813 2222 934 2275 οὐδὲ
965 2225 1140 2279 είπεῖν
1171 2226 1352 2296 θέμις.
1398 2227 1539 2281 Ἀλλ’
1566 2228 1630 2281 ού
1656 2229 1784 2291 τοὺς

197 2305 598 2376 εὐφρονοῦντας
625 2306 766 2362 οὕτω
797 2309 1100 2366 διακεῖσθαι
1131 2314 1258 2386 χρὴ,
1282 2314 1409 2370 οὐδὲ
1432 2317 1513 2379 είς
1540 2315 1641 2386 τὴν
1678 2315 1780 2369 αὑ-

195 2393 300 2464 τὴν
352 2397 578 2462 ἐκείνοις
628 2400 873 2458 ἐλαύνειν
924 2404 1160 2474 μανίαν,
1199 2406 1339 2461 ἀλλὰ
1373 2408 1494 2460 τότε
1546 2407 1782 2477 μάλιστα

200 2486 527 2580 σπρυϐάςειν
542 2492 607 2560 τῇ
622 2494 754 2562 τιμῇ
780 2493 1145 2564 συμϐαίνοντα
1167 2495 1506 2567 παρέχεσθαι
1527 2497 1619 2551 τὸν
1643 2497 1778 2568 βίον,

198 2574 299 2630 καὶ
330 2574 406 2640 ὡς
430 2577 705 2650 ἐνδέχεται
734 2582 1148 2654 λαμπρύνεσθαι
1180 2589 1292 2651 τοῖς
1317 2586 1499 2658 ἔργοις
1518 2603 1533 2617 ·
1569 2587 1656 2641 ἵνα
1687 2587 1783 2642 καὶ

198 2663 449 2732 γλῶτταν
479 2668 763 2742 εύιρημονι,
806 2675 901 2727 καὶ
938 2675 1178 2730 διάνοιαν
1208 2677 1529 2748 εὐγνώμονα
1568 2677 1783 2748 ἔχοντες

200 2753 328 2817 τοὺς
366 2756 506 2810 κατὰ
535 2758 634 2829 τῆς
686 2760 839 2825 θείας
887 2764 1273 2835 μακροθυμίας
1322 2766 1645 2832 ὁπλίζοντας
1684 2765 1784 2831 τὰς

198 2841 446 2913 ⁴τλώττας
473 2848 935 2924 έπιστομίζωμεν.

469 2951 644 3011 TKA'.
679 2987 751 2997 —
781 2959 1013 3015 lEPAKl
1048 2963 1518 3036 ΠΡΕΣΒΥΤΕΡῼ.

1889 1957 2210 2029 delinquere
2261 1956 2538 2024 audacter,
2589 1955 2735 2026 quod
2777 1954 3096 2010 existiment
3145 1950 3282 2006 nihil
3327 1948 3476 2005 aliud

1890 2066 2055 2122 quam
2109 2048 2346 2106 divinam
2403 2047 2838 2119 benignitatem,
2898 2059 3020 2116 qua:
3070 2041 3282 2099 laudari
3342 2040 3476 2096 satis

1889 2153 1996 2193 non
2042 2138 2230 2209 possit,
2261 2136 2430 2208 656
2454 2142 2834 2208 argumentum
2885 2148 3111 2190 suorum
3163 2145 3289 2188 esse
3339 2128 3475 2185 deli-

1888 2237 2123 2292 ctorum,
2156 2226 2301 2297 quod
2331 2224 2485 2280 nefas
2531 2233 2615 2280 est
2659 2225 2864 2280 dicere.
2897 2223 2969 2278 At
3024 2235 3130 2277 non
3164 2221 3239 2276 ita
3269 2217 3475 2275 sentire

1888 2317 2042 2372 decet
2067 2314 2364 2385 sapientes,
2399 2328 2495 2369 nec
2530 2314 2586 2369 in
2610 2313 2857 2369 eamdem
2884 2327 2944 2370 se
2968 2312 3260 2366 immittere
3282 2323 3472 2364 amen-

1885 2409 2046 2474 tiam,
2092 2407 2185 2463 sed
2239 2417 2350 2462 tum
2392 2408 2630 2461 maxime
2672 2405 2808 2461 dare
2848 2418 3097 2474 operam,
3142 2409 3201 2458 ut
3247 2402 3474 2456 honeste

1888 2499 1998 2553 vita
2030 2498 2384 2569 transigatur,
2419 2506 2587 2566 utque
2627 2502 2775 2552 recte
2819 2496 2974 2552 factis
3011 2510 3133 2552 eam
3175 2493 3472 2559 illustrem,

1887 2595 1948 2642 ut
1977 2596 2033 2642 et
2060 2585 2299 2654 linguam
2329 2585 2560 2654 benigne
2587 2583 2922 2653 loquentem,
2958 2592 3303 2653 mentemque
3327 2587 3475 2636 recte

1884 2676 2208 2733 sentientem
2254 2674 2539 2741 habentes,
2574 2688 2761 2730 eorum
2809 2688 2902 2730 ora
2953 2675 3227 2739 obturent,
3270 2670 3364 2743 qui
3417 2669 3470 2725 in

1887 2767 1982 2822 Dei
2013 2765 2476 2837 longanimitatem
2507 2765 2735 2835 linguas.
2754 2774 3036 2820 acuerunt.

2062 2961 2339 3020 CCCXXI.
2376 2994 2449 3006 ——
2488 2962 2772 3020 IIIERACI
2809 2961 3289 3020 PRESBYTERO.

900 3052 1179 3109 Sacerdoti
1206 3057 1422 3110 uitanda
1449 3056 1729 3123 scandala,
1761 3066 1819 3112 ut
1851 3063 1899 3112 et
1932 3056 2084 3127 epist.
2107 3073 2216 3127 seq.
2247 3057 2341 3112 lib.
2371 3071 2434 3126 tt,
2465 3059 2623 3127 epist.
2661 3057 2778 3112 121.

274 3155 391 3210 οὐκ
423 3157 564 3230 ἴσην,
598 3152 644 3215 ὦ
677 3163 938 3236 μακάριε,
988 3165 1096 3236 πρὸ
1124 3164 1218 3220 τοῦ
1266 3168 1568 3242 ἱερωσύνης
1613 3169 1806 3241 {ﬁtth

1951 3166 2069 3226 Non
2101 3185 2312 3241 parem,
2356 3185 2390 3226 ο
2419 3172 2580 3239 bone,
2612 3181 2737 3228 ante
2764 3181 2819 3227 et
2843 3180 2966 3241 post
2997 3171 3251 3242 adeptum
3282 3185 3470 3226 sacer-

201 3243 362 3312 σθαι,
396 3248 491 3301 καὶ
522 3250 661 3320 μετὰ
693 3253 752 3305 τὸ
784 3253 1117 3325 ἀξιωθῆναι,
1156 3257 1204 3310 εί
1235 3259 1590 3329 πταίσωμεν,
1622 3261 1778 3334 δίκην

196 3334 478 3407 δώσομεν,
518 3339 653 3394 ἀλλὰ
682 3342 861 3415 πολλῷ
895 3345 1248 3419 πικροτέραν.
1282 3349 1346 3402 Oi
1380 3349 1490 3423 γὰρ
1536 3351 1672 3423 μηδὲ
1699 3350 1780 3424 τῷ

197 3425 303 3497 τῆς
342 3430 508 3500 τιμῆς
550 3431 806 3504 τοιαύτης
851 3435 1116 3504 ἠξιῶσθαι
1161 3429 1561 3508 βελτιωθέντες,
1602 3443 1780 3515 ’ἀργα-

197 3517 465 3589 λεώτερον
510 3520 708 3576 δίκαιοι
751 3522 817 3578 ἂν
845 3521 956 3579 είεν
998 3527 1345 3594 κολάζεσθαι.
1390 3531 1645 3602 Γίγνεται
1671 3532 1779 3608 γὰρ

197 3609 428 3674 είκότως
477 3613 537 3667 τὸ
582 3614 680 3684 τῆς
716 3616 883 3687 τιμῆς
935 3618 1164 3688 μέγεθος
1214 3621 1462 3691 μείζονος
1510 3625 1782 3697 τιμωρίας

200 3699 433 3770 ἑφόδιον.

666 3796 837 3853 me.
874 3829 944 3843 ρ-
970 3803 1059 3874 'ra
1091 3803 1300 3876 arm.

1887 3259 2093 3318 dotium
2127 3260 2175 3317 si
2202 3260 2596 3334 delinquemus,
2644 3276 2856 3333 poenam
2898 3262 3129 3328 luemus,
3159 3262 3254 3318 sed
3303 3259 3472 3320 multo

1887 3353 2245 3409 acerbiorem.
2276 3352 2411 3409 Nam
2430 3356 2522 3424 qui
2557 3371 2626 3411 ne
2654 3350 2760 3410 ista
2790 3356 3007 3427 quidem
3045 3354 3270 3411 honoris
3299 3354 3479 3425 digni-

1889 3450 2001 3500 tate
2033 3443 2231 3500 redditi
2274 3454 2402 3500 sunt
2447 3445 2724 3514 meliores,
2759 3462 2973 3518 aequum
3016 3455 3101 3503 est
3129 3461 3225 3503 eos
3254 3447 3472 3518 gravius

1886 3533 2091 3606 puniri.
2144 3534 2243 3592 Est
2288 3538 2434 3592 enim
2481 3539 2676 3596 merito
2726 3541 2841 3612 ipsa
2892 3540 3118 3598 honoris
3151 3534 3472 3613 magnitudo

1889 3627 2140 3699 supplicii
2170 3629 2394 3702 majoris
2425 3631 2662 3688 occasio.

2345 3816 2645 3875 CCCXXll.
2683 3847 2756 3860 —
2781 3817 3010 3878 EIDEM.

1093 3892 1446 3948 Sacerdotunt
1472 3897 1719 3966 graviora
1753 3915 1866 3958 esse
1891 3920 2050 3976 quam
2075 3905 2334 3962 (uicorum
2357 3906 2573 3965 delicta.

271 3991 481 4066 Ὠσπερ
523 3997 581 4051 ὲν
618 3997 729 4069 νηῒ,
768 3999 897 4054 ὅταν
937 4000 1036 4072 μὲν
1080 4003 1283 4075 ναύτης
1324 4005 1554 4080 σφαλείη
1577 4048 1591 4073 ,
1627 3997 1778 4081 ’βρα-

195 4089 353 4157 χεῖαν
381 4091 478 4161 τὴν
515 4089 720 4163 βλάϐην
747 4096 857 4158 τοῖς
895 4095 1232 4165 συμπλέουσι
1272 4098 1427 4169 φέρει
1449 4138 1466 4165 ,
1499 4100 1627 4154 ὅταν
1659 4101 1716 4155 δὲ
1750 4107 1778 4157 ό

197 4178 572 4252 κυϐερνήτης,
613 4183 790 4236 κοινὸν
829 4184 1050 4258 ὄλεθρον
1080 4189 1510 4259 παρασκευάζει,
1541 4190 1682 4246 οὕτω
1709 4193 1793 4248 τὰ

198 4270 300 4340 μὲν
329 4270 438 4323 τῶν
474 4274 728 4343 ὑπηκόων
758 4276 1097 4347 πταίσματα,
1123 4279 1225 4332 οὐκ
1251 4281 1332 4343 είς
1359 4280 1420 4333 τὸ
1445 4281 1624 4337 κοινὸν
1648 4301 1775 4338 τοσ-

194 4360 353 4415 οὖτον
375 4403 390 4427 ,
417 4363 539 4417 ὅσον
579 4367 658 4428 είς
687 4366 884 4450 αύτοὺς
916 4368 1072 4439 φέρει
1093 4369 1191 4441 τὴν
1216 4370 1421 4442 βλάϐην
1444 4389 1458 4404 °
1483 4373 1551 4430 τὰ
1580 4375 1637 4429 δὲ
1666 4376 1774 4432 τῶν

197 4453 515 4524 ἱερωμένων
547 4456 625 4520 είς
656 4457 864 4523 πάντας
897 4461 1226 4529 ἀφικνεῖται.

655 4565 825 4619 TKl".
868 4597 937 4608 —
979 4568 1067 4640 Tn
1110 4569 1316 4642 arm.

1965 4015 2034 4072 Ut
2101 4019 2155 4073 in
2198 4019 2418 4089 navigio
2449 4020 2494 4074 si
2523 4019 2644 4089 quis
2676 4029 2838 4075 nauta
2872 4015 3166 4089 delinquat,
3201 4019 3379 4076 minus
3413 4020 3464 4074 id

1885 4109 2266 4179 navigantibus
2295 4109 2454 4166 aliert
2487 4111 2918 4177 incommodum;
2961 4112 3006 4167 si
3041 4125 3172 4166 vero
3195 4111 3469 4182 guberna-

1886 4207 1994 4265 tor,
2033 4213 2376 4255 communem
2428 4212 2680 4270 procurat
2732 4201 3047 4270 interitum;
3098 4201 3166 4256 ad
3218 4202 3467 4257 eumdem

1885 4290 2102 4344 modum
2149 4292 2486 4348 subditorum
2522 4303 2742 4363 peccata
2784 4309 2892 4351 non
2944 4303 3056 4349 tam
3109 4294 3252 4359 aliis,
3302 4308 3464 4363 quam

1884 4392 1983 4433 suo
2023 4379 2122 4448 ipsi
2153 4382 2314 4450 capiti
2348 4382 2546 4436 malum
2572 4393 2880 4439 arcessunt.
2907 4383 2975 4439 At
3010 4383 3352 4440 sacerdotum
3382 4382 3464 4437 vi-

1809 4499 1852 4556 Β
1887 4472 1957 4524 tia
1988 4471 2040 4526 in
2067 4474 2532 4537 omncsvexcmulo
2564 4476 2894 4531 redundant.

2326 4583 2648 4642 CCCXXIII.
2681 4615 2752 4626 —
2783 4585 3011 4640 EIDEM.

871 4658 1217 4716 Sacer-dolum
1245 4673 1322 4720 est
1350 4665 1684 4726 subditorum
1713 4685 1972 4746 satagere.
1998 4676 2272 4746 Majorum
2294 4680 2486 4736 delicta
2514 4682 2780 4751 graviora.

263 4762 326 4816 Εί
383 4765 568 4834 μόλις,
625 4760 671 4820 ὧ
728 4769 934 4837 ἀγαθὲ,
985 4771 1381 4839 κατορθοῦντες
1427 4777 1478 4829 οί
1516 4779 1615 4849 τὴν
1671 4781 1771 4852 τῆς

193 4855 492 4925 ἱερωσύνης
543 4859 866 4928 ἐστεμμένοι
899 4861 1244 4933 λειτουργίαν
1291 4863 1572 4938 ὠφελῆσαι
1611 4869 1772 4941 δυνη-

192 4947 336 4999 θεῖεν
378 4949 458 5015 (οἱ
490 4949 600 5018 γὰρ
632 4952 921 5021 ἀρχόμενοι
965 4953 1035 5006 τὰ
1081 4953 1180 5024 μὲν
1219 4957 1624 5028 κατορθώματα
1669 4960 1772 5016 κᾶν

195 5037 406 5104 μεγάλα
444 5035 497 5110 ᾖ,
529 5037 788 5106 βραδέως,
830 5044 899 5094 τὰ
926 5042 981 5094 δὲ
1013 5043 1332 5113 πταίσματα
1372 5046 1475 5099 κᾶν
1508 5050 1684 5121 μικρὰ
1711 5048 1768 5123 ᾖ,

191 5129 357 5195 ίξέως
407 5129 669 5201 ὁρῶσιν),
715 5133 764 5184 οἱ
813 5132 1073 5204 ῥᾳθύμως
1099 5134 1322 5200 ζῶντες,
1367 5137 1460 5190 καὶ
1501 5141 1772 5212 μηδεμίαν

187 5219 300 5271 τῶν
321 5220 574 5290 ὑπηκόων
602 5222 912 5293 ποιούμενοι
941 5226 1216 5297 πρόνοιαν,
1256 5227 1414 5281 ποίαν
1447 5229 1550 5283 οὐκ
1582 5234 1772 5289 ἐνστά-

190 5312 342 5374 (auct
369 5310 478 5382 (95)
523 5313 723 5366 κακίαν
764 5318 876 5378 τοῖς
918 5316 1108 5387 ὥσπερ
1139 5316 1438 5385 ἀπολογίαν
1479 5320 1624 5392 ἔχειν
1661 5328 1769 5379 oio-

191 5401 375 5471 μένοις
416 5401 523 5454 τῶν
558 5403 774 5457 οἰκείων
819 5408 1176 5476 πταισμάτων
1223 5407 1290 5461 τὰ
1321 5408 1430 5461 τῶν
1479 5414 1764 5485 ἡγεμόνων

1952 4783 2008 4838 Si
2044 4785 2129 4839 vix
2162 4788 2396 4850 tandem,
2425 4786 2565 4843 boue
2591 4788 2691 4850 vir,
2718 4797 2864 4841 recte
2902 4786 3030 4856 quid
3064 4801 3130 4841 ac
3157 4802 3277 4840 cum
3307 4787 3462 4842 laude

1880 4884 2104 4945 agentes
2140 4877 2234 4945 qui
2274 4877 2448 4931 sacris
2497 4886 2624 4932 sunt
2673 4876 2868 4931 initiati
2935 4874 3194 4947 prodesse
3253 4884 3461 4946 queant

1878 4966 2103 5036 (subditi
2147 4968 2290 5022 enim
2337 4975 2484 5024 recte
2512 4968 2728 5039 quidem
2763 4972 2939 5040 gesta,
2971 4969 3222 5040 quamvis
3267 4984 3460 5038 magna

1873 5056 2005 5122 sint,
2054 5071 2160 5112 non
2207 5067 2318 5112 tam
2366 5058 2508 5125 cito;
2546 5066 2765 5129 peccata
2804 5073 2936 5114 vero
2980 5060 3197 5117 tametsi
3235 5060 3459 5114 minima

1870 5146 2139 5202 citissime
2183 5147 2671 5220 animadvertunt),
2700 5149 3037 5221 negligenter
3083 5151 3354 5219 viventes,
3405 5159 3462 5205 et

1869 5237 2072 5291 nullam
2102 5239 2441 5295 subditorum
2480 5254 2666 5296 curam
2695 5249 2974 5314 gerentes,
3007 5257 3172 5316 quam
3213 5257 3321 5297 non
3359 5242 3459 5297 iu-

1867 5329 2070 5384 stillanl
2103 5331 2502 5401 improbitatem
2533 5335 2598 5390 iis
2623 5335 2714 5404 qui
2747 5336 3092 5404 propriorum
3126 5334 3451 5390 deﬂetorum

1874 5421 2018 5475 velut
2054 5421 2422 5480 defensionem
2469 5425 2668 5482 habere
2710 5440 2770 5482 se
2796 5434 2990 5497 putant
3025 5437 3246 5498 peccata
3291 5438 3459 5496 supe-

1288 5569 1520 5628 νΑιιιΑς
1561 5571 1945 5629 LECTIONES
1990 5577 2075 5630 ET
2121 5579 2354 5636 NOTAE.

407 5705 570 5783 [idem
598 5709 695 5783 τὴν
725 5714 776 5783 in
807 5716 897 5770 τὸν
925 5730 1150 5776 mutant.
1187 5723 1399 5780 Possm.

267 5703 383 5848 (ΜΞ
407 5705 568 5763 Iidem
598 5709 695 5783 τὴν
725 5714 776 5766 in
807 5716 897 5770 τὸν
925 5730 1150 5776 lutitant.
1187 5723 1399 5780 Possm.

266 5771 360 5844 (05
412 5775 516 5833 Pro
559 5782 874 5846 ὲνστάζουσι
913 5791 1071 5845 ambo
1121 5796 1272 5848 codd.
1329 5799 1524 5848 habent
1573 5797 1907 5865 ὲνστάξουσι.
1949 5799 2021 5853 lu.
