4122 6456
679 370 814 438 1523
1912 373 1972 434 S.
2018 373 2307 436 ISIDORI

2349 373 2790 437 PELUSIOTlE
3805 365 3947 438 ια

676 484 904 574 riorum,
935 491 988 538 et
1017 479 1282 550 intrepide
1301 478 1355 535 in
1379 493 1539 537 omne
1565 477 1776 536 facinus
1799 480 2002 537 ruunt?
2024 479 2254 538 Maxime
2282 494 2304 549 Α

2315 502 2329 548 ι
2361 485 2731 556 ἁμαρτήματα
2749 523 2764 549 ,
2799 483 2894 536 καὶ
2921 481 3090 547 ἀδεῶς
3119 482 3212 538 ἀπὶ
3241 481 3424 538 πᾶσαν
3453 479 3809 554 παρανομίαν
3831 495 3943 552 χο-

676 569 873 647 Ιιιιιυᾱ
901 573 1057 631 decet
1103 572 1417 629 sacerdotes
1463 581 1712 644 satagere
1758 583 2015 644 tanquam
2065 588 2162 643 pro
2197 589 2254 630 se

2363 573 2548 644 ροῦσι;
2598 574 2849 629 Μάλιστα
2883 573 3059 627 τοίνυν
3093 575 3222 639 τοὺς
3255 573 3592 647 ῖερωμένους
3631 571 3943 648 φροντίζειν

676 665 890 736 sibique
921 662 1180 735 subjectis
1212 665 1323 719 sint
1355 665 1624 720 rationem
1659 664 1923 722 reddituri
1946 665 2009 721 ".

2359 665 2486 736 χρὴ,
2531 665 2605 729 ὡς
2648 666 2742 719 καὶ
2773 665 2916 737 ὑπὲρ
2945 665 3184 732 ἑαυτῶν,
3226 664 3319 719 καὶ
3357 665 3496 737 ὑπὲρ
3543 663 3944 735 rimandum

2362 756 2516 823 λόγον
2549 755 2947 820 ἀποδώσοντας.

838 869 1163 929 CCCXXIV.
1204 899 1274 910 —
1305 867 1558 926 ZOSIMO
1599 868 2075 926 PRESBYTERO.

2067 911 2075 924 .
2609 866 2778 922 TKA'.
2823 896 2895 908 —
2934 865 3181 935 zamia
3229 863 3695 934 ΠΡΕΣΒΥΤΕΡῼ.

1526 964 1762 1020 Extremi
1777 965 1977 1033 judicii
2009 976 2206 1020 terrore
2242 984 2274 1020 α
2310 965 2535 1035 peccatis
2576 978 2820 1018 revocare
2849 974 3091 1016 conatur.

753 1077 825 1136 De
868 1077 1219 1150 iniuriarum,
1271 1079 1444 1147 deque
1490 1078 1804 1149 Opinionum
1860 1079 2255 1149 magnitudine,

2431 1076 2654 1148 Kpivetv
2699 1066 2768 1129 ea
2795 1092 2853 1128 τε
2900 1074 3008 1128 τῶν
3051 1072 3261 1144 ὔσρεων
3286 1111 3302 1136 ,
3331 1071 3401 1124 τά
3429 1086 3488 1124 τε
3527 1070 3638 1125 τῶν
3667 1069 3948 1125 κολάσεων

678 1185 747 1228 οι
791 1184 1017 1227 numero
1061 1183 1249 1226 eorum
1296 1170 1386 1239 qui
1425 1168 1630 1225 conscii
1663 1177 1789 1226 sunt
1835 1169 2113 1226 aestimare
2162 1184 2255 1224 so-

2366 1169 2569 1240 μεγέθη
2595 1170 2642 1221 oi
2674 1167 2954 1239 ἄνθρωποι
2983 1164 3062 1237 τῷ
3100 1163 3295 1236 πλήθει
3327 1163 3438 1217 τῶν
3471 1161 3796 1217 συνειδότων
3821 1160 3946 1217 alti)-

677 1261 807 1318 lent.
835 1259 1066 1333 injurias
1100 1262 1244 1318 enim
1274 1271 1327 1317 et
1359 1260 1746 1331 castigationes
1778 1262 1843 1317 de
1877 1261 2070 1332 quovis
2111 1276 2259 1316 sum-

2363 1263 2507 1316 θασι.
2539 1261 2649 1324 Τὰς
2678 1260 2788 1332 γὰρ
2815 1259 2989 1322 αὐτὰς
3019 1258 3224 1330 ὕϐρεις,
3253 1256 3349 1311 καὶ
3373 1255 3473 1320 τὰς
3499 1255 3672 1320 αὐτὰς
3693 1253 3949 1317 κολάσεις

680 1362 824 1426 ptas,
851 1368 958 1410 non
986 1354 1178 1412 eodem
1217 1355 1376 1411 modo
1407 1355 1756 1426 gravissimas
1783 1354 2074 1410 aestimant.
2106 1353 2261 1419 Quod

2369 1356 2444 1427 μὴ
2493 1355 2586 1408 ἐπὶ
2630 1354 2842 1408 πολλῶν
2875 1351 3186 1424 γινομένας,
3228 1349 3328 1421 οὐχ
3375 1349 3578 1421 ὁμοίως
3632 1347 3951 1418 βαρυτάτας

679 1459 800 1501 cum
841 1445 915 1500 ita
962 1444 1056 1513 sit,
1096 1445 1242 1514 vide,
1280 1460 1484 1518 quaeso,
1511 1447 1780 1517 quomodo
1823 1445 2001 1501 allecti
2026 1445 2252 1510 erimus,

2365 1446 2644 1519 ἡγοῦνται.
2693 1447 2754 1500 Ei
2799 1447 2978 1500 τοίνυν
3023 1443 3176 1498 ταῦθ’
3209 1442 3383 1506 οὕτως
3411 1440 3546 1513 ἔχει,
3589 1439 3791 1494 σκόπει
3829 1437 3950 1502 πῶς

678 1535 771 1604 qui
797 1549 979 1592 coram
1009 1544 1119 1594 tota
1152 1537 1489 1594 humanitate
1519 1546 1571 1594 et
1605 1536 1920 1610 angelorum
1952 1536 2259 1607 pulchritu-

2362 1537 2768 1618 διακεισόμεθα,
2803 1539 2896 1593 ἐπὶ
2927 1537 3109 1608 πάσης
3130 1536 3227 1607 τῆς
3257 1534 3699 1606 ἀνθρωπότητος,
3729 1531 3832 1587 καὶ
3859 1529 3952 1584 τοῦ

679 1626 805 1683 dine
836 1641 1054 1686 causam
1096 1628 1361 1696 dicemus,
1385 1627 1550 1702 657
1575 1643 1696 1686 cum
1740 1628 2040 1698 praesertim
2076 1627 2257 1683 omnis

2360 1633 2470 1688 τῶν
2523 1631 2770 1702 ἀγγέλων
2824 1632 2999 1704 δήμου
3061 1629 3348 1702 μέλλοντες
3414 1625 3646 1690 εὐθύνας
3705 1623 3949 1694 ὑςρέξειν,

679 1718 844 1774 etiam
886 1719 940 1775 in
984 1719 1311 1777 verecundia
1357 1720 1535 1777 locum
1581 1735 1686 1777 non
1734 1720 1989 1792 reperiet,
2029 1719 2307 1809 peccatisl

2324 1727 2496 1808 ιόταν
2555 1726 2791 1796 μάλιστα
2841 1726 2937 1779 καὶ
2993 1727 3145 1779 πᾶσα
3201 1719 3555 1792 ἀναισχυντία
3605 1718 3798 1790 χώραν
3835 1716 3952 1810 οὐχ

681 1826 804 1880 nos,
835 1811 981 1875 velut
1010 1813 1200 1869 umbra
1233 1826 1429 1884 corpus
1455 1812 1615 1877 solet.
1650 1811 2124 1882 consequentibus.
2295 1808 2309 1809 ’

2365 1816 2508 1883 ἕξει,
2546 1815 2656 1870 τῶν
2691 1815 3108 1888 ἁμαρτημάτων
3141 1815 3274 1887 ἡμῖν
3305 1813 3492 1885 ὥσπερ
3525 1810 3694 1865 σκιῶν
3721 1808 3951 1864 ἀκολου-

2370 1906 2625 1962 θούντων.

1147 2012 1449 2072 CCCXXV.
1471 2011 1795 2069 ——PAULO.

2853 2017 3028 2070 TKE'.
3081 2046 3147 2056 —
3198 2013 3448 2083 name.

1675 2104 1747 2158 De
1786 2103 2039 2157 bonorum
2070 2106 2287 2171 prmmio
2311 2120 2562 2176 panaque
2593 2107 2970 2176 improborum.

749 2212 1010 2272 Homines
1047 2221 1106 2271 ut
1138 2227 1299 2286 paena
1329 2214 1621 2286 praemiove
1657 2214 1967 2285 quempiam
1999 2214 2259 2279 alliciant,

2456 2217 2578 2270 Ἐπὶ
2627 2217 2726 2287 μὲν
2763 2215 3068 2288 ἀνθρώπων
3113 2215 3145 2285 ἢ
3177 2211 3554 2284 ἀμυνομένων,
3586 2210 3618 2280 ἢ
3654 2206 3955 2279 ἀμειϐομέ-

682 2323 792 2364 non
820 2321 1036 2379 semper
1088 2306 1352 2364 voluntati
1402 2315 1645 2380 potestas
1694 2307 2009 2377 respondet.
2037 2306 2106 2361 At
2162 2305 2260 2362 Dei

2371 2326 2500 2372 νων,
2531 2309 2591 2362 οὐ
2626 2309 2844 2372 πάντως
2873 2309 2906 2380 ή
2932 2307 3160 2377 δύναμις
3190 2308 3252 2377 τῇ
3296 2303 3547 2376 βουλήσει
3591 2301 3792 2354 ἕπεται
3814 2314 3830 2329 ο
3863 2301 3952 2353 ἐπὶ

683 2399 908 2467 iustitia,
932 2414 1052 2471 qua
1077 2408 1134 2457 et
1159 2413 1320 2471 pmna
1365 2399 1580 2471 cogitur
1629 2397 1865 2464 allicere,
1887 2406 1946 2456 et
1994 2399 2144 2469 cupit
2175 2398 2258 2453 dia

2371 2399 2428 2453 δὲ
2456 2401 2555 2472 τῆς
2591 2400 2740 2465 θείας
2782 2400 2960 2471 δίκης,
3001 2400 3101 2470 τῆς
3149 2395 3454 2469 ἀμύνεσθαι
3492 2396 3590 2466 μὲν
3640 2392 3950 2472 ἀναγκαζο-

683 2507 821 2564 gnos
851 2464 1213 2565 praemiare-(
1239 2464 1675 2564 quandoquidem
1710 2490 1948 2548 facultas
1985 2464 2264 2548 voluntate

2374 2464 2565 2565 μένης,
2605 2464 2933 2564 ἀμείϐεσθαι
2964 2491 3020 2545 δὲ
3048 2464 3375 2562 βουλομένης
3402 2505 3416 2518 ’
3464 2464 3765 2557 ἐπειδήπερ
3791 2485 3826 2555 ή
3867 2481 3953 2536 δύο

683 2598 791 2640 non
842 2592 926 2640 est
977 2583 1272 2653 inferior),
1311 2593 1540 2654 utraque
1587 2598 1781 2655 reapse
1835 2583 2060 2641 omnino
2107 2600 2266 2640 excr—

2365 2605 2530 2659 ναμις
2554 2587 2652 2657 τῆς
2676 2586 2982 2658 βουλήσεως
3007 2585 3107 2639 οὐκ
3133 2583 3279 2638 ἔστιν
3303 2579 3664 2652 ἀσθενεστέρα
3693 2597 3704 2610 ·
3736 2577 3950 2640 πάντως

683 2683 898 2733 centur.
973 2675 1082 2734 Hos
1145 2677 1290 2731 enim
1362 2676 1608 2747 prmmio,
1673 2676 1795 2732 illos
1872 2691 2034 2746 paena
2117 2675 2262 2733 Deus

2366 2678 2652 2750 ἀμφότερα
2681 2679 2759 2741 είς
2799 2678 2960 2749 ἔργον
2999 2675 3316 2748 ἐκϐήσεται.
3365 2673 3503 2736 Τοὺς
3546 2671 3644 2741 μὲν
3676 2669 3788 2741 γὰρ
3817 2669 3952 2740 ἀμυ-

685 2765 868 2824 allicit.
1137 2796 1139 2798 ·
2367 2773 2561 2833 νεῖται,
2602 2769 2731 2833 τοὺς
2751 2769 2806 2822 δὲ
2840 2768 3156 2839 ἀμείψεται.

685 2873 1538 2944 CCCXXVL—MARTINIANO,
1573 2875 1828 2934 ZOSIMO
1859 2877 1950 2932 ET
1980 2876 2268 2932 MARONI.

2253 2917 2268 2932 .
2443 2879 2634 2946 TKG’.
2672 2906 2742 2917 --
2778 2874 3230 2946 ΜΛΡΤΙΝΙΑΝῼ,
3266 2873 3546 2944 ΖΩΣΙΜῼ,
3589 2870 3880 2926 ΜΑΡΩΝΙ.

1169 2965 1303 3022 Boni
1335 2967 1594 3022 neminem
1620 2966 2040 3022 calumniantur.
2071 2965 2204 3021 Mali
2229 2982 2261 3020 a
2287 2965 2556 3021 calumnia
2584 2983 2680 3020 cur
2721 2965 2887 3020 liberi.
2919 2962 3096 3035 (σοιτί.
3124 2964 3273 3026 epist.
3311 2961 3458 3021 54L)

754 3079 868 3137 Etsi
899 3077 1218 3135 incredibile
1245 3077 1402 3134 vobis
1424 3079 1598 3133 visum
1654 3080 1720 3134 iri
1745 3079 1888 3149 quod
1912 3079 2087 3135 dicant
2128 3079 2262 3144 scio,
2292 3065 2335 3123 Ο

2319 3065 2335 3122 ἶ
2441 3079 2506 3131 Ei
2552 3080 2643 3131 καὶ
2691 3076 2996 3149 παράδοξον
3038 3072 3178 3130 εἶναι
3218 3075 3346 3145 ὑμῖν
3381 3075 3521 3134 δόξει
3549 3075 3610 3128 τὸ
3645 3073 3947 3144 ῥηθησόμε-

684 3172 897 3228 dicetur
923 3181 1131 3226 tamen.
1164 3169 1564 3242 Sentioitaque
1617 3179 1677 3223 ut
1719 3185 1898 3241 neque
1945 3172 2148 3226 bonum
2183 3170 2266 3223 vi-

2367 3189 2474 3231 νον,
2499 3170 2613 3223 ἀλλ’
2638 3171 2786 3242 ὅμως
2813 3169 3107 3234 λελέξεται.
3142 3169 3288 3238 Φημὶ
3315 3168 3491 3221 τοίνυν
3516 3169 3600 3220 ὅτι
3626 3167 3805 3230 οὐδεὶς
3832 3165 3951 3219 οὒτε

686 3276 806 3317 rum
828 3260 1145 3316 calumniari
1204 3272 1554 3330 quemquam,
1595 3257 1667 3313 ita
1732 3273 1908 3326 neque
1963 3257 2268 3328 improbum

2367 3262 2641 3318 διαϐάλλει
2671 3261 2928 3335 χρηστὸς,
2976 3262 3100 3315 οὔτε
3129 3257 3475 3316 διαϐάλλεται
3509 3258 3766 3330 πονηρός.
3804 3259 3864 3312 Εἰ
3890 3258 3943 3313 δὲ

687 3352 957 3408 calumnia
992 3351 1194 3422 appeti.
1221 3349 1376 3418 Quod
1402 3351 1606 3406 dictum
1640 3349 1688 3406 si
1735 3349 2043 3419 mnigmatis
2095 3349 2273 3403 instar

2369 3353 2600 3424 αἴνιγμα
2630 3355 2775 3408 δοκεῖ
2807 3353 2870 3407 τὸ
2919 3353 3083 3425 ῥηθὲν
3107 3394 3120 3417 ,
3154 3353 3486 3423 σαφέστερον
3532 3353 3840 3421 εἰρήσεται.
3892 3350 3948 3403 '0

689 3445 956 3512 videatur,
994 3443 1291 3500 dilucidius
1319 3442 1619 3515 proferam.
1640 3442 1853 3499 Probus
1882 3445 1926 3496 si
1974 3441 2104 3512 quid
2127 3440 2274 3496 dicat

2373 3443 2600 3514 ἀγαθὸς,
2629 3443 2730 3498 κᾶν
2759 3447 2935 3498 εἰπεῖν
2972 3461 3025 3496 τι
3061 3443 3094 3514 ἢ
3139 3442 3244 3497 ὑπὸ
3282 3443 3698 3512 μισοπονηρίας,
3733 3443 3768 3514 ἢ
3818 3442 3947 3511 πρὸς

689 3536 773 3592 vel
802 3537 930 3592 odio
951 3537 1236 3602 vitiorum,
1259 3534 1345 3591 vel
1369 3536 1435 3591 ad
1457 3534 1839 3605 corrigendum
1898 3536 2269 3598 aberrantem,

2377 3533 2664 3606 διόρθωσιν
2690 3534 3017 3605 προαχθείη,
3044 3534 3104 3587 οὐ
3130 3532 3401 3587 διαϐάλλει
3422 3550 3434 3564 ·
3467 3537 3528 3586 οὑ
3559 3533 3668 3604 γὰρ
3692 3533 3760 3586 τὰ
3783 3531 3945 3602 ψευδῆ

688 3628 918 3684 minime
965 3629 1350 3684 calumniatur.
1376 3626 1496 3683 Non
1545 3627 1691 3684 enim
1750 3628 2033 3681 mendacia
2089 3626 2268 3696 ﬁngit,

2379 3628 2625 3691 πλάττει,
2656 3626 2790 3680 ἀλλὰ
2820 3626 3031 3698 τάληθῆ
3062 3627 3278 3698 φράζει.
3326 3627 3382 3680 '0
3405 3629 3457 3680 δὲ
3484 3626 3719 3698 πονηρὸς
3747 3627 3808 3679 οὐ
3839 3625 3947 3680 δια-

689 3722 798 3775 imo
825 3733 951 3776 vera
977 3719 1157 3789 potius
1179 3727 1389 3774 narrat.
1424 3717 1710 3788 improbus
1766 3730 1958 3775 contra
1993 3718 2264 3774 conviciis

2371 3715 2622 3771 ϐάλλεται
2643 3733 2655 3746 ·
2680 3717 2774 3770 καὶ
2802 3715 2912 3788 γὰρ
2939 3719 2987 3769 εί
3014 3717 3109 3770 καὶ
3131 3715 3398 3786 ὴδιαόολὴ
3428 3717 3650 3785 πλάσμα
3676 3718 3795 3771 ἐστὶ
3819 3716 3945 3787 ψευ-

691 3826 798 3869 non
853 3820 1134 3868 oneratur.
1180 3811 1443 3878 Quamvis
1496 3812 1638 3867 enim
1680 3811 1951 3868 calumnia
2017 3810 2136 3864 falsi
2187 3821 2273 3866 est

1496 3812 1638 3867 enim
1680 3811 1951 3868 calumnia
2017 3810 2136 3864 falsi
2187 3821 2273 3866 est
2369 3808 2478 3870 δὲς,
2509 3807 2645 3860 ἀλλὰ
2674 3807 2878 3877 τάληθῆ
2906 3806 3114 3862 ἀκούει.

689 3901 938 3973 quaedam
967 3900 1134 3968 lictio,
1164 3901 1314 3957 audit
1342 3909 1522 3956 tamen
1549 3901 1639 3956 ille
1669 3917 1880 3957 verum.

1133 4010 1479 4068 CCCXXV“.
1493 4041 1565 4052 —
1577 4010 1836 4067 llSDEM.

2783 4009 2957 4064 TKZ'.
2989 4039 3059 4050 ——-
3088 4009 3245 4065 ΤΟΙΣ
3275 4010 3539 4066 ΑΥΤΟΙΣ.

1284 4100 1426 4156 Deus
1453 4101 1768 4171 facientibus
1797 4101 1938 4172 quod
1971 4109 2171 4171 oportet
2203 4103 2306 4173 fert
2337 4102 2620 4158 auxilium.
2649 4101 2813 4172 (Vide
2851 4104 3004 4171 epist.
3037 4101 3163 4169 5i5,
3207 4101 3356 4174 459.)

761 4213 1013 4271 Mortales
1035 4213 1356 4287 plerumque
1382 4213 1469 4270 bis
1506 4213 1847 4271 collaborare
1882 4222 1937 4269 et
1982 4215 2266 4287 cooperari

2448 4214 2655 4279 Πάντες
2709 4213 2989 4287 ἅνθρωποι
3032 4213 3243 4281 τούτοις
3287 4215 3382 4270 καὶ
3433 4216 3808 4287 συμπράττειν
3853 4217 3939 4272 καὶ

688 4311 928 4375 student,
961 4307 1159 4381 quibus
1204 4308 1548 4366 sedulitatem
1597 4309 2043 4381 diligentiamque
2090 4312 2270 4369 inesse
2302 4364 2316 4381 ,

2308 4364 2346 4381 λ
2379 4307 2674 4376 συμπονεῖν
2725 4305 3001 4360 ἐθέλουσιν
3023 4350 3035 4372 ,
3066 4301 3148 4370 οἷς
3175 4305 3244 4361 ἂν
3286 4305 3451 4378 ὁρῶσι
3493 4306 3591 4377 τὴν
3639 4307 3936 4379 προθυμίαν

691 4401 874 4456 vident
895 4364 1081 4455 cocum
1113 4394 1235 4468 quae
1266 4399 1409 4455 facto
1430 4407 1515 4455 est
1541 4364 1795 4471 opuszt
1821 4364 2270 4473 socordes,igna-
2301 4364 2319 4426 1

2309 4364 2350 4426 D
2373 4364 2466 4451 10?;
2505 4399 2765 4469 πράττειν
2795 4398 2832 4452 ἃ
2870 4399 2977 4470 χρὴ
3021 4364 3377 4470 ακμάζουσαν
3399 4413 3413 4428 ⁸
3445 4364 3572 4463 τοὺς
3611 4364 3720 4470 γὰρ
3755 4364 3937 4453 καθεύ-

690 4508 806 4554 νος,
837 4507 899 4547 ac
932 4491 1164 4561 propriae
1202 4491 1394 4546 salutis
1449 4492 1897 4562 praevaricatores
1945 4492 2142 4547 merito
2175 4508 2270 4547 nc-

2366 4490 2478 4543 δειν
2525 4491 2618 4544 καὶ
2652 4489 2918 4562 ῥᾳθυμεῖν
2970 4490 3420 4562 προῃρημένους,
3470 4491 3564 4544 καὶ
3601 4489 3700 4562 τὴν
3743 4490 3936 4544 οίκείαν

692 4586 916 4655 gligunt.
950 4581 1102 4648 Quod
1135 4598 1257 4638 eum
1323 4583 1395 4637 ita
1442 4583 1533 4648 sit,
1578 4586 1774 4638 merito
1825 4583 1988 4638 etiam
2039 4584 2259 4639 divinus

2373 4584 2644 4654 σωτηρίαν
2673 4583 3045 4654 προδιδόντας,
3076 4584 3197 4636 οὐδὲ
3235 4584 3393 4651 λόγου
3427 4583 3651 4645 εἰκότως
3680 4583 3929 4649 ἀξιοῦσιν.

693 4684 855 4729 nutus
884 4687 989 4728 non
1015 4673 1268 4727 omnibus
1299 4671 1529 4727 accedit.
1559 4671 1664 4726 Sed
1705 4685 1800 4727 eos
1853 4671 2155 4740 dimittens,
2175 4674 2267 4742 qui

2370 4674 2431 4728 Εί
2471 4676 2650 4729 τοίνυν
2679 4675 2830 4729 ταῦθ’
2859 4674 3034 4738 οὕτως
3059 4674 3194 4745 ἔχει,
3224 4676 3443 4738 εἰκότως
3474 4676 3567 4729 καὶ
3597 4677 3628 4746 ἠ
3660 4675 3776 4728 θεία
3806 4678 3931 4746 ῥοπὴ

692 4777 840 4818 suam
875 4763 1107 4819 salutem
1145 4777 1241 4833 per
1271 4762 1654 4834 negligentiam
1682 4762 2012 4833 decoquunt,
2046 4764 2134 4830 iis,
2168 4767 2260 4833 qui

2368 4769 2427 4820 οὐ
2468 4769 2632 4821 πᾶσιν
2671 4769 2958 4838 ἐπιφοιτᾷ·
3005 4767 3122 4820 ἀλλ’
3161 4765 3402 4830 ἐκείνους
3432 4768 3659 4833 ἀφεῖσα,
3693 4768 3815 4829 τοὺς
3844 4767 3929 4835 τὴν

691 4872 776 4919 ρο,
809 4871 928 4926 quae
978 4870 1042 4910 ex
1084 4870 1184 4910 usu
1243 4855 1594 4921 sunt,l‘acere
1649 4866 1918 4910 conantur
1953 4855 2038 4912 vel
2067 4871 2263 4929 propo-

2373 4859 2582 4914 ὲαυτῶν
2626 4859 2901 4931 σωτηρίαν
2948 4859 3035 4913 διὰ
3085 4860 3357 4931 ρᾳθυμίαν
3400 4860 3797 4930 προτείνοντας·
3832 4861 3930 4920 τοῖς

692 4957 842 5016 num,
869 4956 1230 5018 opportunum
1259 4946 1517 5002 auxilium
1553 4948 1761 5003 tribuit.

2376 4953 2637 5024 πράττειν
2696 4951 2731 5007 δι
2782 4952 2886 5024 χρὴ
2937 4953 3340 5025 προῃρημένοις
3383 4952 3482 5024 τὴν
3532 4953 3739 5006 οἰκείαν
3791 4952 3927 5021 νέμει

2374 5048 2712 5119 συμμαχίαν.

917 5151 1283 5208 CCCXXVIII.
1299 5184 1364 5193 —
1383 5152 1661 5212 SERENO
1704 5155 2021 5214 DIACONO.

1999 5175 2021 5213 ι.
2675 5151 2856 5207 TKH'.
2899 5185 2965 5195 -
3006 5153 3277 5225 stnNn
3312 5151 3627 5223 ΔιΑκοΝο.

1713 5250 1980 5307 Modestia
2010 5255 2128 5309 vita:
2172 5254 2540 5308 commendata
2576 5253 2628 5305 in
2657 5250 2924 5305 omnibus.

769 5347 965 5404 Virtuti
992 5351 1230 5407 deditum
1256 5369 1590 5424 supervacua
1654 5373 1903 5414 resecare
1935 5360 2106 5414 decet.
2141 5359 2260 5415 Non

2434 5360 2538 5413 Τὸν
2554 5357 2857 5433 φιλάρετον
2880 5355 3058 5410 πάντα
3078 5357 3147 5411 τὰ
3170 5359 3400 5429 περιττὰ
3427 5360 3530 5430 χρὴ
3560 5359 3919 5432 περικόπτειν·

694 5442 832 5497 enim
866 5443 918 5497 in
955 5444 1088 5499 cibis
1121 5449 1299 5511 modo,
1342 5448 1434 5503 sed
1488 5458 1542 5503 et
1599 5451 1652 5504 in
1703 5450 1964 5518 vestibus,
2002 5453 2262 5519 mdiliciis,

2364 5454 2423 5505 οὑ
2456 5453 2564 5523 γὰρ
2597 5454 2652 5504 ὲν
2684 5452 2855 5520 τροφῇ
2901 5450 3093 5521 μόνον,
3135 5449 3269 5503 ἀλλὰ
3317 5451 3409 5504 καὶ⁸
3438 5454 3496 5504 ὲν
3537 5453 3815 5522 ἀμφιάσει,
3842 5453 3920 5506 xxi

692 5549 754 5590 ac
815 5536 1165 5606 supellectile,
1207 5540 1435 5611 aliisque
1502 5544 1665 5599 rebus
1734 5559 1864 5598 usus
1924 5546 2260 5613 potissimum

2366 5548 2422 5598 ἐν
2455 5547 2666 5615 οἰκήσει
2711 5543 2805 5595 καὶ
2838 5544 2897 5595 ὲν
2942 5542 3224 5607 ἐπίπλοις,
3276 5541 3372 5596 καὶ
3404 5543 3460 5594 ἐν
3501 5546 3612 5607 τοῖς
3641 5543 3810 5606 ἄλλοις
3837 5545 3920 5614 τὴν

695 5626 1030 5691 spectandus,
1070 5629 1366 5701 modusque
1413 5648 1516 5688 non
1547 5634 1916 5691 excedendus.
1949 5635 2088 5694 Ouid
2121 5637 2261 5691 οηὶηι

2366 5637 2554 5705 χρείαν
2585 5635 2689 5706 χρὴ
2724 5636 2908 5706 οιςιᾷν,
2944 5635 3036 5687 καὶ
3073 5634 3171 5706 τὴν
3207 5635 3539 5707 αὐτάρκειαν
3681 5637 3917 5704 ὑϐρίζειν.

752 5779 768 5809 ³
799 5777 960 5837 Hebr.
998 5797 1117 5850 xm,
1157 5785 1240 5838 i7.
