4122 6448
158 425 299 491 1525

1047 420 1592 485 EPISTULARUM
1626 417 1777 480 LIB.
1819 415 1890 477 ν.
1926 434 1996 446 -
2034 406 2274 471 EPIST.
2316 403 2632 467 CCCXXX.

3307 391 3446 460 1526

153 539 232 593 Τί
260 537 394 610 γὰρ,
428 540 475 593 εί
506 537 786 610 νηστεύοις
824 538 944 610 μὲν,
970 531 1289 607 χρηματίζῃ
1311 532 1403 599 δές
1435 531 1468 604 ἢ
1508 530 1583 603 μὴ
1612 544 1746 602 χρη-
1776 581 1777 587 η

1862 521 1894 577 ii
1919 520 2152 593 jejunes,
2177 517 2275 575 sed
2302 513 2588 587 pecuniam
2639 522 2806 567 avare
2839 507 3102 580 colligas;
3142 505 3227 563 vel
3264 505 3308 561 si
3335 518 3444 559 non

161 629 368 703 ματίςῃ
399 633 532 699 μὲν,
568 632 782 703 οῐκησιν
827 629 882 683 δὲ
926 627 1150 697 ζητοίης
1189 624 1288 695 τῆς
1332 624 1524 695 χρείας
1555 620 1742 693 κρείτ-

152 731 324 781 τονας
350 715 416 769 Τί
447 717 503 771 δὲ
523 759 537 784 ,
574 719 624 772 εί
657 715 856 789 μετρίᾳ
886 714 984 785 μὲν
1012 714 1224 784 οίκήσει
1264 713 1442 784 χρῷο,
1473 709 1719 782 ἀμφιάσε

1851 614 1904 669 id
1931 619 2377 684 agas,.augustas
2409 620 2624 678 quaeras
2651 606 2798 661 aedes
2833 602 2953 657 usui
2984 600 3118 656 tuo?
3151 598 3290 665 Quid
3314 610 3446 655 vero

1852 706 1900 763 si
1925 705 2010 762 his
2039 703 2318 760 moderate
2348 700 2428 756 uti
2489 698 2732 762 videare,
2753 695 3074 750 indumento
3107 699 3289 747 tamen
3352 703 3445 745 su-

153 803 222 856 se
265 805 544 879 περιέργῳ
591 785 983 872 καλλωπίζοιος
1031 805 1266 876 Μέτριον
1310 803 1418 874 γὰρ
1452 797 1593 855 εἷναι
1635 800 1742 873 χρὴ

1862 796 2060 870 perﬂuo
2082 793 2341 851 orneris?
2380 791 2686 848 Modestum
2739 786 2944 842 etenim
2997 785 3153 841 decet
3211 797 3335 837 esse
3390 790 3447 835 et

155 895 262 948 καὶ
289 895 451 966 λόγῳ,
477 895 570 950 καὶ
597 899 856 966 σχήματι,
888 894 979 948 καὶ
1000 895 1174 966 φωνῇ,
1201 892 1295 946 καὶ
1325 890 1620 963 βλέμματι,
1650 889 1746 943 καὶ

1862 902 2109 945 sermone
2165 895 2219 940 et
2281 885 2494 952 habitu,
2533 897 2596 938 ac
2649 894 2793 936 voce
2831 885 3188 948 aspectuque,
3227 885 3442 930 incessu

163 984 484 1056 βαδίσματι.
531 985 723 1040 Πολλοὶ
754 987 864 1057 γάρ
914 987 1011 1041 καῖ⁵
1055 983 1286 1038 πλούτου
1318 982 1471 1046 ὄντες
1509 981 1742 1052 ἔρημοι,

159 1075 266 1130 καὶ
285 1077 602 1147 οἰκημάτων
620 1079 713 1130 καὶ¹
732 1077 994 1141 ἐνδύσεως
1019 1075 1283 1146 λαμπρᾶς
1308 1069 1528 1137 ἐνδεεῖς,
1547 1070 1743 1126 τοσαύ-

154 1183 266 1236 την
297 1165 387 1219 διὰ
406 1165 499 1220 τοῦ
533 1166 844 1238 βαδίσαντος
877 1166 1200 1240 ἐμφαίνουσι
1228 1164 1326 1237 τὴν
1367 1162 1644 1234 βλακείαν,
1679 1162 1754 1225 ὡς

163 1255 383 1324 γέλωτα
409 1256 776 1327 ὀφλισκάνειν.
1582 1246 1586 1250 ’

404 1361 582 1418 ΤΚΘ’.
625 1394 696 1405 -
737 1366 994 1436 ΖΩΣΙΜῼ
1036 1363 1510 1434 ΠΡΕΣΒΥΤΕΡῼ.

1852 979 2105 1049 denique.
2133 976 2283 1033 Multi
2318 976 2462 1031 enim
2494 988 2524 1029 a
2560 973 2726 1030 rebus
2750 971 2962 1040 inopes,
2984 969 3146 1023 domo
3169 981 3233 1021 ac
3257 965 3444 1035 Splen-

1846 1070 1971 1128 dida
2004 1077 2254 1125 carentes
2281 1075 2455 1132 veste,
2481 1065 2702 1123 incessu
2737 1074 2921 1120 tamen
2967 1075 3090 1118 eam
3128 1073 3240 1128 prae
3267 1071 3326 1112 se
3362 1055 3445 1110 ic-
3506 1062 3512 1066 '

1850 1167 1976 1214 runt
2002 1156 2305 1223 mollitiem,
2339 1156 2513 1211 risum
2549 1162 2608 1209 ιιι
2629 1150 2887 1209 omnibus
2922 1149 3124 1206 debere
3174 1155 3230 1202 et
3261 1144 3449 1199 conci-

1853 1258 1970 1304 tare
1998 1250 2302 1304 videantur.

1942 1359 2114 1433 353
2131 1357 2458 1416 cccxxrx.
2476 1388 2548 1399 --
2563 1352 2825 1413 zosmo
2875 1348 3359 1409 russeum).

161 1455 376 1510 Αηίηιιε
404 1457 659 1522 Potiorem
699 1476 859 1528 quam
907 1461 1143 1528 corporis
1171 1476 1354 1514 curam
1393 1457 1692 1528 gerendam.
1729 1452 1866 1528 Vita!
1894 1455 2140 1528 _b_ret_ii_tqs
2176 1453 2399 1528 uigilare
2423 1452 2612 1528 iubet.
2651 1449 2874 1506 (Matth.
2919 1461 3052 1504 xxv.
3084 1443 3240 1515 Con].
3287 1443 3382 1500 lib.
3407 1458 3449 1511 1,

1129 1531 1282 1594 epist.
1316 1520 1456 1583 15'“
1484 1526 1577 1580 lib.
1607 1542 1679 1589 ιν,
1711 1526 1860 1591 epist.
1889 1523 1982 1590 24,
2008 1523 2134 1589 124,
2168 1520 2273 1578 126
2295 1533 2343 1577 et
2379 1520 2528 1593 H6.)

241 1617 389 1688 Πρὸς
416 1617 478 1672 τδ
510 1619 661 1685 τέλος
693 1619 877 1674 λοιπὸν
903 1621 932 1673 ὀ
964 1619 1168 1689 κόσμος
1194 1620 1470 1688 ἐπείγεται
1493 1635 1505 1650 ·
1544 1617 1605 1671 οὐ
1642 1616 1752 1686 γάρ

163 1705 236 1780 δὴ
263 1705 525 1778 ψεύσεται
551 1711 586 1781 ἡ
609 1709 857 1782 ἀλήθεια,
885 1709 1197 1764 συντέλειαν
1223 1709 1440 1764 ἔσεσθαι
1466 1705 1752 1778 προμηνύ-

1933 1616 2012 1669 Ad
2043 1615 2293 1670 ultimum
2339 1614 2510 1671 tendit
2543 1614 2704 1670 linem
2759 1612 2994 1669 mundus
3028 1629 3044 1667 :
3081 1624 3259 1681 neque
3302 1609 3452 1666 enim

1862 1706 1998 1764 fallit
2027 1708 2140 1778 ipsa
2206 1705 2422 1763 Veritas
2479 1704 3005 1763 consummationem
3067 1700 3184 1759 fore
3239 1701 3454 1758 denun-

166 1773 335 1853 σασα.
375 1801 440 1855 Εί
472 1800 530 1854 δὲ
564 1773 790 1874 κάκείνη
819 1773 1010 1874 πόρρω
1038 1801 1181 1855 τισὶν
1210 1794 1350 1854 εἶναι
1379 1773 1605 1864 δόξειεν,
1635 1773 1751 1850 ἀλλ’

1862 1799 2023 1855 tians.
2049 1773 2156 1865 Qui
2188 1800 2375 1854 mundi
2404 1797 2547 1864 linis,
2579 1797 2683 1854 etsi
2717 1796 2933 1866 longius
2973 1792 3167 1850 abesse
3219 1792 3453 1864 quibus-

165 1887 199 1940 ὃ
228 1903 295 1955 γε
325 1887 541 1960 ἑκάστῳ
573 1888 763 1961 χρόνος
797 1890 918 1944 καθ’
945 1890 1159 1963 ἡμέραν
1189 1890 1519 1951 δαπανᾶται,
1538 1887 1634 1941 καὶ
1656 1887 1756 1958 τὴν

164 1977 430 2049 τελευτὴν
459 1979 642 2034 ὠδίνει
663 2021 679 2046 ,
712 1981 807 2035 καὶ
847 1981 986 2054 πρὸς
1013 1980 1073 2036 τὸ
1114 1981 1288 2049 πέρας
1320 1983 1443 2053 ὁρᾷ.
1490 1980 1611 2034 Τῶν
1659 1982 1758 2050 μὲν

165 2069 282 2140 γάρ
306 2071 694 2144 πρεσϐυτέρων
726 2073 858 2145 δήλη
891 2074 1039 2128 ἐστὶν
1073 2077 1106 2146 ἡ
1141 2075 1388 2146 τελευτὴ,
1421 2073 1532 2127 τῶν
1562 2073 1619 2128 δὲ
1655 2073 1758 2127 ἀκ-

172 2161 460 2232 μαζόντων
496 2165 694 2236 ἄδηλος
731 2169 764 2238 ἡ
804 2167 938 2239 ζωή.
985 2167 1334 2240 Προθεσμίαν
1366 2167 1476 2239 γὰρ
1515 2168 1641 2240 μίαν
1682 2167 1758 2240 μὴ

167 2249 389 2324 ἔχοντος
424 2253 517 2309 τοῦ
554 2256 702 2326 βίου,
733 2258 870 2312 ἀλλὰ
913 2259 1096 2313 πᾶσαν
1125 2259 1347 2330 ἡλικίαν
1385 2259 1478 2313 τοῦ
1525 2259 1757 2314 θανάτου

169 2342 606 2417 ἐπινεμομένου,
645 2347 856 2413 πάντας
895 2353 1196 2424 γρηγρρεῖν
1229 2349 1364 2422 χρὴ,
1397 2351 1492 2405 καὶ
1523 2351 1759 2423 προσδο-

172 2431 282 2505 κᾷν
317 2433 377 2487 τὸ
403 2437 619 2501 πάντως
649 2437 927 2509 ἐσόμενον.
975 2440 1115 2494 Ἀλλ’
1150 2443 1313 2512 ἡμεῖς
1343 2441 1531 2497 πάντα
1560 2442 1760 2512 μᾶλλον

169 2521 207 2594 ἢ
236 2523 391 2578 τοῦτο
414 2527 805 2599 προσδοκῶμεν
824 2547 838 2561 ·
875 2531 943 2584 τὰ
977 2531 1076 2601 μὲν
1107 2533 1213 2602 γὰρ
1247 2532 1487 2603 άδόκητα
1524 2532 1638 2605 (96)
1662 2535 1759 2588 καὶ

172 2613 473 2670 ἀνέλπιστα
510 2619 631 2672 καθ’
677 2621 918 2693 ἑκάστην
965 2622 1114 2694 ὥραν
1163 2624 1616 2695 ὀνειροπολοῦμεν
1665 2627 1759 2679 καὶ

171 2704 502 2778 ἐλπίζομενσ
555 2711 618 2764 τὸ
656 2710 712 2766 δὲ
753 2711 931 2787 πάντῃ
967 2731 1027 2768 τε
1072 2715 1168 2769 καὶ
1204 2715 1423 2778 πάντως
1462 2716 1757 2786 ἐσόμενον,

174 2800 501 2856 καὶλαύτίκα
537 2802 601 2873 δὴ
643 2803 789 2874 μάλα
827 2805 1088 2870 πολλάκις
1125 2807 1595 2876 ὲπιστησόμενον,
1637 2809 1760 2863 οὐδὲ

173 2891 378 2944 ἐννοεῖν
404 2891 696 2964 ἀξιοῦμεν·
736 2894 874 2950 ἀλλὰ
906 2896 1091 2968 θνητοὶ
1119 2897 1271 2960 ὄντες
1312 2898 1457 2953 κατά
1495 2899 1557 2953 τὸ
1599 2899 1760 2972 σῶμα

172 2982 274 3034 καὶ
295 2982 570 3055 ὲπίκηροι,
597 2985 671 3049 ὠς
705 2986 964 3042 ἀθάνατοι
993 2987 1352 3058 διανοούμεθα
1375 3006 1387 3018 ⁸
1412 2991 1508 3045 καὶ
1537 2993 1635 3063 τῆς
1662 2993 1761 3062 μέν

169 3071 446 3126 ἀθανάτου
483 3074 661 3147 ψυχῆς
699 3075 1044 3148 ἀμελούμεν,
1106 3079 1307 3150 μᾶλλον
1347 3080 1405 3133 δὲ
1452 3081 1576 3136 οὐδὲ
1614 3082 1759 3154 ἔχειν

167 3161 353 3235 ψυχὴν
380 3163 670 3236 νομίζομεν
692 3181 707 3198 ⁸
740 3168 802 3220 τδ
824 3166 880 3221 δὲ
910 3167 1102 3238 θνητὸν
1133 3169 1291 3240 σῶμα
1319 3170 1588 3226 ἀθάνατον
1618 3167 1759 3227 εἶναι

168 3253 492 3326 ἡγούμενοι,
525 3255 656 3328 περὶ
699 3257 834 3312 αὐτὸ
862 3259 1045 3313 πᾶσαν
1078 3258 1178 3331 τὴν
1204 3261 1444 3333 σπουδὴν
1478 3263 1761 3318 ἀναλίσκοο

171 3361 297 3416 μιν.
341 3345 508 3410 Ποίας
541 3341 634 3400 οὖν
677 3347 1060 3421 ἀπολαύσομεν
1103 3351 1466 3425 συγγνώμης,
1510 3355 1612 3425 τῆς
1655 3354 1760 3427 μιν

168 3434 447 3491 ἀθανάτου
490 3435 720 3493 θάνατον
773 3438 1319 3518 καταψηφιζόμενοι,
1364 3442 1426 3496 τὸ
1467 3443 1525 3498 δὲ
1564 3444 1760 3516 θνητὸν

170 3527 358 3598 πάσης
383 3528 549 3600 τιμῆς
579 3528 888 3598 ἁξιοῦντεςς
935 3532 1196 3604 κάκείνην
1241 3532 1756 3605 παρασλάπτοντες,

170 3617 264 3672 ῖνα
309 3617 468 3673 τοῦτο
508 3621 913 3692 κοσμήσωμεν;
959 3623 1224 3694 κάκείνην
1266 3625 1413 3696 λιμῷ
1459 3628 1755 3699 τήκοντες,

169 3706 264 3760 ῖνα
309 3705 469 3762 τοῦτο
501 3710 729 3781 σκιρτᾷν
777 3709 874 3764 καὶ
914 3712 1129 3782 τρυφᾷν
1179 3711 1322 3782 ἔχοι;
1372 3713 1495 3786 Χρὴ
1544 3714 1654 3788 γὰρ
1692 3717 1760 3771 τά

173 3797 280 3867 μὲν
310 3801 554 3869 πρωτεῖα
593 3803 658 3871 τῇ
690 3801 874 3872 ψυχῇ,
921 3802 990 3856 τὰ
1029 3803 1087 3858 δὲ
1123 3804 1403 3877 δευτερεῖα
1435 3806 1514 3878 τῷ
1545 3808 1759 3879 σώματι

168 3889 362 3960 νέμειν
384 3907 398 3922 α
429 3891 490 3944 ού
530 3892 639 3962 γάρ
667 3893 907 3946 ἐναντίον
946 3894 1118 3965 αὐτῆς
1158 3896 1338 3960 ἐστιν,
1381 3897 1496 3950 ἀλλ’
1525 3897 1759 3969 ὄργανον

170 3981 271 4036 καὶ
311 3981 546 4053 κιθάραυ
591 3984 908 4054 ἐπιμελείας
954 3985 1064 4057 γάρ
1105 3987 1313 4054 δεῖται,
1361 3989 1462 4043 οὐκ
1517 3989 1761 4045 ἀπολαύ⁹

174 4089 316 4138 σεως
343 4074 655 4143 ἀνωφελοῦς
675 4093 688 4108 ο
726 4071 970 4148 τροφῆς,
1000 4078 1061 4132 οὐ
1095 4082 1308 4151 τρυφῆς
1332 4096 1347 4112 ο
1388 4082 1722 4151 αὐταρκείας
1741 4121 1758 4149 ,

169 4165 238 4221 οὐ
268 4164 592 4238 πλησμονῆς
617 4183 630 4197 ·
662 4167 716 4220 ετ
735 4185 798 4236 γε
829 4169 1012 4241 μέλλοι
1046 4170 1122 4243 μὴ
1151 4172 1440 4242 πολέμιον,
1461 4173 1596 4228 ἀλλὰ
1624 4173 1760 4244 σύμο

174 4274 354 4330 μαχον
380 4261 447 4332 τῇ
476 4259 622 4331 ψυχῇ
653 4255 814 4316 εἶναι.

410 4460 513 4513 τΑν
541 4490 610 4502 --
637 4461 1005 4534 ΜΛΡΚΙΑΝῼ
1034 4462 1505 4536 ΠΡΕΣΒΥΤΕΡῼ.

1859 1891 1982 1947 dam
2010 1891 2278 1956 videatur.
2311 1889 2578 1961 cujusque
2609 1897 2795 1945 tamen
2831 1887 2950 1944 dies
3015 1885 3132 1944 abit
3186 1883 3454 1955 quotidie,

1863 1984 2087 2049 transit,
2151 1983 2313 2039 tinem
2375 1980 2650 2055 parturit,
2699 1981 3033 2053 respicitque
3113 1986 3454 2034 extremum.

1861 2075 2066 2132 Senum
2101 2075 2247 2131 enim
2275 2083 2420 2147 patet
2443 2075 2498 2131 in
2530 2075 2652 2131 dies
2686 2072 2890 2138 exitus,
2922 2079 3088 2127 aetate
3133 2069 3455 2126 ﬂorentium

1860 2166 2104 2224 incertus
2130 2167 2351 2238 quidem
2385 2166 2513 2223 vita;
2545 2166 2684 2235 dies,
2715 2163 2848 2221 nulli
2886 2162 3090 2221 etenim
3139 2171 3292 2218 certa
3322 2169 3458 2216 aetas

1859 2261 1987 2315 vitae
2022 2259 2289 2314 terminus
2323 2263 2432 2328 est,
2457 2257 2552 2315 sed
2578 2255 2760 2313 omnis
2808 2265 2941 2312 atas
2974 2253 3141 2311 morti
3194 2252 3454 2311 obnoxia.

1861 2349 2212 2422 Vigilantiam
2287 2349 2478 2419 itaque
2557 2347 2843 2415 omnibus,
2917 2345 3460 2417 exspectandumque

1862 2445 2008 2514 mtod
2039 2441 2209 2500 semel
2244 2441 2477 2498 accidet.
2509 2441 2583 2497 At
2644 2454 2746 2497 nos
2805 2438 2969 2496 hodie
3005 2437 3224 2510 quidvis
3280 2436 3460 2511 potius

1864 2550 2027 2608 quam
2053 2533 2249 2591 mortis
2279 2539 2496 2605 tempus
2540 2541 2946 2604 exspectamus.
2978 2529 3261 2601 Insperata
3304 2527 3456 2586 enim

1865 2640 2029 2699 atque
2049 2627 2424 2698 inexspectata
2473 2624 2702 2698 singulis
2735 2625 2887 2681 horis
2944 2623 3104 2697 quasi
3168 2637 3267 2694 per
3303 2637 3456 2678 som-

1865 2720 2016 2776 nium
2044 2718 2367 2789 conjicimus
2413 2730 2477 2772 ac
2520 2728 2828 2788 speramus.
2851 2712 3006 2782 Quod
3051 2726 3181 2770 vero
3239 2723 3460 2782 semper

1862 2819 1918 2865 et
1946 2809 2145 2881 ubique
2172 2808 2410 2866 futurum
2427 2815 2533 2875 est,
2567 2821 2630 2864 ac
2654 2819 2796 2878 saepe
2822 2804 2936 2874 1am
2959 2803 3197 2868 instans.
3229 2817 3300 2860 ne
3355 2816 3456 2870 co-

1863 2901 2040 2973 gitare
2062 2899 2281 2970 quidem
2315 2913 2416 2955 nos
2443 2898 2762 2970 dignamur,
2793 2895 2886 2951 sed
2929 2897 3162 2966 carpare
3205 2891 3459 2948 mortali-

1866 2991 1966 3047 tati
1999 2989 2242 3058 obnoxii,
2275 2999 2332 3046 et
2385 2987 2710 3055 imbecilles,
2742 2995 2921 3043 tamen
2969 2985 3309 3042 immortales
3345 2997 3446 3040 nos

1785 3115 1830 3176 ο
1863 3098 1985 3142 esse
2039 3083 2351 3176 opinamur.
2377 3083 2580 3176 Verum
2631 3083 2703 3176 de
2758 3081 3055 3139 immortali
3088 3080 3272 3176 anima
3316 3079 3455 3176 nihil

1870 3177 1959 3232 hic
1991 3174 2232 3241 solliciti,
2271 3176 2446 3230 anima
2475 3175 2640 3230 etiam
2672 3174 2789 3244 ipsa
2824 3186 3015 3229 carere
3054 3187 3154 3228 nos
3175 3170 3463 3227 existima-

1868 3281 2008 3334 mus,
2069 3267 2125 3321 in
2180 3280 2411 3337 corpore
2469 3279 2624 3322 vero.
2657 3273 2896 3335 cuteque
2945 3264 3184 3320 curanda
3231 3277 3457 3334 operam

1866 3372 2085 3414 omnem
2139 3357 2430 3429 oleumque
2478 3356 2890 3424 consumimus;
2932 3369 3095 3425 quam
3155 3355 3320 3426 igitur
3370 3368 3462 3408 ve-

1868 3449 2014 3505 niam
2053 3451 2421 3522 adipiscemur
2451 3459 2652 3517 morte,
2685 3448 2928 3505 animam
2960 3450 3310 3512 damnantes,
3335 3462 3461 3518 qua:

1869 3540 2066 3597 mortis
2095 3549 2280 3598 tamen
2312 3555 2510 3611 expers
2536 3548 2658 3597 est:
2691 3541 2835 3610 quod
2887 3548 3072 3594 autem
3114 3537 3344 3593 mortale
3380 3547 3466 3592 cst

1868 3644 2070 3701 corpus
2093 3632 2241 3689 omni
2273 3634 2478 3688 honore
2496 3628 2795 3688 efﬁcientes
2817 3672 2834 3698 ,
2873 3639 3039 3700 atque
3085 3628 3230 3682 illam
3263 3627 3465 3684 laeden-

1870 3731 1973 3790 tes,
2009 3731 2067 3777 ut
2120 3722 2226 3778 hoc
2284 3736 2542 3779 ornemus
2573 3741 2589 3791 ;
2623 3723 2771 3779 fame
2810 3722 2957 3777 illam
3015 3729 3384 3784 macerantes,
3406 3727 3465 3774 ut

1868 3811 1974 3866 hoc
2000 3810 2158 3867 saltui
2185 3810 2503 3880 deliciisque
2535 3810 2837 3881 indulgeat?
2861 3809 3226 3878 Quamobrem
3250 3825 3464 3880 aequum

1869 3917 2003 3960 sane
2029 3912 2113 3959 est
2145 3902 2354 3975 primas
2374 3902 2573 3959 anima:
2599 3911 2781 3974 partes
2833 3902 2988 3969 dare,
3021 3903 3234 3971 corpori
3262 3917 3464 3958 secun-

1869 3995 1966 4049 das
1991 3995 2232 4050 tribuere
2272 4013 2285 4049 :
2327 4008 2432 4049 non
2511 3994 2660 4050 enim
2705 3994 2808 4050 hoc
2852 3994 2952 4064 ipsi
2985 3995 3334 4061 adversatur,
3367 3997 3462 4050 sed

1870 4085 2296 4140 instrumentum
2343 4095 2509 4142 estet
2567 4087 2802 4142 cithara.
2833 4086 2978 4142 Cura
3032 4087 3179 4142 enim
3235 4088 3462 4156 indiget,

1869 4191 1976 4232 non
2033 4176 2209 4232 inutili
2265 4177 2570 4250 diligentia,
2635 4178 2773 4234 cibis
2829 4193 2936 4233 non
2989 4178 3223 4242 delic‘iis,
3279 4178 3463 4233 edulio

1869 4267 2157 4326 suﬁcienti
2206 4284 2311 4325 non
2365 4273 2676 4338 saturitate,
2737 4286 2805 4326 ne
2866 4271 3039 4327 hostis
3095 4271 3292 4325 anima!
3347 4269 3461 4336 ﬂat,

1871 4362 1966 4416 sed
2000 4361 2306 4417 subsidium
2337 4362 2523 4431 potius
2548 4363 2742 4419 anima:
2767 4376 2966 4432 corpus
2993 4361 3241 4417 exsistat.

2011 4469 2319 4526 CCCXXX.
2342 4501 2411 4512 —
2435 4470 2795 4528 MARCIANO
2836 4471 3316 4530 PRESBYTERU.

709 4551 1030 4608 lnvelerataa
1061 4554 1329 4622 Opinione:
1366 4554 1639 4610 hominum
1669 4560 1931 4629 quomodo
1959 4563 2273 4616 ever-tende.
2312 4558 2552 4632 (Confer.
2583 4563 2740 4632 epist.
2775 4562 2928 4631 256.)

249 4650 352 4704 Τὸν
404 4651 665 4721 μέλλοντα
705 4653 1044 4708 διασαλεύειν
1091 4655 1202 4727 (97)
1235 4658 1329 4711 καὶ
1369 4659 1761 4731 ἀναμοχλεύειν

171 4739 334 4804 δόξαν
391 4741 631 4795 παλαιὰν
691 4744 785 4796 καὶ
835 4748 1180 4815 πεπηγυῖαν,
1241 4748 1336 4801 καὶ
1391 4749 1564 4820 καλὴν
1618 4747 1760 4805 εἶναι

170 4833 254 4904 τῷ
279 4832 464 4897 κακῶς
504 4834 869 4906 προληφθέντι
907 4835 1307 4910 νομιζομένην,
1341 4840 1530 4912 ἐπειδὴ
1573 4842 1632 4894 τὸ
1678 4860 1769 4896 κο-

178 4925 309 4995 μιδῇ
348 4925 678 4996 παράδοξον,
732 4927 833 4981 οὐκ
883 4928 949 4981 ἂν
1001 4929 1085 4999 εἴη
1133 4930 1435 5000 προοιμίων
1486 4933 1612 4986 ἄνευ
1650 4934 1763 5005 (98)

173 5016 615 5088 εύπαράδεκτονσ
680 5019 780 5071 οὐκ
827 5019 988 5084 εὐθὺς
1039 5020 1299 5075 τάναντία
1346 5021 1572 5092 φράζειν
1639 5026 1764 5095 χρή.

189 5105 348 5160 Ἐπεὶ
418 5107 824 5177 καταγέλαστος
901 5110 1055 5164 ἔσται
1137 5111 1233 5165 καὶ
1293 5113 1758 5184 κωμῳδηθήσεται

176 5197 286 5252 ὑπὸ
336 5199 447 5254 τῶν
512 5200 1085 5272 προκαταληφθέντων
1148 5207 1215 5274 τῇ
1277 5206 1497 5274 ἐναντίᾳ
1556 5206 1756 5276 ψήφῳ’

175 5289 315 5344 ἀλλὰ
355 5289 620 5363 πρότερον
661 5293 1008 5364 ύπορύξαντα
1048 5297 1228 5360 καλῶς
1276 5298 1343 5350 δι’
1374 5297 1582 5368 ἑτέρων
1630 5299 1760 5351 πολ-

1938 4661 2040 4730 Qui
2071 4661 2317 4717 inclitam
2335 4670 2391 4717 et
2423 4678 2520 4718 usu
2569 4663 2950 4720 conﬁrmatam
2986 4663 3320 4734 opinionem,
3343 4681 3464 4735 quae

1869 4753 2009 4808 male
2061 4753 2369 4810 informatis
2419 4754 2641 4825 pulchra
2693 4756 2964 4820 videatur,
3003 4754 3242 4812 effudere
3285 4767 3452 4828 atque

1865 4860 2058 4902 eruere
2114 4845 2366 4912 voluerit,
2422 4861 2544 4900 cum
2591 4862 2704 4902 rem
2755 4847 2913 4902 valde
2975 4847 3201 4904 arduam
3269 4865 3464 4921 aggre-

1867 4936 2068 5003 diatur,
2108 4937 2293 4993 nonid
2326 4938 2696 5006 suspicabitur
2728 4939 2848 4993 sine
2896 4941 3204 4995 animorum
3240 4957 3458 5012 pracpa-

1873 5028 2103 5096 ratione,
2141 5042 2316 5098 neque
2361 5029 2624 5085 continuo
2674 5031 3018 5100 repugnabit.
3054 5030 3339 5088 Ridiculus
3379 5035 3459 5088 si-

1868 5119 2085 5188 quidem
2145 5120 2270 5187 erit,
2335 5121 2877 5192 reprehendeturque
2918 5124 3126 5192 judicio
3178 5125 3458 5179 contraria

1864 5208 2122 5278 opinione
2180 5221 2573 5280 praeceptorum
2625 5229 2638 5264 :
2689 5211 2783 5266 sed
2849 5221 3015 5267 antea
3073 5214 3448 5268 demonstrata

1867 5301 2008 5356 male
2035 5305 2102 5355 ab
2145 5302 2266 5359 aliis
2322 5305 2523 5368 multis,
2555 5313 2684 5358 tunc
2739 5304 2791 5359 in
2856 5306 3189 5360 contrarium
3263 5315 3439 5361 vertet

1238 5446 1471 5504 VARhE
1511 5448 1896 5507 LECTIONES
1933 5451 2022 5505 ET
2059 5453 2294 5513 ΝυΤΑΞ.

183 5595 362 5721 Ἑξθϐ)
395 5594 499 5650 Pro
528 5597 768 5668 ἀδόκητοι
797 5598 950 5653 codd.
989 5601 1111 5657 Vat.
1157 5601 1261 5657 630
1300 5613 1354 5658 et
1381 5603 1487 5658 Alt.
1523 5609 1764 5661 scribunt

183 5685 204 5721 :
271 5683 425 5721 κιμα.
458 5667 667 5721 Pomm.

171 5667 425 5734 ἀδόκιμα.
458 5667 667 5723 Pos~tN.

246 5735 806 5811 (97)‘A¢_ao'a.leds_ir.
847 5739 923 5811 An
983 5756 1086 5792 non
1129 5743 1231 5811 leg.
1287 5745 1464 5811 potius
1513 5748 1764 5800 videatur

172 5805 577 5871 διασκαλεύειν,
609 5810 687 5861 νει
715 5805 1206 5878 δεασκαλουδεύεινξ
1237 5805 1378 5882 quod
1427 5828 1506 5869 est
1550 5818 1760 5870 sarculo

1873 5616 2065 5677 terram
2099 5610 2347 5677 effodere,
2375 5628 2602 5676 versare,
2655 5615 2933 5668 suscitare.
2972 5613 3096 5667 Mox
3135 5617 3297 5668 etiam
3330 5614 3466 5668 ἀπο·

1892 5676 2437 5747 ρύξανταιεερηιίηιη
2475 5697 2690 5738 censeo.
2727 5683 2965 5738 Scunrr.

1876 5747 2066 5871 “J98;
2109 5749 2277 5805 Codd.
2322 5750 2440 5805 Vat.
2487 5753 2590 5808 (550
2621 5763 2674 5808 et
2710 5755 2814 5808 Alt.
2852 5756 3108 5808 ninittuut
3142 5752 3293 5808 ἄνευ.
3331 5753 3466 5809 Pos-
