4122 6470
180 479 314 545 ω]

1039 466 1575 532 EPISTOLARUM
1611 463 1758 525 LIB.
1799 461 1955 521 ν.--
1987 457 2225 519 EPIST.
2286 456 2684 518 CCCXXXVI.

3319 445 3459 512 1530

182 593 409 665 μηδενὸς
455 592 555 663 μὲν
591 591 900 663 δεομένους,
945 589 1033 643 διὰ
1075 588 1159 642 δὲ’
1187 582 1626 656 φιλοχρηματίαν
1673 579 1759 635 ἀεὶ
1789 583 1819 639 Α

1888 575 2082 649 ιυίἀειη
2128 572 2361 642 indigos.
2398 570 2576 636 Quare
2601 567 2838 624 habendi
2867 568 3168 639 cupiditate
3204 568 3458 636 accipere

183 686 284 756 μὲν
310 683 606 754 λαμϐάνειν
641 682 1075 746 σπουδάζοντας,
1124 675 1386 754 παρέχειν
1431 674 1488 729 δὲ
1535 675 1606 726 οὐ
1631 672 1760 742 βου-

177 774 458 845 λομένους.
502 773 641 836 Τοὺς
673 772 773 842 μὲν
815 769 924 841 γὰρ
958 771 1015 823 ἐν
1042 767 1202 839 χρείᾳ
1229 767 1596 837 τυγχάνοντας
1615 805 1632 829 ,
1661 763 1762 816 οὐκ

181 867 381 920 ἄτοπον
425 865 585 936 χάριν
619 864 810 926 αίτεῖν,
845 859 973 924 τούς
1010 877 1072 914 τε
1120 858 1382 930 παρέχειν
1427 855 1764 926 δυναμένους

183 958 376 1020 αίτεῖν,
413 953 779 1008 ἀτοπώτατον.
831 951 922 1013 Δὶς
953 947 1030 1020 (5)
1084 946 1194 1019 γὰρ
1233 946 1609 1018 ἁμαρτάνουσι
1661 944 1765 1013 μέ-

183 1065 348 1117 γιστα
367 1087 382 1113 ,
414 1045 473 1099 ἓν
498 1045 616 1117 μὲν,
647 1042 805 1097 αὐτοὶ
831 1041 920 1096 διὰ
943 1040 1108 1094 πόθον
1134 1039 1432 1112 ἀκόρεστον
1461 1035 1765 1100 αἰτοῦντες⁸

185 1138 371 1209 ἕτερον
409 1136 468 1190 δὲ
491 1175 508 1200 ,
557 1135 653 1188 καὶ
699 1135 812 1197 τοῖς
851 1131 1021 1196 δντως
1060 1131 1338 1202 δεομένοις
1381 1127 1767 1192 ἀποκλείοντες

185 1229 314 1290 τοὺς
353 1225 452 1296 τῆς
499 1221 912 1294 φιλανθρωπίας
951 1219 1206 1292 λιμένας·
1263 1217 1615 1273 ἀναλίσκουσι
1655 1215 1770 1289 γάρ

189 1315 372 1380 κακῶς
405 1313 475 1369 τά
497 1311 680 1377 καλῶς
706 1311 928 1382 δοθῆναι
952 1310 1256 1381 ὀφείλοντα.

485 1485 740 1541 ΤΛΓν.-
763 1483 1107 1555 ΠΔΛΛΔΔΙῼ
1143 1482 1468 1555 ΔῙΔΚΟΝῼ.

1867 679 2086 740 δεητρθι·
2113 666 2441 724 beneﬁcium
2479 673 2777 734 "satagunt,
2812 665 2943 718 dare
2999 674 3178 718 autem
3245 662 3455 717 nolunt.

1869 761 1972 830 Qui
2029 774 2158 816 vero
2203 758 2381 827 inopia
2440 757 2711 819 laborant,
2741 757 3000 810 beucticia
3041 754 3318 824 postulare
3348 768 3458 807 non

1869 851 2166 908 absurdum
2200 859 2305 905 est.
2334 851 2403 903 At
2431 848 2522 916 qui
2560 847 2692 902 dare
2735 847 2859 901 aliis
2903 842 3462 921 possunt‘postulare

1869 943 1937 999 ab
1970 943 2117 1010 aliis,
2151 941 2202 998 id
2233 938 2711 994 absurdissimum.
2747 937 2835 993 Bis
2884 938 3030 992 enim
3079 946 3312 1004 peccant
3336 947 3462 1006 gra-

1870 1034 2124 1099 vissime,
2162 1031 2332 1089 semel
2358 1029 2579 1102 quidem
2635 1030 2916 1100 exigentes
2955 1028 3282 1085 beneﬁcium
3314 1026 3464 1082 insa-

1876 1123 2048 1180 tiabili
2076 1121 2401 1193 cupiditate,
2432 1121 2631 1177 deinde
2662 1122 2789 1191 quia
2839 1135 3029 1176 revera
3087 1118 3459 1188 indigentibus

1874 1212 2234 1270 humanitatis
2263 1210 2526 1267 claudunt
2547 1224 2614 1265 ac
2643 1209 3016 1265 beneﬁcentiae
3069 1217 3305 1279 portum.
3327 1205 3468 1262 Male

1873 1304 2017 1361 enim
2079 1312 2408 1368 consumunt
2465 1316 2586 1372 qute
2643 1304 2872 1358 honeste
2918 1303 3048 1358 dare
3103 1300 3233 1357 aliis
3295 1315 3465 1371 opor-

1876 1397 2048 1452 lebat.

2073 1483 2447 1543 CCCXXXHI.
2469 1518 2540 1528 —
2555 1485 2899 1542 PALLADIO
2946 1483 3266 1541 DIACONO.

601 1575 672 1630 In
702 1575 964 1646 beneﬁciis
987 1573 1180 1629 dandis
1213 1573 1486 1628 laudanda
1511 1584 1586 1628 est
1613 1574 1859 1631 voluntas
1879 1594 1901 1633 ε
1927 1593 1992 1634 ea:
2022 1577 2226 1644 animo,
2258 1594 2363 1634 non
2395 1594 2462 1634 ea:
2487 1589 2670 1634 eventu
2691 1577 3068 1649 judicandum.
3100 1621 3102 1625 .

262 1683 403 1747 Τοὺς
429 1681 725 1754 εὐεργέτας
745 1683 808 1737 οὐ
839 1681 999 1754 μόνον
1023 1683 1117 1752 ἀφ’
1147 1677 1224 1737 ὧν
1249 1681 1618 1754 ἠδυνήθησαν,
1641 1680 1778 1737 ἀλλά

192 1777 287 1829 καὶ⁵
335 1775 431 1844 ἀφ’
462 1768 538 1830 ὧν
571 1774 953 1846 ἠϐουλήθησαν
1005 1773 1125 1845 μὲν,
1174 1774 1276 1828 οὐκ
1304 1773 1651 1846 ἠδυνήθησαν
1678 1772 1776 1836 δὲ,

1959 1686 2030 1746 Ut
2059 1688 2290 1745 beneﬁci
2318 1704 2425 1744 non
2479 1691 2641 1745 modo
2681 1689 2942 1745 laudandi
2996 1696 3124 1759 sunt
3165 1687 3217 1743 in
3253 1687 3321 1743 iis
3346 1701 3468 1759 quae

1882 1787 2310 1850 nonpotuerunt
2332 1780 2487 1848 dare,
2518 1781 2612 1836 sed
2642 1781 2808 1836 etiam
2844 1782 2899 1836 in
2924 1781 2995 1836 iis
3025 1788 3146 1850 quae
3173 1779 3468 1835 voluerunt

189 1867 547 1938 ἀνυμνείσθαι
577 1867 723 1940 χρὴ,
771 1868 866 1922 καὶ
898 1867 1097 1921 εἰδέναι
1138 1867 1236 1938 μὲν
1269 1867 1455 1929 αὐτοῖς
1487 1866 1648 1938 χάριν
1677 1865 1770 1936 ἀφ’
1807 1878 1819 1934 ι

1888 1873 2084 1944 Largiri,
2122 1887 2226 1929 nec
2247 1879 2568 1943 potuerunt,
2603 1872 2960 1944 [iubendaque
2986 1873 3054 1927 iis
3083 1873 3260 1943 gratia
3310 1871 3378 1927 de
3403 1870 3470 1926 iis

186 1953 265 2012 ὧν
287 1957 580 2028 ἠθέλησαν,
611 1959 672 2013 τὺ
713 1959 789 2029 μή
821 1959 1140 2031 δεδυνῆσθαι
1167 1958 1221 2012 δὲ
1257 1959 1330 2030 μὴ
1362 1957 1663 2014 αίτιᾶσθαι.
1712 1958 1774 2013 '0

187 2049 300 2118 γὰρ
325 2048 399 2119 μή
425 2048 534 2103 ἀπὸ
555 2052 653 2120 τῆς
673 2050 1071 2120 προαιρέσεως,
1102 2049 1217 2104 ἀλλ’
1235 2050 1344 2104 ἀπὸ
1367 2051 1466 2119 τῆς
1491 2050 1777 2115 ἐκϐάσεως

187 2141 262 2195 τὰ
310 2140 614 2211 πράγματα
661 2141 884 2212 κρίνων,
935 2141 1261 2205 ἀπαίδευτός
1310 2143 1470 2208 ἐστι,
1524 2144 1620 2196 καὶ
1667 2143 1777 2198 τῶν

189 2232 530 2303 πραγμάτων
560 2232 621 2286 οὐ
650 2232 912 2301 γινώσκει
946 2233 1044 2304 τὴν
1090 2233 1275 2302 φύσιν,
1319 2233 1422 2305 τήν
1460 2235 1522 2288 οὐ
1557 2235 1778 2300 πάντως

189 2322 259 2389 τῇ
294 2318 542 2391 βουλήσει
576 2321 872 2392 ἑπομένην,
911 2321 1030 2376 ἀλλ’
1076 2319 1190 2375 ἔσθ’
1221 2321 1312 2375 ὅτε
1357 2321 1455 2375 καὶ
1503 2324 1779 2377 ἐναντιου-

195 2415 391 2484 μένην.

326 2520 486 2575 ΤΛΔ’.
522 2550 593 2561 -
627 2521 1138 2578 ΑΓΑΘΟΔΔΙΜΟΝῙ
1168 2523 1648 2597 ΓΡΑΜΜΔΤΙΚῼ.

1877 1981 1998 2038 qua:
2029 1975 2157 2022 sunt
2186 1966 2365 2022 conati
2400 1983 2415 2021 :
2442 1965 2587 2037 quod
2619 1981 2752 2022 vero
2789 1980 2898 2021 non
2939 1965 3218 2035 potuerint
3241 1962 3468 2018 minime

1878 2058 2131 2129 culpandi
2155 2066 2305 2115 sunt.
2348 2057 2443 2112 Est
2471 2058 2620 2114 enim
2668 2058 2908 2115 hominis
2936 2056 3171 2126 imperiti
3201 2054 3271 2110 ab
3298 2068 3468 2109 even-

1881 2157 1960 2217 tu,
1993 2163 2102 2204 non
2160 2162 2191 2203 a
2239 2148 2472 2204 consilio
2537 2162 2626 2204 res
2664 2147 2934 2218 judicare,
2986 2163 3050 2202 ac
3097 2161 3166 2204 ne
3216 2154 3470 2202 naturam

1878 2239 2096 2310 quidem
2122 2239 2466 2310 negotiorum
2499 2238 2674 2304 novit,
2707 2253 2829 2310 quae
2851 2239 2919 2292 ad
2970 2236 3306 2293 voluntatem
3366 2249 3474 2291 non

1880 2331 2106 2389 omnino
2133 2329 2348 2388 ﬂuunt:
2378 2331 2488 2388 imo
2515 2345 2658 2402 saepe
2684 2341 2876 2388 contra
2915 2330 3138 2387 cadunt.

1889 2531 2262 2588 CCCXXXIV.
2283 2561 2354 2572 —-
2369 2527 2774 2588 AGATHODJE
2785 2525 2950 2584 MONI
2983 2524 3478 2583 GRAMMATICO.

549 2612 729 2670 Tarda
754 2615 914 2670 etiam
941 2616 1153 2687 ingenia
1179 2617 1427 2673 discendo
1456 2634 1756 2687 processum
1792 2622 2018 2692 faciunt.
2051 2623 2175 2679 Non
2203 2635 2281 2680 ἐκ
2303 2626 2488 2694 quovis
2513 2624 2654 2694 ligno
2679 2624 2738 2691 ﬁt
2782 2622 3106 2678 Mercurius.

278 2721 342 2774 Ἦ
385 2721 664 2784 παίδευσις
709 2724 802 2777 τὸν
831 2722 930 2795 μὲν
971 2723 1119 2791 ὀξὺν,
1160 2726 1328 2796 ἀκρον
1370 2730 1552 2781 ποιεῖ·
1584 2729 1675 2783 τὸν
1717 2730 1776 2784 δὲ

1953 2731 2185 2788 Acutum
2212 2734 2430 2804 quidem
2469 2731 2745 2804 ingenium
2798 2733 3067 2787 institutio
3101 2747 3165 2788 ac
3195 2728 3478 2799 disciplina

198 2807 403 2880 βραδὺν
454 2810 716 2881 ἀμείνονά
761 2829 876 2876 πως
923 2813 1121 2867 ἑαυτοῦ
1173 2815 1518 2887 καθίστησιν.
1570 2819 1782 2888 Ὥσπερ

1888 2826 2156 2894 provehit,
2189 2827 2404 2881 tardum
2460 2841 2588 2882 vero
2614 2827 2796 2898 eeipso
2825 2828 2997 2882 reddit
3036 2825 3339 2880 meliorem.
3376 2823 3478 2879 Ut-

195 2903 306 2974 γὰρ
331 2901 392 2956 οὐ
435 2904 636 2968 πάντες
665 2905 713 2958 oi
745 2905 804 2957 ὲν
833 2903 1222 2974 παιδοτριὸἔοις
1253 2904 1329 2978 (4)
1376 2909 1784 2979 γυμνασθέντες

1888 2931 1991 2987 que
2021 2931 2128 2971 non
2158 2930 2348 2972 omnes
2373 2918 2463 2987 qui
2493 2918 2544 2971 in
2585 2917 2886 2990 gymnasiis
2915 2925 3264 2978 exercentur,
3295 2913 3478 2969 athle-

197 2993 431 3065 ἀθληταὶ
486 2994 910 3063 ἀποτελοῦνται,
963 2997 1136 3061 οὕτως
1182 2997 1302 3051 οὐδὲ
1365 2999 1566 3062 πάντες
1617 3003 1665 3054 oi
1727 3002 1786 3055 ὲν

1890 3016 1957 3060 tte
1991 3005 2227 3062 absoluti
2257 3005 2430 3073 (lunt;
2480 3006 2554 3060 ita
2593 3021 2692 3061 nec
2726 3021 2920 3062 omnes
2973 3004 3189 3061 scholas
3219 3003 3485 3073 frequen-

202 3086 478 3156 μουσείοις
523 3088 880 3158 φοιτήσαντες
926 3090 1184 3160 ῥήτορες·
1231 3092 1353 3153 ταῖς
1383 3090 1492 3162 γὰρ
1533 3093 1784 3162 εὐφυΐαις

1889 3104 2068 3152 tantes
2096 3105 2346 3152 oratores
2367 3096 2629 3152 evadunt.
2657 3096 2888 3167 Optimae
2909 3105 3118 3151 natura:
3138 3109 3202 3150 ac
3233 3094 3486 3150 facultati

199 3179 300 3232 καὶ
322 3181 440 3242 ταῖς
466 3178 758 3250 δυνάμεσιν
788 3181 843 3233 αἱ
872 3179 1092 3250 μελέται
1123 3181 1554 3252 προσομιλοῦσαι
1585 3185 1788 3255 ἄκρους
1818 3213 1819 3228 ι

1890 3184 2079 3254 juncta
2135 3186 2317 3242 studia
2367 3202 2612 3244 summos
2663 3187 2971 3254 perficiunt.
3007 3188 3065 3242 Si
3125 3200 3255 3261 vero
3311 3197 3491 3254 neque

201 3271 580 3325 ἀποτελοῦσιν.
615 3273 676 3325 Εί
700 3272 758 3324 δὲ
789 3273 927 3343 μήτε
954 3271 1146 3343 ἀλκὴν,
1186 3274 1323 3343 μήτε
1355 3272 1587 3340 εὐφυΐαν
1615 3271 1789 3345 εὔρω-

202 3380 310 3425 σιν,
346 3364 574 3418 ἀσκοῦσι
600 3364 700 3434 μὲν
723 3364 831 3418 τῶν
861 3363 960 3434 μὲν
987 3364 1087 3427 τὰς
1115 3364 1296 3434 ψυχὰς
1319 3405 1334 3430 ,
1362 3363 1472 3417 τῶν
1493 3364 1550 3418 δὲ
1582 3365 1648 3418 τὰ
1683 3368 1791 3418 σώ-

206 3474 375 3524 ματα,
407 3459 468 3512 οὐ
507 3459 614 3529 μὴν
650 3457 929 3527 ἀοιδίμους
955 3458 1156 3522 αὐτοὺς
1188 3457 1641 3528 δημιουργοῦσιν.

507 3550 676 3604 TAE’.
712 3578 782 3589 —
820 3549 1082 3621 ismara
1115 3549 1484 3622 ΕΠΙΣΚΟΠῼ.

1897 3278 2083 3341 robur,
2114 3291 2294 3348 neque
2321 3289 2535 3334 natura:
2588 3279 2945 3349 aptitudinem
3004 3275 3488 3342 inveniant,'exer-

1892 3378 2020 3423 cent
2073 3369 2294 3439 quidem
2356 3371 2570 3425 animos
2650 3371 3047 3440 quarumdam,
3106 3367 3335 3424 aliorum
3388 3381 3486 3422 ve-

1893 3475 1954 3516 ro
1984 3475 2203 3531 corpus,
2235 3448 2481 3516 celebres
2514 3470 2693 3514 tamen
2730 3462 2879 3528 ipsos
2903 3475 3006 3512 non
3039 3459 3288 3512 reddunt.

2105 3549 2457 3606 CCCXXXV.
2483 3580 2552 3592 —
2574 3548 2852 3606 ISIDORO
2911 3547 3270 3604 EI’ISCOI'O.

457 3663 478 3696 ε
520 3643 701 3698 Estote
729 3644 971 3714 perfecti,
1002 3644 1142 3699 sicut
1191 3642 1360 3699 Pater
1400 3654 1566 3699 vester
1610 3645 1856 3700 cmleetis.
1891 3663 1911 3697 ι
1952 3643 2165 3715 (Matth.
2190 3661 2246 3711 v,
2275 3645 2391 3716 48.)
2442 3643 2769 3699 Imitationis
2802 3644 2965 3707 ratio,
2994 3644 3240 3711 inferior.

291 3738 506 3809 Ἐπειδὴ
533 3739 760 3803 εἰκότως
784 3739 1024 3817 νομίζων
1046 3739 1145 3809 τὴν
1181 3738 1331 3792 θείαν
1358 3740 1564 3810 ἀρετήν
1598 3738 1792 3809 ἀνέφι-

205 3847 334 3885 κτον
381 3831 474 3884 καὶ⁵
535 3830 832 3900 ἀμίμητον,
884 3830 1170 3902 γέγραφας
1222 3830 1543 3902 θαυμάζων,
1598 3830 1713 3895 πῶς
1766 3833 1795 3885 ὁ

207 3920 399 3992 Σωτὴρ
443 3920 654 3975 καὶτὸν
697 3919 916 3993 Πατέρα
950 3922 1045 3976 καὶ
1087 3923 1277 3977 ἑαυτὸν
1309 3923 1597 3994 μιμεῖσθαι
1642 3925 1795 3994 ἡμᾶς

208 4010 667 4083 παρακελεύεται.
697 4012 868 4081 Φημὶ,
895 4011 977 4066 ὅτι
1006 4013 1232 4078 εἰκότως
1259 4013 1328 4068 τὰ
1352 4015 1657 4087 πράγματα
1686 4015 1793 4070 ἀπὸ

208 4104 317 4158 τῶν
351 4095 612 4173 μειζόνων
653 4103 923 4174 λαμϐάνει
967 4105 1036 4159 τά
1067 4105 1485 4177 παραδείγματα
1508 4149 1524 4173 ,
1570 4107 1657 4161 ἶνα
1691 4105 1793 4161 κᾶν

208 4194 304 4249 τοῦ
333 4196 610 4258 ἐλάττονος
644 4195 993 4267 ὲφικοίμεθα.
1032 4199 1095 4251 El
1139 4198 1250 4270 γάρ
1296 4198 1390 4252 καὶ
1436 4198 1714 4270 ἀμίμητος
1759 4199 1793 4269 ἠ

209 4286 518 4358 Δεσποτικὴ
569 4287 741 4358 ἀρετὴ
769 4328 784 4352 ,
831 4287 948 4341 ἀλλ’
987 4284 1081 4344 οὖν
1123 4306 1187 4359 γε
1225 4291 1353 4344 ὅταν
1386 4291 1528 4345 κατά
1567 4290 1796 4361 δύναμιν

212 4374 496 4444 μιμεῖσθαι
537 4375 709 4445 αὐτὴν
763 4377 1174 4450 σπουδάζωμεν,
1215 4379 1315 4450 τῆς
1355 4382 1646 4452 μιμήσεως
1694 4380 1795 4434 οὑκ

1973 3738 2108 3793 Cum
2143 3739 2711 3808 incomprehensibilis
2739 3740 2811 3792 sit
2872 3740 3028 3803 Deus,
3056 3749 3216 3808 atque
3244 3737 3489 3792 inimita-

1900 3829 2047 3894 bilis,
2086 3829 2342 3885 admirari
2388 3838 2440 3884 te
2486 3829 2707 3893 scribis,
2733 3844 2832 3884 cur
2889 3830 3143 3884 Salvator
3187 3839 3240 3884 et
3271 3829 3488 3883 Patrem

1902 3921 2202 3986 cmlestem,
2237 3929 2294 3974 et
2331 3933 2452 3975 sese
2483 3920 2550 3974 ad
2581 3920 2906 3974 imitandum
2931 3920 3294 3990 proposuerit.
3324 3917 3489 3988 Equi-

1900 4012 2024 4068 dem
2094 4011 2399 4083 respondeo
2458 4027 2546 4067 rcs
2627 4011 2754 4081 jure
2825 4012 3030 4080 optimo
3087 4026 3116 4065 a
3192 4008 3492 4078 majoribus

1899 4100 2146 4173 exempla
2187 4116 2407 4173 capere,
2463 4109 2524 4157 ut
2575 4101 2767 4156 saltem
2826 4101 3004 4155 minus
3069 4110 3488 4167 consequamur.

1901 4192 2161 4259 Quamvis
2211 4192 2362 4248 enim
2414 4191 2758 4247 inimitabilis
2811 4190 2906 4246 Dei
2968 4191 3143 4245 virtus
3202 4198 3305 4254 est,
3342 4187 3491 4244 illam

1901 4294 2199 4355 tamenpro
2259 4285 2404 4341 virili
2467 4284 2678 4340 imitari
2745 4293 3029 4350 conantes,
3062 4285 3130 4338 ab
3187 4280 3494 4336 imitatione

1900 4392 2007 4432 non
2037 4376 2408 4432 discedemus.
2447 4374 2520 4430 Ut
2573 4375 2665 4446 qui
2723 4374 2969 4431 scribere
3013 4385 3212 4442 pueros
3268 4370 3490 4433 docent,

212 4465 751 4539 ἀπολειφθησόμεθα.
833 4449 1063 4542 Ὥσπερ
1095 4471 1204 4544 γὰρ
1269 4449 1319 4526 οἱ
1358 4449 1794 4546 γραμματισταὶ

1904 4477 2122 4537 arrepto
2151 4468 2294 4538 stylo
2320 4469 2508 4537 pueris
2533 4483 2700 4538 quam
2751 4465 3205 4536 elegantissimos
3244 4463 3494 4532 prtescri-

211 4555 582 4626 λαμϐάνοντες
616 4558 715 4630 τὴν
755 4560 995 4631 γραφίδα
1018 4601 1034 4625 ,
1064 4564 1175 4624 τοῖς
1205 4564 1363 4616 παισὶ
1412 4563 1552 4634 μετὰ
1597 4562 1793 4618 πολλοῦ

212 4645 308 4700 τοῦ
337 4647 569 4712 κάλλους
588 4650 658 4703 τὰ
689 4655 930 4722 στοιχεῖα
957 4653 1282 4724 γράφουσιν,
1317 4654 1404 4708 ἴνα
1439 4657 1544 4709 κᾶν
1575 4655 1714 4725 πρὸς
1737 4655 1796 4708 τὸ

217 4738 642 4812 καταδεέστερον
686 4742 880 4796 ἔλθωσι
917 4744 1019 4812 τῆς
1067 4746 1384 4816 μιμήσεως,
1429 4745 1573 4800 οὕτω
1621 4747 1716 4801 καὶ
1760 4751 1794 4819 ἠ

217 4826 334 4883 θέία
371 4832 533 4902 χάρις
563 4833 935 4906 ὑποδείγματα
964 4838 1095 4906 ἡμῖν
1127 4838 1328 4909 ἀρετῆς
1360 4837 1694 4910 προῦθηκεν,
1726 4839 1794 4892 ἵν’

219 4919 296 4981 ὡς
333 4921 552 4989 ἐφικτὸν
584 4925 973 4996 μιμησώμεθα.
1023 4927 1114 4999 Μὴ
1160 4929 1342 4982 τοίνυν
1387 4929 1448 4982 τὸ
1495 4931 1571 5001 μὴ
1616 4931 1802 5002 άκρως

220 5009 480 5066 δύνασθαι
526 5015 843 5084 μιμεῖσθαι,
888 5017 983 5070 τοῦ
1028 5018 1379 5089 ἐνδεχομένου
1422 5021 1573 5091 ἡμᾶς
1600 5022 1799 5075 ἀποσο-

223 5100 390 5156 ϐείτω
411 5143 425 5167 ,
456 5103 592 5157 ἀλλά
611 5104 770 5159 τοῦτο
813 5108 1049 5177 μάλιστα
1081 5109 1222 5179 μέγα
1246 5111 1377 5181 ἡμῖν
1415 5111 1706 5180 φαινέσθω,
1743 5111 1804 5165 τὸ

223 5191 491 5258 ἠξιῶσθαι
524 5194 766 5267 μερικῶς
808 5198 1094 5268 μιμήσεως
1121 5198 1270 5263 θείας
1295 5200 1502 5263 είκόνος
1529 5201 1681 5266 ὲντδς
1711 5217 1806 5270 γε·

227 5279 431 5336 νέσθαι.

664 5377 858 5445 κτΑςν.
891 5406 961 5418 -
1004 5377 1360 5452 ΓΕΝΝΔΔΙῼ.

1902 4559 2036 4613 bunt
2076 4560 2448 4621 characteres,
2480 4557 2584 4611 etsi
2613 4555 2907 4609 interiores
2945 4553 3055 4607 siut
3106 4552 3159 4604 in
3189 4548 3494 4602 imitatione

1903 4649 2072 4706 futuri
2105 4665 2121 4704 :
2158 4650 2232 4704 ita
2256 4656 2312 4704 et
2336 4647 2519 4703 divina
2550 4645 2724 4717 gratia
2776 4643 3001 4698 virtutis
3058 4639 3215 4696 nobis
3244 4636 3492 4704 exempla

1905 4740 2206 4815 proposuit,
2235 4749 2294 4796 ut
2353 4751 2612 4810 tanquam
2669 4740 2814 4808 quod
2874 4745 3039 4808 queat
3104 4727 3490 4800 comprehendi

1900 4835 2200 4892 imitemur.
2248 4833 2409 4905 661
2457 4831 2535 4887 Nc
2576 4831 2746 4902 igitur
2801 4830 2943 4901 quod
2993 4838 3207 4881 summa
3264 4832 3494 4889 quaeque

1904 4927 2112 4982 imitari
2140 4941 2247 4981 non
2277 4926 2574 4996 possimus,
2607 4925 2662 4979 id
2698 4938 2798 4978 nos
2838 4925 3143 4976 absterreat
3167 4915 3234 4969 ab
3264 4914 3497 4979 iis,quac

1907 5020 2166 5090 consequi
2193 5019 2455 5086 valemus,
2491 5018 2600 5073 imo
2633 5030 2887 5080 maguum
2930 5012 3062 5066 illud
3115 5007 3277 5063 nobis
3307 5005 3496 5058 vidca-

1901 5123 2013 5181 tur,
2039 5113 2185 5184 quod
2214 5113 2364 5184 digni
2397 5112 2571 5167 simus
2599 5109 2790 5176 habiti,
2819 5108 2901 5162 vel
2926 5122 2990 5162 ex
3049 5113 3202 5173 parte
3255 5098 3493 5154 divinam

1903 5203 2108 5260 imitari
2133 5202 2448 5276 imaginem.

2259 5383 2634 5442 CCCXXXV’I.
2665 5413 2734 5425 -—-
2765 5378 3139 5438 GENNADIO.

823 5468 900 5524 De
925 5469 1109 5541 gloria:
1143 5475 1452 5541 cupiditate,
1482 5474 1558 5529 vel
1591 5485 1910 5546 contemptu.
1951 5477 2110 5551 Vulgi
2128 5479 2397 5550 judicium
2427 5480 2888 5535 contemnendum.

299 5565 361 5619 Ei
400 5567 491 5620 καὶ
520 5564 823 5638 παράδοξόν
854 5583 936 5621 σοι
961 5562 1098 5622 εἶναι
1133 5569 1274 5637 δόξει
1299 5569 1360 5623 τὸ
1383 5571 1800 5643 λεχθησόμενον,

1986 5573 2095 5631 Etsi
2137 5576 2284 5645 quod
2329 5577 2505 5632 dicam
2555 5575 2866 5646 paradoxou
2904 5572 2998 5628 tibi
3043 5569 3219 5625 visum
3253 5565 3318 5621 iri
3359 5561 3500 5620 satis

1327 5677 1564 5735 VARUE
1601 5678 1984 5740 LECTIONES
2025 5681 2113 5737 ET
2154 5682 2386 5740 NOTZE.

304 5785 382 5854 (ὅ)
413 5785 576 5841 Iidem
607 5788 687 5850 δὶς
723 5797 934 5842 mutant
969 5791 1019 5842 in
1055 5789 1165 5844 δύο.
1195 5791 1404 5846 Possm.

304 5856 384 5925 (ι)
415 5856 518 5910 Pro
564 5857 949 5928 παιδοτριεὶοις
1010 5859 1170 5915 ἰὶιίιοηι
1225 5860 1467 5918 scribunt
1527 5860 1895 5931 παιδοτρίϐου.
1930 5861 2006 5914 ID.
