4122 6470
621 384 754 454 1531

1815 383 1875 443 s.
1912 345 2205 444 Ismeni
2243 380 2683 442 rswsrom

3739 368 3874 440 158!

619 497 756 566 scio,
781 494 1062 552 dicendum
1085 499 1282 549 tamen.
1301 491 1539 548 Gloriam
1560 490 1721 564 igitur
1744 491 1962 549 inanem
1984 507 2180 550 censeo
2209 499 2236 557 Α

2314 492 2395 547 λλ*
2437 495 2587 565 ὅμως
2612 491 2920 565 εἰρήσεται·
2954 489 3099 564 φημὶ
3139 489 3248 561 γὰρ
3275 487 3358 544 δτι
3385 487 3420 558 ή
3451 483 3731 552 κενοδοξία
3757 483 3866 543 ho

623 594 690 647 ab
726 590 906 644 animo
938 585 1151 655 abiecto
1196 584 1392 652 vilique
1446 582 1739 653 proiicisci.
1772 582 2191 655 Despicientiam

623 692 810 738 cootra
865 678 1144 747 laudisque
1203 686 1572 746 contemptum
1639 689 1704 732 ex
1753 676 2195 746 magnanimitate

627 771 793 836 nasci,
853 769 931 825 vel
983 769 1162 822 verius
1206 784 1236 822 a
1278 766 1485 824 caelesti
1535 777 1734 821 mente.
1786 765 1880 820 Illa
1928 765 2193 834 siquidem

631 864 838 915 laudem
879 859 1180 913 admiratur
1210 859 1520 923 humanam,
1551 871 1671 927 qua:
1701 857 1869 910 instar
1895 855 2197 911 arescentia

631 961 711 1022 est
742 949 882 1003 feni:
911 948 1024 1002 haec
1055 961 1182 1002 vero
1207 961 1322 1001 eam
1353 954 1652 1000 aversatur.
1679 942 1771 999 illa
1795 943 2014 999 maximi
2047 941 2198 999 ducit

632 1041 972 1095 aberrantem
1030 1038 1405 1104 labentemque
1457 1035 1599 1107 vulgi
1659 1036 1971 1105 opinionem
2008 1073 2022 1097 ,
2073 1034 2193 1089 hac

627 1141 816 1187 contra
851 1130 980 1186 facit
1030 1129 1258 1183 minimi.
1293 1127 1448 1195 Quod
1497 1142 1619 1183 cum
1667 1126 1744 1183 ita
1789 1128 1882 1194 sit,
1919 1125 2192 1183 sciscitari

625 1239 693 1279 ex
740 1233 794 1277 te
850 1220 1002 1284 libet,
1048 1220 1177 1289 quid
1226 1219 1465 1274 aestimas
1515 1218 1706 1289 vulgus
1761 1218 2012 1274 virtutem
2045 1217 2197 1272 nihili

629 1315 868 1378 ducens;
913 1310 1052 1375 haud
1103 1311 1260 1366 dubie
1317 1309 1467 1378 quasi
1526 1309 1724 1364 nullius
1771 1310 1928 1380 pretii
1978 1311 2084 1373 sit,
2138 1324 2200 1365 ac

627 1404 924 1473 tn-gligens.
954 1400 1026 1458 Ut
1049 1400 1190 1455 enim
1224 1399 1416 1467 vulgus
1441 1400 1507 1454 de
1546 1401 1766 1464 virtute,
1806 1399 1883 1456 ita
1910 1411 1962 1454 et
1994 1403 2059 1455 de
2087 1402 2201 1471 ipso

627 1497 830 1550 sentire
875 1494 1149 1564 sapientes
1181 1506 1392 1562 aequum
1425 1493 1514 1547 sit.
1581 1490 1731 1562 Elige
1769 1491 1935 1563 igitur
1974 1509 1988 1547 :
2029 1491 2200 1546 baud-

627 1600 897 1657 quaqnam
929 1599 956 1639 a
984 1584 1122 1654 vulgi
1158 1592 1310 1654 parte
1335 1594 1486 1655 stare
1508 1584 1638 1638 ntihi
1674 1584 1894 1640 videris.
1925 1583 2203 1651 Quomodo

628 1676 791 1748 igitur
844 1691 947 1754 non
999 1675 1284 1730 admodum
1339 1675 1622 1741 miserum,
1669 1676 1777 1731 imo
1816 1686 1869 1731 et
1919 1675 2201 1731 ridiculum

630 1768 794 1822 fuerit
858 1767 1050 1822 horum
1120 1765 1318 1820 sectari
1375 1764 1688 1835 opinionem
1739 1780 1970 1836 quorum
2030 1764 2203 1822 nolles

631 1949 738 2007 ilde
775 1949 990 2020 dignam
1051 1964 1218 2020 posse
1261 1957 1502 2006 statuere
1553 1950 1881 2005 sententiam
1913 1989 1927 2013 ,
1965 1949 2198 2019 idipsum

631 2041 836 2099 dixeris
879 2041 946 2096 de
997 2040 1064 2096 iis
1101 2042 1171 2096 ob
1208 2056 1329 2111 qua:
1373 2055 1498 2096 vere
1540 2039 1877 2112 despiciendi
1926 2048 2068 2094 sunt.
2100 2039 2200 2107 Qui

632 2131 775 2186 enim
822 2147 886 2185 ex
929 2145 988 2186 se
1033 2131 1131 2201 ipsi
1161 2129 1518 2200 despicabiles
1562 2139 1711 2194 sunt,
1749 2130 1918 2185 multo
1957 2133 2127 2202 magis
2153 2132 2206 2184 id

633 2233 776 2278 Inter
830 2238 890 2278 se
947 2222 1221 2280 commissi
1292 2223 1584 2294 patientur.
1650 2222 1995 2293 Singulorum
2062 2225 2205 2278 enim

634 2313 869 2369 amentia
935 2314 1100 2370 simul
1144 2315 1367 2369 collecta
1432 2314 1607 2384 major
1640 2313 1713 2369 [δι’
1761 2330 1787 2369 a
1863 2314 2208 2370 multitudine

635 2406 880 2460 adaucta.
952 2404 1295 2476 Quapropter
1341 2415 1396 2460 et
1445 2406 1756 2477 singulatim
1806 2405 2039 2476 quisque
2085 2420 2205 2459 cor-

637 2496 883 2565 rigatur,
943 2496 988 2551 si
1049 2496 1268 2567 quando
1325 2496 1780 2565 deprehendatur.
1847 2495 2020 2551 Simul
2083 2510 2208 2550 vero

635 2588 956 2643 exsistentes
985 2587 1183 2658 corrigi
1242 2602 1351 2666 non
1377 2595 1627 2658 possunt,
1667 2603 1734 2644 eo
1773 2588 1916 2657 quod
1949 2588 2000 2641 in
2036 2585 2210 2655 majus

635 2679 924 2738 amentiam
979 2678 1314 2750 provehant,
1360 2688 1415 2733 et
1466 2679 1664 2734 mutuis
1714 2679 2039 2750 applaudant
2097 2679 2212 2747 Opi-

638 2769 912 2827 niouibus.

1049 2875 1442 2934 CCCXXXVII.
1474 2908 1542 2917 —
1573 2876 1807 2936 EIDEM.

2295 583 2473 655 ψυχῆς
2498 585 2760 656 ταπεινῆς
2789 584 2887 638 καὶ
2910 580 3169 646 εὐτελοῦς
3203 579 3481 646 τίκτεται,
3526 577 3562 650 ή
3611 576 3671 630 δὲ
3705 577 3871 650 ὕπερ-

2297 678 2428 748 οψία
2456 677 2567 729 τῶν
2591 674 2832 729 ἐπαίνων
2868 676 2962 728 καὶ
2987 677 3021 744 ή
3044 672 3450 742 καταφρόνησις
3496 669 3605 723 ἀπὸ
3636 668 3871 740 μεγαλοε-

2299 769 2499 839 φυοῦς,
2530 766 2730 840 μᾶλλον
2763 766 2819 820 δὲ
2853 763 3192 838 ὑπερφυοῦς.
3232 764 3296 818 Ἡ
3319 763 3436 835 ξμὶν
3468 761 3574 834 γὰρ
3605 760 3874 832 θαυμάζει

2297 861 2390 914 τὸν
2425 859 2616 933 χόρτου
2648 859 2805 930 δίκην
2835 856 3238 929 μαραινόμενον
3268 855 3377 910 τῶν
3399 853 3703 926 ἀνθρώπων
3724 853 3874 906 ἔπαι-

2296 969 2410 1018 νον,
2445 952 2479 1022 ἡ
2507 950 2562 1004 δὲ
2598 949 3021 1020 ἀποστρέφεταισ
3047 951 3081 1018 ή
3119 946 3217 1020 μὲν
3245 946 3508 1018 μεγίστην
3535 945 3750 1015 ἡγεῖται
3779 943 3873 1014 τήν

2301 1039 2724 1114 πεπλανημένην
2766 1041 2861 1094 καὶ
2902 1039 3252 1111 ὲσφαλμένην
3283 1037 3391 1092 τῶν
3421 1035 3631 1090 πολλῶν
3673 1035 3874 1106 ψῆφον,

2301 1137 2335 1206 ή
2365 1136 2422 1189 δὲ
2449 1132 2862 1203 εὐτελεστάτην.
2895 1133 3019 1187 Ὅτι
3038 1132 3094 1185 δὲ
3112 1130 3268 1185 ταῦθ’
3288 1126 3460 1192 οὕτως
3483 1127 3621 1198 ἔχει,
3655 1125 3877 1199 ἔρεσθαι

2303 1243 2365 1280 σε
2394 1225 2671 1297 βούλομαι.
2716 1224 2783 1277 Τί
2829 1224 3068 1295 νομίζεις
3112 1224 3237 1285 τοὺς
3283 1221 3510 1284 πολλοὺς
3535 1260 3549 1281 .
3583 1215 3667 1284 οἷς
3705 1217 3877 1282 οὐδεὶς

2304 1333 2371 1369 πε
2383 1315 2436 1387 pi.
2465 1314 2668 1386 ἀρετῆς
2707 1313 2903 1382 λόγος;
2939 1311 3162 1383 εὔδηλον
3191 1312 3272 1365 ὅτι
3307 1310 3586 1383 ῥᾳθύμους
3609 1347 3624 1374 ,
3655 1309 3749 1364 καὶ
3785 1309 3879 1361 οὐ·

2302 1404 2452 1468 δενὸς
2512 1403 2698 1471 ἀξίους
2750 1403 2932 1473 λόγου.
2997 1404 3175 1474 Ὅπερ
3223 1400 3332 1473 γὰρ
3389 1402 3545 1456 αὐτοὶ
3599 1399 3728 1471 περὶ
3779 1401 3878 1471 τῆς

2303 1495 2505 1567 ἀρετῆς
2571 1495 2941 1566 ψηφίζονται,
2995 1491 3155 1549 τοῦτο
3206 1494 3334 1557 τοὺς
3403 1492 3602 1561 σοφοὺς
3671 1489 3881 1544 δίκαιον

2305 1588 2372 1642 ἂν
2403 1587 2490 1660 εῐη
2519 1588 2647 1658 περ)⁵
2677 1588 2857 1642 αὐτῶν
2901 1585 3255 1658 ψηφίζεσθαι.
3303 1585 3486 1638 Ἐλοιο
3514 1585 3724 1638 τοίνυν·
3761 1579 3887 1635 κατ’

2305 1675 2549 1741 ἐκείνους
2593 1675 2844 1746 γενέσθαι
2899 1677 3002 1731 οὐκ
3040 1675 3107 1732 ἄν
3149 1692 3240 1746 μοι
3281 1675 3479 1738 δοκεῖς.
3517 1673 3640 1736 Πῶς
3681 1667 3777 1727 οὖν
3820 1671 3885 1726 οὗ

2304 1768 2503 1841 κομιδῇ
2532 1767 2797 1838 σχέτλιον,
2831 1765 3034 1840 μᾶλλον
3071 1765 3128 1820 δὲ
3165 1764 3394 1836 γελοῖον,
3418 1763 3519 1836 τὴν
3550 1763 3757 1817 τούτων
3784 1761 3884 1831 θη-

524 1917 526 1919 ,
630 1859 824 1915 similis
856 1857 1082 1915 esseisi
1115 1858 1319 1930 dixeris
1353 1857 1550 1936 multos
1577 1857 1630 1914 in
1659 1872 1768 1913 uno
1801 1858 2201 1914 consentientes

2314 1861 2504 1932 ρᾶσθαι
2538 1859 2720 1926 δόξαν,
2769 1854 2845 1916 ὧν
2872 1860 2974 1915 οὐκ
3021 1858 3086 1915 ἃν
3121 1858 3263 1913 ἕλοιο
3292 1857 3543 1928 γενέσθαι
3581 1854 3877 1927 παραπλή-

2309 1970 2462 2022 σιος;
2493 1954 2542 2008 ει
2573 1955 2631 2009 δὲ
2668 1951 2865 2025 φαίης,
2907 1951 2991 2006 δτι
3035 1952 3082 2006 οῖ
3116 1949 3301 2005 πολλοὶ
3337 1949 3480 2004 κατὰ
3533 1946 3727 2002 ταυτὸν
3773 1962 3892 2000 συνο

2313 2045 2618 2116 εστηκότες
2654 2045 2973 2114 ἀξιόπιστον
2999 2044 3180 2117 ἔχουσι
3205 2042 3303 2114 τήν
3327 2043 3526 2113 ψῆφον·
3567 2039 3700 2094 αὑτδ
3732 2036 3892 2092 τοῦτο

2313 2135 2506 2200 λέξεις,
2538 2134 2604 2189 δι’
2631 2134 2660 2188 6
2698 2132 3153 2205 καταφρονεῖσθαι
3179 2131 3503 2201 ὀφείλουσιν.
3538 2131 3603 2183 Οἱ
3631 2128 3742 2199 γὰρ
3767 2124 3888 2180 καθ’

2313 2224 2540 2288 ἑαυτοὺς
2581 2222 2750 2287 ὄντες
2763 2222 3251 2292 εὐκαταφρόνητοι,
3292 2217 3470 2289 πολλῷ
3515 2217 3716 2288 μᾶλλον
3758 2231 3895 2283 συγ-

2313 2313 2669 2386 κροτηθέντες
2701 2313 2859 2368 τοῦτο
2887 2313 3184 2366 πείσονται.
3228 2311 3293 2364 Ἥ
3330 2309 3437 2379 γὰρ
3475 2308 3704 2362 ἑκάστου
3737 2307 3891 2360 ἄνοια

2307 2402 2446 2472 όμοῦ
2475 2401 2824 2473 συναχθεῖσα,
2856 2399 3054 2472 μείζων
3081 2398 3189 2453 ὑπὸ
3214 2396 3307 2452 τοῦ
3339 2393 3574 2466 πλήθους
3597 2391 3892 2460 αὐξηθεῖσα

2309 2493 2539 2562 γίνεται.
2572 2494 2663 2546 Διὸ
2693 2494 2784 2547 καὶ
2811 2491 2932 2546 καθ’
2957 2492 3051 2545 ἕνα
3087 2491 3186 2562 μὲν
3214 2491 3278 2546 ἂν
3313 2505 3395 2553 τις
3416 2486 3595 2543 αὐτῶν
3624 2485 3716 2538 καὶ
3744 2483 3891 2554 διορ-

2311 2585 2559 2651 θὼσειεν,
2583 2587 2632 2639 εἰ
2658 2583 2812 2639 λάϐοι
2847 2583 2976 2637 ποτέ
3004 2604 3012 2614 ·
3056 2581 3195 2652 ὁμοῦ,
3216 2581 3273 2635 δὲ
3314 2580 3661 2650 ὑπάρχοντας
3702 2577 3801 2629 οὐκ
3825 2573 3892 2627 ἂν

2312 2673 2566 2745 δυνηθείη
2586 2715 2600 2736 ,
2636 2674 2725 2727 διὰ
2755 2673 2816 2725 τὸ
2850 2673 2950 2743 τὴν
2980 2672 3164 2725 ἄνοιαν
3195 2670 3285 2723 ἐπὶ
3309 2670 3368 2721 τὸ
3401 2667 3584 2739 μεῖζον
3613 2664 3888 2737 αἴρεσθαι,

2316 2768 2408 2820 καὶ
2431 2768 2551 2830 ταῖς
2580 2765 2710 2836 παρ’
2739 2764 2982 2835 ἀλλήλων
3011 2762 3188 2830 δόξαις
3222 2756 3653 2831 συγκροτεῖσθαι.

2796 2870 2962 2927 TAZ'.
2994 2901 3064 2913 -ρ
3087 2871 3175 2942 To
3222 2869 3422 2939 erro.

1439 2967 1717 3032 Φιλοδόξου
1758 2969 1852 3022 καὶ
1883 2966 2162 3031 κενοδόξου
2198 2963 2522 3034 differentia.
2557 2960 2725 3031 (Vide
2754 2961 2908 3029 epist.
2939 2959 3088 3029 ιιι.)

707 3075 906 3133 Gloria;
954 3077 1229 3133 studiosus
1287 3091 1392 3131 non
1451 3076 1590 3131 idem
1649 3075 1823 3130 inanis
1889 3084 1973 3130 est
2029 3074 2212 3130 laudis

2387 3071 2512 3124 Οὐκ
2543 3067 2690 3123 ἔστιν
2709 3071 2737 3123 6
2761 3067 3035 3138 φιλόδοξος
3060 3066 3354 3131 κενόδοξος
3381 3068 3408 3120 6
3436 3065 3534 3134 μὲν
3562 3063 3671 3134 γὰρ
3696 3061 3898 3133 ἀρετήν

638 3169 885 3238 cupidus.
909 3167 971 3222 Et
995 3168 1082 3223 ille
1104 3167 1320 3236 quidem
1344 3166 1598 3222 virtutem
1617 3181 1903 3231 exercens,
1927 3166 2014 3221 hic
2032 3174 2210 3222 autem

2314 3157 2521 3224 ἀσκῶν,
2555 3160 2585 3214 6
2609 3157 2669 3211 δὲ
2701 3157 2774 3227 μὴ
2799 3157 2876 3228 (5)
2909 3156 3094 3209 ἀσκῶν
3123 3153 3280 3218 δόξαν
3313 3153 3580 3224 θηρᾶται·
3620 3149 3714 3202 καὶ
3744 3151 3772 3201 ό
3798 3148 3898 3218 μιν

640 3276 748 3314 non
811 3273 1069 3314 exercens
1128 3257 1354 3328 gloriam
1413 3267 1664 3312 venatur.
1720 3256 1787 3313 Et
1847 3257 1938 3312 ille
1995 3257 2215 3328 quidem

2317 3248 2420 3318 τῆς
2447 3247 2830 3320 προσηκούσης
2858 3286 2873 3312 ,
2902 3248 2931 3300 6
2962 3245 3019 3298 δὲ
3047 3245 3147 3316 τῆς
3182 3243 3494 3315 μηδαμόθεν
3543 3240 3692 3311 αὐτῷ
3731 3257 3895 3310 προσο

639 3349 1025 3414 convenienti,
1084 3350 1170 3404 hic
1245 3363 1373 3404 vero
1430 3348 1653 3405 minime
1701 3349 1802 3420 ipsi
1871 3348 2216 3404 convenienti

2318 3338 2563 3410 ηκούσης
2590 3336 2912 3407 ὑπολήψεως
2938 3336 3166 3406 ἐφίεται⁸
3195 3337 3223 3389 6
3254 3335 3351 3404 μὲν
3381 3333 3565 3401 οἰκείῳ
3595 3330 3784 3384 κάλλει
3816 3345 3902 3381 σε·

641 3441 852 3496 acccdit
876 3441 1136 3511 Opinioni.
1164 3440 1388 3511 Pr0pria
1421 3440 1508 3494 ille
1537 3441 1943 3510 pulchritudine
1967 3449 2218 3504 ornatur,

2326 3429 2586 3502 μνύνεται
2607 3469 2622 3493 ,
2648 3429 2677 3481 6
2717 3427 2775 3482 δὲ
2803 3425 3066 3495 ἀλλοτρίῳ
3093 3423 3525 3487 καλλωπίζεσθαι
3562 3420 3848 3492 βούλεται·
3874 3421 3902 3471 6

643 3529 733 3584 hic
786 3543 912 3584 vero
972 3529 1087 3584 vult
1136 3530 1308 3585 aliena
1371 3529 1618 3584 decorari
1690 3528 1884 3584 forma.
1947 3529 2077 3586 Suis
2133 3528 2224 3584 ille

2327 3522 2427 3592 μὲν
2494 3523 2608 3584 τοῖς
2644 3519 3196 3588 οἰκείοις-θησαυροῖς
3241 3516 3382 3588 μέγα
3412 3517 3595 3585 φρονεῖ
3614 3529 3628 3544 ο
3658 3514 3686 3564 6
3713 3513 3769 3565 δὲ
3795 3513 3903 3574 τοῖς

647 3622 919 3675 thesauris
948 3620 1267 3686 extollitur,
1330 3621 1418 3675 hic
1456 3620 1524 3675 iis
1564 3622 1654 3690 qui
1705 3621 1768 3675 ad
1827 3621 2000 3690 ipsum
2046 3621 2223 3676 minus

2326 3608 2590 3682 μηδαμῶς
2613 3607 2764 3678 αὑτῷ
2790 3608 3177 3679 προσήκουσινο
3203 3607 3232 3659 6
3255 3606 3353 3676 μὲν
3387 3603 3630 3666 δικαίως,
3663 3605 3690 3654 6
3708 3601 3766 3654 δὲ
3790 3598 3903 3654 ἁδί-

647 3711 973 3778 pertineant.
1027 3710 1125 3768 Ille
1175 3712 1390 3782 quidem
1441 3711 1590 3779 juste
1621 3754 1636 3780 ,
1691 3712 1782 3767 hic
1826 3695 1969 3768 .vero
2025 3713 2224 3782 injuste

2323 3717 2439 3764 κως
2462 3698 2727 3771 τιμᾶσθαι
2753 3697 3022 3769 βούλεταυ
3048 3700 3076 3752 6
3107 3697 3206 3768 μὲν
3240 3692 3333 3750 οὖν
3358 3695 3594 3768 πρῶτος,
3627 3695 3677 3746 εί
3708 3692 3805 3746 καὶ
3828 3691 3902 3782 μή

649 3800 902 3856 honorari
952 3781 1203 3873 exoptat.
1242 3803 1458 3858 Primus
1482 3804 1724 3872 quidem,
1761 3805 1976 3860 tametsi
2009 3781 2114 3858 non
2156 3804 2228 3858 sit

2323 3791 2528 3858 τέλειός
2557 3793 2674 3844 ἐστι
2706 3789 2844 3861 (χρὴ
2881 3790 2990 3860 γὰρ
3021 3791 3116 3844 καὶ
3138 3789 3339 3861 ἀρετὴν
3372 3789 3584 3848 ἀσκεῖν,
3618 3784 3712 3839 καὶ
3750 3781 3907 3852 δόξης

649 3890 926 3960 perfectus
959 3894 1285 3964 (exercenda
1330 3895 1475 3950 enim
1518 3895 1696 3950 virtus
1717 3903 1804 3951 est
1831 3903 1887 3951 et
1920 3910 2024 3951 non
2060 3910 2228 3965 expe-

653 3984 811 4037 tenda
845 3982 1064 4055 gloria),
1095 3984 1336 4039 secundo
1375 3994 1551 4040 tamen
1581 3985 1776 4040 melior
1808 3993 1914 4050 est,
1936 3994 1990 4040 et
2022 3992 2226 4038 tantum

653 4075 721 4129 ab
746 4087 811 4128 eo
845 4075 1032 4140 distat,
1065 4086 1325 4144 quantum
1358 4075 1474 4146 ipse
1511 4090 1541 4130 a
1575 4073 1816 4145 perfecto
1846 4073 2047 4132 deﬁcit.
2087 4073 2228 4141 Quin

653 4162 830 4231 potius
863 4161 907 4216 si
941 4163 1246 4217 accuratius
1273 4178 1386 4217 rem
1413 4163 1594 4218 dicere
1619 4162 1869 4229 velimus,
1901 4176 1968 4216 ne
1988 4163 2228 4218 conferri

655 4251 873 4318 quidem
908 4266 1028 4304 cum
1073 4251 1165 4308 illo
1203 4252 1396 4323 dignus
1423 4262 1541 4318 est,
1579 4253 1668 4324 qui
1701 4253 1833 4308 nihil
1867 4253 1990 4308 boni
2033 4254 2228 4324 egerit,

658 4343 752 4394 sed
783 4340 1008 4410 gloriam
1041 4351 1218 4412 captet
1243 4344 1394 4412 quasi
1423 4344 1551 4412 quid
1578 4345 1769 4414 egerit,
1794 4343 1960 4415 662
1993 4347 2084 4398 sed
2107 4361 2228 4398 cum

2329 3884 2407 3958 μή
2434 3882 2791 3956 ὀρέγεσθαι),
2828 3884 2940 3937 ἀλλ’
2971 3879 3064 3938 οὖν
3106 3899 3168 3951 γε
3201 3881 3294 3935 τοῦ
3338 3881 3591 3951 δευτέρου
3644 3877 3908 3948 κρείττων

2329 3975 2446 4031 ιστί
2470 3992 2483 4006 υ
2521 3976 2617 4029 καὶ
2655 3974 2909 4031 τοσοῦτον
2939 3975 3104 4029 αὐτοῦ
3159 3973 3319 4027 πλέον
3353 3974 3568 4043 ἀπέχει,
3597 3971 3630 4042 ἤ
3655 3972 3780 4024 ὅσον
3808 3965 3904 4020 τοῦ

2329 4067 2536 4122 τελείου
2593 4066 2754 4130 αὐτὸς
2805 4067 3197 4121 ἀπολείπεται’
3256 4064 3457 4135 μᾶλλον
3503 4062 3559 4116 δὲ
3608 4063 3658 4115 εί
3700 4059 3805 4131 χρὴ
3848 4058 3909 4112 τὸ

2331 4159 2560 4232 ἀκριϐὲς
2590 4160 2787 4222 εἰπεῖν,
2815 4159 2934 4211 οὐδὲ
2965 4157 3410 4229 παραϐάλλεσθαι
3438 4156 3574 4226 πρὸς
3606 4156 3811 4208 ἐκεῖνον
3845 4154 3910 4208 ἂν

2331 4252 2418 4323 εἴη
2452 4252 2660 4316 δίκαιος
2682 4291 2698 4317 ,
2735 4252 2826 4305 τὸν
2868 4253 3032 4322 μηδὲν
3064 4250 3166 4318 μὲν
3199 4251 3484 4320 πράξαντα
3519 4247 3786 4320 χρηστὸν,
3814 4247 3912 4316 τῆς

2332 4345 2388 4398 δὲ
2417 4345 2509 4397 ἐπὶ
2541 4343 2622 4416 τῷ
2660 4343 3005 4413 πεπραχέναι
3037 4343 3526 4412 ἀντιποιησὰμενον
3555 4339 3710 4410 δόξης
3729 4381 3746 4406 ,
3777 4337 3912 4393 ἀλλὰ

661 4430 754 4484 illo
781 4430 874 4498 qui
913 4439 968 4484 et
995 4430 1192 4498 aliquid
1238 4435 1491 4502 gesserit,
1523 4443 1577 4488 et
1603 4435 1826 4504 gloriam
1859 4451 1980 4503 quae
2001 4451 2064 4490 ex
2092 4435 2231 4488 facto

2336 4433 2472 4504 πρὸς
2512 4435 2743 4496 ἰκτῖνον,
2777 4435 2871 4485 τὸν
2908 4432 3004 4484 καὶ
3035 4431 3356 4504 πεπραχότα
3379 4471 3393 4494 ,
3428 4427 3519 4484 καὶ
3553 4430 3654 4499 τῆς
3698 4430 3792 4481 ἐπὶ
3835 4426 3912 4498 τῷ

662 4523 907 4593 sequitur
948 4533 1278 4583 contemnat.

1055 4625 1471 4682 CCCXXXVIH.
1499 4657 1568 4667 -—
1620 4627 1847 4682 ElltEM.

2267 4502 2307 4554 ί)
2338 4502 2680 4594 πεπραχέναι
2713 4502 3202 4593 καταφρονήσαντα
3233 4520 3409 4590 δόξης.

2812 4631 2986 4684 TAH'.
3022 4662 3092 4671 —
3132 4632 3217 4702 To
3254 4629 3450 4699 ΛΥΤῼ.

1671 4719 2061 4790 Μεγαλοψυχία
2089 4731 2135 4775 et
2165 4722 2446 4793 φιλοτιμία
2470 4726 2595 4792 quid
2632 4725 2902 4790 lli/ferant.

740 4826 852 4882 Nnn
884 4839 988 4892 est,
1024 4839 1081 4881 ut
1125 4827 1290 4889 ditis,
1339 4827 1562 4881 ambitio
1607 4828 1934 4897 honorisque
1969 4828 2239 4898 appetitus

2417 4829 2530 4881 Οὐκ
2574 4828 2686 4881 ἔστι
2726 4827 3098 4898 μεγαλοψυχία
3140 4830 3170 4898 ἡ
3211 4827 3516 4897 φιλοτιμία,
3558 4825 3632 4888 ὡς
3671 4822 3825 4893 ἔφης·
3881 4824 3911 4889 ἦ

669 4918 1362 4988 magnanimitasqnmdam.
1395 4919 1515 4971 Ilaec
1539 4919 1679 4971 enim
1703 4919 1864 4971 ardua
1891 4917 2236 4988 dilIiciliaque

2350 4919 2448 4988 μὲν
2477 4919 2585 4990 γὰρ
2619 4920 2796 4971 πάντα
2832 4918 2930 4988 μὲν
2958 4918 3025 4971 τὰ
3053 4917 3286 4989 δυσχερῆ
3322 4915 3583 4985 γενναίως
3602 4955 3617 4981 ,
3653 4914 3835 4968 πάντα
3862 4911 3915 4966 δὲ

673 5027 932 5084 generose
960 5051 974 5074 ,
1047 5021 1288 5078 qqune'
1319 5010 1454 5062 alios
1502 5011 1685 5062 inﬂare
1738 5010 1911 5063 solent
1957 5010 2232 5064 moderate

678 5103 802 5158 fert.
848 5102 1083 5155 Ambitio
1109 5101 1335 5166 gloriam
1383 5101 1645 5155 duntaxat
1691 5103 1928 5170 reSpicit.
1966 5102 2241 5171 Magnani-

678 5192 838 5245 mitas
869 5206 992 5245 vero
1024 5185 1124 5244 sibi
1161 5190 1387 5257 suilicit,
1420 5192 1631 5244 tametsi
1668 5191 1910 5245 laudetur
1944 5208 1970 5244 a
2009 5193 2242 5246 nemine.

678 5281 770 5335 llla
802 5282 1241 5352 nisiJaudatorcs
1270 5285 1483 5348 habeat,
1513 5284 1582 5335 nil
1623 5283 1754 5336 recti
1781 5280 1929 5336 facit.
1956 5284 2077 5338 ΙΙωο
2107 5299 2246 5348 csse,

2347 5008 2415 5062 τὰ
2454 5012 2582 5074 τοὺς
2619 5012 2812 5074 ἄλλους
2846 5009 3101 5077 φυσῶντα
3137 5009 3370 5080 μετρίως
3409 5007 3597 5076 φέρει·
3631 5007 3664 5076 ή
3694 5004 3753 5058 δὲ
3782 5003 3912 5075 πρὸς

2347 5100 2503 5165 δόξαν
2556 5103 2716 5170 μόνον
2761 5104 2883 5173 ὁρᾷ.
2939 5101 3048 5154 Καὶ⁸
3106 5103 3138 5172 ὴ
3183 5101 3278 5170 μὲν
3323 5100 3572 5170 ἀρκεῖται
3618 5098 3784 5168 ἑαυτῇ
3823 5095 3912 5148 καὶ

2349 5193 2576 5261 μηδενός
2619 5194 2999 5255 ἐπαινοῦντος,
3037 5195 3069 5264 ἡ
3105 5193 3161 5244 δὲ
3203 5191 3296 5245 ἐὰν
3344 5192 3416 5263 μὴ
3452 5191 3552 5263 ἔχῃ
3583 5189 3708 5253 τοὺς
3743 5190 3912 5256 ἐγκω-

2351 5283 2672 5352 μιάζοντας,
2705 5285 2824 5338 οὐδὲ
2873 5286 3035 5339 καλόν
3083 5303 3131 5338 τι
3167 5285 3286 5355 δρᾷ.
3334 5284 3392 5338 ’11
3433 5284 3530 5354 μὲν
3579 5277 3752 5346 εἶναι,
3795 5277 3910 5349 ἠδὲ

679 5371 765 5426 illa
801 5387 926 5426 Vero
956 5375 1124 5427 videri
1158 5375 1358 5444 optima
1395 5376 1560 5444 cupit.
1594 5374 2008 5445 Magnanimitas
2051 5377 2236 5429 bonum

2346 5376 2522 5429 δοκεῖν
2556 5378 2751 5450 ἀρίστη
2790 5377 3056 5448 βούλεταν
3093 5380 3125 5450 ή
3179 5377 3277 5444 μὲν
3323 5376 3390 5429 δι’
3425 5375 3558 5429 αὐτὸ
3597 5374 3658 5427 τδ
3690 5371 3906 5441 ἀγαθὸν,

682 5461 853 5532 Ipsum
882 5466 1104 5533 cxpctit,
1129 5465 1213 5519 illa
1243 5481 1371 5521 vero
1392 5465 1600 5520 laudem
1625 5477 1830 5522 tantum
1852 5464 2244 5535 complectitur.

2350 5468 2383 5536 ή
2409 5467 2463 5520 δὲ
2493 5467 2580 5521 διὰ
2610 5470 2776 5539 τιμήν
2803 5470 3125 5537 ἀσπάζεταιι
3159 5472 3190 5516 ἢ
3222 5469 3317 5536 μὲν
3341 5469 3641 5540 εὐεργετεῖ,
3669 5465 3886 5536 μέγιστα

1773 5618 2004 5675 vanu:
2043 5581 2425 5680 I.l£C'llONES
2462 5624 2550 5682 ET
2600 5621 2830 5680 Noras.

864 5770 987 5821 Cod.
1018 5772 1118 5823 λιι.
1150 5772 1343 5822 ottzil'it
1383 5777 1471 5836 me.
1507 5771 1720 5826 Γιιςςικ.
