4122 6448
223 417 358 485 1533

1048 412 1586 475 L'PISTOLARUM
1626 413 1774 473 LIB.
1815 414 1883 474 V.
1908 438 1976 448 -
2015 413 2256 477 EPIST.
2292 414 2612 478 CCCXLII.

3358 400 3499 474 1534

221 525 360 583 εἶνει
391 525 578 595 χρῆμα
612 523 709 595 τὴν
739 525 988 578 εὐποιΐαν
1022 524 1301 596 ἡγουμένη
1329 543 1343 556 ο
1377 526 1411 596 ἡ
1437 525 1495 579 δὲ
1525 524 1615 580 διὰ
1643 524 1802 592 δόξαν
1835 542 1876 596 Α
1911 524 1918 579 1

1911 523 2036 581 Ιῐιιτο
2066 527 2205 581 bene
2237 535 2498 591 meretur,
2522 525 2818 582 maximum
2864 537 2986 579 esse
3044 522 3246 578 bonum
3291 517 3500 574 beneﬂ-

217 617 375 670 ἑλεεϊ.
408 615 549 667 Ὅσα
584 610 678 668 οὖν
709 615 974 688 κρείττων
998 616 1027 667 ὁ
1055 614 1216 677 αὐτὸς
1249 616 1310 668 τὸ
1334 615 1538 684 ἀγαθὸν
1568 615 1638 668 δι’
1668 614 1799 668 αὐτὸ

215 706 356 776 δρῶν
386 704 482 759 τοῦ
513 704 748 775 δρῶντος
780 706 901 776 μὲν,
943 705 1035 758 ἐπὶ
1083 705 1264 776 μισθῷ
1300 706 1358 760 δὲ
1387 705 1548 760 τοῦτο
1581 705 1801 759 ποιοῦν-

215 811 312 858 τος
339 834 354 858 ,
384 793 638 848 τοσοῦτον
671 795 766 848 καὶ
797 796 828 863 ἡ
859 793 1235 863 μεγαλοψυχία
1256 793 1358 862 τῆς
1389 793 1723 862 φιλοτιμίας,
1756 792 1804 843 εί

217 885 318 939 καὶ
339 885 488 940 δοκεῖ
522 885 591 939 τὰ
620 884 761 939 αὐτὰ
788 885 944 956 δρᾷν,
977 885 1305 954 διενήνοχεν.
1671 863 1682 876 ’

529 1102 701 1159 mea
727 1134 795 1145 —
821 1102 1094 1172 ΣΕΡΗΝῼ
1120 1100 1487 1171 Temoan

1909 620 2143 674 centiam
2169 628 2305 676 rata.
2332 620 2568 676 Ambitio
2589 619 2762 672 laudis
2784 626 2989 672 tantum
3007 629 3170 670 causa
3191 613 3500 666 miseretur.

1912 712 2126 778 Quanto
2174 711 2342 783 igitur
2374 719 2601 782 prastat
2638 711 2839 765 bonum
2875 722 2971 778 per
3027 721 3086 761 se
3114 719 3304 773 agens,
3338 715 3501 770 quam

1908 818 2074 875 agens
2123 803 2363 871 quidem,
2414 802 2510 856 sed
2569 800 2843 854 mercedis
2893 797 3067 868 gratia
3108 805 3341 847 tantum.
3385 789 3503 843 Ma-

1905 895 2237 966 gnanimitas
2299 895 2482 966 gloriae
2533 893 2714 948 studio
2786 889 3002 945 tametsi
3078 886 3262 941 facere
3313 884 3502 938 eadem

1910 986 2181 1052 videatur,
2214 985 2372 1055 longe
2401 983 2704 1040 antecellit.

2122 1091 2504 1150 CCCXXXIX.
2537 1123 2609 1134 —
2633 1089 2910 1149 SERENO
2957 1084 3285 1143 TRIBUNO.

1066 1197 1375 1251 llumilitati
1407 1200 1585 1249 danda
1610 1206 1686 1250 est
1711 1210 1902 1266 opera.
1930 1192 2118 1266 (Conf.
2155 1193 2310 1261 epist.
2341 1191 2470 1256 127,
2498 1188 2648 1246 ιδῃ

286 1308 352 1362 El
390 1307 569 1362 πάντα
619 1306 688 1361 τὰ
732 1306 974 1377 ὀνόματα
1017 1307 1084 1360 τά
1127 1307 1192 1376 τῇ
1240 1303 1362 1374 θεία
1413 1307 1510 1358 καὶ
1535 1305 1802 1374 ἀκηράτῳ

212 1400 633 1471 περιαπτόμενα
666 1396 862 1467 φύσει,
901 1396 1222 1468 ὑπερϐαίνει
1266 1397 1334 1450 τά
1367 1396 1543 1468 μέτρα
1576 1395 1680 1466 τῆς
1709 1397 1806 1448 ἀν·-

213 1491 570 1562 θρωπότητος
589 1529 603 1555 ,
635 1490 692 1543 ὲν
724 1488 803 1559 τῷ
836 1486 980 1542 κατά
1010 1486 1173 1558 φύσιν
1205 1489 1337 1560 ἡμῖν
1375 1491 1470 1543 καὶ
1497 1488 1712 1560 δυνατῷ
1743 1489 1805 1543 τὸ

214 1580 376 1634 Θεῖον
413 1579 1188 1653 μιμεῖσθαιπρεπωδέστατον.
1225 1580 1290 1632 Τί
1331 1580 1388 1633 δὲ
1416 1580 1576 1634 τοῦτό
1615 1583 1800 1647 tactv;

221 1660 290 1724 Ἠ
337 1670 828 1741 ταπεινοφροσύνη.
873 1669 938 1721 Τί
973 1670 1080 1741 γὰρ
1117 1669 1316 1740 ἔχομεν
1359 1672 1602 1732 τοιοῦτο,
1639 1671 1668 1724 ὃ
1708 1673 1803 1724 καὶ

213 1759 418 1830 ἐπᾶραι
450 1759 597 1829 ἡμᾶς
636 1759 718 1821 είς
754 1759 1070 1821 ἀλαζονείαν
1118 1759 1292 1813 δεινὸν
1343 1761 1608 1832 ὑπάρχει;
1658 1762 1804 1815 κατά

216 1850 316 1919 μὲν
343 1848 434 1900 τὸν
467 1848 836 1919 πατριάρχην,
881 1866 900 1899 ι
926 1846 1001 1921 Γῆ
1036 1850 1204 1920 ἐσμεν
1231 1851 1324 1903 καὶ
1354 1851 1546 1914 σποδός
1565 1867 1577 1880 ·
1609 1870 1626 1900 ι
1663 1849 1804 1905 κατά

214 1938 272 1992 δὲ
296 1938 396 2010 τὴν
419 1937 738 2009 νομοθέτην,
769 1938 941 2008 χοῦςσ
973 1942 1068 1994 καὶ
1098 1941 1240 1994 κατὰ
1276 1942 1376 2012 μὲν
1401 1941 1496 1994 τὸν
1522 1941 1800 2011 Μελῳδὸν,

214 2031 346 2084 ποτὲ
400 2031 497 2101 μὲν
545 2030 835 2100 σκώληξ,
885 2033 1019 2085 ποτὲ
1067 2033 1124 2086 δὲ
1169 2034 1403 2102 χόρτος·
1456 2034 1600 2087 κατά
1651 2034 1708 2086 δὲ
1743 2034 1804 2086 τὸ

213 2121 409 2186 σκεῦος
446 2124 544 2194 τῆς
591 2123 850 2193 ἐκλογῆς.
892 2126 1292 2194 ταλαιπωρίαν
1329 2122 1411 2190 οἷς
1455 2130 1566 2197 γὰρ
1607 2127 1801 2178 ἑαυτὸν

210 2210 533 2280 οίκτίζεται,
560 2215 743 2283 πάσης
766 2216 865 2286 τῆς
888 2216 1307 2288 ἀνθρωπότητος
1334 2217 1799 2288 καταψηφίζεται.

95 2339 97 2346 1
211 2305 368 2358 Διατί
399 2305 473 2378 μὴ
503 2307 561 2359 ὲν
596 2299 640 2374 ᾧ
669 2307 702 2376 ή
732 2309 832 2377 τῆς
882 2307 1098 2376 φύσεως
1137 2311 1288 2378 ἡμᾶς
1325 2310 1543 2377 ἀνάγκη
1583 2310 1804 2378 κατείρ-

213 2413 323 2463 γει,
354 2398 412 2448 ὲν
440 2397 619 2468 τούτῳ
692 2417 710 2448 ι
743 2399 848 2450 Τὸν
875 2402 933 2452 ὲν
975 2403 1160 2472 μορφῇ
1202 2401 1336 2453 θεοῦ
1365 2401 1678 2471 ὑπάρχοντα
1707 2401 1803 2454 καὶ

213 2487 410 2540 ἑαυτὸν
451 2488 864 2543 ταπεινώσαντα
897 2491 1291 2562 μιμησώμεθα.
1330 2510 1349 2542 ι
1396 2493 1584 2546 Πᾶσαν
1620 2491 1803 2544 τοίνυν

213 2577 370 2641 παρὰ
399 2577 562 2646 φύσιν
608 2581 741 2650 ἡμῖν
785 2581 1139 2650 ὑπάρχουσαν
1170 2581 1481 2653 φλεγμονὴν
1509 2582 1802 2636 καταστεί-

1979 1303 2115 1360 Cum
2151 1304 2367 1359 nomina
2424 1303 2677 1356 universa
2730 1298 2926 1352 divina-
2983 1306 3246 1364 purteque
3298 1299 3505 1343 natura:

1912 1399 2171 1454 attributa
2202 1397 2452 1450 humana:
2486 1401 2743 1464 superent
2784 1386 3112 1445 conditionis
3153 1398 3501 1448 mensuram,

1913 1491 1967 1544 in
1994 1505 2102 1544 uno
2131 1495 2498 1559 congruenter
2548 1496 2757 1540 natura:
2801 1491 2858 1538 et
2897 1481 3108 1535 viribus
3138 1479 3342 1532 nostris
3373 1475 3506 1530 divi-

1915 1597 2044 1638 num
2085 1595 2284 1634 numen
2312 1595 2415 1634 nos
2442 1575 2642 1632 imitari
2673 1575 2910 1630 maxime
2940 1573 3115 1628 decet.
3142 1570 3284 1638 Quid
3317 1577 3502 1623 autem

1911 1671 2052 1727 istud
2086 1669 2213 1727 est?
2263 1669 2445 1725 Animi
2502 1666 2817 1723 submissio.
2870 1664 3012 1731 Quid
3045 1664 3192 1718 enim
3239 1660 3506 1716 habemus

1909 1763 2179 1834 ejusmodi
2211 1763 2356 1832 quod
2382 1759 2650 1815 extollere
2674 1773 2772 1813 nos
2792 1758 2858 1812 ad
2887 1754 3260 1822 arrogantiam
3285 1750 3506 1806 valeat?

1905 1866 1966 1912 ut
2018 1854 2336 1926 patriarcha
2381 1852 2658 1907 Abraham
2706 1849 2785 1905 ait
2842 1866 2856 1904 :
2928 1865 2947 1898 ι
2985 1846 3156 1901 Terra
3213 1857 3404 1900 sumus
3448 1850 3505 1897 et

1907 1948 2044 2003 cinis
2067 1946 2149 2012 ⁶¹;
2189 1965 2208 1998 ι
2255 1955 2316 1999 ut
2348 1959 2478 1999 vero
2520 1942 2800 2014 Iegislator
2842 1939 2919 1994 ait
2952 1937 3122 2007 pulvis
3142 1936 3225 2004 ";
3269 1944 3323 1990 et
3351 1933 3503 2002 juxta

1905 2042 2148 2097 Psaltem
2202 2041 2410 2118 regium
2451 2055 2466 2092 :
2512 2034 2710 2090 Vermis
2763 2041 2815 2088 et
2865 2033 3046 2103 fenum
3093 2029 3171 2096 “;
3219 2026 3503 2083 electionis

1912 2148 2040 2189 vero
2068 2148 2162 2186 vas
2185 2130 2407 2194 Paulus,
2447 2126 2661 2182 miseria
2687 2125 2757 2180 ⁸³.
2802 2123 2884 2199 Ob
2919 2137 3041 2194 quas
3081 2121 3225 2176 enim
3259 2118 3501 2187 scipsum

1912 2221 2228 2285 miseratur,
2271 2207 2640 2284 miserumque
2665 2213 2947 2284 praedicat,
2977 2211 3048 2265 ob
3081 2224 3168 2274 ea,
3202 2217 3260 2262 ct
3288 2209 3356 2262 de
3384 2205 3500 2259 uui-

1912 2324 2070 2364 verso
2119 2322 2320 2378 genere
2371 2308 2610 2362 humano
2663 2302 2890 2372 intelligi
2952 2300 3088 2355 vult.
3133 2295 3502 2364 Quamobrem

1911 2401 2082 2465 illum,
2126 2418 2144 2451 ι
2187 2398 2280 2467 qui
2320 2413 2444 2453 cum
2489 2396 2542 2451 in
2592 2395 2766 2451 forma
2817 2394 2912 2449 Dei
2963 2401 3110 2447 esset
3150 2387 3502 2458 semetipsum

1912 2493 2215 2548 humiliavit
2264 2491 2312 2524 ⁸⁸
2346 2509 2366 2543 ›
2413 2490 2712 2544 imitemur.
2765 2484 2999 2542 Omnem
3057 2483 3240 2552 itaque
3303 2479 3502 2534 fastum

1913 2585 2188 2653 turgidum
2234 2595 2443 2637 naturae
2483 2591 2684 2637 nostra!
2723 2583 3112 2650 repugnantem
3160 2573 3506 2642 abjicieutes,

212 2667 441 2734 λαντες,
490 2667 589 2739 τὴν
637 2670 1160 2739 ταπεινοφροσύνην,
1215 2669 1313 2740 τὴν
1364 2673 1430 2740 τῇ
1491 2671 1651 2738 φύσει
1707 2673 1802 2723 καὶ
1906 2676 1918 2730 1

1909 2674 2270 2730 humilitatem
2367 2681 2577 2727 natura:
2657 2669 3072 2726 convenientem
3114 2706 3130 2732 ,
3239 2663 3509 2734 nobisque

214 2758 666 2829 συνυπάρχουσαν
696 2763 789 2813 καὶ
821 2760 1119 2830 σύντροφον
1145 2763 1496 2832 ἀσκήσωμεν.
1908 2782 1918 2818 ι

1909 2773 2195 2836 cognatam
2231 2777 2608 2820 exerceamus.

675 2867 812 2924 Τιιο.
844 2898 914 2907 -
951 2869 1338 2940 ΜΑΡΚΙΑΝῼ.

2320 2869 2569 2928 CCCXL.
2599 2899 2669 2910 —
2699 2864 3073 2924 MARCIANO.

1079 2963 1396 3039 Adhortntio
1423 2965 1593 3033 qualis
1621 2982 1736 3021 esse
1767 2966 1974 3026 debeat.
1998 2966 2244 3039 (Confer.
2277 2967 2435 3034 epist.
2471 2963 2625 3036 290.)

282 3069 548 3124 Δύσκολον
582 3065 722 3125 εἷναί
757 3087 848 3142 μοι
875 3071 1043 3137 δοκεῖ,
1074 3073 1166 3124 τόν
1206 3073 1580 3142 παραινοῦντα
1632 3074 1708 3144 τῷ
1760 3075 1796 3129 ἀ

1978 3077 2241 3146 Equidem
2282 3073 2504 3130 difﬁcile
2558 3074 2752 3144 opinor
2815 3071 3086 3125 hortando
3138 3069 3205 3123 ad
3254 3083 3317 3122 ea
3383 3081 3505 3135 quas

213 3157 293 3229 μὴ
318 3157 476 3226 θέμις
502 3156 740 3229 δρῶντι,
774 3158 848 3228 μὴ
887 3160 966 3220 είς
993 3160 1264 3230 ἀπρεπεῖς
1303 3163 1568 3232 ἐμπεσεῖν
1599 3163 1678 3236 (6)
1712 3165 1771 3216 λό
1791 3193 1802 3203 -
1831 3155 1872 3210 C
1911 3172 1918 3220 Ι

1911 3171 2053 3224 factu
2085 3167 2262 3230 nefas,
2293 3182 2398 3221 non
2433 3166 2678 3220 incidere
2710 3165 2762 3219 in
2810 3165 3126 3219 indecorant
3170 3161 3503 3215 orationem.

209 3264 373 3315 γουςο
406 3247 443 3302 ἀ
478 3249 588 3321 γὰρ
623 3248 700 3320 μὴ
733 3249 1000 3320 πράττειν
1030 3251 1218 3322 θέμις,
1255 3252 1377 3308 οὐδὲ
1408 3253 1590 3323 λέγειν
1617 3254 1798 3326 Θέμις.
1901 3258 1918 3322 ί

1909 3258 2031 3326 Quae
2068 3259 2212 3314 enim
2246 3258 2426 3313 facere
2459 3272 2564 3310 non
2595 3256 2741 3322 licet,
2774 3256 2961 3310 dicere
3012 3267 3118 3307 non
3183 3251 3334 3307 licet.
3363 3249 3505 3316 Quid

209 3339 280 3393 Τί
326 3336 419 3394 οὖν
459 3341 748 3412 nomn-50v;
784 3342 883 3396 "Av
935 3343 1036 3414 μὲν
1082 3344 1192 3416 γάρ
1225 3345 1442 3416 σεμνῶς
1491 3348 1652 3420 εῐπῃς
1679 3386 1695 3412 ,
1735 3349 1796 3401 οὗ
1903 3352 1915 3404 i

1909 3352 2069 3422 igitur
2103 3347 2250 3403 facto
2282 3347 2460 3418 opus?
2494 3345 2548 3399 Si
2585 3348 2729 3400 enim
2763 3343 3005 3414 graviter
3027 3341 3157 3413 quid
3188 3339 3366 3402 dicas,
3395 3351 3505 3394 non

208 3430 416 3502 δυνήσῃ
455 3431 805 3501 καθάψασθαι
849 3433 945 3489 τοῦ
981 3435 1166 3508 ὲνόχου
1210 3440 1324 3504 τοῖς
1368 3439 1686 3512 λεγομένοις
1713 3440 1804 3496 ὃν-
1902 3457 1918 3511 1

1909 3440 2115 3511 poteris
2169 3455 2293 3495 eum
2339 3438 2428 3509 qui
2483 3452 2609 3492 reus
2636 3446 2740 3504 est,
2789 3435 2951 3490 dictis
3005 3433 3398 3502 perstringere.
3443 3427 3503 3482 Si

207 3537 322 3584 τος·
350 3521 416 3574 ἂν
440 3522 497 3575 δὲ
529 3522 848 3596 βουληθείης
875 3525 1197 3582 καθικέσθαι
1226 3531 1476 3602 σφοδρῶς
1499 3573 1515 3599 ,
1552 3531 1802 3605 ἀνάγκην
1905 3550 1918 3584 ι

1909 3535 2258 3589 vehementer
2306 3533 2593 3602 insurgere
2647 3531 2927 3596 volueris,
3006 3526 3376 3582 insinuatione
3420 3533 3506 3576 est

206 3611 354 3682 ἔχεις
398 3613 757 3696 ἀπαμφιάσαι
783 3657 798 3681 ,
845 3620 941 3696 καὶ
981 3618 1041 3671 τὸ
1086 3620 1503 3692 παραπέτασμα
1555 3624 1790 3680 ἀνελεῖν.
1899 3640 1918 3679 (

1909 3639 2036 3695 opus
2069 3664 2084 3688 ,
2144 3633 2202 3678 et
2257 3623 2566 3679 velamento
2633 3621 2917 3676 utendum.
2985 3617 3266 3673 Laudatur
3319 3617 3507 3683 itaque

205 3701 301 3755 Διὸ
351 3694 460 3756 καί
495 3705 794 3760 ἐπαινεῖται
825 3694 874 3760 δ’
898 3709 1140 3778 είρηκώς
1166 3727 1182 3742 ο
1220 3729 1239 3762 ι
1274 3711 1588 3782 Φοδοῢμαι,
1630 3713 1706 3784 μὴ
1727 3712 1796 3768 τὰ
1904 3729 1918 3768 ι

1909 3694 2156 3785 quisquis
2178 3713 2317 3768 dixit
2353 3730 2368 3768 :
2411 3733 2429 3764 ι
2475 3712 2682 3767 Vereor
2711 3728 2797 3777 ne,
2844 3713 2888 3766 si
2921 3726 3042 3781 qua:
3077 3708 3411 3764 conveniunt
3437 3706 3506 3760 de

206 3795 558 3862 προσήκοντα
607 3795 739 3865 περὶ
784 3795 876 3848 σοῦ
923 3796 1120 3865 λέγων,
1174 3800 1258 3863 είς
1305 3800 1368 3853 οὐ
1418 3803 1797 3872 προσήκοντας
1905 3813 1918 3857 t

1909 3813 1958 3859 te
2005 3804 2222 3868 dixero,
2262 3818 2349 3859 me
2400 3803 2620 3873 indigna
2696 3804 2873 3857 dicam
2925 3801 2995 3857 ⁸⁷.
3033 3818 3053 3852 ι
3104 3799 3277 3854 Media
3337 3797 3506 3868 igitur

207 3883 433 3953 ἐμαυτῷ
456 3885 648 3952 λόγους
671 3886 914 3955 ἐμπέσω.
949 3906 967 3939 ι
999 3888 1210 3943 Οὐκοῦν
1237 3891 1408 3963 μέσην
1433 3893 1559 3945 τινά
1613 3892 1800 3964 χώραν
1900 3909 1918 3965 ε

1909 3893 2257 3965 gradiendum
2310 3902 2396 3950 est
2442 3895 2571 3960 via,
2622 3910 2690 3950 ne
2737 3894 2861 3963 quis
2920 3893 3127 3963 pudore
3185 3889 3501 3954 adiciatur,

206 3971 524 4043 βαδιστέον,
573 3974 639 4027 δι’
667 3970 735 4048 ἦς
799 3977 936 4047 μήτε
987 3978 1181 4032 ἑαυτόν
1228 3995 1315 4043 τις
1355 3980 1589 4055 αἰσχύνῃ
1622 3980 1800 4050 λέγων
1902 4002 1918 4040 ‹

1909 3986 2137 4042 dicendo
2186 4001 2311 4058 quae
2361 4000 2470 4041 non
2520 3995 2780 4056 oportet,
2839 3999 3016 4056 neque
3070 3983 3230 4040 alteri
3288 3982 3501 4038 inutilia

202 4062 242 4119 ἃ
277 4063 350 4134 μὴ
387 4064 503 4129 δεῖ,
545 4066 680 4137 μήτε
715 4068 923 4120 ἐκεῖνον
953 4069 1204 4139 ἀνωφελῆ
1239 4072 1570 4143 καταλείψῃ.
1902 4087 2168 4132 assumat.
2795 4121 2808 4129 ς

525 4173 707 4230 TMA'.
762 4206 832 4217 —
880 4179 1141 4251 ΕΡΜΙΝῼ
1181 4182 1478 4235 ΚΟΜΗΤΙ.

2081 4188 2247 4260 633
2296 4186 2564 4245 cccxu.
2595 4217 2669 4229 -
2698 4185 3008 4244 HERMINO
3039 4184 3298 4243 conm.

1161 4274 1300 4332 Boni
1330 4277 1543 4334 invidia
1570 4278 1805 4336 obnoxii.
1839 4281 2023 4355 (Cani.
2055 4287 2210 4355 epist.
2236 4285 2308 4341 29
2333 4288 2380 4340 ἐι
2409 4282 2562 4357 39.0.)
3173 4277 3178 4281 ’

282 4377 516 4432 Είώθασι
554 4378 739 4434 πολλοὶ
779 4380 859 4453 τῷ
888 4383 953 4436 ὲκ
991 4384 1091 4456 τῆς
1132 4386 1272 4455 ἄγαν
1301 4387 1504 4460 ἀρετῆς
1530 4388 1805 4462 λαμπρυ-
1827 4463 1842 4465 Α

1971 4392 2422 4465 Solentplerique
2453 4396 2502 4449 ei
2534 4395 2797 4460 invidere,
2835 4393 2926 4464 qui
2960 4391 3157 4446 virtute
3186 4392 3258 4446 sit
3287 4389 3494 4458 clarus,

205 4469 419 4539 νομένῳ
448 4468 684 4538 φθονεῖν,
730 4473 946 4544 ἐπαχθῆ
991 4475 1102 4549 γὰρ
1127 4478 1222 4532 καὶ
1261 4481 1520 4551 φορτικὸν
1548 4480 1786 4552 ήγούμε-
1821 4463 1862 4519 D
1893 4495 1918 4533 r

1909 4479 1996 4534 'ati
2032 4463 2406 4537 molestutniet
2459 4463 2863 4537 intolerabilem
2915 4495 3039 4535 esse
3091 4494 3214 4534 eum
3258 4480 3350 4550 qui
3379 4493 3488 4536 non
3566 4511 3569 4516 ν

204 4578 284 4615 νοι
314 4560 404 4613 τὸν
436 4562 510 4632 μὴ
557 4562 627 4617 τὰ
671 4564 815 4618 αὒτά
845 4569 959 4632 τοῖς
1012 4569 1196 4634 αὐτοῖς
1243 4571 1480 4645 δρῶντα,
1526 4573 1642 4627 ἀλλ’
1677 4574 1788 4628 ἀπὺ
1895 4585 1918 4624 ε

1909 4571 2086 4625 eadem
2117 4586 2237 4641 qua:
2280 4573 2383 4642 ipsi
2415 4582 2582 4644 agat,
2635 4574 2730 4628 sed
2765 4572 3094 4643 optimorum
3139 4571 3494 4642 prmrogativa

200 4653 312 4706 τῶν
367 4653 670 4709 καλλίστων
713 4661 1026 4730 προνομίων
1079 4661 1530 4733 ἐναϐρυνόμενον,
1572 4665 1668 4720 ἆτε
1695 4666 1788 4719 τὸν
1897 4680 1918 4733 tt

1909 4664 2246 4732 gloriantem,
2274 4666 2446 4736 quasi.
2468 4665 2685 4720 illorum
2708 4666 2874 4721 vitam
2903 4666 3288 4735 reprehendat,
3323 4665 3496 4721 male-

203 4742 356 4814 σφῶν
410 4741 524 4813 βίον
583 4745 896 4816 ἐλέγχοντα,
949 4751 1070 4813 ταῖς
1127 4753 1495 4823 κακηγορίαις
1541 4754 1639 4809 καὶ
1663 4757 1788 4820 ταῖς
1896 4757 1918 4810 d

1909 4755 2055 4810 lictis
2083 4767 2246 4826 atquc
2276 4757 2488 4812 insidiis
2532 4767 2758 4828 petunt,
2791 4773 2955 4829 quem
2989 4756 3185 4813 imitari
3217 4755 3395 4829 potius
3424 4771 3492 4813 ac

199 4833 515 4896 ἐπιϐουλαῖς
542 4834 849 4906 βάλλουσιν,
896 4838 956 4894 δν
1003 4842 1098 4895 καὶ
1125 4843 1324 4912 ζηλοῦν
1351 4843 1447 4898 καὶ
1474 4846 1779 4915 στεφανοῦν
1895 4863 1918 4903 c

1909 4848 2210 4905 :ollaudare
2240 4852 2549 4921 oportebat.

197 4925 450 4998 ὤφειλον.

445 5019 626 5076 TMB’.
662 5052 733 5064 --
784 5021 1211 5095 ΑΝΔΡΟΜΑΧῼ
1239 5025 1535 5085 ΚΟΜΗΤΙ.

2080 5030 2370 5089 CCCXL".
2406 5064 2476 5076 --
2506 5031 2990 5090 ANDROMACHO
3045 5032 3304 5092 COMITI.

943 5116 1150 5191 Religio
1173 5137 1277 5175 non
1303 5125 1680 5180 contemnenda
1705 5143 1769 5181 ex
1789 5129 2049 5198 perversis
2081 5130 2443 5198 proﬁtentium
2475 5130 2738 5186 moribus.

270 5226 409 5281 Δίαν
465 5228 564 5296 τῆς
618 5231 716 5299 σῆς
784 5232 1238 5304 καταψηφίζομαι
1294 5235 1645 5307 ἀϐελτηρίας,
1698 5240 1779 5294 ὅτι

195 5318 299 5375 οὐκ
330 5318 497 5390 αὐτὴν
520 5319 639 5373 καθ’
679 5323 874 5392 ἑαυτὴν
905 5324 1078 5394 κρίνει
1131 5327 1226 5397 τὴν
1267 5326 1419 5381 θείαν
1450 5328 1770 5399 θρησκείαν,

1962 5235 2224 5307 Equidem
2287 5249 2434 5293 tuam
2495 5254 2827 5307 magnopere
2889 5240 3088 5292 damno
3149 5236 3430 5291 vesaniam
3469 5275 3488 5299 ,

1895 5335 2038 5402 quod
2097 5335 2267 5404 ipsam
2310 5349 2419 5388 non
2460 5349 2527 5388 ex
2573 5349 2632 5387 se
2673 5332 2880 5402 iudicet
2929 5332 3270 5401 religionem,
3300 5330 3392 5385 sed
3423 5339 3490 5383 ex

233 5458 626 5558 :_(.;en.;.“'.”.’
773 5474 817 5507 ⁸³
847 5475 980 5532 Gen.
1025 5493 1106 5544 ιιι,
1161 5479 1247 5534 19.
1290 5480 1335 5512 ⁸⁸
1370 5479 1508 5536 Psal.
1537 5498 1650 5549 xxi,
1687 5483 1742 5538 6.
1786 5484 1834 5517 ⁸³
1865 5485 1918 5538 [tl

1913 5501 2023 5540 om.
2062 5501 2157 5550 vn,
2188 5485 2279 5543 ‘24.
2372 5487 2418 5518 "
2452 5484 2663 5558 Philipp
2709 5502 2768 5552 Il,
2824 5486 2879 5541 6.
2965 5487 3009 5520 ⁸⁷
3047 5486 3226 5544 Cicer.
3278 5485 3373 5544 lib.
3405 5501 3486 5553 ιιι,

106 5593 109 5595 η
197 5539 356 5608 epist.
407 5540 495 5604 22,
539 5544 614 5594 Ad
650 5548 774 5598 iam.

1311 5663 1534 5718 VARl/E
1575 5663 1959 5721 LECTIONES
1996 5666 2082 5722 ET
2121 5670 2358 5729 NUT/E.

265 5801 346 5874 (θ)
377 5803 417 5858 Ε
448 5809 662 5877 regione
714 5813 973 5881 ἐμπεσεῖν
1007 5819 1164 5871 ambo
1191 5818 1346 5874 codd.
1396 5822 1446 5875 in
1484 5803 1723 5897 margine
1766 5828 1918 5883 scrib:

1915 5828 2001 5881 uiti
2037 5831 2327 5900 ἐμπίπτειν
2368 5832 2582 5892 POSSIN.
