4122 6434
741 395 875 461 1535

1923 382 1984 442 S.
2025 376 2318 440 ISIDORI
2355 373 2790 436 DELUSIO'I‘zE

3827 366 3950 433 15³36

737 504 1091 576 quorumdam
1150 499 1381 569 nequitia
1461 511 1580 551 eam
1635 492 1774 548 male
1833 492 2080 558 accipiat.
2161 487 2295 555 Quid

2402 485 2518 539 ἀλλ’
2546 484 2650 538 ὑπὸ
2677 484 2776 554 τῆς
2805 485 2961 536 ἐνίων
2989 482 3248 551 πονηρίας
3291 479 3460 552 αὐτὴν
3491 477 3729 544 κακίζει.
3761 480 3827 533 Τί
3853 482 3951 550 γάρ

740 600 881 650 enim
914 596 998 648 illa
1031 594 1226 661 injuste
1255 592 1398 660 egit,
1430 591 1472 644 si
1506 587 1757 642 Zoslmus
1787 594 1834 638 et
1871 583 2077 646 Maron,
2113 592 2165 636 ιιι
2197 583 2297 645 ais,

742 699 902 756 atque
961 684 1280 740 Eustathius
1341 697 1447 736 non
1499 678 1742 734 audenda
1801 675 2085 738 audentes,
2145 678 2201 725 et
2241 684 2300 724 se

736 777 1005 845 jactautcs
1050 776 1114 828 de
1158 775 1244 835 iis.
1274 785 1497 842 quorum
1537 769 1737 838 pudere
1769 780 1866 836 par
1890 771 2055 824 esset.
2084 773 2301 816 omnes-

739 881 844 936 que
873 865 1089 935 flagitiis
1121 864 1428 917 nobilitatos
1457 860 1838 918 obscurantes,
1865 863 1922 909 et
1945 852 2034 921 qui
2069 864 2134 903 ne
2161 849 2301 902 inter

737 957 907 1012 laicos
962 957 1175 1026 quidem
1234 967 1353 1007 csse
1404 949 1681 1010 deberent,
1717 948 1768 1000 iu
1803 944 1947 1000 clero
1981 937 2303 996 videantur?

737 1047 847 1101 Cur
887 1061 990 1101 non
1020 1045 1088 1099 ob
1119 1051 1267 1099 recte
1327 1041 1468 1096 facta
1513 1041 1716 1096 clerum
1757 1034 2050 1104 praedicas,
2093 1034 2186 1086 sed
2231 1028 2301 1083 ob

741 1135 935 1190 delicta
979 1134 1258 1190 traducis?
1297 1133 1604 1201 viderisque
1649 1129 1946 1199 speciosam
1979 1131 2301 1178 consecutus

741 1226 1002 1295 quietem,
1030 1226 1170 1296 quod
1203 1234 1424 1296 prapter
1456 1224 1576 1279 illos
1601 1223 1667 1277 ad
1704 1220 2095 1275 divinissimam
2124 1215 2299 1287 philo-

736 1316 978 1384 snpltiam
1009 1317 1334 1371 contendere
1364 1313 1637 1386 nequeas?
1660 1312 1715 1368 Si
1745 1327 1816 1366 ex-
1842 1312 1906 1366 iis
1924 1325 2043 1379 qua:
2072 1310 2300 1377 liquent,

737 1405 1059 1459 sententiam
1092 1404 1233 1460 ferre
1262 1417 1366 1457 non
1397 1403 1547 1468 libet,
1583 1402 1851 1470 negotium
1873 1415 1966 1468 per
1985 1414 2044 1453 se
2061 1397 2302 1468 expende

735 1504 901 1564 atque
930 1496 1144 1564 explora
1167 1536 1184 1562 ,
1223 1496 1536 1564 videbisque
1571 1494 1728 1548 laude
1763 1492 2002 1562 dignum,
2053 1498 2107 1543 ut
2134 1500 2188 1544 et
2219 1489 2300 1543 di-

739 1585 1025 1640 sertissimi
1062 1595 1331 1648 oratores.
1376 1585 1442 1640 de
1472 1584 1562 1638 illo
1591 1582 1754 1638 verba
1788 1579 1985 1636 facturi
2018 1585 2304 1634 vereantur

735 1675 898 1729 etiam
929 1677 1137 1731 laudem
1171 1677 1288 1746 ejus
1317 1686 1627 1739 contexere.
1660 1689 1776 1745 qum
1808 1673 1977 1743 major
2007 1679 2108 1735 est,
2143 1682 2300 1738 quam

733 1773 793 1820 ut
832 1779 1085 1821 sermone
1121 1775 1282 1834 queat
1314 1766 1592 1835 explicari.
1647 1765 1801 1831 Quod
1831 1763 1874 1819 si
1905 1775 2080 1832 neque
2130 1759 2300 1826 ipsum

2399 577 2584 646 ἐκείνη
2621 576 2897 647 ἠδίκησεν,
2935 576 2983 626 εί
3013 573 3277 643 Ζώσιμος,
3327 573 3419 625 καὶ
3467 570 3696 641 Μάρων,
3728 570 3804 633 ὡς
3830 572 3947 639 φὴς,

2404 667 2496 721 καὶ
2529 665 2826 728 Εὐστάθιος
2876 663 3158 733 άτόλμητα
3194 661 3523 732 τολμῶντες,
3573 658 3950 729 σεμνυνόμενοι

2399 771 2457 807 τε
2485 753 2570 824 ἐφ’
2593 749 2675 818 οἷς
2717 750 3144 822 ἐπαισχύνεσθαι
3193 750 3398 804 δίκαιον
3421 765 3434 778 ·
3471 749 3685 810 πάντας
3729 763 3788 800 τε
3820 747 3947 798 duo-

2400 844 2707 915 κρύψαντες
2761 844 2891 906 τοὺς
2924 841 2998 911 (7)
3049 839 3216 909 κακίᾳ
3265 838 3645 910 βεδοημὲνους,
3699 837 3793 890 καὶ
3827 835 3952 906 μηῶ

2400 933 2458 986 ὲν
2488 936 2598 996 τοῖς
2618 932 2826 995 λαϊκοῖς
2867 926 3004 984 εἶναι
3057 930 3358 998 ὀφείλοντες
3383 930 3464 993 είς
3512 927 3713 997 κλῆρον
3741 924 3949 980 δοκοῦσί

2398 1041 2489 1088 τε;
2545 1023 2644 1078 Διὰ
2698 1023 2751 1076 τί
2781 1022 2838 1075 δὲ
2872 1020 2946 1091 μὴ
3008 1020 3117 1074 ἀπὸ
3170 1021 3277 1074 τῶν
3323 1018 3728 1089 κατορθούντων
3791 1016 3951 1085 αὐτὴν

2401 1113 2815 1185 ὰνακηρύττεις.
2843 1110 2958 1164 ἀλλ’
2994 1110 3102 1164 ἀπὸ
3148 1109 3254 1163 τῶν
3297 1109 3597 1163 πταιόντων
3646 1107 3950 1178 διασύρειςς

2401 1203 2498 1258 καὶ
2520 1202 2696 1264 δοκεῖς
2739 1199 3094 1270 εὐπρόσωπον
3140 1198 3409 1271 ῥαθυμίαν
3442 1196 3838 1269 τεθηρευκέναι
3867 1197 3953 1249 τοῦ

2406 1295 2482 1364 μὴ
2510 1293 2770 1346 δύνασθαι
2817 1292 2885 1345 δι’
2934 1291 3131 1354 αὐτοὺς
3199 1293 3265 1362 τῇ
3332 1291 3580 1362 θειοτάτῃ
3633 1287 3951 1359 προσελθεῖν

2404 1381 2689 1452 φιλοσοφίᾳ
2718 1398 2732 1446 ;
2775 1382 2823 1433 εί
2854 1381 2912 1434 δὲ
2947 1381 3008 1435 οὐ
3045 1379 3223 1450 βούλει
3255 1381 3362 1434 άπὸ
3410 1380 3516 1433 τῶν
3547 1379 3953 1448 διαλαμπόντων

2400 1472 2500 1542 τὴν
2524 1472 2702 1541 ψῆφον
2731 1473 2993 1542 ἐνεργεῖν,
3057 1470 3186 1525 αὐτὸ
3240 1471 3300 1524 τὸ
3354 1473 3583 1542 πρᾶγμα
3625 1469 3750 1525 καθ’
3803 1475 3956 1523 ἑαυτὸ

2404 1559 2691 1629 βασάνισον
2719 1575 2734 1590 ·
2770 1561 2865 1614 καὶ
2900 1561 3020 1632 ὕψει
3045 1560 3176 1616 αὐτὸ
3203 1560 3475 1616 τοσούτων
3497 1561 3734 1625 ἐπαίνων
3786 1560 3950 1626 ἄξιον.

2402 1653 2478 1716 ὡς
2506 1653 2601 1707 καὶ
2627 1654 2752 1717 τοὺς
2782 1653 2901 1708 λίαν
2946 1655 3410 1726 ῥητορικωτάτους
3458 1654 3834 1724 ἀπαγορεῦσαι
3855 1695 3868 1718 ,
3913 1657 3956 1706 εξ

2401 1743 2639 1816 δεήσειεν
2665 1743 2828 1798 αὑτοῦ
2859 1745 3132 1816 ἐγκώμιον
3168 1745 3386 1815 ὑφῆναι.
3416 1743 3617 1807 Μεῖζον
3637 1743 3747 1814 γάρ
3795 1744 3954 1801 ἔστιν,

732 1855 935 1911 clerum
1013 1870 1204 1912 censes
1267 1857 1655 1927 explorandum
1687 1895 1704 1920 ,
1781 1867 1955 1922 neque
2023 1852 2090 1905 de
2147 1849 2301 1904 bouis

2403 1837 2436 1907 ἦ
2465 1836 2542 1898 ὡς
2571 1836 2637 1889 ἂν
2659 1835 2799 1907 λόγῳ
2829 1851 2909 1897 τις
2939 1834 3100 1888 εἴποι.
3145 1835 3206 1888 Et
3232 1833 3289 1888 δὶ
3325 1835 3461 1906 μήτε
3486 1835 3616 1888 αὐτὸ
3655 1834 3733 1904 (8)
3770 1833 3958 1898 ἐξετά-

733 1949 1062 2002 sententtam
1113 1962 1214 2017 pro
1254 1948 1373 2018 ipso
1422 1947 1635 2011 tuleris,
1680 1945 1774 2001 sed
1814 1944 1884 1998 ob
1943 1940 2296 2011 quorumdam

731 2047 976 2105 peccata,
1029 2039 1231 2094 audeas
1273 2038 1552 2102 damnare,
1587 2050 1692 2091 non
1734 2033 1882 2102 iuste
1933 2031 2150 2094 feceris,
2199 2044 2297 2083 nec

731 2125 944 2180 merito.
981 2125 1039 2180 Si
1069 2141 1208 2181 vero
1236 2125 1363 2180 illud
1395 2127 1684 2179 admittens
1729 2122 2024 2191 indigneris
2069 2119 2172 2172 illis
2200 2117 2291 2186 qui

730 2229 834 2268 non
881 2215 1063 2270 debito
1093 2219 1250 2270 modo
1300 2215 1394 2270 illo
1428 2223 1686 2279 utantur,
1738 2212 2002 2283 sapientis
2049 2224 2112 2263 ac
2168 2223 2298 2278 pru-

727 2306 902 2360 dentis
946 2306 1048 2361 viri
1107 2306 1319 2362 laudem
1350 2305 1595 2370 auferes,
1629 2304 2052 2374 delinquentium
2082 2313 2299 2354 errores

729 2397 795 2448 ad
831 2398 1106 2467 negatium
1151 2397 1416 2463 divinum,
1464 2408 1520 2452 et
1564 2397 1768 2466 justum
1803 2410 1909 2449 non
1942 2392 2226 2452 vertendo,
2253 2397 2307 2443 ct

730 2489 993 2543 ultionem
1050 2489 1431 2558 conscquendo
1474 2498 1698 2557 propter
1753 2485 2043 2541 amentiam
2093 2480 2304 2536 illorum

729 2578 821 2646 qui
858 2578 1129 2648 illegitime
1161 2579 1292 2634 illud
1337 2581 1742 2648 aggrediuntur.

830 2686 1147 2744 CCCXLIH.
1179 2719 1248 2730 -—
1278 2686 1653 2744 THEODORO
1687 2680 2192 2741 SCIIOLASTICO.

2403 1943 2577 1990 σειας,
2609 1929 2746 1997 μήτε
2782 1928 2846 1979 ὲκ
2871 1926 2978 1980 τῶν
3004 1926 3305 1997 εὐδοκίμων
3341 1927 3489 1998 αὐτῷ
3517 1927 3804 1997 ψηφίσαισ.
3852 1927 3956 1980 ἀλλ’

2401 2018 2467 2071 ἑκ
2497 2017 2604 2071 τῶν
2634 2018 2932 2072 πταιόντων
2964 2017 3188 2071 κακίσαι
3233 2018 3582 2089 τολμήσειας,
3619 2016 3744 2070 οὔτε
3777 2017 3958 2071 δίκαια

2402 2110 2708 2180 ποιήσειας,
2739 2106 2864 2161 οὔτε
2899 2108 3103 2162 είκότα.
3137 2109 3199 2162 Et
3247 2109 3302 2161 δὲ
3335 2110 3507 2162 ἐκεῖνο
3546 2108 3957 2179 ἀποδεχόμενος.

2403 2198 2764 2270 άγανακτοίης
2796 2198 3076 2252 κατὰ-τῶν
3108 2200 3169 2252 οὐ
3198 2199 3422 2263 δεόντως
3467 2199 3612 2269 αὐτῷ
3647 2199 3956 2269 χρωμένων,

2405 2291 2740 2362 εὐγνώμονος
2766 2291 2860 2356 καὶ
2886 2291 3146 2362 φρονίμου
3176 2291 3368 2363 ἀνδρὸς
3394 2291 3638 2354 ἀποίσεις
3669 2291 3849 2356 δόξαν,
3886 2290 3955 2360 τῷ

2409 2381 2484 2454 μὴ
2518 2384 2588 2436 τὰ
2614 2381 2722 2435 τῶν
2771 2381 3068 2434 πταιόντων
3115 2381 3561 2451 πλημμελήματα
3612 2383 3694 2444 είς
3731 2383 3957 2451 πρᾶγμα

2405 2474 2629 2544 τρέπειν
2663 2470 2805 2524 θεῖον
2851 2471 2945 2524 καὶ
2992 2470 3218 2537 δίκαιον,
3265 2473 3359 2525 καὶ
3403 2472 3733 2543 ἐκδικήσεως
3785 2475 3958 2542 τυχεῖν

2403 2563 2493 2618 διὰ
2521 2562 2619 2635 τὴν
2649 2561 2757 2615 τῶν
2778 2562 3110 2632 παρανόμως
3135 2561 3264 2616 αὐτὸ
3291 2563 3581 2632 μετιόντων
3612 2565 3930 2633 παράνοιαν.

2638 2667 2817 2723 'l'Ml".
2847 2700 2915 2710 —
2943 2670 3244 2740 ΘΕΟΔΩΡῼ
3273 2670 3726 2740 ΣΧΟΛΑΣἸἸΚῼ.

1571 2781 1734 2835 Bonis
1759 2795 1896 2846 swpe
1925 2794 2018 2831 cur
2051 2775 2188 2828 male
2215 2773 2284 2826 sit
2313 2783 2330 2821 :
2359 2767 2534 2835 major
2559 2771 2615 2816 ut
2654 2762 2826 2831 gloria
2858 2762 3119 2817 obveniat.

801 2871 1043 2930 Virtutes
1093 2891 1279 2932 eorum
1334 2875 1424 2946 qui
1479 2877 1532 2930 in
1586 2876 1928 2930 calamitates
1986 2873 2298 2926 inciderunt

2475 2859 2539 2912 At
2575 2856 2675 2926 μὲν
2694 2855 2802 2908 τῶν
2830 2856 3268 2924 περιπιπτόντων
3296 2857 3416 2917 ταῖς
3444 2857 3743 2925 συμφοραῖς
3773 2856 3955 2924 ἀρεταὶ

729 2963 954 3019 aﬂ'ectus
978 2965 1153 3020 solent
1180 2965 1588 3034 conduplicare.
1636 2965 1857 3032 indigna
1884 2963 2027 3015 enim
2081 2960 2149 3014 iis
2178 2975 2297 3029 qtttB

2405 2948 2474 3004 τὰ
2507 2947 2656 3018 πάθη
2704 2945 3074 3008 διπλασιάζειν
3125 2944 3366 3000 είὼθασι.
3419 2946 3509 3016 Τῷ
3536 2947 3644 3016 γὰρ
3668 2945 3861 3010 ἀνάξια
3886 2940 3958 2999 ὧν

727 3073 847 3111 rum
865 3057 1022 3111 laude
1041 3066 1323 3127 gesserunt
1351 3053 1625 3125 patiendo,
1657 3055 1934 3108 audientes
1957 3061 2292 3119 comparant,

2406 3038 2776 3112 κατώρθωσαν
2822 3034 3148 3090 πεπονθέναι
3187 3037 3316 3100 τοὺς
3370 3035 3750 3108 ἀκρωμᾶνους
3786 3053 3954 3105 παρα-

2417 3127 2718 3149 -.Ληιεκη-
2775 3127 3033 3149 -----Ι..μ,
3090 3126 3462 3149 ι--.Λμ-Δ⁴-εη-.
3517 3127 3694 3149 \.',____
3765 3127 3838 3149 1-1
3867 3131 3950 3149 ---Χ

727 3157 788 3203 ut
838 3126 1072 3203 maximo
1119 3146 1306 3202 dolore
1362 3145 1707 3215 impleantur.
1756 3143 1894 3199 liinc
1935 3155 1988 3197 et
2027 3143 2305 3212 tragmdiaa

2407 3127 2725 3193 σκευάζουσι
2773 3127 3034 3215 μεγίστης
3088 3126 3469 3199 ἐμπλησθῆναι
3517 3127 3714 3198 λύπης.
3753 3127 3845 3180 Διὸ
3867 3131 3955 3180 καὶ

727 3239 1257 3294 commiserationem
1316 3237 1517 3306 eiulatu
1557 3237 1851 3299 concitant,
1901 3237 2025 3290 dum
2071 3235 2304 3305 optimos

2403 3220 2460 3273 at
2492 3218 2790 3291 τραγῳδίαι
2811 3217 2901 3272 τὴν
2924 3211 3106 3272 οἶκτον
3131 3217 3508 3290 διεγείρουσιν,
3535 3220 3660 3272 ὅταν
3689 3220 3956 3290 ἀνήκεστα

731 3329 1073 3384 intoleranda
1123 3330 1386 3398 patientes
1440 3327 1720 3382 inducunt.
1781 3324 1885 3382 Sed
1935 3328 2033 3381 ista
2087 3327 2303 3395 quidem

2403 3311 2742 3373 πεπονθότας
2770 3310 2897 3374 τοὺς
2926 3310 3181 3381 ἀρίστους
3232 3310 3557 3378 εἰσάγουσιν.
3607 3309 3766 3363 Ἀλλὰ
3793 3310 3959 3364 ταῦτα

729 3421 871 3492 apud
922 3422 1040 3475 illos
1069 3421 1431 3486 celebrentur,
1483 3420 1574 3489 qui
1626 3422 1887 3475 hactenus
1922 3419 2025 3474 boc
2065 3419 2304 3482 modulo,

731 3512 962 3564 humana
996 3511 1212 3580 negotia
1245 3511 1561 3563 metiuntur.
1596 3509 1849 3578 Ignorant
1876 3511 2020 3564 enim
2047 3511 2115 3564 ob
2137 3522 2198 3563 ea
2236 3523 2296 3564 se

731 3604 934 3666 dolere,
961 3611 1180 3672 propter
1205 3616 1325 3670 quae
1354 3601 1526 3655 laetari
1552 3602 1757 3656 deccat.
1788 3598 1954 3674 664
1977 3598 2088 3658 Nos
2115 3607 2294 3656 autem

729 3692 820 3762 qui
854 3692 919 3746 ad
952 3691 1093 3745 aliud
1133 3692 1252 3749 vita:
1294 3691 1596 3749 institutum
1649 3695 1845 3749 mentis
1889 3694 2076 3750 oculos
2105 3694 2297 3748 merito

728 3782 1031 3855 dirigimus,
1091 3795 1240 3841 certo
1296 3787 1499 3840 scimus
1554 3787 1784 3855 probos,
1840 3786 1886 3840 si
1937 3784 2064 3854 quid
2137 3798 2302 3854 grave

731 3877 1049 3945 patiantur,
1167 3877 1584 3948 haudquaquam
1650 3875 2141 3938 commiseratione,
2206 3873 2302 3929 sed

730 3967 921 4023 faustis
951 3969 1220 4023 ominibus
1252 3983 1316 4023 ac
1356 3967 1622 4037 praeconio
1645 3967 1835 4036 dignos
1857 3980 1996 4022 esse.
2030 3964 2297 4021 Illustrio-

730 4071 819 4111 res
875 4057 1018 4112 enim
1109 4058 1238 4127 ipsis
1317 4058 1383 4111 ad
1435 4057 1685 4110 virtutem
1753 4063 2084 4125 apparantur
2145 4053 2298 4107 bona:

727 4146 1142 4202 existimationis
1163 4161 1393 4202 coronae.

923 4232 1242 4291 CCCXLIV.
1265 4263 1336 4275 —
1367 4231 1701 4289 ASCLEPIO
1732 4230 2117 4287 SOPIIISTIE.

2408 3397 2507 3467 μὲν
2545 3399 2675 3467 παρ’
2714 3397 2944 3460 ἐκείνοις
3006 3397 3356 3466 θρυλλείσθω,
3389 3401 3501 3461 τοῖς
3546 3399 3646 3461 ἕως
3677 3399 3787 3452 τῶν
3838 3399 3953 3472 τῇδε

2404 3489 2714 3560 νομίζουσιν
2738 3482 2875 3541 εῖναι
2905 3487 2974 3542 τά
3001 3487 3318 3558 ἀνθρώπινα
3349 3492 3664 3562 πράγματα.
3695 3492 3954 3562 Λελήθασι

2411 3580 2522 3654 γὰρ
2575 3581 2658 3652 ἐφ’
2719 3573 2802 3645 οἷς
2856 3578 3080 3653 ἥδεσθαι
3142 3581 3417 3652 προσῆκον
3462 3578 3550 3653 ἦν,
3607 3584 3699 3635 ἐπὶ
3754 3583 3957 3645 τούτοις

2404 3673 2718 3745 ἀχθόμενοι.
2766 3673 2958 3741 Ἡμεῖς
3009 3672 3066 3724 δὲ
3113 3673 3161 3724 oi
3195 3671 3328 3741 πρὸς
3358 3671 3520 3742 ἀλλην
3549 3672 3664 3742 βίου
3691 3675 3955 3728 κατάστα-

2408 3778 2492 3816 σιν
2532 3762 2594 3815 τὸ
2636 3761 2791 3832 δμμα
2841 3761 2943 3830 τῆς
2990 3760 3170 3830 ψυχῆς
3217 3761 3441 3825 είκότως
3479 3761 3762 3828 τείνοντες,
3806 3767 3958 3833 ταμεν

2405 3851 2668 3922 ἀκριϐῶς,
2694 3853 2777 3904 ὅτι
2809 3851 2869 3903 οὐ
2895 3850 2988 3904 τοῦ
3013 3851 3392 3915 ταλανίζεσθαι
3419 3855 3467 3906 οἱ
3497 3854 3774 3924 φιλάρετοι
3803 3853 3953 3921 ἄξιοι,

2403 3942 2532 3996 ὅταν
2577 3959 2628 3995 τι
2670 3941 2883 3995 πάθωσι
2928 3941 3118 4006 δεινὸν,
3146 3941 3393 3996 ἀλλὰτοῦ
3426 3926 3832 4014 μακαρίζεσθαι
3866 3950 3956 4001 καὶ

2404 4031 2892 4102 ἀνακηρύττεσθαι.
2909 4033 3298 4104 Λαμπρότεροι
3321 4034 3430 4106 γὰρ
3447 4035 3628 4100 αὐτοῖς
3647 4037 3736 4090 διὰ
3755 4039 3956 4093 τούτων

2406 4122 2905 4188 κατασκευάζονται
2931 4123 2980 4175 oi
3011 4122 3112 4192 τῆς
3132 4123 3534 4193 εὐδοκιμήσεως
3561 4126 3834 4194 στέφανοι.

2696 4215 2872 4268 ΤΜΔ¹.
2902 4241 2973 4254 —-
2997 4213 3347 4286 ΑΣΚΛΗΠΙῼ
3367 4216 3670 4289 ΣΟΦΙΣΤῌ.

1814 4325 1886 4382 De
1919 4326 2179 4389 Sophiste
2203 4329 2443 4383 oratione
2481 4329 2640 4383 libere
2656 4330 2890 4394 judicat.
3453 4327 3490 4365 ’

801 4438 929 4510 Legi
956 4453 1114 4509 quam
1133 4438 1199 4492 ad
1222 4452 1305 4492 me
1320 4438 1620 4492 orationem
1653 4436 1872 4502 misisti,
1897 4446 1949 4491 et
1965 4436 2288 4507 elegantiam
2328 4425 2370 4479 Ι)

735 4545 854 4585 sum
889 4529 1204 4584 admiratus.
1237 4525 1352 4581 Non
1380 4527 1614 4581 fefellisti
1658 4541 1742 4582 me
1785 4525 2038 4580 adulandi
2071 4523 2302 4579 artiﬂclo

735 4620 1046 4687 occultans,
1090 4629 1150 4674 ut
1202 4619 1382 4687 specie
1428 4617 1640 4672 consilii
1690 4616 1972 4686 scripsisse
2021 4614 2300 4670 videreris.

735 4712 872 4767 Nam
939 4728 1060 4766 cum
1091 4710 1420 4770 adulationis
1467 4709 1773 4780 opinionem
1829 4707 2023 4762 habeat
2067 4705 2303 4761 laudatio

736 4801 1059 4871 potentium,
1128 4800 1268 4854 aliud
1307 4808 1681 4869 argumentum
1734 4797 1956 4863 tinxisti,
2009 4795 2150 4850 aliud
2190 4805 2300 4849 tra-

735 4892 918 4951 ctasti.
951 4891 1084 4945 Nam
1116 4892 1268 4960 quasi
1290 4891 1573 4945 ostendere
1590 4889 1771 4944 volens
1798 4902 2016 4944 causam
2044 4889 2111 4942 ob
2137 4901 2295 4957 quam

737 4995 894 5054 aptus
937 4993 1083 5040 esset
1109 4985 1175 5039 ad
1197 4983 1586 5054 imperandum,
1617 4982 1691 5036 ita
1724 4981 2083 5037 laudationem
2118 4980 2296 5033 absol-

736 5077 886 5132 visti.
916 5076 1147 5132 Mentem
1175 5077 1355 5145 itaque
1385 5089 1490 5129 non
1521 5075 1867 5128 admittentes
1891 5085 2068 5127 artem
2099 5085 2288 5125 sumus

739 5168 1191 5314 ωηὶπὲἓὲχιν.
1223 5287 1290 5301 --
1337 5254 1606 5310 DANIELI
1651 5251 2126 5310 PRESBYTERO.

2484 4437 2820 4508 Ἀνεγνώσθη
2847 4456 2941 4492 σου
2975 4442 3005 4493 ό
3033 4439 3208 4510 λόγος,
3241 4440 3298 4493 ὄν
3355 4457 3441 4509 μοι
3479 4442 3812 4504 ἀπέστειλας.
3852 4445 3952 4496 Κατ.

2401 4527 2737 4598 θαυμασθεὶς
2786 4531 2888 4599 τῆς
2923 4528 3247 4600 δεινότητος,
3276 4529 3374 4582 οὐκ
3419 4529 3609 4592 ἔλαθες
3665 4531 3867 4601 κλέψας
3897 4535 3952 4584 τὶ

2401 4617 2785 4672 κολακευτικὸν
2857 4618 2935 4688 τῷ
3003 4618 3182 4672 δοκεῖν
3235 4618 3546 4689 συμϐουλῆς
3609 4624 3950 4692 προσχήματι

2402 4709 2866 4781 συγγεγραφέναι.
2920 4708 3137 4781 Ἐπειδὴ
3182 4709 3290 4778 γάρ
3314 4709 3471 4776 δόξαν
3525 4712 3812 4774 κολακείας
3843 4716 3948 4785 ἔχει

2397 4798 2459 4851 τὸ
2489 4799 2728 4852 ἐπαινεῖν
2758 4798 2884 4862 τοὺς
2922 4800 3133 4869 μεγάλα
3171 4799 3516 4869 δυναμένους,
3568 4802 3733 4872 ἄλλην
3767 4806 3949 4858 ὑπόθε-

2407 4907 2489 4943 σιν
2536 4890 2861 4960 πεποίηκας,
2892 4890 2983 4942 καὶ
3011 4889 3178 4960 ἄλλην
3225 4891 3488 4962 εἰργάσω.
3535 4892 3619 4957 Ὠς
3655 4894 3762 4966 γὰρ
3791 4897 3949 4960 δεῖξαι

2405 4979 2725 5050 βουλόμενος
2785 4979 2884 5052 τὴν
2942 4980 3141 5047 αἰτίαν,
3203 4981 3270 5034 δι’
3331 4981 3399 5054 ἢν
3453 4983 3750 5055 ἐπιτήδειός
3815 4989 3949 5041 ἐστιν

2402 5069 2674 5143 ἡγεῖσθαι,
2724 5070 2865 5124 οὕτω
2910 5070 2972 5123 τὸ
3008 5070 3279 5143 ἐγκώμιον
3315 5071 3652 5145 ὲπλήρωσας.
3687 5076 3794 5147 Τὴν
3823 5078 3950 5145 γνὼ.

2406 5180 2511 5234 μην
2549 5159 2641 5216 οὖν
2673 5164 2772 5217 οὐκ
2801 5161 3188 5232 ἀποδεξάμενοι
3210 5163 3306 5232 τὴν
3334 5164 3528 5235 τέχνην
3554 5165 3946 5239 ἐθαυμάσαμεν.

2643 5253 2824 5306 TME'.
2855 5282 2926 5291 —
2955 5252 3212 5306 ΔΑΝΙΗΛ
3256 5253 3720 5328 ΠΡΕΣΒΥΤΕΡῼ.

1146 5347 1288 5414 Quid
1316 5349 1370 5402 in
1401 5345 1683 5417 Evangelia
1710 5346 1779 5400 sit
1812 5360 2027 5416 regnum
2060 5343 2152 5398 Dei
2175 5353 2221 5397 et
2249 5358 2458 5413 regnum
2493 5342 2759 5397 calorum.
2782 5341 2956 5415 (Cani.
2984 5343 3132 5412 epist.
3170 5342 3294 5408 206,
3329 5343 3422 5398 lib.
3456 5345 3562 5418 ιιι.)

803 5438 943 5511 Quia
989 5456 1311 5513 cognoscere
1361 5442 1557 5496 avebas
1612 5441 1738 5510 quid
1792 5439 1862 5494 sit
1905 5438 1960 5492 in
2009 5437 2298 5505 Evangelia

2486 5435 2701 5505 Ἐπειδὴ
2729 5433 3000 5506 ἐζήτησας
3029 5434 3241 5504 μαθεῖν,
3260 5434 3314 5488 τί
3344 5435 3462 5490 ὲστι
3480 5437 3767 5501 βασιλεία
3792 5441 3947 5504 Θεοῦ,

1798 5553 2032 5611 VARle
2072 5552 2451 5610 LECTIONES
2487 5552 2575 5608 ET
2614 5550 2844 5608 NOTJ'J.

820 5675 895 5746 t7)
934 5676 1082 5732 Inter
1128 5677 1252 5740 τοὺς
1297 5686 1349 5734 et
1397 5676 1563 5747 κακίᾳ
1625 5686 1847 5746 uterque
1897 5675 2064 5731 codex
2118 5672 2304 5729 inserit

743 5749 852 5803 δπί.
881 5747 1090 5804 Possm.

2483 5669 2558 5738 (8)
2599 5669 2742 5724 Inter
2771 5666 2901 5722 αὐτὸ
2938 5677 2995 5723 et.
3030 5667 3339 5738 ὲξετάσειας
3375 5669 3534 5723 iidem
3568 5667 3824 5723 infindunt
3846 5656 3950 5738 καθ’

2412 5737 2569 5794 ἑαυτὸ
2597 5749 2648 5794 et
2682 5753 2821 5794 vers.
2849 5747 2969 5808 post
2995 5739 3046 5806 4,
3081 5737 3325 5801 ἀποίσεις
3353 5739 3594 5793 scribunt
3629 5739 3860 5793 ἀποίσει.
3883 5737 3950 5792 la.
