4122 6456
3465 309 3501 344 _/

215 405 349 473 1551
1093 403 1635 468 EPISTOLARUM
1674 404 1820 465 LIB.
1864 401 2276 464 V.-'EPIST.
2322 400 2610 464 CCCLIX.
3371 390 3510 459 1542

216 518 625 592 μακροθυμίαν,
686 519 786 593 τὴν
841 517 1038 590 μικρὸν
1075 517 1326 590 ὕστερον,
1365 519 1414 571 εί
1470 517 1547 588 μὴ
1604 533 1806 586 γνωσι-

1921 516 2025 571 tius
2073 515 2417 571 tolerantiam
2469 513 2839 578 admiremini,
2884 528 3004 581 qua:
3033 518 3156 583 post
3198 510 3359 583 paulo
3402 507 3507 563 nisi

214 611 525 682 μαχήσειε,
576 613 836 676 τοιαύτας
898 609 1060 665 αὐτὶν
1121 610 1564 682 είσπραξομὲνην
1619 610 1797 676 δίκας,

1921 607 1998 664 ille
2027 607 2318 677 resipuerit
2370 615 2553 663 tantas
2599 606 2747 662 brevi
2791 619 2982 676 pmnas
3047 603 3252 674 exiget,
3307 609 3367 655 ut
3415 599 3506 671 qui

213 701 292 764 ὡς
322 701 452 767 τοὺς
517 704 614 760 νῦν
669 702 1078 768 καταϐοῶντας,
1130 700 1230 774 τὴν
1285 701 1585 756 ἀδέκαστον
1631 700 1805 773 αὐτῆς

1921 713 2057 753 nunc
2124 698 2452 764 acclamant,
2508 698 2885 768 incorruptum
2948 697 3067 766 ejus
3095 695 3206 750 sint
3240 692 3547 763 judicium.

1093 403 1635 468 EPISTOLARUM
1674 404 1820 465 LIB.
1864 401 2276 464 V.-'EPIST.
2322 400 2610 464 CCCLIX.

212 792 391 864 άνακη
401 794 557 866 ρύξαι
577 796 778 867 ψῆφον.

619 908 789 965 TNZ'.
810 941 880 952 —
913 906 1072 963 ΤΟΙΣ
1099 907 1375 963 ΑΥΤΟΙΣ.

1910 787 2277 858 przedicaturi.

2372 902 2660 961 CCCLVII.
2686 934 2759 944 —
2785 902 3043 959 llSDEM.

1312 1018 1436 1074 Non
1463 1027 1539 1072 est
1577 1018 1715 1072 idem
1742 1017 1952 1088 jubere.
1995 1029 2044 1076 et
2083 1021 2406 1089 permittere.

287 1134 402 1189 Οὐκ
430 1134 546 1190 ἔστι
575 1138 770 1192 ταυτὸν
799 1138 1096 1206 κελεύειν,
1126 1137 1221 1191 καὶ
1242 1136 1330 1206 μὴ
1371 1135 1658 1190 κωλύειν·
1681 1133 1802 1189 οὐδὲ

218 1226 570 1296 χειροτονεῖν,
607 1225 701 1279 καὶ
742 1227 1068 1298 συγχωρεῖν.
1121 1227 1194 1280 Τδ
1241 1223 1338 1294 μὲν
1366 1224 1476 1294 γὰρ
1529 1223 1605 1288 ὼς
1658 1222 1798 1288 δέον,

217 1315 466 1384 γίνεσθαι
516 1318 950 1388 προστάττεται·
987 1317 1046 1372 τὸ
1072 1318 1128 1372 δὲ
1152 1317 1241 1372 διὰ
1269 1317 1367 1388 τὴν
1401 1316 1496 1369 τοῦ
1537 1313 1799 1380 αὐτεξου-

217 1407 336 1464 σίου
368 1408 708 1482 προαίρεσιν,
741 1404 774 1484 ᾖ
801 1410 862 1462 τδ
891 1410 1229 1481 ἀνθρώπινον
1253 1406 1593 1480 κεκόσμηται
1621 1408 1800 1478 γένος,

217 1504 605 1576 συγχωρεῖται.
647 1503 740 1572 Μὴ
781 1503 962 1556 τοίνυν
1019 1503 1128 1557 τῶν
1158 1500 1538 1574 άγοραζόντων
1586 1499 1685 1571 τὴν
1725 1502 1805 1554 ἱει-

218 1591 474 1664 ρωσύνην
525 1594 811 1663 ἀφέμενοι,
848 1594 939 1647 τὸν
985 1593 1377 1665 συγχωροῦντα
1432 1591 1700 1646 αἱτιᾶσθε.
1741 1592 1804 1645 Ei

219 1681 322 1752 μὲν
354 1681 464 1753 γὰρ
495 1682 787 1747 ἀνεύθυνος
823 1678 891 1754 ἦν
935 1685 968 1754 ἡ
999 1683 1163 1755 ἀρχὴ,
1204 1683 1430 1745 εἰκότως
1487 1681 1804 1753 ξ’δυσχεραί-

216 1787 358 1826 νετε.
390 1773 456 1824 Et
477 1771 535 1826 δὲ
563 1773 836 1844 τοσαύτην
855 1775 1170 1827 άπαιτεῖται
1197 1772 1298 1844 τὴν
1345 1772 1503 1842 δίκην
1535 1772 1563 1823 ὁ
1597 1771 1804 1842 ταύτην

1982 1131 2244 1188 Diﬂ‘vrunt
2280 1145 2412 1189 sane
2432 1133 2623 1204 jubere
2648 1142 2703 1189 et
2723 1133 3044 1204 permittere,
3076 1141 3134 1187 ul
3159 1141 3216 1188 et
3249 1131 3510 1189 ordinare

1913 1238 2072 1278 manu
2127 1224 2406 1294 imposita,
2450 1235 2505 1281 et
2549 1225 2802 1280 tolerare.
2864 1223 2998 1279 illud
3043 1225 3186 1280 enim
3234 1232 3320 1279 est
3365 1225 3509 1293 quod

1906 1323 2121 1381 oportet
2153 1315 2291 1383 fleri,
2323 1316 2540 1386 jubere;
2563 1317 2668 1371 hoc
2697 1325 3070 1386 vere-propter
3102 1311 3317 1372 arbitrii
3345 1315 3510 1388 liber-

1911 1412 2098 1473 tatem,
2132 1408 2528 1477 quaprzeditus
2574 1407 2739 1462 homo
2788 1417 2892 1474 est,
2946 1407 3281 1476 permittere.
3335 1407 3513 1465 Nolite

1913 1498 2084 1568 igitur
2121 1514 2239 1564 eos,
2265 1501 2355 1569 qui
2406 1500 2710 1555 sacerdotia
2761 1509 3077 1556 mercantur
3119 1500 3427 1564 absolvere,
3455 1509 3513 1556 et

1914 1602 2036 1642 eum
2071 1590 2161 1658 qui
2187 1591 2406 1644 eosdem
2469 1590 2683 1650 tolerat.
2726 1605 3011 1646 accusare.
3044 1589 3325 1661 Siquidem
3362 1589 3509 1644 enim

1915 1679 2202 1734 reddendis
2231 1681 2534 1737 rationibus
2567 1684 2836 1738 obnoxius
2883 1698 2988 1736 non
3040 1692 3187 1737 esset
3217 1684 3509 1753 magistra-

1913 1779 2021 1837 tus,
2053 1774 2250 1827 merito
2285 1773 2667 1846 indignemini.
2703 1773 2759 1830 Si
2800 1790 2931 1830 vero
2964 1785 3234 1830 tantarum
3275 1773 3513 1844 postule-

215 1861 441 1929 διέπων,
483 1865 606 1918 ὅσον
662 1866 758 1918 καὶ
809 1868 908 1936 τὴν
937 1864 1106 1937 τιμὴν
1146 1865 1294 1936 ἔσχε,
1339 1864 1804 1936 καταθρηνεῖσθαι

1921 1879 1996 1922 Lur
2020 1881 2301 1936 pinnarum
2335 1866 2445 1932 ille,
2480 1867 2570 1937 qui
2613 1881 2708 1922 eas
2748 1867 3052 1937 dispensat,
3100 1878 3362 1938 quantum
3410 1867 3510 1922 ba-

215 1954 286 2009 ἂν
318 1955 403 2025 εἴη
430 1956 660 2022 δίκαιος,
707 1959 789 2011 ὅτι
821 1960 892 2029 τῇ
936 1956 1058 2030 θείᾳ
1095 1955 1454 2030 μακροθυμίᾳ
1493 1957 1573 2022 είς
1605 1957 1806 2020 κακίας

215 2047 428 2114 ἑφόδιον
460 2049 667 2119 ὲπεχρή
677 2065 831 2103 σατο.

465 2159 644 2212 TNH'.
670 2190 739 2199 —
780 2161 1033 2232 ΖΟΣΙΜῼ
1072 2160 1550 2230 ΠΡΕΣΒΥΤΕΡῼ.

1912 1959 2031 2013 buit
2070 1958 2357 2025 honorem,
2390 1959 2573 2029 potius
2602 1957 2995 2028 deplorandus.
3017 1959 3160 2030 quod
3207 1959 3389 2015 divina
3421 1960 3517 2016 bo-

1915 2051 2083 2106 nitate
2108 2051 2176 2105 ad
2203 2051 2402 2104 malum
2437 2049 2509 2106 sit
2530 2051 2757 2106 abusus.

2088 2159 2403 2218 CCCLVlll.
2440 2191 2515 2203 --
2543 2156 2801 2217 ZOSIMO
2835 2158 3330 2217 PRESBYTERO.

384 2270 652 2326 Bonorum
680 2274 912 2328 virorum
950 2275 1241 2326 acerbiores
1275 2272 1699 2340 reprehensiones
1732 2289 1837 2327 non
1879 2272 2059 2344 inique
2093 2273 2362 2344 ferendas.
2391 2271 2634 2344 (Confer.
2667 2273 2824 2339 epist.
2871 2271 2997 2337 378,
3032 2271 3159 2337 448,
3193 2271 3347 2338 466.)

294 2382 354 2435 El.
412 2382 506 2437 καὶ
546 2382 690 2456 πέρα
714 2383 826 2454 (Η)
885 2384 981 2437 τοῦ
1027 2383 1239 2449 δέοντος
1281 2384 1474 2456 πρώην
1518 2383 1679 2455 ὤφθη
1719 2402 1807 2439 σοι

217 2474 478 2546 φορτικὸς
510 2477 605 2528 καὶ
657 2476 904 2548 ὲπαχθης
931 2479 961 2530 ὁ
998 2478 1199 2540 παντὸς
1251 2478 1473 2531 ἐπαίνου
1506 2479 1802 2548 κρείττων,

231 2567 566 2638 Ἑρμογένης
591 2571 618 2622 ὁ
645 2569 968 2639 ἐπίσκοπος,
1001 2571 1438 2642 πληκτικωτέρῳ
1463 2572 1810 2643 χρησάμενος

217 2656 382 2728 λόγῳ,
416 2652 511 2711 καὶ
543 2658 758 2730 μακρὰν
782 2660 923 2713 κατὰ
949 2664 1050 2731 τῆς
1081 2660 1180 2730 σῆς
1215 2661 1490 2732 ῥᾳθυμίας
1520 2661 1814 2724 ἀποτείνας

217 2751 320 2820 τὴν
348 2750 702 2821 κατηγορίαν,
761 2751 837 2822 μὴ
890 2751 1247 2824 δυσχεράνῃς.
1307 2753 1370 2806 Et
1413 2753 1512 2824 μὲν
1541 2753 1650 2824 γάρ
1681 2753 1813 2806 αὐτὸ

220 2838 407 2906 τοῦτο,
439 2839 680 2911 λυπῆσαί
730 2857 789 2893 σε
833 2842 1196 2911 προελόμενος
1228 2842 1407 2911 μόνον,
1435 2843 1500 2896 τὰ
1531 2842 1602 2896 σὰ
1634 2859 1811 2912 γεγωιι

220 2929 442 3002 νότερον
482 2929 892 3001 ἐξετραγῴδησε
930 2934 1098 2994 κακὰ,
1135 2933 1363 2998 εἰκότως
1412 2935 1810 3006 ἐδυσχέραινες.

224 3021 288 3075 El
332 3021 385 3073 δὲ
415 3022 550 3092 πρὸς
595 3022 655 3074 τὸ
685 3020 962 3094 συμφέρον
1019 3039 1102 3076 σοι
1143 3023 1304 3093 μόνον
1357 3024 1593 3094 βλέπων,
1624 3025 1724 3096 τὴν
1754 3026 1814 3079 ὲν

1977 2386 2058 2442 Ne
2096 2387 2400 2458 indigneris
2434 2387 2538 2442 etsi
2572 2385 2774 2457 prater
2803 2387 2898 2454 jus
2946 2401 3011 2442 ac
3048 2389 3307 2442 decorum
3339 2401 3513 2458 nuper

1911 2479 2010 2534 tibi
2047 2479 2197 2535 visus
2238 2480 2422 2549 gravis
2478 2487 2563 2534 est
2605 2487 2772 2548 atque
2820 2493 3108 2544 onerosus,
3142 2480 3289 2534 omni
3340 2478 3518 2549 major

1912 2573 2071 2628 laude
2110 2570 2484 2641 Hermogenes
2533 2570 2843 2641 episcopus,
2876 2571 3043 2642 667
3095 2571 3332 2626 mordaci
3387 2587 3516 2629 usus

1919 2665 2190 2726 oratione,
2225 2662 2552 2730 longamque
2598 2661 2827 2732 ignaviae
2859 2669 2966 2716 tuae
2992 2661 3258 2718 adhibens
3289 2678 3517 2718 accusa-

1914 2755 2142 2810 tionem.
2177 2754 2234 2810 Si
2268 2755 2411 2808 enim
2441 2752 2543 2809 boc
2582 2752 2759 2822 ipsum
2812 2752 3032 2809 fecisset
3056 2764 3110 2808 ut
3140 2762 3193 2808 te
3216 2755 3517 2810 contrista-

1913 2856 1998 2901 ret
2031 2847 2228 2910 solum,
2260 2855 2313 2899 et
2363 2855 2450 2898 tua
2495 2844 2666 2912 magis
2717 2844 3098 2913 proscinderet
3130 2845 3282 2910 vitia,
3320 2847 3517 2900 merito

1919 2939 2304 3010 indignareris.
2345 2936 2401 2991 Si
2432 2951 2563 2991 vero
2588 2937 2655 2992 ad
2688 2945 2835 2992 tuam
2870 2937 3044 2992 solum
3083 2947 3338 3007 spectans
3370 2938 3519 3002 utili-

1919 3039 2085 3087 tatem
2123 3031 2304 3085 verbis
2339 3029 2411 3084 sit
2460 3042 2593 3084 usus
2629 3028 3004 3100 asperioribus
3031 3039 3085 3083 et
3111 3029 3344 3099 gratiam
3376 3045 3517 3099 prae-

221 3115 335 3176 τοῖς
363 3112 542 3180 λόγοις
573 3116 748 3183 ἄωρον
784 3113 878 3168 καὶ
909 3114 1182 3184 ἐπιϐλαϐἧ
1212 3117 1374 3188 χάριν
1402 3118 1682 3185 παρεῖδεν,
1726 3118 1813 3171 ἵνα

1921 3123 2111 3178 stando
2146 3131 2196 3175 te
2220 3120 2448 3187 laeserit,
2479 3134 2587 3191 quo
2617 3135 2704 3175 res
2731 3131 2852 3174 tuas
2888 3121 3211 3190 corrigeret,
3246 3121 3518 3189 siquidem

223 3203 296 3256 τὰ
320 3203 626 3275 πράγματα
679 3204 1021 3276 διορθώσεως
1061 3207 1219 3278 τύχῃ,
1266 3209 1314 3260 εί
1371 3209 1466 3261 καὶ
1506 3207 1580 3278 μὴ
1623 3208 1814 3263 ἀποδέ-

225 3294 421 3360 ξασθαι
444 3294 622 3364 βούλει
654 3297 753 3364 τῆς
811 3296 1024 3358 εὐνοίας
1081 3297 1265 3362 αὑτὸν,
1321 3297 1456 3351 ἀλλὰ
1502 3299 1813 3368 συγγνῶναι

223 3391 325 3457 τῆς
359 3387 631 3457 τοσαύτης
664 3388 1051 3458 φιλοστοργίας
1076 3388 1282 3452 δίκαιος
1307 3389 1372 3442 ἂν
1399 3390 1533 3458 εἴης.
1566 3392 1676 3444 Καὶ
1705 3391 1814 3462 γὰρ

226 3477 435 3548 σφόδρα
455 3477 712 3544 δέδοικεν,
747 3476 822 3550 μὴ
867 3477 1021 3548 παρὰ
1057 3477 1170 3550 (12)
1212 3479 1313 3548 τῆς
1346 3477 1497 3541 Θείας
1526 3478 1806 3548 προνοίας,

226 3567 478 3622 οὕτωδιὰ
520 3567 618 3640 τὴν
648 3568 746 3639 σὴν
791 3568 1067 3639 ρᾳθυμίαν
1123 3571 1217 3622 καὶ
1250 3569 1451 3622 κακίαν
1490 3570 1810 3641 δυσφημου-

230 3661 422 3732 μένης,
467 3661 624 3725 δίκας
696 3661 830 3716 αὐτὸ
891 3661 1249 3732 ἁπαιτηθείη,
1305 3661 1381 3723 ὡς
1432 3661 1568 3732 μηδὲ
1628 3662 1814 3732 φωνὴν

231 3751 392 3822 ῥῆξαι
430 3753 708 3824 τολμήσας
735 3751 985 3805 τοιούτων
1006 3751 1613 3822 δραματουργουμένων
1640 3768 1812 3822 τραγ-

232 3843 430 3915 ῳδιῶν.
462 3846 530 3897 Ἢ
561 3839 654 3898 οὖν
707 3842 914 3897 παῦσαι
935 3842 1166 3896 τοιαῦτα
1197 3844 1360 3915 δρῶν,
1395 3843 1427 3915 ἢ
1467 3844 1542 3915 μὴ
1580 3843 1815 3898 ὲπαιτιῶ

229 3937 354 4002 τοὺς
377 3936 474 4009 τὴν
510 3936 606 4006 σὴν
634 3934 1112 4008 καταθρηνοῦντας
1142 3936 1361 4007 μανίαν.

511 4049 682 4107 ΤΝΘ’.
708 4079 777 4091 -
808 4051 1061 4122 ΙΑΚΩΒῼ
1090 4050 1529 4122 ΑΝΛΓΝΩΣΤῌ.

1922 3214 2356 3270 benevolentiam
2406 3211 2525 3276 eius
2564 3213 2855 3268 admittere
2886 3212 3045 3279 nolis,
3089 3215 3184 3267 sed
3235 3213 3522 3281 ignoscere

1922 3320 1973 3364 te
1998 3310 2118 3380 ejus
2157 3308 2328 3362 amori
2359 3321 2572 3376 aequum
2615 3315 2722 3362 est.
2763 3304 2976 3360 Etenim
3015 3305 3174 3360 valde
3207 3319 3421 3366 vereor.
3454 3319 3522 3359 ne

1922 3401 2103 3456 divina
2164 3400 2532 3470 providentia,
2601 3407 2825 3469 propter
2857 3398 3049 3468 ignave
3081 3407 3244 3467 atque
3278 3397 3522 3467 improbe

1922 3495 2225 3547 traductam
2260 3491 2427 3546 vitam
2475 3503 2665 3559 ptenas
2697 3495 2813 3554 des,
2851 3501 2908 3544 ut
2955 3505 3024 3544 ne
3063 3503 3249 3542 vocem
3303 3489 3521 3557 quidem

1924 3597 2090 3638 ausus
2121 3585 2338 3639 mittere
2374 3583 2444 3638 ob
2491 3582 2628 3638 tales
2659 3581 2960 3637 concitatas
3002 3582 3191 3636 turbas
3227 3579 3521 3635 factiones-

1923 3692 2045 3746 que.
2087 3676 2453 3744 Quamobrem
2513 3685 2610 3731 aut
2638 3678 2756 3732 haec
2809 3688 3031 3744 patrare
3067 3675 3275 3741 desine,
3325 3685 3418 3728 aut
3455 3689 3526 3728 ne

1923 3782 2020 3824 eos
2051 3783 2275 3824 accuses
2304 3769 2396 3839 qui
2432 3777 2576 3823 tuam
2622 3769 2908 3838 deplorant
2950 3767 3268 3822 amentiam.

2226 4050 2498 4107 CCCLIX.
2527 4081 2598 4091 —
2619 4049 2880 4106 JACOBO
2909 4049 3231 4108 LECTORI.

1179 4168 1344 4218 Deum
1369 4181 1472 4218 non
1493 4167 1711 4231 mutari,
1744 4182 1772 4219 e
1809 4166 1979 4221 sacris
2014 4176 2279 4223 ostensum
2317 4167 2557 4224 Litteris.

315 4280 379 4335 Ἦ
411 4281 532 4336 θεία
566 4282 660 4337 καὶ
697 4284 974 4357 ἀκήρατος
1023 4283 1118 4337 καὶ
1147 4283 1419 4355 ἀήττητος
1456 4283 1606 4350 δεξιὰ
1652 4283 1817 4359 ἀναλ-

232 4375 453 4440 λοίωτος
485 4378 601 4428 ἐστι
632 4375 766 4447 (15),
798 4377 894 4430 καὶ
923 4377 1010 4431 ἀεὶ
1047 4376 1189 4430 κατὰ
1217 4375 1284 4429 τὰ
1307 4376 1470 4442 αὐτὰ,
1512 4377 1604 4430 καὶ
1638 4375 1819 4430 ὡσαύ-

1998 4283 2190 4338 Divina
2228 4293 2283 4338 et
2315 4285 2630 4354 incorrupta
2678 4281 2993 4353 invictaque
3041 4279 3135 4336 Dei
3166 4281 3387 4336 dextera
3419 4280 3526 4335 im-

1927 4374 2205 4429 mutabilis
2256 4385 2339 4430 est
2389 4375 2580 4430 eadem
2633 4389 2854 4442 semper
2902 4373 3203 4441 eodemque
3245 4376 3404 4428 modo
3438 4374 3528 4427 ba-

237 4485 347 4528 τως
393 4467 529 4539 ἔχει,
569 4467 693 4521 οὔτε
743 4469 1028 4541 προκοπὴν
1070 4470 1432 4541 ἐπιδεχομένη
1486 4469 1583 4540 τὴν
1628 4469 1720 4523 ἐπὶ
1758 4469 1813 4523 τδ

1926 4465 2081 4529 bens,
2116 4481 2289 4536 neque
2315 4468 2710 4522 incrementum
2757 4466 2977 4535 capiens
3007 4466 3057 4518 in
3086 4462 3260 4531 majus
3291 4465 3526 4535 (summa

236 4562 488 4630 κρεῖττον
516 4577 528 4589 ·
571 4561 850 4632 ἀκροτάτη
890 4562 998 4631 γάρ
1029 4564 1176 4615 ἐστιν
1221 4562 1388 4632 ἁρετὴ
1415 4578 1429 4593 ο
1465 4559 1588 4614 οὔτε
1665 4577 1832 4630 μετα-

235 4651 400 4723 ϐολὴν
429 4651 528 4724 τὴν
570 4651 664 4704 ἐπὶ
689 4651 759 4704 τὰ
787 4651 956 4723 χείρω
983 4667 996 4682 ⁸
1030 4653 1091 4706 οὒ
1127 4653 1235 4724 γὰρ
1269 4647 1379 4705 οἷόν
1405 4669 1485 4706 τε.
1530 4652 1825 4707 Μεταὸἀλ-

234 4744 319 4797 λει
351 4743 408 4796 δὲ
445 4743 540 4797 καὶ
580 4744 788 4797 ἀλλοιοῖ
830 4745 900 4798 τὰ
950 4743 1286 4816 βελτιώσεως
1314 4744 1568 4814 δεόμενα.
1601 4743 1693 4797 Διὸ
1733 4743 1827 4798 καὶ

239 4834 469 4905 Ψαλμδς
512 4835 918 4906 ἓπιγέγραπται
977 4854 995 4887 ι
1052 4835 1160 4889 τῶν
1220 4834 1756 4906 ἀλλοιωθησομένωψ
1799 4854 1818 4888 ι

235 4926 526 4994 τουτέστι,
558 4926 667 4981 τῶν
712 4928 992 4999 βελτίωσιν
1043 4926 1461 4998 ὲπιδεξομένων,
1504 4928 1600 4980 καὶ
1655 4929 1734 4992 είς
1765 4927 1826 4981 τὸ

239 5020 489 5089 κρεῖττον
548 5020 642 5073 καὶ
707 5020 934 5090 ἄμεινον
987 5019 1491 5090 ἀναχθησομένων·
1542 5021 1592 5072 εἰ
1641 5021 1827 5073 τοίνυν

231 5107 394 5172 ταῦθ’
427 5108 598 5173 οὕτως
635 5108 749 5181 ἔχει
774 5149 790 5174 ,
841 5110 943 5164 οὐκ
984 5110 1099 5163 ἔστι
1142 5110 1484 5180 περισκελὲς,
1531 5111 1668 5182 ὅπερ
1699 5111 1828 5183 ἠθέ-

238 5199 413 5272 λησας
458 5201 669 5271 μαθεῖν,
717 5221 736 5254 ι
783 5201 995 5274 Αὖτηή
1048 5203 1336 5268 ἀλλοίωσις
1381 5205 1481 5268 τῆς
1524 5203 1705 5268 δεξιᾶς
1733 5204 1828 5259 τοῦ

330 5359 379 5393 ⁸³
413 5359 553 5416 Psal.
579 5375 727 5426 XLIV,
768 5360 819 5414 1.
880 5361 926 5393 ⁸⁸
970 5359 1111 5416 Psal.
1159 5377 1318 5416 mum
1344 5401 1359 5426 ,
1390 5363 1476 5417 li.

1935 4560 2080 4614 enim
2121 4559 2198 4615 vis
2217 4557 2362 4612 Deus
2388 4557 2519 4629 est),
2557 4573 2620 4614 ac
2653 4573 2721 4614 ne
2751 4559 2804 4612 in
2833 4557 3072 4613 deterius
3102 4557 3340 4626 quidem,
3382 4559 3527 4625 quod

1929 4650 2044 4706 fieri
2069 4651 2276 4721 nequit,
2305 4659 2568 4705 mutatur.
2591 4649 2905 4706 Abscednnt
2926 4650 3073 4704 enim
3101 4661 3154 4702 et
3181 4660 3524 4703 commutan-

1930 4751 2016 4795 tur
2038 4756 2159 4811 qnte
2189 4742 2491 4796 mutatione
2522 4741 2782 4811 indigent.
2813 4739 2950 4794 Hinc
2993 4741 3155 4794 etiam
3183 4743 3420 4809 psalmus
3448 4740 3530 4795 sic

1929 4835 2226 4905 inscriptus
2264 4853 2277 4889 :
2328 4853 2347 4887 ι
2388 4833 2495 4889 Pro
2523 4835 2590 4889 iis
2618 4833 2709 4903 qui
2758 4834 3080 4888 commutati
3109 4843 3232 4886 sunt
3257 4832 3325 4896 ⁸⁸,
3370 4851 3387 4883 ι
3425 4832 3528 4887 hoc

1930 4939 2014 4984 est
2045 4929 2135 4998 qui
2164 4928 2415 4983 meliores
2437 4928 2656 4994 redditi,
2684 4941 2784 4982 nec
2803 4926 2998 4982 melius
3018 4925 3327 4980 deterinsve
3344 4939 3528 4979 susce-

1931 5029 2150 5088 perunt.
2185 5019 2316 5086 Quae
2358 5034 2480 5074 cum
2513 5021 2585 5074 ita
2619 5019 2748 5086 sint,
2803 5034 2911 5073 non
2957 5026 3043 5073 est
3079 5017 3245 5074 nimis
3293 5016 3527 5081 ditlieile,

1933 5112 2076 5181 quod
2103 5127 2434 5184 cognoscere
2467 5112 2696 5183 optabas
2755 5127 2772 5166 :
2814 5129 2832 5163 ι
2875 5110 3001 5166 Haec
3045 5109 3275 5164 mutatio
3325 5110 3532 5164 dextrae

1935 5202 2148 5271 Excelsi
2183 5205 2252 5262 ⁸⁸.
2303 5223 2322 5258 ι
2359 5204 2477 5261 Non
2505 5206 2649 5277 quod
2678 5212 2944 5274 mutetur,
2980 5204 3071 5276 qui
3101 5211 3185 5260 est
3216 5201 3533 5258 immutabi-

1345 5515 1582 5572 VARIIE
1623 5516 2007 5574 LECTIONES
2043 5518 2132 5575 ET
2179 5468 2415 5579 NOTAE.

318 5670 434 5812 tu;
464 5667 567 5754 [fro
594 5670 740 5744 πέρα
773 5671 958 5744 legunt
999 5671 1150 5744 παρὰ
1178 5674 1334 5728 codd.
1386 5674 1570 5729 iidem.
1607 5671 1824 5754 Possm.

346 5740 412 5795 12
465 5741 856 5812 ιιᾱειηίιοιιιιηι
887 5744 1036 5812 παρὰ
1053 5748 1195 5812 quod
1221 5745 1273 5798 in
1306 5744 1451 5800 edito
1478 5753 1558 5800 est
1590 5753 1824 5812 positum

346 5740 434 5812 12)
465 5741 628 5816 iidem
642 5740 856 5816 _t'ollunt
887 5744 1036 5816 παρὰ
1053 5740 1195 5814 quod
1221 5745 1273 5798 in
1306 5744 1451 5800 edito
1478 5753 1558 5800 est
1590 5744 1828 5814 positum

250 5810 392 5867 inter
416 5810 500 5882 μὴ
528 5822 581 5867 et
608 5811 726 5882 τῆς.
761 5811 836 5868 lo.

1938 5673 2124 5801 ea“?
2154 5677 2293 5732 Alne
2337 5678 2455 5735 ἐστὶ
2498 5677 2656 5734 codd'
2698 5678 2820 5736 vah
2875 5676 2982 5736 650
3026 5687 3080 5737 ει
3121 5678 3233 5736 Alt.
3285 5673 3538 5737 inserunt
