4122 6432
686 332 821 400 1523

1877 335 1937 398 S.
1975 331 2267 396 ISIDORI
2302 327 2738 392 PELUSlOT.E

3791 310 3920 376 ιδιι

679 445 748 504 lis
767 457 822 503 et
850 447 996 503 omni
1025 448 1322 504 mutatione
1347 448 1595 520 superior
1619 446 1791 505 Deus:
1819 465 1840 500 ι
1866 447 2054 505 Videte
2078 447 2248 513 enim,
2282 500 2285 509 ,

2362 444 2619 516 Ὑψίστου
2641 461 2652 474 ·
2693 463 2712 496 ι
2745 445 2841 514 οὐχ
2857 442 2923 513 ἢν
2949 438 3274 506 ἀλλοιοῦται,
3306 434 3659 496 ἀναλλοίωτος
3687 433 3795 503 γὰρ
3817 432 3930 484 ἐστι

681 539 777 607 ait,
812 541 989 596 videte
1025 541 1148 609 quia
1189 555 1289 613 ego
1344 555 1486 607 sum,
1517 547 1572 595 et
1621 554 1729 595 non
1776 549 1955 594 mutor
1981 539 2064 606 ”;
2107 558 2125 593 ι
2158 539 2250 595 sed

681 639 857 686 mutat
885 630 1041 696 alios,
1067 639 1122 686 et
1152 631 1202 685 in
1241 631 1435 686 melius
1457 637 1763 687 commutat
1799 647 1813 685 :
1848 630 2102 687 meliores
2142 631 2250 685 ita-

680 735 785 790 que
815 719 974 774 emcit
1007 730 1170 790 atque
1197 721 1249 776 in
1297 731 1498 778 statum
1554 722 1857 792 meliorem,
1889 721 1982 793 qui
2009 734 2075 779 eo
2109 720 2253 777 indi-

680 816 827 878 gent,
861 809 1108 862 traducit.

1097 918 1343 977 CCCLX.
1399 950 1470 962 —
1513 918 1830 980 EULOGIO.

2357 539 2452 592 καὶ
2483 537 2665 608 πάσης
2703 533 3001 606 μεταϐολῆς
3032 532 3294 602 κρείττων
3316 547 3328 559 ·
3376 547 3398 581 ε
3455 526 3626 580 Ἴδετε
3655 523 3786 595 γὰρ,
3825 540 3928 593 φη-

2361 628 2467 695 σὶν,
2499 626 2660 693 ἴδετε,
2683 625 2766 680 δτι
2793 623 2903 692 ἐγώ
2930 623 3067 694 είμι,
3099 621 3195 674 καὶ
3222 621 3322 674 οὐκ
3355 616 3656 689 1ίλλλοίωμμαι
3683 630 3698 646 ·
3743 632 3761 664 ι
3797 608 3931 665 ἀλλὰ

2360 717 2429 789 ἢν
2462 717 2699 782 ἀλλοιοῖ,
2745 716 2840 769 καὶ
2885 711 3218 785 ’μεταϐάλλει
3242 750 3258 776 ,
3294 709 3388 763 καὶ
3423 705 3658 777 βελτιοῖ,
3707 703 3802 756 καὶ
3853 701 3931 764 είς

2361 809 2627 888 ἀμείνονα
2651 807 2982 862 κατάστασιν
3016 805 3139 872 ἄγει
3165 801 3293 864 τοὺς
3317 798 3520 869 ταύτης
3547 793 3852 864 δεομένους.

2867 914 2986 971 τεο.
3020 947 3090 958 -
3125 911 3436 981 ΕΥΔΟΓΙῼ.

1627 1010 1697 1068 In
1725 1011 1985 1082 loquendo
2012 1020 2062 1068 et
2093 1009 2368 1069 scribendo
2396 1012 2585 1068 modus
2623 1010 2969 1067 adhibendus.

748 1130 1023 1200 Siquidem
1058 1130 1178 1202 plus
1222 1130 1366 1201 loqui
1402 1144 1564 1201 quam
1608 1139 1856 1201 oporteat
1906 1145 2014 1186 non
2045 1137 2129 1187 est
2167 1129 2249 1185 vi-

676 1218 776 1274 rile
809 1235 824 1273 :
856 1218 974 1289 plus
1009 1218 1173 1275 etiam
1199 1221 1442 1278 scribere
1495 1233 1656 1292 quam
1701 1236 1924 1279 necesse
1951 1222 2046 1290 sit,
2096 1224 2259 1279 femi-

677 1322 840 1364 neum
871 1307 1055 1365 fuerit.
1088 1309 1260 1382 igitur
1290 1318 1346 1369 et
1374 1312 1659 1383 loquentes
1699 1327 1764 1368 ac
1789 1313 2095 1371 scribentes
2131 1329 2254 1371 ser-

673 1412 861 1455 vemus
890 1399 1130 1456 modum.

1063 1514 1330 1573 CCCLXI.
1375 1547 1445 1560 —
1474 1513 1866 1574 SERAPIONI.

2428 1132 2500 1186 El‘
2531 1129 2591 1185 τὸ
2621 1131 2783 1185 πλέον
2808 1129 2918 1184 τῶν
2942 1127 3254 1196 ἀναγκαίων
3282 1126 3481 1196 λέγειν,
3509 1125 3613 1180 οὐκ
3640 1122 3791 1177 ἐστιν
3824 1121 3920 1173 ἀν-

2354 1222 2502 1295 δρὸς,
2537 1223 2600 1276 τδ
2628 1220 2790 1274 πλέον
2827 1219 2938 1274 τῶν
2966 1217 3281 1287 ἀναγκαίων
3311 1217 3564 1288 γράφειν,
3603 1213 3685 1284 εἴη
3734 1228 3921 1280 γυναι-

2355 1315 2471 1379 κός.
2506 1311 2717 1368 Οὐκοῦν
2744 1312 2841 1366 καὶ
2879 1311 3149 1381 λέγοντες,
3190 1309 3284 1363 καὶ
3316 1322 3618 1379 γραφοντες
3646 1311 3746 1375 τὴν
3779 1319 3924 1370 συμ-

2355 1407 2582 1478 μετρίαν
2614 1405 2888 1477 τιμῶμεν.
3373 1438 3377 1443 -

2811 1514 2978 1570 TEA’.
3013 1543 3084 1555 —
3111 1509 3494 1566 ΣΕΡΑΠΙΩΝΙ.

1892 1609 2156 1665 Amicitia
2184 1609 2410 1680 improbi
2431 1608 2722 1662 renuntiat.

743 1717 822 1773 lla
855 1716 922 1774 de
948 1733 1035 1774 me
1057 1719 1359 1787 existimes,
1390 1733 1497 1776 non
1544 1725 1700 1792 quasi
1747 1722 2074 1780 toleraturus
2127 1725 2255 1790 sim,
2287 1720 2330 1776 Β

674 1807 721 1863 si
765 1807 892 1879 quid
923 1809 1140 1864 absurdi
1162 1810 1536 1880 commiseris,
1561 1813 1657 1869 sed
1683 1814 1905 1870 omnino
1926 1812 2105 1872 oiilcio
2132 1831 2253 1873 meo

674 1893 980 1963 iuncturus,
1005 1907 1166 1968 teque
1186 1911 1256 1955 ex
1276 1907 1424 1956 cestu
1448 1900 1744 1957 amicorum
1770 1903 2247 1962 exterminaturus.

887 2005 1179 2064 CCCLX".
1209 2038 1282 2053 -
1302 2008 1676 2069 ΕΡΙΡΗΔΝΙΟ
1713 2011 2037 2071 DIACONO.

2440 1720 2528 1785 Ὠς
2568 1719 2670 1774 οὐκ
2697 1717 3022 1788 ἀνεξομένου
3065 1732 3188 1787 μου,
3220 1714 3274 1768 εί
3307 1732 3357 1768 τι
3401 1713 3602 1768 ἄτοπον
3632 1711 3886 1782 δράσειας
3909 1724 3922 1739 ·

2361 1809 2499 1870 ἀλλὰ
2525 1805 2745 1876 παντως
2788 1813 2850 1864 τὸ
2886 1808 3125 1881 ἐμαυτοῦ
3154 1808 3468 1878 ποιήσοντος
3497 1807 3589 1859 καὶ
3614 1801 3925 1874 ἐξοστρακί-

2361 1903 2544 1968 σοντός
2568 1918 2630 1956 σε
2648 1899 2742 1955 τοῦ
2770 1898 2934 1972 χοροῦ
2959 1897 3066 1954 τῶν
3095 1899 3284 1969 φίλων,
3314 1896 3456 1950 οὕτω
3483 1894 3716 1950 διανοοῦ.

2652 2009 2816 2066 ΤΞΒ’.
2855 2039 2926 2050 —
2959 2008 3286 2078 ΕΠΙΦΔΝΙῼ
3311 2005 3630 2079 ΔΙΔΚΟΝῼ.

1418 2101 1585 2160 Bonis
1631 2105 1851 2161 aduersa
1883 2108 1999 2176 pati
2032 2106 2182 2163 laudi
2219 2115 2319 2172 est,
2347 2106 2477 2160 moti
2503 2105 2785 2170 dedecori;
2812 2113 2858 2158 et
2889 2118 2995 2172 seq.
3037 2101 3190 2170 epist.

747 2188 980 2261 Equum
1015 2201 1100 2247 est
1146 2191 1294 2248 bune
1334 2191 1552 2264 quidem
1578 2195 1650 2252 ob
1699 2195 1963 2253 maleﬁcia
2008 2197 2255 2268 punitum

680 2282 1026 2351 erubescere,
1057 2283 1291 2340 alterum
1331 2298 1463 2342 vero
1488 2287 1710 2344 virtutis
1735 2289 1911 2359 gratia
1939 2283 2108 2361 668
2133 2288 2253 2360 glo-

677 2373 833 2429 riati.
859 2372 977 2429 Non
1015 2374 1158 2430 enim
1187 2373 1374 2431 eadem
1405 2375 1472 2432 de
1497 2384 1729 2447 utroque
1765 2392 1867 2448 par
1895 2387 1980 2435 est
2025 2380 2252 2445 sentire,

676 2474 996 2534 argumento
1039 2481 1220 2522 rerum
1251 2473 1526 2542 gestarum
1570 2469 1862 2540 plurimum
1908 2471 2138 2528 invicem
2170 2470 2256 2528 di-

627 2598 632 2602 .
675 2566 980 2629 screpante.
1018 2556 1208 2630 Neque
1232 2559 1378 2615 enim
1403 2561 1450 2616 si
1483 2560 1625 2617 latro
1656 2573 1945 2636 et.martyr
1971 2580 2130 2636 pares
2161 2579 2258 2636 pa.

675 2649 883 2706 tiantur
913 2651 1209 2719 cruciatus,
1233 2652 1420 2709 eadem
1456 2664 1583 2712 sunt
1612 2655 1824 2712 ratione
1855 2657 2162 2714 aestimandi
2182 2658 2250 2715 “.

672 2739 767 2796 llle
798 2740 942 2796 enim
972 2755 1092 2812 quae
1122 2744 1398 2800 commisit
1422 2757 1488 2800 ea
1519 2746 1574 2800 in
1601 2759 1817 2815 poenam
1858 2756 2101 2816 vertunt,
2125 2749 2254 2807 huic

2435 2196 2497 2250 '0
2529 2194 2631 2268 μὲν
2666 2194 2757 2249 διὰ
2786 2192 2990 2249 κακίαν
3016 2190 3378 2262 κολαζόμενος
3405 2187 3781 2259 αἰσχύνεσθαι,
3820 2189 3848 2242 6
3869 2186 3924 2241 δι

2352 2286 2419 2340 δι’
2447 2283 2653 2358 ἀρετὴν
2680 2282 3074 2356 ἐναϐρύνεσθαι
3108 2282 3318 2346 δίκαιος
3353 2281 3420 2335 ἂν
3450 2280 3558 2352 εἴη.
3593 2281 3669 2334 Οὐ
3714 2279 3825 2351 γὰρ
3855 2290 3927 2333 τα

2353 2375 2494 2432 αὐτὰ
2527 2377 2747 2448 φρονεῖν
2777 2375 2975 2439 αὐτοὺς
3012 2372 3120 2447 χρὴ
3142 2415 3159 2440 ,
3207 2373 3306 2443 τῆς
3335 2370 3646 2434 ὑποθέσεως
3671 2408 3686 2433 ,
3724 2371 3819 2440 ἀφ’
3859 2365 3924 2443 ἧς

2353 2471 2590 2541 γίνεται,
2617 2467 2872 2523 πλεῖστον
2891 2464 3330 2536 διαλλαττούσηςς
3353 2463 3486 2518 Οὐδὲ
3510 2463 3621 2534 γὰρ
3647 2463 3696 2517 εί
3727 2461 3925 2534 λῃστὴς

2355 2563 2446 2618 καὶ
2475 2562 2687 2634 μάρτυς
2714 2558 2784 2614 τὰ
2805 2558 2949 2614 αὐτὰ
2980 2557 3279 2620 πείσονται,
3305 2554 3507 2627 ὁμοίως
3539 2553 3918 2609 διακείσονται.

2352 2653 2446 2724 Τῷ
2472 2653 2571 2726 μιν
2598 2652 2707 2726 γάρ
2743 2652 2862 2706 εστι
2891 2651 3130 2723 τιμωρία
3160 2648 3233 2703 τὰ
3264 2648 3524 2719 γινόμενα
3548 2664 3562 2678 ·
3601 2646 3683 2719 τῷ
3715 2647 3774 2701 δὲ
3806 2663 3926 2700 στε-

2355 2743 2541 2812 φάνων
2571 2741 2859 2805 ὑπόθεσιςο
2887 2739 2970 2793 διὸ
2996 2741 3026 2793 6
3060 2737 3160 2810 μὲν
3199 2736 3509 2803 ταλανίζειν
3553 2736 3751 2794 ἑαυτὸν
3777 2735 3921 2807 ὀφεί-

675 2840 856 2886 autem
885 2846 1098 2887 corona
1137 2846 1292 2903 seges
1318 2834 1647 2905 suppeditat.
1685 2835 1781 2893 llle
1808 2837 1972 2909 igitur
1997 2839 2254 2895 miserum

2354 2832 2458 2900 λει,
2493 2835 2523 2888 6
2547 2832 2607 2887 δὲ
2643 2829 2988 2906 μακαρίζειν.

674 2938 735 2979 se
763 2924 994 2994 appellet
1026 2939 1250 2983 necesse
1277 2933 1406 2992 est;
1443 2926 1533 2984 hic
1578 2943 1710 2986 vero
1753 2907 1973 2988 beatum
2009 2946 2068 2989 se
2111 2947 2252 2988 nun-
2280 2907 2324 2967 θ

675 3022 856 3082 Cttpei.

1128 3126 1439 3188 CCCLXlll.
1468 3160 1542 3174 —
1565 3131 1800 3192 EIDEI.

2847 3137 3009 3194 7:1".
3042 3166 3113 3178 -
3135 3139 3223 3210 re
3253 3137 3455 3210 Αγτυ.

2114 3232 2191 3288 De
2212 3232 2391 3288 eadem
2423 3248 2500 3289 re.

749 3331 863 3388 Non
902 3334 1090 3390 eodem
1122 3333 1264 3392 aﬂici
1317 3337 1515 3396 debent
1552 3340 1713 3398 modo
1765 3343 1963 3414 quibus
2003 3343 2171 3416 iuste,
2197 3354 2253 3401 et

676 3426 873 3496 quibus
915 3426 1115 3495 injuste
1141 3427 1193 3483 in
1222 3429 1323 3485 hoc
1355 3431 1556 3487 mundo
1598 3433 1775 3490 tristia
1813 3435 2134 3493 obveniunt.
2163 3437 2246 3494 liii

2420 3343 2533 3416 οὐχ
2562 3343 2593 3398 6
2626 3342 2852 3408 δικαίως
2876 3342 2970 3398 καὶ
2989 3341 3188 3407 ἀδίκως
3225 3342 3450 3414 πάσχων
3473 3360 3526 3396 τι
3555 3340 3796 3398 ενταῦθα
3830 3342 3921 3398 λυο

2348 3435 2553 3508 πηρὸν,
2605 3433 2802 3507 ὁμοίοις
2846 3433 3150 3490 διακεῖσθαι
3198 3434 3475 3505 ὀφείλουσι
3498 3449 3513 3464 ’
3549 3433 3629 3507 τῷ
3677 3437 3779 3508 μὲν
3822 3438 3922 3506 γὰρ

675 3515 818 3574 enim
855 3517 1109 3602 accidunt
1158 3517 1322 3585 mala,
1354 3527 1412 3575 ut
1453 3521 1732 3591 probetur,
1783 3525 1909 3580 huic
1938 3541 2004 3581 ex
2050 3527 2248 3583 merito

2354 3529 2471 3582 κατ’
2511 3527 2671 3597 ἀξίαν
2718 3527 3162 3601 συμϐαίνει,ιτῷ
3207 3528 3266 3584 δι
3300 3528 3370 3584 δι’
3419 3529 3797 3602 εὐδοκίμησιν.
3837 3531 3922 3584 Διδ

675 3605 979 3690 aua‘cuipa.
1003 3600 1138 3663 Huic
1176 3608 1359 3679 itaque
1384 3609 1512 3666 illud
1535 3611 1660 3682 jure
1700 3622 1787 3669 est
1826 3617 2194 3683 usurpandum
2225 3633 2240 3670 :

2346 3620 2441 3674 καὶ
2469 3619 2499 3674 6
2542 3619 2651 3691 ,μὶν
2695 3617 2877 3690 λεγειν
2929 3619 3138 3686 δίκαιος
3167 3618 3236 3676 ἂν
3274 3620 3362 3693 εἴη
3388 3638 3402 3652 ·
3457 3639 3476 3674 ι
3530 3622 3646 3676 Οὐκ
3689 3623 3820 3689 ἄξια
3849 3617 3922 3678 ὧν

680 3715 701 3748 ε
742 3695 860 3753 Non
898 3712 996 3768 pro
1039 3700 1276 3768 peccatis
1319 3701 1481 3774 digne
1530 3703 1665 3760 satis
1723 3703 2058 3778 ﬂagellamur
2097 3707 2170 3772 ";
2219 3725 2240 3762 ι

2354 3709 2598 3783 ἥμαρτον
2615 3713 3062 3784 μεμαστίγωμαι.
3084 3731 3104 3765 ι
3139 3713 3198 3769 '0
3213 3713 3271 3768 δι
3291 3715 3390 3769 οὐκ
3405 3713 3530 3780 ἀξια
3544 3714 3615 3768 τὰ
3628 3714 3921 3788 παθήματα

681 3789 828 3862 justo
873 3803 1001 3845 vero
1034 3807 1050 3844 :
1092 3807 1111 3842 ι
1146 3788 1263 3845 Non
1290 3795 1420 3848 sunt
1457 3795 1741 3865 condignae
1773 3795 2051 3866 passiones
2087 3797 2249 3868 belus

2354 3800 2446 3857 τοῦ
2473 3800 2569 3856 νῦν
2600 3803 2797 3876 καιροῦ
2844 3804 2981 3877 πρὸς
3008 3806 3106 3876 τὴν
3143 3804 3445 3876 μέλλουσαν
3487 3805 3667 3873 δόξαν.
3705 3827 3725 3859 ι
3771 3806 3922 3861 οὕτω

675 3879 935 3946 temporis
979 3877 1047 3933 ad
1083 3875 1322 3934 futuram
1356 3877 1583 3950 gloriam
1608 3883 1676 3938 ”.
1715 3899 1735 3935 ι
1768 3882 1860 3938 Sic
1908 3884 2124 3955 quidem
2158 3887 2250 3945 ille

675 3960 856 4020 fel-ens
888 3967 1155 4035 patienter
1188 3977 1411 4038 peccata
1455 3972 1638 4041 expiat
1691 3990 1706 4028 :
1769 3971 1862 4029 hic
1919 3988 2047 4032 vero
2078 3992 2248 4050 gene-

673 4069 821 4124 rose,
859 4057 1119 4113 illustrem
1149 4060 1495 4116 nanciscetur
1527 4076 1807 4120 coronam.

941 4169 1253 4231 CCCLXIV.
1282 4205 1352 4217 —
1380 4173 1610 4233 PETRO
1636 4175 1988 4237 HONACHO.

2351 3891 2464 3964 γὰρ
2506 3895 2536 3949 6
2569 3894 2669 3965 μιν
2724 3895 3085 3967 εὐγνωμόνως
3114 3896 3413 3981 ὑπομείνας
3457 3897 3818 3970 ἀποτρίψεται
3854 3897 3921 3952 τὰ

2355 3983 2678 4057 πταίσματα
2706 4001 2722 4021 ο
2751 3987 2781 4041 6
2810 3986 2868 4042 δὲ
2900 3989 2949 4043 εί
2982 3988 3247 4056 γενναίως
3284 3991 3420 4045 οτσει
3443 4031 3458 4057 ,
3493 3990 3793 4062 στεφάνους
3813 3990 3918 4056 ult

2353 4075 2840 4150 τιμαλφεστιρους.

2655 4191 2819 4248 τείν.
2851 4219 2925 4235 -
2954 4193 3183 4268 nmo
3217 4194 3638 4252 MONAZONTI.

1516 4265 1831 4324 Gratulatur
1855 4271 1920 4325 de
1946 4269 2334 4343 otﬂictioaibua,
2363 4287 2415 4334 et
2451 4282 2709 4351 quomodo
2752 4285 3085 4357 superanda.

742 4376 958 4435 Clarum
988 4378 1224 4438 habuisti
1247 4383 1612 4440 certaminum
1643 4385 1992 4457 principium,
2017 4399 2127 4458 quo
2153 4401 2254 4443 no-

674 4468 820 4524 mine
850 4471 1146 4541 gaudentes
1176 4483 1342 4543 atque
1383 4475 1520 4531 adeo
1544 4475 1883 4534 exsultamtts
1927 4494 1942 4531 :
1989 4485 2048 4534 et
2075 4487 2252 4536 mate-

677 4557 814 4613 riam
845 4553 1185 4632 panegyrica
1216 4564 1532 4635 suppeditas
1556 4565 1846 4623 orationis.
1884 4564 1993 4624 Par
2032 4578 2116 4625 est
2144 4570 2250 4626 ita-

674 4665 782 4722 que
811 4653 1130 4724 advigilare,
1177 4667 1341 4728 atque
1391 4658 1521 4715 huic
1556 4672 1779 4730 operam
1818 4660 1952 4719 dare
1997 4677 2104 4733 quo
2133 4663 2256 4720 linis

673 4741 998 4812 sitiellcior,
1037 4760 1198 4816 quem
1230 4750 1588 4821 consequeris
1617 4752 1691 4817 si,
1731 4768 1752 4804 ε
1788 4764 1912 4822 qua:
1934 4763 2085 4811 retro
2126 4763 2254 4811 sunt

673 4833 1001 4892 obliviscens
1032 4836 1098 4892 ad
1159 4853 1222 4893 ea
1258 4853 1376 4909 qua
1407 4851 1533 4896 sunt
1571 4841 1758 4914 priora
1796 4845 2028 4915 teipsunt
2067 4857 2260 4902 exten-

675 4926 770 4982 das
806 4926 885 4994 ”,
952 4946 971 4980 ι
1019 4943 1193 4999 neque
1235 4933 1515 4989 existimes
1571 4945 1832 4992 coronato
1879 4937 2256 4995 abstinendum

675 5032 852 5074 esses
902 5018 1086 5077 labore
1115 5021 1389 5094 deinceps.
1440 5023 1590 5085 Multi
1646 5029 1791 5084 enim
1858 5028 2056 5085 illustri
2102 5029 2247 5086 iacto

675 5124 866 5180 pugnae
892 5111 1068 5178 initio,
1107 5127 1229 5169 mox
1265 5116 1460 5186 supine
1484 5126 1706 5188 agentes
1736 5127 1948 5190 turpem
1980 5121 2106 5177 vitae
2131 5121 2248 5177 eai-

676 5207 788 5252 tum
823 5200 993 5254 secuti
1017 5210 1146 5256 sunt
1181 5220 1194 5256 :
1233 5203 1380 5274 quod
1409 5219 1596 5272 omen,
1645 5218 1796 5277 opto,
1832 5209 1974 5267 Deus
2015 5225 2045 5265 a
2090 5227 2249 5269 sacro

675 5295 765 5344 tuo
792 5291 965 5360 capite
997 5303 1224 5354 avertat.

884 5373 1173 5443 CCCLXV.
1201 5416 1275 5430 —-
1294 5385 1693 5448 LAMPBETIO
1717 5391 2032 5457 DIACONU.

2427 4399 2710 4472 Λαμπρὰν
2740 4400 2842 4472 μιν
2870 4401 3029 4475 ισχες
3063 4400 3175 4457 τῶν
3200 4393 3430 4472 ἀγώνων
3471 4402 3571 4474 τὴν
3598 4403 3775 4474 ἀρχὴν
3794 4418 3806 4432 ·
3830 4401 3918 4457 διὰ

2353 4491 2514 4548 τοῦτο
2552 4493 2647 4547 καὶ
2684 4493 3018 4568 σκιρτῶμεν,
3065 4495 3159 4550 καὶ
3204 4495 3483 4567 χαίρομεν,
3537 4496 3632 4550 καὶ
3670 4496 3914 4568 πανηγύ-

2359 4599 2500 4658 ρεως
2528 4582 2787 4642 ὑπόθεσιν
2814 4586 2914 4658 τὴν
2944 4586 3043 4659 σὴν
3080 4586 3429 4660 εὐδοκίμησιν
3466 4585 3790 4660 ποιούμεθα.
3822 4588 3911 4641 Δί-

2353 4691 2511 4740 καιος
2545 4674 2593 4730 δ’
2627 4675 2697 4732 ἂν
2741 4676 2862 4748 sine
2908 4677 3209 4751 ἀγρυπνεῖν
3257 4679 3351 4734 καὶ
3399 4677 3729 4751 φροντίζειν,
3770 4680 3915 4744 ὅπως

2353 4764 2746 4840 λαμπροτέραν
2777 4766 2919 4834 ῑξεις
2945 4769 3044 4840 τὴν
3071 4769 3326 4841 τελευτήν
3346 4786 3360 4800 ·
3390 4769 3534 4838 ῑξεις
3559 4769 3638 4838 δὶ,
3662 4771 3710 4824 εί
3747 4789 3767 4823 ι
3799 4769 3909 4824 τῶν

2358 4859 2459 4931 μιν
2503 4859 2730 4916 ὄπισθεν
2769 4861 3068 4926 επιλάθοιο,
3120 4865 3234 4924 τοῖς
3264 4862 3320 4918 δὲ
3340 4861 3646 4935 ιμπροσθεν
3669 4863 3914 4918 intrai-

2361 4968 2508 5005 νοιο·
2553 4971 2573 5005 ι
2627 4953 2725 5006 καὶ
2780 4953 2857 5025 μὴ
2909 4953 3146 5025 νομίσας
3190 4953 3292 5025 ήδη
3335 4954 3765 5026 ἐστεφανῶσθαι,
3807 4956 3913 5011 τῶν

2358 5044 2540 5098 πόνων
2561 5042 2811 5099 παύσοιο.
2838 5043 3032 5099 Πολλοὶ
3057 5043 3168 5116 γὰρ
3189 5044 3459 5118 λαμπρῶς
3484 5049 3913 5118 προοιμιασάμεο

2353 5152 2466 5200 νοι,
2520 5135 2616 5190 καὶ
2658 5135 3062 5214 ιῖιειιτιιιιθένιιτς⁹
3106 5136 3466 5202 τελευτῶντες
3501 5137 3741 5211 αἰσχρῶς
3787 5157 3912 5193 κατ-

2355 5225 2648 5299 εστρεψαν·
2678 5225 2818 5299 ὅπερ
2848 5225 3011 5297 ἀπείη
3040 5226 3141 5298 τῆς
3173 5227 3324 5298 ἱερᾶς
3353 5244 3448 5282 σου
3477 5230 3740 5301 κεφαλῆς.

2601 5400 2769 5458 ΤΞΕ¹.
2798 5430 2869 5442 -
2910 5401 3311 5474 ΛΑΜΠΡΕἸἸῼ
3335 5403 3655 5475 ΔΙΔΚΟΝῼ.

1551 5484 1816 5544 Seseritas
1849 5489 2036 5547 iudicii
2063 5490 2233 5545 divini
2267 5507 2372 5561 pro.
2405 5505 2740 5562 peccatorum
2773 5495 3044 5566 qualitate.

747 5569 930 5639 Magna
954 5571 1170 5641 quidem
1203 5573 1295 5631 Dei
1327 5573 1532 5644 judicia
1572 5577 1771 5635 summi
1811 5589 1896 5636 est
1947 5583 2244 5646 accuratio.

2427 5586 2606 5658 Πολλὴ
2632 5587 2734 5658 μὲν
2758 5588 2852 5642 τοῦ
2881 5587 3027 5644 θείου
3054 5588 3312 5645 δικαστοῦ
3341 5592 3375 5662 ὴ
3399 5591 3676 5663 ἀκρίϐεια,
3697 5593 3790 5648 καλ
3816 5592 3908 5666 ῥή-

723 5687 769 5720 ⁹⁹
803 5703 1028 5760 ﬂalacb.
1072 5719 1157 5775 Ill,
1186 5706 1243 5764 6.
1293 5709 1340 5743 ⁸⁸
1373 5709 1394 5766 1
1433 5708 1579 5768 Petr.
1620 5723 1695 5778 ιν,
1729 5712 1817 5768 15.
1877 5715 1923 5747 ’⁸
1955 5713 2138 5774 Juditb
2161 5733 2284 5788 mi,

2356 5722 2408 5782 7.
2457 5725 2506 5757 ”
2542 5726 2702 5780 Rom.
2734 5739 2850 5794 rm,
2878 5729 2964 5782 18.
3023 5726 3071 5761 ⁸⁸
3102 5725 3446 5800 Pbilipp.m,
3475 5729 3559 5786 13.
