4122 6440
161 389 312 460 1545

975 394 1514 464 EPISTOLARUM
1546 393 1695 456 LIB.
1736 395 1805 455 V.
1846 420 1918 432 -
1954 395 2195 457 EPIST.
2237 396 2604 460 CCCLXV“.

3307 406 3444 474 1546

159 523 314 580 ματα
333 503 429 558 καὶ
459 504 784 576 πράγματα,
822 503 914 558 καὶ
945 506 1310 577 ἐνθυμήματα
1353 502 1742 575 βασανίζουσα,

1851 505 2019 560 verba
2048 504 2204 574 juxta
2229 520 2294 559 ac
2325 520 2433 572 res,
2478 509 2825 578 cognataque
2870 512 3204 582 expendcns,
3253 518 3319 571 ad
3363 521 3452 575 in-

151 598 256 653 καὶ
286 597 392 660 ἕως
431 596 640 650 ἀδύτων
670 595 926 667 χωροῦσα
948 636 964 660 ,
1007 597 1100 649 καὶ
1142 595 1230 650 διὰ
1267 596 1488 649 πάντων
1537 595 1750 661 ἀγουσα

153 686 264 756 τὴν
290 686 540 758 ἔρευναν.
587 683 768 755 Πολλὴ
821 684 877 738 δὲ
911 686 1008 738 καὶ
1054 684 1213 756 ἡμῶν
1256 687 1290 757 η
1340 685 1593 755 ἀμέλεια.
1640 681 1750 736 Καὶ

150 776 337 830 ταῦτα
367 777 609 842 εἰδότων,
648 776 732 829 ὅτι
767 775 990 842 πάντως
1029 777 1189 847 δίκην
1234 777 1526 848 ύφέξομεν,
1561 778 1612 830 εί
1652 776 1750 830 καὶ

151 868 238 938 μὴ
262 870 362 938 τὴν
389 866 559 936 αὐτὴν
590 865 855 930 ἅπαντες.
890 867 964 921 Οὐ
999 866 1104 938 γάρ
1133 870 1182 921 οἱ
1210 870 1324 932 τοϊς
1347 867 1535 930 αὐτοῖς
1563 867 1746 937 ἀμαρ-

146 955 369 1026 τήμασι
409 955 831 1025 περιπεσόντες,
883 955 1103 1018 πάντως
1141 955 1243 1026 τὴν
1292 954 1463 1024 αὐτὴν
1515 952 1746 1008 δώσουσι
1785 985 1790 988 -

144 1045 336 1118 δίκην,
371 1045 446 1115 τῷ
480 1046 574 1098 καὶ
623 1046 803 1107 αίτίας
841 1044 1215 1112 ἰξετάζεσθαι,
1248 1046 1342 1100 καὶ
1366 1046 1597 1118 καιροὺς
1647 1045 1744 1100 καὶ

145 1116 386 1198 τόπους·
425 1128 538 1188 οἶόν
580 1152 632 1188 τι
661 1135 804 1202 λέγω
823 1150 839 1164 ·
872 1134 1073 1205 ἐναγὴς
1103 1137 1132 1190 ό
1176 1135 1357 1204 φόνος.
1407 1116 1506 1200 Τίς
1535 1135 1647 1205 γὰρ
1678 1134 1741 1188 οὐ

144 1224 353 1296 φήσει;
415 1225 554 1279 Ἀλλ’
597 1227 725 1278 ὅταν
749 1226 845 1280 καὶ
872 1227 932 1279 ἐν
974 1227 1158 1296 ἁγίαις
1207 1227 1442 1297 ἡμέραις
1471 1226 1703 1296 γένηται
1724 1267 1740 1292 ,

143 1316 514 1387 ἑναγέστερος
551 1317 797 1384 γίνεται⁶
830 1319 878 1371 εἰ
917 1318 975 1372 δὲ
1009 1319 1102 1372 καὶ
1133 1320 1192 1372 ἐν
1247 1318 1379 1390 ἱερῷ
1417 1318 1604 1389 τόπῳ,
1653 1319 1742 1371 ἐν-

141 1408 476 1475 αγὲστατοςο
500 1406 594 1460 τοῦ
624 1406 796 1462 κακοῦ
821 1409 916 1462 καὶ
936 1408 1153 1463 ἀπὸτοῦ
1183 1409 1378 1480 καιροῦ
1403 1411 1498 1463 καὶ
1520 1408 1629 1463 ἀπὸ
1645 1409 1738 1462 τοῦ

139 1499 321 1551 τόπου
366 1498 737 1568 αὐξανομένου
763 1539 780 1566 ,
810 1499 906 1554 καὶ
959 1499 1282 1572 προσθήκην
1329 1501 1412 1564 τίς
1465 1500 1738 1571 τιμωρίαν

137 1586 545 1660 λαμϐάνοντος,
579 1589 671 1642 καὶ
698 1590 995 1660 ήητορνεία
1033 1589 1133 1662 μία
1168 1587 1310 1644 εἶναι
1352 1589 1608 1652 δοκοῦσα,
1641 1588 1739 1642 καὶ

137 1677 259 1731 ἀπὸ
296 1678 492 1751 καιροῦ
514 1717 527 1742 ,
567 1678 658 1732 καὶ
699 1678 809 1732 ἀπὸ
839 1678 1010 1733 τόπου
1047 1680 1328 1753 βαρυτέρα
1370 1681 1606 1748 γίνεται.
1639 1681 1734 1732 Ἓν

135 1769 329 1821 τοίνυν
354 1769 647 1840 σκοπῶμεν
674 1771 820 1834 ὅπως
836 1770 906 1824 τά
926 1769 1049 1824 καθ’
1075 1771 1303 1849 ἑαυτοὺς
1327 1767 1389 1826 εὖ
1415 1770 1718 1839 διαθῶμεν·

1855 598 1986 652 tinta
2011 613 2181 667 usque
2212 600 2548 666 penetrando
2583 614 2647 655 ac
2674 605 2975 657 scrutando
3003 615 3219 662 cuncta.
3251 606 3322 663 At
3358 611 3441 664 in-

1850 702 1985 759 gens
2021 689 2179 743 nobis
2241 689 2484 758 ignavia,
2542 691 2649 746 etsi
2697 708 2805 746 non
2859 694 3031 764 fugiat
3087 712 3190 756 nos
3248 712 3442 769 Pennas

1849 779 2075 835 omnino
2112 781 2518 850 persoluturos,
2549 785 2804 854 quamvis
2845 801 2952 842 non
2977 789 3198 844 easdem
3223 806 3435 850 omnes.

1849 869 2034 940 Neque
2063 873 2208 927 enim
2241 888 2452 942 omnes,
2499 877 2690 931 eadem
2741 877 3142 949 delinquentes,
3188 885 3438 940 eamdem

1846 961 1997 1018 luent
2046 977 2288 1032 poenam,
2320 965 2450 1034 quia
2506 973 2561 1020 et
2596 980 2783 1034 causa,
2820 979 2876 1024 et
2907 970 3044 1037 loco,
3089 986 3155 1028 ac
3194 983 3438 1045 tempora

1845 1052 2323 1108 examinabuntur.
2353 1054 2515 1110 Verbi
2542 1058 2718 1126 gratia
2751 1059 3105 1118 homicidium
3141 1078 3436 1119 exsecran~

1846 1144 1973 1195 dum
2009 1141 2271 1212 ﬂagitium
2295 1153 2401 1210 est,
2427 1144 2551 1213 quis
2581 1146 2782 1216 neget?
2814 1147 2965 1216 Quod
2993 1151 3038 1206 si
3067 1151 3223 1207 festis
3255 1163 3438 1223 patra-

1848 1242 1958 1287 tutn
1987 1234 2059 1288 sit
2089 1233 2282 1288 diebus
2313 1236 2489 1305 magis
2517 1247 2603 1293 cst
2653 1241 3073 1306 exsecrandum,
3122 1245 3169 1299 si
3224 1247 3276 1299 in
3319 1246 3437 1302 loco

1848 1334 2008 1380 sacro
2034 1327 2272 1381 maxime
2299 1329 2537 1392 exsistit,
2593 1328 2998 1398 detestandum,
3040 1333 3248 1406 ﬂagitio
3285 1353 3438 1394 sum-

1842 1427 2115 1483 mopcrea
2148 1413 2248 1468 loci
2292 1417 2670 1488 temporisque
2707 1420 3121 1476 circumstantia
3177 1427 3433 1492 adauctu,

1842 1517 2002 1572 pmna
2025 1503 2191 1557 etiam
2219 1516 2574 1574 augmentum
2607 1509 2733 1562 inde
2757 1522 3008 1567 sumente
3041 1532 3055 1568 :
3088 1525 3142 1570 et
3174 1519 3435 1576 scortatio

1841 1595 1968 1650 licet
2012 1611 2121 1650 una
2171 1595 2440 1661 videatur,
2495 1600 2742 1654 variatur
2778 1608 2960 1658 tamen
3025 1606 3435 1680 intenditurque

1841 1685 2104 1754 temporis
2132 1685 2349 1755 locique
2389 1687 2682 1755 adjunctis.
2717 1691 2987 1750 Curemus
3027 1696 3214 1768 itaque
3241 1702 3293 1754 in
3319 1702 3434 1772 pri-

1837 1776 1964 1842 mis,
2001 1783 2061 1832 ut
2093 1792 2276 1833 mores
2317 1793 2706 1848 componamus
2729 1793 2953 1840 nostros
3013 1805 3029 1841 :
3088 1790 3256 1858 judici
3300 1807 3430 1849 vero

133 1857 224 1929 τῷ
247 1858 306 1912 δὲ
332 1862 490 1931 κριτῇ
519 1861 904 1934 ἐπιτετράφθω
928 1864 960 1932 ἡ
986 1842 1222 1936 ἀκριέὴς
1243 1862 1498 1932 βάσανος.
1521 1863 1598 1916 Οὐ
1622 1861 1733 1931 γὰρ

1841 1868 1952 1923 Deo
1976 1869 2184 1939 optimo
2204 1871 2446 1924 maximo
2473 1872 2658 1928 relicta
2694 1876 2767 1930 sit
2817 1890 3073 1933 accurata
3131 1887 3307 1940 nostri
3336 1900 3431 1942 co-

135 1950 193 2001 ci
239 1950 403 2021 ἡμεῖς
455 1950 551 2005 νῦν
597 1953 878 2025 όριοῦμεν,
913 1954 1079 2018 αὐτὸς
1111 1953 1514 2024 ἐπιψηφιεῖται.
1561 1952 1728 2006 Ἀλλὰ

134 2037 360 2109 ἀνάγκη
395 2040 544 2110 ἡμᾶς
568 2041 668 2112 τὴν
689 2042 989 2097 ἀδέκαστον
1017 2044 1312 2115 ἀναμένειν
1343 2043 1547 2114 ψῆφον.

639 2335 820 2406 ΤΞς-ο.
847 2367 915 2378 -
946 2338 1222 2410 ramo.

1836 1956 2010 2027 gnitio
2056 1967 2112 2013 et
2165 1959 2496 2028 disquisitlo.
2533 1961 2653 2017 Non
2709 1964 2855 2020 enim
2889 1971 2932 2022 sl
2984 1971 3112 2038 quid
3153 1989 3296 2029 nunc
3328 1976 3429 2043 ipsi

1833 2049 2160 2115 deﬁnimus,
2205 2051 2323 2120 ipse
2353 2055 2684 2110 sententiam
2719 2057 2798 2113 sic
2827 2059 2985 2129 feret,
3020 2063 3190 2136 669
3225 2069 3320 2124 sed
3348 2070 3431 2125 ln-

1835 2151 2047 2211 tegrum
2078 2143 2571 2216 incorruptumque
2598 2148 2718 2219 ejus
2742 2162 2965 2221 oportet
2997 2168 3316 2226 exspectare
3339 2161 3427 2233 ju-

1830 2231 2051 2289 dicium.

2213 2341 2537 2400 CCCLXVI.
2588 2375 2660 2388 --
2701 2346 3030 2408 ΠΥΡΑΤῙΟ.

924 2432 1108 2488 Virtus
1129 2444 1245 2503 post
1286 2434 1505 2490 sudores
1535 2435 1795 2505 gaudium
1819 2445 1868 2491 et
1899 2450 2151 2490 coronam
2187 2439 2327 2506 parit
2364 2439 2642 2524 caelestem.

213 2536 371 2608 Ἔχει
409 2537 508 2610 μὶν
543 2536 578 2609 ἠ
613 2539 786 2611 ἀρετὴ
817 2539 1159 2612 εὐφροσύνην
1199 2539 1469 2613 εἰλικρινῆ
1499 2542 1596 2596 καὶ
1633 2540 1721 2596 ιν-

130 2625 293 2694 δοξον
343 2629 439 2683 καὶ
474 2627 856 2702 ἀτελεύτητον,
892 2631 998 2685 ὑπὸ
1039 2633 1138 2701 μὲν
1162 2631 1255 2685 τοῦ
1297 2631 1507 2702 ἀγαθοῦ
1537 2650 1718 2688 συνει-

131 2718 289 2783 δότος
318 2720 666 2792 τικτομένην,
704 2721 809 2775 ὑπὸ
847 2720 903 2774 δὲ
949 2720 1056 2774 τῶν
1091 2722 1482 2794 ὑπερκοσμίων
1515 2724 1719 2793 στεφά-

134 2827 246 2866 νων
274 2809 672 2883 τιθηνουμένην
720 2811 852 2884 (Η),
878 2813 972 2867 καὶ
1004 2812 1109 2866 ὑπὸ
1135 2815 1234 2882 τῆς
1266 2814 1376 2868 τῶν
1413 2815 1718 2886 μελλόντων

134 2901 354 2966 δλπίδος
396 2903 738 2974 τρεφομένην
757 2920 770 2934 ο
801 2903 914 2974 ἔχει
941 2903 997 2957 δὲ
1029 2905 1122 2958 καὶ
1149 2904 1371 2973 πόνους,
1411 2907 1506 2960 καὶ
1541 2908 1719 2978 ἀγρυ-

133 2991 321 3055 πνίας,
358 2994 450 3046 καὶ
477 2994 761 3062 ἀσκήσεις,
799 2994 865 3047 δι’
906 2987 981 3049 ὧν
1019 2995 1402 3066 κατορθοῦται.
1436 2998 1512 3051 Οὐ
1548 2999 1657 3067 γὰρ
1686 2997 1716 3050 ὁ

1901 2544 2086 2601 Virtus
2113 2560 2243 2601 sane
2272 2546 2567 2612 sinceram,
2605 2550 2920 2617 gloriosam,
2976 2564 3140 2627 atque
3191 2560 3421 2616 immor-

1828 2620 1986 2692 talem
2011 2637 2415 2710 perfectamque
2444 2642 2684 2697 continet
2709 2644 2972 2713 laetitiam,
3004 2664 3032 2703 a
3050 2620 3201 2706 bona
3229 2656 3421 2722 quavis

1815 2727 2149 2782 conscientia
2184 2729 2441 2798 genitam,
2476 2735 2698 2789 coronis
2740 2747 2919 2792 autem
2965 2739 3278 2798 caelestibus
3316 2761 3420 2801 nu-

1818 2817 2000 2871 tritam
2027 2818 2427 2889 educatamqne
2455 2836 2550 2891 spe
2580 2820 2889 2882 futurorum
2920 2828 3206 2890 bonorum.
3239 2833 3416 2893 liabet

1815 2921 1946 2962 vero
1990 2908 2157 2962 etiam
2212 2907 2427 2966 labores
2475 2911 2797 2985 vigiliasque
2854 2929 2908 2973 et
2961 2924 3411 2991 exercitationes,

1813 2999 2013 3068 quibus
2043 3000 2220 3055 virtus
2267 3001 2567 3071 perﬁcitur.
2605 3004 2839 3074 lgnavus
2870 3013 3014 3066 enim
3055 3022 3108 3069 et
3137 3016 3415 3076 dormiens

133 3077 402 3150 ῥᾳθυμῶν
445 3081 542 3134 καὶ
593 3080 872 3135 καθεύδων
917 3084 1182 3156 τρόπαιον
1240 3085 1453 3154 στήσει,
1517 3085 1633 3140 ἀλλ’
1684 3087 1745 3140 δε

1826 3098 2020 3158 lr0p:ea
2061 3104 2170 3143 non
2210 3099 2435 3158 statuet,
2475 3094 2571 3148 sed
2605 3096 2700 3165 qui
2737 3085 2911 3153 ralide
2953 3102 3005 3155 in
3062 3102 3271 3160 hostem
3315 3125 3414 3176 pu-

131 3166 405 3238 λαμπρῶς
436 3169 575 3240 πρὸς
598 3171 728 3235 τοὺς
769 3171 1052 3237 ἐναντίους
1101 3173 1536 3243 ἀγωνισάμενος,
1565 3176 1627 3229 Et
1657 3175 1714 3229 δὲ

131 3257 304 3327 φαίης
334 3257 518 3324 πάλιν,
549 3258 738 3332 ὥσπερ
765 3257 858 3316 οὖν
889 3262 984 3316 καὶ
1011 3262 1169 3333 ἔφης,
1205 3257 1317 3316 οἶόν
1343 3279 1405 3317 τε
1454 3259 1594 3318 εἶναι
1621 3266 1715 3320 τὸν

129 3347 202 3401 τὰ
232 3346 462 3417 βιωτικά
499 3349 802 3421 πράγματα
835 3355 1355 3427 μεταχειριζόμενον
1389 3356 1710 3427 πεφθῆναι,

131 3437 318 3492 ¹πάντα
344 3437 413 3492 τὰ
438 3437 552 3510 εἴδη
582 3442 685 3510 τῆς
706 3442 911 3513 ἀρετῆς
930 3445 1380 3516 κατορθώσαντα,
1425 3447 1520 3500 καὶ
1548 3463 1716 3499 σπου-

130 3526 333 3608 δάζων,
385 3527 523 3584 ἀλλά
571 3529 648 3603 μὴ
688 3533 901 3596 παίζων
939 3534 1185 3606 ἀκριϐῶς
1230 3535 1408 3591 ταῦτα
1458 3538 1603 3608 φής·
1636 3536 1713 3608 μὴ

129 3613 409 3690 φθονήσῃς
435 3616 646 3684 διδάξαι
680 3637 749 3690 με
779 3622 841 3675 τὸ
897 3624 1204 3694 παράδοξον
1231 3622 1393 3678 τοῦτο
1430 3626 1527 3678 καὶ
1573 3624 1712 3678 νεώ-

129 3723 293 3778 τερον
325 3708 570 3781 μάθημα.
606 3712 740 3764 Οὐδὲ
766 3713 873 3784 γὰρ
902 3713 1094 3784 ῥᾳδίας
1129 3715 1263 3784 (15),
1295 3715 1392 3769 καὶ
1426 3715 1708 3780 πλατείας,

129 3797 232 3851 καὶ
261 3796 567 3867 ίππηλάτου
598 3796 765 3870 οὔσης
796 3799 899 3871 τῆς
923 3801 1180 3871 τοιαύτης
1214 3800 1358 3864 ὀδοῦ,
1396 3801 1711 3870 πράγματα

137 3885 400 3957 βούλομαι
432 3888 596 3951 αὑτός
622 3905 683 3941 τε
717 3889 884 3959 ἔχειν,
915 3889 1013 3942 καὶ
1056 3892 1169 3954 τοῖς
1211 3889 1390 3953 ἄλλοις
1422 3891 1706 3960 παρέχειν,

129 3976 307 4044 λέγων
337 3977 398 4030 τὸ
446 3978 843 4046 ἀποστολικδν,
884 3981 966 4034 ὅτι
1008 3998 1027 4032 ι
1066 3980 1165 4034 Διά
1211 3979 1426 4034 πολλῶν
1473 3980 1709 4048 θλίψεων

126 4065 214 4119 δεῖ
241 4066 386 4135 ἡμᾶς
415 4067 674 4121 είσελθείν
699 4070 778 4132 είς
804 4068 903 4141 τὴν
927 4069 1204 4140 βασιλείαν
1235 4070 1345 4123 τῶν
1378 4069 1648 4141 οὐρανῶν.
1683 4087 1703 4121 ι

139 4154 205 4208 '0
235 4154 343 4226 γὰρ
377 4157 654 4226 Δεσπότης
696 4159 930 4229 Χριστὸς
964 4149 1307 4231 ἀπεφήνατο,
1341 4159 1532 4230 στενὴν
1567 4156 1707 4213 εἶναι

127 4247 231 4315 τὴν
257 4244 457 4317 πύλην,
491 4249 588 4300 καὶ
621 4248 991 4320 τεθλιμμένην
1018 4251 1117 4322 τὴν
1157 4250 1296 4314 ὁδὸν,
1329 4250 1425 4323 τὴν
1458 4250 1706 4318 ἀπάγου-

1817 3175 2084 3246 guavcrit.
2120 3175 2176 3231 Si
2212 3178 2408 3232 iterum
2453 3179 2706 3248 objicias,
2744 3188 2886 3254 quod
2913 3188 3074 3252 facis,
3108 3191 3222 3247 fieri
3250 3175 3412 3264 posse
3485 3219 3490 3223 ·

1818 3275 1875 3318 ut
1905 3265 1996 3336 qui
2032 3267 2098 3319 ad
2132 3266 2425 3322 humanam
2461 3272 2627 3326 vitam
2665 3276 2879 3344 negotia
2917 3280 3240 3346 pertinentia
3299 3296 3411 3340 tra-

1817 3363 1946 3420 ctet,
1991 3365 2290 3439 coronetur
2321 3360 2471 3415 omni
2515 3362 2775 3419 virtutum
2819 3379 3048 3427 ornatus
3092 3388 3308 3443 genere.
3344 3376 3412 3432 Et

1817 3445 1959 3497 serio
2012 3433 2125 3501 haec
2156 3446 2416 3515 quidem,
2453 3461 2817 3525 accurateque
2861 3474 2966 3513 non
3012 3433 3251 3531 joc-audo
3295 3466 3411 3522 haec

1815 3532 2050 3601 profers,
2084 3551 2188 3589 non
2227 3536 2451 3594 moleste
2478 3548 2657 3598 tamen
2692 3543 2834 3601 feres
2861 3548 3056 3605 docere
3087 3567 3173 3607 me
3209 3569 3406 3610 novum

1817 3625 1919 3679 hoc
1966 3635 2018 3680 et
2077 3626 2392 3682 inusitatum
2443 3641 2539 3685 aut
2594 3633 2914 3694 incredibile
2967 3640 3186 3711 dogma.
3222 3643 3409 3714 Neque

1814 3726 2069 3780 veroego
2097 3718 2312 3772 tametsi
2346 3717 2546 3786 facilis,
2598 3722 2726 3789 lata,
2772 3735 2826 3780 et
2874 3743 3062 3799 prope,
3095 3741 3155 3786 ut
3202 3735 3274 3788 ita
3325 3737 3407 3790 di-

1814 3817 1955 3868 cam,
1980 3807 2185 3861 curulis
2216 3819 2361 3863 esset
2401 3811 2508 3876 via,
2545 3828 2664 3880 qua:
2696 3817 2764 3870 ad
2803 3819 3001 3873 ccelutn
3053 3821 3221 3887 ducit,
3271 3826 3404 3881 mihi

1817 3901 1994 3946 tamen
2043 3894 2230 3950 aliisve
2261 3912 2380 3951 eam
2413 3899 2685 3956 tliﬂicilent
2721 3907 2950 3963 reddere
2984 3910 3167 3974 velim,
3197 3929 3406 3970 memor

1811 3981 1928 4049 ejus
1979 3987 2261 4054 apostolici
2315 3989 2496 4044 dicti:
2539 4010 2560 4044 ι
2627 3993 2731 4049 Per
2775 3997 2973 4056 multas
3025 4002 3404 4061 tribulationes

1809 4082 2025 4141 oportet
2059 4090 2159 4131 nos
2209 4077 2417 4135 intrare
2457 4081 2513 4135 in
2566 4098 2789 4154 regnum
2841 4088 2931 4142 Dei
2962 4089 3031 4146 ”.
3077 4110 3095 4143 ι
3152 4092 3404 4152 Christus

1807 4179 1941 4220 vero
1993 4165 2254 4224 Dominus
2323 4173 2566 4227 OSteudit
2647 4189 2930 4246 angustant
2989 4197 3115 4238 esse
3165 4195 3399 4253 portam,

1811 4255 2063 4324 viamque
2121 4257 2470 4327 laboriosam,
2513 4278 2632 4332 qua:
2664 4268 2730 4320 ad
2766 4269 2929 4323 vitatu
2990 4273 3151 4327 ducat
3200 4278 3404 4347 sempi-

129 4353 232 4390 σαν
260 4337 337 4399 εις
371 4335 468 4407 τὴν
495 4335 660 4408 ζωὴν,
695 4339 790 4392 καὶ
822 4341 1038 4409 ὀλίγους
1087 4338 1229 4397 εἶναι
1256 4343 1384 4406 τοὺς
1418 4343 1706 4413 εὑρίσκον·
1736 4406 1745 4434 Ἰ

1826 4360 2044 4411 .ernam,
2074 4363 2381 4420 paucosque
2431 4353 2568 4408 adeo
2610 4369 2756 4422 esse,
2804 4360 2897 4429 qui
2932 4375 3052 4416 eam
3104 4335 3398 4434 reperiant.

127 4443 228 4489 τας
256 4406 443 4498 αὑτήν,
481 4406 642 4481 Ἀλλὰ
674 4432 782 4502 γὰρ
835 4406 996 4486 τοῦτο
1026 4435 1087 4487 οὐ
1121 4435 1356 4506 δύναμαι
1394 4406 1610 4505 μαθεῖν,
1643 4435 1706 4489 οὐ
1736 4406 1745 4462 1

2033 4406 2090 4417 -.
2295 4406 2306 4420 ,
2549 4406 2558 4408 ﬁ
2619 4406 2756 4422 ---η
2807 4406 2897 4429 τ--.
3104 4406 3398 4434 .ν,....-....

1826 4436 1922 4490 "Sed
1977 4438 2078 4492 hoc
2122 4440 2371 4508 equidem
2407 4456 2513 4496 non
2551 4459 2773 4514 possum
2808 4449 3018 4505 discere
3051 4469 3066 4506 :
3105 4469 3212 4508 non
3251 4457 3399 4514 enim

127 4518 238 4588 γὰρ
289 4519 382 4589 lci;
412 4520 476 4572 σὺ
513 4522 606 4574 καὶ
639 4522 707 4575 δι’
732 4517 807 4576 ὧν
837 4525 1040 4594 λέγεις,
1071 4529 1168 4580 καὶ
1197 4527 1264 4581 δι’
1316 4520 1391 4582 ὧν
1420 4528 1702 4599 πράττεις,

125 4607 622 4678 ἀντιφθεγγόμενος
654 4611 826 4687 ταύτῃ
855 4631 913 4668 τε
942 4618 1010 4686 τῇ
1039 4617 1204 4687 ψήφῳ
1223 4656 1238 4682 ,
1265 4617 1362 4671 καὶ
1388 4620 1502 4682 τοῖς
1535 4617 1704 4683 θείοις

125 4701 416 4770 χρησμοῖς,
452 4702 546 4753 καὶ
579 4704 841 4758 τάναντία
872 4706 1165 4763 παιδεύων.

316 4804 477 4862 ΤΞΖ¹.
518 4837 590 4851 -—
626 4809 1024 4882 ΘΕΟΓΝΩΣΤῼ
1063 4814 1530 4887 ΠΡΕΣΒΥΤΕῙᾮ.

1812 4526 2018 4580 desinis
2052 4535 2106 4580 tu
2139 4544 2236 4597 per
2277 4542 2339 4582 ea
2369 4545 2492 4599 qua:
2526 4533 2705 4602 jactas
2734 4539 2960 4609 agisque
2989 4545 3232 4612 quotidie
3270 4548 3402 4604 huic

1810 4619 2097 4673 sententia:
2133 4619 2452 4689 reclamare,
2501 4635 2664 4695 atque
2714 4629 2914 4686 divinis
2933 4637 3170 4692 oraculis
3194 4639 3397 4704 obniti,

1812 4707 1922 4762 imo
1942 4712 2214 4766 contraria
2243 4714 2405 4767 etiam
2448 4718 2649 4784 passim
2679 4720 2894 4779 docere.

1808 4813 2154 4869 CCCLXV".
2207 4845 2276 4857 —
2334 4818 2826 4880 ΤΙΙΕΟΟΝΟΞΤΛΕ
2913 4827 3395 4894 PRESBYTERO.

605 4902 680 4956 De
707 4905 904 4959 ultione
923 4907 1101 4960 divina
1135 4909 1191 4960 in
1222 4909 1338 4962 illos
1364 4912 1456 4973 qui
1485 4909 1693 4963 nomine
1721 4919 1768 4962 et
1806 4918 2006 4972 tropea
2036 4912 2208 4964 crucis
2233 4912 2429 4986 signati
2468 4916 2684 4986 indigne
2709 4921 2909 4977 vivunt.

198 5010 492 5064 Πίπτωκεν
537 5011 566 5063 ό
606 5010 870 5076 διάϐολος,
915 5015 964 5066 εί
993 5015 1087 5068 καὶ⁵
1117 5015 1540 5086 ἀπερισκέπτως
1569 5017 1698 5090 θραο

126 5099 363 5154 cavam.
409 5100 749 5170 Θρασύνεται
795 5103 890 5170 δὲ,
930 5102 1030 5176 τὴν
1086 5107 1364 5178 ἡμετέραν
1417 5107 1700 5179 ρᾳθυμίαν

123 5188 335 5258 ἑφόδιον
372 5189 473 5260 τῆς
516 5191 722 5255 οἰκείας
771 5180 1030 5258 ἀπονοίας
1070 5197 1413 5266 ποιούμενος.
1466 5199 1540 5252 Τὸ
1587 5199 1697 5270 γὰρ

128 5295 382 5349 μιγιστον
414 5282 507 5333 καὶ
547 5280 689 5334 θεῖον
730 5285 1015 5353 τρόπαιον,
1067 5288 1205 5360 ὅπερ
1235 5290 1264 5341 ὁ
1313 5289 1503 5363 Σωτὴρ
1533 5291 1696 5362 δεῦρο

171 5457 215 5488 ⁸³
242 5459 362 5516 Aet.
405 5475 516 5528 xtv,
546 5462 639 5516 ﬁt.

1882 5017 2138 5075 Diabolus
2177 5022 2315 5078 ctelo
2345 5023 2566 5092 decidit,
2597 5035 2836 5086 attamen
2892 5031 3022 5089 ferit
3086 5049 3151 5091 ac
3203 5038 3394 5099 ferocit

1809 5111 2154 5167 temerarius.
2188 5113 2405 5171 Ferocit
2435 5117 2581 5172 enim
2623 5122 2896 5192 audetque
2923 5129 3171 5184 socordia
3207 5144 3394 5190 nostra

1807 5201 2112 5257 subsidium
2133 5203 2234 5258 sibi
2268 5207 2500 5277 pr0pri:e
2521 5223 2718 5280 parare
2750 5215 3023 5271 amentiae.
3056 5217 3209 5286 Quod
3248 5223 3392 5280 enim

1808 5293 2106 5348 maximum
2136 5309 2201 5352 ac
2230 5296 2474 5355 divinum
2509 5309 2771 5374 tropazum
2802 5307 2985 5365 crucis
3014 5312 3080 5366 ad
3118 5326 3216 5368 nos
3250 5313 3390 5372 Deus

1231 5585 1466 5642 VARIxE
1504 5586 1889 5647 LECTIONES
1928 5591 2018 5649 ET
2055 5595 2288 5654 ΝΟΤᾸΕ.

189 5727 297 5798 (Η)
333 5729 407 5783 Ex
451 5731 838 5804 τιθυνουμένην
868 5737 988 5791 cod.
1032 5737 1138 5793 Alt.
1179 5739 1315 5796 tollit
1359 5760 1428 5796 τι.
1477 5739 1684 5800 Possm.

356 5823 622 5889 Ρηιιοι..
656 5830 769 5892 Gtt.
815 5832 1134 5894 LXXVIII.

1869 5745 1984 5819 (l5\
2036 5748 2252 5824 Ῥᾳδίας
2281 5755 2402 5813 cod.
2427 5756 2535 5814 Alt.
2565 5768 2737 5818 mutat
2761 5755 2813 5819 in
2846 5763 3069 5836 ῥᾳδίως.
3097 5764 3173 5823 In.

2899 5855 2975 5920 49
