4122 6446
718 388 850 455 Τίν’-Π

1904 384 1963 444 S.
2009 380 2298 444 ISIDORI
2337 380 2774 441 PBLUSIOTAZ

3821 381 3951 447 1558

718 506 936 556 Veniens
992 497 1179 551 statuit
1238 495 1303 549 de
1347 493 1578 557 diabolo,
1626 491 1921 546 verendum
1959 506 2087 546 sane
2114 499 2194 545 est
2227 503 2290 542 ne

2394 489 2752 560 ἔπιφοιτήσας
2802 488 2920 542 κατ’
2951 487 3116 542 αὑτοῦ
3161 488 3374 560 ἔστησε.
3426 489 3724 544 κινδυνεύει
3763 491 3830 546 ἑκ
3857 493 3952 565 τῆς

717 605 900 648 nostra
951 589 1291 658 improbitate
1336 587 1673 646 obscuretur,
1709 599 1813 638 non
1847 585 2041 637 amissa
2072 581 2285 649 quidem

716 702 808 740 Sua
843 685 911 745 vi,
942 683 1032 736 sed
1059 688 1244 736 nostro
1275 688 1491 748 torpore
1537 691 1600 730 ac
1648 676 1905 729 darmonis
1941 674 2137 727 malitia
2192 687 2286 725 nos

716 773 1107 830 circumeuntis
1144 771 1422 839 injuriose.
1462 767 1562 832 Qui
1595 767 1737 822 enim
1775 767 1913 834 regis
1945 765 2284 832 trimupban-

719 869 786 922 tis
815 866 1012 920 milites
1036 879 1094 918 se
1119 878 1238 918 esse
1273 859 1592 929 gloriantes,
1628 857 1978 923 divinumque
2026 855 2142 922 ejus
2192 867 2285 904 no-

715 975 835 1015 mcu
862 974 957 1026 pro
983 971 1189 1011 summa
1227 953 1506 1022 dignitate,
1543 959 1599 1002 ut
1648 963 1831 1003 revera
1864 955 1966 1011 est,
2002 944 2288 998 circumfe-

715 1057 892 1102 rentes
922 1043 1240 1106 Christiani,
1278 1040 1487 1095 deliciis
1521 1051 1583 1091 ac
1623 1034 1847 1105 quaestui
1873 1032 1984 1102 jam
2036 1040 2162 1084 sunt
2195 1030 2288 1083 de-

716 1141 837 1201 diti,
877 1153 995 1192 cum
1028 1134 1127 1205 ipsi
1163 1135 1306 1203 digni
1336 1129 1554 1202 sintqui
1581 1129 1882 1188 vincantur,
1908 1132 2124 1193 propter
2147 1120 2288 1187 regis

719 1242 894 1285 tamen
924 1228 1172 1298 gloriam,
1210 1205 1513 1290 nomenque
1559 1222 1816 1286 superant
1859 1235 1875 1270 ι
1921 1221 2125 1268 tantum
2179 1227 2285 1266 non

713 1321 856 1374 enim
890 1319 990 1372 hoc
1016 1315 1171 1368 modo
1199 1313 1302 1367 illis
1325 1311 1562 1366 accinit:
1592 1325 1615 1359 ι
1654 1305 1902 1376 Non-ego
1928 1304 2093 1359 vestri
2122 1317 2286 1357 causa

715 1425 835 1479 ago,
863 1410 954 1463 sed
985 1415 1201 1475 propter
1239 1417 1431 1457 nomen
1461 1414 1661 1464 meum,
1695 1412 1759 1452 ne
1792 1395 1919 1450 illud
1956 1395 2286 1462 profanetur,

715 1511 875 1566 atque
922 1495 1254 1564 inquinetur.
1304 1509 1323 1542 ›
1357 1489 1467 1544 Nisi
1518 1489 1664 1543 enim
1711 1485 1983 1556 propriam
2022 1483 2137 1552 ipse
2167 1498 2288 1536 cunt

715 1592 901 1659 plausu
937 1591 1283 1652 componeret
1313 1581 1650 1650 religionem,
1676 1586 1731 1631 et
1755 1576 1932 1629 omnia
1966 1573 2065 1628 sibi
2101 1571 2288 1641 subju-

714 1689 887 1746 garet,
920 1678 1083 1748 67o
1116 1685 1234 1746 post
1266 1671 1553 1740 aliquando
1586 1669 2025 1736 vilipcnderetur,
2074 1663 2287 1734 ignavia

717 1786 821 1825 non
854 1771 1033 1824 debite
1059 1782 1181 1823 eam
1214 1761 1712 1818 administrantium
1751 1776 1765 1811 :
1798 1756 1892 1812 sed
1924 1755 2139 1825 quando
2173 1768 2290 1824 pro-

2387 580 2665 649 ἡμετέρας
2695 579 2892 642 κακίας
2918 578 3346 649 ἀμαυρωθῆναι·
3375 578 3436 630 ού
3465 579 3562 650 τὴν
3591 579 3798 632 οἰκείαν
3825 581 3950 635 ἀπο-

2387 668 2550 722 λ.έ.ταν
2579 669 2827 740 δύναμιν,
2857 669 2972 723 ἀλλ’
2999 669 3103 722 ὑπὸ
3133 673 3231 739 τῆς
3257 669 3474 731 ἀτονίας
3499 669 3594 722 καὶ⁵
3622 669 3824 734 κακίας
3848 673 3951 725 τῶν

2390 763 2795 832 περιφερόντων
2827 761 2956 814 αὐτὸ
2977 760 3459 832 καθυϐριζόμενον.
3497 761 3560 813 Oi
3585 761 3693 830 γὰρ
3713 761 3806 814 τοῦ

2387 852 2593 904 λινίκου
2644 853 2907 923 βασιλέως
2953 853 3246 923 αὐχοῦντες
3279 847 3421 905 εῖναι
3472 852 3827 923 στρατιῶται,
3863 856 3948 905 καὶ

2341 947 2362 956 “’
2388 945 2448 998 τὸ
2479 944 2622 997 θεῖον
2671 945 2834 998 αὑτοῦ
2871 946 3041 1015 ὄνομα
3073 944 3261 1014 ὥσπερ
3317 945 3532 1014 ἀξίωμα
3567 945 3731 1014 μέγα,
3766 943 3948 1014 ὥσπερ

2387 1026 2480 1084 οὖν
2528 1032 2618 1082 καὶ
2652 1031 2791 1095 ἐστι,
2840 1032 3224 1102 περιφέροντες
3254 1072 3268 1096 ,
3297 1035 3475 1102 τρυφῇ
3527 1030 3636 1100 (I6)
3678 1032 3775 1085 καὶ
3823 1049 3944 1104 χρη-

2392 1124 2678 1190 ματισμοῖς
2730 1123 2956 1186 ἑαυτοὺς
2993 1122 3290 1186 ἐκδιδόντες
3314 1161 3327 1187 ,
3360 1123 3453 1174 καὶ
3489 1121 3553 1174 δι’
3594 1124 3826 1185 ἑαυτοὺς
3862 1127 3950 1193 ἠτ-

2388 1211 2620 1281 τηθῆναι
2650 1212 2850 1266 δίκαιοι
2888 1214 3062 1277 ὄντες,
3101 1213 3190 1266 διὰ
3235 1212 3333 1284 τὴν
3362 1212 3456 1266 τοῦ
3492 1212 3758 1283 βασιλέως
3803 1213 3950 1279 δόξαν

2389 1303 2782 1372 περιγίνονται·
2819 1306 3101 1374 μονονουχὶ
3125 1305 3233 1375 γὰρ
3272 1306 3366 1358 καὶ
3396 1304 3492 1357 νῦν
3521 1305 3708 1367 αὐτοῖς
3741 1307 3948 1374 ἐπιφωο

2389 1396 2470 1445 νεῖ
2493 1409 2507 1421 ·
2541 1411 2558 1444 ι
2594 1394 2665 1446 Οὐ
2688 1394 2756 1447 δι’
2785 1395 2928 1464 ὑμᾶς
2953 1394 3063 1463 ἐγὼ
3093 1397 3248 1458 ποιῶ,
3276 1395 3413 1449 ἀλλά
3437 1395 3521 1448 διὰ
3551 1396 3610 1448 τὸ
3637 1395 3810 1466 ὄνομά
3835 1413 3948 1466 μου,

2391 1481 2476 1534 ἵνα
2512 1483 2583 1554 μὴ
2617 1482 2920 1554 βεδηλωθῇ.
2953 1503 2971 1535 ι
3002 1485 3063 1537 El
3097 1485 3170 1556 μὴ
3206 1486 3308 1554 γὰρ
3335 1485 3494 1546 αὐτὸς
3520 1479 3587 1555 ἦν
3614 1488 3640 1538 ὁ
3675 1487 3792 1536 νυνὶ
3827 1501 3950 1551 συγ-

2391 1573 2600 1643 κροτῶν
2631 1575 2730 1644 τὴν
2757 1575 2963 1627 οἰκείαν
2994 1574 3289 1646 θρησκείαν
3329 1576 3421 1628 καὶ
3444 1575 3620 1627 πάντα
3653 1575 3789 1644 αὐτῇ
3823 1575 3950 1628 ύπο·

2393 1667 2571 1737 χείρια
2604 1667 3056 1738 παρασκευάζων,
3098 1667 3265 1720 πάλαι
3306 1666 3372 1719 ἂν
3406 1665 3491 1719 διὰ
3523 1667 3620 1735 τὴν
3649 1665 3756 1717 τῶν
3793 1682 3948 1735 μετα-

2391 1755 2780 1838 χειριζομένων
2837 1758 3008 1828 αὐτὴν
3080 1759 3139 1811 ού
3198 1758 3425 1819 δεόντως
3474 1756 3745 1828 ρᾳθυμίαν
3799 1756 3953 1824 ὠλιγ-

715 1863 888 1932 priam
917 1861 1017 1914 sibi
1065 1857 1300 1912 vindicat
1333 1855 1581 1925 gloriam,
1618 1852 1761 1905 hunc
1792 1848 2004 1919 quidem
2038 1848 2088 1900 in
2124 1847 2286 1899 altum

2394 1846 2578 1917 ωρήθη
2601 1863 2613 1876 ·
2650 1846 2763 1900 ἀλλ’
2804 1847 2991 1917 ἐπειδὴ
3018 1848 3114 1917 τῆς
3147 1847 3352 1909 οἰκείας
3386 1848 3740 1900 ἀντιποιεῖται
3777 1846 3950 1914 δόξης,

717 1952 983 2014 attollens,
1025 1949 1090 2005 ab
1126 1948 1245 2002 aliis
1298 1960 1424 2000 vero
1483 1952 1601 2013 post
1650 1939 1808 2011 paulo
1857 1937 2082 1992 acerbas
2123 1937 2290 2006 exigit

718 2059 924 2114 pmuas.
951 2040 1057 2097 Nec
1087 2041 1228 2095 enim
1263 2035 1598 2108 patiturbmc
1619 2033 1834 2100 impune
1875 2044 2064 2083 ausum
2095 2026 2286 2090 fuisse,

720 2113 892 2204 neque
919 2132 1156 2185 divinum
1193 2137 1383 2181 nomen
1420 2125 1563 2192 ipsos
1598 2120 2031 2188 blasphemantes
2057 2113 2291 2180 impuni-

721 2237 801 2279 lns
829 2222 1077 2284 dimittet,
1109 2220 1214 2273 imo
1255 2223 1308 2271 et
1342 2215 1543 2282 majora
1578 2211 1755 2278 exiget
1788 2208 2046 2277 supplicia
2096 2205 2164 2258 ab
2224 2204 2290 2257 iis

719 2314 808 2382 qui
873 2311 1142 2382 peccando
1207 2305 1556 2378 dignitatibus
1618 2315 1683 2356 ac
1748 2297 2080 2369 praefesturis
2137 2295 2288 2364 potiti

720 2417 864 2470 sunt,
908 2420 969 2459 ac
1010 2418 1075 2457 nc
1109 2399 1189 2455 sic
1233 2398 1446 2467 quidem
1500 2393 1773 2448 moderate
1816 2391 2068 2459 agebant,
2104 2399 2289 2440 verum

723 2497 950 2565 propria:
983 2493 1299 2562 compendio
1324 2487 1582 2545 socordiae
1607 2479 2133 2550 Deilonganimitate
2165 2489 2290 2532 sunt

721 2588 898 2652 abusi,
921 2601 982 2639 ac
1004 2599 1100 2654 pro
1128 2583 1320 2652 quibus
1349 2579 1612 2650 ptenitere
1630 2574 1931 2644 oportebat,
1956 2585 2050 2641 per
2081 2570 2196 2626 hare
2222 2570 2288 2624 ad

723 2675 922 2731 malum
957 2675 1126 2746 magis
1156 2681 1283 2729 sunt
1313 2667 1539 2726 incitati.

1141 2961 1501 3021 CCCLXVIII.
1531 2992 1599 3003 —
1627 2955 1869 3016 ΕΞΑῙᾹ..

2385 1934 2476 1985 τοι·
2507 1934 2618 2004 (17)
2657 1935 2756 2003 μὲν
2786 1936 2865 1997 είς
2892 1934 3025 2004 ὕψος
3057 1933 3232 2006 αἴρει,
3264 1936 3389 1999 τοὺς
3416 1935 3472 1988 δὲ
3512 1936 3665 1998 δίκας
3696 1935 3952 2004 πικροτά-

2387 2041 2484 2087 τας
2515 2025 2710 2094 μικρὸν
2745 2024 2971 2096 ὕστερον
2998 2026 3371 2098 εἰσπράξεται.
3407 2027 3543 2081 Οὐδὲ
3574 2028 3682 2096 γὰρ
3712 2025 3953 2088 ἀνέξεται

2387 2115 2560 2167 ταῦτα
2589 2116 2890 2187 τολμᾶσθαι
2920 2118 3252 2187 ἀτιμωρητὶ,
3291 2117 3411 2170 οὐδὲ
3443 2119 3566 2180 τοὺς
3589 2119 3651 2170 τὸ
3685 2116 3827 2170 θεῖον
3863 2119 3952 2170 αύ-

2386 2208 2479 2260 τοῡ
2509 2207 2681 2276 ὄνομα
2713 2210 2836 2276 τόγε
2870 2212 2950 2270 είς
2979 2211 3175 2273 αὐτοὺς
3200 2203 3336 2282 ἧκον
3368 2209 3827 2281 βλασφημηθῆναι
3856 2227 3954 2263 πα·

2391 2300 2864 2367 ρασκευὰσαντας,
2892 2301 3272 2372 ἀτιμωρήτους
3298 2303 3538 2374 ἀφήσει·
3570 2301 3706 2355 ἀλλά
3738 2303 3832 2356 καὶ
3857 2305 3952 2372 ἀρ-

2390 2391 2737 2463 γαλεωτέρας
2771 2393 3064 2463 ἀπαιτήσει
3097 2393 3251 2456 δίκας
3281 2395 3406 2454 τοὺς
3449 2394 3542 2445 καὶ
3574 2395 3631 2445 ὲν
3659 2392 3736 2463 τῷ
3771 2391 3952 2462 πλημ-

2394 2481 2573 2553 μελεῖν
2635 2483 2972 2552 προστασίας
3027 2483 3294 2554 τοσαύτης
3347 2483 3794 2546 ἀπολαύσαντας,
3862 2484 3954 2535 καὶ

2392 2574 2524 2643 μηδὲ
2548 2571 2687 2625 οὕτω
2720 2572 3207 2640 σωφρονισθέντας,
3242 2574 3354 2626 ἀλλ’
3376 2574 3584 2642 ἑφόδιον
3614 2573 3712 2643 τῆς
3752 2574 3952 2634 οἰκείας

2388 2664 2662 2735 ῥᾳθυμίας
2689 2664 2787 2732 τὴν
2822 2664 2972 2717 θείαν
3005 2664 3384 2735 μακροθυμίαν
3407 2666 3828 2734 ποιησαμένους,
3860 2666 3951 2717 καὶ

2385 2752 2454 2805 δι’
2479 2746 2554 2805 ὧν
2582 2756 2949 2823 γνωσιμαχείν
2977 2752 3167 2823 ἐχρῆν,
3209 2751 3296 2807 διὰ
3319 2753 3520 2806 τούτων
3553 2753 3646 2806 ἐπὶ
3680 2752 3740 2805 τὸ
3776 2754 3952 2821 χεῖρον

2389 2843 2708 2906 ἐλάσαντας.

2908 2952 3076 3005 Ἰ“ΞΗ’.
3115 2981 3184 2990 -
3214 2951 3440 3020 nuta.

1192 3075 1222 3108 ιι
1255 3057 1470 3110 Declina
1493 3071 1523 3107 a
1549 3051 1688 3106 malo
1729 3061 1774 3104 et
1797 3053 1882 3120 [ac
1910 3051 2120 3113 bonum,
2155 3066 2173 3099 ι
2211 3047 2335 3113 quia
2371 3045 2513 3099 Deus
2541 3045 2715 3098 onmia
2749 3044 2932 3097 cernit.
2956 3040 3125 3110 (Psal.
3157 3057 3342 3104 xxxvi.
3365 3043 3477 3111 27.)

793 3169 983 3241 lugens
1032 3180 1086 3221 et
1129 3173 1286 3220 acute
1320 3175 1548 3217 cernens
1581 3175 1644 3216 ac
1673 3160 1902 3230 vigilans
1941 3156 2161 3228 justitia:
2199 3155 2288 3208 Dei

2401 3240 2408 3241 7
2464 3151 2688 3241 Μέγας,
2745 3149 2840 3203 καὶ
2901 3148 3234 3220 ὀξυδερκὴς,
3284 3149 3377 3202 καὶ
3426 3149 3725 3219 ἀκοίμητος
3775 3150 3806 3202 ὁ
3856 3149 3951 3220 τῆς

723 3273 808 3319 est
838 3260 1045 3323 oculus,
1075 3268 1245 3323 neque
1269 3251 1440 3307 solum
1466 3265 1583 3320 quae
1609 3249 1819 3320 pubiice
1847 3259 1996 3318 gesta
2030 3248 2286 3308 intuetur,

725 3355 819 3411 sed
853 3363 907 3408 et
941 3365 1057 3420 qum
1088 3351 1139 3403 in
1180 3348 1371 3416 abysso
1396 3345 1514 3415 quis
1544 3342 1624 3397 vel
1651 3340 1969 3396 abscondito
1999 3347 2080 3393 est
2106 3352 2293 3402 ausus,

727 3444 1012 3510 cordisque
1047 3440 1180 3492 adeo
1209 3437 1420 3491 abditos
1460 3447 1703 3488 recessus
1733 3439 2008 3485 scrutatur
2053 3443 2115 3481 ac
2143 3441 2293 3480 com-

729 3530 1028 3602 prehendit.
1058 3527 1243 3583 Talem
1275 3526 1456 3592 itaque
1486 3536 1607 3575 cum
1633 3520 1972 3588 bicjudicem
2004 3518 2328 3570 babeamnsg

731 3629 981 3679 virtutem
1020 3617 1476 3689 complectamur;
1515 3613 1882 3668 abstineamus
1930 3624 2056 3664 vero
2099 3624 2130 3662 a
2182 3623 2296 3661 ma-

729 3715 866 3771 litia.
899 3712 1045 3767 Illam
1078 3709 1222 3764 enim
1274 3703 1702 3759 remunerabitur
1757 3701 1932 3766 Deus;
1984 3701 2122 3755 hanc
2174 3713 2300 3752 vero

722 3804 871 3873 justo
898 3801 1101 3872 judicio
1133 3800 1332 3868 puniet.

937 3907 1256 3966 CCCLXIX.
1294 3936 1362 3948 —
1397 3897 1732 3958 PALLADIO
1767 3896 2082 3954 DIACONO.

2392 3239 2542 3303 θείας
2575 3240 2687 3310 (I8)
2734 3240 2890 3309 δίκης
2932 3239 3080 3293 ἐστὶν
3115 3239 3418 3309 ὀφθαλμός·
3473 3240 3565 3292 καὶ
3593 3239 3655 3292 οὐ
3697 3239 3859 3311 μόνον
3886 3240 3952 3293 τὰ

2393 3332 2450 3382 ὲν
2483 3329 2699 3400 φανερῷ
2734 3329 2992 3401 δρώμενα
3031 3331 3223 3401 ἐφορᾷ,
3267 3329 3401 3384 ἀλλά
3449 3331 3542 3382 καῖ
3581 3329 3651 3382 τὰ
3696 3332 3755 3382 ὲν
3781 3346 3953 3401 παρα-

2397 3421 2580 3492 ϐύστῳ
2628 3420 2950 3490 τολμώμενα
3000 3421 3271 3490 ἀνιχνεύει
3297 3461 3313 3486 ,
3345 3421 3438 3473 καὶ
3482 3421 3548 3474 τά
3586 3420 3688 3488 τῆς
3735 3421 3954 3489 καρδίας

2397 3513 2674 3582 κινήματα
2694 3510 3121 3580 καταλαμϐάνει.
3147 3510 3400 3564 Τοιοῦτον
3429 3509 3718 3581 τοιγαροῦν
3750 3511 3955 3581 ἔχοντες

2400 3603 2613 3672 κριτὴν,
2672 3600 3026 3671 ἀντεχώμεθα
3082 3601 3182 3671 μὲν
3236 3601 3475 3671 ἀρετῆς,
3529 3600 3860 3672 ἀπεχώμεθα
3905 3600 3957 3653 δὲ

2401 3694 2618 3758 κακίας.
2675 3693 2803 3763 ,Τὴν
2869 3693 2970 3763 μὲν
3019 3693 3129 3765 γὰρ
3181 3677 3522 3765 ἀμείψεται,
3576 3694 3676 3763 τὴν
3725 3693 3782 3747 δὲ
3831 3693 3962 3762 ἀμυ-

2400 3803 2591 3840 νειται.

2669 3894 2835 3950 rso.
2883 3893 3324 3966 -ΠΑΛΛΔΔΙῼ
3374 3894 3692 3966 ΔιΑκοΝο.

1681 3992 1830 4047 Nihil
1865 3993 2021 4046 ninn’s
2053 3988 2422 4061 cii/ferendum.
2449 3986 2655 4041 Diaboli
2683 3998 2820 4043 artes
2848 3988 3025 4044 malta.

803 4114 920 4170 Non
961 4120 1037 4167 est
1071 4107 1601 4179 procrastinandum.
1632 4103 2115 4172 diﬂ'ereudumque,
2156 4100 2298 4154 bone

731 4212 834 4273 vir,
858 4207 951 4261 sed
994 4207 1452 4273 optimaquzeque
1483 4199 1708 4266 agenda.
1746 4193 1927 4263 Neque
1976 4193 2118 4246 enim
2176 4189 2299 4245 linis

732 4313 940 4369 tempus
991 4296 1256 4358 norimus,
1302 4306 1367 4346 ac
1425 4304 1491 4344 ne
1538 4287 1797 4342 daarnonis
1856 4284 2070 4353 quidem
2128 4283 2298 4337 malas

733 4402 874 4444 artes
909 4387 1304 4453 vcrsntiasque.
1338 4382 1535 4451 quibus
1578 4394 1674 4434 nos
1717 4384 2008 4446 oppugnat,
2039 4373 2129 4443 qui
2157 4388 2295 4441 pra:-

735 4481 974 4536 sentibus
1003 4493 1101 4530 nos
1137 4475 1437 4534 excutiens,
1470 4471 1770 4524 futurorum
1807 4464 2083 4534 promissis
2109 4463 2294 4517 eludit.

739 4572 840 4627 Ubi
886 4571 1028 4625 enim
1066 4567 1212 4621 novit
1240 4564 1488 4619 ItOtttIl’teS
1537 4562 1589 4614 in
1640 4559 1780 4613 diem
1830 4557 2029 4622 vivere,
2063 4555 2298 4608 futurum

737 4676 864 4715 vero
921 4659 990 4712 sit
1049 4656 1335 4715 incertum,
1391 4655 1660 4718 oppugnat
1717 4646 1854 4708 illos,
1903 4659 1966 4698 ac
2013 4644 2300 4713 prmsentia

735 4751 948 4820 quidem
987 4746 1195 4808 fallens,
1220 4744 1394 4811 deque
1439 4738 1638 4792 futuris
1663 4736 1805 4790 inani
1836 4750 1931 4804 spe
1962 4735 2183 4794 lactans,
2210 4732 2300 4800 qui

737 4841 1050 4896 hodiernum
1093 4835 1234 4890 diem
1269 4845 1484 4899 setuper
1524 4837 1842 4898 praesentem
1887 4825 2238 4886 arbitrantur,
2269 4837 2299 4875 a

737 4946 796 4986 se
832 4939 1116 4998 persuasos
1153 4922 1472 4992 praecipitat.
1500 4918 1836 4986 Quapropter
1862 4925 1916 4970 et
1948 4916 2020 4969 rei
2056 4913 2303 4982 gerendae

736 4998 1076 5072 occasionem
1102 5014 1154 5066 in
1178 5011 1313 5065 nihil
1334 5009 1541 5080 agendo
1559 5015 1962 5071 consumentes,
1987 5004 2305 5073 Opportuni-

742 5118 900 5160 tatem
959 5114 1272 5172 tempusque
1327 5099 1620 5169 negliguut.
1669 5095 1903 5165 Tempus
1951 5098 2092 5150 enim
2139 5094 2308 5149 ﬂuens

740 5194 1073 5265 aequabiliter
1123 5197 1399 5260 nunquam
1455 5187 1691 5249 sistitur,
1745 5185 1842 5239 sed
1899 5198 2034 5253 quas
2100 5185 2308 5238 interea

2476 4100 2549 4154 Οὐ
2586 4098 2820 4170 μέλλειν,
2865 4093 2910 4155 ὦ
2942 4099 3071 4169 σοφὲ
3091 4135 3110 4162 ,
3156 4096 3294 4152 ἀλλά
3323 4098 3580 4171 πράττειν
3607 4098 3710 4169 χρὴ
3741 4098 3807 4152 τά
3846 4099 3961 4168 βέλ-

2399 4208 2561 4246 τιστα
2587 4206 2600 4222 ·
2637 4188 2762 4243 οὕτε
2800 4188 2912 4260 γὰρ
2950 4187 3043 4242 τδν
3092 4187 3192 4257 τῆς
3240 4186 3498 4257 τελευτῆς
3544 4188 3703 4257 ίσμεν
3755 4187 3961 4258 καιρδν,

2401 4278 2525 4333 οὔτε
2573 4280 2670 4349 τὴν
2711 4281 2806 4332 τοῦ
2849 4277 3097 4331 διασόλου
3152 4277 3506 4348 κακουργίαν,
3540 4277 3605 4348 ἣν
3654 4276 3775 4330 καθ’
3806 4277 3963 4347 ἡμῶν

2406 4371 2732 4440 μηχανᾶται,
2775 4369 3053 4440 ἐκκρούων
3097 4368 3196 4439 μὲν
3245 4368 3332 4422 ἀεὶ
3358 4366 3452 4422 τοῦ
3496 4367 3778 4438 παρόντος,
3817 4367 3880 4420 τὸ
3907 4368 3962 4420 δι

2408 4463 2598 4534 μέλλον
2647 4461 3009 4533 ὀνειροπολεῖν
3069 4459 3521 4532 παρασκευάζων.
3587 4458 3799 4531 Ἐπειδὴ
3857 4461 3962 4529 γὰρ

2405 4550 2561 4619 οἶδεν,
2591 4554 2671 4606 ὅτι
2702 4552 2845 4605 κατά
2891 4551 2951 4604 τὸ
2979 4550 3152 4621 παρὸν
3192 4548 3374 4620 ζῶμεν
3418 4551 3464 4602 οἱ
3491 4547 3787 4619 ἄνθρωποι,
3812 4548 3876 4601 τδ
3908 4549 3961 4602 δὲ

2412 4643 2602 4716 μέλλον
2627 4638 2951 4712 ἀμφίϐολον,
2994 4642 3470 4713 καταστρατηγεῖ·
3506 4641 3597 4693 καὶ
3640 4639 3701 4692 τὸ
3735 4639 3830 4709 μὲν
3860 4656 3960 4692 πα-

2411 4733 2502 4805 ρὸν
2531 4732 2776 4797 ἀπατῶν,
2805 4732 2864 4784 τὸ
2887 4730 2944 4784 δὲ
2975 4729 3167 4800 μέλλον
3205 4730 3609 4798 ὑποτιθέμενος,
3648 4728 3961 4800 ἐκτραχηλί-

2410 4820 2491 4886 ζει
2537 4824 2660 4885 τοὺς
2702 4808 3056 4893 πειθομένους
3083 4859 3099 4885 ,
3130 4821 3189 4873 τὸ
3227 4822 3462 4890 σήμερον
3509 4820 3595 4873 ἀεὶ
3628 4820 3797 4890 παρὸν
3825 4821 3961 4888 λογι-

2411 4915 2692 4984 ζομένους.
2725 4914 2817 4967 Διὸ
2858 4915 2953 4967 καὶ
2988 4913 3078 4966 τὸν
3118 4912 3212 4966 τοῦ
3263 4912 3523 4983 πράττιιν
3568 4914 3762 4982 καιρὸν
3806 4916 3882 4975 εἰς
3907 4912 3959 4964 τὸ

2413 5007 2577 5077 μηδὲν
2629 5004 3140 5076 παρασκευάζεσθαι
3192 5003 3604 5066 ἀναλίσκοντες,
3663 5003 3959 5074 διαμαρτά-

2411 5113 2561 5150 νουσι
2594 5097 2692 5166 τῆς
2727 5096 3030 5167 εὐκαιρίας.
3080 5095 3139 5147 '0
3185 5094 3294 5166 γὰρ
3342 5093 3534 5164 χρόνος
3580 5095 3643 5148 τὺ
3675 5094 3868 5164 βράδος
3903 5093 3958 5145 οὐ

2414 5186 2700 5258 περιμένει
2724 5203 2738 5217 ⁸
2773 5185 2910 5242 ἀλλὰ
2953 5187 3048 5240 καὶ
3081 5185 3146 5250 ἃς
3188 5186 3245 5240 ὲν
3285 5185 3362 5257 τῷ
3402 5184 3608 5256 μεταξῦ
3643 5186 3815 5256 χρόνῳ
3838 5184 3959 5246 ὕλας

1834 5357 2070 5415 ἾΑΒΙᾹΞ
2108 5357 2490 5416 LECTIONES
2529 5358 2616 5414 ΕΤ
2656 5356 2886 5415 ΝΟΤᾸΕ.

745 5517 948 5645 enim.
977 5520 1168 5591 Τρυφῇ
1216 5519 1357 5575 idem
1399 5525 1560 5588 “"3"
1617 5516 1670 5572 ίη
1716 5514 1952 5588 τρυφῆςο
2006 5529 2127 5584 pag.
2185 5512 2308 5569 670.

821 5660 930 5726 (I7)
961 5660 1061 5715 Pro
1089 5659 1181 5712 τὸν
1213 5658 1370 5712 ambo
1408 5658 1564 5712 codd.
1595 5655 1951 5726 ponuntcﬁv.
1980 5651 2061 5726 In.

820 5723 929 5797 (18)
957 5729 1085 5786 Cod.
1115 5741 1338 5814 uterque
1361 5729 1560 5785 omittit
1593 5723 1760 5789 θείας.
1789 5723 1938 5781 vers.
1973 5725 2006 5780 5
2038 5723 2184 5779 inter
2207 5737 2306 5774 κα-

2409 5514 2742 5584 ταλαμϐἀνει
2769 5523 2822 5568 ει
2852 5513 3092 5568 τοιοῦτον
3115 5513 3272 5568 ambo
3300 5514 3544 5570 inserunt
3568 5517 3723 5584 πρός.
3757 5513 3811 5569 In
3836 5515 3960 5569 duo-

2408 5586 2510 5640 bus
2544 5587 2742 5639 ultimis
2774 5587 3017 5640 versibus
3049 5584 3304 5638 vocabnla
3332 5586 3492 5640 iidem
3520 5587 3676 5641 aliter
3699 5586 3958 5648 ordinant,

2410 5665 2704 5712 mutatione
2738 5669 2925 5723 parum
2960 5654 3206 5711 notabili.
3239 5652 3444 5709 Possm.
