4122 6452
151 444 283 508 1553

660 552 824 604 τοΖο.
859 581 929 590 -
964 549 1214 618 ιιιιγιιῼ.

988 433 1521 496 EPIS'I‘OLARUM
1567 432 1714 492 LIB.
1754 432 1818 490 V.
1847 453 1913 464 --
1954 427 2190 488 EPIST.
2232 424 2594 487 CCCLXXX.

3289 413 3312 475 1
3322 406 3427 479 554

2246 535 2730 594 CCCLXXVII.—
2754 529 3000 586 l‘AULO.

781 685 799 715 ι
839 663 945 729 ριιί
975 666 1142 728 potuit
1173 661 1472 729 transgredi
1502 672 1548 713 et
1581 676 1681 712 non
1706 668 1780 712 est
1811 666 2191 723 transgressus.
2225 670 2243 703 ι
2277 649 2470 722 (Eccli.
2503 663 2653 709 χιιι,
2687 643 2800 710 10.)

225 759 337 826 Οὐχ
369 759 396 810 δ
425 757 604 824 πάσης
647 753 899 822 ἀφορμῆς
952 751 1088 821 πρὸς
1136 751 1352 804 ἀδικίαν
1394 749 1598 817 ἕρημος
1627 745 1725 808 ὢν,

1908 743 2022 796 Non
2067 740 2158 809 qui
2189 740 2337 794 omni
2367 746 2522 792 caret
2569 737 2636 788 ad
2687 733 3096 801 improbitatem
3134 730 3424 784 occasione

149 823 360 910 δίκαιος
398 823 692 914 κεκλῆσθαι
723 843 953 906 δίκαιος.
984 842 1100 895 ἀλλ’
1147 842 1295 903 δστις
1331 840 1430 910 τὴν
1485 839 1731 902 ἐξουσίαν

1841 835 2009 904 iustus
2049 834 2210 888 debet
2235 829 2518 902 appellari,
2565 827 2659 882 sed
2702 825 2883 894 potius
2931 824 3048 894 qui.
3081 837 3202 879 cum
3252 823 3423 890 possit

147 936 249 990 τοῦ
286 937 614 1006 πράγματος
653 936 815 1003 ἔχων,
849 933 1065 995 ἀδικίας
1107 933 1204 1001 οὐχ
1235 932 1466 985 ἅπτεται
1489 945 1503 960 ο
1531 931 1593 983 ού
1624 927 1730 998 μὴν

149 1028 276 1081 οὐδὲ
300 1030 329 1080 ό
360 1026 574 1097 ἀνάγκῃ
597 1022 892 1095 σωφρονῶν
924 1023 1159 1093 σώφρων
1189 1022 1417 1084 εἰκότως
1461 1020 1729 1090 κεκλήσε-

148 1133 264 1178 ¹ιται,
299 1114 417 1167 ἀλλ’
447 1115 597 1177 ὅστις
625 1113 723 1183 τὴν
753 1113 1002 1179 ἐξουσίαν
1027 1113 1137 1164 τῶν
1169 1111 1385 1180 ἡδονῶν·
1405 1111 1544 1180 ἔχων
1571 1109 1730 1162 ἐκού-

151 1222 270 1260 σιον
301 1204 657 1274 σωφροσύνην
690 1203 1014 1267 ἀσπάζεται.
1056 1202 1120 1254 Οἰ
1157 1201 1256 1271 μὲν
1284 1200 1392 1270 γάρ
1429 1199 1506 1269 τῷ
1537 1199 1612 1269 μὴ
1642 1198 1732 1251 δύο

151 1295 354 1348 νασθαι
387 1294 520 1366 δρᾷν
553 1293 591 1348 ἀ
620 1293 924 1365 βούλονται,
949 1292 1253 1345 ἐπιείκειαν
1283 1290 1543 1352 πολλάκις
1566 1290 1733 1343 πλάτ-

147 1403 336 1439 τονται
365 1403 378 1416 ·
413 1387 472 1438 ὲν
502 1383 722 1456 ἐξουσίᾳ.
749 1384 806 1437 δὲ
858 1383 1165 1453 γενόμενοι,
1194 1381 1530 1451 ἐλέγχονται.
1571 1381 1636 1433 0i
1675 1379 1733 1433 δὲ

151 1475 368 1543 ἄριστοι
413 1473 536 1527 τότε
575 1473 813 1542 μάλιστα
867 1470 1220 1542 καρτεροῦσι,
1261 1469 1477 1525 καὶτοῦ
1522 1470 1731 1523 δικαίου

150 1563 392 1634 ιχονται,
425 1564 515 1617 ὅτε
549 1562 826 1633 ήέξουσία
863 1561 961 1631 τὴν
993 1561 1209 1615 ἀδικίαν
1241 1561 1434 1615 τίκτει.

367 1671 544 1728 'l'OH'.
570 1699 639 1710 —
667 1667 1010 1725 MAPKIONI
1048 1667 1518 1740 ΠΡΕΣΒΥἸἘΡῼ.

1839 941 2070 996 nequam
2111 938 2252 988 esse,
2281 922 2508 976 minime
2549 918 2683 972 vult.
2727 916 2912 986 Neque
2957 917 3047 983 qui
3097 914 3422 969 necessitate

1836 1024 1920 1069 est
1955 1023 2264 1081 temperans
2288 1026 2354 1066 ac
2393 1011 2722 1070 moderatus,
2759 1016 3068 1075 temperans
3097 1005 3289 1059 merito
3330 1017 3423 1055 vo-

1838 1116 2013 1169 cetur,
2045 1104 2139 1158 scd
2186 1104 2278 1172 qui
2321 1099 2582 1169 voluptati
2615 1097 2897 1167 indulgere
2925 1113 3047 1152 cum
3083 1097 3254 1164 possit
3283 1103 3423 1149 lem~

1839 1196 2138 1265 pcrantiam
2169 1193 2346 1249 libens
2367 1202 2420 1246 et
2453 1193 2643 1247 volens
2683 1189 3088 1254 complectitur.
3128 1187 3230 1253 Qui
3278 1186 3424 1240 enim

1837 1304 1958 1359 quae
1985 1288 2188 1349 volunt,
2231 1297 2446 1355 patrare
2496 1301 2601 1339 non
2658 1290 2906 1351 possunt.
2943 1281 3252 1350 tequitatezn
3282 1290 3426 1342 smpe

1835 1390 2091 1435 servant:
2126 1388 2180 1433 at
2204 1393 2325 1434 cmn
2351 1377 2587 1446 suppetit
2633 1375 2828 1445 agendi
2864 1373 3092 1427 facultas
3115 1367 3422 1425 refrenandi

1834 1481 1980 1526 sunt.
2015 1470 2262 1540 Optimus
2300 1469 2534 1540 quisque
2585 1475 2694 1520 tum
2752 1465 2987 1518 maxime
3033 1460 3339 1523 invalescit,
3367 1469 3424 1514 et

1829 1562 2009 1632 justus
2039 1563 2290 1624 habetur,
2315 1560 2532 1629 quando
2564 1557 2792 1612 facultas
2824 1556 3078 1624 injuriatn
3110 1555 3310 1622 pariat.

1835 1667 1998 1740 s73
2025 1665 2444 1722 CCCLXXVIII.
2472 1695 2543 1706 —
2574 1661 2903 1719 MARCIONI
2939 1658 3422 1717 meaemeae.

337 1767 469 1832 Qua:
495 1765 727 1835 dignitas
762 1765 882 1819 boni
908 1764 1216 1818 sacerdotis.
1258 1761 1600 1832 Hermogenis
1637 1763 1869 1832 episcopi
1902 1764 2039 1816 laus.
2082 1759 2295 1814 Eusebii
2331 1761 2668 1829 vituperatio.
2703 1757 2890 1828 (Sttpr.
2916 1756 3071 1825 epist.
3097 1756 3248 1825 558.)

236 1875 295 1930 ’0
322 1876 386 1927 ἐκ
408 1875 508 1944 τῆς
535 1871 645 1924 τῶν
670 1871 847 1943 ἐργων
862 1869 1316 1942 λαμπρυνάμενος
1337 1870 1555 1940 ἀρετῆς,
1580 1861 1733 1933 οὗτος

1909 1872 2009 1939 Qui
2050 1871 2265 1925 virtutis
2295 1882 2414 1925 sese
2447 1867 2700 1938 operibus
2723 1864 2996 1929 ostendit,
3044 1877 3126 1918 na:
3175 1861 3264 1916 llle
3296 1877 3426 1916 vere

152 1967 380 2035 γνήσιος
414 1964 713 2035 ἰερωσύνης
741 1962 1002 2030 τυγχάνει
1034 1961 1260 2031 κόσμος.
1292 1961 1480 2024 Ὅστις
1507 1960 1565 2014 δὲ
1587 1959 1734 2013 ἔνδον

149 2057 257 2128 ⁴τῆς
289 2054 447 2128 ἀξίας
470 2055 530 2107 ού
566 2052 750 2123 φορῶν
785 2052 900 2122 (23)
936 2051 1005 2104 τά
1039 2051 1415 2122 γνωρίσματα,
1447 2049 1736 2122 ἀλλοτρίαν

153 2126 630 2215 σχηματιζδμενος
701 2141 1072 2210 εὐπρέπειαν,
1125 2143 1192 2211 τῇ
1249 2143 1382 2212 τιμῇ
1450 2141 1588 2212 μόνῃ
1648 2142 1734 2193 ὲν.

151 2237 472 2309 αδρύνεται,
511 2228 668 2298 οὗτος
707 2235 812 2289 ὑπο
840 2236 939 2304 τῆς
984 2234 1240 2306 ἀληθείας
1268 2236 1346 2298 εἰς
1379 2234 1510 2298 τοὺς
1546 2233 1734 2297 νόθους

150 2329 512 2400 ἀπέρριπται.
562 2328 714 2380 Ἐπεὶ
762 2322 857 2382 οὖν
895 2329 923 2380 ὁ
955 2327 1054 2397 μὲν
1100 2325 1353 2396 θεοφιλὴς
1401 2325 1735 2397 Ἑρμογένης

153 2419 525 2490 ὁμολογοῦσαν
553 2421 618 2489 τῇ
648 2421 813 2491 ἀρετῇ
849 2421 944 2473 καὶ
974 2419 1074 2489 τὴν
1093 2418 1252 2483 ἀξίαν
1281 2417 1405 2487 ἔσχε
1423 2434 1436 2449 ο
1469 2417 1606 2488 πρὸς
1627 2417 1736 2487 γὰρ

152 2511 218 2562 τὸ
249 2512 448 2563 οίκεῖον
481 2511 744 2580 ἐκάτερον
776 2510 1064 2574 ἔσπευσεν,
1103 2511 1132 2562 ὁ
1176 2510 1275 2580 μὲν
1306 2508 1407 2584 τῆς
1454 2511 1736 2577 ἁγιστείας

150 2599 362 2670 κόσμος
387 2601 478 2652 τὸν
499 2599 650 2664 ἀξιον
679 2597 1042 2671 ἐπιζητήσας,
1076 2600 1136 2653 τὸ
1160 2600 1214 2652 δὲ
1237 2599 1335 2668 τῆς
1363 2599 1563 2670 ἀρετῆς
1586 2601 1737 2669 ἀρχι-

151 2691 254 2744 κὸν
278 2690 374 2760 τὴν
405 2691 556 2761 παρά
584 2691 679 2760 τῆς
716 2689 868 2753 θείας
903 2690 1127 2758 χάριτος
1170 2690 1536 2760 ὀφειλομένην
1568 2705 1736 2760 προσ-

153 2779 366 2848 θήκην⁸
419 2779 448 2832 ὁ
498 2777 558 2830 δέ
612 2776 909 2847 θεομισὴς,
967 2776 1042 2839 ὼς
1095 2776 1421 2845 γέγραφας,
1480 2775 1736 2838 Εὐσέϐιος

151 2867 362 2938 ἀρετῆς
393 2867 662 2939 χηρεύων,
686 2870 754 2938 τῇ
791 2865 1061 2938 ἱερωσύνῃ
1098 2867 1237 2938 μόνῃ
1269 2867 1614 2936 σεμνύνεται.
1677 2865 1736 2919 Ὀ

157 2960 263 3030 μὲν
297 2961 447 3030 παρά
487 2960 708 3014 πάντων
757 2958 965 3030 ᾅδεται,
996 2959 1072 3021 ὼς
1101 2958 1468 3029 ὁμολογοῦσαν
1498 2959 1565 3027 τῇ
1607 2955 1734 3026 ἀξίᾳ

153 3049 255 3101 καὶ
283 3048 384 3119 τὴν
419 3049 740 3119 προαίρεσιν
777 3047 1228 3118 εἰσενεγκάμενος
1250 3067 1265 3080 ο
1293 3051 1321 3102 ὁ
1359 3047 1416 3101 δὲ
1451 3043 1734 3111 κακίξεται

152 3137 234 3200 ὡς
262 3137 436 3204 νόθος,
508 3140 606 3192 καὶ
657 3141 736 3202 εἰς
770 3137 1084 3209 μηδαμόθεν
1146 3136 1298 3209 αύτῷ
1351 3137 1734 3208 προσήκουσαν

154 3229 527 3300 κληρονομίαν
559 3227 1000 3300 εἰσϐιασάμενος.

359 3338 527 3394 τοθι.
557 3368 628 3382 --
661 3335 968 3407 aapoeeo
1020 3337 1512 3409 AAMUPOTATQ.

1837 1962 2141 2019 sacerdotio
2191 1970 2274 2015 est
2328 1967 2669 2013 ornamento.
2742 1954 2842 2022 Qui
2900 1969 3031 2008 vero
3095 1952 3425 2006 intrinsecus

1835 2051 2114 2124 dignitatis
2149 2050 2430 2106 scientiam
2481 2063 2586 2102 non
2635 2047 2830 2111 habet,
2865 2045 3044 2101 alieno
3090 2057 3150 2099 se
3180 2048 3421 2096 ostentat

1835 2151 2172 2206 ornamento,
2201 2142 2316 2195 solo
2338 2140 2511 2193 elatus
2542 2141 2750 2194 honore
2777 2156 2790 2192 :
2824 2138 2910 2191 ltlc
2941 2137 3110 2191 instar
3135 2134 3302 2204 spurii
3335 2148 3428 2189 re-

1835 2249 1964 2289 vera
2007 2232 2189 2288 decori
2241 2240 2325 2287 est
2380 2231 2565 2286 statui.
2634 2227 2770 2284 Cum
2832 2227 2999 2297 igitur
3061 2227 3178 2282 Dei
3217 2225 3427 2280 amicus

1839 2325 2227 2397 Hermogenes,
2265 2323 2449 2376 virtuti
2495 2335 2608 2376 suae
2640 2319 3053 2374 convenientem
3086 2328 3168 2372 est
3191 2317 3427 2387 dignita-

1839 2427 1943 2471 tem
1981 2423 2331 2470 consecutus.
2398 2412 2480 2467 Ad
2516 2423 2808 2480 utrumque
2837 2410 2980 2464 enim
3013 2408 3088 2462 uti
3146 2406 3424 2476 proprium

1837 2520 2180 2574 summopere
2224 2502 2537 2568 contendit,
2580 2502 2780 2572 quippe
2817 2500 2992 2570 ipsum
3047 2499 3425 2553 sanctimonizu

1837 2599 2002 2654 decus
2040 2599 2214 2651 virum
2247 2595 2464 2666 dignum
2496 2592 2698 2664 exigit,
2730 2602 2784 2647 et
2823 2590 3040 2644 virtutis
3090 2588 3427 2658 principatus

1838 2689 2077 2744 debitum
2111 2703 2139 2741 a
2176 2688 2358 2743 divina
2400 2687 2570 2757 gratia
2604 2685 3053 2740 additamentum.
3113 2681 3266 2735 Alter
3296 2695 3427 2734 vero

1839 2777 1948 2832 Deo
1981 2779 2185 2833 invisus
2216 2779 2502 2843 Eusebius,
2532 2777 2598 2830 de
2624 2790 2733 2844 quo
2755 2777 2823 2828 ad
2856 2789 2945 2828 me
2975 2773 3190 2836 scribis,
3223 2771 3425 2825 virtute

1838 2884 2072 2933 vacuus,
2111 2869 2227 2925 solo
2259 2882 2318 2925 se
2365 2868 2538 2939 jactat
2583 2865 2910 2922 sacerdotio.
2970 2863 3065 2917 llle
3098 2862 3315 2932 quidem
3351 2863 3422 2917 ab

1837 2960 2086 3014 onmilms
2126 2958 2452 3022 celebratur,
2499 2966 2559 3012 ut
2589 2957 2937 3013 consentiens
2993 2955 3240 3023 dignitati
3303 2967 3430 3023 pro-

1839 3050 2069 3119 positum
2120 3046 2395 3115 aﬂ‘ercns;
2457 3049 2546 3103 hic
2581 3056 2769 3102 contra
2815 3055 2870 3099 ut
2913 3046 3131 3115 spurius
3184 3053 3428 3106 notatur,

1840 3137 1992 3207 quasi
2030 3139 2097 3190 ad
2133 3137 2235 3192 sibi
2276 3137 2453 3192 minus
2480 3137 2891 3193 convenientem
2921 3135 3170 3190 redactus
3200 3129 3426 3194 sortem,

1841 3238 2003 3296 atque
2036 3227 2429 3282 literedilaletn.

1892 3319 2268 3391 cc‘ccxtttx.
2304 3366 2373 3378 -
2429 3335 2797 3392 nouorum
2836 3332 3155 3391 CLARISS.
3184 3331 3369 3389 vmo.

1404 3429 1506 3496 Qui
1542 3428 1828 3482 ordinandi
1869 3432 2189 3487 sacerdotes.

231 3536 324 3610 Mi)
350 3538 476 3601 τοὺς
523 3537 694 3608 μόλις,
727 3537 821 3591 καὶ
858 3537 945 3591 διά
995 3537 1204 3608 μυρίων
1253 3537 1482 3606 ἀγώνων
1534 3537 1735 3607 ἀρετὴν

156 3626 638 3698 κατορθώσαντας,
677 3630 771 3682 καὶ
796 3630 878 3692 εἰς
907 3628 1006 3699 τὴν
1029 3629 1404 3697 εύαγεστάτην
1437 3627 1737 3699 ἱερωσύνην

156 3719 513 3784 τελέσαντας,
561 3720 671 3774 ἀπὸ
707 3720 817 3772 τῶν
849 3719 908 3783 ἐξ
935 3719 1236 3788 ἐπιδρομῆς
1285 3719 1739 3789 ἐπιπηδησάντων

156 3810 304 3881 αὐτῇ
356 3811 725 3881 χαρακτήριζε
748 3826 760 3839 ·
799 3809 914 3862 ἀλλ’
949 3810 1193 3872 ἐκείνους
1243 3809 1340 3878 μὲν
1373 3810 1737 3879 ἀνακήρυττε,

155 3901 386 3963 τούτους
411 3901 468 3954 δὲ
494 3900 866 3970 ἀποκήρυττε.
892 3900 1018 3961 Τοῖς
1046 3897 1156 3970 γὰρ
1184 3899 1258 3970 μὴ
1289 3897 1398 3952 ἀπδ
1427 3898 1536 3951 τῶν
1562 3897 1743 3952 αὐτῶν

161 3991 263 4044 ἐπὶ
290 3991 358 4046 τά
385 3991 522 4046 αύτά
538 3991 787 4060 ἥκουσιν,
810 3990 909 4060 οὐχ
928 3989 1131 4060 ὁμοίιος
1160 3990 1552 4061 προσενεκτέον
1572 4005 1586 4019 ο
1608 3989 1743 4043 ἀλλά

157 4083 294 4147 τοὺς
333 4082 432 4153 μὲν
481 4082 684 4153 ἀρετῆς
728 4077 891 4136 ἆθλον
946 4079 1043 4153 τὴν
1093 4081 1394 4153 ἱερωσύνην
1443 4081 1744 4150 ἐσχηκότας

159 4175 584 4244 ἐγκωμιαστέον
612 4172 708 4226 καὶ
732 4173 1121 4242 μακαριστὲον.
1158 4172 1298 4235 Τοὺς
1322 4171 1381 4225 δὲ
1413 4171 1744 4242 ὲπιπηδῆσαι

164 4265 311 4336 αὐτῇ
342 4265 738 4335 τολμήσαντας.
769 4263 875 4316 τόδ’
914 4263 1060 4326 ὅπως
1090 4263 1201 4332 (2i)
1225 4265 1439 4332 φράσω,
1473 4263 1746 4316 αἰτιατέον

171 4356 271 4409 καὶ
297 4354 546 4426 ἐλεητὲον
567 4371 579 4387 ·
609 4355 693 4408 ὃτι
721 4354 820 4424 τὴν
869 4353 1144 4424 φέρουσαν
1189 4354 1308 4407 ὁδὸν
1338 4355 1433 4406 ἐπὶ
1464 4354 1565 4423 τὴν
1595 4353 1746 4407 θείαν

161 4449 512 4519 λειτουργίαν
567 4446 909 4520 παριδόντες,
976 4447 1069 4499 καὶ
1122 4445 1220 4516 τὴν
1291 4446 1596 4516 ὁσιωτάτην
1653 4446 1749 4498 καὶ

161 4540 544 4609 εύαγεστάτην
568 4541 626 4592 ἐν
657 4539 838 4610 πο).λῷ
871 4541 1052 4612 χρόνῳ
1081 4537 1189 4591 τῶν
1223 4536 1537 4607 φιλαρέτων
1565 4536 1744 4592 πόνων

163 4632 454 4702 ὑπομονὴν
502 4633 895 4702 ἀτιμάσαντες,
931 4631 1168 4701 θεσμούς
1209 4647 1267 4683 τε
1300 4632 1398 4684 καὶ
1446 4630 1546 4693 τὰς
1579 4629 1746 4694 ἄλλας

161 4723 488 4790 ἀγιαστείας
524 4722 626 4787 τὰς
656 4725 762 4777 ἀπὸ
788 4727 889 4795 τῆς
942 4723 1109 4794 ὀρθῆς
1156 4720 1434 4783 πολιτείας
1483 4721 1746 4791 παρωσά-

1909 3538 1987 3592 Ne
2009 3539 2229 3595 ordines
2249 3579 2263 3603 ,
2304 3538 2503 3593 relictis
2536 3537 2641 3593 illis
2684 3536 2775 3606 qui
2828 3552 2924 3608 per
2947 3537 3098 3591 varia
3124 3538 3430 3596 certamina

1840 3635 1906 3685 ad
1930 3631 2182 3685 virtutem
2227 3631 2500 3693 instructi,
2546 3630 2763 3684 tandem
2797 3630 2862 3684 ad
2900 3639 3309 3684 sacrosanctum
3341 3644 3429 3684 sa-

1841 3720 2140 3775 cerdotium
2178 3719 2438 3782 nituntur,
2467 3735 2562 3773 eos
2590 3719 2680 3788 qui
2709 3734 2775 3774 eo
2803 3719 3104 3787 irrumpunt
3132 3737 3148 3774 :
3178 3718 3274 3773 sed
3309 3718 3430 3773 illos

1844 3810 2024 3879 potius
2069 3810 2377 3865 sacerdotes
2403 3825 2660 3865 consecra
2682 3849 2698 3874 ,
2751 3811 2850 3864 ltos
2887 3825 3014 3865 vero
3051 3810 3271 3880 repelle.
3324 3811 3430 3879 Qui

1843 3901 1986 3955 enim
2016 3901 2085 3956 ab
2115 3899 2303 3954 iisdem
2334 3915 2438 3954 non
2468 3901 2532 3954 ad
2564 3903 2752 3954 eadem
2784 3899 3080 3968 festinant;
3112 3915 3299 3956 eorum
3325 3919 3430 3957 non

1845 3991 2031 4047 eadem
2067 3991 2314 4046 habenda
2348 3992 2482 4046 ratio
2502 4004 2606 4059 est,
2639 3993 2732 4048 sed
2765 3993 2855 4046 alii
2881 3993 3095 4048 virtutis
3125 3995 3430 4063 pra-mium,

1845 4083 2208 4138 sacerdotium
2243 4084 2441 4154 adepti,
2475 4083 2728 4140 laudandi
2761 4085 2973 4154 publice
2995 4094 3142 4152 sunt,
3170 4098 3223 4141 et
3247 4085 3433 4142 felices

1848 4173 2199 4242 prmdicandi.
2241 4176 2312 4230 At
2339 4176 2429 4245 qui
2463 4176 2769 4246 irrumpere
2797 4186 2961 4247 atque
2994 4177 3204 4232 insilire
3234 4177 3436 4233 audent

1849 4267 1902 4320 in
1932 4266 2318 4330 sacerdotium,
2348 4268 2382 4321 ii
2414 4282 2566 4331 sane,
2595 4279 2653 4321 ut
2681 4267 2754 4322 ita
2772 4268 2968 4331 dicam,
3003 4267 3432 4337 reprehendendi

1849 4373 1913 4412 ac
1944 4357 2422 4413 commiseratione
2456 4358 2640 4429 digni,
2673 4360 2816 4429 quod
2855 4369 3057 4414 rectam
3089 4359 3156 4412 ad
3193 4359 3432 4412 divinum

1850 4463 2128 4502 sacrorum
2175 4448 2534 4503 ministerium
2583 4449 2869 4503 ducentem
2918 4451 3062 4503 viam
3119 4449 3431 4520 negligant:

1850 4548 2372 4608 contemnentesque
2441 4540 2866 4595 sacratissimam
2925 4540 3437 4609 sanctissimamquc

1853 4631 2165 4699 patientiam
2196 4633 2248 4685 in
2278 4631 2418 4702 longi
2464 4632 2722 4702 temporis
2746 4633 2946 4688 virtute
2977 4633 3325 4702 praeditorum
3356 4631 3436 4685 la-

1854 4723 2109 4786 boribus,
2153 4723 2292 4779 ritus
2327 4724 2779 4792 sanctionesque,
2811 4733 2864 4780 et
2904 4724 3007 4778 alia
3050 4722 3117 4777 ad
3164 4723 3432 4778 sacrillcia

168 4827 348 4881 μενοι,
380 4812 714 4884 ἀποχρῶσαν
733 4813 996 4882 ἐνόμισαν
1021 4814 1234 4875 ἐαυτοίς
1256 4811 1354 4879 τὴν
1377 4811 1714 4881 χειροτονίαν
1731 4828 1746 4843 ·

1854 4813 2178 4884 pertinentia
2211 4828 2276 4867 ex
2297 4814 2498 4884 optima
2526 4813 2788 4884 pellentes
2821 4813 3089 4884 republica
3126 4815 3318 4869 ordine
3346 4830 3438 4870 sa-

164 4899 242 4953 δι*
273 4901 340 4970 ἢν
389 4903 482 4954 καὶ
513 4902 682 4974 μόνην
712 4901 1154 4974 ἐναδρυνόμενοι,
1212 4901 1355 4954 κατά
1407 4901 1517 4953 τῶν
1567 4900 1744 4972 ὀρθῶς

168 4989 435 5064 βιούντων
454 4992 796 5063 ἐπιφύονται.

487 5101 615 5156 την.
655 5131 726 5143 -
763 5100 1092 5172 annuum
1123 5100 1430 5171 Σοψιετῃ.

1850 4903 2107 4959 cerdotali
2155 4904 2406 4976 indignos
2435 4919 2494 4961 se
2525 4907 2818 4962 ostendunt
2849 4927 2862 4963 :
2917 4922 3025 4978 quo
3061 4907 3177 4962 solo
3206 4905 3331 4962 elati
3378 4906 3432 4963 in

1859 5005 2002 5051 recte
2032 4996 2273 5050 viventes
2306 4997 2610 5067 insurgunt.

2018 5101 2361 5161 CCCLXXX.
2403 5133 2472 5144 ——
2527 5103 2924 5161 IIARPOCRE
2962 5104 3288 5160 RIIETORI.

455 5191 557 5246 Uni
585 5199 874 5247 vacandum
906 5194 1031 5258 arti,
1053 5202 1110 5246 ut
1145 5193 1392 5259 excellas,
1434 5207 1527 5245 nec
1561 5193 1698 5247 enim
1731 5193 1786 5245 in
1813 5193 2053 5248 omnibus
2087 5206 2230 5264 potes
2252 5194 2527 5251 excellere.
2561 5194 2798 5268 (Confer.
2833 5197 2984 5266 epist.
3013 5196 3163 5267 452.)

255 5298 496 5372 Ἀνάγκη
531 5302 621 5356 τὸν
653 5304 752 5374 μιᾷ
786 5301 1114 5373 σχολάζοντα
1143 5302 1330 5374 τέχνῃ,
1363 5304 1560 5374 ἄριστα
1580 5304 1751 5375 αὐτὴν

168 5391 590 5462 διηκριϐὦσθαι.
625 5395 687 5447 Ol
713 5393 824 5464 γάρ
855 5394 1075 5458 πολλαῖς
1121 5393 1347 5456 ἑαυτοὺς
1389 5394 1746 5464 παρέχοντες,

173 5485 224 5540 si
251 5483 348 5538 καὶ
374 5482 584 5548 δόξειαν
616 5484 817 5548 πολλὰς
857 5485 1072 5548 εἰδέναι,
1106 5484 1223 5539 ἀλλ’
1255 5485 1315 5537 ού
1347 5484 1538 5537 πασῶν
1575 5487 1652 5549 εἰς
1688 5487 1750 5539 τὸ

1930 5302 2032 5360 Uni
2066 5316 2343 5360 vacantem
2377 5306 2480 5360 arti
2529 5320 2751 5362 necesse
2778 5316 2857 5362 εει
2893 5305 3100 5376 Optime
3131 5321 3248 5359 eam
3277 5320 3436 5360 excr-

1857 5410 2002 5449 ccrc.
2062 5397 2160 5463 Qui
2197 5411 2324 5452 vero
2353 5397 2538 5452 multis
2570 5412 2629 5453 se
2659 5399 2914 5464 tradunt,
2961 5397 3067 5453 etsi
3106 5397 3269 5451 multa
3297 5398 3438 5451 scirc

1859 5489 2164 5552 vidcantur,
2222 5489 2289 5542 ad
2340 5489 2552 5546 culmen
2595 5505 2701 5546 non
2761 5491 3096 5560 pct'tingnnt.
3141 5487 3337 5544 Verum
3387 5489 3433 5541 si

1276 5618 1507 5676 VARIIE
1544 5620 1930 5677 LECTIONES
1972 5621 2057 5676 l-.'l‘
2100 5622 2331 5681 ΝυΤιΕ.

393 5740 493 5828 fro
522 5742 702 5828 φορῶν
733 5744 889 5828 iidem
921 5746 1118 5828 Italtent
1159 5750 1333 5828 φορεῖ.
1354 5750 1576 5828 _l_‘ns_stx.

250 5809 366 5880 (26)
389 5809 726 5878 Ιιιιοτόὖτως
759 5826 811 5870 et
849 5815 1043 5886 φράσω
1073 5809 1239 5872 ambo
1267 5821 1420 5874 codd.
1476 5822 1711 5876 inserunt
1750 5822 1831 5877 οὖ.
1863 5819 1934 5873 In.
