4122 6444
203 398 342 467 1557

956 406 1491 471 EPISTOLAR-UM
1521 411 1673 481 LIB.
1716 412 1783 472 V.
1826 435 1893 448 -
1930 409 2166 469 EPIST.
2207 405 2689 466 CCCLXXXVIE.

3330 401 3346 461 i
3361 403 3467 462 5’33

196 528 292 566 τον
314 521 382 581 ι),
420 511 563 566 οὕτω
587 513 681 567 τοῦ
708 513 917 570 δικαίου
951 518 1257 588 ἐφρόντιζε,
1296 523 1356 575 σὲ
1383 521 1476 575 τὸν
1505 524 1598 576 καὶ
1631 522 1767 592 βασι·

1885 519 2344 591 gubernatoribus
2390 519 2692 586 subjectum
2739 529 2840 586 par
2885 525 2967 569 est
3016 513 3218 580 justum
3271 512 3473 576 θυίων,

193 601 358 655 λεῦσι
398 605 491 658 καὶ
532 604 761 674 ἄρχουσι
792 607 1032 675 μείζοσιν
1070 609 1451 682 ὑποκείμενον,
1482 613 1688 667 δίκαιον
1714 613 1780 666 ἂν

197 693 289 763 εἵη
330 693 423 747 τοῦ
454 695 662 748 δικαίου
696 696 937 766 ἔχεσθαι,
984 699 1078 751 καὶ
1110 700 1375 772 μηδαμῶς
1405 704 1564 756 τοῦτο
1602 720 1782 775 παραο

193 781 430 834 σαίνειν·
465 783 766 848 ἐννοοῦντα,
793 787 875 840 ὅτι
909 789 960 841 εί
993 790 1089 842 καὶ
1117 789 1216 862 τὴν
1240 794 1477 847 ἐνταῦθα
1496 793 1780 863 διαφύγως

193 868 382 941 δίκην,
411 871 511 945 τὴν
551 873 702 926 θείαν
731 875 790 928 οὐ
818 876 1105 951 διαφεύξῃ.

691 981 859 1036 TUA'.
897 1014 966 1024 ——
1002 986 1293 1042 ΜΛΡΩΝΙ.

1882 612 2057 684 6'75.
2091 612 2206 666 haec
2243 611 2312 663 ab
2341 625 2406 664 eo
2437 609 2712 672 recedere,
2765 608 3094 677 cogitantem
3133 606 3276 672 quod
3308 605 3351 659 si
3389 605 3476 658 hic

1885 705 2176 759 vindictam
2209 702 2470 767 evaseris,
2505 703 2694 771 utique
2728 699 2969 754 divinam
3002 713 3106 753 non
3145 696 3364 751 evades.

2259 992 2678 1051 CCCLXXXIV.
2712 1024 2783 1034 —
2823 991 3108 1049 MARONI.

307 1073 507 1140 Corpus
533 1085 733 1140 pareat.
777 1091 919 1130 naeus
967 1077 1202 1145 imperet.
1237 1080 1454 1149 (Confer
1479 1085 1633 1151 epist.
1662 1084 1767 1139 529

1875 1086 1965 1143 lib.
1998 1103 2035 1152 ι,
2078 1088 2230 1157 epist.
2271 1087 2357 1153 15,
2381 1097 2429 1142 et
2461 1087 2552 1140 lib.
2586 1101 2659 1150 tv,
2696 1086 2848 1155 epist.
2895 1085 3019 1151 124,
3056 1082 3182 1147 126,
3213 1082 3357 1153 146.)

285 1185 341 1238 '0
371 1183 475 1236 ὑπο
498 1184 606 1237 τῶν
638 1183 1006 1257 ἀνελευθέρων
1037 1188 1134 1256 τῆς
1167 1189 1370 1260 σαρκὸς
1403 1191 1590 1245 παθῶν
1620 1195 1778 1258 ἐξαν-

191 1275 576 1346 δραποδισθεὶς
622 1277 746 1344 (ἵνα
793 1278 885 1329 καὶ
934 1277 1231 1351 παχυτέρῳ
1264 1280 1560 1351 χρήσωμαι
1597 1299 1778 1353 παρα-

190 1367 505 1438 δείγματι),
557 1366 731 1420 έοικεν
761 1367 984 1438 ἡνιόχῳ,
1017 1369 1396 1424 ὲκπεπτωκότι
1424 1372 1521 1442 μὲν
1551 1371 1644 1426 τοῦ
1679 1373 1778 1445 ἆρ-

197 1475 392 1527 ματος,
437 1458 720 1528 συρομένῳ
759 1459 814 1511 δὲ
845 1458 949 1512 ὑπὸ
998 1459 1109 1513 τῶν
1150 1460 1337 1530 ἡνιῶν,
1370 1465 1481 1516 τῶν
1534 1465 1608 1535 μὴ
1642 1465 1779 1519 ἁπο-

191 1549 443 1604 λυουσῶν
496 1550 680 1615 αὑτὸν,
728 1549 866 1603 ἀλλὰ
910 1550 1375 1620 συμπλεκομένων
1412 1553 1580 1625 αὐτῷ,
1620 1556 1778 1626 δίκην

189 1643 294 1711 τῆς
323 1639 594 1710 ῥᾳθυμίας
625 1631 1030 1711 ἀπαιτουμένῳ.
1065 1642 1235 1695 Ἔνθα
1259 1643 1324 1714 δὴ
1359 1643 1468 1696 τῶν
1497 1648 1638 1699 κατὰ
1671 1647 1776 1715 φύ-

1957 1197 2058 1264 Qui
2089 1197 2270 1253 carnis
2303 1196 2552 1251 illiberali
2588 1195 2927 1262 mancipatus
2948 1203 3031 1249 est
3059 1192 3190 1248 vitio
3215 1192 3298 1265 (ut
3324 1207 3470 1248 cras-

1885 1292 2027 1347 siore
2060 1299 2182 1344 utar
2211 1287 2484 1358 exemplo)
2527 1302 2634 1342 non
2679 1285 2946 1341 absimilis
2979 1295 3061 1340 est
3103 1284 3337 1354 aurigrc,
3379 1284 3470 1352 qui

1875 1398 2036 1438 curru
2065 1380 2299 1442 excidit,
2331 1386 2577 1448 raptatus
2610 1392 2639 1431 a
2667 1376 2955 1447 iumentis,
2992 1389 3092 1429 nec
3121 1375 3190 1428 ab
3238 1374 3342 1428 illis
3380 1390 3466 1428 suo

1876 1475 2051 1538 lutus,
2107 1471 2200 1526 sed
2251 1471 2384 1540 iugo
2436 1469 2742 1537 implicatus
2795 1467 3064 1523 socordiae
3112 1466 3248 1519 dans
3291 1465 3470 1534 justas

1875 1576 2083 1634 poenas.
2125 1560 2252 1616 Haec
2279 1563 2424 1614 enim
2459 1560 2674 1614 inversa
2702 1558 2963 1614 accidunt
2985 1565 3201 1612 natura.
3233 1555 3467 1612 Currum

1873 1655 2015 1709 enim
2069 1662 2213 1708 recte
2245 1667 2312 1706 ex
2344 1660 2463 1706 arte
2491 1663 2684 1720 regere
2712 1650 3005 1715 convenit;
3045 1649 3190 1703 male
3214 1663 3348 1702 vero
3377 1663 3466 1701 re-

193 1745 282 1782 σιν
313 1728 576 1783 τάναντία
603 1728 865 1784 ἐκϐαίνει.
911 1731 1041 1785 Δέον
1083 1730 1193 1804 γὰρ
1228 1733 1290 1786 τὸ
1324 1735 1481 1805 ἅρμα
1527 1735 1634 1789 ὑπὸ
1676 1737 1767 1808 τῆς

1873 1746 2028 1816 gens,
2060 1747 2128 1799 al)
2161 1745 2316 1815 equis
2347 1751 2592 1811 raptatur
2616 1740 2828 1810 auriga.
2875 1741 3131 1795 Evertcre
3158 1739 3302 1795 enim
3333 1754 3459 1793 eum

187 1817 388 1888 τέχνης
421 1817 518 1872 τοῦ
566 1818 783 1888 ἡνιόχου
817 1818 1046 1886 ἄγεσθαι
1094 1820 1293 1887 καλῶς,
1329 1823 1358 1876 ὁ
1406 1804 1619 1894 ἡνίοχος
1668 1804 1767 1878 ὑπὸ

1874 1804 1965 1906 qui
1999 1853 2065 1893 ex
2102 1845 2297 1891 natura
2345 1836 2608 1902 imperat,
2653 1834 2705 1888 id
2748 1840 2832 1888 est
2875 1842 3128 1887 naturam
3166 1833 3464 1886 invertere.

190 1906 304 1960 τῶν
347 1908 529 1961 ἵππων
585 1907 807 1980 σύρεται
851 1909 1059 1974 κακῶς.
1103 1912 1215 1982 Τῆς
1267 1912 1379 1984 γὰρ
1417 1915 1557 1968 κατὰ
1607 1915 1771 1984 φύσιν

186 1997 489 2069 ἡγεμονίας
519 1998 819 2070 ἀνατροπὴ,
871 2002 904 2072 ἠ
935 2001 1088 2074 παρά
1113 2003 1275 2074 φύσιν
1308 2007 1662 2080 παρατροπὴ,
1690 2006 1773 2062 διὸ

187 2089 298 2162 χρὴ
322 2090 412 2143 τὸν
442 2089 568 2144 νοῦν
603 2091 872 2165 κυδερνᾷν
901 2093 961 2147 τὸ
997 2094 1177 2164 σῶμα.

662 2221 834 2276 τηεν.
866 2251 936 2265 -
963 2224 1048 2296 To
1082 2225 1284 2296 ΛΥΤῼ.

1875 1925 2083 1996 Corpus
2113 1925 2294 1995 itaque
2329 1938 2358 1977 a
2390 1932 2572 1978 mente
2604 1921 2714 1990 regi
2749 1934 2848 1990 par
2882 1930 2967 1977 est
3003 1936 3066 1976 ac
3099 1919 3418 1990 gubernari.

2278 2231 2672 2290 CCCLXXXV.
2713 2262 2784 2273 —
2840 2229 3072 2286 EIDEM.

1173 2318 1532 2375 Fortitudinis
1577 2335 1823 2378 extremo:
1852 2326 2084 2380 audacia
2115 2335 2162 2380 et
2204 2327 2488 2380 timiditas.

257 2423 332 2476 Τὸ
364 2423 463 2492 μὲν
485 2422 867 2494 λελογισμένον
900 2427 995 2482 καὶ
1018 2431 1284 2495 γενναῖον,
1313 2431 1559 2501 ἀνδρεῖον
1591 2432 1768 2500 ἔγωγε

179 2509 368 2564 καλῶ·
410 2511 466 2563 τὸ
504 2512 561 2564 δὲ
591 2511 803 2580 ἄλογον,
847 2516 940 2568 καὶ
968 2516 1068 2586 τὴν
1099 2515 1228 2570 ἄνευ
1272 2516 1366 2572 νοῦ
1403 2520 1599 2590 ἀλκὴν,
1633 2521 1767 2593 θρα-

184 2599 394 2670 σύτητα
423 2604 832 2674 προσαγορεύω.

454 2801 642 2869 τΠςο.
681 2834 749 2845 -
779 2805 1028 2877 amato
1062 2807 1489 2864 MONAZONTI.

1947 2434 2099 2500 Quod
2129 2444 2214 2491 est
2246 2451 2370 2490 cum
2402 2437 2612 2489 ratione
2644 2450 2708 2489 ac
2739 2449 3004 2505 generose
3039 2440 3250 2502 gestum
3274 2472 3290 2498 ,
3325 2431 3465 2486 idem

1874 2541 1974 2594 ego
2003 2525 2146 2581 forte
2177 2542 2239 2581 ac
2263 2526 2418 2581 virile
2453 2528 2699 2597 appello;
2735 2536 2946 2592 contra,
2970 2527 3112 2596 quod
3149 2526 3467 2594 imprudens

1873 2627 1957 2669 est
1992 2632 2053 2670 ac
2087 2617 2205 2671 sine
2239 2627 2419 2671 mente
2447 2617 2728 2672 robustum
2752 2656 2766 2680 ,
2799 2618 2851 2671 id
2880 2633 2981 2688 ego
3015 2617 3302 2670 audaciam
3332 2631 3466 2672 con-

1875 2706 2261 2776 ﬁdentiamque
2292 2709 2502 2761 dixero.
3334 2726 3378 2776 '

2071 2773 2492 2870 ccetxxxw.
2531 2846 2601 2856 —
2635 2815 2892 2872 ALPIIIO
2929 2813 3284 2872 nomcuo.
3334 2773 3337 2776 ’

1436 2906 1515 2961 De
1535 2907 1660 2974 jure
1683 2909 1805 2964 belli
1827 2927 1890 2963 ac
1916 2910 2179 2968 rimliclw.

255 3015 367 3084 Τῆς
391 3018 490 3086 μὲν
510 3017 619 3073 τῶν
645 3021 944 3092 ἀλλοτρίων
970 3025 1133 3082 ἕνεκα
1160 3031 1409 3099 κτήσεως
1430 3032 1598 3103 μόνης
1625 3034 1759 3104 (26),

1943 3035 2090 3092 Bella
2161 3035 2274 3094 fere
2321 3035 2392 3092 ob
2436 3037 2644 3091 alienas
2705 3035 3012 3092 conﬂantur
3065 3039 3457 3106 possessiones.

179 3107 223 3199 ᾗ,
272 3105 526 3199 μαλιστα,
573 3111 622 3162 oi
659 3112 884 3183 πόλεμοι
923 3118 1375 3190 ἀναῤῥιπίζονται
1401 3139 1415 3154 ο
1447 3123 1508 3176 οὐ
1553 3126 1763 3188 πάντας

1870 3132 2152 3197 bonaque:
2187 3143 2250 3183 ac
2283 3144 2348 3182 ne
2372 3143 2562 3182 omnes
2594 3128 2809 3196 quidem
2844 3128 2978 3184 bella
3012 3138 3260 3199 gerentes
3296 3146 3462 3185 accu-

175 3197 238 3289 δὲ
272 3197 397 3262 τοὺς
439 3200 812 3271 πολεμοῦντας
853 3210 1122 3266 αἰτιατέον
1146 3228 1160 3243 ο
1203 3213 1338 3268 ἀλλά
1363 3216 1493 3279 τοὺς
1524 3217 1624 3286 μὲν
1661 3218 1763 3289 ἄρ-

179 3288 380 3378 ¹ξαντας
408 3289 440 3360 ἢ
477 3291 675 3362 χειρῶν
724 3295 926 3350 ἀδίκων
956 3300 987 3368 ἢ
1024 3301 1306 3373 ἁρπαγῆς,
1341 3304 1417 3369 ὡς
1451 3288 1764 3378 ἀλιτηρίους

175 3376 439 3465 δαίμονας
468 3382 770 3451 νομιστέον.
826 3385 965 3451 Τοὺς
998 3389 1057 3442 δὲ
1088 3391 1465 3463 ἀμυνομένους
1502 3376 1762 3465 μετρίως,

178 3462 326 3556 οῦτε-
359 3471 635 3538 μεμπτέον
684 3473 759 3538 ὼς
817 3476 1059 3543 ἀδίκους.
1112 3462 1362 3552 Νόμιμον
1391 3462 1764 3556 γάρνπραγμα

180 3554 460 3610 ποιοῦσιν·
500 3559 624 3615 οὔτε
667 3565 774 3634 μὴν
823 3566 1165 3637 θαυμαστέον
1198 3572 1274 3636 ὡς
1309 3554 1632 3646 φιλοσόφους
1671 3554 1765 3632 καὶ

179 3646 614 3718 ἀνακηρυκτέον,
640 3654 735 3708 ἅτε
767 3655 877 3727 (9.7)
906 3660 1118 3731 οὐρανῷ
1146 3665 1463 3733 πρέπουσαν
1488 3668 1764 3724 πολιτείαν

182 3735 654 3826 πολιτευομένους,
697 3747 796 3801 οὐκ
843 3750 900 3801 ὲν
941 3751 1018 3821 τῷ
1049 3754 1304 3826 ἀντιδρᾷν
1339 3756 1376 3813 ἃ
1405 3759 1761 3826 πεπόνθασιν,

177 3824 301 3878 ἀλλ’
326 3829 384 3881 ὲν
416 3831 493 3900 τῷ
528 3836 789 3899 γενναίως
824 3841 1068 3907 ἐνεγκεῖν
1098 3824 1516 3915 τὴνάνανδρίαν
1547 3824 1765 3918 κρίνανέ

175 3933 302 3978 τας.
356 3919 492 3984 Τοὺς
529 3923 584 3975 δὲ
623 3924 848 3991 δικαίως
900 3930 1000 4000 μὲν
1048 3933 1444 4004 ἀμυνομένους,
1495 3937 1763 4011 ὑπερϐαί-

178 4024 373 4071 νοντας
415 4011 471 4063 δὲ
519 4015 618 4084 τῆς
671 4018 885 4090 ἀμύνης
933 4022 994 4074 τὸ
1043 4025 1259 4093 μέτρον,
1314 4026 1389 4090 ὡς
1441 4028 1763 4093 ἀδικοῦντας

179 4101 478 4169 γραπτέον.
531 4107 594 4157 Οἱ
648 4108 757 4178 γὰρ
802 4111 1059 4182 ἀμέτρως
1116 4116 1469 4185 ἀμυνόμενοι,
1517 4119 1762 4190 δεύτεροι

179 4190 346 4282 παλιν
403 4195 790 4282 κατάρχουσιν.
862 4203 1234 4277 Ἀντιμετρεῖν
1289 4209 1398 4279 γὰρ
1473 4211 1577 4282 χρὴ
1648 4215 1762 4275 τοῖς

185 4279 623 4353 πλημμελήμασι
657 4287 754 4351 τὰς
785 4294 1078 4362 τιμωρίας,
1113 4295 1212 4364 οὐχ
1245 4279 1600 4366 ὑπερϐαίνειν
1625 4313 1639 4328 ⁸
1675 4297 1764 4350 ἶνα

1865 3219 2016 3273 saudi
2037 3258 2052 3283 ,
2085 3221 2178 3273 sed
2220 3220 2311 3289 qui
2343 3218 2647 3289 suscipiunt
2677 3219 2762 3273 vel
2812 3219 3047 3288 injuriae,
3082 3221 3163 3276 vel
3213 3222 3457 3291 rapiendi

1865 3323 2049 3374 causa,
2081 3308 2132 3363 hi
2166 3307 2455 3378 perniciosi
2482 3308 2632 3363 velut
2659 3309 2934 3364 daemones
2968 3309 3222 3365 habendi.
3266 3313 3333 3364 At
3364 3313 3454 3380 qui

1866 3399 2110 3454 modeste
2141 3398 2421 3454 vindicant
2457 3413 2522 3454 ac
2553 3399 2836 3454 moderate
2864 3400 3198 3456 ulciscuntur
3234 3403 3460 3472 injurias

1868 3487 2063 3554 illatas,
2089 3503 2196 3544 non
2226 3499 2355 3546 sunt
2402 3499 2460 3544 ut
2503 3491 2631 3560 justi
2684 3492 3141 3561 reprehendendi.
3177 3493 3254 3548 Ex
3285 3493 3461 3566 legum

1865 3578 2012 3633 enim
2034 3580 2352 3650 praescripto
2382 3595 2494 3635 rem
2521 3591 2752 3649 gerunt:
2785 3597 2959 3651 neque
2983 3597 3074 3638 eos
3096 3582 3259 3639 veluti
3286 3584 3463 3653 philo-

1868 3672 2070 3739 sophos
2099 3671 2361 3725 admirari
2395 3681 2612 3742 oportet
2665 3687 2764 3727 nec
2796 3673 3163 3743 deprmdicare
3191 3679 3342 3743 quasi
3379 3676 3460 3729 vi-

1869 3770 1978 3815 tam
2007 3761 2148 3816 coelo
2178 3762 2392 3828 dignam
2424 3764 2718 3827 ducentes,
2751 3779 2857 3818 non
2898 3766 2950 3818 iu
2993 3766 3353 3834 repcudsudis
3379 3768 3463 3821 iu-

1861 3852 2026 3922 jnriis
2052 3868 2188 3922 quas
2219 3855 2462 3922 perpessi
2499 3858 2785 3918 sunt,‘sed
2808 3858 2950 3924 quod
2981 3856 3214 3912 viriliter
3248 3868 3302 3913 et
3329 3873 3458 3912 cou-

1866 3953 2076 3998 stauter
2106 3944 2224 3997 illas
2251 3946 2546 4013 perierant,
2583 3946 2834 4000 inertiam
2861 3944 3162 4016 culpantes.
3199 3946 3299 4012 Qui
3329 3963 3460 4004 vero

1859 4035 2004 4105 juste
2035 4037 2252 4102 quidem
2282 4051 2342 4091 se
2379 4037 2674 4099 vindicant,
2710 4035 2925 4090 modum
2962 4048 3140 4093 tamen
3165 4039 3458 4104 excedunt,

1867 4125 1901 4178 ii
1951 4135 2007 4178 ut
2043 4126 2224 4196 injusti
2269 4138 2398 4183 sunt
2439 4129 2751 4183 accusandi.
2794 4129 2894 4196 Qui
2918 4130 3063 4185 enim
3102 4130 3460 4189 immoderate

1867 4215 2227 4283 ulciscuntur,
2256 4221 2548 4274 secundum
2573 4230 2626 4273 et
2651 4235 2842 4276 novam
2866 4221 3155 4277 ordiuntur
3183 4221 3434 4290 injuriam
3451 4267 3463 4281 .

1866 4305 2064 4363 Pinnas
2092 4310 2234 4364 enim
2284 4310 2497 4364 delictis
2519 4324 2641 4365 esse
2669 4326 2830 4379 pares
2862 4322 3110 4381 oportet,
3148 4328 3254 4368 non
3286 4314 3456 4383 majo-

178 4369 261 4473 pi!
298 4371 602 4473 cbfixatov
653 4378 748 4430 καὶ
787 4379 849 4431 τὸ
878 4382 1106 4453 νόμιμον
1138 4385 1496 4456 ὑπερϐάντες,
1532 4391 1626 4442 καὶ
1665 4391 1763 4462 τὴν

1869 4413 1977 4463 res,
2010 4413 2076 4454 ne
2104 4399 2307 4468 justum
2345 4409 2400 4454 et
2435 4417 2649 4469 a'quum
2685 4406 3008 4473 transgressi
3036 4412 3090 4457 et
3129 4404 3356 4471 iustitiae
3395 4405 3455 4458 ll-

175 4461 271 4513 ἐπὶ
313 4461 391 4532 τῷ
432 4463 654 4530 δικαίως
693 4469 1142 4542 ὲπεξεληλυθέναι
1174 4475 1330 4543 δόξαν
1363 4461 1755 4551 λυμηνάμενοι,

175 4554 259 4617 είς
294 4555 419 4618 τοὺς
451 4555 755 4631 ἀλάστορας
784 4564 1156 4635 ἐγγραφῶσιν.

640 4829 805 4914 me.
847 4891 917 4902 -
957 4865 1293 4938 ΟΛΥΜΠΙῼ.

1869 4505 1965 4546 nes
1994 4494 2304 4548 cxcedendo
2333 4493 2560 4564 gloriam
2601 4493 3047 4559 dt-honestantes,
3086 4496 3228 4552 inter
3257 4495 3460 4556 alaslo—

1867 4599 1954 4639 res
1982 4583 2309 4650 referantur,
2342 4586 2606 4640 excedere
2633 4585 2870 4641 videare.
2913 4586 3150 4644 Gloriam
3183 4590 3326 4644 enim
3362 4589 3458 4646 de-

1867 4675 2181 4742 bonestant,
2214 4673 2441 4745 iustitia:
2473 4678 2608 4733 lines
2637 4679 2970 4746 excedenda,
3002 4688 3166 4749 utque
3192 4679 3328 4735 diris
3360 4695 3457 4735 ex-

1866 4765 2112 4819 secrandi
2150 4764 2384 4820 habendi
2415 4777 2561 4824 sunt.

2203 4873 2649 4934 CCCLXXXVII.
2690 4908 2760 4919 —
2797 4878 3128 4938 OLYMPIO.

801 4969 900 5026 Sui
924 4975 1150 5044 cognitio
1183 4979 1358 5046 prima
1387 4981 1457 5033 ad
1503 4982 1776 5038 scientiam
1804 4985 1884 5039 via
1908 5002 1928 5050 ,'
1954 5002 2018 5040 ex
2051 4985 2287 5041 Platonis
2315 4985 2591 5042 Alcibiade
2617 4988 2815 5057 priore.

252 5071 374 5123 Ὀτι
403 5071 463 5125 τὸ
489 5074 687 5129 ειδέναι
717 5078 922 5132 οἴεσθαι
961 5080 1055 5133 τοῦ
1087 5083 1160 5153 μὴ
1191 5085 1387 5140 εἰδέναι
1422 5088 1595 5143 αἴτιον
1615 5092 1749 5145 καθ-

173 5163 440 5232 έστηκενο
489 5167 538 5217 εί
586 5167 678 5219 καὶ
720 5168 950 5238 αἴνιγμα
1001 5172 1148 5226 δοκεῖ
1183 5171 1327 5228 εἶναί
1378 5194 1460 5230 σοι
1504 5178 1566 5231 τὸ
1597 5183 1754 5252 είρη-

177 5253 360 5323 μένον.
409 5256 696 5328 Μαρτυρεῖ
736 5258 984 5325 Πλάτων,
1015 5263 1073 5316 ὃν
1111 5266 1196 5317 ἀεὶ
1239 5268 1334 5320 ἐπὶ
1367 5269 1635 5340 στόματος
1662 5272 1758 5341 φέ-

174 5361 309 5417 ρεις,
355 5346 530 5414 λέγων
573 5350 708 5420 πρὸς
733 5351 826 5405 τὸν
863 5354 1225 5428 Ἀλκιϐιάδην.
1249 5363 1410 5414 Σωκ·
1466 5380 1483 5412 ι
1520 5363 1758 5432 Πότερον

174 5435 374 5492 σαυτὸν
415 5437 668 5509 λέληθας,
723 5443 804 5497 ὅτι
857 5446 957 5500 οὐκ
987 5439 1293 5504 ’ἐπίστασαι
1349 5453 1604 5526 τοῦτο;ἢ
1657 5457 1758 5527 ἐμὲ

1932 5093 2033 5160 Qui
2068 5095 2212 5150 scire
2241 5110 2299 5151 se
2325 5103 2500 5166 putat,
2528 5110 2625 5152 cur
2651 5095 2784 5150 nihil
2815 5096 2954 5154 sciat
2992 5097 3096 5154 sibi
3132 5112 3292 5154 causa
3322 5111 3447 5157 est:

1862 5183 2017 5237 multi
2049 5184 2113 5237 ad
2137 5185 2497 5242 eruditionem
2526 5186 2921 5256 pervenissent,
2950 5188 3053 5243 nisi
3081 5202 3140 5243 se
3181 5187 3294 5257 jam
3327 5205 3453 5258 per-

1864 5276 2074 5331 venisse
2106 5285 2415 5346 putassent,
2477 5279 2554 5334 ait
2588 5278 2818 5336 Seneca.
2883 5279 2940 5335 ld
2997 5280 3043 5336 si
3091 5281 3321 5351 aenigma
3357 5283 3453 5338 tibi

1865 5367 2134 5434 videatur,
2169 5371 2322 5425 testis
2351 5369 2575 5427 idoneus
2601 5370 2758 5428 Plato
2788 5383 2872 5428 est
2893 5413 2908 5439 ,
2952 5388 3113 5444 quem
3148 5389 3363 5443 semper
3391 5375 3446 5430 iu

1866 5472 1963 5512 ore
2009 5457 2216 5513 habens
2263 5459 2486 5528 laudas,
2538 5478 2661 5518 cum
2695 5461 2975 5520 Alcibiade
3024 5464 3105 5520 sic
3153 5465 3452 5522 disserens.

1263 5632 1496 5693 VARle
1535 5639 1920 5697 LECTIONES
1962 5640 2048 5696 ET
2087 5643 2321 5700 NOTAE.

255 5775 366 5847 (σε)
393 5775 518 5836 Post
555 5781 722 5854 μόνης
755 5785 913 5842 iidem
963 5789 1165 5845 addunt
1190 5790 1286 5854 ὡς.
1324 5791 1428 5849 Pro
1473 5795 1563 5848 ἅτε
1598 5794 1755 5851 iidem

1868 5805 1971 5864 ,uut
2003 5795 2146 5852 οὔτε.
2180 5798 2391 5856 Possm.
