4122 6462
207 403 341 472 1557

956 411 1490 477 EPISTOLARUM
1526 418 1672 478 LIB.
1715 418 1782 479 V.
1825 441 1893 454 -
1929 415 2166 475 EPIST.
2207 412 2688 473 CCCLXXXWE.

3329 407 3466 470 iam

201 534 292 571 τον
314 526 382 586 ι),
420 516 562 571 οὕτω
586 518 681 572 τοῦ
708 519 918 575 δικαίου
951 524 1256 594 ἐφρόντιζε,
1296 529 1355 581 σὲ
1383 527 1476 581 τὸν
1505 529 1596 583 καὶ
1630 529 1767 598 βασι-

1885 525 2344 596 guhernatoribus
2390 525 2691 592 subjectum
2738 535 2839 592 par
2883 531 2973 575 est
3015 519 3218 587 justum
3270 519 3471 582 (tulero,

200 605 356 660 λεῦσι
397 610 491 662 καὶ
532 609 760 680 ἄρχουσι
792 612 1032 681 μείζοσιν
1069 615 1451 687 ὑποκείμενον,
1481 619 1687 673 δίκαιον
1713 619 1779 673 ἂν

201 697 288 768 είη
329 698 422 752 τοῦ
453 700 662 753 δικαίου
695 701 937 771 ἔχεσθαι,
984 705 1078 757 καὶ
1110 706 1374 778 μηδαμῶς
1404 710 1564 762 τοῦτο
1602 726 1781 780 παρα-

199 785 430 840 σαίνειν·
464 788 766 853 ἐννοοῦντα,
792 792 875 845 δτι
909 795 959 846 εί
993 795 1088 848 καὶ
1116 795 1216 868 τὴν
1240 799 1476 854 ἐνταῦθα
1494 799 1778 868 διαφύγοις

198 873 380 946 δίκην,
410 877 511 950 τὴν
551 879 702 932 θείαν
731 881 790 934 οὐ
817 882 1104 956 διαφεύξῃ.

690 987 858 1042 THA'.
895 1019 966 1030 —-—
1002 992 1292 1048 ΜΛΡΩΝΙ.

1881 618 2056 690 675
2090 618 2205 672 haec
2242 617 2310 670 ab
2340 631 2405 670 eo
2437 616 2711 677 recedere,
2764 615 3092 684 cogitantem
3131 613 3275 678 quod
3307 611 3349 665 si
3387 612 3474 665 hic

1885 711 2176 765 vindictam
2207 709 2469 773 evaseris,
2503 709 2692 777 utique
2728 706 2968 760 divinam
3002 719 3105 759 non
3145 703 3362 758 evades.

2258 998 2677 1058 CCCLXXXIV.
2711 1030 2782 1040 —
2821 997 3108 1055 MARONI.

305 1078 507 1145 Corpus
532 1091 732 1145 pareat.
776 1096 918 1135 mem
967 1083 1201 1151 imperet.
1236 1085 1453 1155 (Confer
1479 1090 1632 1156 epist.
1661 1090 1767 1145 529
1794 1102 1841 1144 et
1874 1092 1964 1149 iiii.
1997 1110 2034 1158 ι,
2077 1095 2230 1164 epist.
2269 1093 2356 1159 15,
2380 1103 2427 1148 et
2459 1093 2550 1146 lib.
2585 1107 2658 1156 tv,
2694 1092 2846 1160 epist.
2893 1091 3018 1157 124,
3054 1088 3181 1154 126,
3211 1088 3356 1159 HG.)

283 1190 340 1242 Ὀ
369 1188 474 1242 ὑπὸ
498 1189 606 1242 τῶν
638 1189 1005 1262 ἀνελευθέρων
1037 1193 1134 1262 τῆς
1166 1195 1369 1265 σαρκὸς
1402 1198 1589 1251 παθῶν
1619 1200 1776 1265 ἐξαν-

195 1280 576 1351 δραποδισθεὶς
621 1281 745 1349 (ἵνα
792 1283 884 1335 καὶ
933 1283 1230 1356 παχυτέρῳ
1264 1286 1559 1357 χρήσωμαι
1596 1306 1777 1359 παρα-

194 1372 505 1442 δείγματι),
555 1371 730 1426 ἐοικεν
761 1373 983 1443 ἡνιόχῳ,
1017 1375 1394 1430 ὲκπεπτωκότι
1423 1379 1520 1448 μὲν
1550 1378 1642 1432 τοῦ
1677 1379 1777 1450 ἆρ-

199 1480 391 1532 ματος,
436 1463 719 1534 συρομένῳ
758 1463 813 1516 δὲ
845 1463 948 1517 ὑπὸ
998 1465 1108 1518 τῶν
1149 1467 1336 1536 ἡνιῶν,
1370 1470 1479 1522 τῶν
1533 1471 1608 1541 μὴ
1641 1472 1778 1524 ἀπο-

194 1553 442 1608 λυουσῶν
495 1555 678 1619 αὑτὸν,
728 1553 865 1608 ἀλλά
909 1555 1374 1626 συμπλεκομένων
1411 1559 1579 1631 αὐτῷ,
1619 1562 1777 1632 δίκην

192 1648 290 1716 τῆς
321 1644 593 1715 ῥᾳθυμίας
625 1644 1029 1717 ἀπαιτουμένῳ.
1065 1648 1234 1702 Ἔνθα
1258 1649 1323 1720 δὴ
1359 1649 1467 1702 τῶν
1497 1654 1637 1705 κατὰ
1670 1653 1774 1720 φύ-

195 1750 281 1787 σιν
311 1733 574 1788 τάναντία
601 1734 864 1789 ἐκϐαίνει.
910 1736 1040 1791 Δέον
1082 1735 1192 1809 γὰρ
1227 1739 1289 1792 τὸ
1323 1740 1480 1811 ἀρμα
1526 1741 1632 1794 ὑπὸ
1675 1743 1774 1814 τῆς

189 1822 387 1893 τέχνης
420 1822 517 1877 τοῦ
565 1824 781 1893 ἡνιόχου
816 1823 1045 1892 ἄγεσθαι
1093 1826 1292 1892 καλῶς,
1328 1828 1357 1882 ό
1405 1828 1618 1900 ἡνίοχος
1667 1810 1772 1884 ὑπὸ
1809 1810 1846 1863 Β

189 1911 308 1964 τῶν.
345 1914 528 1967 ἵππων
584 1913 806 1984 σύρεται
850 1914 1058 1979 κακῶς.
1102 1917 1214 1988 Τῆς
1266 1917 1377 1990 γὰρ
1415 1920 1556 1973 κατὰ
1606 1920 1770 1989 φύσιν

185 2003 488 2074 ἡγεμονίας
517 2004 818 2075 ἀνατροπὴ,
869 2008 902 2076 ή
934 2006 1087 2080 παρά
1111 2008 1274 2080 φύσιν
1307 2007 1660 2085 παρατροπὴ,
1689 2011 1772 2067 διὸ

188 2094 296 2167 χρὴ
321 2095 411 2148 τὸν
442 2095 565 2150 νοῦν
602 2097 871 2170 κυδερνᾷν
899 2099 960 2152 τὸ
995 2100 1176 2168 σῶμα.

661 2226 833 2282 THE'.
864 2257 935 2270 —
961 2229 1047 2301 Τῼ
1080 2230 1283 2302 arm.

1956 1203 2057 1271 Qui
2088 1203 2268 1260 carnis
2302 1202 2550 1257 illiberali
2586 1201 2925 1268 mancipatus
2946 1210 3029 1256 est
3057 1198 3188 1254 vitio
3214 1199 3297 1271 (ιιι
3323 1214 3468 1254 cras-

1885 1299 2026 1352 siore
2059 1305 2180 1350 utar
2210 1293 2482 1364 exemplo)
2525 1308 2632 1348 non
2677 1291 2945 1348 absimilis
2977 1301 3060 1346 cst
3101 1291 3336 1360 aurigre,
3377 1291 3468 1359 qui
3549 1368 3552 1372 .

1874 1404 2034 1444 curru
2064 1386 2297 1448 excidit,
2329 1393 2575 1454 raptatus
2609 1398 2637 1438 a
2665 1382 2953 1453 jumentis,
2991 1396 3091 1434 nec
3121 1381 3189 1435 ab
3237 1381 3341 1435 illis
3379 1397 3464 1434 suo

1874 1481 2050 1544 Iulus,
2105 1477 2199 1532 sed
2250 1477 2383 1546 jugo
2434 1475 2741 1543 implicatus
2794 1473 3063 1529 socordiae
3111 1472 3246 1526 dans
3289 1471 3469 1541 justas

1874 1582 2082 1640 ptenas.
2124 1566 2250 1622 Hzec
2277 1569 2422 1620 enim
2457 1566 2672 1621 inversa
2701 1564 2959 1620 accidunt
2984 1571 3200 1620 natura.
3231 1562 3466 1619 Currum

1871 1661 2014 1714 enim
2067 1668 2212 1713 recte
2243 1674 2310 1712 ex
2343 1667 2460 1712 arte
2491 1669 2683 1726 regere
2709 1657 3002 1722 convenit;
3043 1655 3188 1710 male
3213 1669 3345 1708 vero
3376 1670 3465 1707 re-

1872 1752 2028 1822 gens,
2059 1753 2126 1806 ab
2159 1750 2314 1820 equis
2345 1757 2590 1817 raptatur
2615 1746 2826 1816 auriga.
2873 1747 3129 1802 Evertere
3156 1746 3300 1802 enim
3331 1760 3457 1800 eum

1874 1845 1964 1912 qui
1998 1859 2064 1899 ex
2100 1851 2295 1897 natura
2343 1842 2606 1909 imperat,
2651 1840 2703 1894 id
2746 1847 2830 1894 est
2873 1849 3127 1893 naturam
3164 1839 3463 1892 invertere.

1874 1931 2082 2001 Corpus
2112 1930 2293 2000 itaque
2326 1943 2356 1983 ιι
2388 1939 2570 1984 mente
2602 1927 2712 1997 regi
2747 1941 2846 1996 par
2880 1937 2965 1983 est
3001 1942 3064 1982 ac
3097 1926 3420 1996 gubernari.

2275 2237 2493 2295 CCCLX
2507 2237 2671 2294 XXV.
2712 2269 2782 2280 --
2838 2235 3069 2292 EIDEM.

1171 2322 1531 2382 Fortitudinis
1575 2341 1822 2384 extrema:
1851 2332 2082 2386 audacia
2113 2341 2161 2386 et
2203 2332 2486 2387 timiditas.

254 2428 330 2481 Τὸ
361 2428 461 2498 μὲν
484 2427 865 2499 λελογισμένον
899 2432 993 2486 καὶ
1016 2436 1282 2501 γενναῖον.
1312 2436 1557 2506 ἀνδρεῖον
1589 2437 1766 2506 ἔγωγε

182 2513 367 2570 καλῶ·
408 2515 465 2568 τὸ
503 2516 559 2569 δὲ
589 2516 802 2584 ἄλογον,
845 2520 938 2573 καὶ
967 2521 1067 2591 τὴν
1098 2521 1227 2575 ἄνευ
1271 2521 1364 2577 νοῦ
1401 2526 1597 2596 ἀλκὴν,
1632 2526 1765 2599 θρα-

185 2604 392 2675 σύτητα
421 2608 830 2678 προσαγορεύω.

453 2805 640 2874 τιιεῖσ.
679 2839 747 2849 -
776 2809 1026 2882 amem
1061 2812 1488 2870 MONAZONTI.

1945 2440 2097 2506 Quod
2128 2450 2213 2496 est
2244 2456 2368 2496 cum
2401 2443 2610 2495 ratione
2642 2456 2706 2495 ac
2737 2454 3001 2511 generose
3037 2447 3247 2508 gestum
3272 2478 3288 2504 ,
3322 2437 3463 2493 idem

1872 2547 1972 2600 ego
2001 2531 2145 2587 forte
2175 2548 2237 2586 ac
2261 2532 2417 2588 virile
2450 2533 2697 2603 appello;
2734 2542 2944 2598 contra,
2968 2533 3110 2602 quod
3147 2532 3465 2601 imprudens

1872 2633 1956 2675 est
1990 2638 2052 2676 ac
2086 2623 2203 2677 sine
2237 2633 2416 2677 mente
2445 2623 2726 2678 robustum
2750 2661 2764 2686 ,
2797 2624 2849 2677 id
2878 2639 2978 2694 ego
3012 2623 3300 2676 audaciam
3330 2637 3464 2678 con-

1873 2712 2259 2782 ﬁdentiamque
2291 2715 2499 2766 dixero.

2068 2817 2490 2876 CCCLXXXVI.
2529 2851 2599 2862 -—
2633 2820 2890 2878 ALPIIIO
2927 2819 3281 2881 MONACHO.

1435 2911 1514 2967 De
1533 2912 1658 2979 jure
1681 2913 1803 2968 belli
1825 2932 1888 2968 ac
1915 2915 2176 2974 riudictw.

252 3019 367 3138 Τῆς
389 3022 488 3091 μὲν
508 3022 618 3078 τῶν
644 3025 941 3097 ἀλλοτρίων
967 3030 1131 3086 ἕνεκα
1159 3036 1407 3104 κτήσεως
1428 3037 1595 3108 μόνης
1623 3039 1757 3109 (‘26).

1941 3040 2088 3097 Bella
2159 3041 2271 3098 fere
2319 3041 2390 3097 ob
2434 3041 2642 3097 alienas
2703 3041 3010 3098 conﬂantur
3063 3046 3456 3112 possessiones.

181 3112 220 3205 ii
268 3110 524 3205 μαλιστα,
571 3115 620 3167 οἱ
657 3117 883 3188 πόλεμοι
921 3123 1373 3194 ἀναρριπίζονται
1399 3144 1412 3159 ⁸
1445 3127 1506 3181 οὐ
1552 3131 1760 3193 πάντας

1868 3136 2150 3202 bonaque:
2184 3148 2248 3189 ac
2281 3150 2347 3188 ne
2369 3148 2560 3188 omnes
2591 3134 2806 3202 quidem
2841 3133 2977 3189 bella
3010 3144 3258 3205 gerentes
3294 3152 3460 3192 accu-

177 3201 234 3294 δὲ
269 3201 395 3267 τοὺς
426 3205 810 3294 πολεμοῦντας
851 3215 1120 3270 αἰτιατέον
1144 3233 1159 3248 ο
1201 3218 1336 3273 ἀλλά
1361 3221 1491 3284 τοὺς
1522 3221 1622 3291 μὲν
1659 3223 1761 3294 ἀρ-

180 3292 378 3384 ξαντας
407 3293 439 3365 ἥ
475 3296 674 3367 χειρῶν
722 3299 924 3355 ἀδίκων
954 3304 985 3373 ἢ
1021 3305 1304 3378 ἁρπαγῆς,
1339 3308 1415 3374 ὡς
1449 3292 1762 3384 ἀλιτηρίους

177 3380 437 3470 δαίμονας
466 3386 769 3455 νομιστέον.
824 3390 962 3456 Τοὺς
996 3393 1054 3447 δὲ
1085 3396 1463 3468 ἀμυνομένους
1500 3380 1759 3470 μετρίως,

179 3467 334 3562 οὖτει
357 3476 634 3542 μεμπτέον
681 3478 757 3543 ὡς
815 3481 1057 3547 ἀδίκους.
1110 3467 1360 3558 Νόμιμον
1390 3467 1761 3562 γὰρ-πρᾶγμα

180 3559 458 3615 ποιοῦσιν·
499 3564 621 3620 οὔτε
665 3571 772 3639 μὴν
820 3571 1163 3642 θαυμαστέον
1196 3577 1272 3642 ὼς
1307 3559 1630 3651 φιλοσόφους
1669 3559 1763 3637 καὶ

179 3651 612 3723 ἁνακηρυκτέον,
638 3659 734 3712 ἀτε
765 3660 875 3732 (27)
904 3665 1116 3736 οὐρανῷ
1143 3669 1461 3738 πρέπουσαν
1485 3673 1761 3728 πολιτείαν

180 3740 652 3816 πολιτευομένους,
695 3751 794 3806 οὐκ
841 3755 899 3806 ὲν
938 3756 1016 3826 τῷ
1046 3759 1302 3832 ἁντιδρᾷν
1337 3761 1373 3818 ἂ
1402 3765 1758 3831 πεπόνθασιν,

177 3829 299 3883 ἀλλ’
324 3835 382 3885 ὲν
413 3835 491 3905 τῷ
526 3841 787 3904 γενναίως
822 3845 1066 3911 ἐνεγκεῖν
1095 3829 1513 3920 τὴνάνανδρίαν
1545 3829 1762 3924 κρίνανέ

174 3938 299 3983 τας.
353 3925 490 3989 Τοὺς
526 3928 582 3980 δὲ
621 3928 845 3996 δικαίως
898 3935 998 4004 μὲν
1046 3939 1441 4010 ἀμυνομένους,
1492 3943 1760 4016 ὑπερϐαί-

177 4029 371 4076 νοντας
413 4016 468 4068 δὲ
516 4021 615 4089 τῆς
668 4023 883 4095 ἀμύνης
931 4027 992 4079 τὸ
1041 4030 1256 4098 μέτρον,
1311 4031 1386 4095 ὡς
1438 4033 1761 4098 ἀδικοῦντας

177 4106 475 4174 γραπτέον.
529 4111 591 4162 Οἱ
646 4112 754 4183 γὰρ
800 4117 1057 4187 ἀμέτρως
1113 4121 1466 4190 ἀμυνόμενοι,
1514 4123 1759 4195 δεύτεροι

178 4195 343 4286 πάλιν
401 4201 787 4272 κατάρχουσιν.
859 4208 1232 4281 Ἀντιμετρεῖν
1286 4213 1394 4284 γὰρ
1469 4216 1574 4286 χρὴ
1645 4219 1759 4280 τοῖς

183 4282 620 4357 πλημμελήμαςι
655 4293 752 4356 τὰς
783 4299 1076 4366 τιμωρίας,
1110 4300 1209 4369 οὐχ
1242 4282 1597 4370 ὑπερϐαίνειν
1623 4319 1635 4333 ’
1672 4302 1761 4355 ἵνα

1863 3224 2014 3279 saudi
2034 3263 2050 3289 ,
2083 3226 2176 3279 sed
2218 3226 2308 3295 qui
2341 3223 2645 3294 suscipiunt
2675 3224 2760 3279 vel
2810 3225 3045 3294 injuriae,
3080 3227 3161 3282 vel
3211 3228 3455 3297 rapiendi

1863 3329 2047 3378 causa,
2078 3313 2131 3368 hi
2164 3313 2453 3383 perniciosi
2481 3314 2630 3369 velut
2657 3315 2932 3370 daemones
2965 3315 3220 3371 habendi.
3265 3319 3331 3370 At
3361 3319 3452 3387 qui

1863 3404 2108 3459 modeste
2139 3404 2419 3458 vindicant
2455 3418 2520 3460 ac
2551 3404 2833 3460 moderate
2861 3407 3196 3461 ulciscuntur
3232 3409 3458 3479 injurias

1865 3492 2061 3560 illatas,
2087 3509 2194 3550 non
2224 3503 2353 3551 sunt
2400 3505 2459 3550 ut
2500 3496 2629 3566 justi
2682 3497 3138 3567 reprehendendi.
3174 3498 3253 3554 Ex
3283 3499 3459 3572 legum

1863 3583 2009 3638 enim
2031 3586 2350 3655 praescripto
2379 3601 2492 3641 rem
2520 3597 2750 3654 gerunt:
2782 3603 2957 3656 neque
2980 3603 3071 3644 eos
3094 3588 3257 3645 veluti
3284 3590 3461 3659 philo-

1866 3677 2067 3744 sophos
2097 3676 2359 3731 admirari
2393 3686 2610 3748 oportet
2662 3692 2762 3733 nec
2793 3679 3160 3748 depraedicare
3188 3684 3340 3749 quasi
3377 3682 3458 3735 vi-

1867 3775 1976 3821 tam
2004 3766 2146 3822 ccelo
2176 3767 2390 3834 dignam
2423 3769 2716 3833 ducentes,
2749 3785 2855 3824 non
2896 3771 2947 3824 in
2991 3772 3350 3839 rependendis
3377 3775 3460 3827 in-

1859 3857 2023 3927 juriis
2049 3873 2186 3928 quas
2217 3861 2461 3928 perpessi
2497 3864 2783 3925 sunt,‘sed
2805 3864 2948 3929 quod
2978 3862 3211 3918 viriliter
3245 3874 3300 3918 et
3326 3879 3456 3920 con-

1864 3959 2073 4004 stanter
2103 3949 2221 4003 illas
2249 3951 2544 4018 perierant,
2581 3951 2831 4006 inertiam
2859 3950 3160 4021 culpantes.
3196 3952 3296 4018 Qui
3327 3969 3458 4010 vero

1857 4041 2002 4111 juste
2033 4042 2248 4108 quidem
2279 4056 2340 4096 se
2377 4043 2672 4105 vindicant,
2708 4041 2923 4096 modum
2959 4053 3137 4098 tamen
3163 4045 3455 4110 excedunt,

1865 4130 1898 4183 ii
1948 4140 2004 4184 ut
2039 4132 2222 4202 injusti
2267 4143 2395 4188 sunt
2436 4134 2749 4189 accusandi.
2792 4134 3060 4202 Quienim
3098 4135 3457 4195 immoderate

1863 4220 2224 4288 ulciscuntur,
2253 4227 2546 4279 secundam
2570 4237 2624 4280 et
2647 4241 2840 4282 novatn
2863 4227 3153 4283 ordiuntur
3180 4227 3460 4296 injuriam.

1863 4311 2061 4369 Pinnas
2089 4315 2231 4369 enim
2281 4315 2494 4370 delictis
2517 4330 2638 4372 esse
2666 4331 2828 4386 pares
2859 4328 3107 4386 oportet,
3145 4334 3250 4374 non
3283 4320 3454 4389 majo-

175 4373 260 4479 μὴ
295 4375 600 4479 τὸ.δέκαιον
651 4384 745 4435 καὶ
785 4384 846 4436 τὸ
875 4387 1103 4457 νόμιμον
1135 4389 1492 4461 ὑπερϐάντες,
1529 4397 1623 4447 καὶ
1661 4396 1761 4466 τὴν

1867 4418 1974 4469 res,
2007 4419 2072 4459 ne
2101 4404 2305 4473 justqu
2342 4415 2398 4460 et
2431 4422 2646 4475 equum
2683 4412 3006 4479 transgressi
3033 4419 3088 4463 et
3126 4410 3353 4478 justitiae
3391 4412 3451 4464 ll-

173 4465 268 4517 ὲπὶ
312 4466 389 4536 τῷ
430 4467 653 4535 δικαίως
691 4473 1139 4546 ὲπεξεληλυθὲναι
1171 4480 1327 4548 δόξαν
1360 4465 1752 4556 λυμηνάμενοι,

173 4557 258 4621 είς
292 4560 416 4623 τοὺς
448 4560 754 4636 ἀλάστορας
783 4569 1153 4640 ἐγγραφῶσιν.

637 4832 803 4919 τητ.
845 4896 915 4906 -
955 4869 1290 4943 ΟΛΥΜΠΙῼ.

1865 4510 1967 4551 nes.
1991 4499 2301 4554 excedenda
2330 4498 2557 4569 gloriam
2599 4499 3045 4565 dt-lionestautes,
3084 4503 3225 4558 inter
3254 4502 3457 4562 alasto-

1864 4604 1951 4644 res
1978 4589 2307 4656 referantur,
2339 4592 2603 4646 excedere
2631 4590 2867 4647 videare.
2910 4592 3148 4653 Gloriam
3180 4597 3322 4649 enim
3359 4596 3455 4653 de-

1864 4681 2178 4747 honestant,
2211 4679 2437 4750 justitia:
2470 4683 2605 4739 lines
2635 4685 2967 4752 ext-edendo,
2999 4694 3163 4754 utque
3190 4685 3324 4740 diris
3357 4701 3454 4741 ex-

1862 4770 2108 4824 secrandi
2146 4769 2381 4826 habendi
2412 4782 2558 4830 sunt.

2200 4878 2646 4939 CCCLXXXVII.
2687 4913 2758 4925 —
2794 4883 3125 4944 OLYMPIO.

799 4974 898 5030 Sui
922 4980 1148 5049 cognitio
1181 4984 1355 5050 prima
1384 4986 1454 5037 ad
1500 4987 1772 5043 scientiam
1801 4990 1881 5044 via
1905 5005 1924 5054 ;
1951 5007 2014 5045 ea:
2047 4990 2284 5046 Platonis
2313 4990 2588 5047 Alcibiade
2614 4993 2811 5063 priore.

249 5075 372 5128 Ὀτι
400 5077 460 5130 τὺ
486 5079 684 5134 ειδέναι
714 5083 919 5137 οἴεσθαι
958 5086 1053 5138 τοῦ
1085 5088 1157 5157 μὴ
1188 5089 1385 5145 ειδέναι
1419 5093 1591 5147 αἴτιον
1612 5097 1745 5150 καθ-

172 5167 438 5238 έστηκεν·
487 5172 536 5222 εί
583 5172 676 5224 καὶ
718 5173 948 5242 αἴνιγμα
998 5177 1145 5230 δοκεῖ
1180 5176 1324 5232 εἷναί
1375 5199 1457 5234 σοι
1501 5183 1562 5236 τὸ
1593 5187 1750 5257 είρη-

176 5257 357 5326 μένον.
407 5261 694 5332 Μαρτυρεῖ
733 5263 982 5330 Πλάτων,
1013 5268 1070 5320 ὃν
1108 5271 1194 5322 ἀεὶ
1236 5272 1331 5324 ἐπὶ
1363 5273 1631 5344 στόματος
1659 5277 1754 5346 φέ-

172 5365 306 5421 ρεις,
353 5350 528 5418 λέγων
570 5354 706 5424 πρὸς
731 5356 823 5410 τὸν
860 5359 1222 5432 Ἀλκιϐιάδην.
1246 5367 1406 5417 Σωκ·
1464 5384 1480 5416 ι
1517 5367 1754 5437 Πότερον

173 5439 371 5497 σαυτὸν
413 5441 665 5513 λέληθας,
721 5448 801 5501 ὅτι
855 5450 954 5505 οὐκ
985 5443 1290 5508 ’ἐπίστασαι
1346 5456 1600 5530 τοῦτο;ἧ
1653 5461 1755 5531 ἐμὲ

1928 5097 2028 5164 Qui
2064 5099 2209 5155 scire
2238 5115 2296 5156 se
2323 5108 2497 5171 putat,
2525 5115 2622 5156 cur
2648 5100 2782 5156 nihil
2812 5102 2951 5159 sciat
2989 5103 3092 5160 sibi
3129 5118 3288 5160 causa
3319 5116 3443 5163 est:

1859 5188 2013 5242 multi
2045 5188 2109 5242 ad
2134 5190 2494 5247 eruditionem
2523 5192 2918 5261 pervenissent,
2947 5193 3050 5248 nisi
3078 5208 3137 5249 se
3178 5192 3290 5262 jam
3322 5211 3449 5264 per-

1860 5280 2070 5336 venisse
2102 5289 2412 5351 putassent,
2474 5284 2551 5338 ait
2585 5283 2816 5340 Seneca.
2880 5283 2937 5340 ld
2995 5285 3041 5340 si
3088 5286 3316 5356 aenigma
3353 5289 3449 5344 tibi

1861 5371 2130 5438 videatur,
2164 5376 2319 5430 testis
2347 5374 2572 5431 idoneus
2598 5374 2755 5432 Plato
2785 5387 2905 5444 est,
2949 5393 3110 5449 quem
3145 5394 3360 5448 semper
3387 5379 3442 5434 in

1863 5477 1959 5516 ore
2005 5461 2212 5518 habens
2259 5464 2482 5532 laudas,
2534 5482 2658 5522 cum
2692 5466 2973 5525 Alcibiade
3021 5468 3101 5524 sic
3149 5469 3448 5527 disserens.

1260 5636 1492 5696 VARle
1531 5642 1917 5702 LECTIONES
1959 5644 2045 5700 ET
2083 5647 2317 5704 NOTAE.

252 5779 363 5852 (εἰ)
391 5779 516 5840 Post
552 5786 718 5858 μόνης
752 5789 909 5846 iidem
960 5793 1162 5850 addunt
1187 5794 1283 5859 ὡς.
1320 5796 1424 5852 Pro
1469 5799 1560 5852 ἅτε
1594 5798 1751 5855 iidetn

1873 5809 1967 5857 unt
1999 5800 2142 5856 οὔτε.
2177 5802 2387 5860 Possm.
