4122 6440
197 415 329 486 1561

1031 423 1568 488 EPIS'I‘OLABUM
1605 425 1753 484 LIB.
1792 426 1860 486 ν.
1901 451 1972 464 -
2007 427 2246 490 EPIST.
2279 431 2616 504 CCCXCIV.

3347 433 3481 499 1562

196 534 402 605 (πάσης
428 536 536 607 γὰρ
556 537 620 591 ἂν
634 517 776 609 ἦσαν
805 539 1160 612 ἀναρρήσεως
1182 538 1368 611 ἄξιοι),
1393 537 1528 592 ἀλλὰ
1556 537 1634 608 τῷ
1657 552 1777 605 μει-
1804 549 1825 599 ,Δ

1885 547 2186 596 Iemnerent
2218 541 2435 613 (quovis
2461 545 2605 600 enim
2637 548 2912 616 pmconio
2935 549 3081 621 digni
3115 550 3334 620 erant),
3384 551 3481 607 sed

194 623 368 690 ζόνων
401 626 680 694 ιφίεσθαιο
740 628 939 691 οἵτινες
967 629 1062 683 καὶ
1103 627 1262 692 δόξαν
1292 627 1614 696 σκαιότητος
1653 642 1784 697 κερ-

190 715 460 780 δαίνουσι,
494 717 595 786 τῆς
625 718 798 781 ὅντως
820 718 1073 778 εὐκλείας
1102 718 1488 789 γυμνούμενοι.
1516 715 1638 788 Χρὴ
1667 713 1782 768 τοί·-

194 822 295 860 νυν
329 807 563 876 μάλιστα
593 807 693 878 μὲν
722 807 1038 876 κρείττονας
1075 803 1216 862 εἶναι
1246 807 1456 879 κερδῶν
1475 823 1490 840 ο
1521 807 1571 861 εί
1596 806 1654 859 δὲ
1678 806 1776 877 μὴ,

191 894 420 968 ἀγαπᾷν
463 897 525 950 τὸ
572 895 790 969 μέτριον
812 915 826 926 ’
863 897 952 952 ἵνα
999 897 1076 969 μὴ
1105 898 1167 952 τὸ
1194 897 1332 968 ὑπὲρ
1361 897 1463 969 τὴν
1492 896 1651 964 ἀξίαν
1681 896 1780 966 ζη-

193 985 436 1049 τοῦντες,
469 985 564 1040 καὶ
595 986 690 1040 τοῦ
723 988 848 1041 κατ’
883 985 1042 1052 ἀξίαν
1072 988 1417 1057 ἐκπέσωμεν,
1461 987 1555 1041 καὶ
1591 985 1780 1040 σκαιό-

196 1092 364 1146 τητος
389 1075 547 1140 δόξαν
579 1076 865 1148 σχοίημεν,
897 1077 999 1132 οὐκ
1028 1077 1123 1131 ἐπὶ
1144 1076 1221 1149 τῷ
1256 1077 1445 1131 λαϐεῖν
1475 1093 1528 1130 τι
1574 1076 1779 1145 ἀγαθὸν

195 1166 693 1237 ιγκωμιαζόμενοι,
724 1168 840 1222 ἀλλ’
887 1170 983 1224 tul.
1029 1167 1110 1240 τῷ
1143 1168 1472 1240 προσλαϐεῖν
1517 1185 1571 1222 τι
1611 1168 1780 1222 κακὸν

197 1255 642 1326 κωμῳδούμενοι.

727 1345 890 1411 me.
919 1373 994 1386 -
1020 1343 1249 1417 nemo.

1887 637 1946 680 ut
1975 629 2290 700 acciperem
2321 633 2526 702 majora
2551 675 2567 702 ,
2598 635 2703 691 hac
2734 638 2944 694 ratione
2975 640 3252 695 sinistram
3290 641 3474 709 adepti

1886 715 2112 782 famam,
2138 730 2192 773 et
2217 735 2340 776 vera
2369 723 2584 790 privati.
2614 727 2782 797 677
2816 727 2979 784 Decet
3007 730 3188 800 itaque
3242 731 3479 787 maxime

1884 804 2020 861 lucri
2064 817 2475 880 contemptores
2506 830 2627 871 esse
2657 835 2672 871 :
2726 818 2810 872 sin
2859 832 3020 874 secus
3041 859 3056 884 ,
3095 821 3316 875 modum
3345 835 3477 876 cou-

1881 899 2029 952 venit
2059 915 2302 972 servare,
2341 922 2409 962 ue
2437 908 2565 976 quid
2614 923 2778 976 supra
2813 908 3132 979 dignitatem
3160 909 3478 966 aﬂ‘ectantes

1885 994 1942 1042 et
1956 988 2134 1058 dignis
2151 994 2465 1050 excidemus
2483 1004 2536 1051 et
2559 996 2837 1051 sinistram
2861 1012 3118 1067 paremus
3131 999 3439 1069 opinionem
3459 1017 3475 1066 ;

1887 1091 1993 1132 non
2028 1079 2278 1139 laudandi
2321 1085 2469 1156 quod
2526 1090 2652 1142 boui
2695 1087 2901 1157 aliquid
2941 1091 3347 1160 acceperimus,
3383 1093 3477 1146 sed

1885 1170 2028 1238 quod
2065 1173 2196 1230 mali
2231 1177 2360 1246 quid
2393 1179 2541 1235 nacti
2579 1179 2776 1248 simus,
2814 1183 3178 1252 vituperandi.

2371 1359 2642 1417 CCCXCI.
2675 1391 2749 1407 -—
2783 1361 2969 1420 NILO.

200 1429 274 1486 In
304 1435 461 1488 nimio
489 1435 670 1489 dolore
711 1449 848 1504 saepe
872 1445 1059 1505 stupor
1085 1445 1133 1491 et
1160 1434 1425 1490 silentium
1449 1435 1671 1492 obvenit.
1705 1435 1986 1510 Obstupui,
2012 1452 2370 1519 steteruntque
2401 1467 2587 1516 comta,
2622 1463 2668 1506 et
2702 1469 2804 1508 vos:
2832 1453 3075 1523 faucibus
3094 1454 3266 1509 limit.
3297 1451 3448 1523 Virg.

273 1523 338 1576 οι
383 1524 482 1594 μὲν
518 1524 756 1596 μετρίως
790 1524 1122 1595 λυπούμενοι
1152 1525 1247 1578 καὶ
1273 1525 1534 1596 δακρύειν
1568 1526 1785 1596 ἰσχύου-

201 1631 318 1668 σιν·
346 1615 396 1667 οί
422 1615 480 1668 δὲ
513 1616 1013 1686 καταπληττόμενοι
1044 1616 1137 1669 επὶ
1163 1619 1285 1680 ταῖς
1319 1616 1609 1686 μεγίσταις
1647 1633 1784 1686 συμ-

198 1709 414 1776 φοραῖς,
461 1707 580 1770 ούδὲ
634 1705 901 1776 δακρύσαι
955 1705 1230 1770 δύνανται,
1290 1707 1355 1775 τῇ
1416 1704 1512 1757 τοῦ
1572 1704 1782 1768 πάθους

1962 1531 2063 1599 Qui
2091 1535 2368 1593 moderate
2401 1539 2604 1607 dolent,
2636 1541 2928 1613 lacrymari
2972 1543 3144 1598 etiam
3191 1554 3422 1614 possunt
3457 1559 3473 1596 :

1890 1623 1980 1692 qui
2013 1639 2141 1681 vero
2162 1627 2365 1698 ingenti
2401 1631 2711 1687 calamitate
2745 1634 3002 1702 perculsi,
3063 1649 3132 1689 ne
3182 1635 3477 1706 lacrymari

1889 1713 2110 1782 quidem
2138 1728 2361 1785 queunt,
2398 1719 2599 1777 doloris
2630 1720 2758 1776 victi
2784 1722 3184 1792 magnitudine,
3215 1731 3270 1777 et
3315 1716 3476 1791 quid-

198 1795 476 1866 ὺπερσολῇ
531 1795 856 1859 ὲαλωκότες,
911 1796 1007 1848 καὶ
1033 1797 1142 1848 πᾶν
1175 1796 1301 1849 ὅσον
1344 1790 1488 1865 εἶχον
1515 1796 1680 1866 ὑγρὸν
1711 1800 1778 1868 τῇ
1821 1879 1825 1882 1

1887 1803 2016 1873 quid
2046 1807 2185 1862 inest
2204 1808 2410 1864 humidi
2435 1811 2599 1881 ignita
2625 1811 2675 1866 vi
2704 1790 3081 1867 consumente.
3109 1810 3270 1866 Vultu
3296 1813 3478 1882 itaque

194 1883 294 1938 τοῦ
339 1884 510 1956 πυρὸς
549 1885 702 1954 ἀκμῇ
741 1884 1174 1955 δαπανήσαντες.
1210 1886 1465 1973 γἈχανεῖς
1510 1885 1641 1954 γοῦν
1688 1889 1784 1941 καὶ
1818 1879 1825 1933 1

1888 1896 2100 1950 attoniti
2153 1911 2217 1949 ac.
2247 1879 2482 1968 perculsi
2540 1915 2796 1969 maerore,
2843 1916 3018 1972 neque
3063 1916 3254 1956 vocem
3302 1917 3479 1973 neque

195 1977 467 2044 κατηφεῖς
493 1974 625 2027 είσιο
652 1974 791 2043 μήτε
820 1972 999 2040 λόγον,
1035 1976 1173 2043 μήτε
1200 1972 1412 2045 δάκρυα
1440 1975 1778 2045 προϊέμενοι,

192 2066 263 2135 τῇ
295 2063 354 2117 δδ
399 2063 496 2117 τοῦ
545 2062 838 2135 προσώπου
895 2063 1218 2134 στυγνότητι
1271 2063 1630 2134 ἐμφαίνοντες
1683 2066 1782 2137 τῆς

192 2151 378 2222 ψυχῆς
413 2152 514 2218 τὴν
561 2152 918 2206 κατάστασιν.
968 2151 1137 2205 Τοῦτο
1174 2150 1230 2204 δὲ
1280 2154 1466 2216 αὐτοῖς
1499 2153 1674 2208 τίκτει
1723 2155 1785 2209 τὸ

192 2243 479 2312 ἀδόκητον.
515 2243 578 2296 τδ
611 2241 720 2312 γὰρ
748 2241 822 2314 μὴ
865 2242 1034 2297 πάλαι
1082 2242 1375 2314 μελετηθὲν
1396 2244 1477 2314 τῷ
1510 2243 1780 2318 λογισμῷ,

191 2333 276 2406 τῷ
308 2333 521 2406 ἀθρόως
546 2333 890 2404 συμϐαίνειν,
921 2333 1220 2404 ἐξίστησιν.

496 2422 660 2492 me.
692 2452 765 2464 —
798 2424 1102 2497 £11”on
1138 2425 1468 2498 AIAKONo.

1889 1983 2157 2057 lacrymas
2178 1990 2455 2056 emittunt,
2481 1989 2770 2060 vultusque
2815 1993 3040 2047 tristitia
3064 1992 3230 2047 animi
3269 2008 3379 2062 pne
3420 2007 3480 2048 se

1888 2073 2072 2131 ferunt
2097 2078 2392 2135 tristitiam.
2413 2080 2525 2135 Hoc
2541 2081 2646 2137 illis
2669 2082 3100 2150 inexspectatum
3126 2084 3475 2153 subitumque

1881 2167 2052 2234 gignit
2091 2169 2312 2225 malum.
2349 2169 2502 2236 Quod
2536 2172 2682 2227 enim
2727 2186 2832 2226 non
2876 2172 3028 2242 prius
3066 2173 3247 2227 animo
3278 2173 3461 2241 provi-

1887 2271 2008 2313 sum
2041 2258 2132 2326 sit,
2173 2261 2298 2316 hinc
2324 2264 2523 2318 utentis
2551 2263 2768 2334 copiosa
2801 2263 3044 2318 nascitur
3063 2263 3344 2318 alienatio.

2123 2436 2428 2496 CCCXC".
2465 2470 2536 2485 —-
2567 2441 2876 2500 EUTONIO
2912 2443 3237 2501 DlACONO.

263 2509 433 2567 Bonis
460 2529 671 2582 propter
714 2513 1073 2581 improborum
1103 2516 1354 2571 invidiam
1379 2516 1587 2572 virtutis
1624 2519 1861 2576 studium
1901 2541 2004 2580 non
2038 2525 2407 2588 deserendum.
2450 2531 2626 2587 Virtus
2668 2534 2842 2587 claros
2877 2543 3203 2604 wternosque
3236 2533 3408 2605 efﬁcit.

264 2603 330 2657 El
363 2602 458 2657 καὶ
491 2601 661 2674 πολλὴ
682 2604 779 2656 καὶ
807 2603 1148 2668 πολύπλοκος
1169 2606 1271 2675 τῆς
1299 2605 1497 2667 κακίας
1519 2608 1553 2676 ἠ
1581 2623 1784 2661 σκαιωο

195 2691 310 2767 ρία,
336 2693 473 2746 ἀλλὰ
497 2695 562 2748 σὺ
590 2696 659 2765 τῇ
684 2696 854 2766 αρετῇ
879 2694 1085 2765 ταύτην
1109 2696 1512 2764 καταγωνίζου.
1557 2698 1783 2769 Ἐπειδὴ

192 2783 309 2852 γὰρ
339 2783 538 2852 ἀρετῆς
572 2782 671 2853 μὲν
699 2781 1081 2854 λαμπρότερον
1108 2784 1282 2850 οὐδὲν,
1313 2785 1515 2850 κακίας
1543 2786 1600 2840 δὲ
1631 2789 1787 2842 οὐδὲν

191 2873 621 2945 (θειωδέστερον,
674 2873 861 2928 πολλοὶ
907 2874 1171 2939 πολλακις
1226 2875 1337 2929 τῶν
1387 2878 1526 2947 μήτε
1579 2879 1778 2946 εἰπεῖν,

196 2967 338 3037 μήτε
371 2965 576 3034 πρᾶξαί
603 2981 656 3019 τι
690 2964 946 3036 λαμπρὸν
991 2965 1352 3036 βουλομένων,
1385 2967 1621 3036 δρῶντες
1650 2971 1780 3023 ἐαυ-

189 3055 304 3110 τῶν
354 3055 452 3126 μὲν
499 3056 598 3126 τὴν
645 3055 1001 3126 αἰσχρότητα,
1057 3056 1167 3108 τῶν
1222 3056 1280 3108 δὲ
1322 3057 1632 3127 φιλαρέτων
1678 3061 1780 3128 τὴν
1809 3049 1854 3109 C

190 3146 592 3219 λαμπρότητα·
644 3146 1002 3216 ἐκλεξάμενοι
1048 3165 1174 3201 τινα
1214 3149 1324 3202 τῶν
1355 3149 1523 3221 μηδὲν
1553 3151 1782 3220 ἀγαθὸν,

195 3240 335 3308 μήτε
363 3240 556 3300 είπεῖν,
592 3237 728 3308 μήτε
775 3238 1003 3308 ποιῆσαι
1032 3239 1462 3310 προῃρημένων,
1496 3241 1783 3314 ἐπαίρουσι

191 3328 293 3381 καὶ
327 3326 702 3398 θαυμάζουσιν
743 3328 885 3397 ὑπὲρ
913 3327 1014 3399 τὴν
1054 3328 1233 3395 ἀξίαν,
1258 3331 1308 3383 oi
1343 3330 1443 3400 μὲν
1469 3331 1704 3402 ἀμαθίᾳ,
1733 3332 1782 3386 οί

187 3418 250 3471 δὲ
281 3417 550 3489 βασκανίᾳ.
572 3419 730 3473 τοῦτο
773 3419 1037 3490 δρῶντες,
1076 3420 1163 3474 ἵνα
1193 3421 1294 3492 τὴν
1320 3421 1480 3489 δόξαν
1512 3423 1782 3478 καθέλωσι

189 3503 303 3558 τῶν
335 3504 662 3572 φιλοπόνων,
695 3507 795 3576 οὐχ
825 3506 914 3559 ἵνα
942 3506 1158 3572 δείξωσι
1189 3508 1505 3580 θαυμαστὸν
1532 3512 1662 3566 ὄντα
1689 3513 1782 3567 τὸν

197 3593 277 3665 μὴ
303 3595 436 3648 ὄντα
463 3597 726 3651 τοιοῦτον.
775 3598 937 3652 Ἀλλὰ
975 3599 1068 3653 τὸν
1097 3600 1381 3656 σπουδαῖον
1408 3602 1646 3671 μάλιστα
1681 3604 1781 3672 μὲν

188 3684 290 3740 καὶ
333 3685 575 3740 ἑπαίνων
605 3682 743 3740 εἶναι
791 3690 1083 3758 κρείττονα
1128 3693 1266 3762 χρή’
1299 3693 1347 3744 εἰ
1380 3693 1436 3747 δὲ
1485 3696 1578 3748 καὶ
1603 3695 1777 3767 διψῴη

188 3770 422 3835 τούτων,
476 3774 706 3844 συνορᾷν
751 3774 844 3827 τὸν
878 3775 1051 3839 δόλον,
1100 3777 1182 3830 ὅτι
1230 3779 1429 3833 ἐκεῖνοι
1478 3781 1778 3853 ῆὲκκόψαι

191 3860 346 3930 αὑτῷ
389 3861 480 3914 τὸν
523 3864 603 3928 είς
633 3862 733 3934 τὴν
782 3865 990 3936 ἀρετὴν
1020 3865 1222 3937 δρόμον
1260 3868 1594 3941 βουλόμενοι,
1626 3873 1778 3943 ἢλυ-

189 3951 388 4020 στῆσαι,
421 3950 691 4024 ἐπῄνεσαν
729 3952 821 4007 τὸν
867 3956 1212 4028 κακηγορίας
1263 3958 1433 4022 ἄξιον.
1486 3961 1597 4014 Καὶ
1648 3964 1777 4027 τοὺς

196 4041 298 4112 μὶν
319 4041 387 4095 δι’
409 4041 648 4114 ἀμαθίαν
671 4043 831 4100 τοῦτο
864 4046 1173 4114 ποιοῦντας,
1206 4048 1539 4120 συγγνώμης
1566 4053 1771 4118 ἀξιοῦν·

188 4135 324 4198 τοὺς
348 4133 405 4188 Bs
431 4134 521 4188 διὰ
563 4135 778 4204 φθόνον,
814 4135 1036 4209 θρηνεῖν
1058 4155 1072 4170 ο
1103 4140 1185 4193 ὅτι
1222 4141 1476 4194 τοσοῦτον
1506 4143 1774 4213 ἀπέχουσι

187 4222 284 4276 τοῦ
329 4224 537 4291 πρᾶξαί
580 4242 634 4279 τι
685 4226 874 4293 καλὸν,
925 4229 1007 4282 ὅτι
1056 4230 1176 4284 οὐδὲ
1211 4231 1350 4302 πρὸς
1399 4232 1492 4286 τὸν
1520 4233 1776 4305 ἐνάρετον

189 4313 535 4369 σπένδονται.

437 4403 597 4473 ΤιιΓ.
633 4437 703 4449 —
734 4408 988 4480 ΖΩΣῙΜῼ
1026 4410 1503 4484 ΠΡΕΣΒΥΤΕΡῼ.

298 4493 553 4553 Simonis:
580 4499 1080 4571 uundmatianisque
1114 4503 1487 4571 beneﬁciorum
1523 4517 1760 4574 accusat,
1795 4521 1849 4564 ut
1882 4511 2020 4567 alias
2065 4531 2225 4583 stupe,
2260 4519 2354 4574 lib.
2391 4537 2427 4586 l,
2462 4533 2509 4577 et
2541 4524 2635 4580 lib.
2668 4543 2755 4592 ιιι,
2791 4540 2838 4582 et

259 4583 429 4654 Δῆλος
464 4586 562 4656 μὲν
585 4582 653 4658 ἧς
683 4587 920 4642 ἔκπαλαι
955 4591 1056 4661 τὴν
1086 4592 1389 4665 ἱερωσύνην
1418 4594 1519 4648 οὐκ
1550 4597 1766 4666 εὐαγῶς

189 4673 468 4745 κτώμενος
489 4692 503 4705 ·
533 4679 594 4729 οὐ
629 4679 738 4750 γὰρ
773 4680 862 4734 διὰ
897 4681 1174 4746 πολιτείας
1209 4684 1441 4756 ἀρίστης
1468 4690 1771 4759 κτήσασθαι

187 4765 481 4831 ὲδικαίους,
528 4767 666 4823 ἀλλὰ
697 4771 975 4840 χρήμασιν
1011 4771 1331 4845 ὠνήσασθαι
1364 4777 1769 4848 ὠνειροπόλεις.

186 4853 356 4923 Δῆλος
398 4855 456 4910 δὲ
486 4852 536 4911 εἶ
555 4858 649 4911 καὶ
676 4857 767 4912 νύν
794 4860 894 4930 τὴν
917 4861 1211 4933 ἐπιθυμίαν
1232 4867 1310 4929 εἰς
1341 4864 1499 4934 ἔργον
1520 4869 1765 4938 ἀγαγὼν,

184 4945 366 5000 καίτοι
417 4948 499 5011 είς
541 4947 754 5018 δυσμὰς
809 4948 887 5004 ὢν
925 4950 1113 5005 λοιπὸν
1138 4953 1235 5007 τοῦ
1265 4953 1402 5024 βίου.
1437 4957 1536 5021 Τίς
1566 4956 1661 5013 οὖν
1691 4979 1775 5016 σοι

186 5034 490 5109 συγγνώμη
515 5037 842 5110 λελείψεται,
873 5043 941 5113 τῇ
973 5045 1147 5116 κακίᾳ
1197 5047 1588 5103 συναποθανεῖν
1637 5069 1768 5124 προ-

181 5127 476 5200 unum
1212 5207 1218 5209 ,

685 5213 845 5282 Tw.
883 5247 954 5258 —
987 5218 1269 5292 tmere.

1961 2616 2076 2672 Etsi
2115 2620 2300 2677 varius
2325 2633 2408 2676 est
2431 2632 2595 2692 atque
2638 2623 2938 2693 implicitus
2986 2624 3349 2694 improbitatis
3383 2625 3482 2679 do-

1887 2707 1999 2772 ltts,
2035 2721 2158 2761 eum
2185 2717 2240 2763 tu
2277 2711 2480 2765 virtute
2505 2727 2775 2783 expugna.
2806 2713 3072 2780 Quoniam
3097 2713 3239 2769 enim
3273 2717 3478 2769 virtute

1889 2793 2028 2848 nihil
2086 2806 2172 2850 est
2226 2797 2516 2866 illusuius,
2569 2803 2770 2857 malitia
2799 2818 2927 2858 vero
2978 2803 3112 2857 nihil
3156 2804 3466 2870 obscurius,

1889 2884 2046 2939 multi
2077 2901 2454 2956 sapeuumero
2499 2893 2592 2961 qui
2629 2907 2808 2963 neque
2840 2894 3023 2950 dicere
3068 2910 3244 2964 neque
3287 2894 3470 2952 facere

1893 2973 2174 3045 quidpiam
2226 2982 2471 3049 praeclari
2504 2981 2714 3050 volunt,
2756 2998 2908 3039 suam
2957 2986 3368 3054 turpitudinem,
3424 2999 3482 3043 et

1889 3066 2182 3134 proborum
2227 3072 2614 3131 claritudinem
2665 3079 2935 3142 videntes,
2967 3079 3206 3147 aliquem
3244 3079 3476 3150 eligunt,

1890 3171 1992 3212 uec
2030 3160 2422 3231 benedicendi,
2473 3180 2572 3221 nec
2604 3167 2836 3223 faciendi
2878 3169 3168 3239 cupidum,
3243 3184 3480 3240 eumque

1887 3261 2053 3316 supra
2091 3254 2284 3306 merita
2322 3256 2589 3311 extollunt
2638 3269 2692 3312 et
2739 3260 3104 3326 admirantur,
3161 3260 3215 3315 hi
3255 3261 3479 3331 quidem

1888 3350 1987 3408 per
2021 3338 2347 3409 imperitiam
2377 3346 2480 3401 hoc
2500 3346 2780 3415 facientes,
2807 3348 2884 3403 illi
2910 3365 3037 3406 vero
3070 3365 3166 3420 per
3194 3351 3475 3418 invidiam,

1890 3444 1948 3483 ut
1980 3432 2205 3501 gloriam
2244 3436 2535 3506 acquirunt
2574 3438 2773 3494 laboris
2809 3455 2872 3495 ac
2913 3441 3231 3511 diligentiae,
3278 3458 3383 3498 nou
3418 3453 3478 3498 ut

1887 3521 2246 3576 admiratione
2266 3527 2486 3595 dignum
2508 3542 2630 3584 esse
2647 3532 2939 3585 ostendant
2953 3546 3097 3596 eum,
3115 3533 3205 3603 qui
3225 3533 3346 3588 talis
3369 3549 3473 3590 non

1887 3611 1960 3666 sit
1985 3627 1998 3665 :
2032 3613 2126 3667 sed
2154 3615 2378 3684 probum
2412 3619 2742 3690 virtutisque
2772 3622 3070 3678 studiosum
3100 3624 3350 3679 laudibus
3373 3639 3473 3695 po-

1889 3703 2156 3756 tissimum
2184 3721 2306 3761 esse
2323 3709 2585 3778 majorem
2615 3721 2852 3780 Oportet,
2882 3714 2925 3768 si
2948 3730 3076 3769 vero
3105 3714 3293 3771 laudes
3309 3716 3474 3771 etiam

1885 3793 2057 3856 sitiat,
2081 3793 2278 3849 intueri
2304 3795 2483 3852 dolum
2513 3809 2746 3868 oportet,
2771 3803 2913 3872 quod
2935 3804 3012 3858 illi
3038 3814 3131 3860 aut
3168 3806 3466 3861 interrum-

1885 3897 2014 3952 pere
2028 3899 2247 3940 cursum
2264 3888 2330 3942 ad
2348 3889 2620 3956 virtutem,
2641 3905 2736 3948 aut
2751 3895 2990 3958 dolorem
3011 3897 3212 3955 inferre
3230 3900 3473 3957 volentes

1886 3973 2284 4063 vituperatione
2317 3978 2538 4051 dignum
2570 3983 2862 4042 laudarint.
2892 3985 2960 4042 Et
2981 3990 3199 4059 quidem
3231 3993 3321 4062 qui
3366 4007 3466 4063 per

1885 4062 2210 4132 imperitiam
2235 4067 2287 4122 id
2325 4067 2552 4138 faciunt,
2587 4075 2742 4131 venia
2775 4077 2970 4146 dignos
2994 4081 3340 4150 existimem;
3371 4062 3469 4153 qui

1882 4167 2012 4208 vero
2039 4169 2137 4224 per
2166 4156 2422 4215 invidiam
2451 4162 2503 4216 id
2529 4165 2878 4222 committunt
2911 4169 3194 4240 deplorare
3233 4184 3471 4243 oportet,

1881 4242 2024 4309 quod
2056 4254 2263 4335 tantum
2292 4262 2322 4302 a
2353 4249 2492 4306 bene
2527 4255 2733 4321 agendo
2780 4257 3074 4328 abstinent,
3131 4271 3190 4316 ut
3211 4242 3388 4335 neque
3417 4265 3472 4319 bi

1883 4347 2004 4386 cum
2032 4334 2232 4392 virtute
2261 4341 2485 4408 pradito
2508 4341 2686 4399 {trdus
2709 4346 2913 4403 ineant.

2050 4424 2362 4484 CCCXClll.
2411 4461 2482 4472 —
2516 4433 2771 4491 ZOSIMO
2820 4438 3305 4499 PRESBYTERO.

2863 4549 2980 4598 sup.
3023 4535 3180 4600 epist.
3217 4535 3286 4588 27
3305 4536 3360 4592 6.

1949 4603 2026 4659 Te
2081 4610 2441 4666 sacerdotium
2475 4611 2675 4686 injuste
2710 4621 2988 4687 possidere
3018 4632 3203 4680 notum
3264 4627 3471 4696 pridem

1875 4697 2150 4786 omnibus.
2205 4698 2392 4770 Neque
2445 4706 2589 4760 enim
2663 4707 2903 4779 legitime
2968 4712 3200 4783 jureque
3258 4718 3471 4786 optimo

1879 4784 2103 4854 adipisci
2147 4791 2427 4858 Studuisti,
2468 4797 2564 4851 sed
2608 4800 2838 4868 pecunia
2898 4816 3169 4858 mercatus
3215 4784 3307 4861 est
3337 4823 3470 4864 cau-

1876 4876 2147 4942 portando.
2191 4881 2533 4939 Manifestum
2561 4898 2724 4945 estte
2753 4906 2896 4948 nunc
2938 4908 3156 4965 quoque
3207 4897 3274 4951 ad
3325 4913 3464 4968 opus

1873 4966 2223 5033 cupiditatem
2282 4973 2504 5043 referre,
2569 4981 2821 5048 quamvis
2877 4983 2928 5037 in
2983 4999 3185 5041 occasu
3214 4987 3339 5042 vita
3364 4966 3464 5043 sis.

1875 5051 2008 5119 Quis
2045 5057 2210 5128 igitur
2245 5065 2416 5119 venite
2449 5066 2669 5123 relictus
2709 5069 2882 5137 locus,
2933 5089 3055 5128 cum
3091 5075 3157 5128 ad
3194 5078 3318 5133 vitae
3340 5079 3459 5133 cxi-

1875 5154 1988 5198 tum
2032 5148 2292 5219 improbis
2316 5156 2501 5212 venire
2537 5159 2782 5216 moribus
2815 5163 3112 5221 malueris?

1969 5233 2161 5306 6'78.
2192 5239 2502 5298 CCCXCIV.
2548 5273 2622 5285 --
2683 5246 2960 5306 lSlDORO
3009 5251 3364 5309 EPISCOPO.

1001 5308 1237 5365 Prudens
1269 5313 1384 5381 quis
1420 5323 1469 5367 et
1493 5314 1648 5381 fortis
1679 5317 2084 5380 existimandus.
2121 5327 2304 5399 (ϐοαί.
2339 5336 2492 5405 epist.
2524 5337 2644 5408 76.)

253 5395 320 5450 El
350 5395 669 5471 θεασοίμην,
713 5393 759 5454 ὦ
811 5399 1102 5473 ὁμώνυμε,
1134 5404 1304 5475 ἄνδρα
1352 5405 1525 5459 δεινὸν
1568 5408 1669 5478 μὲν
1697 5412 1763 5464 ἐκ

1947 5413 2002 5470 Si
2026 5426 2418 5492 perspexerim,
2444 5443 2476 5482 ο
2498 5430 2629 5484 mihi
2661 5433 3248 5502 cognominislsidore,
3283 5434 3459 5489 virum

182 5484 294 5541 τῶν
323 5490 665 5561 φαινομένων
699 5490 760 5545 τὸ
787 5491 934 5556 εἰκὸς
964 5495 1264 5566 συμϐαλεῖν
1299 5495 1435 5566 (29),
1457 5496 1761 5570 δεινότερον

1885 5517 2088 5564 Iculum
2141 5527 2205 5567 ex
2238 5515 2399 5570 rebus
2432 5484 2823 5588 apparentibus
2861 5527 3006 5592 quod
3036 5524 3332 5582 verisimile
3353 5533 3458 5590 est,

1308 5608 1545 5665 VARUE
1585 5611 1967 5673 LECTIONES
2006 5618 2094 5675 ET
2134 5623 2367 5684 NOTrE.

259 5716 370 5788 (29)
401 5718 504 5775 Pro
527 5723 822 5788 συμϐαλεῖν
852 5727 1010 5780 ambo
1034 5727 1194 5783 iidem
1223 5731 1379 5786 codd.
1417 5731 1468 5785 in
1502 5742 1757 5788 contextu

259 5741 370 5788 μιν)
401 5741 504 5775 rm
527 5741 591 5774 συ
641 5741 822 5777 οαΑειν
852 5741 1010 5780 ambo
1034 5741 1194 5783 ttdem
1223 5741 1379 5786 cctld.
1417 5741 1468 5785 in
1502 5742 1757 5788 contextu

184 5787 386 5846 habent
418 5741 720 5860 συλλαὲεῖν,
752 5795 845 5852 sed
882 5805 1110 5866 uterque
1155 5800 1438 5856 lectionem
1486 5803 1617 5858 editi
1658 5804 1877 5862 exhibet
1905 5805 1956 5859 in
1991 5809 2250 5876 margine.
2288 5807 2495 5867 Possm.
