4122 6462
703 382 835 447 1563

1885 377 1945 437 S.
1987 375 2280 438 ISIDORI
2316 373 2756 435 PELUSIOTIE

3803 353 3942 424 155i

700 493 1015 562 conjicere:
1062 489 1358 545 acutiorem
1419 503 1546 544 vero
1597 503 1659 542 ex
1720 504 1822 542 non
1883 490 2258 559 apparentibus

2368 486 2415 539 se
2440 488 2504 540 ἐκ
2536 485 2644 538 τῶν
2675 481 2896 553 ἀφανῶν
2921 477 2980 536 τὸ
3003 479 3121 533 δέον
3149 477 3378 532 συνιδεῖν
3401 491 3416 505 ο
3448 473 3507 527 εν
3529 487 3592 526 τε
3617 473 3728 562 τοῖς
3753 481 3942 562 πειρα-

699 582 840 651 qund
882 583 1052 642 decet.
1088 579 1358 649 colligere,
1403 589 1460 630 nt
1487 579 1537 631 in
1582 577 1969 632 tentationibns
2007 593 2069 632 ac
2111 580 2257 646 peri-

697 673 831 727 culis
854 672 1124 740 specimen
1163 671 1375 738 aliquod
1396 668 1690 736 prudentiae
1725 669 1959 737 prazbeat
1989 668 2255 722 sermoni-

697 767 795 818 bus
819 761 1150 825 ltortatoriis,
1182 770 1235 814 et
1268 760 1354 812 illa
1386 759 1652 828 intrepido
1694 773 1789 824 per
1831 773 1889 812 se
1921 758 2100 811 animo
2131 770 2254 825 pro-

696 853 912 922 pulsare
939 861 1121 921 queat,
1153 851 1297 904 hunc
1325 865 1424 917 ego
1463 849 1937 918 prudentissimum
1975 846 2128 916 juxta
2195 861 2259 900 ac

699 944 1051 1000 fortissimum
1081 943 1252 995 virum
1276 939 1653 1010 judicaverim.

877 1050 1166 1107 CCCXCV.
1206 1079 1273 1091 —
1319 1046 1705 1104 APOLLONIO
1728 1044 2076 1102 EP’ISCOPO.

2368 579 2526 645 σμοῖς
2560 575 2654 628 καὶ
2687 578 2797 638 τοῖς
2829 572 3093 632 κινδύνοις
3117 567 3177 623 τὸ
3203 568 3386 638 δῆγμα
3413 563 3524 618 τῶν
3551 561 3820 616 “ww”,

2367 683 2482 734 τοις
2516 683 2573 718 τε
2599 664 3047 733 παρακλητικοίς,
3078 661 3172 714 καὶ
3192 659 3269 729 τῷ
3296 657 3418 712 καθ’
3453 652 3647 708 ἑαυτὸν
3667 650 3816 705 ἀδεεῖ
3841 647 3938 702 δυ-

2371 756 2602 826 νάμενον
2642 754 2890 808 ἐκϐαλεῖν
2909 770 2922 784 ·
2955 753 3144 806 τοῦτον
3175 753 3270 805 καὶ
3297 746 3686 808 συνετώτατον,
3715 742 3814 794 uati.
3841 739 3939 794 ἂν·

2367 845 2672 916 δρειότατον
2695 843 3007 914 ὁρισαίμην.

2597 1049 2759 1116 Τιιεο.
2797 1076 2859 1089 -
2899 1044 3291 1114 ΑΠΟΛΛΩΝΙῼ
3327 1039 3697 1108 ΕΠΙΣΚΟΠῼ.

1604 1152 1734 1219 Quis
1759 1169 1872 1208 vere
1903 1169 2012 1221 rex,
2034 1154 2149 1223 quis
2177 1163 2451 1225 tyrannus.
2477 1153 2650 1224 (Conf.
2676 1156 2828 1223 epist.
2858 1154 3009 1223 255.)

772 1264 922 1320 Hunc
960 1277 1058 1333 ego
1099 1261 1271 1317 solum
1331 1277 1512 1330 regem
1564 1262 1862 1330 ducemque
1913 1260 2121 1327 dixero,
2168 1262 2260 1330 qui

2441 1264 2673 1316 Ἐκεῖνον
2709 1263 2868 1332 μόνον
2898 1262 3068 1329 ἔγωγε
3116 1257 3337 1330 βασιλέα
3375 1259 3468 1310 καὶ
3501 1256 3746 1326 ἡγεμόνα
3785 1245 3929 1306 εἶναι

703 1355 800 1407 sibi
826 1355 1101 1422 imperans
1134 1351 1406 1407 subditum
1451 1352 1701 1421 mquitate
1729 1360 1890 1420 atque
1923 1352 2259 1408 humanitate

2368 1353 2620 1426 ἡγοῦμαι,
2655 1353 2712 1417 ὃς
2739 1352 2909 1422 ἄρξας
2948 1350 3141 1406 ἑαυτοῦ
3174 1351 3233 1403 τὸ
3267 1350 3506 1420 ὑπήκοον
3532 1345 3809 1414 ἐπιεικείᾳ.
3837 1343 3934 1396 καὶ

702 1442 1067 1496 obstrinxerit.
1117 1442 1353 1498 Caeteros
1392 1456 1515 1497 vero
1543 1451 1798 1511 tyrannos
1845 1441 2130 1510 appellem,
2161 1441 2250 1512 qui

2368 1446 2739 1517 φιλανθρωπία
2771 1446 3134 1515 ἀνηρτήσατο.
3168 1443 3304 1505 Τοὺς
3329 1441 3384 1494 δὲ
3410 1440 3603 1502 ἄλλους
3637 1438 3936 1505 τυράννους

698 1547 794 1601 per
832 1531 982 1589 nefas
1044 1533 1344 1603 voluptates
1381 1548 1526 1599 suas,
1565 1533 1743 1589 alieno
1791 1531 1976 1587 labore
2039 1534 2268 1604 conqui-

699 1634 846 1678 ιἰιιιι.

874 1730 1195 1788 CCCXCVI.
1233 1761 1302 1774 -υ
1330 1727 1730 1786 ATHANASIO
1751 1729 2067 1786 DIACONO.

2363 1536 2610 1605 κλητέον,
2655 1535 2782 1598 τοὺς
2830 1537 2944 1597 τοῖς
2993 1533 3194 1606 ἑτέρων
3244 1532 3426 1594 πόνοις
3479 1530 3689 1591 ἑαυτοῖς
3741 1527 3938 1596 ἡδονὰς

2364 1627 2656 1697 ἀθεμίτους
2694 1625 3036 1695 πορίζοντας.

2651 1735 2827 1802 πιεῖν.
2861 1766 2931 1774 -
2957 1733 3298 1802 ᾹΘΛΝΑΣῙῼ
3333 1729 3650 1800 ΔιΑιιοΝᾳ.

1892 1839 2032 1895 Bene
2061 1841 2303 1896 morienti
2328 1842 2720 1913 gratulandum.

767 1954 823 2010 Si
877 1951 1183 2007 mortalium
1245 1950 1474 2021 quisque
1536 1951 1693 2005 morti
1757 1951 1890 2005 vivit
1963 1951 2254 2011 obnoxius,

2429 1951 2492 2003 Εί
2523 1951 2631 2013 πᾶς
2671 1949 2956 2020 ἄνθρωπος
2990 1948 3226 2002 Θανάτου
3255 1947 3474 2016 ὄφλημα
3505 1944 3788 2016 τυγχάνει,
3843 1943 3938 1994 καὶ

697 2059 870 2113 neque
896 2043 1012 2107 fieri
1037 2042 1205 2111 possit
1239 2042 1365 2110 quin
1396 2042 1448 2095 id
1502 2042 1739 2096 debitum
1790 2041 2085 2112 persolvat,
2116 2043 2259 2112 quod

701 2149 876 2202 neque
923 2147 1053 2197 rex,
1110 2147 1281 2199 neque
1318 2140 1600 2202 tyrannus,
1652 2147 1824 2200 neque
1863 2133 2110 2202 dynasta,
2159 2149 2260 2188 nec

704 2226 938 2293 sapiens,
973 2238 1072 2279 nec
1105 2224 1332 2292 denique
1363 2223 1542 2293 justus
1581 2224 1750 2291 possit
1801 2225 2107 2288 rescindere
2146 2225 2263 2295 (Dei

699 2315 840 2368 enim
892 2313 1153 2367 sententia
1204 2313 1546 2382 pronuntiata
1598 2327 1785 2367 omnes
1841 2312 2260 2384 complectitur),

701 2403 1171 2458 connniseratione
1222 2403 1545 2472 planctuque
1597 2404 1740 2473 digni
1791 2405 1986 2471 quibus
2017 2404 2264 2457 interitus

701 2494 899 2560 praebet
956 2491 1162 2545 initium
1227 2504 1506 2559 pceuarutn
1561 2507 1623 2545 ac
1668 2491 2079 2560 suppliciorum.
2156 2493 2264 2546 Illis

700 2591 886 2636 contra
922 2580 1320 2651 gratulandtnn,
1377 2583 1673 2651 meritoque
1723 2593 1849 2637 sunt
1895 2583 2258 2651 praedicandi,

701 2685 926 2741 quorum
965 2672 1015 2726 in
1048 2673 1341 2725 certamine
1365 2686 1617 2726 excessus
1653 2675 1704 2726 in
1753 2689 2075 2727 coronarum
2119 2673 2263 2727 desi-

701 2774 836 2817 nunt
886 2763 1252 2833 principium!
1302 2762 1400 2828 Qui
1449 2765 1590 2817 enim
1643 2779 1869 2818 summa:
1916 2763 2264 2817 beatitudinis

700 2855 988 2908 terminum
1040 2864 1374 2923 repererunt.
1432 2854 1496 2907 de
1527 2855 1738 2908 caeteris
1788 2855 2042 2906 omnibus
2088 2853 2264 2906 securi

703 2948 935 2999 animam
965 2945 1135 2999 solum
1163 2954 1497 2999 exornarunt
1551 2961 1568 2998 :
1598 2945 1752 3013 cujus
1792 2944 1956 2999 etiam
1999 2944 2266 3011 expiatio-

701 3053 822 3092 nem
856 3038 994 3092 inse
1047 3051 1244 3105 corpus
1273 3037 1538 3106 agnoscit,
1580 3039 1721 3104 quod
1764 3036 1933 3104 ipsum
1973 3035 2023 3087 in
2082 3035 2264 3088 carnis

702 3126 1096 3180 resurrectione
1127 3127 1179 3179 in
1204 3125 1398 3180 melius
1425 3133 1834 3188 commutatum,
1869 3124 2060 3176 animae
2085 3121 2264 3176 denuo

700 3196 994 3273 immortali
1020 3219 1272 3271 societate
1315 3217 1579 3286 junctum,
1611 3216 1778 3269 vitam
1829 3215 2179 3283 adipiscetur.

787 3324 1118 3381 CCCXCVll.
1141 3354 1209 3365 ——
1249 3323 1641 3380 ISCHYRIONI
1675 3322 2163 3381 PRESBYTERO.

2364 2039 2624 2093 ἀδύνατον
2641 2039 2796 2092 τοῦτο
2957 2040 3283 2109 ἀποδοθῆναι
3297 2039 3358 2092 τὸ
3377 2039 3550 2110 χρέος,
3568 2037 3596 2089 ὃ
3619 2037 3756 2106 μήτε
3778 2034 3932 2104 βασι-

2363 2132 2492 2199 λεῖς,
2543 2134 2680 2204 μήτε
2726 2132 3018 2203 τύραννοι,
3061 2133 3198 2203 μήτε
3249 2134 3536 2202 σατράπαι,
3579 2131 3714 2200 μήτε
3759 2128 3936 2194 σοφοὶ,

2367 2224 2502 2294 μήτε
2533 2222 2729 2276 δίκαιοι
2761 2221 3044 2293 ἀκυρῶσαι
3071 2222 3412 2293 ἠδυνήθησαν
3457 2219 3610 2290 (θεία
3654 2219 3762 2288 γάρ
3789 2219 3936 2269 ἐστιν

2364 2314 2636 2380 ἀπόφασις
2667 2314 2697 2382 ή
2733 2311 2876 2365 τοῦτ’
2900 2309 3246 2382 ἀπαιτοῦσα)·
3277 2311 3404 2374 τοὺς
3432 2310 3530 2379 μὲν
3548 2309 3736 2372 ἄλλους
3771 2308 3932 2374 ἐλεη-

2363 2401 2482 2454 τέον
2526 2401 2622 2454 καὶ
2673 2401 3003 2471 θρηνητέον,
3055 2396 3136 2464 οἷς
3181 2403 3214 2470 ή
3265 2399 3489 2470 τελευτὴ
3528 2399 3668 2470 ἀρχὴ
3727 2400 3936 2466 γίνεται

2365 2492 2676 2562 τιμωριῶν*
2714 2494 2954 2556 ἐκείνους
3009 2493 3066 2546 δὲ
3121 2492 3472 2562 εὐφημητέον
3513 2491 3606 2543 καὶ
3648 2491 3936 2560 ἀνακηρυ-

2366 2585 2543 2646 κτέον,
2603 2577 2679 2638 ὧν
2718 2583 2988 2655 ἡτελευτὴ
3012 2585 3119 2638 τῶν
3138 2583 3366 2653 ἀγώνων
3387 2584 3467 2646 είς
3491 2582 3588 2653 τὴν
3619 2582 3795 2652 ἀρχὴν
3828 2579 3932 2633 τῶν

2368 2673 2644 2740 στεφάνων
2675 2674 2955 2745 περιέστη.
3001 2675 3114 2744 Τῆς
3164 2675 3268 2743 γὰρ
3312 2675 3486 2744 ἄκρας
3534 2673 3932 2742 μακαριότητος

2366 2764 2659 2833 εὑρηκότες
2691 2765 2784 2817 τὸν
2814 2767 2959 2834 ὅρον,
2997 2765 3105 2818 τῶν
3135 2765 3306 2818 ἄλλων
3337 2765 3590 2818 ἁπάντων
3623 2762 3931 2830 ἀμελήσαν-

2367 2872 2477 2917 τες.
2514 2854 2680 2923 μόνην
2732 2855 2830 2925 τὴν
2867 2854 3047 2925 ψυχὴν
3091 2855 3424 2925 ἐκόσμησαν,
3452 2851 3518 2926 ἦς
3555 2854 3648 2906 καὶ
3685 2855 3743 2904 τὸ
3777 2851 3930 2921 σῶμα

2367 2945 2662 3016 ἀνάκτορον
2684 2947 2903 3014 ἁγνείας
2929 2946 3215 3016 ἀπέφηναν
3235 2962 3247 2975 °
3273 2946 3300 2998 ὃ
3332 2948 3420 2999 καὶ
3454 2949 3511 2999 ὲν
3532 2947 3594 3016 τῇ
3627 2945 3922 2997 ἀναστάσει

2367 3037 2460 3089 ἐπὶ
2494 3037 2553 3088 τὸ
2583 3039 2830 3107 κρεῖττον
2867 3036 3299 3107 μετακοσμηθὲν,
3333 3039 3401 3108 τῇ
3426 3036 3572 3107 ψυχῇ
3602 3035 3700 3106 τὴν
3731 3032 3929 3088 anew

2363 3144 2456 3180 τον
2491 3128 2715 3191 συζήσει
2751 3126 2922 3199 ζωήν.

2584 3321 2744 3388 Τί-ιΐ.
2776 3351 2842 3363 -—
2873 3323 3215 3380 ῙΣΧΥΡΙΩΝΙ
3257 3326 3720 3399 ΠΡΕΣΒΥΤΕΡῼ.

1800 3416 1905 3482 Qui
1931 3417 1985 3469 in
2023 3419 2124 3470 vita
2151 3414 2418 3484 fugiendi;
2447 3414 2539 3483 qui
2569 3414 2833 3482 sequendi.

772 3523 998 3594 Fugere,
1029 3525 1112 3578 vir
1158 3527 1380 3595 optime,
1428 3522 1700 3593 improbos
1742 3523 2013 3587 convenit,
2052 3537 2114 3577 ac
2142 3536 2264 3591 per—

703 3626 1011 3686 sequentes,
1075 3618 1176 3670 msi
1255 3618 1595 3685 resipiscam,
1655 3615 2013 3682 desiuantque
2099 3614 2267 3668 bonos

701 3705 952 3775 persequi
989 3715 1149 3773 atque
1203 3705 1434 3760 exsules.
1467 3703 1618 3770 Quod
1650 3705 1694 3759 si
1749 3711 2020 3768 recusent,
2062 3703 2263 3757 vitandi

705 3807 850 3850 SUI‘II.

799 3899 1157 3959 CCCXCVIII.
1181 3930 1250 3943 -ο
1270 3899 1659 3958 TIIEODOSIO
1687 3898 2163 3956 PRESBYTERO.

2434 3517 2657 3587 Φεύγειν
2684 3520 2807 3591 χρὴ,
2835 3514 2880 3573 ὣ
2912 3519 3178 3590 βέλτιστε,
3199 3523 3324 3585 τοὺς
3356 3524 3643 3593 πονηροὺς,
3676 3528 3768 3577 καὶ
3798 3525 3925 3578 διώ.

2365 3627 2592 3672 κοντας·
2627 3611 2676 3662 εί
2723 3611 2797 3681 μὴ
2838 3610 3110 3680 βούλοιντο
3141 3617 3534 3683 γνωσιμαχεῐνο
3582 3616 3676 3666 καὶ
3717 3615 3931 3669 διώκειν

2363 3702 2489 3765 τοὺς
2521 3702 2787 3770 ἀγαθοὺς,
2828 3703 2922 3757 καὶ
2968 3703 3308 3774 φεύγοντας,.
3340 3707 3387 3758 εί
3423 3706 3514 3758 καὶ
3544 3708 3621 3776 μὴ
3659 3707 3923 3776 βουλοιντο

2365 3793 2615 3863 ἠρεμεῖν.

2584 3899 2751 3964 Tur.
2801 3929 2864 3945 ι-
2900 3899 3222 3971 ΘΕΟΔΟΣΙῼ
3256 3901 3718 3973 ΠΡΕΣΒΥΤΕΡῼ.

705 4007 780 4063 De
811 4009 941 4063 bona
964 4012 1248 4078 patientiw,
1287 4012 1342 4065 in
1370 4013 1726 4078 persecutione
1758 4013 1882 4081 quid
1912 4013 2194 4076 agendum.
2235 4009 2580 4084 erclarnm,
2603 4028 2712 4065 esse
2755 4012 2984 4081 injurias
3024 4015 3278 4069 patienter
3305 4015 3465 4083 ferre,
3497 4029 3548 4068 at
3584 4034 3676 4084 pro
3714 4017 3928 4072 inimicis

1891 4084 2050 4134 etiam
2077 4097 2228 4133 orare
2258 4079 2407 4149 longe
2440 4083 2752 4138 maximum.

771 4187 946 4242 Probe
1005 4189 1125 4242 novi
1174 4188 1346 4257 ipsam
1404 4187 1720 4256 iniuriarum
1792 4189 2259 4258 improbitatisqne

705 4279 890 4333 aliena
926 4280 1289 4344 tolerantiam,
1336 4290 1389 4335 et
1431 4283 1482 4335 in
1529 4283 1630 4336 hac
1661 4281 1764 4335 vita
1795 4281 2020 4351 gloriam
2048 4295 2261 4346 parere,

709 4380 819 4423 tum
855 4373 904 4425 in
934 4372 1100 4426 altera
1147 4375 1310 4428 decus
1356 4389 1474 4429 esse
1498 4374 1778 4428 allaturum
1833 4376 2146 4429 maximum.
2181 4372 2269 4427 ln-

704 4465 877 4533 jurias
909 4480 1036 4520 vero
1073 4467 1288 4521 facienti
1333 4481 1396 4521 ac
1429 4467 1638 4520 laedenti
1668 4467 1868 4534 gratias
1916 4481 2113 4536 agere;
2154 4480 2265 4520 rem

2450 4188 2571 4240 Ὀτι
2619 4188 2717 4256 μὲν
2757 4190 2818 4242 τὸ
2865 4189 2964 4253 τὰς
3008 4189 3195 4259 ὖόρεις
3226 4189 3448 4255 καΥτὰς
3495 4193 3704 4256 ἀδικίας
3731 4194 3927 4263 φέρειν,

2377 4277 2655 4331 κάνταῦθα
2712 4279 2810 4348 μὲν
2845 4281 3000 4352 φέρει
3035 4281 3213 4346 δόξαν,
3265 4285 3485 4335 κάκεῖσε
3514 4284 3569 4337 δὲ
3607 4285 3761 4348 κλέος
3803 4288 3931 4339 οἴσει

2379 4366 2653 4435 μέγιστον,
2683 4369 2827 4437 μάλα
2849 4368 3090 4439 ἀκριϐῶς
3116 4366 3233 4422 οἶδα
3253 4385 3265 4398 ·
3299 4372 3376 4423 ὅτι
3400 4371 3454 4423 δὲ
3485 4371 3542 4424 τὸ
3566 4374 3757 4425 εἰδέναι
3781 4379 3930 4444 χάριν

2372 4457 2450 4526 τῷ
2489 4459 2758 4512 ἀδικοῦντι
2813 4461 2905 4519 καὶ
2952 4460 3244 4531 ὑϐρίζοντι,
3303 4461 3377 4524 ὼς
3411 4462 3491 4523 είς
3537 4462 3754 4531 μείζονα
3793 4464 3929 4533 iptio-

707 4570 825 4609 esse
849 4570 969 4624 quze
1001 4557 1065 4610 ad
1114 4556 1369 4623 majorem
1412 4558 1533 4610 vitae
1572 4559 1952 4625 perfectionem
1996 4559 2265 4612 hominem

2379 4549 2570 4617 σοφίαν
2605 4551 3018 4618 συνελαύνοντι,
3076 4553 3170 4605 καὶ
3222 4553 3455 4620 μάλιστα
3509 4554 3635 4606 ὅταν
3687 4554 3928 4617 πολλάκις

708 4644 968 4712 impellat,
1009 4659 1073 4699 ac
1122 4647 1422 4714 praesertim
1467 4647 1511 4700 si
1551 4648 1777 4717 idipsmn
1847 4648 2042 4715 saepius
2099 4662 2266 4716 agens

706 4736 868 4788 etiam
900 4735 1155 4790 honorem
1187 4737 1387 4790 referat
1415 4752 1479 4790 ac
1510 4737 1740 4792 laudem.
1770 4735 1884 4790 Non
1919 4739 2063 4805 quod
2094 4739 2269 4791 dicam

709 4835 800 4877 aut
837 4825 995 4878 velint
1028 4839 1124 4879 nos
1150 4825 1358 4880 laureas
1388 4841 1451 4880 ex
1497 4827 1690 4883 alienis
1729 4828 1924 4882 debere
1958 4827 2114 4880 malis
2143 4840 2272 4880 con-

715 4928 916 4971 texere.
974 4915 1030 4969 ld
1082 4918 1224 4978 enim
1269 4934 1614 4990 permagnum
1667 4929 1773 4984 est,
1836 4930 1888 4974 et
1941 4920 2072 4974 meis
2117 4920 2273 4988 longe

713 5004 885 5074 impar
913 5006 1113 5060 viribus
1143 5022 1237 5074 per
1259 5023 1393 5076 quas
1424 5010 1625 5074 possim
1649 5019 1702 5063 et
1730 5010 1958 5079 injurias
1983 5010 2187 5080 perpeti
2215 5017 2269 5062 et

715 5083 1089 5157 contumelias,
1118 5095 1282 5164 679
1306 5110 1566 5163 nequeam
1615 5105 1790 5150 tamen
1821 5099 1942 5151 inde
1966 5097 2265 5162 emendari,

716 5193 874 5250 atque
906 5183 1127 5252 injurias
1157 5185 1404 5240 inferenti
1438 5187 1644 5256 gratius
1693 5187 1912 5252 habere,
1963 5199 2016 5241 et
2048 5189 2260 5241 sincere

713 5288 870 5327 orare
901 5288 997 5341 pro
1060 5275 1514 5330 calumniantibus
1560 5291 1657 5330 nos
1711 5294 1724 5330 :
1778 5277 2114 5342 max'uneque
2148 5290 2269 5329 cum

717 5377 782 5417 ne
837 5377 1124 5442 agnoscere
1178 5364 1399 5433 quidem
1445 5367 1631 5428 velint,
1689 5367 1820 5434 quin
1872 5367 2034 5418 etiam
2086 5382 2187 5435 pro
2221 5382 2281 5423 se

717 5463 930 5507 orantes
961 5455 1133 5509 solent
1189 5456 1432 5510 irridere.
1488 5455 1600 5510 Hoc
1631 5471 1795 5508 unum
1827 5473 1894 5509 ex
1940 5472 2026 5510 me
2058 5457 2270 5514 discito.

718 5540 771 5592 l-l
803 5559 928 5597 vero
971 5545 1014 5598 si
1072 5544 1283 5598 fortiter
1331 5544 1543 5610 feceris,
1577 5545 1802 5611 ,laudem
1839 5561 1972 5600 sane
2004 5557 2058 5601 et
2091 5549 2272 5604 animo

722 5634 1034 5699 npplnudam
1083 5650 1364 5704 generoso.
1423 5635 1681 5706 Equidem
1734 5637 1862 5706 (non
1913 5637 2055 5690 enim
2104 5654 2274 5692 meam

720 5722 958 5778 occulere
979 5724 1097 5778 volo
1127 5725 1518 5795 infirmitatem)
1555 5743 1656 5780 non
1700 5742 1822 5781 raro
1844 5743 1937 5794 pro
1971 5729 2034 5784 iis
2081 5730 2281 5799 deprc-

2377 4638 2531 4692 τοῦτο
2563 4639 2732 4692 ποιῶν
2762 4640 2855 4692 καὶ
2887 4641 3232 4712 ἐναϐρυνοιτο
3267 4644 3390 4712 (ἵνα
3421 4643 3494 4714 μὴ
3524 4643 3681 4711 λέγω,
3708 4646 3786 4697 ὅτι
3815 4647 3928 4705 τοὺς

2379 4727 2686 4797 ἡμετέρους
2737 4729 3035 4797 στεφάνους
3091 4730 3348 4800 βούλομαι
3401 4735 3462 4784 ὲκ
3499 4732 3604 4784 τῶν
3647 4732 3926 4803 ἀλλοτρίων

2381 4819 2702 4887 ὑφαίνεσθαι
2737 4819 3074 4891 συμφορῶν),
3113 4822 3369 4890 μέγιστόν
3394 4823 3527 4884 ἐστι,
3562 4824 3651 4875 καὶ
3678 4825 3770 4892 τῆς
3799 4824 3925 4894 ἐμῆς

2380 4911 2662 4980 δυνάμεως
2699 4913 2903 4982 μεῖζον,
2942 4913 3042 4981 τῆς
3069 4915 3253 4982 φέρειν
3286 4915 3382 4984 μὲν
3409 4915 3468 4967 τὸ
3509 4915 3817 4985 ὑϐρίζεσθαι
3843 4913 3926 4969 καὶ

2382 5002 2686 5055 ἀδικεῖσθαι
2724 5002 3052 5072 δυναμένης,
3086 5003 3310 5072 μηδέπω
3339 5004 3394 5056 δὲ
3434 5004 3845 5075 κατορθωσασης
3871 5004 3925 5056 τδ

2385 5097 2543 5165 χάριν
2583 5094 2780 5147 εἰδέναι
2821 5097 2932 5156 τοῖς
2962 5093 3228 5158 ἀδικοῦσι,
3282 5095 3375 5146 καὶ
3406 5093 3797 5165 ὑπερεύχεαθαι
3836 5112 3924 5148 κα-

2383 5183 2562 5255 θαρῶς
2599 5183 2706 5236 τῶν
2736 5184 2822 5236 διὰ
2861 5183 3058 5248 παντὸς
3093 5185 3502 5256 ἐπηρεαζόντων
3523 5201 3535 5213 ·
3578 5187 3669 5238 καὶ
3702 5187 3916 5255 μάλιστα

2380 5278 2506 5330 ὅταν
2548 5275 2681 5345 μηδὲ
2726 5275 3152 5342 μεταγινώσκειν
3199 5275 3478 5340 ἐθέλωσιν,
3525 5277 3660 5330 ἀλλὰ
3691 5279 3780 5330 καὶ
3809 5280 3920 5339 τοὺς

2383 5368 2522 5438 ὑπὲρ
2557 5368 2732 5420 αὐτῶν
2778 5366 3100 5436 εὐχομένους
3142 5368 3361 5435 γελῶσι.
3415 5368 3583 5422 Τοῦτο
3624 5371 3752 5439 παρ’
3802 5367 3920 5439 ἐμοῦ

2389 5459 2627 5529 μάνθανε
2649 5475 2660 5487 ·
2698 5459 2746 5510 εί
2782 5458 2835 5510 δὲ
2869 5459 3029 5522 αὐτὸς
3061 5461 3156 5513 καὶ
3206 5461 3362 5514 ωὖτο
3394 5462 3779 5531 κατώρθωσας,
3816 5461 3918 5515 λίαν

2386 5568 2441 5603 σε
2484 5550 2691 5602 ἐπαινῶ
2726 5551 2819 5602 καὶ
2849 5549 3027 5620 κροτῶ
3055 5552 3150 5620 τῆς
3191 5553 3614 5622 μεγαλοψυχίας.
3667 5552 3802 5620 Ἐγὼ
3827 5554 3917 5622 γὰρ

2388 5643 2477 5708 (οὑ
2513 5642 2620 5710 γὰρ
2647 5641 3074 5713 ἀποκρυψαίμην
3106 5644 3340 5713 ἐμαυτοῦ
3373 5645 3430 5696 τὸ
3457 5644 3778 5714 ἐλάττωμα)
3815 5644 3920 5696 πολ-

2387 5735 2540 5797 λάκις
2565 5733 2818 5806 καθαρῶς
2843 5719 3301 5808 εὐξάμενοςὺπὲρ
3329 5737 3436 5790 τῶν
3466 5737 3602 5791 κατὰ
3635 5735 3921 5799 περίστασίν
