4122 6462
215 413 353 478 1565

1179 416 1712 480 EPISTOLARUM
1754 415 1901 476 LIB.
1935 416 2002 475 Υ.
2043 442 2112 450 -
2149 416 2385 478 EPIST.
2427 417 2572 479 CDI.

3347 414 3484 481 1566

208 540 335 576 τινα
369 522 672 591 γεγονότων
732 525 960 597 ἐχθρῶν,
997 525 1231 597 θελήσας
1279 529 1336 581 δὲ
1384 526 1644 591 εὖξασθαι
1703 527 1797 578 καὶ

1901 535 2072 586 catus,
2099 527 2188 594 qui
2227 541 2292 580 ex
2339 542 2468 580 casu
2505 526 2761 594 quodam,
2796 536 2848 580 et
2878 525 2929 580 in
2954 525 3273 596 quibusdam
3302 541 3485 583 rerum

205 616 350 685 ὑπὲρ
379 615 486 667 τῶν
511 617 652 668 κατά
685 617 912 686 μελέτην
941 619 1033 670 καὶ
1062 618 1320 688 σπουδὴν,
1360 619 1446 670 διὰ
1471 617 1563 670 τοῦ
1593 617 1794 684 στόμα-

207 723 302 768 τος
353 707 512 776 μόνου
544 707 702 760 τοῦτο
731 706 1048 775 πεποιηκὼς
1078 707 1273 761 ἑάλων.
1309 709 1381 760 Ού
1427 707 1532 778 μὴν
1580 705 1794 758 ἀπιστῶ

208 796 326 857 τοῖς
367 799 446 859 είς
505 798 758 850 τοσοῦτον
809 797 1011 865 ἀρετῆς
1059 798 1478 868 ἀναϐεϐηκόσιν,
1514 795 1652 850 ἀλλά
1702 796 1794 848 καὶ

205 887 390 954 χαίρω
426 888 521 941 καὶ
560 889 863 958 συγχαίρω,
893 890 986 941 καὶ
1013 890 1280 960 εὐξαίμην
1307 891 1386 954 είς
1407 888 1563 942 τοῦτο
1589 887 1793 956 φθάσαι

201 975 270 1027 τὸ
296 976 517 1048 μέτρον,
554 978 632 1031 Οὐ
662 978 768 1048 γὰρ
791 979 1019 1049 πάθοιμι
1042 980 1103 1032 τὸ
1129 981 1336 1033 πολλῶν
1368 981 1559 1044 πάθος,
1591 980 1639 1030 οἳ
1666 980 1793 1031 ὅταν

203 1066 354 1129 τινὸς
391 1067 466 1137 μὴ
513 1067 818 1137 δυνηθῶσιν
849 1069 1205 1124 ἐπιλαϐέσθαι
1247 1072 1465 1140 ἀρετῆς,
1500 1069 1702 1122 ἄτοπόν
1739 1086 1791 1122 τι

203 1156 409 1226 δρῶσιν
432 1176 444 1189 ’
479 1159 512 1228 ἢ
544 1160 651 1230 γὰρ
680 1161 974 1213 ἀπιστοῦσι
1005 1163 1117 1224 τοῖς
1149 1161 1586 1231 κατωρθωκόσιν,
1621 1159 1681 1224 ἐξ
1717 1154 1792 1210 ὧν

206 1248 509 1316 πράττουσι
556 1250 651 1302 καὶ
682 1251 810 1320 περὶ
839 1251 947 1302 τῶν
981 1251 1155 1304 ἄλλων
1188 1250 1548 1320 ψηφιζόμενοι
1591 1248 1790 1319 (πεφύ-

203 1354 341 1388 κασι
381 1339 490 1406 γὰρ
519 1339 705 1407 σχεδὸν
747 1341 984 1403 ἅπαντες
1025 1342 1090 1393 ὲκ
1117 1340 1227 1392 τῶν
1257 1339 1378 1392 καθ’
1430 1339 1655 1401 ἑαυτοὺς
1697 1339 1791 1392 καὶ

203 1427 308 1487 τὰς
338 1428 465 1497 περὶ
493 1427 599 1480 τῶν
636 1428 804 1492 πέλας
833 1430 1020 1500 φέρειν
1043 1431 1308 1500 ψήφους)⁶
1340 1430 1372 1500 ἢ
1407 1430 1789 1499 αἰσχυνόμενοι

201 1514 269 1567 τὸ
292 1516 384 1568 ἐπὶ
420 1518 756 1589 μικροψυχίᾳ
798 1519 1018 1584 ἁλῶναι,
1055 1519 1442 1590 ὲναϐρύνονται
1475 1519 1550 1581 ὡς
1590 1535 1786 1589 κατορ-

204 1605 519 1670 θώσαντες·
556 1612 651 1663 καὶ
683 1611 915 1680 μάλιστα
942 1613 1070 1665 ὅταν
1119 1613 1247 1683 περὶ
1290 1613 1488 1681 ἀδήλου
1528 1615 1791 1682 πράγμα-

202 1713 297 1760 τος
325 1698 353 1749 ὁ
381 1698 537 1766 λόγος
617 1719 630 1731 ·
663 1701 695 1772 ἢ
727 1703 805 1765 είς
835 1702 1068 1774 θεωρίας
1095 1704 1522 1771 καταφεύγουσι,
1552 1704 1611 1756 τὸ
1645 1706 1789 1776 πρᾶ-

201 1803 325 1855 γμα
361 1788 871 1860 ἀποδιδράσκοντες,
920 1793 1007 1845 ἵνα
1035 1792 1240 1857 δόξοιεν
1277 1794 1350 1864 μὴ
1386 1796 1450 1848 ὲκ
1489 1795 1784 1867 ῥᾳθυμίας,

1907 619 2186 672 eventibus
2254 617 2386 671 mihi
2447 619 2716 671 adversati
2783 616 3040 680 fuerunt.
3095 618 3291 673 deinde
3355 635 3487 674 vero

1854 769 1860 778 _
1904 706 2132 774 idipsnm
2167 722 2264 775 pro
2297 707 2362 761 iis
2396 707 2576 760 facere
2608 715 2823 761 tentans
2870 707 2962 775 qui
2998 708 3063 759 de
3111 706 3379 760 industria
3430 719 3488 761 et

1903 799 2082 852 studio
2109 799 2239 851 mihi
2275 799 2697 853 adversarentur
2734 811 2867 851 sane
2899 807 3012 850 tum
3041 807 3300 866 expertus
3337 813 3482 860 sum,

1902 888 2044 955 quod
2082 904 2185 942 non
2213 889 2319 942 nisi
2374 904 2468 944 ore
2515 899 2672 942 tenus
2732 889 2883 958 prius
2943 888 2993 942 id
3055 887 3328 944 fecissem.
3366 889 3484 942 Non

1900 979 2043 1031 enim
2078 979 2146 1033 iis
2176 978 2388 1043 dimdo,
2420 980 2510 1048 qui
2549 981 2613 1032 ad
2654 993 2923 1032 summam
2972 990 3343 1048 pervenerunt
3377 981 3484 1032 vir-

1903 1078 2094 1133 tutem,
2133 1071 2240 1122 imo
2271 1071 2478 1137 gaudeo
2510 1081 2674 1138 atque
2697 1071 2832 1124 adeo
2867 1070 3237 1140 congratulor,
3271 1081 3484 1139 optento

1900 1173 2004 1226 que
2042 1175 2106 1214 eo
2150 1161 2502 1228 perfectioais
2533 1163 2869 1230 pertingere.
2914 1159 3098 1230 Neque
3148 1163 3292 1215 enim
3341 1161 3482 1214 mul-

1908 1259 2083 1304 torum
2103 1249 2289 1304 laboro
2306 1248 3093 1318 invidiagperturbalione,qui,
3115 1266 3234 1304 cum
3253 1251 3484 1320 alicujus

1900 1340 2114 1407 assequi
2152 1347 2426 1408 nequeant
2466 1339 2744 1402 virtutem,
2784 1339 3002 1394 absurdi
3039 1341 3172 1411 quid
3225 1341 3483 1396 commit-

1902 1438 2062 1482 tunt:
2097 1429 2178 1482 vel
2209 1430 2351 1483 enim
2385 1429 2627 1483 invndent
2661 1440 2809 1484 recte
2863 1433 3176 1500 agentibus,
3228 1441 3282 1485 et
3314 1447 3381 1486 ex
3415 1431 3481 1486 iis

1898 1533 2017 1587 quae
2046 1530 2208 1586 agunt
2235 1520 2299 1572 de
2349 1518 2469 1572 aliis
2517 1517 2763 1584 judicant
2799 1520 2997 1586 (solent
3056 1523 3200 1574 enim
3240 1522 3483 1591 plerique

1897 1623 2088 1663 omnes
2109 1623 2172 1663 ex
2211 1610 2322 1662 suis
2356 1609 2454 1677 ipsi
2489 1611 2649 1663 rebus
2697 1613 2763 1664 de
2806 1611 2926 1664 aliis
2979 1611 3122 1665 ferre
3164 1612 3482 1682 judicium),

1895 1700 1980 1754 vel
2010 1701 2133 1776 dum
2173 1701 2340 1770 pudet
2367 1701 2485 1753 illos
2509 1699 2975 1769 pusillanimitatis
3009 1702 3188 1770 argui,
3240 1702 3486 1770 glorian—

1904 1799 2010 1853 tur,
2046 1789 2199 1858 quasi
2231 1797 2377 1842 recte
2436 1788 2666 1842 fecerint
2718 1789 3062 1858 maximeque
3108 1805 3231 1843 cum
3289 1791 3355 1844 de
3424 1805 3483 1844 re

201 1876 325 1930 ἀλλ’
361 1879 470 1931 ἀπὸ
505 1880 742 1950 κρίσεως
768 1882 954 1949 ὑγιοῦς
1001 1882 1075 1952 μὴ
1117 1884 1562 1954 κατωρθωκέναι.
1614 1887 1792 1956 Ὅπερ

1897 1882 2101 1934 incerta
2145 1880 2308 1932 verba
2380 1878 2532 1932 ﬁunt.
2576 1879 2671 1933 Vel
2716 1879 2950 1948 denique
3003 1882 3069 1935 ad
3110 1881 3485 1948 contemplan-

205 1968 360 2031 τινάς
403 1966 520 2023 οἶδα
579 1973 853 2037 παθόντας
903 1973 1013 2041 ἐγὼ
1055 1975 1163 2026 τῶν
1206 1975 1280 2044 μὴ
1312 1977 1647 2047 δυνηθέντων
1684 1995 1787 2030 κα-

203 2058 500 2127 τορθῶσαι,
524 2062 680 2129 μηδέ
703 2062 811 2115 δύο
834 2063 1111 2132 χιτῶνας.
1144 2066 1343 2137 Ἐχρῆν
1366 2068 1475 2138 γὰρ
1495 2067 1568 2137 μὴ
1591 2070 1788 2131 ειπετν,

203 2147 288 2199 ὅτι
316 2148 656 2221 θεωρηθῆναι
684 2153 810 2223 χρὴ,
840 2156 976 2208 ἀλλά
1002 2155 1279 2226 Θαυμάσαι
1315 2158 1412 2225 μὲν
1433 2159 1559 2220 τοὺς
1588 2175 1788 2228 κατορ-

204 2237 512 2305 θώσαντας,
561 2243 899 2314 ὁμολογῆσαι
945 2247 1000 2300 δὲ
1033 2247 1224 2300 τούτου
1258 2249 1352 2301 τοῦ
1384 2249 1549 2302 ἄθλου
1593 2250 1790 2302 ἀπολε-

200 2329 441 2400 λεῖφθαι.
497 2333 641 2402 Ἐγὼ
687 2335 794 2406 γὰρ
829 2338 1070 2401 ἐκείνους
1122 2339 1358 2408 μάλιστα
1399 2341 1786 2411 ἀνακηρύττω,

198 2425 330 2486 τοῦς
358 2423 662 2490 ἀνύσαντας
689 2427 833 2497 ἆπερ
863 2429 1001 2494 τέως
1022 2431 1218 2484 ἀνύσαι
1251 2433 1353 2486 οὐκ
1385 2432 1677 2502 ἠδυνήθην.

200 2515 299 2581 qui
354 2527 502 2570 recte
549 2531 614 2570 ac
659 2521 916 2585 prmclare
965 2522 1092 2588 quid
1118 2532 1278 2591 agant
1323 2540 1337 2576 :

1897 1971 2027 2024 dum
2059 1983 2116 2023 se
2140 1970 2431 2038 recipiunt,
2468 1965 2737 2024 actionem
2769 1969 3123 2039 refugientes,
3159 1985 3224 2024 ne
3261 1971 3481 2025 videan-

1903 2071 1990 2115 tur
2021 2075 2085 2114 ex
2128 2060 2336 2130 ignavia
2383 2061 2748 2130 socordiaque
2797 2061 2892 2115 sed
2941 2075 3076 2116 sano
3121 2061 3330 2131 judicio
3369 2076 3477 2116 non

1901 2159 2049 2205 recte
2085 2151 2298 2206 fecisse.
2344 2149 2497 2216 Quod
2557 2152 2747 2206 multis
2796 2154 2910 2208 scio
2968 2169 3070 2207 usu
3128 2154 3363 2212 venisse.
3416 2153 3484 2207 iis

1897 2244 2197 2312 prmsertim
2244 2243 2335 2312 qui
2371 2245 2498 2298 illud
2545 2258 2767 2297 servare
2831 2259 2938 2298 non
3000 2247 3211 2315 possint
3263 2263 3276 2298 :
3340 2244 3483 2298 Duas

1899 2337 2101 2388 tunicas
2130 2351 2221 2388 nec
2276 2335 2568 2389 habeatis‘.
2629 2334 2745 2390 Non
2789 2336 2934 2389 enim
2997 2336 3307 2399 dicendum,
3355 2349 3489 2389 con-

1896 2425 2230 2492 templationi
2259 2425 2491 2480 dandam
2522 2441 2769 2494 operam,
2825 2427 2919 2480 sed
2969 2428 3348 2480 admirandum
3395 2439 3492 2481 σοι

1406 2521 1773 2577 confitendum
1847 2534 1976 2574 vero
2012 2519 2111 2571 hoc
2147 2530 2206 2570 se
2290 2517 2588 2571 certamine
2632 2519 2796 2583 vinci,
2848 2527 2902 2572 et
2950 2532 2979 2570 a
3018 2527 3169 2587 tergo
3227 2516 3484 2587 relinqui.

201 2610 319 2678 Ego
352 2624 484 2665 sane
531 2612 653 2682 illos
695 2615 930 2668 maxime
963 2617 1196 2685 praedico
1245 2618 1334 2686 qui
1388 2619 1440 2672 id
1497 2627 1777 2690 praestant,
1817 2615 1959 2686 quod
1997 2615 2109 2683 ipse
2145 2613 2407 2667 hactenus
2437 2627 2540 2666 non
2583 2613 2731 2682 potui
2760 2621 3044 2682 prtestare.

655 2719 819 2788 Τιιθσ.
853 2753 923 2762 -
953 2724 1329 2796 ΜΑΡΤΥΡΙῼ.

2261 2720 2578 2777 CCCXCIX.
2620 2750 2691 2762 —-
2713 2720 3103 2778 MARTYRIO.

812 2831 1074 2896 Temporis
1100 2831 1234 2884 ratio
1262 2832 1522 2884 habenda.
1558 2828 1784 2885 Occasio
1819 2845 1924 2883 non
1956 2825 2289 2897 negligenda.
2325 2825 2504 2895 (σοιτί.
2542 2827 2696 2895 epist.
2729 2826 2881 2898 266.)

281 2931 536 3003 Ἀριστόν
567 2933 743 2998 ἐστιν,
781 2929 825 2988 ὦ
860 2936 1081 3005 φίλτατε
1104 2977 1119 3001 ,
1151 2939 1210 2991 τὸ
1239 2939 1431 3008 χρόνου
1467 2938 1744 3007 φείδεσθαι
1767 2954 1783 2969 ο

201 3025 305 3078 οῦκ
340 3024 588 3093 ἀνέχεται
624 3025 733 3094 γὰρ
759 3022 914 3089 αὖθις
947 3030 1235 3098 ὲπιφοιτᾷν
1255 3070 1267 3093 ,
1301 3027 1425 3081 οὔτε
1457 3029 1632 3098 μάτην
1659 3029 1790 3080 ἀνα-

1965 2933 2217 3004 Tempori
2240 2948 2463 3004 parcere
2486 2935 2748 3003 optimum
2770 2944 2874 3000 est,
2904 2934 3233 2989 amicissime
3259 2954 3272 2990 :
3307 2942 3488 2990 trans-

1893 3027 2024 3080 itum
2064 3025 2337 3080 enimnon
2373 3024 2531 3090 redit,
2573 3041 2672 3080 nec
2711 3026 2850 3082 male
2884 3027 3226 3088 collocatum,
3287 3026 3476 3080 eadem

201 3113 398 3177 λωθεὶς
438 3116 539 3184 τὴν
585 3116 755 3182 αὐτὴν
789 3117 1149 3187 ὑποστρέφειν
1189 3119 1338 3171 ὀδόν·
1376 3120 1526 3188 νόμῳ
1580 3119 1641 3172 δὲ.
1683 3118 1786 3187 φύ-

1896 3117 2185 3170 revertitur
2228 3117 2339 3170 via.
2390 3115 2752 3170 lndissolubili
2806 3118 2949 3170 enim
2985 3128 3194 3170 natura:
3247 3117 3346 3185 legi
3396 3117 3488 3170 ob-

204 3220 345 3267 σεως
397 3204 579 3274 ἀλύτῳ
637 3205 953 3275 πειθόμενος
1008 3208 1323 3276 (ὠκύτατος
1365 3210 1475 3279 γάρ
1528 3211 1642 3262 ἐστι
1692 3210 1788 3262 καὶ

199 3293 566 3364 ταχύτατος),
603 3296 715 3349 θέει
753 3297 850 3366 μὲν
880 3298 1141 3368 ἀκίχητον
1179 3297 1408 3368 δρόμον,
1446 3298 1706 3352 λαϐέσθαι
1731 3298 1788 3351 δὲ

198 3387 317 3447 τοῖς
345 3383 688 3455 βουλομένοις
717 3386 775 3438 ού
805 3385 1036 3440 δίδωσιν.
1072 3385 1281 3439 Οὐκοῦν
1315 3386 1420 3456 χρὴ
1450 3387 1668 3456 ἔχεσθαι
1696 3386 1790 3441 αύ-

199 3474 300 3529 τοῦ
341 3475 732 3545 πλησιάζοντος
753 3491 767 3506 ⁸
798 3471 908 3530 οἷόν
933 3494 991 3530 τε
1023 3477 1132 3548 γὰρ
1161 3478 1282 3530 τότε
1313 3478 1454 3529 ὲλεῖν
1493 3478 1581 3530 καὶ
1616 3495 1788 3530 κατα-

202 3568 376 3636 σχεῖν.
408 3566 899 3638 Παριππεύσαντος
932 3570 1040 3636 γὰρ
1068 3570 1163 3621 καὶ
1187 3568 1247 3621 τὸ
1276 3566 1630 3638 μεταδιώκειν
1652 3569 1784 3640 ἀνή-

199 3673 362 3713 νυτον
379 3699 394 3725 ,
426 3660 521 3713 καὶ
545 3659 606 3712 τὸ
630 3659 1068 3729 καταλαμϐάνειν
1103 3662 1408 3730 ἀμήχανον.

592 3767 668 3821 1".
704 3798 775 3808 -
805 3766 1068 3839 ΕΡΜΙΝῼ
1103 3767 1399 3821 KOMHTI.

1899 3218 2204 3275 temperans
2243 3207 2667 3276 (velocissimum
2711 3216 2794 3261 est
2845 3209 2989 3262 enim
3023 3223 3086 3261 ac
3111 3205 3485 3276 celerrimum)

1896 3298 2500 3367 incompreltensibilem
2543 3297 2716 3351 currit
2773 3312 3018 3360 cursum,
3057 3305 3115 3350 ut
3145 3298 3264 3365 capi
3297 3315 3325 3350 a
3387 3313 3487 3352 vo-

1896 3389 2038 3442 lente
2066 3399 2319 3457 nequeat.
2351 3387 2607 3443 Pra'scns
2651 3388 2833 3455 itaque
2868 3397 3079 3456 tempus
3110 3387 3487 3457 arripiendum

1895 3489 2001 3542 est,
2033 3489 2160 3534 tunc
2192 3480 2335 3534 enim
2369 3482 2778 3549 apprehendere
2821 3480 2986 3533 liceat
3044 3494 3108 3534 ac
3147 3479 3333 3548 potiri.
3378 3479 3489 3533 Ob.

1896 3571 2154 3639 equitans
2194 3573 2478 3625 autem'ac
2529 3571 2822 3626 decurrens
2877 3571 2999 3640 capi
3048 3585 3156 3625 non
3215 3577 3394 3640 potest
3423 3583 3489 3624 ac

1896 3663 2303 3731 comprehendi.

2243 3767 2350 3820 CD.
2391 3795 2461 3806 -—
2512 3766 2821 3822 HERMINO
2869 3766 3133 3824 COMITI.

1060 3868 1126 3922 In
1154 3871 1320 3924 malos
1356 3881 1593 3940 pastores
1623 3887 1778 3945 pecus
1811 3873 2168 3943 deglubcntes,
2215 3874 2406 3929 Ezech.
2441 3891 2626 3931 χχχιιι.

271 3999 368 4070 Μὴ
418 3997 694 4069 θαύμαζε,
740 4001 792 4051 εί
846 3999 1114 4053 τοσούτων
1157 4001 1433 4069 ποιμένων
1485 4001 1790 4070 λεγομένων

1961 4003 2079 4057 Noli
2131 4004 2390 4058 admirari
2447 4012 2522 4057 tot
2558 3996 2964 4072 tantorumque
3028 4014 3308 4070 pastorum
3348 4020 3484 4061 oves

199 4091 271 4145 τὰ
303 4089 550 4160 πρόϐατα
582 4089 858 4144 λυκοῦται.
894 4090 1158 4143 Τοσοῦτον
1197 4092 1303 4160 γὰρ
1334 4091 1597 4159 ἀπέχουσί
1644 4109 1790 4154 τινες

1896 4095 2052 4148 veluti
2119 4108 2147 4145 a
2204 4094 2345 4162 lupis
2391 4092 2665 4148 dilauiari.
2706 4091 2935 4156 Quidam
2987 4091 3130 4146 enim
3167 4092 3297 4162 (non
3331 4094 3479 4147 enim

202 4181 264 4246 ἐξ
327 4180 506 4233 αὐτῶν
567 4179 664 4250 (ού
744 4181 852 4250 γὰρ
919 4180 1125 4242 πάντας
1182 4181 1491 4248 αίτιατέον)
1541 4181 1633 4234 τοῦ
1689 4199 1789 4248 φυ-

1896 4182 2178 4236 accusandi
2211 4180 2423 4250 omnes)
2453 4190 2660 4234 tantum
2694 4181 2795 4235 sibi
2823 4188 3133 4250 temperant
3163 4197 3190 4234 a
3221 4182 3480 4236 custodia

200 4267 419 4321 λάττειν
461 4267 556 4320 καὶ
611 4266 1024 4337 ἐπιμελεῖσθαι,
1063 4269 1145 4321 ὅτι
1177 4269 1298 4321 οὐδὲ
1332 4268 1509 4322 κυνῶν
1554 4269 1785 4338 μιμοῦν-

1896 4281 1940 4325 et
1969 4287 2118 4338 cura,
2155 4282 2212 4324 ttt
2247 4287 2312 4325 ne
2330 4287 2524 4325 canum
2557 4272 2724 4342 680
2745 4273 2961 4338 quidem
2994 4287 3212 4340 gregem
3249 4288 3480 4327 servan-

199 4375 297 4412 ται
336 4359 535 4428 τρόπον
570 4359 974 4426 φυλαττόντων,
1010 4360 1144 4412 ἀλλά
1175 4361 1242 4412 τὰ
1270 4360 1448 4413 λύκων
1477 4361 1679 4430 δρῶσι,
1714 4362 1780 4416 τὰ

1896 4364 2020 4415 lium
2065 4377 2269 4416 morem
2317 4373 2555 4426 teneant,
2615 4365 2706 4416 sed
2767 4362 3012 4432 luporum
3056 4371 3242 4432 partes
3276 4375 3461 4433 agant.

203 4445 454 4517 πρόϐατα
501 4447 895 4510 κατεσθίοντες.
945 4450 1020 4501 Οὐ
1073 4451 1178 4518 γὰρ
1207 4450 1439 4519 ἤρκεσεν
1489 4451 1672 4512 αὐτοῖς
1716 4451 1784 4519 τὰ

201 4536 328 4606 ἔρια
365 4537 458 4589 καὶ
511 4536 571 4588 τὸ
609 4537 778 4605 γάλα,
818 4538 953 4591 ἀλλὰ
1008 4539 1103 4591 καὶ
1154 4541 1332 4592 αὐτῶν
1369 4541 1609 4610 ἥψαντο,
1664 4543 1784 4613 ούχὶ

198 4628 313 4681 τῶν
351 4629 620 4698 σωμάτων
650 4624 843 4699 (ἦττον
882 4631 988 4699 γὰρ
1018 4632 1081 4683 ἂν
1111 4628 1207 4701 ἦν)
1225 4672 1237 4696 ,
1266 4631 1402 4684 ἀλλά
1431 4631 1540 4684 τῶν
1563 4632 1780 4701 ψυχῶν·

201 4718 314 4769 πᾶν
362 4717 462 4786 μὲν
506 4717 737 4787 λιπαρὸν
784 4719 1257 4788 κατασφάζοντες,
1303 4723 1410 4774 πᾶν
1450 4722 1506 4775 δὲ
1554 4723 1776 4783 ἀσθενὲς

199 4804 574 4875 παρορῶντες,
597 4809 704 4860 πᾶν
727 4808 783 4861 δὲ
804 4810 1341 4880 τετραυματισμένον
1364 4813 1425 4866 οὐ
1454 4813 1783 4882 θεραπεύονο

1894 4452 2078 4520 Neque
2107 4453 2250 4505 enim
2284 4453 2418 4507 satis
2450 4455 2652 4508 ducunt
2689 4453 2810 4506 lana
2865 4463 2919 4507 et
2964 4453 3106 4508 lacte
3159 4455 3256 4520 uti,
3303 4455 3395 4508 sed
3424 4465 3481 4510 et

1894 4543 2134 4610 ipsorum
2193 4544 2434 4611 rapiunt,
2481 4557 2584 4596 non
2619 4552 2726 4595 tam
2780 4557 3032 4612 corpora,
3093 4545 3238 4612 quod
3294 4544 3477 4600 minus

1892 4632 2052 4694 foret,
2089 4647 2251 4701 quam
2279 4632 2510 4694 animas,
2546 4646 2710 4699 pecus
2746 4647 2907 4686 omne
2947 4635 3148 4702 pingue
3181 4636 3478 4688 absumen-

1886 4733 2048 4786 tes,et
2073 4725 2346 4776 inlirtnum
2367 4723 2511 4791 quod
2542 4734 2624 4776 est
2651 4733 3084 4787 contemnentes,
3115 4734 3170 4778 et
3205 4725 3470 4792 quidquid

1886 4815 2070 4869 larsum
2098 4816 2320 4868 vulnere
2343 4823 2424 4868 est
2445 4829 2549 4866 non
2572 4816 2925 4868 medicantes.
2949 4813 3218 4883 Quidquid
3249 4815 3466 4869 ﬁrmum

197 4913 314 4961 τες,
349 4897 409 4949 τὸ
438 4897 495 4950 δὲ
537 4899 756 4968 ἰσχυρὸν
800 4902 894 4953 καὶ
928 4901 1001 4971 μὴ
1033 4899 1178 4954 εἶκον
1211 4906 1275 4973 τῇ
1316 4904 1527 4974 ἀσωτία
1570 4905 1782 4973 αὐτῶν,

1896 4912 1970 4957 est
1999 4918 2060 4955 ae
2089 4904 2393 4967 robustmn,
2442 4914 2628 4956 contra
2671 4913 2835 4970 atque
2876 4906 3184 4971 oportebat,
3234 4904 3475 4976 ingluvie

195 4987 374 5052 δόλοις
399 4989 492 5042 καὶ
523 4990 833 5054 ἐπιϐουλαῖς
864 4993 1344 5062 κατεργαζόμενοι.

449 5095 576 5153 ΥΑ’.
608 5127 679 5138 -
716 5099 1018 5172 ΔΩΡΟΘΕῼ
1048 5103 1538 5174 ΛΛΜΠΡΟΤΑΤῼ.

1891 5009 2009 5056 sua,
2051 4993 2328 5047 fraudibus
2363 5002 2524 5061 atque
2554 4995 2765 5047 insidiis
2799 4995 3292 5061 comprehendunt.

2071 5100 2202 5153 CDI.
2252 5130 2323 5139 -—-
2370 5098 2744 5156 DOROTIIEO
2789 5100 2951 5156 νιιιο
2984 5101 3293 5159 CLARISS.

1099 5212 1342 5268 Veritatis
1372 5219 1469 5278 vis,
1503 5225 1549 5268 et
1593 5215 1863 5270 candoris.
1918 5210 2134 5278 Semper
2168 5212 2360 5264 veritas
2403 5211 2582 5265 vincit.

287 5331 484 5395 Ἡδέως
513 5332 579 5385 ἂν
608 5333 702 5386 καὶ
726 5333 977 5405 ἀσμένως
1004 5337 1100 5406 τὴν
1134 5339 1388 5409 ἀλήθειαν
1417 5341 1592 5411 τιμῶν
1623 5343 1783 5413 ἡττῆ-

204 5423 330 5477 σθαι
360 5423 531 5486 δοκῶ,
559 5425 592 5495 ἢ
625 5425 952 5496 ψευδόμενος
985 5429 1140 5482 νικῶ.
1186 5431 1492 5501 Ἀληθεύων
1526 5433 1624 5504 μὲν
1653 5435 1782 5505 γὰρ,

200 5513 306 5566 κᾶν
344 5514 609 5585 ἡττῆσθαι
633 5516 796 5581 δόξω,
826 5519 1088 5588 νενίκηκα
1111 5539 1122 5551 ·
1151 5521 1335 5596 ἀπάτῃ
1372 5523 1428 5576 δὲ
1462 5526 1745 5595 κρατήσας
1772 5562 1786 5587 ,

202 5604 307 5658 κᾶν
336 5609 680 5678 νενικηκέναι
719 5609 855 5676 δόξω
878 5652 892 5679 ,
922 5612 1056 5682 ἦττη
1068 5630 1185 5682 μαι.

275 5779 286 5810 ¹
319 5778 506 5834 Matth.
554 5797 607 5848 χ,
645 5783 730 5836 to.

1961 5339 2178 5395 Lubens
2233 5339 2526 5409 volensque
2590 5340 2873 5394 veritatem
2949 5341 3224 5397 honorans
3291 5343 3474 5399 malint

1887 5431 2056 5493 vinci,
2093 5446 2252 5500 quam
2289 5431 2520 5485 mendax
2549 5429 2790 5485 vincere.
2828 5429 2963 5486 Vera
2997 5433 3195 5486 etenim
3225 5448 3475 5499 narrans,

1888 5522 1988 5575 etsi
2025 5522 2164 5575 vinci
2193 5522 2398 5584 videar,
2449 5522 2626 5577 vinco.
2663 5520 2795 5577 Dolo
2853 5538 2980 5577 vero
3023 5525 3162 5579 malo
3187 5540 3474 5595 superans,

1894 5614 2108 5669 tametsi
2139 5613 2331 5668 vicisse
2367 5613 2573 5679 videar,
2603 5615 2775 5670 vietus
2809 5613 2965 5668 abeo.
