4122 6442
712 512 849 580 γςς-ν.
889 543 958 554 .-
993 513 1283 583 seruus.

3007 17 3016 24 δ
3061 15 3078 24 ν-
3099 15 3136 24 ν-η-
3202 4 3810 25 mn‘qr-maram"

1085 402 1620 465 EPISTOIARUM
1660 401 1810 462 LIB.
1848 399 1916 458 V.
1948 423 2017 434 -
2055 395 2291 456 EPIST.
2335 394 2503 456 CDX.
3348 391 3484 456 1570

2386 502 2569 559 CDV'l.
2587 533 2653 546 --
2685 501 2984 560 SERENO.

1262 617 1486 670 Virtutis
1521 610 1758 670 laudatio
1781 629 1828 668 et
1860 630 2005 681 sequ.
2040 616 2195 679 epist.
2220 622 2268 666 et
2299 613 2423 667 ιιι.

210 760 213 761 ν
279 729 338 780 Εἰ
393 731 506 793 τοῖς
549 729 750 800 ἀρετὴν
800 729 1064 792 ἀσκοῦσι,
1123 729 1260 800 μετὰ
1313 727 1629 800 παρρησίας
1686 724 1781 777 νῦν

195 832 259 868 τι
293 817 470 885 ἔξεστι
509 819 732 888 βιῶσαι,
763 822 858 873 καὶ
897 820 1038 890 μετὰ
1063 821 1154 874 τὸν
1184 820 1418 874 ἐνταῦθα
1463 819 1577 889 βίον
1605 834 1784 889 παρα-

205 909 402 978 στῆναι
431 909 511 980 τῷ
532 909 658 976 θείῳ
687 910 1022 982 δικαστηρίῳ
1043 929 1057 943 ο
1089 913 1202 974 τοῖς
1231 910 1288 964 δὲ
1315 909 1515 963 κακίαν
1547 909 1788 971 ἀσπαζο-

206 1001 391 1071 μένοις
415 1000 644 1071 αἰσχύνη
673 1000 769 1055 νῦν
790 1019 849 1055 τε
877 1003 1069 1056 ἕπεται
1096 1043 1109 1060 .
1133 1003 1354 1055 κάκεῖσε
1388 1001 1579 1070 ἕψεται
1604 1019 1618 1031 ο
1645 999 1789 1054 διατι

1962 723 2018 778 Si
2046 724 2246 777 virtute
2271 722 2514 792 pratditis
2534 722 2585 776 in
2640 720 2745 777 hac
2781 721 2890 775 vita
2953 720 3296 776 conlidenter
3325 720 3486 776 liceat

1892 819 2095 881 vivere,
2130 824 2233 870 eta
2281 824 2458 870 morte
2515 813 2610 868 Dei
2670 811 2926 869 tribunali
2970 813 3250 874 assistere,
3280 811 3489 881 impro-

1883 913 1984 964 bos
2013 922 2142 963 vero
2169 907 2281 973 hic,
2304 917 2360 964 et
2385 907 2457 962 ibi
2489 907 2725 964 dedecus
2771 911 3053 974 sequatur,
3080 905 3208 973 quid
3263 907 3482 958 dubita-

1886 1013 2009 1053 mus
2041 998 2296 1051 virtutem
2331 997 2550 1067 quidem
2576 996 2830 1067 amplecti
2860 1011 2925 1051 ac
2952 995 3165 1063 fovere,
3193 995 3320 1050 vitia
3349 1011 3482 1052 vero

205 1093 285 1164 μὴ
315 1093 532 1161 ἐκείνην
560 1093 658 1163 μὲν
689 1094 1173 1165 περιπτυσσόμεθα
1195 1111 1209 1125 ο
1241 1093 1448 1163 ταύτην
1472 1092 1530 1146 δὲ
1557 1109 1787 1164 προτρο-

1891 1089 2164 1146 coucitato
2193 1086 2384 1157 fugere
2409 1090 2569 1143 cursu
2594 1088 2618 1142 ἲ

204 1181 386 1254 πάδην
413 1183 726 1254 φεύγομενς

537 1289 656 1344 ΥΖ’.
692 1314 761 1331 -ι
795 1286 1001 1344 ΗΡΩΝΙ
1035 1287 1464 1343 ΜΟΝΑΖΟΝΤΙ.

2383 1283 2589 1340 CDVII.
2616 1279 2986 1341 —ﬂERONl.

1635 1378 1716 1433 De
1761 1380 1944 1433 eadem
1976 1394 2052 1434 re.

287 1489 354 1546 Ἦ
397 1490 569 1564 ἁρετὴ
599 1489 787 1563 χρῆμά
829 1492 945 1544 ἔστι
986 1489 1082 1545 καὶ
1129 1492 1459 1559 ἀναγκαῖον,
1513 1491 1609 1545 καὶ
1643 1509 1784 1563 συμ-

198 1582 401 1654 φέρον,
445 1583 542 1637 καὶ
571 1581 731 1636 καλὸν
755 1619 788 1646 ,,
818 1583 911 1636 καὶ
945 1582 1156 1654 πρέπον
1207 1583 1300 1635 καὶ
1341 1581 1649 1645 λυσιτελὲς,
1689 1582 1784 1636 καὶ

199 1672 496 1742 χρήσιμον.
559 1671 878 1740 ’Δναγκαῖον
929 1671 1060 1741 μὲν,
1121 1672 1205 1724 ὅτι
1254 1671 1349 1724 τοῦ
1403 1669 1783 1725 πολιτεύεσθαι

1970 1488 2149 1545 Virtus
2180 1504 2269 1545 res
2313 1499 2396 1544 est
2439 1487 2770 1552 necessaria,
2801 1496 2856 1543 et
2903 1487 3216 1552 commoda,
3247 1486 3479 1553 pulchra

1893 1596 1956 1637 ac
1991 1582 2213 1644 decens,
2257 1580 2405 1635 utilis
2449 1590 2612 1649 atque
2660 1579 2960 1635 fructuosa.
2998 1577 3316 1634 Necessaria
3357 1579 3480 1647 qui-
3584 1577 3585 1580 “

1893 1672 2038 1735 dem,
2067 1671 2192 1742 quia
2229 1671 2623 1740 rempublicam
2678 1679 2828 1725 recte
2882 1669 3105 1738 gerenti‘
3149 1669 3282 1722 nihil
3331 1683 3486 1735 teque

195 1759 375 1833 ὀρθῶς
406 1760 557 1814 οὐδὲν
602 1761 1028 1832 ἀναγκαιότερον
1051 1777 1063 1790 ’
1093 1760 1374 1832 συμφέρον
1411 1761 1466 1813 δὲ
1485 1803 1498 1828 ,
1530 1763 1610 1815 ὅτι
1647 1762 1785 1832 πρὸς

1893 1763 2288 1839 necessarium.
2313 1763 2634 1829 Commoda,
2656 1762 2780 1832 quia
2809 1761 2876 1814 ad
2909 1759 3305 1815 beatitudinem
3333 1759 3484 1814 ducit

199 1850 588 1923 μακαριότητα
618 1850 742 1919 ἄγει
763 1868 775 1882 ·
802 1849 966 1916 καλὸν
987 1850 1068 1917 δὲ,
1095 1849 1177 1903 ὅτι
1209 1850 1466 1922 σεμνύνει
1487 1851 1613 1914 τοὺς
1635 1850 1781 1921 Exuv-

1891 1838 2297 1923 sempiteruam.
2349 1851 2617 1917 llorresta,
2652 1851 2778 1922 quia
2831 1849 3181 1920 possidentes
3235 1848 3481 1903 cohone-

195 1955 301 2004 τας
318 1957 332 1969 θ
367 1941 578 2011 πρέπον
601 1940 658 1994 δὲ
673 1980 692 2008 ,
717 1941 799 1994 ὅτι
829 1942 1027 2011 κοσμεῖ
1045 1941 1171 2004 τοὺς
1193 1941 1566 2012 κεκτημένους
1584 1960 1599 1973 ·
1629 1941 1783 1995 λυσι-

195 2030 353 2094 τελὲς
379 2031 456 2093 δὲ,
490 2032 572 2085 ὅτι
606 2029 724 2083 λύει
750 2030 810 2084 τὸ
842 2030 998 2094 τέλος
1025 2031 1196 2102 αὐτῆς
1221 2031 1349 2094 τοὺς
1379 2031 1576 2094 πόνους
1597 2048 1612 2061 ·
1647 2031 1785 2102 χρή-

195 2139 361 2193 ιξιμον
407 2122 496 2184 δὲ,
547 2122 630 2176 δτι
655 2122 808 2176 οὐδὲν
853 2123 1024 2193 αὐτῆς
1057 2122 1492 2196 χρησιμώτερον.
1528 2124 1627 2187 Τίς
1668 2139 1784 2175 τοι·

193 2211 407 2284 γαροῦν
460 2213 536 2283 μὴ
584 2211 706 2267 λίαν
759 2211 1068 2284 ἐξεστηκὼς
1131 2215 1194 2268 οὐ
1246 2213 1366 2267 λίαν
1425 2215 1596 2285 αὐτῆς
1655 2213 1786 2268 ἀνθ-ι

193 2303 377 2371 ἐξεται
397 2319 412 2370 ;

729 2410 860 2464 ru'.
906 2440 976 2454 -
1015 2410 1241 2484 usam.

1890 1949 2022 1996 stat.
2063 1941 2291 2007 Decens,
2350 1951 2512 1997 ornat
2567 1943 2714 1997 enim
2767 1956 2830 1998 se
2874 1942 3240 2011 possidentes.
3298 1941 3482 2008 Utilis,

1889 2033 2014 2100 quia
2049 2032 2173 2088 ﬂuis
2193 2034 2309 2102 ejus
2338 2033 2588 2090 dissolvit
2626 2033 2861 2090 labores.
2895 2032 3198 2088 Fructuosa
3227 2034 3483 2104 denique,

1889 2123 2014 2191 quia
2082 2124 2215 2178 nihil
2280 2139 2342 2178 es
2417 2123 2590 2193 magis
2654 2122 3010 2196 frugiferum.
3069 2108 3266 2192 Ecquis
3293 2123 3482 2191 igitur,

1891 2211 1994 2265 nisi
2025 2213 2179 2269 valde
2209 2229 2426 2281 amens,
2447 2230 2553 2269 non
2580 2229 2703 2270 eam
2748 2216 3104 2270 vehementer
3145 2213 3484 2284 complecta-

1893 2303 2024 2358 tur?

2409 2411 2638 2469 CDVlll.
2662 2411 2973 2469 —|S.\|A‘3.

196 2502 390 2577 Ungui
434 2515 482 2560 et
526 2506 740 2573 angusti
786 2507 953 2561 animi
1004 2508 1305 2561 discrimen.
1332 2503 1509 2577 (Couf.
1565 2506 1718 2576 epist.
1749 2505 2107 2649 322233445,
2138 2509 2264 2562 item
2305 2508 2462 2578 epist.
2510 2507 2628 2572 152,
2670 2508 2763 2562 lib.
2797 2523 2877 2572 tv,
2903 2508 2973 2561 ad
3014 2508 3128 2562 loca
3163 2504 3322 2559 Prov.
3367 2521 3483 2575 xlv,

1695 2592 1829 2630 vers.
1929 2618 1941 2631 .
3283 2628 3286 2630 γ

1695 2592 1829 2630 οεη.
1856 2592 1876 2630 ⁴Ι
1890 2592 1941 2631 υ.

274 2685 398 2742 Ὅτι
451 2687 551 2759 μιν
597 2688 665 2759 τῇ
723 2687 822 2758 μιν
871 2684 1248 2756 μεγαλοψυχίᾳ
1302 2686 1396 2739 καὶ
1441 2687 1475 2758 ἡ
1535 2687 1784 2758 μεγαλο-

196 2777 441 2849 πριπεια
490 2779 717 2842 Inerat,
766 2780 833 2849 τῇ
892 2778 950 2842 δὲ
1008 2776 1346 2848 μικροψυχίᾳ
1399 2779 1432 2848 ἡ
1483 2780 1786 2850 μικροπρέ·

196 2885 369 2936 suta,
410 2870 554 2940 μάλα
591 2870 835 2941 ἀκριδῶς
884 2866 1038 2939 οἶμαι
1092 2886 1150 2922 σε
1197 2869 1415 2922 είδέναι.
1448 2869 1571 2924 Ὀτι
1601 2870 1657 2923 δὲ
1704 2870 1784 2924 δι-

196 2959 374 3022 καίως
405 2962 472 3031 τῇ
511 2961 610 3031 μὲν
651 2960 853 3031 πρέπει
895 2960 956 3013 τὸ
989 2959 1176 3026 κλέος,
1213 2962 1276 3030 τῇ
1317 2960 1373 3012 δὲ
1415 2959 1476 3013 τὸ
1504 2959 1640 3025 δέος,
1691 2962 1787 3014 καὶ

195 3048 362 3103 τοῦτο
387 3044 543 3120 οἶμαι
569 3049 792 3103 εἰδέναι.
853 3051 918 3103 Ἥ
947 3051 1044 3119 μὲν
1073 3050 1183 3119 γὰρ
1212 3050 1308 3103 καὶ
1343 3055 1442 3122 τὴν
1482 3053 1782 3122 εὐημερίαν

1891 3051 2228 3119 gloriamque
2281 3067 2296 3105 :

1951 2690 2204 2745 Arbitror
2232 2699 2420 2743 notum
2457 2688 2551 2744 tibi
2570 2703 2693 2744 esse
2717 2689 2783 2743 ad
2808 2689 2973 2744 animi
3015 2690 3477 2760 magnitudinem,

1883 2776 2226 2846 maiestatem
2266 2777 2698 2848 dignitatemque
2722 2780 2979 2848 consequi
3015 2797 3030 2834 ι
3062 2782 3302 2834 animum
3331 2797 3464 2837 vero

1883 2868 2142 2939 pusillum
2191 2867 2551 2937 abjectionem
2596 2867 3117 2940 .demissionemque
3179 2873 3467 2929 comitari.

1885 2959 2019 3014 lllml
2053 2973 2272 3030 quoque
2327 2966 2378 3015 te
2417 2975 2524 3014 non
2577 2959 2767 3029 fugere
2810 2961 3067 3028 arbitror,
3105 2963 3272 3027 illam,
3311 2965 3480 3020 decus

2358 3051 2503 3105 hanc
2566 3065 2696 3105 vero
2759 3063 2962 3105 metum
3027 3051 3484 3122 formidinemque

201 3140 476 3213 μετρίως,
523 3142 617 3194 καὶ
645 3141 744 3212 τὴν
771 3141 1105 3212 δυσημερίαν
1132 3142 1394 3214 ἀνδρείως
1422 3144 1596 3214 φέρει.
1640 3145 1703 3196 ’H
1727 3145 1782 3198 δὲ

1891 3145 2096 3197 decere.
2126 3141 2220 3195 llla
2251 3143 2470 3210 quidem
2491 3157 2577 3196 res
2595 3143 2862 3202 secundas
2889 3144 3196 3211 moderate;
3226 3146 3483 3202 adversas

163 3299 172 3308 Χ
199 3230 283 3300 πῆ
317 3231 415 3303 μὲν
435 3232 575 3301 ἄγαν
601 3233 802 3305 ὑψηλὴ,
827 3234 903 3302 πῆ
926 3234 983 3287 δὲ
1012 3233 1132 3286 λίαν
1153 3236 1382 3304 ταπεινὴ
1412 3235 1642 3302 γίνεται,
1672 3237 1786 3299 τοῖς

1891 3247 2014 3287 vero
2068 3234 2281 3287 fortiter
2333 3233 2550 3288 tolerat.
2597 3234 2722 3289 Haec
2785 3248 2914 3288 vero
2966 3234 3122 3289 valde
3179 3235 3479 3292 identidem

201 3322 498 3394 πράγμασι
556 3324 1152 3396 συμμεταϐαλλομένη,
1202 3326 1297 3378 καὶ
1346 3325 1575 3397 εὑρίπου
1635 3326 1787 3380 οὐδὲν

1891 3322 2054 3388 elata,
2111 3324 2438 3392 quandoque
2502 3323 2738 3379 demissa
2792 3323 2956 3378 nimis
3017 3325 3254 3392 exsistit,
3317 3328 3482 3382 rebus

197 3410 556 3484 διαφέρουσα.

696 3614 820 3672 re.
855 3645 926 3657 --
958 3616 1045 3688 Tn
1077 3615 1282 3688 ΑΥΤῼ.

1886 3418 2320 3480 :tccmnutodatu,
2354 3417 2422 3470 ab
2445 3414 2631 3485 Euripi
2661 3401 2900 3472 ﬂumini!
2953 3431 3116 3472 cursu
3156 3419 3291 3474 nihil
3328 3418 3484 3475 σεσο-

1891 3522 1946 3559 ΙἝ
1956 3522 2040 3559 IIS.

2425 3616 2638 3671 CldX.-
2657 3649 2693 3658 —
2715 3617 2946 3673 EIDEM.

769 3703 948 3759 Monet
985 3723 1046 3760 ne
1071 3719 1284 3774 propter
1312 3705 1526 3759 divitias
1555 3721 1613 3759 se
1654 3705 1875 3759 (attollat
1901 3745 1917 3772 ,
1951 3705 2187 3774 aliosque
2221 3707 2284 3759 iis
2321 3717 2559 3761 carentes
2591 3717 2914 3764 contemnat.

277 3817 341 3871 Ei
364 3815 726 3887 τεεριρρἐντα
750 3813 840 3866 τὸν
865 3814 1048 3867 ἄδικον
1080 3813 1309 3866 πλοῦτον
1334 3813 1496 3883 ὁρῶν,
1530 3812 1786 3867 πλούσιον

199 3905 404 3962 σαυτὸν
457 3909 600 3977 ἡγῇ,
642 3907 734 3960 καὶ
784 3907 911 3969 τοὺς
974 3904 1400 3974 φιλοσοφοῦντας
1458 3904 1787 3972 ταλανίξεις,

201 3997 282 4062 ὡς
312 3997 536 4068 χαλεπῷ
582 3997 755 4069 θηρίῳ
786 4001 852 4068 τῇ
904 3997 1066 4068 πενίᾳ
1117 3997 1496 4068 μαχομένους·
1546 3996 1656 4050 ίσθι
1706 3998 1790 4052 ὃτι

201 4091 344 4159 ὅπερ
372 4089 613 4153 ἐκείνους
652 4089 791 4159 ἡγῇ,
820 4087 964 4142 τοῦτ’
1014 4088 1175 4151 αὐτὸς
1221 4089 1356 4158 πρὸς
1403 4089 1645 4152 ἐκείνους
1700 4089 1792 4153 ἐξ·

201 4176 531 4249 ιταςόμενος
580 4179 838 4248 πάσχεις·
872 4180 920 4231 εί
966 4177 1021 4230 δὲ
1051 4178 1148 4231 οὐκ
1175 4178 1438 4251 αίσθάνῃ,
1477 4177 1790 4248 θαυμαστὸν

204 4268 380 4325 οὐδέν.
424 4268 574 4322 Ἐπεὶ
603 4271 697 4323 καὶ
723 4270 773 4322 oi
801 4269 966 4339 μανίᾳ
988 4267 1310 4334 λυττῶντες,
1332 4269 1566 4339 δρῶντες
1593 4268 1628 4322 ἃ
1650 4269 1789 4338 δρῶο

207 4375 297 4412 σιν
317 4398 332 4423 ,
364 4357 588 4420 ἑαυτοὺς
622 4357 722 4428 μὲν
753 4357 1118 4428 μακαρίζουσι
1143 4372 1155 4386 ο
1189 4357 1298 4412 τῶν
1324 4357 1380 4410 δὲ
1409 4357 1578 4422 όντως
1609 4358 1789 4426 ὑγιαι-

204 4449 407 4505 νόντων
439 4448 831 4518 καταγελῶσιν.

679 4643 784 4697 Υιι.
819 4673 890 4685 -
918 4643 1304 4716 ΔΙΜΙΛΙΑΝῼ.

1959 3815 2016 3870 Si
2045 3832 2168 3869 rum
2196 3815 2415 3871 cmuere
2441 3817 2658 3887 iniquas
2694 3817 2937 3884 divitias,
2975 3836 3068 3875 seu
3105 3838 3480 3882 mammonam

1890 3906 2223 3975 iniquitatis,
2279 3908 2622 3971 consideres,
2675 3910 2896 3964 divitem
2963 3914 3194 3982 teipsum
3254 3919 3481 3984 dixeris,

1889 4011 1953 4050 ac
1985 3996 2238 4065 perfecta:
2270 4010 2529 4054 vacantes
2559 4000 2706 4063 vitae,
2744 4001 2909 4072 682
2944 4005 3098 4072 quasi
3138 4009 3362 4063 moleste
3391 4012 3470 4065 'ad

1892 4086 2094 4141 bestias
2118 4087 2514 4156 depugnantes,
2533 4103 2653 4142 cum
2681 4105 3024 4160 paupertate,
3048 4095 3276 4151 miseros
3299 4102 3484 4168 appel-

1899 4176 2136 4230 laveris:
2169 4177 2309 4230 scito
2343 4177 2534 4246 quales
2567 4179 2688 4234 illos
2727 4182 2984 4247 mstimes,
3015 4185 3158 4238 idem
3207 4188 3270 4240 de
3316 4197 3365 4240 te
3401 4191 3483 4242 iu-

1897 4277 2197 4338 terrogatos
2225 4268 2542 4345 sentire._ld
2608 4286 2735 4325 vero
2779 4273 2823 4327 si
2877 4274 3058 4328 minus
3110 4277 3318 4345 capias,
3347 4280 3484 4335 nihil

1891 4358 2222 4424 mirandum,
2255 4341 2473 4430 quando
2502 4373 2555 4416 et
2588 4361 2773 4419 furore
2803 4366 3154 4432 insanientes,
3175 4341 3243 4423 ob
3271 4341 3330 4422 ea
3364 4387 3484 4440 quae

1891 4457 2134 4518 patrant,
2160 4450 2352 4503 beatos
2379 4463 2438 4504 se
2462 4451 2779 4519 Opiniantur
2814 4471 2829 4508 :
2861 4453 3065 4523 quique
3111 4463 3257 4509 recte
3305 4459 3489 4515 valent

1894 4541 2221 4612 sapiuntque
2249 4555 2343 4596 eos
2370 4541 2619 4596 irrident.

2359 4647 2518 4703 CDX.
2538 4679 2608 4688 —
2637 4647 3019 4710 EMILIANO.

951 4740 1027 4794 De
1061 4741 1241 4810 gloria:
1281 4741 1455 4795 studio
1501 4741 1685 4812 (Sttpr.
1724 4747 1876 4812 epist.
1912 4742 2038 4808 556,
2078 4741 2342 4808 557,’558
2380 4754 2431 4798 et
2472 4744 2573 4798 hac
2606 4754 2736 4817 seq.)

281 4850 381 4904 Διὰ
430 4850 589 4904 τοῦτο
628 4850 885 4905 δύσκολόν
936 4853 1108 4918 ἐστιν,
1149 4851 1226 4914 ὡς
1274 4852 1451 4918 ἔοικε,
1506 4854 1791 4924 διαφυγεῖν

201 4943 300 4998 τὸν
345 4941 446 5014 τῆς
507 4942 811 5013 φιλοδοξίας
871 4943 1162 5014 λογισμόνο
1214 4945 1515 5018 ἐπειδήπερ
1570 4947 1598 5000 ὃ
1647 4950 1794 5004 ποιεῖ

199 5051 291 5098 τις
334 5035 412 5099 είς
462 5033 781 5109 καθαίρεσιν
814 5034 979 5089 αὑτοῦ
999 5077 1014 5101 ,
1059 5035 1217 5089 τοῦτο
1246 5036 1389 5109 ἀρχὴ
1415 5039 1608 5109 ἑτέρας
1638 5041 1790 5110 φιλο-

200 5129 386 5195 δοξίας
411 5131 745 5202 εὑρίσκεται.
771 5132 910 5195 Τοὺς
946 5133 1043 5203 μὲν
1069 5127 1162 5186 οὖν
1194 5134 1436 5204 ἐρήμους
1466 5133 1627 5198 ὄντας
1654 5135 1790 5201 ἀγα-

203 5221 318 5276 θῶν
347 5221 597 5293 πράξεων
619 5265 634 5289 ,
675 5223 994 5287 δοξάζεσθαι
1029 5223 1084 5276 δὲ
1123 5223 1426 5289 ποθοῦντας
1451 5265 1466 5290 ,
1503 5225 1577 5288 ὼς
1603 5226 1788 5279 δυσιά-

199 5329 333 5375 τους
361 5314 790 5383 μεταδιδακτέον,
815 5314 1092 5382 λέγοντας,
1122 5317 1204 5370 ὅτι
1237 5315 1540 5386 Ἀσκήσατε
1563 5317 1784 5389 ἀρετὴν,

202 5405 304 5461 καὶ
346 5405 467 5458 τότε
514 5406 729 5476 ζητεῖτε
759 5406 934 5472 δόξαν.
973 5408 1111 5471 Τοὺς
1145 5408 1200 5461 δὲ
1253 5408 1489 5479 πράξεσι
1524 5426 1788 5476 σεμνυνο-

208 5497 438 5568 μένους,
465 5497 623 5567 δόξης
647 5497 704 5550 δὲ
751 5498 826 5568 μὴ
867 5499 1346 5570 καταφρονοῦντας
1371 5539 1385 5563 ,
1425 5500 1500 5564 ὡς
1543 5503 1791 5566 εὑῖάτους

204 5589 604 5659 θεραπευτέον,
662 5589 942 5656 λέγοντας,
999 5591 1081 5643 ὅτι
1135 5589 1371 5654 Μείζους
1425 5591 1640 5644 ἔσονται
1695 5594 1789 5646 καὶ

203 5678 588 5750 λαμπρότεραι
613 5679 670 5732 αἱ
714 5679 942 5749 πράξεις
963 5719 976 5743 ,
1009 5682 1137 5734 ὅταν
1175 5681 1268 5734 καὶ
1296 5681 1394 5750 τῆς
1424 5679 1582 5752 δόξης
1620 5700 1787 5737 κατα-

207 5765 547 5838 φρονήσητε,
581 5767 680 5837 τῆς
711 5767 804 5821 καὶ
843 5769 1029 5821 πεσεῖν
1067 5769 1494 5840 αίσχυνομένης,
1527 5770 1622 5824 καὶ
1659 5774 1786 5844 στῆ-

1968 4855 2181 4913 Idcirco
2207 4855 2423 4912 dillicile
2470 4868 2573 4922 est,
2610 4866 2664 4912 ut
2721 4869 2967 4928 apparet,
3004 4859 3241 4931 emtgere
3301 4868 3487 4936 gloria

1895 4950 2156 5012 studium,
2189 4951 2334 5018 quod
2367 4951 2627 5019 quidquid
2683 4953 2807 5020 quis
2853 4953 2919 5008 ad
2976 4970 3096 5009 eam
3159 4959 3483 5017 abolendam

1896 5044 2027 5113 agit,
2060 5043 2161 5098 hoc
2211 5043 2539 5112 principium
2578 5059 2698 5098 esse
2756 5045 2984 5100 alterius
3046 5047 3230 5118 gloria:
3262 5068 3484 5122 compe-

1896 5134 2090 5188 riatur.
2128 5133 2230 5200 Qui
2263 5134 2427 5202 igitur
2465 5149 2495 5188 a
2525 5135 2679 5190 bonis
2705 5136 2860 5190 vacui
2890 5149 3018 5192 sunt
3041 5142 3324 5209 Operibus,
3358 5144 3476 5198 lau-

1896 5226 2179 5298 dari‘xvero
2206 5238 2485 5296 expetunt,
2513 5236 2570 5280 ut
2606 5230 2696 5296 qui
2739 5244 2882 5299 πει-ε
2917 5233 3096 5286 curari
3125 5246 3348 5302 queant,
3387 5239 3482 5292 do-

1896 5317 2051 5372 cendi
2091 5327 2219 5372 sunt
2246 5318 2522 5373 dicendo:
2561 5319 2812 5374 virtutem
2871 5332 3160 5388 exercete;
3193 5335 3320 5380 tunc
3365 5331 3483 5398 glo-

1899 5410 2032 5462 riam
2067 5411 2319 5478 quzerite.
2353 5409 2453 5477 Qui
2476 5424 2602 5465 vero
2645 5421 2839 5480 gerunt
2866 5427 2953 5466 res
3000 5414 3260 5482 prteelare
3284 5431 3481 5487 agunt-

1893 5512 1999 5567 que
2026 5497 2279 5560 i‘eliciter,
2301 5499 2526 5567 gloriam
2584 5499 2938 5556 nihilominus
2970 5515 3254 5573 exoptant,
3291 5519 3480 5577 utpote

1891 5589 1984 5660 qui
2032 5592 2212 5645 curari
2240 5591 2398 5646 facile
2462 5601 2686 5660 queant,
2724 5593 2989 5648 medicina
3050 5595 3116 5650 iis
3171 5599 3478 5655 adhibenda

1889 5691 1972 5736 cst
2001 5681 2266 5736 dicendo:
2299 5682 2539 5752 majores
2571 5683 2688 5738 fore
2721 5683 3158 5757 illustrioresque
3202 5705 3287 5744 res
3311 5692 3478 5747 etiam

1889 5779 2070 5842 gestas
2089 5785 2211 5827 cum
2246 5774 2687 5843 contempseritis
2729 5774 2978 5844 gloriam.
3007 5793 3127 5847 qua:
3158 5791 3207 5834 et
3238 5779 3344 5836 labi
3381 5796 3476 5837 ve-
