4122 6444
705 403 804 467 157

1899 393 1958 454 S.
2003 389 2291 452 ISIDORI
2333 384 2771 449 PELUSIOTJE

3736 102 3741 105 -
3820 100 3873 111 λιιι-Ὗ
3892 100 3939 113 νῆα

3842 124 3897 157 at

3812 374 3955 447 ιδτε

700 521 871 575 retur,
898 518 953 564 et
975 508 1082 578 jam
1112 504 1406 562 subsistere
1445 518 1549 558 non
1583 509 1779 570 potest,
1810 500 1906 555 sed
1949 500 2003 554 in
2036 498 2259 553 nihilum

2369 514 2453 549 ναι
2485 495 2561 566 μὴ
2588 492 2915 564 δυναμένης,
2949 490 3062 546 ἀλλ’
3093 490 3173 556 είς
3191 488 3255 546 τδ
3280 488 3444 562 μήτδν
3470 491 3720 564 χωρῆσαι
3749 489 3947 563 ῥᾳδίως

700 602 860 657 facile
882 600 1145 655 concidet.
1176 595 1410 666 quuam
1440 596 1728 665 quamdam
1755 593 1988 664 gloriam
2013 592 2260 661 quierite,

699 693 795 748 sed
822 692 1054 757 nondum
1093 688 1194 755 ipsi
1218 696 1430 755 tempus
1454 684 1731 754 quaerendi
1762 680 2130 738 commodum.
2164 676 2267 731 Ve-

700 782 813 835 niet
862 764 1011 843 dies,
1037 791 1185 839 cum,
1228 784 1287 829 ut
1345 775 1448 838 sol,
1484 773 1751 829 clarescet
1782 790 1795 826 :
1824 782 1876 827 at
1914 771 2004 840 qui
2063 768 2273 822 laudem

698 884 911 923 omnem
937 866 1328 921 contemnendo
1350 874 1629 935 superant,
1661 864 1714 919 hi
1752 873 1810 917 ut
1862 859 2087 932 perfecti
2149 864 2275 913 sunt

697 957 1047 1029 prmdicandi.

1216 1061 1399 1117 CDXI.
1419 1091 1490 1102 —
1519 1059 1746 1115 EIDEM.

2370 587 2760 657 ἐπισταμένης.
2793 585 2865 637 Τὸ
2889 584 3036 646 είκδς
3067 582 3165 651 μὲν
3192 581 3302 652 γάρ
3326 580 3539 652 ζητεῖτε
3561 620 3577 642 .
3604 579 3720 636 ἀλλ’
3738 580 3950 636 eitum

2372 678 2547 747 τούτῳ
2580 677 2792 747 καιρός.
2830 674 2986 740 Ἥξει
3018 673 3211 744 χρόνος
3245 674 3334 728 ὅτε
3379 672 3622 743 λάμψετε
3653 670 3730 737 ὡς
3760 670 3947 743 ἥλιος·

2371 770 2498 830 τοὺς
2534 766 2589 819 δὲ
2640 768 2739 836 τῆς
2770 765 2879 817 τῶν
2909 763 3213 835 ἀνθρώπων
3254 762 3612 836 ὑψηλοτέρους
3643 761 3826 835 δόξης,
3874 762 3951 826 ὡς

2372 856 2693 927 φιλοσόφους
2717 854 3079 926 ἀναρῤητέον.

2854 1056 3004 1112 ΥΙΑ⁹.
3039 1087 3107 1100 —
3141 1059 3228 1130 Ἰᾨ
3265 1058 3467 1130 ΔΥΤῼ.

1081 1153 1307 1208 Rursum
1338 1156 1401 1207 de
1430 1154 1619 1223 gloria.
1652 1153 1807 1219 Quod
1836 1154 2113 1208 discrimen
2165 1151 2264 1219 φιλι

2369 1151 2469 1217 Eia;
2506 1151 2601 1206 καὶ
2635 1150 2959 1219 κενοδοξίας.
2992 1150 3228 1223 (Confer.
3261 1154 3409 1222 epist.
3437 1150 3585 1221 337.)

772 1265 1018 1320 Divinius
1043 1265 1315 1335 quidpiam
1335 1274 1417 1319 est
1445 1273 1593 1318 recte
1619 1274 1864 1331 agentem
1898 1279 2002 1319 non
2035 1275 2277 1332 quarere

2454 1261 2732 1333 Θειότερον
2764 1260 2861 1331 μὲν
2905 1261 2967 1313 τὸ
2999 1261 3308 1332 πράττοντά
3354 1278 3407 1315 τι
3446 1262 3709 1332 χρηστὸν,
3746 1260 3820 1333 μή
3858 1262 3953 1330 ζη-

696 1359 921 1427 gluriam
948 1358 1015 1408 ab
1050 1354 1376 1417 hominibus,
1406 1356 1453 1410 si
1508 1369 1635 1407 vero
1675 1352 1819 1409 recte
1860 1367 2025 1423 agens
2057 1359 2264 1421 quaerat

2369 1355 2481 1406 τεϊν
2529 1351 2627 1423 τὴν
2674 1352 2733 1418 ὲξ
2773 1351 3076 1423 ἀνθρώπων
3121 1352 3311 1417 δόξαν·
3351 1354 3400 1404 εἱ
3441 1352 3499 1407 δὲ
3552 1352 3809 1422 πράττων
3868 1369 3951 1417 τις

696 1448 933 1510 laudem,
971 1446 1063 1500 ille
1088 1445 1369 1513 φιλόδοξος
1396 1446 1597 1509 laudis,
1632 1459 1734 1498 non
1759 1444 1934 1499 inanis
1958 1444 2143 1515 gloria:
2172 1459 2264 1496 cu-

2369 1444 2579 1515 ζητοίη,
2612 1444 2943 1513 φιλόδοξος
2986 1448 3013 1498 ὁ
3044 1446 3287 1509 τοιοῦτός
3316 1449 3484 1509 ἐστιν,
3514 1448 3572 1499 οὐ
3603 1445 3950 1511 κενόδοξος.

694 1538 849 1607 pidus
887 1548 970 1592 est
1006 1538 1293 1591 dicendus.
1330 1538 1400 1591 At
1436 1540 1525 1606 qui
1564 1537 1718 1590 bonis
1754 1544 1939 1607 careat
1989 1534 2266 1605 operibus,

698 1627 923 1697 gloriam
955 1636 1134 1681 tamen
1171 1626 1273 1680 sibi
1310 1643 1413 1681 non
1456 1627 1692 1681 debitam
1726 1626 2101 1695 investigando
2130 1639 2266 1679 con-

2381 1534 2437 1585 ὐ
2473 1533 2582 1601 γὰρ
2626 1533 2781 1596 κενὸς
2819 1532 2895 1586 ὢν
2930 1534 3180 1602 πράξεων
3212 1533 3454 1601 ἀγαθῶν,
3487 1533 3644 1598 δόξαν
3672 1532 3730 1587 δὲ
3774 1533 3952 1601 ζητῶν

2371 1623 2445 1694 μὴ
2505 1624 2924 1695 προσήκουσαν,
2972 1623 3296 1689 κενόδοξός
3347 1625 3553 1688 ἐστιν,
3608 1623 3694 1691 ἐφ’
3740 1616 3819 1685 οἷς
3876 1623 3950 1693 μὴ

698 1729 955 1782 sectetur,
989 1717 1079 1771 hic
1106 1717 1614 1781 κενόδοξος..ἱηαηίι
1660 1729 1734 1770 est
1765 1718 1949 1787 gloria:
1978 1718 2264 1781 studiosus,

2374 1714 2587 1785 πράττη
2636 1713 3052 1782 σεμνυνόμενος,
3102 1713 3198 1766 καὶ
3224 1713 3490 1784 ἀλλοτρίῳ
3541 1711 3817 1783 προσώπῳ
3864 1714 3953 1765 ἐν·

697 1809 822 1877 quia
851 1823 1017 1876 grave
1039 1809 1172 1862 nihil
1202 1810 1391 1877 gessit,
1423 1818 1477 1863 et
1531 1822 1761 1877 persona
1818 1808 2038 1861 indutus
2094 1807 2264 1861 aliena

2378 1804 2767 1885 a§puv6psvoc.
2796 1803 2870 1855 Οὐ
2896 1801 3134 1873 γὰρ’τὴν
3159 1803 3314 1867 δόξαν
3349 1804 3510 1875 κενὴν
3549 1803 3711 1873 μόνον
3743 1803 3851 1874 χρὴ
3877 1819 3955 1856 νο·

695 1915 755 1954 se
785 1900 1024 1953 venditat
1061 1909 1223 1967 atque
1258 1909 1515 1953 ostentat.
1551 1898 1734 1967 Neque
1780 1899 1922 1952 enim
1958 1898 2130 1968 gloria
2155 1897 2270 1952 sola

694 1988 877 2042 inanis
909 1997 991 2041 est
1016 1986 1306 2054 iudicanda
1347 1987 1425 2057 (si
1454 1988 1505 2040 id
1542 1988 1685 2041 enim
1740 1988 2275 2051 concedatur,etiam

695 2078 873 2131 laudis
906 2078 1153 2146 cupidus,
1177 2078 1355 2132 inanis
1382 2088 1528 2132 esset
1549 2078 1734 2147 gloria:
1778 2077 2051 2131 studiosus
2091 2077 2277 2146 appel-

2384 1893 2558 1965 μίζειν
2614 1893 2693 1964 (εί
2724 1894 2832 1963 γὰρ
2861 1894 3019 1947 τοῦτο
3045 1894 3221 1965 δοθείη
3255 1897 3348 1947 καὶ
3371 1898 3399 1948 δ
3444 1895 3715 1964 φιλόδοξος
3747 1894 3954 1947 κενόδο-

2386 1983 2471 2050 ξος
2506 1984 2729 2047 εἰκότως
2764 1983 2829 2036 ἂν
2861 1983 3156 2055 κληθείη),
3189 1984 3303 2038 ἀλλ’
3340 1988 3389 2038 εί
3416 1986 3815 2055 κυριολεκτοῖτο
3840 1983 3954 2037 τοῦ·

2380 2093 2543 2147 νομα,
2577 2078 2604 2129 ὁ
2628 2076 2783 2137 κενὸς
2814 2074 2890 2128 ὢν
2919 2075 3095 2146 ἔργων
3125 2075 3396 2147 χρηστῶν,
3429 2076 3870 2147 ἀντιποιούμενος
3896 2074 3951 2127 δι

695 2170 937 2233 landusl,
968 2170 1059 2223 sed
1090 2179 1141 2222 et
1170 2171 1395 2238 proprio
1417 2170 1715 2238 appelletur
1742 2167 2093 2235 nomine,qui
2119 2167 2264 2222 bonis

2376 2165 2552 2236 δόξης,
2585 2162 2861 2230 κενόδοξος
2890 2163 2956 2217 ἂν
2988 2164 3212 2227 δικαίως
3244 2164 3479 2220 καλοῖτο.

695 2260 767 2313 sit
799 2274 1003 2314 vacuus
1034 2261 1309 2330 operibus,
1345 2260 1550 2330 ﬁngens
1574 2273 1705 2314 vero
1750 2257 2003 2328 gloriam,
2030 2257 2122 2313 hic
2157 2272 2273 2314 me-

696 2351 801 2405 rito
832 2350 1110 2414 κενόδοξος
1144 2351 1463 2419 appelletur.

723 2458 1391 2516 CDXli.——PROSECHIU
1430 2458 1927 2527 SCHOLASTICO,
1963 2458 2243 2517 MEDICO.

2488 2456 2634 2511 rte.
2667 2485 2736 2495 —
2774 2455 3114 2527 ΠΡΟΣΕΧΙῼ
3147 2456 3577 2529 ΣΧΟΛΑΣΤΙΚῼ
3612 2457 3832 2529 ιΑτΡᾳ.

1767 2578 1947 2633 Animi
1980 2576 2399 2649 perturbationes
2429 2592 2493 2631 ea:
2521 2578 2695 2629 animo
2730 2575 2881 2627 oriri.

769 2683 908 2749 Non,
937 2699 968 2737 ο
995 2682 1135 2738 bone
1167 2684 1269 2743 vir.
1303 2695 1357 2737 ut
1390 2684 1443 2738 in
1498 2685 1688 2757 pelago
1743 2697 1941 2755 prater
1999 2684 2274 2741 ferocien-

697 2774 828 2831 tium
862 2786 1145 2831 ventorum
1174 2775 1450 2830 incursum
1484 2777 1774 2847 contingit,
1799 2777 1878 2832 sic
1925 2786 1979 2832 et
2004 2778 2057 2831 in
2090 2776 2271 2831 anima

693 2868 910 2929 accidit,
944 2868 1035 2920 sed
1063 2867 1150 2921 hic
1186 2867 1463 2919 hominum
1498 2870 1765 2938 contingit
1795 2869 1953 2936 culpa
2000 2883 2065 2922 ac
2098 2868 2271 2937 negli-

2449 2686 2561 2756 Οὒχ
2612 2683 2798 2754 ὥσπερ
2846 2685 2903 2738 ὲν
2956 2682 3205 2749 πελάγει,
3233 2675 3278 2733 ὼ
3324 2680 3472 2748 σοφὲ,
3519 2677 3673 2747 παρὰ
3714 2678 3811 2749 τὴν
3838 2678 3943 2733 τῶν

2377 2774 2582 2845 ἀγρίων
2613 2773 2829 2841 ἀνέμων
2861 2769 3098 2841 ἐμϐολὴν
3129 2769 3355 2837 γίνεται,
3390 2766 3531 2820 οὕτω
3561 2769 3653 2820 καὶ
3679 2770 3738 2820 ὲν
3776 2764 3941 2838 ψυχῇ,

2380 2866 2514 2920 ἀλλὰ
2548 2865 2700 2935 παρά
2736 2864 2834 2934 τὴν
2869 2862 3038 2932 αὐτῆς
3079 2860 3367 2931 ρᾳθυμίαν.
3410 2860 3507 2913 Ἂν
3544 2860 3653 2929 γὰρ
3686 2860 3763 2930 μὴ
3806 2859 3941 2929 αὑτὴ

695 2957 896 3027 gentia.
938 2954 994 3010 Si
1048 2957 1191 3011 enim
1241 2956 1508 3011 “animiam
1574 2972 1678 3011 non
1730 2959 2012 3025 accendat,
2062 2958 2264 3027 nisiqut

2378 2959 2559 3028 άνάψῃ
2589 2958 2687 3027 τὴν
2718 2955 2913 3025 φλόγα,
2941 2954 3007 3007 ἂν
3044 2955 3117 3023 μὴ
3144 2952 3348 3024 τροφὴν
3385 2951 3459 3021 δῷ
3482 2951 3558 3020 τῷ
3590 2950 3742 3021 πυρὶ,
3770 2950 3837 3005 ἂν
3869 2950 3940 3021 μὴ

694 3051 804 3120 igni
868 3050 1152 3104 materiam
1211 3051 1465 3119 praebeat,
1505 3050 1605 3103 nisi
1666 3050 1962 3105 formarum
2017 3051 2269 3106 curiosus

693 3141 918 3195 exsistat
941 3149 1235 3207 spectator,
1264 3140 1362 3193 nisi
1388 3141 1619 3193 alienam
1677 3140 1927 3195 sollicitet
1961 3140 2269 3209 pulchritu-

694 3231 898 3298 dinem,
921 3230 1022 3283 nisi
1060 3230 1219 3284 adeat
1254 3230 1587 3298 spectacula,
1616 3229 1703 3284 ubi
1741 3230 2083 3298 voluptatum
2139 3229 2264 3298 plu-

695 3321 830 3374 rima
896 3328 1025 3374 sunt
1073 3319 1126 3373 in
1174 3320 1397 3374 theatris
1456 3320 1834 3385 invitamenta,
1876 3320 1979 3374 nisi
2031 3320 2269 3390 denique

694 3410 907 3467 deliciis
930 3425 1145 3465 carnem
1170 3411 1402 3479 saginet,
1428 3412 1530 3466 nisi
1574 3411 1905 3467 intellectum
1939 3411 2091 3466 velut
2112 3414 2263 3466 auri-

694 3515 815 3570 gam
849 3500 972 3553 vino
996 3499 1328 3566 deposuerit,
1365 3514 1461 3553 seu
1517 3501 1861 3560 demerserit.
1888 3500 2105 3554 ﬂamma
2138 3515 2271 3556 sane

692 3603 798 3644 non
832 3586 1066 3649 tolletur,
1102 3587 1266 3658 683
1294 3602 1421 3657 pyra
1462 3603 1566 3642 non
1596 3590 1833 3656 ardebit,
1865 3589 1975 3643 fera
2000 3589 2257 3644 vitiorum

691 3676 973 3733 molestior
1000 3691 1104 3731 non
1169 3679 1382 3742 evadet,
1428 3692 1531 3731 non
1597 3680 1830 3748 denique
1880 3677 2266 3749 perfringatur,

691 3769 842 3823 velut
880 3768 1082 3838 ingenti
1124 3770 1398 3823 turbinum
1428 3770 1650 3837 impetu,
1682 3771 1902 3825 mentis.
1924 3770 2157 3840 puritas,

716 3874 1297 3944 CDXlIl.-—ZOblM0,
1334 3874 1785 3942 CIIASREMONI,
1820 3876 1908 3931 ET
1947 3874 2232 3931 MARONI.

2367 3050 2465 3111 τὰς
2490 3047 2799 3117 εὐμόρφους
2837 3044 2986 3113 ὄψεις
3013 3042 3464 3113 πολυπραγμονῇ,
3502 3042 3567 3095 ἂν
3597 3042 3669 3110 μὴ
3694 3042 3762 3094 τὰ
3792 3042 3943 3094 ἀλλό-

2366 3154 2493 3208 τρια
2528 3136 2698 3204 κάλλη
2742 3132 3204 3204 περιεργάζηται,
3239 3132 3304 3185 ἂν
3342 3131 3417 3202 μὴ
3454 3133 3530 3195 είς
3567 3130 3769 3201 θέατρα
3813 3130 3941 3184 ἔνθα

2366 3228 2473 3281 τῶν
2496 3225 2700 3297 ἡδονῶν
2719 3228 2773 3278 αἱ
2810 3223 3031 3293 νιφάδες
3054 3222 3341 3295 ἀναϐαίνῃ,
3360 3221 3426 3281 ἀν
3452 3222 3526 3293 μὴ
3552 3222 3743 3293 πιαίνῃ
3764 3224 3937 3292 τρυᾳῇ

2366 3316 2464 3386 τὴν
2497 3316 2692 3385 σάρκα.
2726 3313 2793 3367 ἂν
2830 3318 2904 3383 μη
2946 3311 3317 3384 καταποντίζῃ
3350 3313 3475 3381 οἴνῳ
3507 3311 3597 3364 τὸν
3628 3310 3941 3381 ἡνιοχοῦντα

2369 3406 2661 3476 λογισμὸν,
2707 3406 2807 3459 οὐκ
2854 3405 3067 3475 αἴρεται
3115 3405 3147 3472 ή
3211 3403 3373 3471 φλὸξ,
3421 3403 3520 3455 οὐκ
3561 3402 3859 3455 ἀνάπτεται
3906 3403 3937 3470 ii

2370 3498 2539 3568 πυρὰ.
2595 3496 2655 3551 οὑ
2710 3495 2917 3564 γίνεται
2965 3493 3378 3564 ἀργαλεώτερον
3407 3492 3466 3545 τὸ
3493 3490 3700 3561 θηρίον,
3733 3491 3793 3544 σὺ
3827 3490 3939 3544 δια-

2368 3589 2630 3640 κόπτεται
2686 3585 2939 3655 καθάπερ
2983 3583 3088 3638 ὑπὸ
3140 3584 3462 3655 πνευμάτων
3521 3583 3788 3653 ραγδαίων
3843 3582 3939 3651 τῆς

2365 3677 2603 3739 διανοίας
2629 3677 2661 3745 ή
2690 3673 3018 3745 καθαρότης.

2471 3875 2615 3929 ΥΙΡ.
2657 3904 2725 3915 ——
2760 3875 3038 3945 ΖΩΣΙΜῼ,
3079 3873 3504 3940 ΧΔΙΡΙΙΜΟΝῙ,
3547 3870 3831 3928 ΜΑΡΩΝΙ.

1312 3979 1388 4034 De
1417 3983 1522 4035 vini
1552 3997 1647 4035 usu
1675 3982 2023 4049 disputatum.
2058 3981 2347 4037 Ebrietatis
2377 3982 2539 4037 mala.
2567 3981 2802 4051 (Confer.
2840 3982 2995 4050 epist.
3025 3980 3096 4035 45
3121 3993 3167 4034 et
3200 3982 3311 4045 75.)

764 4085 1133 4153 Vitis,Gra‘ce
1187 4086 1405 4157 ήμερίς,
1458 4087 1599 4141 mitts
1642 4090 1816 4152 dicta,
1874 4091 2014 4157 quod
2072 4090 2256 4143 viuum

689 4180 936 4235 mitiores
964 4193 1086 4241 nos,
1116 4179 1162 4233 si
1191 4179 1420 4248 tempori
1453 4195 1516 4234 ac
1540 4182 1815 4236 moderate
1842 4193 2110 4248 sumatur,
2141 4182 2263 4237 red-

2443 4090 2724 4160 Ἀμπελος
2778 4088 2986 4157 ἡμερὶς
3045 4088 3307 4156 λέγεται,
3365 4089 3511 4159 παρά
3560 4089 3621 4143 τὸ
3698 4090 3929 4163 ἡμεροῦν

2366 4183 2513 4252 ἡμᾶς
2528 4179 2640 4251 (Si)
2658 4180 2748 4233 τὸν
2762 4174 2924 4244 οἶνον,
2946 4179 3173 4250 καιρίως
3192 4181 3285 4232 καὶ
3304 4180 3537 4251 μετρίως
3553 4182 3925 4252 προσφερόμε-

690 4270 803 4324 dat.
828 4269 1012 4326 Fidem
1047 4270 1191 4323 enim
1255 4283 1607 4341 amoremque
1662 4281 1905 4347 mutuum
1955 4274 2260 4328 hominibus

2369 4289 2470 4325 νον·
2512 4269 2696 4323 πίστιν
2726 4286 2786 4321 τε
2811 4269 2919 4339 γὰρ
2965 4268 3267 4340 ἀνθρώποις
3294 4271 3389 4323 καὶ
3424 4269 3604 4337 φιλίαν
3649 4272 3926 4343 ὁμηρεύει,

686 4359 964 4422 conciliat,
1014 4356 1214 4413 laetitia:
1270 4363 1434 4415 etiam
1490 4375 1650 4415 causa
1706 4372 1810 4426 est,
1854 4369 1910 4415 et
1970 4377 2256 4418 maerorem

687 4456 1034 4515 arerruucat,
1078 4449 1345 4519 ignaviam
1400 4453 1664 4520 excitans,
1700 4468 1762 4509 ac
1821 4452 2043 4524 pellens.
2076 4452 2260 4523 Aﬁgris

688 4556 844 4611 opem
872 4541 1034 4596 variis
1072 4541 1126 4595 in
1168 4544 1369 4596 morbis
1397 4541 1647 4607 afferens,
1666 4544 1815 4599 sanis
1847 4559 1975 4600 vero
1995 4543 2259 4599 valetudi-

690 4644 810 4686 nem
846 4640 1023 4685 tuetur
1054 4639 1213 4699 atque
1244 4642 1550 4686 conservat.
1586 4631 1644 4687 Si
1672 4616 1889 4703 .itaque
1931 4634 2054 4703 quis
2085 4633 2215 4688 illud
2242 4650 2257 4688 :

692 4718 765 4773 Ne
791 4718 918 4786 quid
943 4717 1127 4782 nimis,
1157 4727 1211 4772 et
1246 4720 1437 4773 modus
1466 4720 1725 4789 optimus,
1746 4721 2023 4791 negligens
2052 4723 2106 4777 iu
2133 4722 2258 4777 vino

683 4807 1315 4877 dcbacchetur,lnjurias
1371 4810 1691 4876 vindicabit,
1728 4820 1784 4865 et
1825 4821 1987 4881 caput
2038 4814 2254 4882 quidem

688 4909 1034 4967 temporaque
1066 4901 1435 4963 conturbabit,
1469 4902 1631 4955 robur
1690 4905 2007 4974 exagitahil,
2035 4918 2260 4974 corpus-

686 5002 791 5055 que
814 4989 949 5044 adeo
976 4998 1144 5043 totum
1178 4992 1348 5047 solvet
1376 5011 1389 5059 ;
1433 5009 1625 5049 manus
1690 4997 1960 5064 pedesqm
1995 4998 2257 5063 vinciens,

685 5079 894 5147 aliaque
931 5079 1014 5133 bis
1045 5082 1217 5151 magis
1246 5084 1407 5137 etiam
1438 5086 1690 5148 absurda,
1725 5101 1791 5139 ne
1841 5086 1984 5141 dictu
2040 5089 2257 5156 quidem

684 5166 907 5223 honesta
931 5168 1135 5239 aﬂ‘eret,
1168 5182 1330 5242 atque
1355 5173 1542 5229 amicis
1568 5172 1717 5243 juxta
1748 5182 1799 5229 et
1828 5173 2060 5232 inimicis
2094 5178 2260 5232 risum

685 5260 981 5316 exhibebit.

2364 4362 2702 4434 εὐφροσύνης
2732 4378 2793 4414 τε
2832 4362 3003 4422 αἴτιος
3026 4399 3041 4423 ,
3080 4360 3310 4425 πένθους
3343 4360 3806 4432 ἀλεξιφάρμακον,
3838 4362 3927 4418 καὶ

2367 4455 2638 4528 ῥᾳθυμίας
2693 4453 3037 4523 ἀναιρετικὸν
3085 4453 3370 4523 τυγχάνει’
3424 4452 3518 4506 καὶ
3566 4452 3777 4506 νοσοῦσι
3832 4452 3926 4524 μιν

2368 4546 2619 4617 βοήθημα
2650 4544 2856 4599 ἁπλοῦν
2887 4544 3019 4614 (52),
3052 4542 3311 4598 ποικίλων
3338 4561 3399 4597 τε
3429 4543 3615 4597 παθῶν
3640 4543 3923 4598 παιώνιον·

2366 4637 2665 4706 ὑγιαίνουσι
2710 4635 2768 4688 δὲ
2806 4634 3067 4706 ἔρεισμα,
3100 4634 3197 4689 καὶ
3228 4633 3328 4703 τῆς
3365 4632 3572 4702 ὑγιείας
3618 4634 3920 4704 τηρητικόν.

2363 4726 2424 4780 El
2444 4726 2499 4779 δέ
2515 4743 2599 4790 τις
2613 4725 2696 4789 τὸ,
2733 4744 2751 4776 ι
2766 4724 2930 4795 μηδὲν
2949 4724 3141 4794 ἀγαν,›
3164 4723 3258 4777 καὶ
3278 4723 3361 4786 τὸ,
3392 4724 3633 4793 «Μέτρον
3652 4723 3914 4794 ἄριστον..

2361 4816 2634 4885 ἀτιμάσας
2692 4815 3076 4889 παροινήσειεν
3128 4816 3209 4878 είς
3255 4814 3437 4880 αὐτὸν,
3493 4814 3774 4883 ἀμυνεῖται
3830 4822 3920 4883 τὴν

2366 4906 2540 4977 ὓϐριν·
2581 4907 2677 4960 καὶ
2704 4905 2947 4975 κεφαλὴν
2982 4905 3081 4975 μὲν
3111 4905 3203 4957 καὶ
3242 4906 3541 4975 κροτάφους
3578 4904 3919 4972 σφακελίσει,

2363 4997 2461 5066 τὴν
2498 4997 2553 5049 δὲ
2586 4997 2776 5067 ῥώμην
2805 4995 3103 5059 ἀπελάσει,
3140 4995 3233 5049 καὶ
3267 4996 3371 5048 πᾶν
3404 4994 3465 5047 τὸ
3496 4994 3654 5065 σῶμα
3690 4995 3919 5049 ἐκλύσει-

2363 5089 2549 5156 χεῖρας
2572 5086 2627 5140 δὲ
2662 5086 2757 5139 καὶ
2792 5086 2959 5149 πόδας
2991 5085 3156 5156 δήσας
3188 5084 3292 5154 (τὰ
3322 5083 3429 5155 γὰρ
3457 5082 3593 5138 ἄλλα
3621 5084 3691 5141 τά
3726 5085 3918 5138 τούτων

2362 5176 2703 5247 ἀτοπώτερα,
2736 5176 2857 5229 οὐδὲ
2895 5175 3074 5243 λέγειν
3122 5172 3327 5246 καλὸν),
3369 5174 3679 5247 παραδώσει
3705 5175 3798 5231 καὶ
3836 5173 3920 5246 φί-

2362 5267 2473 5331 λοις
2507 5269 2598 5321 καὶ
2627 5267 2840 5339 ἐχθροῖς
2870 5269 2950 5330 εἰς
2984 5266 3213 5336 γέλωτα.

1784 5419 2016 5477 νΔῐῖιᾹί
2056 5420 2436 5480 LECTIONES
2470 5422 2559 5477 ET
2597 5421 2828 5477 NOTAE.

749 5570 859 5649 (ξι)
894 5572 1174 5649 -ξΗμερίς,
1235 5573 1702 5649 ᾅμπελοςηᾴπό
1757 5575 1862 5649 ἰοῦ
1917 5575 2242 5649 ἐξημεροῦν

682 5639 857 5709 ἡμᾶς.
894 5639 1206 5711 Hesychlus,
1242 5639 1509 5699 Homerus
1533 5644 1727 5714 Odyss.
1763 5645 1820 5708 E,
1852 5660 1993 5700 vers.
2019 5639 2142 5699 60'-

796 5731 1013 5801 Ἦμερὶς
1050 5732 1313 5801 ἡϐώωσα,
1359 5735 1595 5802 τεθήλει
1625 5734 1688 5789 δὲ
1722 5734 2092 5805 σταφυλῇσι.

2476 5578 2612 5631 Vitis
2636 5577 2914 5645 pubescens
2938 5579 3156 5646 ﬂorebat
3191 5596 3306 5635 vero
3347 5584 3477 5637 uuis.
3513 5580 3747 5639 Sason.

2439 5668 2551 5738 (δε)
2579 5666 2698 5738 Post
2739 5667 2940 5720 ἁπλοῦν
2967 5670 3137 5738 codd.
3178 5670 3296 5724 Val.
3330 5672 3434 5726 san
3472 5683 3524 5727 et
3562 5676 3673 5731 Αει.
3729 5674 3919 5729 addqu

2368 5736 2464 5807 μὲν
2498 5750 2552 5794 et
2583 5737 2641 5791 τὲ
2670 5747 2791 5792 ante
2830 5737 3016 5791 mox»,
3057 5751 3263 5795 ututuut
3314 5745 3362 5796 in
3393 5743 3469 5797 δέ.
