4122 6438
194 416 328 481 157ἒῖ

658 523 799 578 ria'.
843 556 911 566 —
951 525 1271 594 ΛΕΟΝΤΙῼ.

1072 413 1606 475 EPISTOLARUM
1647 413 1789 473 LIB.
1844 414 1912 474 ν.
1949 437 2019 446 -
2052 412 2287 472 EPIST.
2325 411 2639 472 CDXVIII.

3318 405 3456 476 1574

2330 519 2565 576 CDXIV.
2584 519 2989 578 -LEONTIO.

1090 634 1166 688 De
1193 634 1397 688 virtutis
1426 631 1682 686 utilitate.
1711 631 1948 702 (Confer.
1982 634 2134 703 epist.
2164 632 2268 688 406
2296 644 2343 690 et
2391 634 2541 705 407.)

261 747 324 798 Ἦ
357 745 528 816 ἁρετὴ
582 742 832 798 τοσοῦτον
873 743 1066 813 ἀπέχει
1112 742 1208 796 τοῦ
1243 743 1351 796 ἀπὸ
1375 731 1495 796 Χ’τῶν
1529 741 1761 813 μεταδο-

170 838 284 890 ὶῶν
329 837 680 906 ἐλέγχεσθαι,
707 836 788 888 ὅτι
815 835 912 886 καὶ
939 837 1129 896 αὑταῖς
1157 833 1257 897 τὰς
1289 833 1608 906 πρεπούσας
1638 833 1761 886 ἐπι-

169 928 447 981 ϐάλλουσα
483 927 641 997 ἡνίας
676 925 890 978 εὐθύνει
935 925 1073 995 πρὸς
1110 926 1171 978 τὸ
1221 925 1360 978 δέον.
1403 925 1493 993 Τῷ
1527 925 1626 995 μὲν
1654 925 1763 994 γὰρ

169 1020 393 1088 πλούτῳ
442 1018 505 1070 τὸ
557 1015 902 1085 οἰκονομικὸν
949 1016 1250 1086 συγκιρνᾷ,
1288 1017 1354 1085 τῇ
1411 1014 1468 1067 δὲ
1512 1012 1637 1084 δόξῃ
1665 1014 1765 1084 τὴν

171 1110 528 1179 μετριότητα·
562 1108 657 1160 καὶ
705 1109 772 1176 τῇ
818 1107 916 1174 μὲν
956 1107 1100 1176 ἀρχῇ
1148 1105 1248 1175 τὴν
1279 1105 1536 1172 ἀτυφίαν.
1577 1105 1654 1173 Τῇ
1708 1103 1765 1156 δὲ

173 1198 336 1268 πενίᾳ.
367 1198 476 1268 τὴν
507 1195 776 1267 ἀνδρείαν.
815 1197 878 1248 Et
922 1195 1103 1248 τοίνυν
1141 1193 1235 1247 καὶ
1276 1193 1386 1245 τῶν
1417 1197 1761 1264 πραγμάτων

166 1288 300 1349 τοὺς
353 1285 759 1358 νεωτερισμοὺς
813 1286 968 1355 νικᾷ,
1026 1284 1122 1338 καὶ
1173 1283 1417 1351 ἀοίδιμον
1484 1282 1763 1336 κάνταῦθα

166 1380 287 1449 ἔχει
327 1381 552 1433 κάκεῖσε
600 1378 713 1444 seu
741 1375 804 1430 τὺ
833 1377 990 1440 κλέος
1015 1417 1028 1438 ,
1059 1376 1201 1430 διατί
1232 1376 1308 1446 μὴ
1343 1375 1546 1445 ταύτην
1579 1376 1760 1428 ἀσπα-

167 1469 407 1540 ζόμεθας

483 1662 628 1715 Υιεο.
669 1689 742 1701 -
775 1661 1107 1732 ΔΡΠΟΚΡᾼ
1143 1661 1449 1732 ΣΟΦΙΣΤῌ.

1942 743 2126 798 Virtus
2160 750 2365 798 tantum
2393 744 2548 799 abest
2579 753 2635 797 ut
2666 750 2920 812 tanquam
2965 756 3146 797 rerum
3180 743 3457 801 vicissitu-

1868 832 2010 886 dinis
2031 833 2099 886 sit
2129 847 2290 887 causa
2314 833 2632 900 judicanda,
2662 840 2722 885 ut
2755 832 2884 910 ipsis
2932 832 3096 886 etiam
3122 836 3457 889 convenien-

1870 923 1942 976 tia
1973 923 2257 992 imponens
2291 924 2444 977 frena
2485 923 2685 991 dirigat
2734 924 2800 978 ad
2834 920 3069 976 cilicium
3121 923 3453 981 faciendum.

1870 1013 2035 1067 Diviti
2085 1014 2229 1068 enim
2295 1013 2516 1068 familiae
2579 1014 2824 1083 regenda:
2875 1028 3120 1068 normam
3171 1024 3455 1086 temperat,

1868 1105 2051 1174 gloria:
2080 1105 2297 1158 modum
2330 1106 2635 1172 impooens,
2671 1106 2737 1160 iis
2769 1105 2861 1174 qui
2913 1115 3156 1172 prarsunt
3185 1121 3247 1162 ac
3278 1108 3454 1177 κηδεί-

1870 1195 2062 1249 stratui
2097 1212 2163 1250 ne
2194 1205 2464 1266 turgescat
2496 1193 2669 1262 fastu;
2709 1200 2932 1266 pauperi
2957 1213 3084 1252 vero
3115 1200 3264 1252 addit
3297 1198 3456 1253 forti-

1872 1283 2132 1338 tudinem.
2164 1284 2344 1350 Quare
2369 1285 2412 1340 si
2461 1299 2642 1338 rerum
2695 1301 2954 1340 novarum
3005 1289 3246 1342 studium
3295 1302 3457 1357 supe-

1864 1385 1966 1439 rat,
1996 1384 2158 1443 atque
2190 1377 2241 1430 in
2275 1377 2376 1430 hac
2425 1378 2692 1432 celebrem
2734 1380 2918 1441 habet,
2955 1380 3006 1433 in
3037 1381 3318 1450 alteraque
3344 1382 3452 1436 vita

1859 1465 2088 1532 gloriam
2118 1476 2507 1538 consequetur,
2543 1469 2734 1537 quidni
2767 1471 2910 1526 hanc
2939 1471 3103 1540 igitur
3151 1473 3454 1540 amplecti-

1859 1558 2022 1612 mur?

2115 1664 2246 1720 (ἶοΧ
2261 1664 2325 1719 ν.
2340 1696 2411 1705 —
2429 1665 2826 1722 HARPOCRAE‘.
2863 1667 3193 1726 RHETORI.

171 1755 444 1810 Hortatur
470 1766 528 1810 ut
558 1757 729 1810 amico
763 1770 990 1819 mortua,
1023 1773 1124 1810 non
1159 1767 1367 1809 mortua
1416 1764 1590 1876 νιῖηηῖ
1611 1766 1970 1878 monumenti},
1999 1759 2337 1879 zeddffmebri
2364 1776 2485 1814 eum
2507 1774 2655 1816 ornet
2694 1764 2953 1819 oratione.
2984 1762 3254 1832 Epitapltii
3305 1765 3454 1833 λόγοι

1486 1841 1551 1879 un
1578 1840 1644 1876 tot
1679 1842 1890 1879 nomine
1940 1844 1990 1879 ta
2033 1844 2093 1879 en
2139 1843 2175 1879 ι.

1486 1840 1644 1894 ιῳιισι
1679 1842 1890 1879 nomine
1923 1840 2175 1881 Ιιαοεηαι.

239 1931 322 1984 Τά
372 1931 470 2002 μὲν
525 1931 619 1984 ἐπὶ
666 1931 786 1994 ταῖς
836 1933 1035 2000 ταφαῖς
1081 1931 1195 1992 τοῖς
1248 1929 1602 1999 ἀφιλοσόφοις
1658 1933 1752 1984 καὶ

1925 1935 2062 1990 Aliis
2110 1937 2462 2005 relinquenda
2497 1950 2619 1993 sunt
2646 1953 2708 1993 ca
2741 1954 2861 2009 quae
2899 1939 3204 2009 sepulchris
3241 1947 3452 2001 rudium

165 2021 555 2090 ἀπειροκάλως
602 2020 835 2075 είωθότα
900 2019 1274 2090 πληροῦσθαι,
1325 2021 1505 2083 ἄλλοις
1551 2023 1756 2076 ἐατέον.

169 2113 242 2164 Σὺ
272 2112 328 2164 δὲ
367 2111 487 2175 ταῖς
519 2111 930 2180 ὲντελεστέραις
970 2110 1267 2180 εὐφημίαις
1313 2112 1629 2180 περίστελλε
1670 2113 1760 2166 τὸν

168 2201 559 2272 μεταστάντα,
604 2201 698 2254 καὶ
735 2202 848 2263 τοῖς
882 2200 1104 2263 ἀσύλοις
1152 2203 1246 2253 καί
1287 2203 1764 2271 πρεπωδεστάτοις

167 2292 450 2359 ἐνταφίοις
484 2280 680 2361 κδσμει
702 2329 718 2356 ,
753 2290 853 2360 τὴν
882 2291 975 2342 τοῦ
1010 2291 1167 2359 λόγου
1199 2291 1540 2361 δωρούμενος
1577 2294 1758 2363 χάριν·

170 2379 262 2433 ῐνα
295 2380 546 2434 κάκεῖνον
573 2382 845 2452 τιμήσῃς,
875 2381 969 2434 καὶ
1000 2381 1128 2443 τοὺς
1157 2380 1277 2449 μεθ’
1311 2382 1459 2452 ἡμᾶς
1487 2383 1564 2444 εἰς
1600 2383 1760 2452 ζῆλον

167 2471 406 2541 ἀγάγῃς.

423 2577 588 2644 ΥΙΤ.
620 2607 692 2618 -
719 2576 911 2649 ΓΕΣΙῼ
958 2579 1518 2650 ΠΟΛΙΤΕΥΟΜΕΝῼ.

1866 2027 2147 2081 hominum
2186 2039 2353 2097 atque
2389 2029 2696 2096 ineptorum
2733 2031 2939 2101 imponi
2996 2035 3195 2089 solent.
3213 2035 3292 2089 Tu
3327 2051 3455 2091 vero

1861 2120 2335 2188 apprecationibus
2358 2135 2691 2191 prosequere
2721 2124 3057 2189 defunctum,
3077 2137 3132 2180 et
3173 2127 3451 2197 sepultura

1862 2225 1890 2263 a
1934 2212 2112 2278 praeda
2139 2211 2364 2267 immuni
2419 2226 2485 2267 ac
2539 2214 2927 2270 decentissima
2974 2231 3203 2282 exorna,
3235 2219 3454 2274 dicendi

1863 2301 2130 2356 adhibens
2160 2303 2413 2372 gratiam,
2449 2314 2508 2357 ut
2548 2312 2602 2358 et
2630 2303 2780 2359 illum
2816 2305 3050 2364 honores
3083 2310 3151 2364 ad
3184 2310 3455 2367 imitatio-

1863 2404 2097 2460 nemque
2122 2401 2372 2462 posteros
2400 2395 2691 2454 accendas.

1954 2591 2190 2649 CDXV’I.
2207 2593 2495 2651 —-GESIO
2542 2596 2750 2656 REMP.
2786 2601 3360 2662 ADMINISTRANTI.

1462 2672 1732 2741 Injurium
1764 2681 2154 2738 remittendam.

242 2778 306 2832 Ei
329 2777 423 2832 καὶ
443 2778 796 2854 νενικημένος
828 2777 918 2846 ὑφ’
947 2770 1021 2831 ὧν
1065 2777 1344 2843 πέπονθας
1370 2819 1384 2845 ,
1416 2779 1575 2835 οΰπω
1606 2784 1761 2854 νικῆ-

169 2887 265 2926 σαι
291 2869 489 2924 σαυτὸν
519 2851 746 2938 ῖσχυσας
775 2870 856 2932 είς
878 2869 936 2922 τὸ
969 2870 1044 2942 μὴ
1077 2870 1408 2940 ἀμύνασθαι,
1440 2872 1579 2926 ἀλλὰ
1606 2851 1761 2942 δίκας

168 2961 477 3029 ἀπαιτῆσαι
533 2962 624 3012 τὸν
684 2960 984 3030 ὑϐρίσαντα
1048 2962 1448 3032 ὀνειροπολεῖς·
1518 2965 1755 3034 μάλιστα

171 3055 276 3126 μὲν
313 3053 592 3124 ἀλλότριον
645 3053 802 3106 τοῦτο
857 3053 1205 3123 Χριπιανοῦ.
1253 3055 1316 3107 Et
1366 3055 1421 3107 δὲ
1468 3057 1547 3127 τῷ
1605 3059 1755 3129 νόμῳ

169 3144 450 3216 ἑπερείδῃ,
480 3144 620 3208 τέως
674 3143 860 3205 ἐνδοςο
917 3143 950 3212 ἢ
1001 3145 1111 3214 γὰρ
1165 3147 1193 3196 ὁ
1240 3146 1430 3213 χρόνος
1483 3163 1542 3198 σε
1599 3146 1760 3219 θεραο

169 3234 365 3289 πεύσει
385 3274 400 3299 ,
424 3236 457 3305 ἢ
486 3237 691 3297 ἐκεῖνος
714 3234 1133 3304 ἀπολογήσεται,
1161 3236 1318 3305 εἴπερ
1343 3238 1578 3307 τοσαύτη
1611 3239 1756 3291 ἐστὶν

171 3330 207 3398 ἡ
237 3329 373 3398 ὀργή
394 3343 408 3355 ·
449 3326 542 3378 καὶ
592 3325 728 3397 μετὰ
756 3323 932 3378 ταῦτα
971 3326 1135 3379 αὐτὸν
1166 3325 1480 3395 ἀμύνασθαι
1510 3326 1717 3398 δυνήσῃ
1738 3369 1753 3394 ,

169 3418 326 3470 οὐδὲν
352 3416 457 3469 ὑπὸ
480 3415 572 3468 τοῦ
603 3415 796 3486 χρόνου
829 3417 907 3477 εἰς
934 3415 994 3468 τὸ
1041 3414 1115 3486 μὴ
1150 3415 1332 3470 δοῦναι
1369 3417 1526 3486 δίκην
1554 3421 1760 3472 ἐκεῖνον

172 3508 726 3580 παραϐλαπτόμενος.
755 3507 868 3561 Καὶ¹
893 3506 1063 3560 ταῦτα
1089 3508 1187 3578 μὲν
1211 3510 1289 3570 εἰς
1317 3509 1591 3561 τοσοῦτον.
1627 3509 1760 3562 Εἰπὲ

171 3602 234 3655 δὲ
274 3601 352 3672 τῷ
386 3599 587 3654 σαυτοῦ
627 3599 766 3670 φίλῳ
787 3614 801 3629 ·
851 3598 1004 3652 Ἐλθὲ
1036 3599 1110 3662 ὡς
1139 3600 1288 3670 ἡμᾶς
1309 3640 1324 3661 ,
1361 3599 1392 3670 ἦ
1433 3599 1760 3670 μεταδώσων

173 3685 253 3746 ὧν
279 3691 446 3762 ῑχεις,
485 3690 518 3760 ἢ
564 3687 802 3760 μεθέξων
843 3681 919 3742 ὧν
945 3690 1045 3743 οὐκ
1074 3689 1236 3760 ἔχεις.
1279 3690 1354 3742 Σὺ
1404 3692 1501 3759 μὲν
1537 3691 1645 3761 γάρ
1674 3707 1761 3743 σο-

173 3780 308 3853 φίαν
361 3779 507 3850 ἔχειν
554 3779 660 3849 φὴς
711 3778 1108 3850 μεγαληγορεῖν
1163 3778 1223 3830 οὐ
1284 3781 1751 3850 παραιτουμένην,

173 3874 338 3944 ἡμεῖς
378 3871 436 3926 δέ
478 3886 658 3941 φαμεν
685 3869 944 3941 ἀλήθειαν
968 3869 1233 3939 ἁπλότητι
1283 3873 1377 3922 καὶ
1423 3870 1560 3923 αἰδοῖ
1606 3888 1765 3924 κεκο-

177 3961 491 4033 σμημένην.
531 3961 602 4014 Ἦ
640 3961 749 4032 γὰρ
778 3960 1082 4029 κρείττοσιν
1123 3958 1395 4030 εὑρεθεῖσι
1423 3962 1760 4015 κατακολου-

175 4053 369 4122 θήσεις
405 4053 671 4120 ἅσμενος,
700 4050 735 4121 ἢ
776 4050 1067 4121 ἐπανήξεις
1109 4051 1293 4104 οἴκαδε
1336 4051 1506 4122 μηδὲν
1549 4051 1761 4124 ζημιω-

175 4140 312 4206 θείς.

423 4247 574 4303 Υ1Ζ’.
619 4277 691 4290 ——-
739 4249 993 4319 ΖΩΣΙΜῼ
1041 4250 1511 4323 ΙΙΡΕΣΒΥΤΕΡῼ.

1938 2793 1994 2847 Si
2018 2804 2242 2864 accepta
2269 2795 2442 2852 victus
2490 2797 2688 2868 injuria
2719 2815 2749 2856 a
2787 2811 2839 2858 te
2885 2806 3181 2876 impetrare
3210 2815 3338 2882 quin
3371 2811 3456 2870 ul-

1863 2885 2075 2939 ciscare
2125 2902 2231 2940 non
2280 2898 2452 2956 potes,
2485 2892 2580 2946 sed
2622 2891 2905 2949 laedentem
2963 2902 3154 2966 punire
3212 2905 3454 2961 animum

1862 2975 2142 3030 induxeris
2189 2989 2364 3044 tuum,
2411 2983 2649 3036 maxime
2683 2983 2734 3038 id
2772 2994 2857 3040 est
2906 3003 2935 3040 a
2981 2988 3294 3048 Christiano
3353 2997 3454 3052 ho-

1861 3068 2006 3122 mine
2037 3068 2298 3123 alienum.
2333 3070 2484 3137 Quod
2509 3073 2552 3126 si
2573 3073 2780 3143 legibus
2810 3078 3028 3135 assidue
3060 3082 3309 3141 decertes
3337 3087 3457 3159 (vel

1857 3157 2002 3212 enim
2038 3167 2250 3228 tempus
2280 3163 2372 3215 tibi
2422 3165 2744 3231 medebitur,
2765 3169 2848 3222 vel
2897 3172 3008 3238 ipse
3042 3188 3102 3228 se
3166 3157 3447 3248 defendet,

1863 3249 1906 3301 si
1940 3256 2085 3302 tanta
2109 3259 2194 3304 est
2229 3250 2344 3322 ira)
2371 3263 2426 3306 et
2465 3265 2652 3321 postea
2700 3257 2887 3314 ulcisci
2943 3265 3174 3331 poteris,
3207 3278 3455 3339 tempore

1864 3340 1964 3438 ipsi
1997 3356 2100 3394 non
2134 3342 2457 3412 opitulante,
2486 3348 2779 3413 quominus
2820 3351 2911 3407 det
2932 3354 3024 3410 tibi
3060 3361 3457 3438 premam

1863 3430 1929 3484 Et
1958 3433 2073 3486 haec
2104 3435 2318 3501 quidem
2364 3438 2648 3495 hactenus.
2679 3440 2774 3494 Dic
2825 3447 3003 3500 amico
3049 3456 3141 3502 tuo
3172 3467 3187 3505 ξ
3224 3430 3452 3509 νυῆίύἆ

1864 3536 1969 3588 me,
2005 3522 2090 3576 vel
2124 3527 2633 3585 communicaturus
2665 3546 2786 3599 quae
2828 3534 3016 3600 babes,
3053 3539 3135 3592 vel
3200 3555 3452 3612 receptu-

1862 3628 1955 3668 rus
1991 3628 2100 3684 quo
2129 3631 2308 3671 cares.
2341 3618 2359 3638 ’
2397 3616 2477 3672 Tu
2533 3621 2841 3689 sapientem
2886 3641 3010 3682 esse
3046 3631 3310 3698 praedicas
3359 3636 3451 3704 qui

1863 3705 2152 3775 magniﬁce
2188 3722 2248 3763 se
2271 3706 2463 3777 jactat,
2503 3725 2603 3765 nec
2639 3715 2852 3767 veniam
2887 3729 3077 3785 poscat
3116 3746 3126 3776 ;
3175 3737 3273 3778 nos
3324 3738 3453 3780 vero

1864 3797 2147 3850 veritatem
2187 3797 2535 3866 simplicitate
2568 3814 2632 3854 ac
2658 3810 2982 3863 verecundia
3038 3812 3290 3866 vestitam
3314 3826 3452 3880 prae-

1865 3886 2129 3941 dicamus.
2148 3889 2254 3942 Aut
2287 3895 2431 3946 enim
2463 3896 2686 3952 meliora
2715 3899 2933 3953 inventa
2967 3914 3200 3970 sequere
3253 3902 3451 3970 libens,

1865 3975 1945 4030 vel
1988 3977 2189 4034 redibis
2215 3979 2433 4037 domum
2478 3993 2624 4039 tuam
2665 3987 2801 4042 nihil
2844 4003 3061 4057 passus.

2075 4243 2334 4302 CDXVII.
2371 4278 2443 4288 —-
2467 4248 2723 4308 ZOSIMO
2749 4254 3234 4319 PRESBYTERO.

898 4340 962 4394 Ut
984 4345 1051 4395 sit
1074 4345 1214 4414 frugi
1243 4346 1508 4409 hortatur,
1531 4354 1642 4398 utet
1663 4345 1832 4399 tribus
1857 4357 2002 4412 sequ.
2029 4340 2183 4410 epist.
2217 4352 2265 4397 et
2299 4343 2423 4410 5H,
2453 4345 2580 4412 με»,
2613 4345 2739 4402 562.

245 4453 314 4509 Εἰ
349 4452 446 4523 μὲν
492 4452 653 4523 μόνος
692 4470 773 4508 σοι
807 4455 834 4509 ὁ
878 4455 977 4525 τῆς
1023 4453 1460 4524 φιλοχρηματίας
1493 4453 1631 4525 ἔρως
1661 4455 1756 4508 καὶ

173 4544 384 4614 ἐπῆλθε
412 4545 504 4598 καὶ
527 4541 806 4611 εἷλεν,ούκ
821 4545 885 4599 ἂν
908 4544 1175 4615 τοσαύτην
1205 4545 1359 4616 παρὰ
1401 4544 1621 4599 πάντων
1658 4546 1760 4599 ὐπ-

172 4633 370 4706 ἐμενες
391 4633 629 4706 γραφήν.
671 4633 887 4703 Ἐπειδὴ
923 4633 979 4686 δὲ
1010 4635 1211 4697 πάντες
1239 4637 1297 4687 ὲν
1334 4637 1436 4698 σοὶ,
1471 4634 1547 4698 ὥς
1576 4653 1759 4704 φασιν,

173 4721 489 4794 ἁχορεύτως
527 4721 888 4792 χορεύσαντες
917 4717 1082 4789 εἷλον,
1115 4722 1341 4793 μείζονά
1370 4739 1430 4775 σε
1471 4725 1650 4791 πάσης
1677 4743 1760 4778 τι·

177 4811 392 4884 μωρίας
422 4812 757 4884 ἁμαρτάνειν
793 4813 1085 4883 ἡγούμενοι
1115 4851 1129 4878 ,
1163 4813 1237 4875 ὠς
1269 4814 1509 4866 ποικίλον
1539 4815 1631 4867 καὶ
1664 4833 1764 4867 πυ-

175 4900 459 4974 λύμορφον
500 4901 687 4972 θηρίον
723 4902 1105 4973 ἐκτρέπονται.
1137 4902 1201 4954 Ei
1237 4903 1414 4956 τοίνυν
1445 4903 1619 4974 βούλει
1661 4904 1760 4975 τὴν

172 4990 432 5061 τοιαύτην
467 4991 873 5063 ἀποτρίψασθαι
927 4992 1167 5058 ἀδοξίαν,
1200 4993 1267 5046 τά
1293 4991 1605 5062 ἀνθρώποις
1633 4995 1757 5064 φιλ-

174 5083 394 5154 αρέτοις
427 5083 707 5154 πρέποντα
729 5084 823 5137 καὶ
845 5083 971 5152 λέγε
998 5084 1092 5136 καὶ¹
1121 5085 1349 5152 πρᾶττε.

425 5189 578 5245 ΥΙΗ’.
609 5220 679 5230 -
708 5190 1006 5262 ΑΥΣΟΝΙῼ
1047 5191 1510 5245 ΚΟΡΡΗΚΤΩΡΙ.

251 5296 496 5366 Ἀγαμαί
531 5313 625 5349 σου
657 5297 716 5349 τὸ
745 5296 905 5365 σοφὸν
940 5296 1195 5367 φρόνημα
1215 5336 1229 5362 ,
1267 5299 1348 5351 ὃτι
1389 5298 1553 5365 ςόϐον
1585 5299 1754 5368 πραό-

174 5405 300 5458 τητι
338 5387 497 5457 μίξας
531 5389 752 5452 οὖδένας
793 5390 974 5458 ἔχεις,
1017 5389 1138 5442 οὔτε
1171 5390 1298 5453 τοὺς
1327 5391 1416 5443 διὰ
1462 5392 1552 5444 τὸν
1593 5391 1756 5459 φόϐον

177 5480 472 5552 μισοῦντας
492 5522 504 5546 ,
543 5479 667 5534 οὕτε
698 5482 825 5544 τοὺς
850 5474 939 5534 siti
975 5481 1074 5551 τὴν
1107 5483 1386 5553 πραότητα
1428 5483 1718 5548 πταίοντας
1738 5503 1750 5516 ·

172 5570 312 5625 άλλά
344 5587 427 5624 σοι
457 5572 557 5643 τὴν
582 5571 873 5626 ἀκόλουθον
901 5572 1099 5641 κρᾶσιν
1131 5573 1488 5628 ἁντιδιδόασιν
1515 5576 1563 5627 οἱ
1593 5575 1756 5646 ἀρχό-

175 5676 351 5730 μενοι,
379 5661 703 5735 σωφροσύνῃ
732 5662 913 5733 φιλίαν
945 5661 1301 5732 συνάψαντες·
1337 5662 1523 5732 ἐπειδὴ
1551 5663 1659 5734 γὰρ
1685 5666 1754 5719 τά

171 5751 425 5806 πλεῖστον
451 5752 542 5806 ἀπ’
567 5751 811 5822 ἀλλήλων
828 5751 1127 5807 διεστῶστα
1151 5752 1440 5823 ὲκέρασας,
1470 5753 1563 5807 καὶ
1593 5753 1746 5808 αὐτοὶ

1940 4448 2053 4505 Nisi
2082 4449 2255 4505 solum
2290 4461 2341 4506 te
2371 4453 2722 4520 pecuniarum
2787 4457 3055 4525 cupiditas
3107 4471 3162 4517 et
3223 4465 3450 4536 cepisset

1865 4548 1920 4595 et
1956 4549 2185 4602 teneret.
2220 4555 2324 4595 non
2363 4543 2498 4597 adeo
2529 4559 2717 4600 omnes
2747 4548 2841 4601 tibi
2891 4549 3065 4604 dicam
3123 4555 3449 4614 scriberent.

1860 4628 1997 4685 Cum
2056 4645 2209 4697 vero,
2239 4641 2298 4685 ut
2359 4631 2562 4698 ferunt,
2605 4649 2798 4692 omnes
2854 4639 3014 4693 simul
3050 4645 3266 4711 agmine
3309 4645 3452 4704 facto

1864 4731 1916 4776 te
1949 4723 2270 4787 invaserint,
2308 4722 2410 4776 rati
2449 4738 2610 4792 supra
2651 4740 2867 4782 omnem
2916 4739 2966 4783 te
2997 4745 3211 4799 pmnam
3272 4736 3451 4793 delin-

1865 4824 2052 4880 quere,
2077 4819 2139 4864 ut
2161 4810 2366 4864 variam
2399 4825 2462 4866 ac
2487 4812 2842 4881 multiplicem
2902 4818 3074 4874 feram
3108 4837 3175 4877 ac
3213 4825 3448 4882 helluam

1862 4911 1912 4956 te
1940 4902 2300 4966 detestantur,
2327 4917 2392 4957 ac
2444 4902 2740 4972 refugiunt.
2789 4905 2940 4964 Hanc
2996 4910 3162 4980 igitur
3215 4915 3259 4968 si
3303 4914 3450 4971 infa-

1861 4994 2023 5049 miam
2048 4995 2200 5063 cupis
2226 4995 2457 5061 evitare,
2483 4996 2650 5052 dicito
2688 5012 2752 5052 ac
2793 4997 2960 5056 facito
2989 5019 3109 5074 quae
3172 5007 3446 5065 hominem

1863 5088 2061 5141 virtute
2089 5087 2373 5155 praeditum
2399 5089 2634 5143 maxime
2665 5091 2878 5147 decent.

2064 5196 2345 5253 CDXVllI.
2359 5227 2433 5242 —
2450 5198 2758 5256 AUSONIO
2788 5202 3254 5268 CORRECTOBI.

1935 5304 2105 5359 Tuam
2154 5307 2374 5376 quidem
2427 5306 2748 5376 prudentem
2807 5313 3050 5371 admiror
3097 5321 3446 5394 sapientiam,

1860 5397 2004 5464 quod
2039 5406 2240 5451 metum
2290 5396 2612 5467 benignitati
2674 5402 3006 5472 admiscens,
3052 5411 3323 5468 neminem
3350 5415 3448 5470 ha-

1859 5483 1990 5539 beas
2010 5485 2099 5554 qui
2129 5497 2179 5540 te
2202 5486 2284 5541 vel
2319 5485 2389 5541 ob
2423 5493 2623 5539 metum
2647 5488 2848 5556 oderit,
2882 5493 2964 5550 vel
3010 5496 3078 5552 ob
3101 5499 3445 5560 clementiam

1859 5573 2116 5642 offendat,
2148 5577 2243 5631 sed
2271 5578 2473 5635 subditi
2500 5595 2716 5634 omnem
2774 5585 3199 5644 moderationem
3248 5607 3443 5650 conse-

1860 5675 2115 5733 quentes,
2150 5664 2378 5722 aﬂ'ectns
2407 5673 2706 5740 rependant
2741 5690 2864 5730 cum
2922 5682 3280 5748 temperantia
3308 5689 3446 5738 ami-

1860 5758 2042 5811 citiam
2097 5756 2516 5830 coniungentes.
2576 5765 2711 5822 Cum
2781 5769 3012 5829 misceas
3065 5776 3445 5850 concinneque
