4122 6466
174 477 307 543 1581

678 585 847 641 TAA'.
886 613 957 624 —
1003 580 1232 634 ΘΕΩΝΙ.

1010 470 1546 534 EPISTOLARUM
1581 469 1728 530 LIB.
1767 470 1835 530 ν.
1872 491 1944 505 σ’-
1980 467 2221 528 EPIST.
2246 465 2613 529 CDXXXIX.

3318 459 3455 528 1582

2272 571 2609 631 CDXXXIV.
2642 601 2713 612 —
2747 565 3026 625 THEONL
3499 569 3518 588 ‘
3578 580 3582 587 '

1552 693 1866 766 Παράδοξον
1905 695 2053 763 quid.

241 811 552 883 Παράδοξόν
583 815 754 876 ἐστιν,
804 807 849 866 ὧ
884 812 1130 884 βέλτιστε
1160 851 1174 874 ,
1220 811 1283 865 τὸ
1313 812 1412 882 τῆς
1442 808 1753 883 κρατούσης

162 904 324 976 δόξης
358 909 624 978 κρεῖττον,
656 906 748 960 καὶ
776 905 876 975 τῆς
909 905 1199 976 συνηθείας
1232 903 1543 976 ἀλλότριον.

503 1106 677 1164 me.
708 1137 783 1149 --
801 1105 1107 1179 ΛΕΟΝΤΙῼ
1133 1108 1457 1180 ΔΙΑΚΟΝῼ.

1931 809 1989 866 Id
2020 810 2324 882 παράδοξον
2358 819 2442 866 est
2468 806 2899 880 (inopinatum),
2943 806 3184 862 virorum
3220 803 3448 876 Optime,

1861 902 2263 973 appellandum,
2305 903 2451 972 quod
2497 913 2717 957 omnem
2762 898 2979 955 excedit
3015 896 3355 970 opinionem,
3396 904 3453 952 et

1861 994 1929 1050 ab
1957 1008 2059 1049 usu
2087 1001 2171 1048 est
2193 993 2451 1057 alienum.

1982 1097 2155 1172 688
2187 1101 2500 1160 CDXXXV.
2527 1131 2601 1144 -—
2625 1096 2923 1157 LEONTIO
2961 1096 3321 1156 EPISCOPO.

1248 1197 1304 1252 Μ
1311 1199 1384 1251 ιιιὶ
1406 1197 1718 1268 'euperbique
1741 1196 2039 1254 sacerdotes
2071 1195 2360 1250 coercendi.

235 1313 439 1382 Μηδὲν,
479 1305 525 1366 ὦ
579 1311 810 1384 ἄριστε,
859 1311 1105 1384 ἐπὶίτῆς
1149 1311 1251 1382 σῆς
1304 1310 1510 1382 ἀρετῆς
1565 1311 1752 1383 ἄχαρι,

159 1407 293 1477 μηδ’
316 1405 547 1477 ἀπηχὲς,
566 1407 627 1458 τό
659 1421 724 1474 γε
749 1404 841 1458 ἐπὶ
863 1383 1067 1475 σαυτῷ,
1089 1405 1454 1475 συγχωρήσῃς
1480 1404 1756 1472 γενέσθαι,

157 1498 301 1552 ἀλλά
331 1498 426 1552 καὶ
449 1500 561 1562 τοίς
587 1496 829 1569 νεώτερά
847 1514 973 1551 τινα
1001 1498 1083 1559 είς
1110 1497 1236 1559 τοὺς
1260 1495 1755 1566 ἐκκλησιαστικοὺς

155 1588 402 1659 θεσμοὺς
437 1587 779 1659 βουλεύουσι,
814 1587 941 1656 λέγε
993 1587 1068 1652 ὡς
1099 1584 1430 1656 οἰμώξονται
1471 1585 1754 1640 κάνταῦθα

156 1682 410 1747 κάκεῖσε,
441 1683 489 1735 εἰ
521 1681 598 1752 μὴ
626 1679 722 1734 τοῦ
752 1679 1126 1750 νεωτερισμοῦ
1157 1679 1624 1750 λήξειαν.⁹Ὢσπερ
1643 1679 1754 1751 γὰρ

161 1771 268 1824 σὺν
301 1770 497 1842 ἀλογίᾳ
545 1769 816 1842 ἧρθησαν,
864 1769 1041 1840 τόλμῃ
1085 1769 1300 1841 ἀκρίτῳ
1336 1769 1539 1841 μᾶλλον
1582 1771 1754 1844 ἐπαρ-

1931 1308 2101 1376 Nibil,
2133 1311 2216 1365 vir
2258 1308 2485 1378 optime,
2523 1308 2713 1363 virtuti
2747 1316 2855 1364 tua
2898 1309 3176 1379 ingratum
3214 1317 3309 1364 aut
3357 1309 3455 1364 ab-

1860 1415 2056 1458 sonum
2088 1399 2341 1456 accidere
2375 1398 2683 1468 permittas,
2732 1414 2919 1454 verum
2955 1399 3023 1453 iis
3056 1398 3146 1467 qui
3191 1397 3455 1453 innovare

1860 1493 1992 1564 quid
2034 1493 2089 1549 in
2137 1489 2528 1548 ecclesiasticis
2574 1491 2800 1546 student
2847 1488 3218 1545 functionibus
3265 1491 3453 1554 dicito,

1859 1587 2194 1660 ploraturos,
2246 1585 2299 1640 id
2344 1592 2428 1640 est
2473 1583 2592 1644 fore
2637 1583 2884 1640 infelices
2934 1583 2989 1639 in
3038 1585 3140 1638 bac
3175 1583 3457 1650 alteraque

1859 1680 1993 1745 vita,
2050 1677 2153 1732 nisi
2187 1677 2351 1732 rebus
2398 1674 2620 1731 studere
2665 1675 2822 1730 novis
2865 1675 3161 1730 desistant.
3199 1673 3276 1730 Ut
3302 1673 3452 1728 enim

1860 1770 2225 1842 imprudentia
2264 1768 2419 1836 elati,
2466 1767 2696 1824 audacia
2734 1768 3028 1823 temeraria
3074 1767 3255 1837 magis
3282 1779 3450 1837 quam

154 1861 347 1925 θέντες
377 1864 458 1925 είς
485 1860 584 1933 τὴν
617 1860 986 1933 ἐπιχείρησιν,
1018 1860 1052 1932 ἢ
1085 1858 1365 1926 ἀξιώσεως
1399 1860 1588 1933 δικαίᾳ
1625 1860 1752 1933 κρί-

1854 1863 2004 1935 justo
2037 1861 2315 1940 opinionis
2339 1859 2548 1930 judicio
2575 1859 2898 1927 incitantur,
2940 1859 3016 1915 ita
3054 1857 3338 1930 probabile
3369 1866 3454 1914 est

155 1971 218 2006 σε
229 1973 267 2016 ι,
297 1951 460 2017 οὕτω,
479 1952 622 2006 κατά
647 1952 708 2006 τὸ
732 1952 902 2018 εἰκὸς,
924 1951 1021 2006 καὶ
1041 1951 1538 2025 καθαιρεθήσονται
1567 1951 1754 2008 πάλιν.

167 2042 423 2105 ’Λσθενές
450 2041 558 2113 γὰρ
595 2041 682 2095 ἀεὶ
720 2041 784 2096 τὸ
812 2043 944 2114 παρ’
974 2041 1133 2106 ἀξίαν
1155 2055 1172 2072 °
1205 2041 1434 2096 καὶτῶν
1470 2041 1614 2096 κατά
1635 2042 1756 2096 τόλ-

155 2151 270 2205 μαν
299 2133 582 2202 ἀλόγιστον
617 2133 1003 2205 ἐπαιρομένων
1043 2133 1200 2187 οὐδὲν
1245 2133 1494 2204 βέϐαιον,
1527 2137 1754 2206 ταχείαν

151 2226 214 2280 δὲ
247 2224 357 2296 ἔχει
393 2224 490 2297 τὴν
521 2225 850 2298 μεταϐολὴν,
878 2226 927 2279 εί
962 2226 1038 2299 μὴ
1069 2227 1166 2281 συν
1194 2226 1365 2299 ἀρετῇ
1397 2227 1666 2296 γίγνοιτο.

400 2358 590 2426 ΥΛςν.
631 2389 702 2403 -
738 2361 990 2432 ΖΩΣΙΜῼ
1024 2360 1500 2434 ΠΡΕΣΒΥΤΕΡῼ.

1864 1955 2066 2011 iterum
2101 1953 2517 2010 subvertendos.
2554 1950 2830 2006 lnilrmum
2881 1959 2964 2006 est
3006 1949 3151 2006 enim
3191 1947 3457 2021 quidquid

1860 2044 2186 2116 dignitatem
2246 2049 2510 2112 superat,
2571 2054 2801 2110 quaeque
2861 2039 3157 2095 indiscreta
3226 2038 3456 2094 audacia

1860 2136 2002 2192 elata
2035 2143 2186 2200 sunt,
2236 2132 2535 2199 instabilia,
2581 2132 2802 2203 citoque
2832 2133 3226 2197 immutantur,
3275 2130 3456 2186 nisi-a

1858 2228 2060 2285 virtute
2088 2226 2532 2298 proﬁciscantur.

2028 2361 2365 2418 CDXXXVI.
2398 2393 2470 2404 ——
2503 2359 2758 2418 ZOSIMO
2798 2359 3276 2418 PRESBYTERO.

1077 2455 1259 2528 Iniqui
1282 2457 1460 2528 arguit
1488 2457 1790 2522 sacerdotii,
1814 2467 1869 2511 ut
1887 2467 1936 2511 et
1973 2456 2124 2525 epist.
2154 2471 2299 2526 sequ.
2340 2465 2388 2510 et
2417 2454 2544 2509 ΗΟ.

229 2566 413 2620 Δεινδν
447 2568 545 2638 μὲν
588 2569 685 2623 καὶ
715 2568 777 2622 τὸ
821 2571 1008 2642 τρυφῇ
1043 2568 1140 2623 καὶ
1168 2568 1398 2642 λαγνείᾳ
1441 2570 1744 2624 ἑαλωκέναι

149 2659 440 2730 ἄνθρωπον
473 2661 554 2724 είς
590 2660 894 2734 ἱερωσύνην
938 2663 1089 2727 ὅπως
1125 2662 1327 2735 δήποτε
1362 2663 1626 2718 δοκοῦντα
1655 2680 1745 2717 τε-

152 2751 291 2806 λεῖν.
326 2751 401 2805 Τὸ
432 2752 488 2805 δὲ
527 2752 748 2807 πάντων
800 2751 1195 2823 σχετλιώτατον
1240 2754 1421 2808 ἐκεῖνό
1459 2749 1636 2820 ἐστιν,
1665 2755 1748 2808 ὅτι

152 2843 227 2897 τὰ
247 2842 354 2897 τῶν
377 2842 610 2915 ἀνιέρων
636 2843 732 2897 καὶ
754 2842 965 2912 ἐναγῶν
993 2842 1274 2918 πράττεις,
1298 2842 1400 2913 τῆς
1427 2843 1485 2897 δέ
1508 2843 1615 2897 ἀπὸ
1642 2840 1738 2895 τοῦ

152 2933 334 2988 δοκεῖν
361 2933 663 3007 ίερωσύνην
695 2933 996 3005 κεκτῆσθαι
1024 2935 1281 3006 ἀντιποιῇ
1313 2932 1493 3006 δόξης.

463 3044 636 3101 ΥΔΖ⁹.
657 3074 728 3085 -
756 3045 1062 3116 ΕΥΤΟΝΙῼ
1095 3046 1422 3118 ΔΙΛΚΟΝῼ.

1925 2569 2210 2625 Molestum
2243 2583 2374 2625 sane
2400 2568 2608 2624 deliciis
2643 2582 2709 2624 ac
2733 2568 2944 2625 libidini
2987 2567 3230 2626 deditum
3277 2569 3453 2628 homi-

1854 2675 1974 2716 nem
2011 2662 2347 2718 sacerdotem
2377 2659 2640 2716 ordinari.
2670 2659 2726 2716 id
2754 2676 2884 2716 vero
2924 2662 3164 2719 maxime
3201 2665 3448 2721 omnium

1852 2748 2246 2817 deplorandum
2275 2759 2383 2815 est,
2412 2751 2557 2820 quod
2585 2751 2854 2821 sacrilege
2877 2751 3154 2822 impieque
3189 2762 3238 2809 te
3268 2768 3450 2823 geras.

1851 2835 2038 2907 Fingis
2073 2851 2205 2892 vero
2234 2835 2600 2893 sacerdotium
2619 2835 2750 2907 jure
2794 2848 2855 2893 ut
2891 2839 3173 2909 possidere
3206 2839 3445 2898 videare.

2056 3037 2415 3096 CDXXXVII.
2448 3071 2519 3082 --
2553 3039 2864 3101 EUTONIO
2903 3043 3230 3104 DIACONO.

932 3134 1013 3190 De
1049 3134 1254 3191 Zosimi
1286 3137 1451 3202 vitiis,
1477 3153 1572 3206 pro
1597 3152 1700 3204 quo
1729 3149 1883 3190 orare
1907 3145 2098 3188 monet.
2127 3131 2290 3204 (Vide
2315 3135 2468 3204 epist.
2503 3134 2656 3206 105.)

225 3256 298 3311 Σὺ
333 3253 434 3326 μὲν
465 3253 698 3317 είκότως
727 3251 1057 3324 θαυμάζεις,
1098 3252 1248 3314 ὅπως
1277 3253 1306 3305 ό
1341 3251 1528 3315 ἄθλιος
1571 3250 1772 3306 Ζὼσιοι

1920 3249 2091 3306 Recte
2111 3251 2364 3321 equidem
2392 3251 2630 3322 iureque
2658 3255 2867 3324 Optimo
2895 3255 3137 3328 miraris,
3164 3259 3443 3319 Zosimum

150 3365 256 3419 μος
284 3345 541 3416 ἐκθύμως
579 3346 683 3416 τῆς
718 3343 918 3408 κακίας
969 3343 1178 3414 ἔχεται,
1215 3341 1309 3396 καὶ
1358 3341 1558 3413 δεσμδς
1587 3334 1743 3406 οὗτός

143 3442 298 3492 ἐστιν
329 3435 602 3508 ἀρραγὴς,
629 3434 688 3489 ὃν
719 3434 821 3489 ούκ
858 3433 925 3488 ἂν
953 3433 1218 3502 διακόψας
1256 3431 1466 3502 οἴχεται
1498 3431 1742 3503 φερόμε-

143 3547 239 3593 νος
276 3529 367 3583 ἐπὶ
399 3528 498 3592 τὰς
524 3527 763 3592 ἀτόπους
797 3526 1050 3597 πράξεις.
1081 3526 1304 3596 Ἕτεροι
1331 3525 1387 3578 δὲ
1421 3525 1484 3578 ού
1529 3523 1744 3594 θαυμά-

144 3619 358 3685 ζουσιν,
392 3618 527 3674 ἀλλὰ
573 3618 668 3671 καὶ
716 3617 945 3682 εἰκότως
989 3617 1054 3687 τῇ
1095 3614 1156 3679 ἐξ
1200 3614 1376 3685 ἀρχῆς
1423 3615 1741 3685 ἀναστροφῇ

143 3711 249 3778 τὴν
282 3709 480 3762 κακίαν
520 3707 793 3780 ηὐξῆσθαι
824 3707 1126 3779 νομίζουσι.
1162 3706 1234 3761 Τὸ
1270 3706 1368 3776 μὲν
1394 3703 1504 3775 γάρ
1534 3706 1598 3758 ἐκ
1620 3704 1742 3756 δού-

142 3802 244 3854 λου
307 3801 510 3870 πατρὸς
571 3799 981 3867 πεφυτεῦσθαι,
1033 3796 1548 3868 παραλιμπάνουσιν
1601 3796 1741 3849 είκό-

143 3908 279 3955 τως.
335 3891 528 3945 Πολλοὶ
555 3894 666 3960 γὰρ
697 3889 904 3943 οἰκέται
937 3888 1240 3959 ἐλευθέρων
1273 3883 1411 3940 εἴναι
1440 3886 1741 3941 δοκούντων

143 3985 408 4054 ἀμείνους
435 3983 538 4035 eici
579 3983 720 4036 κατά
755 3982 881 4045 τοὺς
922 3981 1158 4052 τρόπους
1179 3997 1192 4010 ·
1224 3980 1325 4052 τὴν
1357 3980 1415 4033 δὲ
1445 3980 1505 4048 ἐξ
1531 3979 1737 4050 ἐφήϐου

143 4068 374 4140 ἀγωγὴν
406 4069 744 4133 κακίζουσιν,
764 4068 839 4131 ὡς
862 4068 1044 4139 πάσης
1070 4068 1272 4134 κακίαις
1291 4065 1457 4122 οὖσαν
1487 4069 1698 4139 μεστήν
1719 4084 1736 4100 ο

145 4159 234 4213 διὸ
281 4159 375 4212 καὶ
433 4158 781 4230 συνηνδρώθη
823 4158 974 4229 αύτῷ
1022 4159 1130 4214 τῶν
1164 4160 1350 4214 κακῶν
1394 4161 1428 4232 ή
1474 4160 1735 4225 διάθεσις,

144 4248 244 4303 καὶ
277 4249 357 4312 είς
397 4246 511 4314 ἕξιν
563 4247 776 4321 προύϐη
815 4250 848 4320 ἡ
909 4249 1167 4321 πονηρία.
1225 4251 1522 4321 Ἀφέμενος
1556 4252 1738 4306 τοίνυν

149 4339 256 4394 τοῦ
294 4339 619 4410 θαυμάζειν,
650 4341 746 4411 τὴν
772 4342 861 4396 διά
885 4340 994 4395 τῶν
1026 4342 1242 4412 εύαγῶν
1274 4343 1473 4397 σαυτοῦ
1504 4361 1737 4416 προσευ-

141 4433 260 4505 χῶν
327 4432 477 4504 αὐτῷ
533 4433 757 4504 χάρισαι
805 4433 1141 4506 θεραπείαν·
1193 4435 1334 4506 τάχα
1390 4454 1509 4502 πως
1576 4453 1738 4508 μετα-

145 4523 328 4595 γνοίη.

672 4636 850 4692 mn'.
882 4666 952 4678 -
977 4636 1210 4708 nemo.

1850 3341 2002 3397 illum
2053 3351 2304 3397 nostrum
2347 3351 2600 3413 prompte
2633 3345 2772 3400 mala
2824 3355 3057 3422 quaeque
3096 3359 3338 3422 patrare,
3375 3368 3444 3412 ac

1848 3431 2065 3489 vinculo
2098 3432 2261 3490 veluti
2294 3433 2531 3490 infracto
2570 3430 2885 3508 colligatum
2916 3429 3246 3514 in‘prteceps
3284 3443 3442 3514 ferri,

1851 3525 2089 3579 absurda
2126 3539 2357 3595 qu'eque
2400 3528 2817 3585 committenda.
2850 3531 2917 3586 At
2951 3531 3039 3588 alii
3088 3534 3315 3594 minime
3345 3539 3443 3596 ad-

1850 3616 2138 3683 mirantur,
2186 3619 2472 3676 credentes
2501 3620 2616 3690 jam
2665 3621 2793 3677 inde
2831 3623 2900 3678 ab
2933 3623 3163 3681 infantia
3210 3644 3442 3697 perver-

1847 3719 1935 3760 sos
1960 3706 2012 3760 in
2039 3707 2156 3763 dies
2178 3723 2358 3764 mores
2385 3711 2780 3768 accumulasse.
2804 3712 2966 3770 Patre
2993 3717 3139 3772 enim
3168 3714 3442 3791 mancipio

1846 3803 2033 3849 natum
2076 3811 2198 3853 esse
2246 3799 2441 3854 merito
2493 3811 2846 3870 prmtereunl.
2893 3802 3052 3860 Servi
3092 3809 3239 3864 enim
3285 3813 3441 3868 multi

1847 3883 2031 3941 liberis
2056 3885 2368 3946 hominibus
2408 3905 2552 3960 smpe
2581 3904 2845 3961 prmstare
2884 3899 3129 3956 moribus
3154 3904 3439 3974 reperiun-

1844 3984 1954 4031 tur.
1995 3977 2124 4047 Ejus
2155 3995 2285 4036 vero
2322 3995 2386 4035 ex
2435 3982 2661 4051 ephebis
2708 3988 3026 4044 excedentis
3057 3992 3436 4051 educationem

1844 4077 2128 4136 accusant,
2163 4079 2224 4125 ut
2254 4071 2432 4127 omnis
2461 4073 2677 4143 generis
2709 4075 2964 4134 refertam
2997 4081 3165 4137 vitiis.
3211 4084 3346 4141 llinc
3379 4097 3437 4143 et

1845 4158 1910 4212 ad
1946 4159 2154 4215 virilem
2189 4177 2364 4233 usque
2401 4174 2615 4222 aetatem
2669 4168 2927 4224 comitata
2979 4171 3299 4243 improbitas
3326 4187 3433 4244 est,

1843 4250 2087 4321 abiitque
2121 4256 2174 4308 in
2224 4255 2493 4311 babitum.
2537 4257 2722 4313 Mirari
2756 4259 2940 4331 itaque
2985 4265 3195 4331 desine,
3232 4269 3278 4323 si
3309 4284 3436 4340 pre-

1842 4341 1999 4398 cibus
2035 4360 2132 4412 pro
2161 4359 2227 4402 eo
2253 4347 2318 4402 ad
2344 4347 2511 4405 Deum
2560 4351 2697 4410 fusis
2741 4353 2919 4425 placet
2969 4354 3044 4411 illi
3097 4357 3429 4431 gratiﬁcari;

1841 4435 2073 4504 gratiam
2111 4436 2251 4495 forte
2286 4449 2406 4510 post
2441 4451 2523 4497 est
2553 4443 2859 4502 habiturus.

2281 4642 2664 4702 CDXXKV’III.
2703 4679 2773 4690 ——
2802 4649 2989 4710 NILO.

403 4726 678 4782 Moderate
705 4727 928 4781 laudare
961 4738 1161 4798 oportet
1185 4768 1199 4793 ,
1227 4744 1316 4782 nec
1346 4730 1590 4784 extollere
1610 4729 1788 4785 nimiis
1814 4729 2082 4787 laudibus.
2108 4732 2286 4804 (Conf.
2310 4736 2462 4804 epist.
2488 4738 2616 4803 556,
2641 4739 2768 4806 557,
2803 4742 2907 4797 M7
2937 4755 2988 4799 et
3011 4747 3070 4801 4i
3089 4747 3160 4820 ί.)

215 4845 279 4899 El
312 4845 409 4898 atat
442 4847 491 4898 οί
527 4845 800 4914 φιλότιμοι
844 4844 908 4897 δι’
938 4842 1177 4899 ἐπαίνων
1216 4847 1453 4916 μάλιστα
1480 4848 1732 4919 παραθή-

137 4951 332 5002 γονται
385 4933 612 5004 (διψῶσι
662 4934 769 5003 γάρ
821 4935 1059 4988 ἐπαίνων
1108 4937 1333 5006 μᾶλλον,
1394 4939 1427 5009 ἢ
1474 4940 1730 5010 ποτῶν),

1903 4845 2016 4904 Etsi
2048 4849 2223 4907 laudis
2265 4853 2444 4922 cupidi
2471 4854 2641 4924 gloria
2687 4857 3030 4929 potissimum
3067 4867 3430 4926 exstimulan-

1836 4946 1926 4993 tur
1955 4939 2192 5011 (laudem
2217 4945 2359 4999 enim
2395 4945 2514 5017 plus
2544 4964 2708 5018 quam
2744 4964 2930 5024 potum
2964 4957 3206 5031 sitiunt),
3246 4962 3433 5018 mode-

137 5023 280 5079 άλλά
315 5025 551 5096 μετρίως
598 5026 703 5095 χρὴ
745 5026 970 5090 τούτους
1001 5028 1310 5095 ποιεῖσθαι,
1351 5031 1448 5084 καὶ
1477 5032 1551 5101 μὴ
1591 5032 1732 5100 ἄγαν

1850 5038 1953 5084 'ate
1997 5043 2176 5088 tamen
2225 5038 2492 5105 agendum
2542 5039 2671 5109 illis,
2716 5060 2892 5114 neque
2939 5055 3130 5106 texere
3160 5023 3425 5110 'nimium.

138 5110 411 5179 ὑφαίνειν.
441 5110 634 5163 Πολλοὶ
677 5113 786 5181 γὰρ
830 5114 893 5164 ἐκ
937 5115 1035 5183 τῆς
1066 5115 1376 5187 ὑπερϐολῆς
1421 5119 1528 5172 τῶν
1558 5123 1725 5189 ἐγκω-

1850 5116 2089 5191 Plerique
2116 5123 2262 5179 enim
2291 5126 2448 5183 laude
2493 5129 2720 5187 nimium
2758 5110 2886 5192 elati
2913 5135 3153 5196 laborem
3185 5141 3428 5200 vicissim

140 5199 286 5271 μίων
317 5200 638 5266 ἐκλυθέντες
661 5241 676 5269 ,
703 5202 957 5257 ἐκλύουσι
989 5206 1089 5278 τὴν
1122 5209 1201 5270 εὶς
1225 5208 1353 5272 τοὺς
1389 5209 1582 5275 πόνους
1622 5231 1730 5266 πα-

1850 5210 2285 5287 :liligentiamque
2319 5221 2630 5281 remittunt.

141 5293 444 5364 ρασκευήν.

138 5405 314 5461 ΥΛΘ’.
346 5437 419 5450 -—
444 5406 1104 5535 ΑΓΑΘΟΔΑΙΒΙῖῗξὸἶὲΑΙ
1135 5414 1376 5488 ΩΦΕΛΙῼ
1409 5417 1730 5473 ΓΡΑΜΜᾹ-

1833 5421 2171 5480 CDXXXIX.
2222 5457 2294 5467 —
2343 5428 2918 5502 AgATﬂODIEMONI
2979 5439 3066 5496 ET
3127 5439 3472 5502 OPHELIO~

2382 5499 2888 5564 GBAMMATICIS.

1277 5581 1607 5638 Miscenda":
1644 5586 1772 5641 utile
1804 5588 1947 5643 dulci
1979 5589 2031 5644 in
2064 5591 2298 5661 scriptis.

227 5687 446 5761 Ἐπειδὴ
486 5691 543 5744 αί
578 5694 872 5763 μονοειδεῖς
903 5696 1123 5766 μελέται
1150 5716 1209 5752 τε
1240 5701 1334 5754 καὶ
1367 5704 1724 5773 παραινέσεις

138 5779 403 5870 κόπτουσι
433 5784 637 5856 τρόπον
684 5790 807 5843 τινὰ
848 5790 944 5862 τῆς
980 5792 1090 5847 τῶν
1137 5794 1517 5868 άμελεστέρων
1546 5798 1727 5870 ψυχῆς

138 5871 208 5925 τὰ
233 5869 398 5944 νεῦρα
442 5873 613 5951 (δοκεῖ
653 5878 762 5950 γὰρ
803 5879 987 5945 αὐτοῖς
1023 5884 1175 5941 πᾶσα
1209 5885 1478 5958 μεταϐολὴ
1512 5869 1729 5959 σχήμαο

1910 5706 2138 5771 Quando
2164 5711 2587 5770 declamationes
2616 5715 3065 5793 hortationesque
3081 5723 3251 5797 689
3267 5725 3430 5781 unius

1839 5798 1983 5853 modi
2020 5813 2220 5856 nervos
2251 5803 2424 5857 animi
2474 5805 2779 5874 praecidunt
2830 5809 3220 5882 negligentiam
3265 5823 3432 5884 atque

1840 5892 2154 5963 ignavorum
2214 5895 2416 5969 (omnis
2464 5899 2609 5955 enim
2664 5901 3004 5961 schematum
3067 5905 3299 5965 variatio
3344 5908 3428 5975 iu-
