4122 6436
751 378 880 446 1533
1915 389 1974 447 S.
2017 389 2120 448 ISI
2131 389 2307 448 DORI
2348 384 2781 447 PELUSlO’LE
3852 385 3979 454 ιδδι

744 501 915 556 cunda
959 500 1064 556 illis
1104 501 1359 571 exsistit),
1397 501 1596 570 scripta
1634 502 1786 556 decet
1819 505 1998 558 studio
2029 505 2304 573 animique
2333 508 2372 562 Α

2347 508 2377 562 Α
2402 517 2492 564 τος
2521 500 2663 570 ἡδὺ),
2684 500 2788 570 χρὴ
2817 499 2884 554 τὰ
2917 501 3318 570 συγγράμματα
3347 507 3408 555 ἐκ
3449 502 3683 572 σπουδῆς
3715 505 3811 556 καὶ
3842 507 3975 574 ψυχ-

745 605 892 650 motu
943 604 1262 664 temperare.
1318 593 1394 648 Ex
1441 595 1605 648 animi
1663 595 1925 664 siquidem
1973 607 2120 650 motu
2177 595 2310 649 nihil

2417 593 2662 660 αγωγίας
2694 591 3016 662 κεκρᾶσθαι.
3070 593 3162 645 Ἐκ
3204 595 3302 661 μὲν
3331 594 3439 664 γὰρ
3476 595 3575 664 τῆς
3621 594 3976 664 ψυχαγωγίας

742 688 966 742 studiosi
990 685 1353 742 oli'enduntur.
1372 685 1713 756 Negligenles
1747 702 1870 741 vero
1892 701 1956 741 ex
1987 688 2162 741 studio
2184 702 2305 742 cum

2407 687 2457 738 οί
2509 685 2767 754 ἐμμελεῖς
2815 684 2969 738 οὐδὲν
3012 683 3522 755 παραϐλαὸἠσονται
3552 725 3566 749 ,
3621 685 3725 738 ὑπὸ
3778 686 3836 739 δὲ
3887 687 3974 755 τῆς

744 778 906 832 animi
942 785 1084 832 motu
1119 785 1525 849 contemperato
1561 776 1806 831 utilitatis
1843 776 2128 847 plurimum
2173 777 2304 830 hau-

2408 777 2644 846 σπουδῆς
2689 777 2789 846 τῆς
2815 778 2880 846 τῇ
2913 776 3238 846 ψυχαγωγία
3271 777 3618 848 κεκραμένης
3654 779 3704 830 oi
3743 778 3820 848 μὴ
3856 778 3973 833 λίαν

742 870 900 923 rient.

2408 866 2542 939 ρᾁυ
2552 884 2640 937 μοι
2665 866 3122 939 ὠφεληθήσονται.

1141 979 1345 1035 CDXL.
1381 1008 1448 1019 --
1486 974 1890 1033 THEODOSIO.

1877 1014 1890 1029 .
2883 976 3019 1032 rM'.
3057 1008 3100 1017 —
3155 975 3502 1048 esoaoxm.

741 1076 817 1131 De
842 1072 1043 1129 Zosimi
1067 1072 1257 1128 iterum
1279 1073 1381 1127 vita
1404 1070 1617 1134 vitiosa,
1636 1069 1870 1138 precibus
1890 1071 2066 1138 itaque
2088 1066 2197 1120 Deo
2218 1067 2708 1123 commendandum.
2735 1065 2917 1140 (Supr.
2940 1068 3088 1135 epist.
3121 1067 3157 1120 2
3182 1077 3229 1120 et
3257 1067 3398 1134 457;
3431 1068 3620 1123 similis
3651 1069 3804 1137 epist.
3832 1069 3974 1138 103.)

807 1185 981 1239 Audio
1003 1194 1052 1238 te
1075 1183 1140 1238 de
1169 1181 1329 1237 rebus
1361 1196 1466 1236 non
1489 1182 1686 1236 dudum
1718 1180 2004 1250 praeteritis
2029 1178 2300 1234 Zosimurn

2478 1177 2609 1236 Οἶδα
2640 1181 2740 1251 μὲν
2767 1178 2826 1243 ἐξ
2852 1172 2926 1234 ὧν
2953 1179 3154 1244 ἀκούω,
3186 1180 3260 1242 ὠς
3291 1181 3387 1250 οὐχ
3410 1179 3550 1251 ὑπὲρ
3579 1180 3701 1236 λίαν
3731 1183 3973 1254 ἀρχαίων

737 1273 994 1331 accusare
1022 1314 1038 1340 ,
1079 1287 1254 1342 neque
1280 1287 1343 1327 ex
1375 1271 1635 1342 temporis
1663 1272 1814 1340 lapsu
1846 1269 2299 1339 opportunitatem

2409 1272 2748 1343 πραγμάτων
2788 1272 2980 1340 λέγων,
3027 1272 3197 1335 ἀδεῶς
3245 1274 3507 1344 πράττεις
3543 1275 3641 1346 τὴν
3692 1277 3833 1329 κατὰ
3879 1276 3969 1328 τοῦ

737 1378 999 1435 quarere,
1027 1372 1086 1417 ut
1121 1362 1256 1418 {also
1285 1375 1530 1418 accuses.
1570 1360 1744 1416 [labes
1772 1360 1914 1414 enim
1947 1361 1998 1413 in
2028 1368 2297 1428 promptu,

2409 1362 2592 1416 ἀθλίου
2647 1360 2895 1430 Ζωσίμου
2973 1362 3346 1433 κατηγορίαν,
3404 1366 3814 1437 συναγωνιστὴν
3876 1367 3973 1420 οὐκ

736 1472 855 1526 qum
907 1455 1151 1526 proferas
1206 1463 1376 1525 gesta.
1439 1451 1639 1508 Verum
1686 1466 1791 1506 non
1828 1461 1935 1505 tam
1993 1451 2302 1506 accusando

2409 1453 2549 1522 ἔχων
2582 1454 2661 1516 εἰς
2693 1451 3045 1520 ψευδολογίαν
3095 1452 3186 1505 τὸν
3231 1454 3458 1523 χρόνον·
3494 1455 3636 1507 αὐτὰ
3686 1456 3795 1526 γὰρ
3834 1455 3972 1524 ἔχεις

738 1549 974 1618 linguam
1023 1547 1076 1601 in
1105 1560 1228 1601 eum
1277 1546 1434 1600 decet
1465 1546 1762 1607 exacuere,
1809 1557 1970 1613 quam
2025 1542 2079 1596 in
2109 1556 2174 1596 eo
2203 1542 2300 1596 de-

2411 1541 2795 1615 μαρτυροῦντα
2821 1543 2888 1596 τὰ
2918 1544 3241 1614 πράγματα.
3288 1543 3446 1598 Ἀλλά
3480 1544 3584 1616 χρὴ
3615 1544 3690 1616 μὴ
3716 1545 3973 1598 τοσοῦτον

736 1639 1022 1709 plorando,
1065 1645 1120 1692 ct
1163 1636 1329 1692 Deum
1383 1649 1481 1704 pro
1529 1635 1623 1690 illo
1670 1634 2005 1704 deprecando
2058 1643 2302 1702 satagere

2404 1633 2503 1705 τὴν
2539 1632 2788 1703 γλῶτταν
2819 1635 3062 1698 ὁπλίζειν
3095 1636 3174 1699 είς
3212 1634 3310 1703 τὴν
3363 1634 3484 1688 κατ’
3536 1635 3700 1688 αὐτοῦ
3737 1652 3972 1707 κατηγο-

735 1729 1007 1784 convenit.
1061 1727 1356 1782 Accusatus
1394 1728 1538 1782 enim
1575 1726 1641 1781 ad
1685 1727 1919 1792 malum,
1967 1735 2025 1781 ut
2053 1734 2296 1796 apparet,
2334 1778 2363 1798 η

2344 1779 2373 1798 η
2409 1726 2550 1798 ρίαν,
2577 1727 2700 1780 ὅσον
2721 1719 2820 1790 είς
2850 1728 2975 1789 τοὺς
3004 1728 3080 1789 εἰς
3106 1725 3264 1778 αὑτὸν
3289 1725 3516 1795 θρήνους
3545 1727 3640 1778 καὶ
3679 1726 3782 1788 τὰς
3808 1743 3972 1796 προσ-

737 1819 1048 1876 iucitabit'ur
1089 1817 1259 1888 magis
1284 1835 1298 1872 :
1332 1817 1640 1886 deploratus
1666 1831 1795 1872 vero
1821 1778 2007 1888 pedem
2041 1778 2180 1873 fo‘rie
2209 1778 2297 1874 re:
2328 1778 2365 1838 ﬂ

2343 1778 2374 1838 Β
2403 1778 2596 1888 ἔυχάξξ
2634 1778 3126 1887 ίζατηγορονύίαενος
3153 1815 3279 1885 γὰρ,
3321 1778 3512 1870 ἓτίξυί
3534 1819 3614 1879 είς
3643 1778 3865 1878 κακίαγξ
3901 1816 3971 1879 ὡς

738 1912 895 1968 feret.
2404 1908 2599 1974 ἔοικεν,
2628 1907 2933 1980 ἐρεθίζεται
2957 1923 2971 1938 ο
2999 1906 3362 1978 θρηνούμενος
3391 1906 3469 1973 δὲ,
3505 1908 3635 1972 ἴσως
3660 1908 3967 1976 ἁνενέγκοι.

1204 2020 1431 2077 cuxu.
1463 2049 1534 2061 -
1566 2019 1841 2076 zosnto.
2579 2003 2595 2019 '

1836 2061 1841 2074 .
2579 2003 2595 2019 '
2893 2019 3077 2072 YMA'.
3102 2048 3169 2057 —
3198 2019 3464 2090 zeatstq.

1535 2108 1778 2166 Gentium
1810 2127 1982 2166 mores
2013 2127 2127 2166 cum
2162 2112 2353 2166 nostris
2393 2109 2594 2164 collati.
2634 2107 2810 2179 (Conf.
2847 2109 2994 2175 epist.
3025 2107 3170 2174 164.)

807 2225 960 2282 Multi
1001 2224 1139 2295 apud
1165 2223 1384 2282 Grzecos
1419 2223 1683 2294 gentiles,
1730 2225 1872 2280 bone
1908 2225 2011 2290 vir,
2041 2226 2293 2281 virtutem

2470 2219 2663 2275 Πολλοὶ
2698 2221 2818 2290 μὲν,
2854 2212 2899 2272 ὦ
2929 2217 3194 2289 βέλτιστε,
3229 2222 3357 2291 παρ’
3393 2219 3616 2292 Ἕλλησι
3647 2222 3751 2291 τὴν
3778 2220 3973 2293 ἠθικὴν

742 2331 947 2372 morum
987 2313 1178 2370 sectati
1203 2321 1348 2369 sunt.
1408 2312 1466 2368 Si
1489 2327 1616 2378 vero
1650 2313 1840 2385 ignave
1867 2327 2029 2385 agere
2060 2313 2292 2382 patrium

2399 2311 2849 2384 κατορθώσαντες
2879 2311 3079 2384 ἀρετὴν
3122 2311 3336 2384 ᾅδονται
3363 2329 3377 2343 ·
3410 2313 3456 2365 εί
3483 2313 3538 2367 δὲ
3577 2313 3674 2367 καὶ
3712 2314 3778 2366 τὺ
3812 2313 3974 2384 ῥαθυ-

651 2449 656 2452 .
740 2406 846 2461 illis
872 2407 1233 2476 usitatumque
1273 2393 1424 2471 erat,
1457 2421 1524 2461 ne
1567 2406 1646 2461 sic
1673 2404 1890 2475 quidem
1932 2419 2031 2459 nos
2054 2403 2278 2461 conveni

2415 2406 2536 2477 μεῖν
2568 2403 2802 2467 ἐκείνοις
2849 2403 3080 2473 πάτριον
3122 2403 3218 2458 καὶ
3264 2403 3490 2474 σύνηθες
3521 2400 3610 2476 ἦν,
3659 2405 3774 2459 οὐδ’
3802 2406 3971 2469 οὕτως

739 2495 956 2553 virtutis
989 2498 1346 2555 intermittere
1368 2497 1628 2553 studium.
1663 2495 1798 2552 Nam
1831 2496 2170 2554 intervallum
2193 2511 2302 2569 quo

2399 2496 2548 2566 ἡμᾶς
2598 2493 2878 2565 προσῆκεν
2925 2493 3024 2564 τὴν
3077 2494 3205 2565 περὶ
3249 2494 3349 2566 τὴν
3397 2495 3598 2566 ἀρετὴν
3649 2497 3969 2568 ἐπιμέλειαν

740 2589 860 2647 illos
887 2604 1204 2660 superamus
1230 2591 1444 2647 veniam
1480 2602 1585 2643 non
1619 2589 1884 2644 concedit.

2397 2584 2679 2657 προέσθαι.
2711 2584 2784 2638 Τὸ
2813 2584 2922 2656 γὰρ
2950 2584 3110 2654 μέσον
3141 2585 3273 2655 ἡμῖν
3301 2584 3436 2656 πρὸς
3457 2586 3695 2650 ἐκείνους
3723 2589 3825 2640 οὐκ
3874 2588 3972 2641 ὀλί-

2395 2694 2490 2748 γον
2529 2677 2769 2748 ὑπάρχον
2809 2676 3122 2746 ἀφαιρεῖται
3145 2676 3242 2746 τὴν
3283 2675 3632 2747 συγγνώμην.

976 2790 1205 2848 CDXLII
1261 2821 1330 2832 —
1369 2789 1676 2848 MACABIO
1712 2787 2066 2844 EPISCOPO.

2662 2789 2845 2842 me.
2879 2817 2944 2828 -
3003 2789 3317 2861 ΜΛΚΑΡΙῼ
3355 2790 3725 2862 Εωειςοιιᾳ.

1553 2883 1749 2940 Orator
1778 2901 1881 2939 non
1912 2898 2112 2954 semper
2142 2883 2440 2952 persuadet.
2477 2881 2592 2953 (Sic
2616 2885 2765 2952 epist.
2798 2883 2900 2936 120
2929 2894 2973 2936 et
3007 2883 3150 2954 547.)

807 3019 864 3075 Si
899 3017 1094 3076 talibus
1115 3031 1208 3073 usa
1237 3016 1418 3108 verbis
1439 3016 1634 3082 oratio,
1666 3029 1786 3108 qua
1809 3015 1975 3108 etiam
1992 3014 2308 3108 inani-mem.
2330 3052 2373 3108 ο

2340 3052 2373 3108 ε
2483 3016 2547 3069 El
2593 3013 2852 3077 τοιούτοις
2889 3013 3233 3084 χρησάμενος
3271 3014 3447 3083 λόγοις
3475 3015 3504 3067 ὁ
3540 3014 3730 3082 λόγος,
3775 3015 3824 3068 οἳ
3881 3020 3968 3069 καὶ

735 3108 951 3162 ﬂectere
985 3112 1235 3160 naturam
1274 3103 1466 3158 merito
1497 3113 1690 3172 queat,
1722 3102 2116 3173 implacabilem
2153 3101 2298 3155 illam
2337 3101 2363 3108 “

2338 3101 2373 3108 ⁷
2415 3103 2513 3174 τὴν
2535 3103 2742 3173 ἄψυχον
2783 3102 2943 3168 φύσιν
2985 3103 3207 3166 εἰκότως
3237 3103 3301 3158 ἂν
3349 3104 3623 3176 ἔκαμψαν,
3655 3106 3760 3158 οὐκ
3786 3105 3966 3159 ἔπεια

737 3199 906 3251 {eram
950 3195 1004 3248 in
1047 3193 1281 3263 seipsam
1324 3191 1635 3248 saevientem
1670 3191 1912 3246 emollire
1959 3204 2065 3245 non
2100 3191 2295 3260 potuit,

2404 3195 2465 3249 τδ
2497 3193 2818 3264 ἀμείλικτον
2864 3195 3042 3247 ἐκεῖνο
3079 3194 3266 3266 θηρίον
3298 3194 3359 3249 τδ
3394 3197 3513 3251 κατ’
3546 3197 3713 3252 αὑτοῦ
3757 3198 3966 3252 επιλυτ-

737 3286 971 3342 ostendit
1009 3293 1212 3355 aperte,
1257 3284 1400 3354 quod
1455 3283 1614 3338 tidem
1648 3282 1846 3349 facere,
1887 3292 1978 3338 aut
2030 3298 2132 3339 non
2174 3298 2298 3352 per-

2404 3283 2611 3354 τῆσανο
2644 3283 2811 3350 ἔδειξε
2841 3285 3108 3358 λαμπρῶς
3133 3327 3148 3352 ,
3183 3287 3264 3340 ὅτι
3295 3288 3356 3341 τὸ
3395 3289 3685 3359 πεισθῆναι
3732 3291 3823 3344 καὶ
3854 3291 3961 3361 μὴ.

737 3377 981 3439 suadere,
1013 3374 1085 3430 sit
1128 3373 1183 3428 in
1213 3373 1480 3430 auditoris
1526 3382 1814 3442 putestate,
1847 3382 2068 3443 propter
2092 3374 2300 3429 arbitrii

2407 3375 2517 3428 τῶν
2558 3376 2861 3430 ἀκουόντων
2908 3377 3024 3430 ἐστὶ
3048 3417 3064 3441 ,
3112 3377 3198 3430 διὰ
3230 3378 3319 3431 τὸν
3357 3382 3453 3447 τῆς
3495 3381 3964 3451 αὐτεξουσιότητος

739 3466 1063 3528 libertatem,
1093 3464 1164 3521 ob
1199 3478 1360 3533 quam
1390 3464 1564 3518 oratio
1590 3462 1794 3531 judicio
1818 3475 1900 3519 est
1931 3466 2109 3533 digna.

2411 3467 2558 3538 ὅρον,
2587 3467 2654 3522 δι’
2684 3468 2742 3521 ὃν
2772 3469 2866 3522 καὶ⁵
2899 3471 2926 3522 ὁ
2955 3470 3055 3539 τῆς
3083 3469 3315 3540 κρίσεως
3345 3471 3619 3541 ἀξιόλογός
3645 3475 3762 3526 ἐστι
3791 3473 3959 3540 λόγος.

1123 3594 1398 3652 CDXLIII.
1429 3625 1499 3636 —
1539 3594 1729 3650 MART
1745 3595 1920 3652 i’RlO.

1896 3611 1920 3651 ι.
2854 3598 3120 3654 ΥΜΓ.-
3153 3601 3524 3671 ΜΛΡΤΥΡΙῼ.

1190 3685 1413 3740 Animus
1447 3687 1712 3742 instabilis
1744 3699 1963 3758 utraque
1997 3699 2138 3743 sorte
2173 3698 2427 3757 mouetur,
2452 3689 2659 3758 sapiens
2693 3705 2796 3744 non
2826 3687 2968 3744 item.
2999 3688 3170 3761 (Vide.
3190 3691 3342 3759 epist.
3370 3691 3518 3759 408.)

807 3799 1031 3856 Incerta
1074 3799 1195 3856 ﬁdei
1239 3808 1295 3857 et
1345 3799 1624 3856 instabiles
1676 3802 1920 3858 homines
1954 3802 2208 3871 gaudium
2250 3811 2305 3856 ct

2483 3805 2622 3869 Τοὺς
2655 3804 2754 3876 μὲν
2779 3805 3127 3875 εὑριπίστους
3155 3806 3248 3860 καὶ
3269 3807 3556 3872 ἀϐεϐαίους
3588 3810 3678 3861 καὶ
3707 3811 3854 3880 χαρὰ
3879 3814 3967 3864 καὶ

738 3891 891 3945 dolor
927 3904 959 3944 a
988 3889 1198 3944 decenti
1240 3890 1517 3945 dimovent
1564 3899 1734 3944 statu.
1776 3889 2043 3945 Gaudium
2087 3890 2302 3959 quidem

2411 3893 2555 3966 λύπη
2582 3896 2681 3964 τῆς
2721 3895 3034 3967 πρεπούσης
3081 3901 3466 3962 καταστάσεως
3506 3900 3962 3966 ἐξακοντίζουσιν·

739 3981 855 4036 alas
888 3979 1127 4045 addens,
1167 3992 1230 4034 ac
1261 3978 1421 4034 veluti
1454 3978 1776 4034 debacchari
1826 3978 2099 4045 suadens;
2150 3978 2307 4034 dolor

2413 3987 2445 4057 η
2481 3986 2576 4055 μὲν
2629 3986 2901 4058 πτεροῦσα
2951 3990 3045 4041 καὶ
3099 3995 3372 4062 παροινεῖν
3414 3993 3815 4055 ἀναπείθουσα.
3854 3999 3887 4066 ἡ
3918 3997 3967 4048 δὲ

739 4086 865 4127 vero
891 4085 950 4125 se
978 4070 1265 4125 demittere
1295 4068 1746 4140 formiduloseque
1771 4084 1932 4139 agerc
1954 4072 2116 4140 cogit.
2158 4069 2303 4124 Con-

2413 4076 2744 4130 ταπεινοῦσα
2769 4079 2862 4131 καὶ
2886 4078 3164 4148 ψοεξοδεείς
3195 4084 3703 4149 παρασκευάζουσα.
3745 4087 3880 4150 Τοὺς
3919 4089 3967 4140 δὲ

737 4171 940 4217 stantes
965 4175 1094 4216 vero
1133 4161 1379 4230 beneque
1420 4159 1689 4215 stabilitos
1731 4175 1794 4216 ac
1850 4162 2140 4224 prodeuntes
2168 4160 2302 4215 nihil

2415 4167 2665 4238 βεϐαίους
2689 4170 2785 4223 καὶ
2809 4172 3225 4242 ἐρηρεισμένους
3245 4214 3260 4236 ,
3287 4178 3376 4229 καὶ
3401 4178 3638 4246 κρηπῖδα
3662 4181 3967 4249 φρονήσεως

740 4260 927 4310 horum
955 4268 986 4307 a
1011 4253 1207 4309 decoro
1228 4252 1485 4308 dimovet.
1524 4252 1693 4321 Hujus
1713 4254 1858 4308 enim
1885 4253 2301 4310 exsultationem

2414 4260 2658 4332 ἔχοντας,
2712 4262 2823 4316 οὐδ’
2860 4264 3095 4336 ὁποτέρα
3122 4266 3324 4319 τούτων
3359 4267 3453 4320 τοῦ
3495 4270 3862 4339 προσήκοντος
3891 4271 3969 4335 ιξ-

743 4344 1124 4412 lasciviamque
1151 4343 1497 4414 comprimit,
1561 4352 1813 4415 tanquam
1846 4345 2109 4401 rationem
2143 4345 2302 4400 intel-

2418 4354 2620 4426 ίστησι.
2664 4356 2775 4427 Τῆς
2803 4357 2900 4426 μὲν
2927 4357 3034 4429 γὰρ
3061 4358 3477 4413 καταστέλλουσι
3506 4361 3574 4413 τὰ
3607 4365 3965 4432 σκιρτήματα.

748 4435 916 4490 lectus
945 4434 1100 4488 freno
1125 4435 1384 4504 regendo.
1424 4433 1520 4489 illo
1543 4450 1672 4489 vero
1696 4434 2001 4504 superiores
2027 4435 2306 4506 reperiun-
2340 4439 2376 4494 Ι]

2340 4439 2384 4494 D
2413 4447 2664 4520 καθάπερ
2695 4447 2896 4518 χαλινῷ
2927 4465 3034 4502 τινι
3081 4449 3160 4520 τῷ
3197 4450 3443 4522 λογισμῷ
3479 4453 3960 4522 ἀνασειράζοντες·

747 4537 854 4592 tur,
883 4523 1140 4596 quidquid
1168 4524 1512 4582 immodicum
1543 4527 1596 4579 in
1627 4525 1718 4581 illo
1745 4527 2083 4596 castigando.

2410 4537 2507 4606 τῆς
2534 4537 2591 4590 δὲ
2623 4538 2930 4607 κρείττονες
2974 4539 3349 4610 εὑρίσκονται,
3381 4540 3480 4613 τὴν
3509 4543 3776 4614 ἀμετρίαν
3801 4543 3962 4612 αὐτῆς

2411 4623 2745 4690 κολάζοντες.

920 4728 1085 4801 690
1133 4726 1408 4785 cuxuv.
1448 4758 1517 4770 -
1554 4726 2184 4783 ΔΟΑΤΗΟΒᾸΕΜΟΝΙ..

1971 4726 2146 4782 ΜΟΝΙ.
2161 4767 2184 4781 .
2779 4736 2945 4792 ΥΜΔ’.
2974 4768 3043 4780 --
3075 4741 3599 4798 ΔΓΔΘΟΔΔΙΜΟΝΙ.

752 4824 821 4879 De
857 4826 1026 4876 tribus
1068 4822 1275 4876 dicendi
1307 4823 1602 4891 generibus,
1647 4836 1869 4886 suntme,
1915 4822 2086 4906 medio
2115 4821 2413 4906 egi-imagis
2455 4823 2903 4906 [Igutera,_uitarn
2953 4832 3184 4888 oratione
3224 4837 3390 4906 magis
3426 4838 3755 4905 persuadere.
3793 4834 3957 4906 (Coaf.

1929 4893 2082 4958 epist.
2118 4891 2244 4956 215,
2283 4891 2393 4950 253
2427 4906 2474 4949 et
2503 4895 2627 4957 265.
2662 4897 2808 4967 508.)

815 5030 1024 5085 Novum
1051 5029 1179 5099 quid
1211 5029 1483 5099 spectavi,
1521 5027 1662 5097 quod
1712 5043 1813 5083 non
1845 5028 1998 5084 facile
2031 5031 2154 5100 quis
2183 5045 2309 5100 per-

2489 5032 2815 5105 Καινότερὸν
2855 5051 2908 5088 τι
2942 5036 3225 5110 τεθέαμαι,
3259 5040 3405 5095 δούκ
3431 5041 3496 5096 ἄν
3521 5059 3605 5106 τις
3641 5043 3836 5113 ῥαδίως
3875 5059 3953 5094 κα-

745 5119 940 5185 cipiat,
981 5117 1083 5171 nisi
1126 5132 1239 5171 rem
1271 5127 1523 5171 accurate
1555 5116 1794 5170 edoctus.
1848 5117 1923 5171 De
1955 5118 2126 5174 tribus
2161 5122 2306 5175 enim

2414 5121 2716 5191 ταδέξοιτο,
2751 5125 2827 5195 μὴ
2849 5126 3089 5196 ἀκριϐῶς
3107 5131 3166 5183 τδ
3191 5134 3420 5204 πρᾶγμα
3451 5133 3770 5204 πυθόμενος.
3794 5133 3953 5203 Τριῶν

745 5209 931 5261 amicis
960 5205 1027 5260 ad
1070 5219 1233 5259 unum
1257 5205 1532 5260 advocatis
1569 5206 1840 5273 negotium
1862 5245 1878 5269 ,
1910 5207 1999 5274 qui
2033 5208 2098 5260 ad
2123 5208 2308 5262 dicen-

2416 5213 2526 5284 γὰρ
2550 5213 2684 5285 ὁμοῦ
2726 5215 2894 5285 φίλων
2921 5219 3046 5288 περὶ
3071 5219 3188 5284 ἑνὸς
3219 5225 3680 5292 παρακαλούντων
3711 5228 3951 5294 πράγμα-

743 5302 868 5354 dum
901 5297 1212 5369 aptissimus
1247 5305 1390 5362 erat,
1432 5298 1658 5352 dicendo
1689 5296 1911 5352 offendit
1942 5317 1955 5352 :
2007 5300 2097 5367 qui
2130 5301 2306 5357 minus

2414 5322 2506 5366 τος
2527 5345 2542 5370 ,
2580 5308 2609 5359 ὁ
2641 5306 2740 5376 μὲν
2772 5307 3076 5374 δεινότατος
3113 5314 3571 5384 προσωμῦξυνεν
3598 5359 3612 5382 ,
3656 5319 3683 5370 ὁ
3723 5317 3776 5370 δὲ
3811 5313 3951 5389 ἦττον

745 5397 920 5456 aptus,
954 5389 1164 5442 a‘nimos
1187 5386 1470 5454 demulsit,
1511 5397 1565 5440 at
1614 5388 1800 5442 tertius
1826 5388 2035 5445 dicendi
2083 5391 2304 5460 imperi-

2411 5397 2582 5460 δεινὸς
2616 5399 2914 5470 ὲπράῡνεν·
2947 5401 2975 5454 ὀ
3015 5402 3071 5456 δὲ
3105 5404 3394 5475 ἠμεληκὼς
3423 5407 3514 5461 τοῦ
3557 5409 3736 5478 λέγειν
3763 5386 3947 5465 lnam.

746 5489 858 5541 llis,
917 5476 1215 5545 persuasit,
1293 5485 1608 5546 tantumque
1664 5477 1909 5532 indoctus
1959 5481 2047 5536 hic
2107 5482 2301 5549 potuit,

2412 5489 2523 5542 Καὶ
2544 5489 2780 5562 ἠδυνήθη
2810 5492 2908 5562 μὲν
2938 5495 2966 5547 ὁ
2991 5495 3207 5565 ἀμαθὴς
3233 5497 3503 5566 τοσοῦτον,
3540 5476 3662 5555 ὅσον
3686 5503 3848 5574 ἐχρῆν
3871 5503 3947 5555 τὶν

744 5574 999 5631 quantum
1035 5580 1140 5620 non
1171 5581 1413 5622 summus
1441 5567 1549 5621 ille.
1607 5565 2062 5635 Eloquentissimo
2087 5573 2302 5638 accidit,

2411 5579 2712 5634 δεινότατον
2734 5596 2747 5613 ·
2793 5583 2962 5637 ἔπαθε
2997 5585 3052 5638 δὲ
3078 5586 3106 5638 ὁ
3149 5588 3600 5659 ρητορικώτατος,
3803 5565 3947 5665 ἐχρῆν

745 5667 1000 5721 quantum
1037 5658 1414 5716 indoctissimo
1447 5661 1666 5716 evenire
1699 5675 1796 5728 par
1826 5674 1964 5719 erat.
2024 5663 2092 5720 Ut
2135 5665 2304 5721 inter-

2411 5673 2503 5729 τὸν
2550 5673 2946 5744 ἀμαθέστατον.
2991 5679 3081 5744 Ὧς
3127 5679 3184 5734 δὲ
3212 5658 3463 5752 ἡρωτᾶτο
3511 5658 3748 5752 ἐκεῖνοςξ

750 5756 964 5820 rogatus
990 5750 1240 5818 quidam,
1278 5752 1343 5806 ad
1370 5767 1526 5822 quem
1564 5750 1882 5822 legationem
1927 5752 2115 5821 ferret,
2155 5757 2303 5813 dice-

2414 5763 2709 5836 πρεσϐείαν
2742 5766 3098 5840 προσέφερον,
3135 5750 3265 5842 ἔφη.
3298 5793 3315 5825 ι
3351 5773 3429 5844 τῷ
3457 5778 3644 5850 τρόπῳ
3667 5750 3769 5835 των
3795 5750 3946 5853 ἑωρά-
