4122 6466
175 434 314 503 1585

1015 423 1557 487 EPISTOLARUM
1594 421 1743 481 LIB.
1784 420 1853 481 V.
1906 442 1954 454 -
1991 416 2232 478 EPIST.
2261 415 2629 477 CDXLVIII.

3347 411 3482 476 1588

175 546 491 605 καλούντων
524 541 637 614 (56)
677 540 1087 613 προεσχηκέναι
1127 538 1264 609 (57),
1294 538 1356 592 οὐ
1379 537 1458 609 τῷ
1485 537 1631 606 λόγῳ
1650 551 1666 567 ·
1694 537 1761 606 τῇ
1796 550 1810 594 t

1887 540 1975 600 ret,
2028 551 2046 584 ι
2077 533 2166 588 hic
2196 545 2378 586 mores
2407 529 2708 585 dicentium
2739 526 3021 583 observari
3048 568 3062 594 ,
3102 541 3209 582 non
3257 527 3468 583 oratio-

172 637 424 707 πολιτείᾳ
467 634 781 698 πεπεῖσθαι,
829 633 890 685 οὐ
939 633 1005 701 τῇ
1055 630 1378 700 εὑγλωττίᾳ.
1410 630 1473 682 Et
1501 628 1682 682 τοίνυν
1714 627 1771 680 6.

177 733 299 802 βίος
324 729 419 784 τοῦ
453 729 615 796 λόγου
649 726 1018 798 περιγίνεται,
1043 723 1141 778 καὶ
1172 724 1205 794 ή
1236 722 1432 794 γνώμη
1459 722 1560 791 τῆς
1591 719 1769 788 γλώτ-

173 841 310 893 της,
341 820 561 890 πρῶτον
588 821 688 889 τὴν
717 816 964 887 γνώμην,
1003 811 1124 870 εἶτα
1156 814 1255 886 τὴν
1282 814 1534 885 γλῶτταν
1560 828 1772 882 κοσμη-

174 913 307 967 τὲον
327 928 340 941 ·
368 912 489 964 εἰδὲ
511 912 764 972 ἀπιστεῖς
787 907 960 962 ταῦτα
989 906 1343 976 γεγενῆσθαι,
1373 905 1452 968 εἰς
1471 902 1570 974 τὴν
1604 903 1773 973 Ὁμη-

179 1002 345 1074 ρικὴν
373 1000 691 1072 πρεσϐείαν,
719 998 785 1066 ἢν
808 998 896 1051 ἀεὶ
928 997 1020 1049 ἐπὶ
1059 996 1303 1066 γλώττης
1327 995 1495 1065 ἔχεις,
1529 992 1620 1046 τὸν
1648 990 1773 1044 νοῦν

176 1089 556 1161 παράπεμψον
580 1104 592 1116 °
625 1086 751 1139 ἔνθα
791 1087 818 1138 6
850 1084 948 1155 μὲν
991 1085 1298 1155 Ἰθακήσιος
1340 1083 1647 1148 δεινότατος
1671 1081 1772 1146 ὢν,

178 1181 346 1235 πλέον
386 1180 674 1251 παρώξυνε
712 1177 806 1231 τὸν
847 1177 1092 1242 Πηλέως.
1129 1179 1190 1231 '0
1222 1177 1278 1231 δὲ
1320 1171 1482 1246 ἦττον
1519 1175 1712 1240 δεινὸς,
1745 1177 1774 1228 6

175 1270 534 1338 παιδαγωγός
557 1285 729 1338 φημι,
770 1267 1176 1336 κατεπράϋνεν.
1217 1265 1276 1318 '0
1308 1263 1364 1318 δὲ
1403 1262 1771 1334 Τελαμώνιος,

173 1365 206 1418 ὁ
233 1362 356 1416 λίαν
386 1358 680 1432 ἠμεληκὼς
709 1358 802 1412 τοῦ
835 1358 1038 1426 λέγειν,
1080 1356 1266 1409 ἔπεισε
1298 1374 1311 1386 ·
1362 1357 1456 1411 καὶ
1487 1356 1774 1426 δεδύνηται

179 1453 289 1525 μὲν
320 1456 346 1507 6
373 1450 720 1522 Τελαμώνιος
743 1450 1019 1516 τοσοῦτον,
1044 1452 1165 1504 ὅσον
1194 1448 1362 1518 ὲχρῆν
1393 1448 1485 1501 τὸν
1509 1446 1771 1519 Λαέρτου’

174 1541 358 1598 ἔπαθε
392 1542 449 1596 δὲ
476 1535 663 1609 οὗτος,
697 1543 834 1612 ὅπερ
875 1540 1043 1612 ἐχρῆν
1077 1540 1308 1592 ἐκεῖνον.

421 1839 602 1893 ΥΜΒ.
638 1867 705 1879 —-
747 1837 1001 1908 ΖΩΣῙΜῼ
1034 1835 1508 1918 ΠΡΕΣΒΥΤΕΡῼ.

1879 639 2045 691 nem;
2076 644 2096 677 ι
2134 624 2324 695 politia
2379 623 2745 692 institutoque
2790 622 2914 677 vita:
2959 621 3321 692 persuaderi,
3370 634 3480 674 non

1879 715 2216 786 eloquentia.
2280 712 2648 781 Quamobrem
2700 712 2744 766 si
2780 711 3015 765 orationi
3060 712 3172 765 vita
3233 718 3482 780 praestat,

1880 810 2046 866 etiam
2089 822 2242 863 mens
2273 806 2473 877 linguae
2509 805 2822 872 antecellit,
2866 819 3021 859 mens
3060 804 3243 871 itaque
3281 803 3482 872 primo,

1883 899 2080 955 dehinc
2111 898 2295 969 lingua
2329 905 2414 951 est
2448 895 2792 952 exornanda.
2859 893 3016 962 Quod
3070 893 3116 950 si
3171 893 3224 947 id
3278 891 3481 946 factum

1883 1005 2006 1048 esse
2039 990 2291 1061 negabis,
2340 988 2687 1052 Homericam
2723 987 3053 1058 legationem
3077 1027 3090 1050 ,
3120 999 3281 1055 quam
3328 993 3384 1040 et
3430 985 3482 1038 in

1881 1099 1979 1140 ore
2003 1098 2220 1153 semper
2247 1084 2448 1149 habes,
2494 1083 2548 1138 in
2602 1081 2921 1136 memoriam
2951 1093 3170 1135 revoca.
3210 1077 3287 1134 lbi
3334 1077 3484 1132 enim

1884 1177 2107 1249 Ulysses
2169 1177 2505 1240 ltbacensis,
2566 1173 3054 1245 eloquentissimus
3118 1187 3241 1226 cum
3310 1177 3480 1233 esset,

1878 1267 2114 1339 amplius
2166 1267 2418 1323 incitavit
2473 1266 2621 1323 Pelei
2667 1266 2836 1319 lilium
2869 1264 3158 1319 Achillem.
3229 1261 3326 1316 [lic
3354 1257 3486 1315 verb

1878 1361 2058 1415 minus
2081 1360 2396 1424 vehemens,
2434 1359 2756 1427 paedagogus
2807 1357 3062 1425 inquam,
3089 1354 3330 1412 sedatior
3360 1352 3484 1406 fuit.

1878 1449 2192 1507 Telamonis
2211 1467 2339 1506 vero
2367 1451 2512 1506 ﬁlius
2533 1450 2694 1519 Ajax,
2727 1449 2819 1517 qui
2848 1447 3081 1503 dicendo
3105 1447 3326 1500 infimus
3357 1443 3477 1505 fuit,

1876 1542 2157 1614 persuasit
2183 1560 2197 1597 :
2231 1542 2514 1614 potuitque
2536 1541 2674 1611 Ajax
2694 1538 3049 1595 Telamonius
3080 1545 3291 1592 tantum
3316 1551 3484 1605 quau-

1881 1646 1994 1691 tum
2022 1633 2238 1691 Laertis
2265 1634 2434 1690 filium
2468 1631 2716 1704 Ulyssem
2750 1631 3056 1702 oportebat.
3098 1628 3178 1684 llli
3207 1644 3338 1685 vero
3365 1637 3487 1682 ten-

1883 1737 1996 1787 tutn
2022 1728 2242 1794 accidit,
2275 1737 2538 1798 quantum
2573 1725 2719 1780 hunc
2750 1724 2997 1793 perferre
3028 1738 3127 1792 par
3159 1732 3300 1777 erat.

2085 1836 2342 1896 CDXLV.
2383 1867 2456 1879 —
2494 1834 2750 1892 ZOSIMO
2785 1830 3271 1889 PHESBYTERO.

190 1934 458 1988 Virtutem
485 1932 758 1987 colendam
813 1943 1082 1998 portatur,
1112 1947 1274 2001 quam
1309 1928 1766 2001 υτοροξὶῑαίειίαηι
1832 1948 1948 1988 wna
1986 1951 2046 1989 se
2088 1935 2283 1989 sectari
2329 1932 2487 1988 malle
2514 1940 2760 1996 testatur,
2798 1945 2958 2000 quant
2994 1928 3177 1982 vitium
3207 1929 3487 1997 proposito

1158 1997 1412 2070 prtemio.
1437 1997 1676 2069 (Confer.
1717 1999 1810 2057 lib.
1839 2019 1901 2070 ιι,
1933 2007 2088 2075 epist.
2118 2003 2224 2059 240
2251 2013 2300 2058 et
2332 2003 2487 2074 225.)

250 2136 363 2205 Τὴν
404 2132 643 2204 ἐμαυτοῦ
693 2131 924 2202 γνώμην
959 2130 1150 2201 σαφῶς
1181 2132 1358 2184 εἰπεῖν
1396 2129 1682 2200 βούλομαι.
1714 2129 1779 2183 El

173 2228 240 2281 δέ
265 2245 350 2290 τις
372 2224 753 2298 ὑπερϐολικῶς
789 2225 1046 2294 εἰρῆσθαι
1077 2223 1258 2291 δόξει,
1281 2223 1531 2277 δοκείτω.
1565 2223 1630 2275 Ol.
1670 2222 1782 2294 γὰρ

177 2321 286 2386 τῆς
310 2319 509 2392 ἀρετῆς
542 2317 773 2389 ἐρασταὶ
821 2317 1240 2387 μαρτυρήσουσι
1267 2314 1346 2385 τῷ
1396 2313 1776 2386 ρηθησομένῳ.

175 2411 334 2482 Φημὶ
373 2409 554 2464 τοίνυν
574 2449 589 2474 ,
619 2409 668 2461 εί
703 2408 803 2478 μὲν
826 2410 893 2479 τῇ
916 2409 1085 2478 ἀρετῇ
1113 2405 1381 2478 τιμωρία,
1413 2407 1481 2476 τῇ
1523 2405 1583 2458 δὲ
1611 2403 1784 2476 κακίᾳ

180 2503 448 2570 στέφανος
489 2500 774 2567 ἀπέκειτο,
807 2499 981 2570 ἥδιστ’
1018 2498 1083 2553 ἂν
1123 2498 1279 2570 δίκην
1308 2497 1520 2551 δέδωκα
1555 2497 1784 2568 φιλάρε-

177 2612 277 2659 τος
308 2582 404 2659 ὢν,
457 2593 490 2662 ἢ
541 2590 812 2660 έστέφθην
853 2589 1054 2653 κακίας
1089 2586 1165 2641 ὢν
1211 2589 1477 2660 ἐραστής.
1520 2587 1710 2650 Οὕτως
1751 2589 1784 2657 ἡ

182 2688 288 2758 μὲν
316 2685 485 2740 κακία
509 2726 523 2751 ,
556 2684 661 2737 κᾶν
707 2684 975 2752 στέφανον
1009 2680 1330 2753 προξενοίη,
1364 2681 1548 2752 πάσης
1574 2698 1665 2751 μοι
1699 2697 1783 2733 τι-

185 2777 406 2851 μωρίας
433 2777 584 2830 δοκεῖ
609 2774 972 2846 χαλεπωτέρα
998 2771 1159 2828 εἶναι.
1199 2774 1263 2826 Ἡ
1285 2773 1341 2827 δὲ
1375 2773 1548 2844 ἀρετὴ
1579 2772 1780 2842 τιμαλ-

181 2871 462 2940 φεστέρα,
526 2869 632 2922 κᾶν
696 2867 972 2939 τιμωρίας
1015 2866 1091 2938 μὴ
1121 2867 1401 2938 ἀμοιροίη.
1449 2865 1512 2919 Ἢ
1545 2866 1644 2936 μὲν
1692 2859 1788 2919 οὗν

181 2961 458 3032 εἰρημένη
493 2979 582 3032 μοι
605 2959 700 3030 ἣδε
726 2961 826 3013 ὑπε
838 2959 1026 3030 ρϐολὴ,
1048 2959 1124 3022 ὡς
1163 2959 1322 3031 φαῖέν
1344 2976 1513 3026 τινες,
1543 2952 1645 3012 ὧδε
1672 2958 1788 3029 ἔχει

184 3051 284 3104 καὶ
309 3043 429 3113 ἅλις
459 3049 653 3120 ἐχέτω.
688 3050 749 3102 Et
773 3049 830 3102 δὲ
856 3050 952 3102 καὶ
972 3050 1192 3113 πάντως
1219 3052 1287 3119 τῇ
1327 3049 1430 3118 μὲν
1461 3050 1632 3121 ἀρετῇ
1667 3050 1791 3104 στέ-

1953 2132 2112 2191 Libet
2139 2149 2315 2190 meam
2344 2135 2492 2191 clare
2525 2132 2773 2205 proferre
2813 2131 3165 2189 sententiam.
3201 2130 3314 2186 Etsi
3349 2131 3480 2202 quid

1882 2241 2048 2299 supra
2082 2226 2242 2283 ﬁdem
2277 2228 2457 2283 dicere
2502 2227 2730 2290 videar,
2769 2225 2840 2280 sit
2879 2225 2953 2280 ita
2979 2237 3148 2280 'sane.
3190 2223 3479 2278 Testitica-

1884 2324 2088 2378 buntur
2117 2322 2264 2377 enim
2291 2321 2516 2377 virtutis
2560 2319 2789 2376 studiosi
2830 2317 2975 2389 quod
3009 2319 3213 2374 dicam.
3260 2316 3488 2373 Aliirmo

1885 2416 2088 2484 itaque,
2133 2413 2404 2484 siquidem
2442 2411 2629 2466 virtuti
2680 2424 2874 2480 paena,
2907 2407 3058 2464 vitiis
3109 2422 3244 2463 vero
3279 2423 3484 2464 corona

1886 2506 2165 2578 proposita
2206 2507 2313 2570 sit,
2363 2503 2659 2572 jucundius
2711 2515 2963 2571 poenam,
3010 2500 3101 2571 qui
3146 2501 3363 2556 virtutis
3414 2504 3489 2556 sit

1887 2614 2101 2664 amans,
2130 2598 2408 2662 daturum,
2440 2610 2602 2664 quam
2632 2593 2677 2650 si
2713 2604 3028 2660 coronetur,
3053 2595 3124 2649 ob
3155 2593 3483 2664 improbita-

1889 2700 1996 2746 tem
2054 2689 2213 2759 hujus
2262 2703 2492 2744 amans:
2530 2689 2611 2744 sic
2647 2687 2992 2756 improbitas,
3025 2701 3286 2742 coronam
3322 2689 3488 2742 etiam

1891 2783 2107 2849 adepta,
2135 2780 2285 2834 omni
2314 2794 2438 2835 esse
2468 2795 2667 2851 genere
2692 2779 3081 2850 suppliciorum
3109 2777 3389 2834 molestior
3417 2781 3495 2832 vi-

1890 2871 2275 2928 detur.Virtus
2298 2886 2428 2927 vero
2450 2872 2770 2943 pretiosior,
2801 2873 2908 2928 etsi
2947 2886 3110 2942 poena
3145 2887 3250 2927 non
3281 2882 3489 2928 careat.

1891 2964 2018 3022 [lac
2063 2964 2245 3035 itaque
2278 2964 2440 3020 [idem
2468 2968 2739 3022 excedens
2783 2966 3054 3021 sententia
3080 3005 3097 3032 ,
3136 2974 3195 3020 ut
3238 2966 3498 3020 dixerunt

1892 3056 2139 3126 quidam,
2179 3055 2305 3111 talis
2325 3065 2412 3112 est
2447 3067 2503 3113 et
2534 3056 2754 3112 sufﬁcit.
2808 3057 2865 3112 Si
2901 3073 3029 3113 vero
3061 3057 3285 3112 omnino
3321 3056 3494 3109 virtu-

187 3161 361 3211 φανος
384 3183 400 3208 ,
459 3146 524 3214 τῇ
549 3143 608 3196 δὲ
649 3142 818 3212 κακίᾳ
854 3143 1094 3214 τιμωρία
1141 3141 1435 3197 ἀπόκειται
1455 3183 1468 3207 ,
1492 3142 1546 3193 τί
1572 3143 1690 3195 ἐστι
1729 3143 1791 3196 τὸ

1896 3157 2004 3204 tem
2049 3149 2370 3218 praemium,
2406 3149 2595 3204 vitium
2632 3158 2814 3205 autem
2857 3162 3019 3218 pinna
3065 3156 3323 3212 maneat,
3367 3147 3495 3216 quid

185 3234 386 3288 πεῖσάν
415 3251 474 3288 σε
507 3237 588 3298 είς
613 3233 706 3286 τὸν
731 3233 989 3305 πυθμένα
1013 3234 1111 3303 τῆς
1139 3234 1342 3298 κακίας
1361 3234 1790 3289 καταποντῶσαι

1894 3250 1980 3294 est
2008 3241 2154 3309 quod
2199 3249 2252 3296 te
2281 3241 2527 3308 alliciat,
2587 3249 2646 3296 ut
2694 3242 2747 3295 in
2795 3241 3055 3311 nequitia:
3088 3239 3413 3297 barathrum
3447 3250 3499 3295 tc

187 3327 420 3396 σαυτὸν;
451 3325 623 3398 ἡδέως
646 3326 713 3382 ἄν
745 3343 838 3379 σου
865 3325 1140 3395 πυθοίμην
1167 3324 1301 3396 ἐγώ.

1899 3330 2201 3403 coniicias?
2238 3332 2471 3389 libenter
2500 3348 2602 3404 ego
2630 3334 2684 3388 id
2725 3343 2776 3388 te
2807 3347 3082 3405 rogarem.

446 3445 650 3512 YMG".
681 3471 751 3484 --
790 3442 1139 3513 ΠΔΛΔΑΔΙῼ
1175 3441 1501 3512 ΔΙΑΚΟΝῼ.

2119 3443 2400 3501 CDXLV‘I.
2433 3476 2506 3486 -—
2547 3444 2894 3501 PALLADIO
2932 3443 3257 3501 DIACONO.

817 3535 997 3590 Monet
1025 3545 1082 3590 ut
1111 3544 1292 3589 caveat
1324 3551 1386 3589 ne
1424 3537 1478 3588 in
1505 3534 1689 3589 eadem
1733 3535 1937 3592 incidat
1968 3537 2096 3593 vitia
2130 3555 2250 3610 qua
2289 3541 2345 3595 in
2377 3540 2486 3596 alio
2517 3541 2869 3607 reprehendit.

273 3648 609 3720 Ἀνθρὼπιον
654 3647 858 3718 φαῦλον
886 3689 901 3716 ,
927 3647 1023 3702 καὶ
1065 3648 1346 3720 βδελυρὸν,
1380 3648 1476 3702 καὶ
1506 3649 1786 3718 κίϐδηλον,

1969 3646 2189 3704 Falsum
2225 3651 2672 3718 homuncionem,
2711 3653 3111 3709 exsecrandum
3145 3664 3311 3722 atque
3349 3654 3500 3709 adul—

190 3741 288 3796 καὶ
306 3741 359 3793 τί
387 3739 497 3810 γὰρ
526 3741 587 3793 οὐ
633 3739 746 3810 (58)
777 3738 888 3792 τῶν
920 3738 1166 3810 αἰσχρῶν
1191 3739 1429 3804 καλέσας
1454 3740 1512 3793 ὲν
1543 3743 1659 3804 τοῖς
1689 3742 1789 3794 αὑ-

1899 3739 2136 3794 terinum
2161 3780 2178 3806 ,
2219 3750 2274 3796 et
2306 3743 2439 3812 quid
2481 3758 2591 3799 non
2619 3743 2750 3798 Redi
2780 3745 3028 3800 criminis
3057 3747 3164 3800 tuis
3212 3747 3264 3800 in
3302 3746 3500 3800 litteris

185 3831 285 3887 τοῦ
309 3832 600 3902 γράμμασι
635 3829 908 3900 Ζώσιμον,
943 3829 1121 3900 ἀληθῆ
1166 3830 1265 3900 μὲν
1293 3829 1481 3900 λέγεις
1511 3847 1523 3861 ⁸
1573 3831 1789 3886 δέδοικα

1899 3829 2180 3886 Zosimum
2218 3833 2531 3900 nominans,
2563 3848 2694 3890 vere
2723 3835 2945 3903 quidem
2971 3835 3147 3890 dicis:
3196 3851 3389 3892 vereor
3416 3844 3497 3890 ta—

187 3925 251 3980 δὲ
287 3925 362 3995 μὴ
391 3924 488 3977 καὶ
518 3923 683 3987 αὐτὸς
710 3923 907 3994 μικρὸν
933 3921 1164 3993 ὕστερον
1194 3921 1442 3987 τοιοῦτος
1479 3922 1787 3995 εὑρεθείης.

201 4016 425 4070 Ἐκεῖνα
455 4013 586 4085 γὰρ,
619 4013 696 4078 ὣς
718 4013 852 4082 φασί
885 4029 1054 4078 τινες,
1085 4011 1240 4083 ἧρξω
1261 4013 1550 4084 πράττειν,
1583 4012 1619 4068 ἃ.
1641 4015 1786 4067 έκεῖ-

189 4125 284 4171 νος
339 4106 597 4178 πράττων
651 4105 730 4170 είς
778 4105 1080 4178 ἀνήκεστον
1130 4103 1474 4175 ἀναλγησίαν
1524 4103 1782 4158 τετελεύ-

187 4216 352 4270 τηκε.

538 4313 720 4370 mz'.
742 4329 817 4356 ι-
838 4312 1081 4384 Masso
1117 4311 1438 4385 ΔΙΑΚΟΝῼ.

1900 3935 2025 3977 men
2065 3935 2135 3977 ne
2166 3931 2221 3979 et
2274 3922 2395 3991 ipse
2454 3933 2582 3994 post
2634 3925 2798 3995 paulo
2847 3925 2973 3982 talis
3009 3926 3333 3996 reperiaris.
3405 3927 3498 3980 Illa

1897 4013 2100 4070 etenim
2129 4028 2293 4085 agere
2311 4016 2526 4086 incipis,
2556 4017 2719 4090 691
2741 4027 2802 4073 ut
2823 4020 3045 4090 quidam
3081 4019 3352 4086 referunt,
3378 4036 3501 4091 qua:

1897 4103 1988 4164 ille
2017 4105 2368 4165 committens
2401 4107 2457 4166 in
2490 4107 2850 4167 iucurabilem
2883 4109 3076 4168 incidit
3110 4112 3384 4167 morbum.

2217 4312 2522 4370 CDXLVII.
2561 4346 2631 4356 —
2673 4314 2835 4372 MOSI
2869 4313 3189 4372 DIACONO.

1402 4407 1476 4462 De
1507 4407 1727 4464 divitiis.
1757 4407 1927 4480 (Infr.
1957 4410 2110 4480 epist.
2144 4410 2297 4482 450.)

272 4522 370 4576 Ἐν
409 4525 569 4594 μόνον
617 4525 782 4578 καλὸν
828 4524 972 4596 ἔχειν
1006 4543 1098 4594 μοι
1155 4524 1356 4578 δοκεῖὸ
1408 4520 1661 4587 πλοῦτος,
1705 4523 1789 4576 δτι

1827 4584 1874 4642 D

1979 4524 2189 4579 Divitiae
2235 4537 2402 4579 unum
2462 4525 2594 4580 mihi
2643 4525 2929 4582 continere
2977 4527 3182 4582 bonum
3219 4526 3498 4594 videntur,

186 4619 309 4680 τοῖς
371 4617 608 4687 μάλιστα
664 4619 912 4690 φιλοῦσιν
962 4618 1125 4672 αὐτὸν
1183 4617 1468 4680 κινδύνους
1516 4615 1791 4682 ἐξαισίους

1901 4613 2045 4684 quod
2075 4629 2170 4670 eas
2203 4613 2514 4670 amantibus
2553 4613 2792 4685 ingentia
2832 4613 3052 4684 pariant
3086 4614 3355 4685 pericula.

186 4708 503 4763 ἀποτίκτει.

686 4821 873 4876 TMH'.
911 4851 979 4861 —
1013 4822 1294 4876 ΖΗΝΩΝΙ.

2325 4817 2650 4876 CDXLVIII.
2688 4850 2757 4860 ——
2809 4818 3082 4875 ΖΕΝΟΝῙ.

1021 4911 1366 4982 Hermogenis
1399 4915 1628 4983 episcopi
1661 4930 1802 4968 caus.
1844 4913 2083 4984 (Confer.
2123 4913 2275 4982 epist.
2315 4913 2420 4966 ’558
2448 4922 2495 4966 et
2520 4911 2670 4984 466.)
2779 4966 2782 4967 ν

275 5031 341 5083 Ὅ
403 5028 666 5098 βούλομαι
721 5030 1002 5101 συντόμως
1046 5031 1256 5101 φράσαι
1311 5032 1568 5103 περὶτοῦ
1608 5032 1791 5086 πάντα

191 5120 422 5190 ἀρίστου
468 5119 855 5190 Ἑρμογένους,
909 5122 1004 5174 τοῦ
1054 5123 1226 5186 ὅντως
1251 5124 1578 5189 ἐπισκόπου,
1628 5123 1790 5176 τοῦτό

193 5215 378 5266 ἐστιν’
425 5211 508 5264 ὅτι
563 5211 823 5265 τοσοῦτον
866 5213 1035 5284 ἀρετῇ
1093 5215 1221 5278 τοὺς
1275 5215 1417 5282 ἄγαν
1472 5215 1796 5285 εὐδοκίμους

194 5299 440 5370 παριὼν,
472 5300 596 5355 ὅσον
629 5303 828 5355 ἐκεῖνοι
863 5304 989 5367 τοὺς
1033 5303 1230 5368 ἄλλους
1283 5304 1554 5368 ἅπαντας,
1580 5307 1658 5369 ὡς
1696 5323 1799 5376 μη-

196 5390 292 5447 δὲν
337 5391 484 5466 μέγα
536 5394 1027 5466 διαπραττόμενος,
1086 5397 1229 5450 οὕτω
1278 5397 1571 5464 διάκειται,
1624 5396 1798 5461 οὕτως

1974 5032 2132 5088 Libet
2179 5034 2372 5103 paucis
2430 5035 2496 5090 de
2544 5035 2753 5104 optimo
2796 5034 2916 5089 viro
2969 5032 3318 5104 Hermogene
3376 5050 3505 5089 vere

1901 5123 2158 5193 episcopo
2186 5124 2350 5178 verba
2389 5122 2596 5189 facere,
2641 5122 2902 5176 nimirum
2938 5123 3139 5178 virtute
3173 5122 3330 5178 valde
3375 5139 3504 5192 pro-

1903 5215 2092 5270 batum
2122 5225 2349 5270 caeteros
2402 5223 2613 5268 tantum
2662 5215 2892 5269 trax—xsire
2942 5225 3110 5282 atque
3149 5214 3504 5274 autecellerc.

1903 5317 2165 5375 quantum
2209 5307 2285 5362 illi
2319 5309 2532 5363 caneris
2575 5317 2840 5377 prmstant
2872 5326 2884 5361 :
2933 5307 2978 5362 is
3002 5308 3157 5376 quasi
3200 5304 3335 5360 nihil
3372 5323 3510 5376 prm-

1905 5401 2111 5454 clarum
2144 5400 2370 5471 egisset,
2417 5401 2489 5455 ita
2523 5402 2589 5457 de
2618 5415 2678 5456 se
2717 5399 3006 5467 sentiebat,
3036 5410 3093 5453 ut
3141 5398 3506 5454 humilitatem

1306 5576 1542 5633 VAlile
1582 5577 1970 5635 LECTIONES
2007 5577 2097 5634 ET
2140 5577 2372 5636 ΝΟΤΛΕ.

282 5737 394 5807 (56)
427 5738 509 5801 Τῷ
545 5738 739 5805 τρόπῳ
768 5737 1304 5805 παρακαλούντίον,
1329 5745 1435 5790 etc.
1473 5735 1602 5789 Vita:
1631 5753 1804 5790 arem-

205 5809 301 5876 plo
334 5809 499 5876 magis
525 5823 677 5872 quam
709 5812 948 5862 oratione
982 5808 1312 5873 persuaderi.
1345 5807 1621 5861 Menandri
1670 5807 1798 5859 illud

207 5880 449 5945 respexit
476 5902 486 5936 ;
518 5879 726 5950 Τρόπος
755 5877 864 5932 ἔσθ’
893 5883 916 5933 ί
948 5880 1143 5935 733'th
1179 5878 1271 5932 τοῦ
1304 5877 1573 5948 λέγοντος.
1618 5879 1673 5930 οε)
1720 5879 1802 5930 λό-

1911 5753 2027 5804 γος.
2061 5736 2262 5789 Confer
2295 5738 2453 5803 epist.
2487 5735 2614 5789 213.
2659 5738 2900 5796 Sanun.

1984 5807 2095 5880 (57')
2133 5806 2254 5880 Vat.
2284 5808 2389 5861 630
2414 5817 2475 5880 tit
2510 5808 2614 5880 Alt.
2652 5807 3110 5880 προ-τετχτίκέπιιῖι.
3141 5807 3349 5862 Possm.

1985 5879 2100 5942 158)
2132 5879 2296 5933 liilcnt
2333 5878 2526 5934 tollunt
2562 5879 2639 5931 οὐ.
2674 5878 2750 5937 ιε.
