4122 6440
671 359 806 424 1587

1743 417 1745 420 τ
1850 351 1913 411 S.
1951 344 2245 409 ISIDORI
2287 335 2726 405 PELUSIOT/E

3787 309 3930 378 158]

674 465 982 537 pmsidium
1026 476 1090 520 ac
1119 462 1512 519 munimentum
1559 457 1790 513 aliarum
1824 469 1949 513 esse
1978 456 2238 511 virtutum

2355 449 2496 522 M017
2529 447 2640 502 δεῖν
2669 445 2771 518 τὴν
2819 433 3343 528 ταπεινοφροσύνην,
3375 421 3863 537 (ἶῖσπεροφρούρων
3893 419 3930 494 η
3969 447 3974 450 .

674 557 921 612 duceret.

927 664 1202 726 CDXLIX.
1234 693 1304 706 ——
1344 660 1643 721 EUTONIO
1673 657 1989 718 DIACONO.

2352 518 2721 616 φυλακτήριον
2752 536 2861 592 τῶν
2890 523 3064 590 ἄλλων
3096 523 3540 599 κατορθωμάτων
3576 518 3750 591 ἔχειν.

2638 649 2823 706 me.
2857 675 2927 690 -
2962 640 3266 710 ΕΥτοΝιᾳ
3306 631 3634 703 maxum).

1566 754 1834 810 Bonorum
1864 751 2224 820 malorumque
2253 747 2377 802 dum
2403 745 2697 799 laudantur
2719 743 3024 796 discrimen.

745 878 812 935 Ut
835 891 1017 933 eorum
1039 875 1130 946 qui
1159 873 1365 946 judicio
1388 881 1518 930 sunt
1544 868 1885 928 condemnati
1919 867 2050 932 vita,
2079 863 2239 921 modo

669 970 894 1041 probata
915 968 1168 1038 claraque
1191 967 1443 1033 exsistat,
1470 961 1828 1036 quorumdam
1859 958 2000 1015 solet
2024 971 2246 1014 accusa-

672 1062 872 1116 tionem
903 1057 1152 1116 refellere
1182 1077 1197 1126 ;
1247 1059 1326 1115 sic
1363 1068 1419 1113 et
1467 1054 1809 1112 laudationes
1844 1050 2043 1107 nimias
2077 1048 2244 1104 falsas

669 1150 962 1205 ostendere
986 1155 1391 1204 consueverunt
1432 1160 1612 1201 mores
1639 1140 1996 1214 quorumdam
2036 1137 2245 1194 sinistri

667 1239 821 1312 juxta
853 1255 915 1296 ac
946 1240 1098 1295 mali.
1131 1239 1189 1295 Si
1220 1238 1365 1295 enim
1391 1236 1637 1308 plerique
1658 1231 1940 1297 mortales,
1963 1230 2054 1300 qui
2088 1227 2245 1285 laude

671 1331 888 1402 dignum
927 1329 1064 1386 nihil
1097 1342 1290 1401 gerere
1323 1329 1579 1394 student,
1624 1321 1863 1397 gaudent
1892 1321 2110 1393 quidem
2153 1333 2244 1377 ca-

668 1418 890 1476 lumniis
912 1460 929 1487 ,
969 1419 1219 1476 laudibus
1267 1427 1456 1475 contra
1496 1415 1889 1474 contristantur
1923 1410 2068 1483 (illas
2095 1410 2242 1466 enim

670 1520 860 1567 contra
905 1526 966 1568 se
1016 1510 1122 1567 dici
1171 1511 1486 1582 apinantur,
1531 1507 1629 1563 has
1669 1519 1802 1562 vero
1854 1516 2130 1572 nunquam
2182 1515 2244 1558 se

670 1612 1059 1660 consecuturos
1081 1601 1364 1674 sperant):
1386 1603 1586 1657 virtute
1607 1613 1739 1655 vero
1773 1596 2030 1660 illustres,
2045 1593 2244 1666 probos

670 1707 806 1764 quos
844 1708 950 1748 non
992 1702 1226 1758 norunt,
1263 1690 1533 1748 calumnia
1561 1694 1842 1753 oneratos,
1892 1685 2055 1741 etiam
2085 1690 2244 1737 ante-

2418 862 2630 931 Ὠσπερ
2653 859 2769 913 ἔνια
2786 855 2892 910 τῶν
2911 850 3273 924 ἐγκλημάτων
3294 843 3496 899 εἴωθεν
3509 840 3718 895 ἄπιστα
3745 839 3922 891 ποιεῖν

2342 960 2372 1014 ὁ
2393 957 2500 1012 τῶν
2530 955 2865 1028 κρινομένων
2889 950 3026 1023 βίος,
3062 947 3347 1016 εὐδόκιμος
3385 939 3461 995 ὢν
3500 940 3598 994 καὶ
3635 936 3892 1007 λαμπρός
3913 947 3928 960 ·

2345 1049 2519 1113 οὕτως
2550 1046 2667 1100 ἔνια
2693 1044 2803 1098 τῶν
2852 1041 3148 1112 ἐγκωμίων
3186 1036 3430 1106 πέφυκεν
3461 1033 3667 1088 ἄπιστα
3697 1029 3877 1082 ποιεῖν
3906 1029 3934 1079 ὁ

2344 1142 2455 1196 τῶν
2485 1135 2982 1210 ἐγκωμιαζομένων
3016 1133 3239 1206 τρόπος,
3261 1128 3448 1193 σκαιὸς
3478 1125 3554 1182 ὢν
3582 1125 3678 1182 καί
3699 1121 3933 1193 φαῦλος.

2347 1234 2411 1288 El
2436 1233 2544 1304 γὰρ
2579 1231 2668 1285 καὶ
2713 1227 2899 1282 πολλοὶ
2929 1225 3040 1280 τῶν
3080 1222 3404 1296 ἀνθρώπων,
3431 1219 3542 1274 τῶν
3567 1217 3735 1290 μηδὲν
3764 1215 3929 1304 λόγου

2349 1303 2709 1390 ἀξιονίποιεῐν
2767 1317 3085 1384 ἐθελόντων,
3131 1315 3383 1388 χαίρουσι
3433 1312 3531 1383 μιν
3569 1312 3690 1371 ταῖς
3744 1303 3932 1359 διαϐο-

2351 1413 2494 1478 λαῖς,
2555 1407 2971 1481 δυσχεραίνουσι
3029 1406 3090 1460 δὲ
3149 1404 3244 1460 ίπὶ
3297 1404 3414 1467 τοῖς
3464 1397 3758 1470 ὶγκωμίοις
3813 1396 3932 1466 (τὰς

2354 1505 2452 1576 μιν
2498 1503 2608 1574 γὰρ
2649 1502 2746 1556 καλ⁵
2789 1500 2913 1556 καθ’
2947 1498 3156 1554 ἑαυτῶν
3191 1495 3453 1570 ἡγοῦνται
3498 1489 3774 1562 λέγεσθαι,
3821 1485 3934 1542 τῶν

2350 1596 2408 1651 δὲ
2460 1595 2717 1650 οὐδέποτε
2759 1590 3067 1649 ἀπολαῦσαι
3111 1585 3526 1662 προτδοκῶσιν)·
3583 1581 3699 1638 ἀλλ’
3725 1576 3821 1634 οὖν
3869 1595 3935 1646 γι

2350 1689 2400 1742 oi
2431 1689 2530 1759 τὴν
2562 1685 2767 1759 ἀρετὴν
2808 1683 3155 1756 ἐστεμμένοι,
3180 1682 3306 1746 τοὺς
3347 1680 3444 1753 μὲν
3465 1677 3718 1750 ἀρίστους
3742 1673 3828 1742 ἐφ’
3853 1663 3935 1734 οἷς

673 1797 833 1852 quam
873 1785 1088 1850 norint,
1122 1783 1376 1838 innoxios
1403 1782 1706 1837 declarant.
1743 1775 1912 1832 Malos
1931 1789 2061 1830 vero
2099 1773 2143 1829 si
2175 1770 2243 1828 ad

2355 1778 2411 1832 οὐ
2453 1777 2691 1843 συνίασι,
2736 1775 3221 1846 διαϐαλλομένους,
3277 1773 3374 1827 καὶ
3423 1769 3529 1840 πρὸ
3585 1764 3933 1833 διαγνώσεως

672 1874 903 1946 gratiam
947 1873 1259 1940 laudentur,
1309 1871 1469 1928 laude
1508 1870 1758 1943 iudicant
1808 1867 2086 1938 indignos,
2127 1878 2239 1921 non

673 1972 784 2019 tam
814 1964 883 2020 ob
909 1965 1255 2034 dicta,quam
1284 1965 1354 2020 ob
1376 1972 1526 2035 gesta
1549 1959 1813 2034 judicium
1846 1957 2100 2013 ferentes.
2136 1955 2246 2024 lgi-

673 2064 765 2110 tur
804 2071 980 2126 neque
1037 2055 1224 2126 optimi
1277 2053 1603 2110 calumniam
1653 2051 1780 2107 dum
1840 2048 2124 2120 patiuntur
2168 2047 2250 2100 in-

672 2146 964 2216 dignentur
983 2145 1218 2217 (jactata
1245 2144 1390 2201 enim
1420 2144 1553 2200 nihil
1576 2144 1644 2198 ad
1664 2142 1800 2198 alios
1820 2141 2134 2212 pertinent),
2154 2155 2249 2197 ne-

671 2250 778 2307 que
828 2237 1069 2294 vicissim
1123 2238 1370 2293 homines
1417 2233 1638 2307 pessimi
1700 2230 1908 2289 laudari
1958 2232 2248 2289 exsultent.

673 2329 813 2384 Sunt
841 2328 990 2386 enim
1019 2326 1092 2385 ab
1116 2327 1188 2386 iis
1213 2327 1405 2385 aliena
1433 2326 1792 2398 pronuntiata
1819 2323 2032 2382 laudes.

1126 2627 1280 2687 CDL.
1312 2655 1386 2669 —
1420 2623 1790 2682 BEKACLIO.

2348 1868 2749 1926 ἀπαλλάττουσι
2771 1868 2880 1924 τῶν
2907 1867 3075 1938 ὲγκλη
3085 1866 3295 1938 μάτων.
3325 1863 3470 1927 Τοὺς
3491 1861 3550 1916 δὲ
3577 1858 3842 1931 φαύλους,
3877 1857 3926 1910 εί

2353 1961 2496 2033 πρὸς
2542 1959 2703 2032 χάριν
2767 1956 3228 2030 ἑγκωμιασθεὶεν,
3299 1953 3554 2021 ἀναξίους
3614 1947 3755 2004 εἶναι
3818 1946 3932 2001 τῶν

2357 2051 2595 2106 ἐπαίνων
2645 2050 2982 2122 νομίζουσιν,
3018 2048 3121 2103 οὐκ
3166 2048 3276 2102 ἀπὸ
3303 2045 3413 2101 τῶν
3449 2043 3781 2115 λεγομένων,
3812 2039 3933 2094 ἀλλ’

2353 2142 2463 2200 ἀπὸ
2489 2141 2600 2197 τῶν
2633 2139 3025 2213 πραττομένων
3051 2137 3387 2218 τάςΙψήφους
3409 2135 3688 2206 φέροντες.
3723 2125 3937 2184 οὐκοῦν

2355 2235 2496 2306 μήτε
2539 2235 2589 2287 οί
2639 2231 2854 2305 ἄριστοι
2927 2230 3344 2303 διαϐαλλόμενοι
3405 2222 3932 2298 δυσχεραινέτωσαν.

2350 2327 2524 2398 (οὐδὲν
2548 2325 2658 2398 γὰρ
2705 2324 2840 2397 πρδς
2868 2324 3067 2388 αὐτοὺς
3090 2323 3158 2378 τά
3201 2319 3533 2392 λεγόμενα),
3581 2314 3709 2387 μήθ’
3745 2315 3796 2368 οί
3846 2312 3935 2366 κά-

2352 2434 2530 2472 κιστοι
2597 2413 3076 2486 ὲγκωμιαζὸμενοι
3134 2407 3577 2482 ἀγαλλέσθωσαν.
3649 2402 3936 2472 ’Λλλότρια

2349 2509 2459 2582 γὰρ
2493 2507 2675 2564 αὐτῶν
2706 2509 2822 2562 ἐστι
2854 2503 2923 2559 τὰ
2951 2502 3228 2575 ἐγκώμια.

2811 2622 2946 2677 ΥΝι.
2991 2649 3056 2662 -
3099 2618 3473 2688 summa.

1962 2712 2096 2780 Qua:
2120 2729 2255 2770 rem
2277 2714 2480 2770 divitia:
2501 2725 2646 2768 sunt.

743 2837 1017 2903 Quot-nant
1061 2832 1306 2904 pluribus
1351 2831 1626 2886 inhiantes
1665 2828 1826 2886 bonis
1867 2827 2122 2883 omnibus
2153 2841 2254 2884 ex-

672 2928 927 2986 ciderunt
957 2965 977 2992 ,
1039 2935 1094 2983 et
1155 2921 1424 2994 superﬂua
1479 2927 1835 2989 corrogantes
1861 2959 1876 2985 ,
1943 2919 2255 2976 necessaria

672 3021 835 3077 etiam
865 3017 1207 3072 amiserunt?
1242 3024 1298 3072 et
1322 3013 1592 3084 legitimos
1611 3011 1941 3068 exeedentes
1969 3010 2254 3076 terminos,

2429 2826 2595 2880 Πόσοι
2639 2825 2734 2880 τοῦ
2785 2824 3032 2888 πλείονος
3087 2821 3548 2892 ιπιθυμήσαντες,
3595 2815 3694 2870 τοῦ
3743 2815 3939 2878 παντὸς

2359 2915 2637 2982 ἐξέπεσον,
2687 2916 2884 2969 καὶτὰ
2947 2911 3182 2983 περιττὰ
3234 2909 3660 2979 συναγαγόντες,
3714 2907 3808 2960 καὶ
3863 2905 3928 2958 τὰ

2358 3009 2635 3075 ἀναγκαία
2682 3005 3002 3074 ἀπώλεσαν;
3064 3004 3158 3058 καὶ
3212 3000 3549 3072 ὑπερϐάντες
3605 2999 3732 3061 τοὺς
3790 3012 3937 3048 νενο-

671 3109 836 3166 etiam
869 3106 1235 3163 mediocribus
1254 3103 1432 3161 orbati
1459 3112 1586 3160 sunt
1612 3101 1807 3159 bonis?
1836 3099 2251 3172 Supervacanea

2361 3097 2664 3170 μιτμένους
2711 3097 2894 3169 ὅρους,
2954 3084 3185 3149 καὶτῶν
3236 3091 3474 3164 μετρίων
3500 3087 3934 3161 δγυμνώθησαν;

673 3201 861 3270 itaque
910 3199 1244 3264 resecando,
1289 3203 1349 3252 ut
1393 3195 1714 3252 necessariis
1745 3194 1998 3250 ditemur.
2069 3191 2251 3262 Neque

2360 3191 2482 3262 Χρὴ
2528 3186 2621 3244 οὖν
2679 3188 3035 3260 περικόπτειν
3114 3186 3185 3241 τά
3239 3183 3504 3257 περιττὰ,
3579 3181 3646 3234 ἶν’
3716 3180 3774 3233 ἑν
3827 3182 3939 3242 τοῖς

675 3293 826 3350 enim
852 3292 1048 3362 opibus
1072 3289 1373 3357 abundare,
1399 3287 1493 3344 sed
1527 3288 1594 3344 iis
1624 3301 1732 3344 non
1758 3287 2024 3357 indigere,
2050 3284 2256 3341 divitia

675 3392 804 3440 sunt
835 3383 1106 3438 maxime.

864 3588 1032 3662 692
1067 3587 1242 3645 CDLl.
1279 3616 1350 3628 —
1397 3584 1704 3643 EUTONIO
1738 3578 2056 3639 DlACONO.

2360 3281 2681 3350 ἀναγκαίοις
2717 3281 3036 3351 πλουτῶμεν
3065 3295 3080 3310 ·
3124 3278 3186 3333 οὐ
3238 3275 3347 3347 γάρ
3377 3274 3470 3328 τὸν
3498 3271 3729 3327 πλοῦτον
3770 3270 3934 3342 ἔχειν,

2362 3373 2499 3429 άλλά
2568 3373 2629 3426 τὸ
2697 3372 2772 3445 μὴ
2847 3355 3100 3426 δεῖσθαι’
3162 3369 3416 3434 πλούτου,
3499 3362 3735 3427 πλοῦτός
3823 3365 3938 3416 ἐστι

2366 3466 2638 3536 μέγιστος.

2667 3571 2842 3628 ΥΝΑν.
2873 3602 2942 3613 -
2974 3569 3276 3642 ΕΥΤΟΝΙῼ
3315 3567 3633 3639 ΔΙΑΚΟΝῼ.

1099 3680 1176 3736 De
1201 3677 1414 3734 Eusebii
1447 3677 1674 3747 episcopi
1707 3673 1912 3731 Pelusii
1939 3673 2197 3738 moribus,
2229 3671 2293 3726 de
2315 3685 2417 3740 quo
2443 3666 2578 3721 alias
2609 3681 2767 3733 swpe.
2805 3662 2972 3738 (qur.
3008 3663 3115 3719 470
3147 3673 3193 3718 et
3225 3679 3345 3732 sup.
3374 3659 3521 3726 129.)

749 3800 908 3857 Aliud
942 3806 1060 3864 est,
1093 3795 1178 3850 vir
1205 3791 1542 3857 admiraude,
1574 3791 1626 3846 iu
1659 3790 2021 3860 suspicionem
2047 3786 2254 3852 venire,

679 3895 826 3952 aliud
851 3907 980 3949 vero
1011 3885 1353 3960 reprehendi.
1390 3884 1523 3940 Illud
1562 3884 1706 3939 enim
1742 3895 1862 3938 esse
1891 3879 2064 3936 fertur
2093 3879 2255 3934 etiam

680 3989 757 4044 uil
785 3983 1082 4054 agentium,
1113 3981 1217 4036 hoc
1241 3993 1372 4035 vero
1397 3977 1463 4034 de
1488 3975 1804 4048 compertis.
1843 3972 1899 4028 Si
1931 3988 2062 4030 vero
2091 3972 2258 4028 Euse-

681 4083 823 4147 bius,
866 4088 926 4135 ut
951 4075 1167 4139 scribis,
1211 4071 1347 4127 alios
1376 4080 1580 4126 temere
1615 4069 1670 4124 in
1699 4067 2063 4138 suspicionem
2089 4078 2256 4120 voca-

2432 3783 2508 3835 υὺ
2550 3781 2767 3845 ταυτὸν,
2812 3774 2858 3834 ὧ
2911 3777 3203 3848 θαυμάσιε,
3276 3775 3341 3829 τὸ
3397 3771 3815 3844 ὑποπτευθῆναι
3862 3771 3937 3842 τῷ

2364 3873 2590 3928 ἁλῶναι⁶
2629 3872 2691 3925 τὸ
2744 3871 2844 3943 μὲν
2877 3870 2988 3942 γὰρ
3046 3871 3143 3924 καὶ
3198 3866 3342 3922 κατά
3372 3867 3468 3921 τοῦ
3522 3866 3597 3938 μὴ
3646 3865 3937 3937 δράσαντος

2338 3962 2600 4036 λέγεται,
2623 3967 2683 4020 τὸ
2707 3966 2766 4019 δὲ
2795 3965 2937 4019 κατά
2961 3963 3053 4018 τοῦ
3081 3962 3447 4036 φωραθέντος.
3471 3962 3532 4015 Εί
3564 3961 3620 4014 δὲ
3655 3961 3932 4028 Εὐσέϐιος,

2361 4057 2439 4122 ὡς
2494 4057 2622 4128 φὴς,
2670 4056 2798 4120 τοὺς
2858 4055 2957 4126 μὲν
3020 4053 3197 4126 μάτην
3245 4051 3674 4122 ὑπονοουμένους
3700 4050 3793 4104 καὶ
3817 4050 3928 4104 διαο

689 4186 774 4228 tos
804 4143 1193 4236 accusatosque
1229 4161 1469 4232 expellit,
1503 4159 1640 4216 alios
1677 4169 1857 4214 autem
1886 4155 2251 4226 deprehensos

2368 4149 2732 4220 ϐαλλομένους
2781 4146 3180 4218 ὲξοστρακίζει,
3218 4145 3346 4208 τοὺς
3396 4143 3453 4197 δὲ
3503 4143 3728 4207 ἁλόντας
3760 4143 3935 4213 [uite-

683 4262 886 4330 majore
914 4235 1300 4330 dignosgradu
1335 4261 1588 4316 censeat,
1641 4263 1748 4312 qua
1773 4245 2139 4304 assentatione
2173 4246 2251 4300 in-

2371 4258 2457 4305 νος
2486 4241 2630 4308 ἀξιοῖ
2681 4239 2915 4311 βαθμοῦ,
2953 4239 3029 4310 πῆ
3080 4237 3179 4310 μὲν
3231 4235 3544 4299 κολακείαις
3594 4235 3930 4305 πειθόμενος.

683 4326 907 4419 ductus,
961 4326 1066 4420 qua
1115 4326 1363 4419 pecuniis
1403 4344 1658 4409 inhians,
1705 4339 1812 4396 noli
1865 4338 2145 4394 admirari.
2200 4335 2251 4393 Si

2369 4332 2445 4403 πῆ
2470 4332 2528 4386 δὲ
2562 4332 2861 4404 χρημάτων
2892 4331 3239 4402 ὀρεγόμενος,
3278 4327 3353 4400 μὴ
3386 4326 3695 4398 θαυμάσῃς.
3733 4327 3797 4380 Ei
3833 4328 3929 4395 μὲν

683 4446 828 4500 enim
852 4445 1033 4497 omnia
1057 4449 1204 4497 recta
1229 4439 1431 4494 laceret
1455 4436 1686 4500 ratione,
1718 4431 1948 4489 fortasse
1969 4430 2099 4486 illud
2125 4444 2251 4501 quo-

2365 4401 2475 4496 γὰρ
2786 4425 2964 4479 πάντα
3013 4423 3156 4478 κατά
3211 4422 3369 4491 λόγον
3422 4419 3574 4490 αὐτῷ
3615 4421 3929 4492 ἐπράττετο,

685 4551 792 4606 que
814 4533 1207 4590 emendandum
1237 4528 1597 4585 existimaret.
1637 4525 1695 4580 Si
1717 4539 1847 4580 vero
1868 4524 1979 4596 agit
2005 4523 2251 4579 universa

2369 4518 2499 4580 ἴσως
2534 4517 2648 4588 ('59)
2699 4516 2794 4570 καὶ
2849 4514 3008 4570 τοῦτο
3074 4513 3417 4586 διορθώσεως
3481 4515 3732 4584 ἠξίωσεν.
3788 4513 3852 4567 El
3881 4512 3934 4565 δὲ

686 4605 806 4698 qua:
853 4641 962 4682 non
1005 4631 1257 4694 oportet,
1312 4621 1416 4677 hoc
1443 4631 1658 4690 quoque
1691 4616 1912 4689 dignum
1954 4628 2079 4671 esse
2123 4613 2251 4669 illius

2368 4610 2544 4663 πάντα
2578 4608 2679 4679 δρᾷ
2705 4607 2738 4662 ἀ
2767 4608 2900 4678 δρᾷν
2941 4606 3002 4659 οὐ
3033 4605 3210 4676 θέμις,
3247 4606 3341 4659 καὶ
3374 4605 3533 4661 τοῦτο
3576 4605 3726 4671 ἄξιον
3746 4605 3806 4659 ὃν
3835 4605 3933 4658 τῶν

687 4697 928 4774 litoribus
961 4729 1068 4771 non
1101 4713 1364 4780 ambigat.

2368 4698 2532 4752 αὐτοῦ
2565 4698 2782 4770 τρόπων
2829 4697 3037 4768 μηδένα
3076 4697 3350 4763 ξενιζέτω.

1173 4821 1372 4881 CDLII.
1408 4851 1478 4864 ——
1514 4819 1766 4878 PAULO.

2874 4811 3051 4865 YNB'.
3091 4840 3162 4850 .—
3200 4809 3450 4881 ΠΔΥΛῼ.

1617 4910 1720 4966 Uni
1746 4911 2038 4967 vacandum
2073 4909 2200 4964 arti.
2228 4906 2408 4979 (Supr.
2442 4903 2631 4958 similis
2661 4905 2810 4970 epist.
2849 4903 2997 4966 580.)

764 5033 864 5100 Qui
893 5030 1113 5086 omnino
1141 5029 1336 5082 multas
1366 5024 1623 5082 scientias
1649 5033 1902 5093 artesque
1933 5023 2139 5086 didicit,
2163 5025 2265 5076 etsi

691 5126 933 5180 ninnium
968 5122 1245 5176 hominum
1284 5119 1357 5173 sit
1385 5115 1876 5186 ingeniosissimus,
1910 5128 2267 5183 unamquam-

700 5231 796 5282 que
859 5226 1046 5268 earum
1105 5209 1172 5262 ad
1235 5221 1503 5262 summum
1568 5211 1761 5258 exacta
1822 5199 2097 5269 diligentia
2159 5213 2265 5252 non

696 5312 927 5369 tractat,
976 5316 1096 5355 cum
1144 5298 1368 5353 multum
1409 5295 1691 5365 temporis,
1726 5293 1868 5364 quod
1916 5291 2179 5347 exercitio
2211 5302 2266 5344 et

694 5412 834 5450 «θηται
877 5394 1074 5464 prioris
1107 5391 1238 5446 artis
1281 5390 1520 5460 impendi
1561 5388 1717 5443 debet
1740 5425 1755 5450 ,
1792 5388 1843 5438 in
1877 5384 2101 5438 alterius
2131 5383 2264 5437 artis

698 5487 1100 5558 recuperatione
1124 5493 1510 5542 consumatur:
1553 5481 1644 5538 sed
1695 5479 1749 5534 in
1775 5491 1846 5534 ‘eo
1873 5477 2087 5547 quidem
2119 5479 2258 5549 quod

2444 5022 2516 5076 Οὐ
2551 5023 2766 5083 πάντως
2807 5020 2834 5072 ὁ
2881 5019 3079 5081 πολλὰς
3117 5019 3426 5088 ἐπιστήμας
3475 5016 3507 5087 ἢ
3540 5014 3730 5085 τέχνας
3761 5031 3925 5084 μεμαο

2371 5113 2576 5184 θηκὼς,
2605 5112 2712 5165 οὐδ’
2751 5111 2816 5165 ἃν
2862 5113 3082 5166 πάντων
3126 5109 3429 5182 ἀνθρώπων
3476 5105 3838 5174 εὐφυέστατος
3876 5101 3925 5177 ᾗ,

2371 5205 2609 5276 ἑκάστην
2633 5203 2812 5260 αὐτῶν
2838 5205 2918 5266 είς
2971 5203 3138 5273 ἀκρον
3196 5200 3432 5272 ἀκριϐοῖ,
3463 5197 3559 5253 τοῦ
3601 5197 3794 5267 χρόνον
3839 5194 3924 5247 τοῦ

2369 5299 2670 5367 ὀφείλοντος
2694 5299 2771 5362 είς
2823 5297 2921 5368 τὴν
2988 5296 3222 5367 ἄσκησιν
3263 5295 3357 5349 καὶ
3408 5293 3505 5364 τὴν
3569 5291 3798 5360 μελέτην
3838 5293 3926 5358 τῆς

2368 5389 2593 5459 πρώτης
2647 5388 2841 5458 τέχνης
2902 5387 3268 5455 ἀναλωθῆναι,
3358 5385 3435 5446 εἰς
3512 5381 3677 5449 ἄλλης
3745 5378 3927 5446 τέχνης

2370 5477 2635 5549 ἀνάληψιν
2679 5478 3106 5549 δαπανωμένου·
3159 5476 3292 5532 ἀλλὰ
3352 5473 3662 5529 πλεονεκτεῖ
3717 5469 3811 5540 μὲν
3859 5464 3930 5534 τῷ

1777 5637 2012 5693 νΑιιιιΕ
2055 5637 2440 5694 LEC'I‘IONES
2477 5638 2565 5694 ET
2607 5637 2838 5696 ΝΟΤ.Ἐ.

775 5801 882 5868 {39)
915 5799 1057 5857 inter
1081 5803 1205 5862 ἴσως
1239 5811 1290 5856 ct
1322 5798 1412 5853 καὶ
1446 5798 1604 5855 iidcm
1643 5796 1877 5852 ἰιι.ει·ιιιιι
1906 5797 1984 5850 ἂν,
2029 5796 2241 5854 Possis.
