4122 6438
187 419 330 486 1593

494 531 672 588 YNG’.
705 560 776 573 -
806 531 1070 602 ΙΣΙΔΩΡῼ
1101 532 1470 606 ΕΠΙΣΚΟΠῼ.

1083 419 1628 482 EPISTOLARUM
1669 423 1818 485 LIB.
1862 424 2008 486 V.—
2046 425 2290 485 EPIST.
2316 423 2568 485 CDLU.

1804 545 1852 603 Α

3338 409 3476 480 159’s

2145 535 2375 593 CDLIX.
2401 566 2472 577 -—
2502 531 2781 591 ISIDOBO
2835 528 3192 588 EPISCOPO.

292 643 586 702 Laboranti
615 657 666 702 et
691 647 906 716 facienti
928 655 1185 716 quantum
1218 646 1273 700 in
1307 662 1361 701 se
1381 656 1480 712 est,
1517 646 1660 702 Deus
1701 646 1803 717 fert
1830 650 2113 706 attxilium.
2154 649 2426 707 Virtutum
2471 650 2611 703 laus.
2639 646 2795 721 (Sup.
2835 648 2989 718 epist.
3023 645 3128 701 515
3146 656 3192 699 cl
3215 635 3371 703 527.)

271 757 333 810 '0
374 758 474 829 μὲν
518 759 720 831 ἀρετὴν
751 758 959 826 ἀσκῶν,
1023 758 1232 823 δίκαιος
1286 759 1355 814 ἂν
1415 760 1500 832 εἴη
1553 761 1649 816 καὶ
1673 761 1776 833 τὴν

185 848 343 904 θείαν
371 850 454 914 είς
484 848 740 922 βοήθειαν
788 849 1169 904 ἐπικαλεῖσθαι
1217 853 1424 924 ῥοπήν·
1458 853 1488 906 ὁ
1533 851 1592 905 δδ
1641 852 1778 924 μηδ·-

185 941 330 1005 όλως
370 942 672 1014 φροντίζων
723 943 948 1013 ἀρετῆς,
1011 943 1123 999 οὔδ’
1159 944 1226 1000 ἂν
1278 942 1496 1015 καλοίη,
1540 943 1778 1016 ἐπήκοον

186 1033 303 1099 ἕξει
331 1034 392 1088 τὸ
425 1034 605 1089 Θεῖον.
633 1033 725 1105 Τῷ
758 1034 872 1107 γὰρ
916 1037 1093 1092 πάντα
1137 1036 1204 1090 τὰ
1249 1038 1380 1110 παρ’
1408 1035 1616 1091 ἑαυτοῦ
1639 1039 1778 1110 πλη-

194 1126 378 1198 ροῦντι
433 1127 678 1198 εὐμενῶς
728 1127 990 1185 ἐπινεύει.
1043 1129 1162 1184 Ἵνα
1213 1127 1271 1183 δὲ
1305 1130 1401 1184 καὶ
1451 1130 1541 1184 διὰ
1592 1147 1776 1204 παρα-

187 1218 500 1289 δειγμάτων
523 1217 748 1288 βαδίσας
774 1222 806 1276 ό
842 1221 1002 1289 λόγος
1036 1220 1370 1293 σαφέστερον
1422 1221 1583 1277 τοῦτο
1611 1225 1775 1296 ποιή-

191 1323 285 1378 σῃ,
327 1306 524 1379 παρείς
552 1307 616 1361 τὸ
643 1309 828 1379 φάναι.
863 1309 927 1366 Ei
955 1313 990 1382 ἡ
1033 1311 1211 1384 πόρνη
1249 1311 1502 1383 βούλεται
1530 1314 1634 1385 μὲν
1666 1329 1778 1368 σω-

188 1399 373 1469 Θῆναι,
412 1401 472 1453 οὑ
522 1399 774 1470 βούλεται
831 1402 888 1456 δέ
944 1404 1316 1476 σωφρονῆσαι,
1368 1405 1487 1470 πῶς
1539 1405 1780 1476 σωθήσε-

186 1505 313 1556 ται;
362 1489 571 1543 Ἐκεῖνο
609 1492 825 1562 φράσω.
856 1493 1037 1547 Ἔστω
1078 1510 1163 1558 τις
1189 1494 1495 1567 γράμματα
1533 1496 1632 1566 μὲν
1656 1496 1779 1550 ἐπι-

189 1578 384 1648 θυμῶν
456 1580 673 1650 μσθεῖν,
729 1584 809 1646 είς
869 1582 1192 1638 διδασκάλου
1252 1585 1309 1638 δὲ
1371 1585 1447 1656 μὴ
1529 1584 1730 1655 φοιτῶν
1761 1600 1777 1616 ⁸

188 1667 314 1725 εἶτα
370 1671 448 1743 τῷ
501 1677 894 1746 γραμματιστῇ
939 1675 1264 1747 ἀγοράζοντι
1316 1675 1557 1747 ἐντυχὼν
1609 1677 1776 1743 λέξον

190 1763 428 1835 Ποίησόν
468 1781 536 1835 με
573 1766 766 1836 μαθεῖν
813 1767 1150 1838 γράμματα·
1191 1764 1281 1842 ἆρ’
1321 1770 1422 1839 οὐχ
1467 1770 1576 1840 ἡγῇ
1629 1772 1777 1824 ἐκεῖ·

186 1869 284 1904 νον
347 1851 615 1924 λαμπρῶς
661 1855 1056 1926 ἀποκρίνεσθαι
1108 1855 1358 1926 λέγονταο
1389 1858 1780 1930 Ἐμῆρόντητε,

189 1934 290 1996 καὶ
336 1943 452 2006 πῶς
488 1943 554 1996 ἂν
599 1944 783 2000 δύναιο
842 1947 1056 2018 μαθεῖν,
1119 1949 1257 2019 μήτε
1313 1951 1394 2012 είς
1444 1950 1771 2004 διδασκάλου

187 2033 420 2100 φοιτῶν,
445 2035 584 2105 μήτε
609 2037 846 2107 γραφίδα
880 2038 976 2090 καὶ
1012 2038 1197 2093 δέλτον
1240 2041 1602 2111 κεκτημένος,
1639 2043 1779 2113 μήτε

189 2127 378 2176 πονεῖν
405 2124 762 2196 βουλόμενος;
796 2129 874 2200 Τῇ
917 2128 1019 2200 μὲν
1069 2130 1180 2203 γὰρ
1207 2131 1474 2204 ἐπιθυμίᾳ
1503 2136 1570 2204 τῇ
1625 2136 1691 2204 σῇ
1728 2134 1778 2188 εί

189 2215 223 2267 ὁ
279 2215 440 2278 πόνος
494 2217 796 2291 συναφθείη
847 2220 944 2273 καὶ
1004 2221 1038 2291 ἠ
1073 2222 1180 2292 ἐμὴ
1250 2223 1478 2293 σπουδὴ,
1537 2223 1778 2279 ἔσταιτι

190 2305 377 2360 πλέον.
411 2308 473 2360 Ei
503 2308 558 2361 δὲ
597 2309 776 2378 λέγοις
813 2311 912 2381 μὲν
945 2313 1257 2384 ἐπιθυμεῖν,
1314 2315 1453 2386 μηδέ
1501 2319 1676 2380 ποιοῖς
1702 2311 1779 2372 ὧν

188 2399 247 2452 οἱ
317 2398 717 2470 ἐπιθυμοῦντες
779 2403 1015 2467 ποιοῦσι,
1078 2404 1196 2468 πῶς
1272 2405 1464 2475 μαθεῖν
1538 2406 1778 2481 δυνήσῃς

189 2490 439 2544 Τοιοῦτοί
473 2494 577 2546 εἱσι
614 2495 708 2548 καὶ
736 2496 787 2547 oi.
815 2496 1014 2566 ἀρετῆς
1038 2495 1291 2566 λέγοντες
1334 2499 1433 2568 μὲν
1464 2498 1777 2570 ἐπιθυμεῖν,

187 2581 292 2652 τὴν
319 2582 376 2636 δὲ
401 2585 480 2649 είς
507 2585 678 2656 αὐτὴν
705 2587 978 2658 φέρουσαν
1006 2587 1124 2643 ὁδὸν
1161 2587 1674 2660 ἀποδιδράσκοντες.

553 2885 676 2942 ΥΞ’.
695 2916 761 2928 -
798 2886 1006 2942 ΗΡΩΝΙ
1037 2886 1510 2959 ΠΡΕΣΒΥΤΕΡῼ.

1951 763 2155 822 Virtuti
2182 779 2404 836 operam
2433 763 2653 819 navanti
2684 776 2900 832 aequum
2932 768 3020 816 est
3044 759 3282 813 divinum
3310 755 3476 813 etiam

1879 856 2196 928 implorare,
2237 869 2296 913 ut
2327 872 2484 928 opem
2534 855 2677 911 Deus
2721 853 2883 918 ferat,
2929 851 3216 908 auxilium.
3264 849 3335 904 At
3383 846 3478 917 qui

1877 950 1999 1023 ejus
2026 952 2227 1008 nullam
2261 950 2412 1007 ducit
2444 949 2738 1015 rationem,
2781 961 2960 1016 neque
2989 945 3209 1000 invocat
3241 941 3478 1004 Numen,

1878 1043 2015 1101 ιιιυά
2061 1042 2360 1114 propitium
2392 1057 2500 1097 non
2546 1040 2886 1113 experietur.
2941 1037 3048 1104 Qui
3091 1036 3236 1092 enim
3267 1035 3477 1096 omnia,

1880 1137 2063 1208 quoad
2103 1134 2222 1204 ejus
2273 1134 2392 1190 ﬁeri
2427 1142 2632 1205 potest,
2684 1132 2895 1203 implet.
2963 1131 3201 1202 benigne
3232 1129 3282 1183 ei
3335 1126 3484 1182 Deus

1881 1229 2093 1285 annuit.
2130 1225 2200 1284 Ut
2248 1241 2380 1283 vero
2429 1226 2697 1297 exemplis
2743 1227 2911 1281 etiam
2959 1237 3143 1279 sermo
3183 1221 3384 1276 clarius
3426 1218 3484 1274 id

1881 1318 2158 1386 ostendat,
2190 1317 2374 1373 dicere
2404 1317 2535 1372 mihi
2572 1316 2776 1372 videris
2809 1334 2823 1371 :
2851 1315 2993 1381 Quid
3021 1313 3067 1369 si
3099 1319 3344 1368 scortum
3378 1307 3484 1364 sal-

1881 1409 2000 1465 vari
2026 1407 2178 1472 velit,
2209 1422 2321 1463 non
2363 1408 2493 1462 velit
2523 1415 2707 1462 tamen
2737 1406 2806 1462 ab
2837 1402 3229 1461 incontinentia
3260 1411 3484 1470 tempe-

1882 1513 2026 1566 rare,
2084 1512 2191 1567 qua
2253 1501 2468 1553 demum
2520 1497 2734 1551 ratione
2793 1493 3133 1551 salvabitur?
3193 1489 3289 1544 Est
3337 1491 3482 1559 quod

1881 1589 2237 1659 respondeam
2276 1605 2289 1642 :
2328 1586 2411 1644 Sit
2448 1589 2542 1658 qui
2576 1588 2791 1644 discere
2835 1587 3050 1642 litteras
3087 1585 3296 1655 cupiat,
3351 1596 3484 1652 prm-

1880 1691 2155 1751 ceptorem
2194 1690 2373 1737 tamen
2410 1680 2543 1736 nolit
2572 1681 2946 1754 frequentare,
2982 1680 3180 1735 deliine
3211 1678 3263 1733 in
3295 1691 3483 1746 gram-

1881 1771 2144 1827 matisten
2178 1770 2304 1841 (hoc
2339 1781 2442 1836 est,
2479 1771 2726 1826 scribere
2777 1772 3064 1825 docentem
3091 1811 3106 1836 ,
3159 1783 3224 1824 ac
3272 1769 3337 1822 de
3389 1766 3482 1820 lit-

1885 1863 2015 1920 teris
2071 1864 2474 1935 disserentem)
2531 1862 2777 1918 incidens
2838 1862 2984 1916 dicat
3037 1877 3052 1914 :
3102 1860 3339 1916 Litteras
3397 1871 3485 1911 me

1886 1955 2123 2024 doceas;
2157 1970 2340 2011 annon
2370 1957 2520 2011 clare
2571 1967 2961 2024 responsurum
3020 1952 3263 2022 opinaris
3294 1968 3308 2004 :
3337 1948 3485 2006 Heus

1887 2048 2116 2115 stolide,
2150 2049 2424 2119 quomodo
2451 2048 2667 2104 discere
2698 2061 2891 2118 queas,
2911 2045 2955 2101 si
2982 2059 3157 2115 neque
3188 2051 3485 2114 praecepto-

1889 2151 2006 2194 rem
2063 2137 2411 2209 frequentas,
2447 2153 2627 2210 neque
2663 2137 2862 2209 stylum
2905 2136 3070 2192 babes
3113 2136 3482 2204 tabulamque,

1888 2237 1942 2284 et
1971 2227 2222 2285 laborare
2256 2231 2517 2286 recusas?
2557 2228 2684 2285 Tum
2719 2229 2865 2286 enim
2910 2227 3156 2283 discendi
3196 2225 3484 2296 cupiditati

1889 2320 1934 2376 si
1966 2321 2265 2378 accesserit
2294 2321 2466 2389 labor,
2498 2330 2662 2392 atque
2689 2335 2855 2390 Opera
2889 2321 3052 2373 ctiam
3087 2333 3228 2384 mea,
3263 2317 3486 2372 absolu-

1890 2420 2001 2467 tum
2033 2412 2163 2483 quid
2194 2413 2612 2485 perfectumque
2651 2412 2867 2470 evadet.
2899 2409 3056 2478 Quod
3090 2411 3135 2465 si
3171 2411 3486 2465 desiderare

1890 2504 2109 2574 quidem
2169 2513 2221 2559 te
2273 2505 2534 2573 aliirmes,
2598 2520 2773 2579 neque
2822 2519 2885 2561 ea
2932 2518 3062 2574 ages
3116 2516 3238 2573 quae
3281 2499 3486 2556 sciendi

1889 2594 2072 2664 cupidi
2103 2594 2286 2653 facere
2311 2609 2737 2666 consueverunt,
2757 2597 3029 2669 quomodo
3046 2594 3254 2648 discere
3281 2585 3491 2658 queas?

1892 2683 1986 2739 Sic
2035 2685 2127 2753 qui
2181 2686 2436 2740 virtutem
2497 2693 2688 2756 opt-are
2752 2701 2812 2743 se
2864 2686 3071 2751 dicunt,
3133 2696 3197 2736 ac
3247 2680 3392 2734 viam
3422 2689 3495 2731 eo

1894 2773 2184 2831 ducentem
2217 2775 2427 2846 ingredi
2460 2775 2760 2847 refugiunt.

2131 2887 2341 2946 CDLX.
2366 2920 2436 2930 -—
2456 2889 2719 2947 HERONI
2769 2886 3254 2947 PRESBYTERO.

827 2984 1090 3041 Sectandu
1115 3001 1176 3040 ea
1197 3004 1328 3056 quaz'
1356 2988 1424 3042 ad
1455 2989 1698 3043 virtutem
1734 2986 2116 3059 acquirendam
2155 2991 2479 3048 adminiculo
2509 3008 2619 3048 esse
2641 3001 2854 3063 queant.

270 3099 457 3170 Μηδὲν
508 3098 694 3171 τίμιον
737 3094 878 3155 εἶναι
928 3100 1142 3171 νόμιζε,
1171 3099 1201 3153 δ
1249 3102 1324 3173 μὴ
1399 3103 1537 3174 πρὸς
1583 3103 1787 3175 ἀρετὴν

193 3191 371 3264 φέρῃ,
408 3192 546 3263 μηδὲ
575 3196 702 3263 ποιῇ
731 3193 992 3264 ἀμείνους
1018 3193 1146 3258 τοὺς
1179 3194 1309 3263 περὶ
1359 3194 1494 3247 αὐτὸ
1540 3193 1782 3248 σπουδά-

1965 3106 2111 3163 Cave
2143 3115 2300 3177 putes
2327 3106 2558 3176 alicujus
2588 3120 2710 3162 esse
2737 3103 2922 3174 pretii,
2957 3101 3100 3172 quod
3135 3100 3204 3156 ad
3235 3098 3496 3154 virtutem

1890 3213 1998 3255 non
2049 3200 2236 3264 ducat,
2274 3213 2452 3268 neque
2480 3197 2738 3253 meliores
2769 3195 2959 3252 reddat
3007 3194 3112 3249 sibi
3147 3193 3382 3249 deditos.
3414 3189 3500 3245 Ad

195 3283 415 3349 ζοντας.
440 3284 601 3356 Φέρει
623 3284 681 3338 δὲ
725 3285 805 3349 είς
829 3284 1034 3356 ἀρετὴν
1056 3285 1118 3338 τὸ
1151 3287 1266 3349 τοῖς
1309 3285 1622 3356 φιλαρέτοις
1653 3286 1784 3340 ἀκο-

1894 3291 2156 3347 vlrtutem
2187 3299 2370 3346 autem
2423 3305 2586 3345 manu
2619 3288 2862 3355 duceris,
2884 3288 2930 3344 si
2983 3286 3186 3342 virtute
3243 3283 3501 3354 praeditos

197 3374 430 3442 λουθεῖν,
461 3377 557 3430 καὶ
589 3377 801 3447 ὁμιλεῖν
838 3379 952 3440 τοῖς
1007 3377 1500 3448 σωφρονεστάτοις,
1538 3377 1678 3432 ἀλλὰ
1706 3378 1784 3448 μὴ

196 3471 311 3532 τοῖς
363 3469 816 3538 ἁσελγεστάτοις·
868 3471 982 3534 τοῖς
1057 3469 1506 3542 εἰρηνικωτάτοις
1560 3469 1658 3524 καὶ
1705 3463 1791 3533 οἷς

199 3558 602 3631 συνδιατρίϐειν
650 3559 947 3626 λυσιτελὲς,
984 3561 1124 3616 ἀλλὰ
1172 3561 1249 3633 μὴ
1284 3563 1396 3625 τοῖς
1447 3561 1785 3632 μαχιμωτά-

197 3666 333 3715 τοις.
366 3645 442 3705 Εὖ
479 3651 592 3724 γὰρ
649 3651 849 3706 ειδέναι
882 3651 1011 3723 χρὴ,
1058 3653 1141 3708 ὅτι
1175 3652 1371 3717 κακίας
1408 3669 1492 3716 τις
1538 3654 1670 3725 ῥᾷον
1695 3670 1795 3725 μευ

195 3742 605 3816 ταλαμσάνειῆ
655 3744 881 3815 ἀρετῆς.
922 3741 988 3796 Ei
1016 3741 1126 3814 γὰρ
1179 3739 1250 3813 ἦν
1301 3745 1434 3815 ῥᾷον
1473 3743 1536 3798 τὸ
1587 3745 1793 3817 ἀρετῆς

201 3834 517 3906 μετασχεῖν,
541 3832 713 3904 ἐχρῆν
759 3835 996 3898 καὶτοῖς
1049 3834 1337 3898 κακίστοις
1369 3837 1611 3890 συνεῖναι
1659 3837 1792 3900 τοὺς

197 3926 541 3996 δυναμένους
597 3925 803 3997 ταύτην
854 3925 1209 3999 χαρίσασθαι.
1277 3927 1499 4000 Ἐπειδὴ
1540 3928 1598 3982 δέ
1628 3926 1790 3982 τοῦτο

194 4014 482 4082 δύσκολον,
531 4015 756 4086 ἄμεινον
790 4016 850 4071 ἐν
893 4015 1167 4088 ἀσφαλείᾳ
1215 4011 1378 4083 εἶναι,
1434 4017 1530 4070 καὶ
1570 4016 1796 4086 φεύγειν

197 4108 331 4169 τοὺς
361 4106 650 4178 πονηρούς.
694 4108 759 4161 Εἰ
797 4107 907 4178 γὰρ
952 4108 1150 4162 ἐκεῖνοι
1183 4108 1286 4162 οὐκ
1333 4108 1698 4178 ὠφελοῦνται,
1725 4110 1795 4164 δι’

199 4199 273 4267 ἣν
297 4197 477 4255 αἰτίαν
501 4197 664 4264 αὐτὸς
689 4197 985 4271 ζημιοῦσαι
1008 4218 1024 4269 ;

541 4398 712 4456 ΥΞΑ’.
739 4430 809 4443 -
840 4400 1080 4458 IEPAKI
1123 4403 1452 4476 AIAKONQ.

1893 3383 2184 3454 sequaris,
2239 3390 2404 3452 atque
2447 3389 2603 3437 utare
2657 3378 3002 3435 familiariter
3054 3372 3502 3446 prudentissimis

1898 3474 2251 3542 hominibus,
2305 3474 2400 3530 sed
2450 3473 2677 3530 libidine
2738 3472 2967 3528 minime
3021 3467 3339 3532 dissolutis,
3387 3466 3502 3522 vita

1895 3579 2029 3623 vero
2045 3565 2255 3635 pacatis
2276 3579 2341 3620 ac
2363 3563 2595 3636 placidis
2622 3561 2860 3619 maxime
2881 3561 3148 3627 moribus,
3177 3559 3503 3630 quibuscum

1896 3655 2109 3714 versari
2145 3656 2414 3728 perutile,
2455 3671 2563 3711 non
2611 3670 2736 3711 cum
2780 3653 3161 3712 contentiosis.
3207 3651 3502 3707 Seiemlum

1900 3749 2050 3805 enim
2075 3763 2226 3812 vere,
2259 3747 2421 3806 citius
2452 3748 2605 3806 vitiis
2642 3763 2807 3820 quam
2837 3746 3132 3803 virtutibus
3165 3745 3310 3814 capi.
3336 3741 3504 3814 B95

1903 3833 1964 3894 Si
1996 3838 2143 3895 enim
2181 3837 2396 3895 facilius
2428 3839 2574 3896 foret
2621 3840 2884 3895 virtutem
2933 3835 3186 3907 adipisci,
3215 3833 3507 3904 oportebat

1901 3943 2036 3987 sane
2061 3944 2185 3987 cum
2208 3930 2469 4002 pessimis
2511 3929 2724 3987 versari
2752 3943 2869 3995 eos,
2905 3927 2997 3998 qui
3032 3927 3174 3981 hanc
3199 3922 3509 3980 communi-

1905 4035 2039 4079 care
2068 4028 2310 4092 possent.
2353 4020 2491 4076 Cum
2540 4034 2673 4076 vero
2711 4019 2762 4074 id
2797 4015 3118 4088 perdimcile
3150 4013 3245 4078 sit,
3280 4018 3507 4081 prmstat

1907 4119 2024 4167 tuto
2050 4126 2214 4183 agere
2245 4121 2302 4167 et
2331 4109 2612 4181 improbos
2648 4109 2847 4165 vitare.
2886 4105 3167 4177 Siquidem
3198 4117 3328 4158 vero
3372 4100 3505 4154 nihil

1905 4204 2177 4260 commodi
2223 4204 2466 4260 referunt
2513 4202 2769 4272 improbi,
2818 4215 2939 4267 cur,
2987 4211 3218 4270 quasso,
3262 4193 3359 4250 tibi
3404 4191 3505 4262 ipsi

1906 4294 2105 4352 aﬁ‘erre
2132 4296 2392 4352 damnum
2422 4295 2655 4352 studes?

2193 4410 2426 4470 CDLXI.
2455 4441 2526 4452 --
2566 4407 2850 4464 HIERACI
2891 4403 3216 4464 DIACONO.

894 4493 1149 4550 Animum
1174 4510 1334 4566 quam
1374 4511 1564 4566 corpus
1597 4494 1834 4554 excolere
1865 4513 2110 4571 prestat.
2145 4504 2221 4559 De
2243 4505 2495 4559 societate
2525 4501 2803 4555 bonorum.

285 4626 353 4680 Ἥ
389 4625 553 4694 φύσις
577 4625 795 4700 ἀνάγκῃ
821 4628 917 4681 καὶ
944 4626 1090 4698 ὅροις
1117 4627 1346 4696 δέδεται,
1379 4630 1413 4700 ἡ
1442 4629 1498 4684 δὲ
1531 4629 1786 4702 προαίρε-

1967 4631 2174 4687 Natura
2208 4630 2520 4688 necessitati
2566 4628 2846 4699 certisque
2882 4635 2970 4684 est
3011 4624 3210 4681 ﬁnibus
3243 4623 3507 4685 astricta;

203 4735 292 4782 αις
316 4715 604 4787 ἐλευθερίᾳ
649 4717 743 4770 καὶ
773 4718 993 4791 ἐξουσία
1034 4720 1347 4792 τετίμηται.
1380 4721 1447 4774 Τί
1497 4720 1796 4792 τοιγαροῦν

202 4808 269 4861 τὸ
299 4809 458 4878 σῶμα
518 4807 899 4875 καλλωπίζων,
937 4811 1039 4882 τῆς
1065 4812 1244 4883 ψυχῆς
1288 4812 1555 4883 ἀμελεῖς;
1609 4811 1800 4884 Μυρία

209 4900 314 4971 μὲν
353 4900 468 4970 (44)
504 4901 598 4954 ἐὰν
634 4902 944 4973 μηχανήσῃ,
979 4903 1040 4955 τὸ
1062 4902 1300 4973 εἰδεχθὲς
1329 4902 1489 4974 σῶμα
1517 4902 1799 4975 εὔμορφον

203 4991 268 5044 οὐ
300 4993 563 5062 ποιήσεις.
607 4992 765 5062 Ῥᾷον
789 4993 845 5046 δὲ
878 4992 977 5062 τὴν
1012 4993 1191 5064 ψυχὴν
1223 4995 1303 5059 είς
1345 4994 1515 5064 αὐτὴν
1544 4993 1636 5047 τοῦ
1671 4994 1806 5049 κάλ-

205 5084 334 5147 λους
367 5083 683 5153 ἁναγάγοις,
717 5086 765 5136 εί
811 5083 1041 5155 βούλοιο,
1101 5085 1200 5156 τὴν
1245 5087 1530 5158 κορυφήν·
1593 5086 1691 5139 καὶ
1735 5086 1798 5140 τὸ

209 5173 335 5245 μὲν,
370 5177 418 5229 εί
448 5175 542 5228 καὶ
571 5175 795 5228 δυνατὸν
820 5170 911 5248 ἦν,
943 5176 1218 5245 ἀνωφελὲς
1246 5173 1315 5249 ἦν
1343 5178 1438 5233 καὶ
1467 5179 1794 5250 ἐπίφθονον·

207 5267 270 5321 τὸ
303 5267 359 5322 δὲ
391 5266 483 5323 καί
501 5268 796 5339 ὠφέλιμον,
815 5267 910 5322 καὶ
941 5267 1134 5338 φθόνου
1165 5272 1434 5341 κρεῖττον,
1467 5275 1561 5327 καὶ
1587 5273 1801 5344 βασκα-

209 5359 328 5420 νίας
395 5357 686 5429 ἀνώτερον.
754 5359 815 5413 Εἱ
871 5359 930 5414 δέ
979 5359 1220 5430 νομίζεις
1266 5362 1525 5418 δύσκολον
1556 5361 1699 5419 εἶναι
1737 5365 1801 5419 τὸ

212 5448 480 5520 ἀναϐῆναι
508 5451 600 5502 ἐπὶ
631 5449 726 5520 τὴν
750 5453 992 5524 κορυφὴν
1023 5453 1122 5522 τῆς
1160 5455 1383 5525 ἀρετῆς,
1418 5456 1656 5526 μάλιστα
1695 5457 1798 5525 μὲν

212 5540 351 5594 εἶσὶν
413 5543 464 5595 oi
521 5543 614 5597 καὶ
671 5544 828 5597 τοῦτο
881 5545 1196 5613 ἀνύσαντες,
1250 5549 1345 5602 καὶ
1401 5549 1463 5602 ἐκ
1496 5549 1591 5602 τοῦ
1631 5549 1794 5620 βυθοῦ

1898 4725 2186 4780 arbitrium
2243 4739 2373 4780 vero
2429 4723 2686 4778 libertate
2744 4735 2809 4776 ac
2887 4726 3160 4789 potestate
3223 4716 3511 4785 praeditum

1899 4825 2004 4873 est.
2032 4816 2144 4873 Cur
2174 4815 2344 4887 igitur
2388 4830 2592 4884 corpus
2638 4821 2895 4870 accurate
2933 4825 3212 4873 exornans
3267 4809 3510 4864 animam

1906 4907 2184 4978 negligis?
2240 4907 2481 4962 Tametsi
2536 4906 2684 4961 enim
2746 4900 3169 4958 innumerabilia
3229 4901 3509 4967 moliaris,

1907 5013 2109 5069 corpus
2130 4998 2378 5054 deforme
2409 4996 2612 5052 frustra
2664 4995 2968 5050 formosum
2998 4993 3220 5048 coneris
3256 4993 3510 5048 reddere.

1905 5089 1978 5141 At
2009 5101 2237 5157 pronum
2293 5097 2376 5140 est
2407 5098 2472 5139 ac
2500 5083 2659 5139 facile
2705 5083 2950 5138 animam
3001 5083 3070 5136 ad
3121 5096 3422 5145 summum,
3467 5082 3511 5137 si

1908 5179 2062 5245 libet,
2121 5176 2542 5250 pulchritudinis
2596 5175 2812 5230 culmen
2873 5175 3172 5230 adducere.
3251 5171 3317 5226 Et
3380 5173 3513 5227 illud

1903 5270 2148 5340 quidem,
2194 5270 2446 5341 quamvis
2504 5267 2619 5323 fieri
2678 5275 2880 5336 queat,
2916 5265 3110 5320 inutile
3145 5273 3325 5318 tamen
3355 5265 3425 5319 sit
3458 5273 3514 5317 et

1902 5364 2153 5419 odiosum
2184 5381 2198 5418 :
2228 5367 2329 5418 hoc
2358 5379 2489 5419 vero
2537 5361 2780 5434 perutile
2815 5369 2868 5414 et
2900 5369 3057 5413 extra
3093 5371 3315 5412 omnem
3369 5357 3511 5408 invi-

1902 5457 2051 5512 diam
2103 5457 2400 5526 odiumque
2437 5442 2696 5527 positum.
2741 5453 2798 5510 Si
2845 5461 3023 5507 autem
3081 5459 3240 5523 putes
3294 5447 3512 5504 difficile

1902 5565 2045 5619 esse,
2077 5559 2136 5606 ut
2166 5550 2292 5620 quis
2312 5551 2380 5604 ad
2399 5564 2673 5606 summum
2710 5547 2933 5603 virtutis
2960 5548 3171 5617 apicem
3207 5545 3517 5614 pertingat,

1331 5703 1562 5759 VAlU/E
1604 5703 1990 5762 LECTIOMLS
2033 5705 2119 5760 ΕΤ
2156 5704 2391 5762 ΝΟΤΛΞ..

293 5850 402 5921 {ei}
432 5851 571 5909 inter
605 5856 699 5925 μὲν
729 5865 780 5913 ct
822 5857 912 5912 εὰν
949 5859 1105 5916 tidem
1140 5870 1381 5916 lllSCl'Ulll
1412 5862 1535 5931 γὰρ.
1590 5861 1797 5919 l‘usstu.
