4122 6444
667 368 806 438 1595

1857 361 1899 422 S
1962 357 2253 420 ISIDORI
2290 353 2732 417 PELUSIOT.E

3787 339 3926 410 1596

665 494 794 538 sunt
828 491 1008 536 tamen
1062 477 1300 542 omnino,
1357 475 1448 546 qui
1496 489 1561 532 eo
1605 473 1959 544 perveniant,
2013 483 2229 541 atqnee

2338 468 2434 537 τῆς
2462 466 2662 530 κακίας
2718 464 2855 536 πρὸς
2899 463 3067 534 ἀκρον
3119 459 3528 533 ἀναϐεϐηκότες
3575 459 3801 533 ἀρετῆς.
3859 459 3926 518 ει

667 569 890 626 malitiae
940 568 1198 622 barathro
1225 568 1294 620 ad
1328 563 1546 618 virtutis
1580 563 1838 617 verticem
1879 559 2246 616 conscendere

667 657 935 714 nitantur.
960 653 1115 720 Quod
1146 653 1191 709 si
1219 653 1436 709 ditlieile
1477 653 1748 719 videatur,
1799 649 2013 706 discede
2045 649 2112 704 ab
2139 649 2244 702 im-

664 746 954 818 probitate,
986 753 1040 799 et
1097 743 1286 798 insiste
1318 743 1403 796 via
1453 756 1576 811 qua:
1635 741 1701 796 ad
1759 738 2014 794 virtutem
2072 735 2237 791 ducit.

665 834 819 906 Quod
851 837 896 890 si
938 836 1117 889 adhuc
1149 833 1360 889 modice
1387 833 1590 887 distare
1613 831 1882 894 videatur,
1912 827 2021 884 noli
2051 827 2242 881 existi-

664 943 815 986 mare
841 928 1133 984 modicum.
1155 925 1210 982 Id
1243 925 1334 980 ﬂet
1356 925 1399 979 si
1438 924 1613 980 noxiis
1633 923 1753 977 vita
1776 920 2040 976 institutis
2063 932 2241 989 neque

667 1019 744 1075 uti
775 1019 892 1089 ipse
924 1019 1091 1084 voles,
1133 1031 1308 1086 neque
1353 1016 1426 1072 iis
1456 1016 1548 1085 qni
1586 1021 1810 1070 utantur
1841 1013 1918 1068 sis
1950 1011 2256 1077 familiaris,

667 1110 830 1167 bonis
885 1121 1075 1166 contra
1111 1109 1246 1165 viris
1289 1123 1352 1164 ac
1413 1106 1645 1177 negotiis
1703 1105 1934 1174 teipsum
1995 1103 2230 1159 dederis.

663 1201 872 1258 Probas
923 1202 1161 1267 etenim,
1213 1200 1428 1256 tametsi
1489 1207 1542 1252 te
1589 1197 1842 1262 oderint,
1896 1194 2085 1267 iugere
2130 1209 2238 1250 non

662 1301 895 1365 oportet,
929 1299 982 1346 at
1009 1306 1137 1348 vero
1158 1293 1345 1352 malos.
1373 1290 1472 1346 etsi
1499 1299 1549 1346 te
1576 1295 1781 1344 ament.

824 1402 1073 1462 CDLXII.
1111 1434 1171 1448 —
1209 1399 1586 1460 THEODORO
1639 1397 2064 1459 AUGUSTALI.

2345 558 2405 612 δέ
2442 575 2525 612 σοι
2552 558 2810 612 δύσκολον
2839 551 2976 610 εἶναι
3007 555 3166 609 τοῦτο
3202 555 3379 620 δοκεῖ,
3411 552 3504 608 καὶ
3536 551 3806 624 ἀπόστηθι
3827 551 3926 621 τῆς

2345 650 2570 714 κακίας,
2601 650 2696 702 καὶ
2730 650 2862 719 ἅψαι
2886 647 2986 716 τῆς
3014 647 3106 700 ἐπὶ
3131 647 3232 716 τὴν
3250 643 3450 717 ἀρετὴν
3473 642 3746 714 φερούσης
3777 641 3921 697 ὀδοῦ·

2343 742 2404 796 τὸ
2432 742 2540 813 γὰρ
2565 740 2647 795 ἔτι
2681 741 2875 812 μικρὸν
2926 738 3118 793 ἑαυτοῦ
3173 737 3474 809 διαφέρειν,
3523 736 3584 789 ού
3610 735 3694 788 δεῖ
3730 733 3924 804 μικρὸν

2343 834 2619 906 ἡγεῖσθαι.
2652 833 2823 889 Τοῦτο
2853 831 2910 886 δὲ
2939 831 3114 896 ἔσται,
3135 832 3204 884 -εί
3236 833 3352 894 τοῖς
3390 828 3489 900 μὲν
3519 827 3774 900 πονηροῖς
3799 826 3922 878 ἑπι-

2353 924 2655 996 τηδεύμασι
2703 926 2840 996 μήτε
2887 923 3050 987 αὐτὸς
3095 918 3333 994 χρῆσθαι
3389 918 3733 991 βουληθείης,
3783 917 3923 987 μήτε

2342 1019 2454 1082 τοῖς
2475 1016 2780 1089 χρωμένοις
2823 1014 3085 1087 χρῆσθαι,
3109 1016 3220 1079 τοῖς
3254 1013 3312 1067 δὲ
3339 1010 3563 1082 ἀγαθοῖς
3603 1009 3701 1064 καὶ
3735 1008 3921 1079 πράγ-

2349 1125 2484 1181 μασι
2514 1109 2608 1162 καὶ
2655 1107 2884 1179 ἀνδράσι
2936 1105 3232 1177 συνάψειας
3267 1104 3483 1160 σαυτόν.
3513 1103 3650 1166 Τοὺς
3687 1101 3786 1172 μὲν
3814 1100 3924 1171 γάρ

2337 1200 2579 1270 ἀγαθοὺς
2602 1200 2723 1254 οὐδὲ
2757 1197 3082 1271 μισούμενον
3105 1197 3329 1269 φεύγειν
3357 1195 3487 1268 χρὴ,
3513 1194 3644 1260 τοὺς
3665 1192 3726 1248 δὲ
3757 1209 3924 1263 πονη-

2337 1292 2465 1362 ροὺς
2490 1291 2586 1345 καὶ
2614 1290 2964 1362 φιλούμενον.

2544 1402 2712 1458 rae.
2745 1434 2818 1444 —
2842 1401 3146 1472 asceam
3193 1398 3698 1470 ΑΥΓΟΥΣΤΔΛΙῼ.

1267 1495 1580 1550 Comitalem
1610 1496 1786 1566 potius
1813 1510 1971 1564 quam
1999 1493 2303 1565 superbiam
2333 1507 2384 1554 et
2413 1500 2614 1567 Iustum
2643 1498 3026 1569 imperantibus
3054 1495 3351 1549 convenire.

730 1607 848 1664 Non
878 1608 1170 1679 superbum
1204 1609 1514 1679 elatumque
1552 1608 1830 1679 ingenium
1866 1607 2234 1678 adimperano

659 1699 786 1756 dum
826 1714 948 1755 cum
995 1699 1133 1755 fastu
1175 1713 1234 1755 se
1277 1701 1413 1755 dans
1467 1698 1779 1768 reipublicae
1827 1697 2230 1769 gubernanda,

2409 1615 2486 1670 οὐ
2514 1613 2576 1667 τὸ
2595 1611 2912 1678 ἀλαζονικὸν
2943 1613 3039 1666 καὶ
3078 1609 3385 1682 ύπίρογκον
3413 1607 3611 1678 δεῖγμα
3668 1607 3921 1677 ἀρχοντι-

2338 1702 2437 1758 κοῦ
2464 1705 2634 1768 ἐστιν,
2658 1702 2735 1766 ὡς
2765 1704 2895 1773 ἡγῇ,
2929 1703 3296 1774 φρονήματος,
3331 1698 3469 1755 ἀλλά
3496 1699 3556 1753 τὸ
3587 1697 3794 1770 ἥμερον
3827 1696 3920 1750 καὶ

659 1799 720 1844 ut
747 1790 1046 1855 existimas,
1086 1801 1269 1856 aptum
1297 1799 1400 1858 est,
1450 1789 1545 1845 sed
1593 1788 1725 1844 mite
1750 1787 1932 1860 potius
1979 1803 2044 1843 ac
2075 1785 2229 1843 facile

2338 1791 2676 1862 εὐπρόσιτον,
2709 1790 2806 1844 καὶ
2843 1790 2905 1844 τὸ
2935 1790 3102 1843 πᾶσιν
3138 1790 3254 1859 μετ’
3279 1788 3583 1851 ἐπιεικείας
3608 1785 3919 1859 προσφέρε-

659 1882 1019 1954 omnibusque
1067 1897 1128 1939 se
1175 1898 1239 1939 ex
1298 1896 1453 1952 equo
1487 1880 1914 1938 accommodans
1952 1878 2232 1948 ingenium

2341 1882 2506 1936 σθαι.·
2551 1882 2762 1936 Ἐκεῖνο
2797 1880 2897 1952 μὲν
2948 1881 3058 1952 γὰρ
3107 1879 3477 1951 θηριοπρεπὲς
3517 1878 3612 1932 καὶ
3665 1876 3914 1947 ὀφιῶδες,

660 1972 1060 2044 praeferendum
1090 1980 1195 2031 est.
1249 1973 1382 2029 lllud
1417 1972 1637 2045 quidem
1680 1971 1911 2028 ferinum
1958 1970 2118 2042 plane
2151 1979 2229 2027 est

2340 1970 2499 2027 τοῦτο
2526 1970 2583 2026 δὲ
2615 1970 2864 2043 ἀρχικὸν,
2896 1971 2993 2024 καὶ
3017 1974 3128 2034 τοῖς
3163 1971 3423 2042 ὑπηκόοις
3451 1968 3913 2030 λυσιτελέστατον.

662 2081 726 2121 ac
777 2067 1080 2137 viperinum
1140 2085 1154 2121 :
1213 2066 1318 2123 hoc
1365 2074 1555 2122 contra
1613 2074 1799 2135 aptum
1860 2065 2111 2134 imperio,
2170 2077 2229 2120 ac

2343 2062 2419 2119 Οὐ
2462 2063 2576 2135 γάρ
2621 2062 2731 2117 ἀπὸ
2774 2063 3144 2134 φρονήματος,
3171 2062 3287 2117 ἀλλ’
3321 2060 3429 2116 ἀπὸ
3460 2061 3776 2134 φρονήσεως
3808 2059 3917 2114 τῶν

659 2159 896 2215 subditis
928 2158 1085 2229 longe
1119 2159 1489 2215 utilissimum.
1541 2156 1730 2228 Neque
1767 2157 1910 2213 enim
1943 2155 2109 2222 fastu,
2139 2156 2229 2213 sed

2342 2155 2629 2228 ἡγεμόνων
2666 2153 2736 2210 τά
2761 2153 2870 2208 τῶν
2898 2153 3156 2224 ὑπηκόων
3187 2150 3543 2223 κατορθοῦται
3591 2151 3913 2223 πράγματα.

659 2249 946 2314 prudentia
982 2247 1362 2318 prafectorum
1401 2263 1488 2305 res
1517 2248 1888 2320 subiectorum
1927 2246 2229 2303 instauran-

2339 2246 2417 2301 Τὸ
2450 2244 2673 2318 μὲνγὰρ
2706 2245 2802 2300 καὶ
2822 2246 3004 2311 αὐτοῖς
3029 2245 3124 2300 καὶ
3140 2245 3254 2308 τοῖς
3282 2243 3605 2316 ἀρχομένοις
3624 2240 3915 2314 σφαλερὸν.

663 2348 767 2394 tur.
787 2338 881 2394 ille
899 2342 1042 2396 enim
1057 2341 1304 2413 utrisque
1320 2357 1509 2414 parum
1531 2350 1699 2407 tutus,
1711 2341 1828 2397 haec
1843 2354 1972 2396 vero
1993 2341 2229 2412 utrisque

2338 2338 2374 2410 ἡ
2432 2337 2491 2392 δὲ
2539 2337 2822 2408 ἑκατέροις
2877 2337 3128 2408 ἀσφαλής
3148 2351 3164 2368 ο
3194 2337 3308 2398 τοῖς
3353 2334 3454 2407 μὲν
3483 2335 3618 2408 (85),
3645 2335 3696 2388 si
3725 2333 3786 2388 τὸ
3813 2333 3915 2405 ἀρ-

661 2439 809 2487 tuta:
831 2431 954 2487 istis
976 2433 1193 2504 quidem
1221 2433 1268 2489 si
1291 2432 1577 2504 imperium
1597 2431 1665 2490 ad
1691 2431 2004 2504 popularem
2033 2441 2229 2489 statum

2338 2431 2493 2502 χικδν
2519 2432 2614 2487 ιπὶ
2649 2433 2711 2487 τὺ
2733 2429 3172 2503 δημοτικώτερον
3203 2429 3380 2486 νεύειν
3401 2428 3775 2483 ἀναπείθοιεν·
3801 2425 3914 2489 τοις

659 2533 903 2591 spectare
926 2526 1185 2592 creditur,
1214 2525 1299 2582 bis
1329 2540 1456 2581 vero
1484 2525 1530 2581 si
1559 2524 1871 2582 dominandi
1904 2521 2229 2599 [libidinem]

2338 2521 2418 2586 δὲ,
2471 2523 2520 2576 εί
2576 2523 2679 2594 τὴν
2728 2522 3028 2576 ἐπιείκειαν
3067 2521 3168 2593 τὴν
3216 2517 3552 2592 ἡγεμονικὴν
3583 2519 3666 2583 τίς
3697 2516 3917 2587 ἀγάπην

659 2627 866 2683 amore,
901 2615 995 2686 qui
1031 2614 1283 2670 timorem
1318 2616 1510 2683 vincit,
1540 2624 1871 2685 permutant.

2341 2611 2565 2685 μείζονα
2581 2612 2678 2668 τοῦ
2700 2612 2870 2684 φόϐου
2900 2612 3277 2684 τυγχάνουσαν
3305 2609 3578 2683 τρέφοιεν.

1104 2723 1378 2784 CDLXl'll.
1408 2756 1479 2768 —
1500 2724 1776 2785 ALYPIO.
2845 2723 3009 2779 TEF'.
3041 2752 3110 2766 --
3131 2723 3411 2797 ΛΔΥΠΙῼ.

1578 2818 1806 2876 Theatra
1838 2820 2078 2889 uitanda,
2111 2827 2169 2874 ut
2203 2817 2473 2874 libidinosi
2506 2816 2705 2872 amoris
2741 2816 2996 2872 scholam.

727 2926 955 2985 Theatri
1007 2928 1261 3000 quisquis
1305 2929 1501 2988 insano
1547 2945 1735 2986 amore
1777 2941 1972 3002 captus
2019 2941 2145 3000 est,
2201 2946 2229 2987 ο

2423 2930 2482 2986 '0
2505 2929 2900 3002 Θεατρομανὴς,
2934 2922 2981 2983 ὦ
3015 2927 3278 3001 βέλτιστε,
3301 2929 3660 3001 ἐρωτομανὴς
3685 2927 3913 2997 γίνεται.

653 3021 859 3090 optime
905 3021 1172 3086 virorum,
1211 3023 1440 3078 insanus
1489 3023 1729 3080 vicissim
1769 3039 1835 3080 ac
1873 3025 2120 3095 perditus
2169 3023 2229 3080 lit

2338 3020 2510 3090 οτῦγι
2531 3021 2709 3075 τοίνυν
2736 3020 2931 3082 ὲκετνο,
2960 3019 3049 3076 ἵνα
3075 3019 3153 3093 μὴ
3195 3020 3355 3075 τοῦτο
3390 3020 3628 3092 τεχθείη.
3659 3023 3916 3092 ’Δμιινον

655 3121 893 3169 amator.
947 3110 1086 3168 Illud
1143 3111 1329 3183 itaque
1370 3113 1566 3169 vitium
1613 3113 1851 3181 declina,
1907 3129 1978 3171 ne
2029 3115 2084 3171 in
2129 3116 2229 3172 hoc

2338 3111 2447 3184 γάρ
2473 3110 2550 3188 μὴ
2580 3109 2878 3185 ῥιζωθῆναι
2913 3111 3015 3183 τὴν
3039 3113 3214 3177 νόσον,
3241 3113 3276 3184 ἢ
3317 3113 3643 3186 ῥιζωοεῐσαν
3669 3114 3915 3169 ἀνασπα-

653 3201 884 3258 incidas.
927 3199 1160 3258 Prtestat
1204 3203 1352 3259 enim
1384 3204 1631 3262 morbum
1662 3203 1875 3261 radices
1905 3219 2012 3260 non
2046 3218 2229 3276 agere,

2344 3200 2562 3274 σθῆναι,
2601 3201 2738 3273 ὅπερ
2788 3200 2902 3254 τισὶ
2955 3200 3056 3272 μὲν
3112 3199 3393 3272 δύσκολον,
3425 3202 3537 3258 τισὶ
3566 3202 3914 3260 δὶάδύνατυν

652 3305 814 3359 quam
835 3291 1000 3364 iactis
1022 3291 1134 3359 lam
1166 3292 1440 3348 radicibus
1468 3293 1724 3364 avellere,
1743 3293 1886 3365 quod
1904 3295 2229 3367 quibusdam

2341 3291 2479 3354 εἶναι
2500 3298 2653 3353 δοκεῖ
2686 3295 2824 3371 (46).

651 3380 888 3448 dimcile,
925 3383 1048 3438 aliis
1072 3397 1202 3439 vero
1230 3385 1396 3441 etiam
1429 3385 1766 3455 impossibile
1788 3388 2054 3444 videatur.

820 3495 990 3569 696
1013 3494 1288 3555 CDLXIV.
1317 3524 1390 3539 -
1416 3495 1693 3554 DIOGENI
1737 3496 2060 3556 DlACONO.

2638 3499 2801 3558 ΥΞΔ¹.
2822 3531 2893 3542 -
2916 3500 3228 3558 ΔΙΟΓΕΝΕΙ
3273 3503 3598 3576 ΔΙΔΚΟΝῼ.

1973 3591 2146 3648 Amici
2175 3607 2282 3648 non
2311 3594 2607 3649 deserendi.
2875 3631 2910 3664 χ

722 3696 856 3754 Cum
907 3712 1168 3769 germano
1211 3699 1537 3772 sinceroque
1582 3715 1770 3760 amore
1822 3702 2075 3760 fiduciam
2122 3704 2218 3759 ha-

2402 3704 2515 3776 Τῆς
2545 3705 2776 3776 γνησίας
2805 3708 2899 3762 καὶ
2922 3707 3250 3782 εἰλικρινοῦς
3285 3711 3472 3782 φιλίας
3515 3712 3577 3767 τδ
3617 3713 3774 3778 add;
3819 3716 3910 3786 ιτ.

650 3788 782 3844 bere
838 3790 1220 3859 spoponderis,
1274 3806 1395 3859 cur,
1455 3806 1659 3862 quaso,
1721 3795 1929 3852 amicos
1980 3794 2229 3853 illosttne

2338 3798 2640 3870 γυωμένης,
2669 3799 2736 3853 δι’
2764 3800 2832 3872 ἣν
2885 3802 3062 3858 αἰτίαν
3099 3803 3262 3866 αὐτὸς
3294 3807 3421 3870 τοὺς
3444 3806 3908 3877 ὲμπιστευθίντας

652 3878 977 3934 commissos
1007 3879 1133 3936 fidei
1166 3881 1220 3936 in
1278 3891 1524 3952 apertum
1553 3885 1835 3956 conjecistl
1891 3885 2229 3956 periculum?

2338 3904 2412 3942 σοι
2434 3889 2584 3960 παρά
2614 3889 2723 3944 τῶν
2753 3891 2922 3960 φίλων
2948 3895 3028 3957 είς
3053 3888 3331 3963 προῦπτον
3364 3895 3594 3969 ἔρριψας
3627 3897 3906 3962 κίνδυνονς

651 3967 757 4024 Sed
788 3969 1040 4025 fortassis
1079 3972 1230 4027 rudis
1279 3972 1395 4044 ipse
1427 3987 1569 4030 rem
1598 3989 1657 4031 es
1696 3975 1972 4045 amicitiae,
2008 3977 2229 4037 minime

2339 3981 2477 4036 Ἀλλ’
2517 3981 2648 4047 ῐσως
2676 3982 2863 4052 φιλίας
2905 3983 3230 4057 εἰλικρινοῦς
3257 3967 3518 4056 ἄγευστος
3560 3987 3635 4042 ὣν
3668 3989 3760 4045 καὶ
3788 3988 3910 4044 ἀτι-

650 4073 756 4130 que
784 4061 1054 4130 perfectus
1083 4063 1188 4119 hoc
1221 4065 1413 4120 fecisti.

1065 4168 1319 4226 CDLXV.
1349 4199 1422 4212 —
1447 4170 1809 4228 ASCLEPIO.

2329 4075 2518 4141 λιστος
2540 4075 2699 4130 τοῦτο
2731 4076 3024 4149 διεπράξω.

2775 4183 2941 4239 τῖεν.
2974 4214 3046 4225 -
3074 4187 3451 4260 ΔΣΚΛΗΠῙῼ.

1285 4257 1486 4315 Cedant
1520 4277 1670 4315 arma
1704 4271 1859 4332 togw.
1886 4262 2054 4319 Cicer.
2115 4278 2133 4317 ι
2197 4264 2346 4339 Οπὶε.
2385 4279 2434 4324 et
2455 4281 2641 4326 contra
2675 4273 2731 4328 in
2772 4272 3094 4330 Mureniana
3116 4285 3255 4332 orat.

718 4371 1162 4442 Quandoquidem
1189 4375 1478 4430 ostendere
1504 4374 1738 4432 fortasse
1763 4383 1916 4449 cupis
1944 4379 2230 4451 sapientiae

2418 4387 2634 4460 Ἐπειδὴ
2661 4386 2830 4454 δεῖξαι
2888 4391 3019 4456 ἴσως
3067 4391 3389 4462 βουλόμενος
3435 4394 3533 4464 τῆς
3579 4395 3774 4464 σοφίας
3812 4399 3906 4469 τῆς

653 4467 815 4535 hujus
871 4469 1056 4522 mundi
1102 4467 1349 4523 bellicam
1382 4477 1645 4538 prtestare
1691 4470 2086 4541 fortitudinem,
2118 4493 2217 4546 op.

2338 4480 2596 4550 ιιοσμικῆς
2620 4481 2906 4551 κρείττονα
2939 4483 3037 4555 τὴν
3083 4486 3142 4537 ὲν
3198 4488 3312 4550 τοῖς
3347 4486 3606 4558 πολέμοις
3631 4467 3901 4558 ἀνδρείαν,

650 4558 808 4626 ponis
864 4558 1018 4615 nobis
1063 4569 1337 4615 oratorem
1383 4562 1650 4617 dicentem
1690 4579 1703 4614 :
1745 4565 2019 4630 Quantum
2077 4570 2222 4636 quod

647 4658 859 4718 aperte,
901 4664 1061 4721 quam
1093 4651 1234 4720 quod
1284 4652 1424 4706 clam
1485 4653 1721 4722 geritur,
1759 4656 1952 4714 melius
2000 4669 2122 4727 est;
2167 4671 2223 4718 et

646 4743 862 4798 vincere
892 4753 1081 4811 aperto
1105 4743 1296 4810 Marte,
1335 4760 1498 4814 quam
1528 4747 1920 4818 supplantando
1954 4762 2218 4819 evertere,

649 4832 1098 4890 honoriﬁcentius
1131 4836 1369 4894 'exsistit
1400 4854 1413 4893 :
1445 4837 1526 4893 sic
1575 4850 1629 4892 et
1687 4841 1972 4898 honestius
2019 4843 2121 4899 fuit
2157 4860 2221 4901 ac

648 4924 967 4982 laudabilius
992 4942 1021 4982 a
1043 4927 1262 4985 Conone
1289 4931 1445 4996 duce,
1466 4946 1629 5000 qnam
1653 4948 1681 4987 a
1707 4933 2073 4994 Themistocle
2101 4955 2221 4994 mu-

649 5030 739 5071 ros
767 5017 1173 5076 Atheniensium
1209 5023 1490 5078 constitui.
1519 5024 1620 5080 llic
1647 5025 1789 5080 enim
1827 5028 1989 5095 clam,
2017 5030 2106 5086 ille
2138 5032 2220 5086 vi-

648 5120 768 5163 etor
786 5123 972 5164 eorum
989 5115 1080 5182 qui
1111 5115 1530 5183 prohibuissent,
1549 5115 1748 5173 eﬂ'ecit.
1776 5117 1908 5176 illud
1934 5123 2219 5191 confirmo,

649 5214 822 5266 neque
842 5203 979 5256 hanc
999 5219 1172 5274 neque
1195 5207 1338 5261 illam
1365 5209 1754 5277 recipiendam,
1781 5212 1876 5267 sed
1903 5214 2221 5283 sapientiam

648 5289 865 5355 quidem
898 5291 1063 5359 illam,
1089 5294 1192 5350 nisi
1235 5296 1411 5352 divina
1444 5299 1667 5354 scientia
1703 5301 2003 5371 instruatur
2024 5345 2038 5370 ,
2074 5306 2222 5361 nihili

2330 4571 2681 4643 ἀπετείχισας
2709 4574 2841 4643 ἡμῖν
2859 4575 2952 4628 τὸν
2985 4577 3192 4650 ῥήτορα
3214 4579 3492 4648 φάσκοντα
3511 4595 3526 4610 ⁸
3554 4577 3708 4651 Ὀσῳ
3725 4581 3785 4634 τὺ
3809 4598 3905 4650 φα-

2329 4663 2500 4735 νερῶς
2525 4664 2620 4719 τοῦ
2654 4666 2828 4738 λάθρα
2861 4672 3126 4737 κρεῖττον,
3148 4673 3242 4725 καὶ
3266 4673 3328 4726 τὸ
3369 4673 3689 4745 νικῶντας-ἠ
3730 4690 3903 4745 παρει-

2330 4759 2738 4830 κρουσαμένους
2767 4763 3030 4832 πράττειν
3068 4765 3248 4818 ὁτιοῦν
3279 4767 3640 4837 ἐντιμότερον,
3668 4770 3901 4838 τοσούτῳ

2331 4850 2547 4904 κάλλιον
2601 4853 2828 4906 Κόνωνα
2870 4852 2940 4906 τά
3001 4854 3156 4926 τείχη
3211 4857 3407 4927 στῆσαι
3453 4856 3899 4928 Θεμιστοκλέους.

2341 4941 2403 4996 '0
2439 4943 2538 5012 μὲν
2569 4941 2676 5014 γάρ
2713 4941 2912 5007 λαθὼν,
2971 4945 3000 4999 ὁ
3059 4946 3115 5001 δὲ
3145 4949 3372 5020 νικήσας
3401 4949 3528 5013 τοὺς
3554 4948 3901 5013 κωλύσαντας

2329 5033 2502 5088 ταῦτα
2516 5035 2791 5104 εποίησεν.
2828 5035 3034 5091 Ἐκεῖνύ
3062 5056 3226 5110 φημι,
3263 5039 3346 5095 ὃτι
3374 5042 3609 5114 μάλιστα
3655 5043 3753 5114 μὲν
3781 5043 3899 5095 οὔτε

2329 5125 2553 5198 ταύτην,
2591 5126 2713 5182 οὔτε
2745 5130 2960 5202 ἐκείνην
2990 5131 3365 5206 ἀποδεχόμεθα
3390 5151 3403 5166 ·
3435 5136 3571 5189 ἀλλὰ
3616 5137 3716 5206 τὴν
3766 5138 3894 5207 μὲν,

2330 5218 2379 5271 εί
2411 5221 2485 5290 μὴ
2511 5221 2811 5294 κοσμηθείη
2838 5226 2901 5295 τῇ
2929 5223 3049 5297 Θείᾳ
3068 5226 3370 5292 παιδεύσει,
3393 5228 3546 5282 οὐδὲν
3572 5223 3712 5282 εἶναι
3736 5228 3898 5299 ἡγού-

2336 5310 2505 5380 μεθα·
2538 5313 2638 5384 τὴν
2667 5314 2724 5366 δὲ
2751 5315 3068 5387 κακίζομεν.
3119 5319 3446 5374 Ἀδικεῑσθαι
3480 5321 3608 5392 γὰρ.
3655 5322 3753 5374 οὐκ
3786 5322 3894 5375 ἀδι-

647 5380 1015 5452 testimamus,
1066 5385 1209 5442 illam
1257 5396 1435 5445 autem
1477 5394 1876 5463 vituperamus.
1939 5393 2229 5452 Didicimus

2338 5405 2440 5454 ιείν
2474 5380 2897 5478 μεμαθήκαμεν.
2931 5380 3206 5483 ’Ᾱνδρείαν
3231 5411 3287 5466 δὲ
3307 5380 3610 5485 ἡγούμεθα,
3642 5413 3738 5486 τὴν
3764 5414 3897 5467 κατὰ

1741 5550 1980 5607 VARIE
2019 5552 2403 5613 LECTlONES
2443 5559 2528 5614 ΕΤ
2569 5559 2803 5618 ΝΟΤΆΕ.

654 5685 999 5819 rogare“
1025 5698 1124 5772 μὲν
1162 5702 1495 5776 εὰάιιηιγάρ
1542 5705 1695 5763 codd.
1731 5707 1846 5764 Val.
1882 5710 1983 5767 650
2013 5726 2063 5770 et
2111 5716 2212 5770 Alt.

2345 5789 2363 5801 ι
2408 5720 2608 5843 (ί6)¹ῐιι
2649 5723 2750 5778 fine.
2783 5737 2862 5793 cp.
2899 5738 2993 5793 pro
3019 5722 3165 5778 δοκεί
3207 5724 3353 5782 solus
3394 5723 3566 5782 Villio.
3622 5725 3726 5784 650
3756 5728 3895 5799 ponit

2345 5807 2495 5843 502(0).
2552 5811 2603 5843 Ι).

2339 5807 2495 5844 Οθίζω.
2532 5807 2603 5848 ID.
