4122 6442
149 402 285 471 1597

1043 389 1585 455 EPISTOLARUM
1625 389 1772 449 LIB.
1811 389 1962 448 V.—
2002 387 2248 449 EPIST.
2288 384 2600 449 CDLXIX.

3327 365 3467 434 1598

145 528 256 582 τῶν
276 516 556 589 δυσχερῶν
583 511 911 588 ὑπεροψίαν,
943 509 1037 565 καὶ
1083 511 1141 562 τδ
1165 507 1432 578 γενναίως
1459 506 1648 576 φέρειν
1673 502 1744 556 τὰ
1781 509 1795 565 1

1875 504 1998 560 enim
2021 502 2320 560 Christiani
2347 503 2602 573 accipere
2627 514 2794 572 quam
2825 496 3008 554 facere
3031 489 3288 562 iniuriam
3307 488 3468 559 longe

147 610 540 684 συμϐαίνοντα.
577 609 641 662 El
670 607 728 660 δὲ
752 605 857 676 χρή
893 622 946 658 τι
999 603 1095 657 καὶ
1143 602 1281 674 πρὸς
1305 599 1396 653 τὸν
1428 599 1638 671 ῥήτορα
1667 598 1748 684 εί-

143 706 293 768 πεῖν,
310 701 516 773 εἴποιμ’
555 700 655 755 ἄν’
711 698 855 751 Ἀλλ’
895 698 925 750 δ
982 695 1147 766 σοφία
1199 691 1644 765 περιγενόμενος,
1703 683 1749 743 ὦ

147 794 400 866 ῥητόρων
435 793 648 864 ἄριστε,
683 789 842 858 δῆλος
861 783 932 859 ἦν
947 788 1030 842 ὃτι
1053 787 1148 840 καὶ
1172 786 1424 856 νικήσας,
1452 784 1500 835 εί
1526 780 1750 854 συνέϐη,

143 885 408 956 πολεμῶν
442 881 780 954 περιεγένετ’
806 880 872 935 ἂν
898 880 1188 951 μείζονωςο
1220 881 1248 932 ὁ
1273 878 1330 930 δὲ
1355 873 1580 946 ἀνδρείᾳ
1614 892 1756 946 κρα-

145 979 325 1049 τήσας
358 977 556 1049 ἄδηλος
593 971 685 1047 ἦν,
721 975 773 1028 εί
808 973 974 1046 σοφία
1023 972 1376 1044 περιεγένετο
1424 969 1537 1034 τοῖς
1568 967 1755 1031 ὅπλοις

146 1070 427 1144 ἡττηθείς.

656 1347 838 1418 γεςν.
869 1375 940 1387 -
975 1344 1260 1402 ΖΗΝοΝι.

1858 611 1982 653 esse
2016 598 2385 668 praestantius.
2421 593 2832 650 Fortitudinem
2861 589 3010 646 enim
3043 584 3425 643 existimamus
3451 620 3469 644 ,

1859 704 2045 744 rerum
2077 704 2200 746 esse
2224 687 2523 743 diiiicilium
2555 683 2969 756 despicientiam
2990 724 3006 749 ,
3035 687 3093 734 et
3123 691 3312 734 eorum
3348 687 3470 744 qua:

1864 779 2123 835 accidunt
2186 780 2554 836 tolerantiam.
2622 775 2765 844 Quid
2815 786 2950 830 vero
3006 767 3217 827 oratori
3276 765 3353 820 illi
3400 763 3473 818 sit

1863 871 2304 942 respondendum
2325 912 2342 938 ,
2374 871 2455 926 sic
2504 869 2706 926 habeto
2738 887 2752 924 ι
2787 865 2832 922 Ο
2866 866 3148 920 rhetorum
3199 864 3472 930 praestan-

1857 962 2108 1030 tissime,
2151 963 2404 1034 quisquis
2437 961 2709 1033 sapientia
2747 957 3000 1030 superior
3041 952 3250 1017 evasit,
3301 946 3475 1019 magis

1859 1054 2200 1121 inclarescit,
2234 1071 2405 1126 quam
2452 1055 2628 1111 victor
2669 1052 2762 1124 qui
2811 1048 3106 1121 pugnando
3155 1042 3340 1100 evadit
3383 1054 3477 1095 su-

1857 1146 2065 1218 perior.
2100 1146 2388 1204 Fortitudo
2431 1154 2615 1203 autem
2651 1146 2878 1201 vincens
2907 1142 3214 1214 ignoratur,
3255 1137 3303 1193 si
3344 1149 3478 1206 pru-

1859 1239 2044 1296 dentis
2075 1238 2249 1296 armis
2271 1249 2586 1311 superetur.

2323 1345 2609 1405 COLXVI.
2640 1378 2715 1388 —
2739 1343 3020 1404 ZENONL

298 1441 647 1514 Hermogenis
676 1437 906 1510 episcopi
936 1437 1078 1500 laus,
1099 1442 1149 1490 si
1179 1433 1453 1490 modestia:
1482 1431 1910 1506 Ιιιιπιὶίίιαιῑεᾳιιο
1939 1438 2355 1497 commendatio.
2385 1437 2478 1511 (Ut
2509 1449 2561 1495 st
2586 1454 2752 1509 supra
2782 1439 2939 1509 epist.
2967 1435 3077 1493 558
3105 1444 3154 1491 et
3179 1431 3332 1504 H8.)

239 1554 582 1628 Ἑρμογένης
603 1554 634 1607 ό
669 1551 994 1613 ἐπίσκοπος,
1036 1546 1263 1616 ἀγαθὸς,
1287 1545 1336 1600 εί
1359 1544 1455 1600 καί
1475 1562 1562 1610 τις
1587 1543 1750 1610 ἄλλος

153 1647 406 1718 γέγονεν,
433 1647 593 1717 ἁνήρ.
618 1640 864 1718 Τραφεὶς
887 1640 998 1712 γὰρ
1026 1638 1087 1694 ιν
1110 1639 1228 1701 τοῖς
1257 1635 1354 1690 τοῦ
1383 1634 1627 1710 Χριστοῦ
1663 1636 1755 1690 νό-

159 1756 307 1812 μοις,
352 1734 662 1798 παιδευθεὶς
707 1731 764 1786 δὲ
819 1733 880 1786 ἑν
906 1732 1018 1795 τοῖς
1047 1727 1431 1792 ἁποστολικοῖς
1459 1725 1758 1799 παραδείγ-

1939 1550 2245 1626 Episcopus
2297 1552 2677 1625 Hermogenes
2731 1551 2941 1622 probus
2985 1548 3070 1604 vir
3105 1556 3212 1614 est,
3263 1547 3310 1602 sl
3355 1545 3480 1617 quis

1863 1644 2024 1702 alius.
2056 1646 2333 1703 Educatus
2360 1644 2508 1701 enim
2541 1645 2598 1700 in
2628 1642 2834 1700 Christi
2859 1636 3276 1712 lege,exemplis
3295 1645 3479 1694 autem

1868 1735 2153 1792 institutus
2188 1735 2529 1806 apostolicis,
2562 1735 2822 1805 episcopo
2853 1746 2985 1788 vero
3014 1732 3177 1800 digna
3211 1727 3379 1783 sentit
3425 1734 3482 1782 et

159 1846 352 1903 μασιν,
392 1826 703 1898 ἐπισκοπῆς
743 1824 800 1878 δὲ
825 1821 954 1887 ἄξια
987 1821 1082 1876 καὶ
1107 1820 1386 1893 φρονήσας
1402 1819 1498 1874 καὶ
1516 1818 1753 1890 πράξας,
1787 1827 1795 1886 j

1875 1827 2204 1898 exsequitur.
2248 1825 2617 1896 Temporibus
2655 1839 2789 1880 vero
2831 1821 3247 1879 accommodam
3277 1820 3481 1874 famam

163 1919 492 1993 ωνηθῶσαν
523 1919 637 1988 (Η)
666 1915 745 1988 τῷ
798 1915 980 1987 χρόνῳ
1025 1914 1124 1986 τὴν
1157 1913 1316 1978 δόξαν
1345 1915 1441 1968 καὶ
1468 1912 1568 1983 τὴν
1594 1910 1762 1983 τιμὴν

160 2014 448 2086 κέκτηται.
493 2011 552 2066 '0
578 2010 691 2081 γὰρ
719 2012 832 2073 τοῖς
857 2007 1042 2072 ἄλλοις
1053 2009 1169 2072 τοῖς
1199 2005 1301 2077 τὴν
1333 2004 1540 2078 ἀρετὴν
1560 2002 1765 2058 ἀσκοῦ-

162 2123 250 2162 σιν
312 2103 719 2176 ἀντοφθαλμεῖν
782 2099 1179 2175 μεμελετηκὼς
1223 2098 1441 2170 φθόνος,
1473 2097 1652 2168 τούτῳ
1675 2097 1765 2151 διὰ

165 2197 231 2252 τό
271 2195 506 2267 μέγεθος
527 2195 630 2265 τῆς
677 2193 988 2264 πραότητος
1025 2191 1252 2261 καὶτῆς
1289 2188 1768 2264 μετριοφροσύνης

161 2288 273 2342 οὐδ’
335 2284 655 2357 ἀντιϐλέψαι
704 2285 1031 2356 ἐτόλμησεν.
1092 2283 1160 2337 Ἦ
1209 2283 1318 2353 γάρ
1375 2281 1515 2352 πρὸς
1563 2279 1636 2334 τὰ
1679 2282 1768 2334 ἑν-

161 2378 425 2444 δοξότατα
482 2377 592 2434 τῶν
655 2377 835 2448 ἔργων
885 2377 1190 2450 σύντροφος
1238 2374 1518 2446 ἀγρυπνία
1557 2390 1770 2446 κοσμη-

164 2472 325 2527 θεῖσα
375 2473 450 2544 τῇ
497 2468 995 2544 ταπεινοφροσύνῃ,
1057 2469 1152 2524 καὶ
1195 2467 1287 2524 τὸν
1314 2467 1422 2522 τῶν
1454 2466 1768 2522 καλλίστων

163 2564 424 2636 λυμεῶνα
453 2564 649 2633 φθόνον
707 2560 1179 2617 κατεδουλώσατο.
1210 2559 1275 2616 Εί
1322 2559 1505 2616 τοίνυν
1540 2560 1633 2615 καὶ
1666 2559 1768 2613 αὖ·

163 2655 258 2719 τὸς
285 2656 412 2708 κατ’
445 2655 594 2724 ῖχνος
619 2653 833 2708 ἑκείνου
861 2653 1082 2724 βαδίσαι
1137 2652 1476 2725 προῄρησαι,
1512 2651 1770 2724 καθάπερ

167 2748 251 2811 είς
314 2744 623 2818 ἀρχέτυπόν
678 2761 805 2800 τινα
868 2746 1059 2801 εἰκόνα
1109 2745 1279 2818 δρῶν,
1335 2743 1610 2818 σφράγιζε
1666 2742 1770 2815 τὴν

178 2838 384 2912 ἀρετὴν
413 2841 479 2910 τῇ
507 2837 971 2910 μετριοφροσύνῃ.
996 2836 1188 2909 Καλὴν
1210 2837 1322 2911 γὰρ
1350 2836 1655 2908 ἀσφάλειαν
1678 2836 1773 2890 καὶ

175 2934 439 3004 μέγιστον
488 2931 804 3004 σήμαντρον
833 2927 912 3001 τῷ
937 2927 1150 3002 ταμείῳ
1187 2929 1297 2984 τῶν
1327 2928 1774 3001 κατορθωμάτων

168 3022 403 3095 ιπιθήσε
415 3040 484 3087 ις.

495 3132 662 3188 mn
691 3161 761 3174 -
786 3132 958 3190 ΗΜΛ
980 3129 1462 3202 openetrum.

1867 1927 1925 1974 et
1952 1916 2182 1989 gloriam
2209 1925 2297 1974 est
2321 1925 2673 1973 consecutus.
2711 1914 2946 1984 invidia,
2969 1930 3096 1987 qum
3123 1913 3260 1970 alios
3277 1913 3485 1967 virtute

1867 2011 2134 2083 praeditos
2164 2010 2342 2081 palam
2375 2009 2518 2066 solet
2545 2023 2888 2081 oppugnare,
2923 2009 3070 2064 hunc
3101 2009 3172 2063 oh
3201 2007 3482 2077 ingentem

1869 2116 2086 2158 morum
2120 2101 2625 2170 mansuetudinem,
2651 2100 3099 2172 singularemque
3125 2099 3481 2168 modestiam,

1869 2207 1939 2250 ne
1969 2194 2219 2264 aspicere
2240 2194 2461 2265 quidem
2503 2195 2761 2252 sustinet.
2790 2195 3062 2268 Vigilandi
3093 2193 3241 2250 enim
3289 2193 3484 2249 claris-

1871 2285 2028 2342 simis
2083 2285 2249 2342 rebus
2300 2286 2473 2357 gestis
2525 2295 2789 2356 agnatum
2851 2287 3099 2344 studium
3161 2284 3478 2342 humilitate

1872 2363 2220 2445 exornatum,
2250 2377 2457 2450 optima
2488 2393 2726 2451 queque.
2743 2387 3190 2450 corrumpentem
3211 2375 3476 2431 invidiam

1870 2470 2102 2541 pedibus
2128 2470 2243 2528 suis
2267 2473 2509 2544 subegit.
2539 2471 2722 2540 Quare
2745 2473 2791 2528 si
2812 2470 3202 2541 ejusincedere
3229 2467 3485 2540 vestigiis

1873 2561 2152 2631 statuisti,
2185 2564 2335 2620 velut
2373 2565 2428 2621 in
2479 2566 2778 2638 imaginem
2827 2565 2896 2622 ad
2944 2563 3130 2621 vivum
3159 2575 3482 2634 expressam

1876 2653 2119 2722 intuens,
2173 2657 2401 2729 obsigna
2452 2659 2708 2714 virtutem
2748 2657 2900 2728 ejus,
2952 2657 3125 2714 veluti
3176 2656 3486 2729 signaculo,

1875 2745 2209 2804 humilitate.
2239 2747 2538 2806 Pulchrum
2557 2753 2703 2807 enim
2737 2750 3051 2822 prazsidium
3076 2749 3489 2818 maximumque

1877 2835 2096 2908 signum
2144 2842 2527 2912 promptuario
2591 2843 2962 2913 thesauroque
3013 2850 3164 2899 recte
3215 2840 3486 2898 factorum

1878 2930 2182 2999 appendes.

1981 3131 2150 3205 397
2181 3131 2489 3192 anxvn.
2530 3163 2605 3178 —
2647 3133 2832 3192 sua:
2868 3131 3368 3210 Paesevrsno,

1049 3216 1176 3273 Non
1199 3224 1374 3289 pudor
1397 3197 1477 3274 in
1510 3217 1591 3274 nil
1617 3197 1778 3289 scin,
1805 3222 1976 3292 pudor
1992 3197 2085 3280 3.7
2105 3197 2187 3279 nil
2217 3225 2420 3280 discere
2441 3225 2591 3282 velle.

255 3339 317 3395 '0
347 3335 625 3392 διδάσκειν
660 3336 760 3407 μὲν
795 3335 873 3407 μὴ
913 3333 1236 3405 δυνάμενος,
1286 3332 1483 3406 μαθεῖν
1508 3333 1566 3388 δὲ
1594 3332 1778 3405 βουλό-

1955 3332 2167 3390 Docere
2189 3334 2280 3405 qui
2315 3337 2546 3402 nesciat,
2571 3335 2789 3394 discere
2812 3350 2945 3394 vero
2989 3343 3243 3409 exoptat,
3280 3336 3486 3408 dignus

176 3449 340 3508 μενος
370 3431 641 3503 ἀποδοχῆς
668 3431 816 3483 ἔστιν
837 3426 1006 3492 ἄξιος.
1035 3426 1095 3481 ’0
1120 3425 1178 3481 δὲ
1208 3425 1347 3497 πρὸς
1373 3423 1455 3496 τῷ
1479 3424 1556 3497 μὴ
1579 3425 1779 3480 ειδέναι

1888 3423 1984 3496 qui
2015 3425 2337 3496 recipiatur.
2364 3426 2468 3496 Qui
2493 3442 2625 3484 vero
2652 3437 2708 3484 et
2741 3428 2878 3485 nihil
2908 3430 3053 3486 scire
3071 3437 3126 3486 et
3151 3429 3348 3486 docere
3368 3443 3497 3500 pro-

170 3525 272 3581 sccl
301 3523 574 3579 διδάσκειν
608 3519 1109 3592 ἐπαγγελλόμενος,
1143 3517 1384 3590 ισχάτην
1408 3517 1773 3573 ἀπαιδευσίαν

170 3615 370 3682 νοσῶν,
398 3614 520 3668 οὐδὲ
546 3613 738 3684 μαθεῖν
759 3611 1071 3684 δυνήσεται,
1100 3608 1197 3664 τοῦ
1223 3609 1404 3665 δοκεῖν
1436 3608 1636 3664 εἰδέναι
1667 3605 1775 3680 χώ-

175 3723 277 3778 ραν
304 3706 382 3778 μὴ
407 3703 766 3776 παρέχοντος.

494 3816 763 3870 ΥΞΗ’.--
796 3811 1076 3882 ΣΕΡΗΝῼ
1129 3811 1457 3882 ΔΙΑΚΟΝῼ.

1884 3515 2064 3574 fessus
2091 3527 2179 3575 est
2227 3534 2443 3575 summa
2492 3520 2712 3577 inscitia
2757 3519 3041 3588 laborans,
3080 3535 3258 3591 neque
3281 3521 3498 3577 discere

1882 3610 2173 3666 commode
2203 3611 2432 3680 poterit,
2453 3609 2598 3682 quod
2632 3609 2816 3668 locum
2841 3625 2948 3667 non
2966 3610 3232 3682 praebeat,
3260 3620 3322 3668 ut
3350 3611 3498 3670 scire

1883 3695 2057 3752 videri
2077 3707 2263 3767 queat.

2135 3807 2460 3865 CDLXVlll.
2493 3841 2564 3853 —
2595 3809 2870 3868 SERENO
2900 3811 3223 3872 DIACONO.

1398 3901 1629 3974 Superbi
1661 3910 1710 3956 et
1745 3899 1873 3956 elati
1918 3898 2274 3968 deprimendi.

247 4025 316 4082 Ei
349 4014 426 4080 ὧν
480 4019 912 4093 ἠμφισϐήτησας
961 4015 1038 4088 μὴ
1090 4013 1296 4087 τυχὼν,
1327 4014 1468 4068 ἀλλὰ
1496 4012 1774 4084 λαμπρῶς

174 4115 457 4188 ἡττηθεὶς,
489 4113 584 4169 νῦν
613 4112 776 4183 χάριν
822 4111 1001 4172 δοκεῖς
1047 4109 1240 4173 αἰτεῖν,
1281 4107 1441 4178 δῆλος
1488 4101 1538 4159 εἴ
1564 4103 1644 4176 τῷ
1671 4104 1774 4175 τῆς

177 4207 408 4280 χάριτος
453 4205 674 4276 ὀνόματι
745 4200 908 4254 λῦσαι
961 4200 1034 4253 τὰ
1096 4197 1355 4270 κριθέντα
1409 4195 1773 4269 πειρώμενος.

180 4303 248 4356 Εἰ
280 4301 336 4353 δὲ
368 4299 547 4368 λέγοις
577 4296 672 4351 καὶ
690 4293 846 4367 παρὰ
867 4291 964 4347 τοῦ
987 4290 1312 4355 δικάσαντος
1354 4289 1650 4361 ἠδικῆσθαι
1693 4286 1777 4360 (τὺ

185 4390 288 4463 μὲν
324 4389 399 4454 ὼς
432 4386 661 4451 δικαίως
690 4383 970 4457 ἡττηθεὶς,
1013 4381 1162 4436 ὲάσω
1193 4381 1421 4452 λέγειν),
1458 4380 1520 4434 τὸ
1571 4379 1652 4447 δὲ,
1705 4380 1783 4444 ὡς

183 4482 461 4554 κέκριται,
492 4479 656 4547 λέξω.
697 4475 837 4533 Οὐδὲ
865 4475 978 4547 γὰρ
1029 4475 1095 4529 ἂν
1133 4475 1242 4528 οὐδ’
1273 4473 1418 4528 οὕτω
1450 4473 1784 4544 κεκριμένον

1957 4013 2014 4070 Si
2047 4031 2154 4072 non
2187 4026 2473 4074 assecutus
2517 4016 2570 4072 id
2626 4029 2796 4087 super
2828 4031 2942 4088 quo
2995 4019 3353 4089 contendisti,
3403 4025 3500 4080 sed

1884 4107 2180 4166 manifeste
2212 4119 2506 4181 superatus
2536 4109 2774 4180 gratiam
2803 4109 2967 4167 modo
2997 4111 3279 4182 postulare
3313 4113 3501 4170 videa-

1885 4200 1983 4261 ris.
2015 4212 2245 4270 apparet
2276 4211 2329 4258 te
2384 4209 2642 4257 conatum
2682 4213 2804 4256 esse
2854 4200 3047 4269 gratiae
3099 4201 3341 4270 nomine,
3377 4219 3502 4275 quas

1886 4302 2018 4348 sunt
2043 4293 2318 4364 iudicata,
2349 4292 2506 4349 irrita
2539 4291 2791 4348 reddere.
2830 4291 2890 4348 Si
2926 4293 3080 4350 dices
3114 4293 3282 4349 etiam
3318 4309 3348 4350 a
3377 4309 3502 4352 sen-

1888 4387 2114 4441 tentiam
2144 4383 2362 4442 ferente
2387 4382 2816 4454 iniuriam-fleri
2843 4385 3035 4457 (idque
3065 4394 3126 4442 ut
3154 4386 3281 4458 jure
3309 4389 3500 4445 convi-

1885 4483 2031 4542 ctus,
2065 4477 2227 4531 mitto
2255 4475 2491 4546 dicere),
2522 4474 2653 4530 illud
2685 4485 2747 4530 ut
2777 4474 3080 4544 iudicatum
3111 4475 3188 4533 sit
3236 4477 3496 4538 referam.

180 4569 273 4647 ἦν,
301 4571 399 4628 τοῦ
431 4572 757 4634 δικάσαντος
793 4568 1096 4623 ἀδεκάστου
1145 4566 1532 4638 τυγχάνοντος,
1597 4567 1647 4619 εί
1706 4565 1783 4636 μὴ

1890 4564 2042 4623 Nihil
2090 4567 2238 4623 enim
2297 4566 2703 4638 sicludicatum
2757 4567 2945 4638 fuerit,
3000 4583 3126 4625 cum
3179 4572 3505 4628 muneribus

183 4667 246 4721 τὸ
267 4666 491 4730 δικαίως
532 4663 764 4736 προσῆν.
798 4662 946 4733 Πλὴν
989 4662 1127 4717 ἀλλὰ
1168 4661 1266 4714 καὶ
1297 4659 1440 4732 μετὰ
1469 4657 1529 4711 τὸ
1558 4658 1785 4728 νικῆσαι

1894 4659 2062 4716 fuerit
2088 4660 2462 4729 incorruptus,
2490 4660 2585 4730 qui
2631 4661 2963 4717 sententiam
3001 4662 3146 4729 tulit,
3181 4663 3284 4719 nisi
3330 4665 3383 4720 id
3408 4664 3503 4734 lu-

183 4760 288 4828 τὴν
315 4761 477 4828 χάριν
506 4757 722 4825 δίδωμι,
753 4756 812 4817 ὃς
845 4770 909 4822 γε
943 4754 1054 4808 οὐδ’
1087 4753 1155 4807 ἂν
1189 4751 1250 4816 ἐξ
1283 4751 1465 4822 ἀρχῆς
1512 4749 1788 4820 ἠγωνισά-

189 4867 322 4922 μην,
386 4851 500 4920 εἴγε
560 4845 869 4914 καταγνοὺς
925 4843 1128 4900 σαυτοῦ
1177 4842 1514 4914 συγγνώμην
1551 4843 1783 4915 ᾔτησας.

185 4938 312 5011 Χρὴ
337 4937 444 5010 γὰρ
502 4937 563 4990 τὸ
619 4937 877 5007 φρόνημα
938 4935 1048 4990 τῶν
1110 4934 1500 5006 σφαλλομένων
1553 4934 1674 5004 μὲν,
1711 4931 1785 5004 μὴ

186 5031 455 5102 οἰομένων
488 5029 546 5083 δὲ
573 5028 871 5099 ἐσφάλθαι,
906 5027 1193 5100 καθαιρεῖν
1213 5043 1228 5060 ⁶
1257 5029 1678 5098 γνωσιμαχοῡσι
1727 5026 1786 5080 δὲ

188 5123 530 5197 συγγνώμην
567 5125 776 5196 νέμειν.

431 5333 598 5388 ΥΞΘ¹.
629 5364 699 5375 -
732 5333 944 5389 ΗΡΩΝΙ
971 5330 1542 5403 ΠΟΛΙΤΕΥΟΜΕΝῼ.

1893 4761 2039 4808 stum
2082 4751 2270 4809 fuerit.
2310 4751 2701 4810 Verumtamen
2729 4768 2873 4810 nunc
2897 4763 3022 4825 post
3058 4754 3346 4812 victoriam
3379 4772 3506 4828 gra-

1897 4845 2029 4900 tiam
2066 4845 2161 4911 do,
2188 4845 2404 4916 qualem
2459 4847 2530 4903 ab
2568 4845 2725 4902 initio
2771 4855 3068 4916 antequam
3103 4857 3380 4905 certarem
3407 4850 3508 4907 de-

1895 4937 2127 5008 dissem,
2161 4938 2207 4994 si
2240 4939 2454 4995 veniam
2479 4939 2847 5010 postulasses.
2883 4936 3115 5009 Oportet
3143 4941 3290 4997 enim
3320 4956 3508 5013 super-

1890 5030 1991 5086 bos
2024 5030 2260 5094 animos,
2288 5044 2480 5085 eorum
2522 5029 2614 5100 qui
2641 5029 2886 5099 superati
2910 5029 3042 5095 sint,
3078 5044 3184 5085 non
3225 5040 3406 5087 tamen
3446 5045 3508 5088 sc

1891 5123 2066 5178 victos
2099 5122 2438 5187 existiment,
2475 5122 2809 5194 deprimere,
2864 5123 3082 5179 veniam
3119 5137 3252 5182 vero
3300 5126 3505 5198 resipi-

1891 5216 2171 5272 scentibus
2208 5215 2468 5271 tribucre.

2033 5327 2316 5385 CDLXIX.
2341 5358 2413 5370 -—
2451 5326 2715 5388 HERONI
2761 5328 2970 5388 REMP.
3009 5330 3339 5390 GERENTI.

1440 5421 1712 5478 Bonorum
1757 5421 2016 5477 sodalitas
2060 5429 2238 5490 grata.

266 5522 363 5598 Μὴ
391 5521 581 5594 ὥσπερ
609 5519 813 5595 ταῦρος
851 5519 947 5574 καὶ
984 5517 1289 5591 ἀγέρωχος,
1324 5513 1421 5569 καὶ
1447 5514 1788 5586 άτιμαγέλας

1976 5511 2097 5567 Noli
2127 5520 2186 5568 ut
2219 5512 2463 5570 insolens
2498 5525 2924 5586 armentumque
2977 5515 3240 5575 deserens
3290 5528 3503 5590 taurus,

1321 5630 1556 5688 VARIAZ
1595 5628 1984 5688 LECTIONES
2024 5627 2113 5684 ΕΤ
2153 5626 2394 5686 NOTAE.

270 5763 385 5833 (47)
408 5761 548 5818 lutet‘
581 5762 898 5831 συνηϐὦσαν
921 5770 974 5815 et
1004 5759 1081 5830 τῷ
1118 5759 1294 5833 χρόνῳ
1325 5759 1482 5814 iidem
1515 5757 1670 5833 codd.
1709 5759 1790 5813 in-

197 5830 410 5892 ﬁndunt
471 5830 972 5904 ουνακμςὶξονσαν·
1025 5835 1119 5889 sed
1178 5831 1410 5886 fortasse
1487 5830 1781 5900 supplenda

1898 5757 2076 5884 ι[ιιετὶι
2111 5754 2424 5828 coniunctio
2457 5755 2572 5827 καὶ,
2604 5770 2725 5829 quae
2756 5755 2863 5814 duo
2907 5754 2995 5814 illa
3044 5759 3228 5812 nectat
3257 5752 3502 5811 nomina.

1942 5843 2107 5884 ossm.

1942 5843 2107 5884 οεειμ.
