4122 6452
701 370 836 437 1593
1900 375 1962 437 S.
2004 372 2294 438 ISIDORI

2392 369 2782 435 ELUSIOTIE
3824 361 3981 431 meo

698 491 777 541 sic
803 501 991 544 sacros
1043 485 1354 558 relinquere
1396 495 1722 555 conventus,
1765 487 1861 544 sed
1907 488 2146 543 maxime
2172 487 2279 544 due

2392 487 2479 552 τὰς
2514 487 2667 557 ἱεράς
2720 483 2976 547 συνόδους
3024 479 3298 554 ἀτίμαζν
3321 477 3477 584 ’ἀλλὰ

697 578 1024 634 orttamento
1071 580 1353 651 aggregari
1408 580 1615 637 sanctis
1666 581 2001 637 hominibus.
2036 580 2093 636 id
2129 581 2274 636 enim

2392 578 2593 649 κόσμον
2620 576 2683 630 τὸ
2706 577 2819 640 τοῖς
2844 573 3019 645 άγίοις
3042 570 3525 644 συναγελάζεσθαι.
3556 567 3736 625 Τοῦτο
3762 569 3880 642 γὰρ
3912 571 3977 623 οὗ

698 686 806 725 non
846 670 1005 727 modo
1059 682 1385 729 ornamento
1418 682 1523 740 est,
1555 673 1650 729 sed
1705 682 1762 730 et
1811 672 2124 746 praesidium
2182 672 2277 729 tibi

2392 675 2554 745 μόνον
2592 671 2820 743 κόσμον,
2853 669 2988 726 ἀλλὰ
3028 671 3126 725 καὶ
3157 668 3463 741 ἀσφάλειάν
3506 683 3590 723 σοι
3619 664 3977 739 προξενήσιι,

695 762 1027 829 conciliabit,
1056 777 1125 819 ne
1152 778 1181 818 a
1210 762 1325 820 fera
1364 774 1553 835 captus
1585 764 1842 823 videaris.

2392 764 2614 837 πρδςτδ
2646 765 2721 837 μὴ
2754 761 3091 835 θηριάλωτον
3120 760 3405 830 γενέσθαι.

988 872 1248 931 CDLXX.
1281 906 1353 920 —
1378 875 1690 935 assumo
1712 879 1967 939 cout'rt.
2690 866 2703 871 '
2743 879 2871 934 γον.
2901 906 2974 919 -
3014 876 3280 946 eratth
3318 874 3612 929 nonum.

696 959 1293 1043 οιῃξῖιιιερἱξ-ερξιεορ.
1350 965 1826 1043 Ριίιηὶἱ-οἰιὶἱε-ςι
1860 973 2110 1027 ιίηιοιιία.
2147 970 2330 1043 (Supr.
2381 972 2533 1040 epist.
2569 972 2697 1043 451,
2730 970 2922 1043 peltis
2951 978 2998 1023 et
3040 967 3396 1043 lib._t,_rpist.
3419 965 3559 1043 241;
3594 965 3685 1019 lib.
3726 978 3797 1043 t_t,_
3819 962 3979 1043 epist.

733 1064 737 1068 -
766 1032 838 1088 50
872 1045 919 1088 et
959 1032 1213 1110 121ξέὶὺ.
1243 1032 1336 1110 ιιι,
1361 1038 1517 1110 epist.
1548 1040 1617 1094 97
1660 1050 1707 1093 et
1740 1040 1843 1095 178
1862 1054 1909 1095 et
1948 1044 2092 1108 567;
2120 1032 2215 1098 lib.
2249 1032 2333 1110 ἰν,
2364 1032 2522 1109 epist.
2561 1040 2696 1109 .45.)
2722 1039 2836 1094 Sibi
2875 1055 3059 1095 nomen
3100 1040 3155 1092 id
3190 1032 3282 1093 Pii
3310 1037 3637 1104 imposuisse,
3659 1036 3754 1105 qui
3780 1035 3980 1103 inpius

766 1113 923 1170 esset,
958 1105 1226 1175 signiﬁcat
1256 1104 1400 1162 Isid.
1435 1107 1529 1193 lib.
1566 1123 1625 1188 tl,
1650 1110 1801 1178 epist.
1840 1111 1944 1169 199
1965 1124 2012 1167 et
2046 1104 2184 1176 ηις
2210 1111 2285 1166 lib

2395 1104 2434 1180 ι,
2456 1113 2609 1183 epist.
2651 1104 2775 1167 178.

767 1212 826 1268 Si
871 1214 1073 1283 gravis,
1106 1226 1164 1271 ut
1201 1217 1417 1283 scribis,
1456 1228 1510 1276 et
1535 1220 1722 1294 illunis
1765 1238 1871 1278 uox
1911 1238 2075 1293 super
2105 1224 2273 1281 Ense.

2444 1227 2509 1282 Εί
2538 1225 2708 1296 δεινὴ,
2726 1225 2803 1289 ὡς
2826 1225 3132 1298 γέγραφας,
3161 1221 3256 1278 καὶ
3286 1220 3546 1293 ἀσέληνος
3571 1217 3671 1286 νὺξ
3698 1216 3772 1271 τὰ
3790 1218 3977 1287 πράγ-

697 1306 768 1361 bii
820 1307 1055 1374 negotiis
1096 1318 1217 1364 orta
1257 1321 1384 1366 est:
1439 1322 1761 1383 sequuntur-
1794 1316 1940 1370 enim
1976 1316 2279 1373 calumnias

2392 1336 2524 1373 seu
2557 1318 2650 1372 ἐπὶ
2685 1317 2947 1372 Εὐσεὸἰου
3005 1316 3259 1388 κατέχει·
3295 1315 3523 1369 ἕπονται
3559 1312 3670 1383 γὰρ
3701 1312 3824 1373 ταῖς
3857 1309 3977 1361 δια-

696 1410 894 1465 νωιιω,
925 1398 1106 1455 nullas
1129 1400 1195 1455 ad
1224 1402 1512 1457 veritatem
1541 1404 1945 1474 dijudicandam
1973 1408 2280 1473 praebentes

2392 1411 2565 1475 5ολατς
2597 1412 2652 1466 αί
2676 1410 2964 1483 τιμωρίαι,
2992 1409 3271 1480 ὀὐδεμίαν
3306 1404 3599 1477 ἀνακωχὴν
3653 1405 3736 1465 είς
3765 1402 3828 1456 τὺ
3856 1402 3978 1456 δια-

698 1491 976 1557 inducias,
1012 1500 1066 1547 et
1097 1493 1315 1549 delictis
1338 1496 1637 1550 etiamnum
1691 1497 1953 1568 ignoratis
2002 1498 2278 1555 sententia

2392 1503 2694 1576 γνωσθῆναι
2732 1504 2834 1576 τὴν
2882 1502 3145 1573 ἀλήθειαν
3205 1500 3563 1573 παρέχουσαι,
3622 1496 3717 1551 καὶ⁸
3746 1496 3977 1563 άγνωυο

698 1583 765 1635 in-
782 1581 1079 1650 perniciem
1109 1581 1282 1639 fertur
1303 1584 1565 1642 adversus
1583 1587 2023 1654 calumniatores,
2049 1589 2284 1659 odioque

2392 1594 2568 1666 μένων
2609 1596 2691 1649 ἔτι
2716 1595 2833 1649 τῶν.
2855 1593 3220 1667 ἐγκλημάτων
3248 1595 3281 1665 ὴ
3314 1594 3403 1646 ἐπ’
3442 1591 3649 1662 ὀλέθρῳ
3677 1589 3790 1643 τῶν
3810 1606 3977 1641 συκο-

697 1672 1018 1743 ﬂagrantes.
1046 1673 1307 1731 Conﬂctae
1330 1690 1464 1732 vero
1507 1680 1917 1744 accusationes,
1950 1680 2286 1750 redargutio—

2392 1687 2777 1758 φαντουμένων
2801 1687 2984 1759 ψῆφος
3039 1686 3340 1759 ἐκφέρεται
3359 1699 3375 1717 ⁸
3413 1686 3469 1739 αἱ
3500 1683 3558 1738 δὲ
3584 1681 3976 1751 πεπλασμέναι

697 1762 855 1818 nibus
878 1777 1085 1831 vacuae,
1118 1765 1361 1821 insontes
1392 1768 1631 1838 rapiunt,
1662 1769 1903 1825 decretis
1930 1784 2051 1825 cum
2104 1770 2282 1825 dede—

2392 1778 2715 1851 κατηγορίαι
2769 1779 3009 1848 ἐλέγχων
3058 1777 3389 1849 χηρεύουσαι
3437 1774 3817 1848 ἀναρπάζουσι
3849 1774 3977 1834 τοὶς

695 1867 826 1908 core
865 1854 1193 1910 retractatis.
1231 1854 1335 1921 Qui
1379 1859 1524 1912 enim
1574 1872 1696 1912 cum
1737 1873 1802 1914 eo
1855 1870 2279 1925 conversantur,

698 1945 753 1998 in
796 1944 920 1999 vitae
975 1943 1148 2015 ipsius
1205 1946 1469 2003 rationem
1504 1948 1878 2018 inspicientes,
1926 1956 1982 2003 et
2028 1963 2183 2006 suam
2217 1949 2285 2004 ad

697 2036 947 2092 eamdem
972 2048 1393 2109 componentes,
1425 2040 1734 2097 calumnias
1769 2055 1801 2095 a
1829 2043 2078 2097 sontibus
2106 2041 2173 2097 ad
2201 2043 2288 2096 in-

698 2138 885 2185 sontes
912 2127 1208 2186 transferre
1238 2146 1346 2187 non
1371 2132 1642 2187 dubitant.
1677 2132 1799 2188 Illos
1821 2133 2040 2203 quidem
2066 2134 2155 2203 qui
2187 2148 2289 2189 re-

699 2235 826 2276 vera
859 2230 988 2277 sunt
1016 2221 1273 2294 improbi,
1306 2234 1528 2295 propter
1564 2224 1886 2297 largitiones
1912 2224 2285 2293 absolventes,

700 2316 801 2369 bos
830 2328 960 2370 vero
990 2316 1083 2387 qui
1139 2316 1332 2372 nolunt
1372 2317 1601 2389 pecunia
1641 2318 1930 2374 delationis
1964 2317 2057 2387 jus
2089 2321 2290 2375 baben-

700 2413 784 2459 tes
809 2418 1182 2475 corrumpere,
1213 2406 1509 2477 ignominia
1533 2406 1793 2464 alliciunt.
1830 2409 1887 2465 Si
1914 2423 2049 2477 vero
2077 2409 2288 2465 calum-

704 2493 847 2549 niari
882 2494 1068 2561 liceat,
1100 2495 1155 2551 hi
1188 2497 1407 2567 quidem
1450 2498 1810 2554 maximorum
1852 2501 2140 2556 criminum
2189 2501 2290 2564 rei,

702 2599 840 2641 auro
871 2598 1088 2655 poenam
1115 2588 1492 2659 esstinguunl.
1524 2590 1695 2663 698
1740 2590 1844 2646 Alii
1889 2606 1996 2647 non
2048 2592 2207 2648 modo
2234 2606 2294 2647 se

703 2674 1081 2744 defendentes,
1128 2679 1223 2734 sed
1265 2690 1319 2734 et
1347 2694 1514 2735 causa
1568 2682 1799 2738 meliore
1830 2682 2064 2752 praediti,
2097 2692 2156 2737 ut
2188 2683 2292 2738 im-

702 2766 860 2834 probi
888 2767 1198 2837 capiuntur,
1233 2769 1377 2838 quod
1425 2770 1672 2840 pecuniis
1706 2771 1919 2841 iniquas
1948 2772 2176 2827 insidias
2208 2772 2295 2827 vel

703 2868 813 2910 non
868 2856 1098 2926 possint,
1126 2857 1208 2913 vel
1266 2859 1439 2914 nolint
1471 2860 1741 2930 mitigare.
1794 2861 1878 2916 Ad
1934 2861 2294 2917 sacerdotium

704 2961 836 3003 vero
867 2947 1084 3003 ducitur
1112 2949 1181 3005 ab
1208 2963 1274 3007 eo
1299 2964 1405 3005 non
1432 2951 1635 3007 virtute
1663 2952 1894 3022 quisque
1917 2963 2167 3019 ornatus,
2200 2953 2295 3009 sed

706 3044 768 3093 ut
799 3038 997 3107 opibus
1038 3040 1324 3095 abundans
1366 3054 1503 3095 auro
1538 3041 1854 3112 dignitatem
1905 3043 2053 3099 illam
2112 3058 2296 3099 emere

2385 1871 2733 1937 ἀνευθύνους,
2766 1871 2875 1927 τῶν
2906 1871 3127 1942 Θεσμῶν
3154 1873 3237 1935 είς
3264 1870 3540 1941 ἀκοσμίαν
3582 1865 3975 1937 νεωερισθέν-

2385 1982 2518 2019 των.
2546 1966 2610 2019 Oi
2642 1965 2751 2037 γὰρ
2785 1965 2915 2036 περὶ
2939 1964 3100 2019 αὐτὸν
3128 1964 3278 2028 ὄντες
3308 1962 3446 2033 πρὸς
3488 1963 3615 2025 τοὺς
3645 1959 3815 2015 αὐτοῦ
3848 1957 3977 2029 βλέ-

2388 2072 2585 2120 ποντες
2620 2055 2876 2128 τρόπους,
2922 2056 3021 2110 καὶ
3074 2054 3165 2108 τὸν
3206 2052 3415 2107 ἑαυτῶν
3449 2050 3808 2125 ῥυθμίζοντες
3835 2048 3974 2118 βίον.

2389 2148 2459 2201 ὲκ
2486 2146 2596 2201 τῶν
2650 2145 2967 2201 ὑπευθύνων
2993 2145 3092 2209 τὰς
3137 2143 3390 2209 διαϐολὰς
3438 2145 3521 2207 εἰς
3547 2142 3676 2206 τοὺς
3705 2141 3977 2209 ἀνεγκλή-

2330 2278 2341 2283 -
2387 2255 2517 2303 τους
2550 2238 2884 2310 μεταφέρειν
2927 2237 2990 2293 ού
3044 2235 3473 2308 παραιτοῦνται·
3508 2234 3640 2296 τοὺς
3669 2233 3773 2302 μὲν
3804 2231 3977 2292 ὅντως

2354 2362 2357 2385 ς
2390 2332 2664 2405 πονηροὺς
2697 2330 3067 2403 μισθοδοσίαις
3130 2328 3408 2399 ἀφιέντες,
3445 2328 3570 2390 τοὺς
3612 2325 3671 2379 δὶ
3704 2325 3784 2396 μὴ
3812 2339 3977 2393 scpis-

2395 2426 2590 2498 μένους
2619 2423 2711 2478 τὸν
2760 2421 2953 2495 ἔχοντα
3005 2421 3107 2493 τὴν
3161 2419 3412 2486 ἐξουσίαν
3433 2416 3534 2487 τῆς
3566 2416 3863 2488 μηνύσεως
3888 2414 3979 2467 ἐπὶ

2391 2517 2503 2580 τοῖς
2532 2513 2833 2585 αἰσχίστοις
2854 2510 3335 2582 καταγγέλλοντες.
3355 2506 3455 2561 Διά
3481 2506 3590 2577 γάρ
3613 2505 3675 2559 τὸ
3702 2520 3981 2571 συκοεραν-

2390 2609 2504 2662 τεῖν
2538 2604 2760 2673 ἐξεῖναι,
2802 2604 2852 2658 οἱ
2888 2603 2986 2675 μὲν
3036 2607 3149 2667 τοῖς
3195 2598 3633 2673 ἀργαλεωτάτοις
3679 2596 3977 2650 ὑπεύθυνοι

2391 2697 2582 2772 χρυσῷ
2625 2696 2724 2767 τῆς
2769 2694 3046 2758 κολάσεως
3090 2692 3409 2765 κρατοῦσιν.
3472 2691 3537 2745 Οί
3596 2688 3655 2743 δὲ
3706 2687 3785 2759 μὴ
3818 2688 3979 2757 μόνον

2395 2783 2818 2856 καθαρεύοντες,
2853 2780 2991 2837 ἀλλά
3044 2781 3140 2836 καὶ
3190 2779 3628 2851 πλεονεκτήμασι
3668 2777 3975 2848 κομῶντες,

2396 2880 2473 2943 ὡς
2503 2877 2734 2949 πονηροὶ
2760 2875 3077 2931 ἁλίσκονται
3096 2892 3112 2909 ο
3144 2874 3392 2946 χρήμασι
3415 2872 3513 2945 τὴν
3534 2871 3723 2928 ἄδικον
3760 2869 3976 2924 ιπιδου-

2397 2968 2497 3040 λὴν
2526 2969 2559 3040 ἢ
2594 2967 2670 3039 μὴ
2696 2965 3035 3037 δυνηθέντες,
3056 2965 3089 3035 ἢ
3107 2965 3181 3035 μὴ
3211 2964 3542 3028 ἀξιώσαντες
3566 2959 3974 3031 καταπραῧναι.

2408 3059 2537 3113 Ἐπὶ
2584 3058 2642 3112 δὲ
2670 3057 2770 3129 τὴν
2826 3056 3129 3129 ἱερωσύνην
3161 3056 3260 3127 οὐχ
3288 3057 3317 3109 ὁ
3343 3054 3543 3127 ἀρετῆς
3571 3053 3865 3116 ἀνάπλεως
3897 3052 3974 3105 ἔλ-

708 3130 1015 3195 przesumit,
1040 3132 1257 3186 tametsi
1282 3144 1494 3186 summe
1520 3146 1752 3201 nequam
1777 3132 1869 3188 sit.
1893 3130 2075 3199 Quare
2089 3132 2135 3188 si
2160 3134 2294 3199 hac,

2400 3165 2579 3221 κεεαι,
2608 3147 2725 3203 ἀλλ’
2756 3148 2905 3211 ὅστις
2962 3145 3178 3217 πλούτῳ
3219 3144 3424 3215 κομῶν,
3459 3141 3647 3214 χρυσῷ
3684 3140 3789 3210 τὴν
3823 3138 3975 3205 ἀξίαν

703 3219 901 3290 hisque
934 3222 1088 3293 plura
1120 3223 1441 3294 majoraque
1466 3223 1816 3281 committens
1837 3224 2121 3291 Eusebius,
2152 3241 2291 3281 nun-

704 3328 867 3382 quam
908 3328 1099 3384 ptenas
1142 3315 1311 3381 dedit,
1367 3317 1732 3373 condemnare
1788 3316 1897 3373 noli
1950 3317 2294 3391 negligentia:

706 3404 806 3460 Dei
836 3405 1231 3472 providentiam
1259 3425 1274 3462 :
1300 3406 1431 3478 quin
1465 3408 1649 3479 potius
1672 3408 1792 3480 ejus
1819 3409 2292 3481 longanimitatem

705 3494 1004 3559 admirare,
1034 3510 1156 3566 quae
1182 3495 1248 3551 ad
1299 3496 1675 3565 pamitentiam
1710 3498 1893 3569 lapsos
1939 3499 2153 3556 invitet.
2192 3492 2298 3556 De-

704 3588 859 3659 plora
916 3602 1049 3643 vero
1100 3587 1559 3657 imptenltentium
1595 3589 1877 3657 duritiam,
1929 3606 2049 3663 quae
2078 3590 2197 3648 illos
2226 3591 2297 3648 sd

706 3678 1058 3736 acerbissima
1091 3680 1268 3751 rapiat
1305 3689 1592 3737 tormenta.

834 3987 1119 4053 CDLXXI.
1154 4017 1225 4031 -—
1258 3986 1645 4047 EUDEMONI
1681 3986 2165 4046 PRESBYTERO.

2393 3241 2665 3314 ἀγοράσαι
2695 3240 3023 3312 προῄρηται,
3052 3238 3153 3292 κᾶν
3186 3238 3283 3307 τῆς
3317 3227 3698 3308 άν[ωτ]άτηςῇ
3717 3230 3973 3301 πονηρίας

2396 3331 2675 3403 ἔμπλεως.
2705 3331 2769 3383 Εἰ
2802 3332 2983 3383 τοίνυν
3021 3326 3332 3392 καὶταῦτα,
3368 3327 3464 3380 καὶ
3519 3324 3732 3377 τούτων
3760 3320 3973 3373 πλείονά

2394 3439 2455 3477 τε
2490 3422 2587 3477 καὶ
2619 3419 2841 3491 μείζονα
2869 3417 3259 3490 δρῶν,οὺδέπω
3278 3415 3434 3486 δίκην
3460 3412 3681 3474 δέδωκε,
3716 3409 3794 3480 μὴ
3815 3424 3973 3462 κατα-

2396 3511 2638 3585 ψηφίζου
2660 3511 2923 3582 ἀμέλειαν
2952 3509 3053 3578 τῆς
3085 3507 3240 3571 θείας
3270 3505 3527 3579 προνοίας
3546 3522 3560 3535 ·
3594 3502 3733 3556 ἀλλὰ
3755 3501 3855 3569 τὴν
3883 3498 3971 3570 μὶν

2404 3603 2796 3677 μακροθυμίαν
2839 3602 3013 3672 αὐτῆς
3066 3599 3340 3671 θαύμαζε,
3387 3597 3491 3668 τὴν
3557 3596 3641 3657 είς
3694 3594 3971 3665 μετάνοσιν

2401 3697 2528 3761 τοὺς
2555 3694 2851 3759 πταίοντας
2879 3690 3176 3748 καλοῦσαν.
3224 3689 3349 3743 Τῶν
3368 3688 3426 3742 δὲ
3466 3686 3542 3757 μὴ
3576 3681 3970 3755 μετανοούντων

2398 3787 2733 3860 καταθρήνει
2763 3787 2865 3860 τὴν
2886 3782 3252 3856 ἀναλγησίαν,
3280 3781 3382 3854 τὴν
3424 3781 3506 3844 είς
3528 3776 3863 3849 πικροτάτας
3890 3772 3971 3827 αὔ-

2397 3879 2526 3943 sab;
2559 3876 2833 3948 βασάνους
2859 3875 3230 3947 προάγουσαν.

2508 4019 2521 4033 ι
2604 3980 2870 4042 νΥυΑ’.--
2892 3983 3273 4039 ΕΥΔΑΙΜΟΝῙ
3298 3979 3768 4049 ΠΡΕΣΒΠΕΡῼ.

1576 4081 1663 4135 Ad.
1684 4080 1930 4143 virtutem
1959 4079 2432 4152 fortitudinemque
2454 4078 2512 4134 in
2544 4080 2781 4136 adversis
2809 4079 3076 4135 hortatur.

780 4195 1231 4266 Quandoquidem
1261 4203 1477 4267 tempus
1508 4196 1657 4251 venit
1690 4196 1907 4250 virtutis
1930 4194 2150 4264 quidem
2175 4209 2300 4265 spe-

712 4290 891 4345 cimen
918 4288 1220 4358 postulans,
1252 4287 1552 4344 ostendens
1578 4298 1759 4341 autem
1788 4294 2049 4355 quantum
2081 4284 2294 4360 [animi]

716 4379 1039 4445 fortitudine
1085 4378 1243 4449 vulgo
1281 4387 1526 4450 praestes,
1572 4378 1789 4447 suscipe
1821 4386 1876 4433 et
1912 4378 2061 4434 lucro
2088 4392 2298 4448 appone

2480 4194 2699 4266 Ἐπειδὴ
2727 4193 2852 4265 ἥκει
2877 4191 3090 4265 καιρὸς,
3124 4189 3333 4264 ἀρετῆς
3379 4188 3477 4260 μὲν
3527 4184 3789 4253 ἐπίδειξιν
3816 4184 3965 4239 duet-

2392 4286 2526 4351 τῶν,
2554 4286 2769 4352 δεικνὺς
2794 4287 2851 4341 δὲ
2870 4287 2997 4341 ὅσον
3027 4284 3249 4357 ἀνδρείᾳ
3274 4282 3384 4336 τῶν
3405 4280 3615 4335 πολλῶν
3640 4278 3961 4349 διενήνοχας,

2392 4378 2543 4445 δέξαι
2574 4378 2688 4432 ἀντ’
2702 4377 2862 4447 ἄλλου
2886 4377 3029 4442 τινος
3043 4378 3068 4430 ὲ
3075 4396 3106 4449 ρ
3113 4376 3273 4446 μαίου
3289 4375 3387 4445 τὴν
3399 4368 3963 4442 δραματουργηθεῖσαν

716 4471 1003 4530 conﬁctam
1027 4480 1215 4528 contra
1236 4480 1289 4527 te
1312 4472 1735 4540 accusationem,
1761 4480 1816 4526 et
1844 4470 2069 4541 tempori
2093 4471 2162 4525 ad
2188 4470 2294 4525 vir-

2402 4470 2547 4524 κατὰ
2576 4470 2671 4525 σοῦ
2730 4454 3021 4540 ἐπιδουλήν
3043 4486 3058 4501 ’
3097 4469 3191 4522 καὶ
3246 4462 3499 4520 καλοῦντι
3521 4460 3599 4531 τῷ
3628 4459 3807 4530 καιρῷ
3841 4458 3961 4526 πρὸς

719 4575 887 4621 tutem
918 4565 1131 4620 vocanti
1166 4565 1481 4633 obtempera
1530 4564 1661 4618 nihil
1692 4564 1952 4635 degener,
1987 4577 2163 4633 neque
2191 4577 2290 4633 pa-

717 4670 837 4711 rum
873 4656 1029 4711 virile
1054 4671 1166 4726 prae
1208 4665 1261 4712 te
1290 4654 1494 4721 ferens,
1540 4655 1669 4725 quin
1709 4656 1891 4725 potius
1936 4655 2296 4710 tentationum

716 4743 889 4800 victor
909 4746 1099 4813 cupias
1122 4758 1407 4815 apparere.

858 4854 1161 4915 CDLXXII.
1197 4885 1268 4897 —-
1304 4853 1622 4913 POSIDONI
1649 4853 2129 4911 PRESBYTERO.

2401 4562 2628 4634 ἀρετὴν,
2654 4564 2907 4625 ἄκουσον,
2933 4562 3099 4633 μηδὲν
3129 4559 3371 4628 ἀγεννὲς,
3398 4556 3530 4628 μηδὲ
3553 4552 3815 4623 ἄνανδρον
3852 4552 3961 4603 ἐπι-

2401 4655 2771 4726 δεικνύμενος,
2827 4655 2961 4709 an:
3005 4652 3269 4724 κρείττων
3295 4648 3391 4705 τοῦ
3441 4644 3750 4720 πειρασμοῦ
3778 4645 3961 4710 ἀναφι-

2393 4746 2560 4817 νῆναι
2592 4746 2948 4820 πειρώμενος.

2616 4858 2786 4915 ΥΟΒ’.
2811 4891 2879 4902 -
2908 4856 3270 4913 ΠΟΣΕΙΔΩΝΙ
3296 4849 3765 4922 ΠΡΕΣΒΥΤΕΡῼ.

1422 4947 1590 5005 Deum
1620 4949 1882 5019 oﬁ'endere
1905 4965 2113 5004 summa
2160 4960 2234 5004 est
2270 4949 2602 5024 improbitas.
2631 4952 2747 5022 (Sic
2775 4952 2903 5023 infr.
2937 4953 3091 5023 epist.
3124 4948 3276 5015 172.)

792 5064 960 5120 Deum
987 5077 1199 5119 summe
1228 5060 1605 5117 honorandum
1652 5060 1967 5128 offendisse,
1996 5062 2143 5116 omni
2178 5075 2307 5129 sup-

718 5158 885 5230 plicio
936 5157 1243 5225 damnaque
1297 5153 1519 5226 gravius
1562 5160 1647 5208 est
1697 5152 2142 5207 existimandum.
2188 5150 2303 5208 Non

722 5250 971 5321 equidem
997 5256 1206 5304 tantum
1229 5246 1344 5303 fore
1364 5261 1432 5302 ex
1459 5243 1741 5316 suppliciis
1766 5241 2002 5300 dolorem
2024 5243 2304 5311 existimo,

722 5351 962 5413 quantus
982 5340 1088 5397 erit
1108 5336 1286 5412 pudor
1304 5352 1373 5394 ex
1391 5344 1637 5407 peccato,
1661 5343 1850 5391 contra
1883 5333 2303 5406 gloriﬁcantem,

722 5435 1017 5491 commisso
1067 5429 1416 5502 proveniens,
1450 5428 1544 5486 sed
1600 5436 1657 5485 et
1707 5442 1858 5483 arma
1913 5426 2053 5498 ipsa,
2110 5426 2305 5498 quibus

723 5523 881 5582 tuere
914 5523 1188 5589 honorati,
1218 5533 1409 5579 contra
1458 5522 1637 5591 ipsum
1667 5528 1970 5585 moventes,
2001 5528 2057 5575 et
2101 5518 2307 5575 honore

724 5625 915 5671 contra
947 5617 1306 5674 bonorantem
1350 5623 1568 5671 utentes
1618 5611 1973 5684 deprehendi,
2001 5626 2217 5667 omnem
2253 5612 2306 5667 id

727 5722 954 5780 superat
1007 5709 1271 5767 furorem.
1330 5708 1467 5765 Illud
1546 5708 1764 5778 quidem
1826 5704 2306 5775 incomparabilem

726 5802 1047 5871 amentiam,
1078 5804 1179 5860 hoc
1210 5817 1340 5859 vero
1364 5801 1723 5859 incurabilem
1756 5798 1917 5857 etiam
1953 5796 2194 5856 continet
2224 5794 2299 5852 fu-

2477 5068 2551 5123 Τδ
2571 5064 2947 5139 προσκροῦσαι
2975 5063 3054 5136 τῷ
3098 5060 3417 5134 τετιμηκότι
3457 5058 3599 5131 Θεῷ,
3632 5059 3807 5126 πάσης
3840 5070 3957 5125 συμ-

2409 5161 2581 5231 φορᾶς
2610 5158 2706 5212 καὶ
2746 5158 3019 5231 τιμωρίας
3074 5153 3327 5227 ἡγεῖσθαι
3383 5152 3489 5225 χρὴ
3542 5148 3953 5223 ἀργαλεώτερον.

2406 5248 2483 5303 οὐ
2516 5246 2626 5319 γάρ
2646 5244 2901 5301 τοσοῦτον
2933 5244 3112 5316 ἔγωγε
3141 5243 3347 5315 νομίζω
3384 5241 3603 5296 ἔσεσθαι
3634 5239 3729 5293 τὸν
3751 5237 3856 5293 ἀπὸ
3873 5239 3956 5307 τῆς

2405 5339 2685 5403 κολάσεως
2718 5337 2900 5404 πόνον,
2922 5337 3046 5392 ὅσον
3068 5336 3164 5409 τὴν
3216 5335 3480 5408 αίσχύνην
3498 5334 3597 5405 τὴν
3640 5332 3751 5390 ἀπὸ
3776 5330 3864 5384 τοῦ
3892 5326 3955 5397 τῷ

2404 5424 2693 5493 δοξάσαντι
2737 5423 3114 5497 προσκροῦσαι
3167 5423 3591 5496 συμϐησομένην
3620 5439 3633 5452 ·
3681 5422 3748 5475 τὸ
3776 5420 3829 5473 δὲ
3878 5418 3952 5471 καὶ

2404 5516 2547 5572 αὐτὰ
2598 5516 2665 5571 τὰ
2724 5517 2886 5581 ὅπλα,
2934 5515 3003 5570 δι’
3055 5508 3129 5569 ὧν
3180 5516 3553 5587 ἐτιμήθησαν,
3635 5514 3756 5568 κατ’
3812 5507 3951 5565 αὐτοῦ

2407 5612 2693 5675 κινοῦντας
2750 5610 2974 5679 ἁλῶναι,
3022 5610 3116 5665 καὶ
3145 5610 3279 5681 τιμῇ
3333 5609 3475 5663 κατά
3524 5606 3618 5662 τοῦ
3652 5606 3951 5677 τιμήσαντος

2408 5704 2782 5776 κεχρημένους
2817 5703 3158 5777 φωραθῆναι,
3196 5704 3373 5757 πᾶσαν
3402 5701 3733 5773 ύπερῦάλλει
3764 5700 3949 5770 μανίαν.

2412 5795 2482 5851 To
2537 5794 2637 5867 μὶν
2670 5794 2774 5867 γὰρ
2823 5794 3233 5865 ἀνυπέρϐλητον
3276 5794 3480 5859 ἄνοιαν,
3512 5792 3569 5847 τὸ
3601 5792 3653 5845 δὲ
3688 5792 3951 5859 ἀνήκεστον
