4122 6434
147 432 285 503 1601

964 412 1503 484 EPISTOLARUM
1541 411 1692 475 LIB.
1732 411 1802 472 V.
1839 430 1911 445 --
1946 404 2189 470 ΕΡΙΒΤ.
2222 396 2581 464 CDLXXVI.

3317 386 3454 454 160’.

152 501 353 621 μανίαν
375 543 508 615 ἔχει.
547 541 669 612 Χρὴ
697 536 985 609 τοιγαροῦν
1021 535 1146 598 τοὺς
1171 530 1528 621 ἱερωμένους,
1551 524 1748 621 ωσπερ
1777 526 1816 586 Α

1871 534 2057 575 'orem.
2084 518 2252 572 Decet
2283 514 2468 585 itaque
2497 512 2672 568 sacris
2721 507 3007 563 dedicatos
3049 502 3216 560 veluti
3253 501 3454 568 templa

1991 611 2002 621 ι
2268 608 2280 620 ο
2413 604 2563 621 1-,-.I__
2596 616 2676 621 η--
2721 598 3153 621 --...-.-ι--.ε--.τ-
3206 605 3454 621 ΑυηΑ-ιιιι

143 612 450 708 ἀνάκτορα,
505 633 707 696 παντὸς
765 625 1096 701 τυραννικοῦ
1147 623 1242 679 καὶ
1273 617 1504 690 αἰσχροῦ
1534 612 1742 677 πάθους

131 730 389 791 -ἀϐάτους
421 725 647 788 ἑαυτοὺς
675 722 973 791 διατηρεῖν.

651 838 815 892 ΥΟΓ¹.
849 865 919 876 -
946 831 1232 889 ΜΛΡΩΝῘ.

1852 611 2038 668 omnis
2067 608 2367 682 tyrannicae
2410 604 2682 674 [adaeque
2721 598 3156 670 perturbationis
3203 605 3464 665 expertes

1851 717 1912 760 ΒΘ
1943 711 2294 758 conservare.

2254 803 2584 864 CDLXXIII.
2618 834 2690 850 -η
2733 799 3028 860 MARONI.

801 927 1000 999 Fugite
1022 935 1247 996 peccata
1278 934 1326 980 et
1355 923 1580 993 faniam,
1615 911 2111 980 cxistimotioneqtte
2135 906 2338 962 malum
2385 903 2545 973 facile
2580 900 2810 957 sedabis.

238 1049 334 1102 Ἐκ
358 1046 467 1101 τῶν
490 1041 830 1117 πραγμάτων
859 1039 935 1103 ὡς
959 1038 1028 1092 τὰ
1068 1034 1238 1091 πολλὰ
1268 1035 1324 1089 αἱ
1357 1034 1539 1105 φῆμαι
1572 1028 1739 1101 φύον-

1919 1018 2086 1073 Fama
2119 1015 2364 1071 nascitur
2413 1013 2735 1082 plerumque
2767 1023 2831 1062 ex
2861 1008 2994 1077 ipsis
3030 1005 3284 1077 negotiis,
3311 1019 3454 1073 qum,

144 1097 657 1210 ταιῗ-αίωμὲν.
697 1097 1012 1202 ἀληθεῖς-οὑ
1071 1128 1289 1201 ῥαδίως,
1511 1097 1596 1177 δὲ⁷
1628 1120 1741 1175 οὐδ’

1871 1112 1893 1165 .i
1925 1124 2052 1166 vera
2083 1107 2324 1169 exsistit,
2353 1119 2459 1158 non
2495 1102 2674 1166 facile,
2713 1101 2850 1156 forte
2877 1100 3041 1153 etiam
3077 1114 3185 1153 non
3221 1097 3447 1151 omnino

1974 1203 1985 1210 .
2105 1201 2135 1210 .,
2302 1196 2342 1210 un
2383 1195 2396 1210 ι
2548 1209 2555 1210 ,
2614 1207 2623 1210 _
2676 1209 2681 1210 ,
2766 1194 2813 1210 es,
2873 1193 2884 1210 I
2918 1191 3121 1210 A_.'I____
3167 1191 3279 1210 ι’---
3350 1187 3447 1210 -.121

683 1187 750 1279 Ai
776 1187 831 1278 δὲ
846 1187 1083 1294 ψευδεῖς,
1102 1187 1199 1274 καὶ
1222 1187 1374 1290 παρὰ
1529 1211 1743 1285 ἐχθρῶν

1871 1201 2235 1271 :xstiuguitur.
2301 1195 2461 1252 Falsa
2503 1207 2697 1250 contra
2756 1194 2823 1246 ab
2873 1191 3124 1246 hostibus
3166 1191 3284 1244 fere
3345 1187 3457 1242 odii

149 1324 350 1394 φθόνου
410 1322 598 1375 ἓνεκεν
643 1317 1042 1390 πραττόμεναι,
1079 1313 1156 1376 ὡς
1184 1310 1253 1365 τὰ
1291 1309 1560 1382 άράχνεια
1598 1303 1744 1374 0:de-

149 1431 359 1486 σματα,
400 1410 595 1465 θᾶττον
629 1408 956 1463 διαλύονται.
988 1404 1246 1464 Πέπαυσο
1285 1400 1465 1454 τοίνυν
1489 1397 1597 1452 τῶν
1620 1395 1748 1450 άτό-

148 1525 276 1562 πων
315 1506 598 1576 πράξεων·
632 1504 679 1556 εί
733 1501 790 1556 δὲ
829 1502 925 1571 μὴ,
962 1500 1037 1571 μὴ
1083 1495 1388 1567 ἀγανάκτει

151 1601 370 1671 φήμης.
390 1596 465 1659 ὡς
500 1593 806 1664 πανταχόσε
825 1591 1218 1664 κωμῳδούσης.
1241 1586 1380 1642 οὐδὲ
1405 1585 1517 1656 γὰρ
1545 1578 1658 1638 οἷόν
1685 1598 1745 1636 τε

150 1691 317 1763 ῥίζης
352 1688 463 1762 (48)
487 1687 714 1750 κλάδους
748 1685 824 1756 μὴ
862 1682 1154 1752 ἀναφῦναι.

467 1798 634 1852 ΥΟΔ’.
671 1830 737 1843 -
767 1796 1031 1868 ΙΣῘΔΩΡῼ
1080 1791 1452 1862 ΕΠΙΣΚΟΠῼ.

1854 1312 2020 1353 causa
2048 1293 2307 1356 conﬁcta,
2346 1291 2525 1346 instar
2565 1288 2685 1344 telae
2709 1299 3037 1340 aranearum
3080 1283 3189 1338 cito
3245 1281 3456 1336 interit.

1851 1388 2221 1456 Quamobrem
2272 1383 2464 1439 desine
2513 1379 2952 1448 absurdeagere,
2982 1376 3223 1446 alioquin
3257 1374 3458 1428 famam

1444 1490 1591 1546 κατὰ
1646 1490 1748 1561 τῆς
1850 1477 2430 1540 existimationemque
2465 1471 2539 1524 tui
2575 1480 2840 1523 accusare
2889 1466 3021 1528 noli,
3064 1464 3220 1534 quasi
3255 1463 3460 1534 ubique

1852 1568 2270 1640 perstringuris.
2308 1561 2420 1619 Nec
2443 1561 2590 1619 enim
2633 1559 2751 1616 lieri
2808 1567 2987 1631 potest
3022 1558 3153 1628 quin
3184 1573 3216 1614 e
3257 1553 3461 1612 radici-

1851 1665 1951 1721 bus
1983 1661 2118 1717 ratni
2146 1657 2432 1731 pullulent.

1965 1773 2135 1847 699
2171 1766 2502 1829 coLxxrv.
2543 1795 2616 1810 -
2657 1762 2940 1821 lSIDORO
2989 1757 3353 1818 muscoso.

1085 1885 1365 1942 Hominem
1391 1861 1628 1953 iniquum
1657 1885 1708 1933 et
1731 1872 2054 1945 injuriosum
2086 1863 2361 1922 admoneri
2391 1861 2525 1919 vult.

232 2001 505 2067 Πιστεύω,
538 2001 622 2054 ὅτι
661 2001 710 2054 εἰ
748 1997 904 2068 γνοίη
935 1994 1088 2067 παρὰ
1112 1995 1218 2065 τῆς
1261 1993 1362 2064 σῆς
1412 1990 1694 2060 ὁσιότητος
1721 1988 1750 2040 ὁ

148 2098 226 2168 τῇ
262 2094 457 2151 ἑαυτοῦ
487 2092 799 2164 ἐπιτρέπων
844 2088 1095 2160 δυνάμει,
1125 2087 1230 2151 ὅτι,
1278 2085 1374 2138 σὺν
1399 2082 1521 2153 Θεῷ
1557 2081 1748 2151 φάναι,

148 2186 264 2257 τῆς
311 2183 641 2253 Ἐκκλησίας
667 2181 733 2236 ὲκ
761 2182 862 2252 τῇς
910 2177 1119 2235 ἄνωθεν
1165 2173 1420 2247 βοηθείας
1449 2170 1754 2243 ὠχυρωμέ-

155 2294 286 2350 νης,
316 2277 412 2331 καὶ
441 2275 554 2329 τῶν
576 2274 758 2345 νόμων
791 2269 1148 2344 ἐρρωμένων,
1193 2267 1370 2330 οὐδεὶς
1399 2263 1552 2338 παρᾶ
1575 2262 1638 2316 τὸ
1667 2261 1749 2316 δί-

153 2386 319 2424 καιον
348 2366 713 2423 ἐκϐιάσασθαι
741 2365 834 2420 τὸν
875 2362 1088 2434 πένητα
1132 2358 1220 2430 ἐφ’
1267 2356 1425 2428 ὕϐρει
1471 2355 1573 2426 τῆς
1627 2355 1754 2408 Ἐκ-

153 2459 396 2529 κλησίας
423 2457 525 2528 τῆς
561 2457 866 2527 ὀρεγούσης
896 2455 1009 2518 τοῖς
1058 2449 1437 2519 ἀδικουμένοις
1467 2445 1565 2518 τὴν
1592 2447 1754 2516 χεῖρα

156 2552 478 2624 δυνήσεται,
512 2549 886 2621 ἀποστήσεται
928 2546 1029 2617 τῆς
1063 2543 1206 2599 κατὰ
1241 2541 1336 2596 τοῦ
1380 2543 1612 2611 πένητος
1641 2539 1753 2593 ἁδι-

158 2641 312 2707 κίας,
353 2639 554 2720 μᾶλλον
580 2639 639 2694 δὲ
681 2639 782 2710 τῆς
814 2636 936 2692 καθ’
971 2633 1189 2690 ἑαυτοῦ.
1219 2634 1296 2688 υύ
1331 2633 1442 2704 γὰρ
1494 2629 1755 2686 τοσοῦτον

155 2737 189 2792 ὀ
223 2737 450 2806 πάσχων
483 2734 644 2807 (τέως
699 2736 808 2806 γὰρ
853 2731 1027 2796 οὕτως
1059 2727 1343 2804 εἰρήσθω),
1389 2729 1515 2783 ὅσον
1545 2729 1572 2780 ό
1610 2725 1754 2796 δρῶν

154 2826 451 2883 ἀδικεῖται.

381 2933 548 2990 rosa
579 2962 649 2976 —
688 2930 1033 3004 ΑΘΔΝΑΣΙῼ
1063 2928 1539 3001 ΠΡΕΣΒΥΤΕΡῼ.

1930 1979 2129 2044 Credo,
2168 1977 2216 2032 si
2282 1976 2404 2046 quis
2451 1982 2560 2029 ture
2612 1987 2681 2028 se-
2705 1971 3054 2027 committens
3105 1967 3384 2038 potestati,
3429 1983 3464 2024 ι

1863 2083 1950 2131 tua
1974 2072 2273 2130 sanctitate
2305 2074 2627 2138 cognoscat,
2657 2065 2824 2136 quod,
2861 2074 2920 2119 ut
2945 2078 3072 2118 cum
3097 2061 3208 2117 Deo
3240 2061 3457 2130 loquar,

1858 2182 1982 2222 cum
2034 2163 2278 2220 Ecclesia
2331 2159 2544 2217 ccelesti
2590 2158 2798 2214 auxilio
2850 2156 3152 2222 muniatur,
3206 2155 3465 2226 legesque

1859 2257 2099 2321 valeant,
2151 2255 2335 2310 nullus
2369 2267 2469 2323 per
2507 2249 2896 2308 contumeliam
2943 2246 3200 2305 Ecclesiae
3236 2261 3463 2302 manum

1859 2349 2008 2405 laesis
2031 2346 2306 2403 tendentis
2335 2353 2533 2416 prater
2565 2343 2650 2399 l'as
2667 2353 2722 2398 et
2737 2341 2828 2413 jus
2865 2339 3091 2411 pauperi
3117 2338 3225 2394 vim
3255 2337 3466 2394 inferre

1860 2439 2086 2510 poterit,
2113 2438 2196 2494 sic
2227 2436 2606 2507 unusquisque
2631 2435 2701 2491 ab
2726 2434 2926 2503 injuria
2957 2442 3150 2490 contra
3190 2444 3462 2502 pauperes

1861 2532 2035 2603 magis
2059 2545 2224 2601 quam
2256 2538 2445 2586 contra
2474 2543 2534 2585 se
2563 2526 2882 2583 abstinebit.
2915 2525 3106 2597 Neque
3147 2524 3294 2582 enim
3337 2531 3466 2578 tan-

1869 2633 1981 2678 tum
2022 2625 2068 2680 is
2120 2624 2212 2694 qui
2272 2622 2476 2694 accipit
2521 2619 2801 2690 iniuriam,
2863 2628 2923 2676 ut
2979 2618 3116 2676 alias
3155 2617 3468 2686 docuimus,

1858 2723 2125 2786 quantum
2161 2712 2252 2785 qui
2277 2713 2406 2769 iacit
2435 2712 2540 2768 sibi
2574 2709 2678 2784 ipsi
2705 2719 2888 2768 nocet.

1971 2915 2281 2973 CDLXXV.
2311 2945 2381 2956 —
2409 2911 2814 2969 ATHANASIO
2860 2906 3357 2967 PRESBYTERO.

1028 3041 1231 3098 Virtuti
1263 3045 1440 3115 potius
1463 3056 1602 3096 verte
1631 3051 1790 3109 quam
1820 3029 2056 3089 orationi
2082 3028 2279 3100 fucati:
2301 3029 2642 3084 studendum.

242 3183 438 3255 Πρὼην
464 3183 564 3253 μὲν
587 3180 790 3254 ἑτέρων
815 3181 1036 3252 ἢκουον,
1059 3177 1157 3232 νῦν
1175 3176 1232 3232 δὲ
1257 3176 1430 3246 ἔγνων
1450 3174 1759 3229 δεινότατον
1789 3143 1816 3204 ί

1935 3163 2122 3233 Nuper
2150 3178 2218 3218 ex
2246 3162 2356 3218 alio
2385 3162 2590 3228 audivi,
2624 3174 2770 3216 nunc
2815 3159 2983 3215 etiam
3021 3158 3276 3231 cognovi,
3327 3159 3472 3231 opti-

160 3276 298 3330 ὄντα
329 3292 387 3328 σε
424 3271 772 3346 ῥητορεύειν⁸
807 3270 867 3336 ὃς
914 3270 1008 3324 ἐπὶ
1036 3267 1300 3340 πράξεσιν
1343 3267 1487 3321 οὕτω
1519 3263 1762 3336 παρανό-

167 3385 296 3440 μοις
328 3370 423 3420 xei
456 3367 722 3436 πονηραῖς
759 3362 934 3432 λόγων
986 3361 1328 3435 εὐπρέπειαν
1374 3358 1609 3429 ἑχόντων
1640 3348 1764 3408 οὐκ

162 3460 478 3532 ⁴ιλττόρησας.
509 3457 650 3510 Ἀλλ’
668 3456 767 3526 οὐχ
787 3458 816 3508 ό
833 3455 998 3527 τέχνη
1022 3451 1290 3525 τάληθοῦς
1314 3450 1762 3523 περιγενόμενος,

169 3551 414 3606 ἐπαίνων
443 3549 616 3615 ἄξιος,
657 3548 771 3602 ἀλλ’
827 3549 856 3600 ό
884 3548 944 3600 τὸ
973 3545 1176 3618 ἀληθὲς
1226 3544 1470 3615 ἀτέχνως
1511 3539 1759 3613 φράζων.

186 3644 486 3715 Ἀφέμενος
508 3642 691 3696 τοίνυν
718 3640 819 3710 τῆς
852 3638 1181 3710 δεινότητος,
1204 3636 1331 3706 ἔχου
1353 3636 1452 3706 τῆς
1477 3631 1758 3704 ἀληθείας,

172 3733 392 3790 καὶτὸν
431 3731 544 3802 βίον
591 3729 685 3784 τὸν
729 3726 929 3782 σαυτοῦ
977 3727 1116 3799 πρὸς
1161 3726 1368 3796 ταύτην
1403 3723 1620 3793 βλέπων
1657 3719 1756 3792 ῥύ-

173 3823 356 3896 θμιζε.
379 3822 441 3875 Ei
463 3821 572 3890 γάρ
598 3821 693 3874 καὶ
735 3816 1059 3889 ἀνθρώπους
1101 3813 1578 3887 παραλογίσασθαι
1603 3812 1768 3882 δυνη-

173 3916 353 3986 θείης,
387 3915 436 3968 εί
463 3913 557 3967 καὶ
589 3913 672 3965 ὅτι
707 3908 941 3983 μάλιστα
963 3908 1020 3963 δὲ
1053 3909 1182 3980 παρ’
1220 3908 1408 3970 αὐτοῖς
1451 3903 1767 3976 ἐφωράθης,

174 4007 316 4064 ἀλλὰ
349 4005 440 4063 τὸν
472 4001 913 4076 ἀπαραλόγιστον
936 4001 1000 4056 οὐ
1041 3996 1356 4071 φενακίσεις
1396 3995 1616 4068 κριτήν.

253 4314 437 4382 τος-ι.
463 4342 535 4354 -
575 4302 1364 4382 ΜΑΡΤΙΝΙᾼΝΫῼἉΫΖΩΣΙΜῼ,
1405 4300 1694 4367 ΜΑΡΩΝΙ,

799 4379 1156 4450 ΕΥΣΤΑΘιᾳ.

1865 3274 2012 3314 mtun
2039 3268 2091 3313 te
2114 3258 2326 3311 dicendi
2357 3270 2479 3310 esse
2528 3253 2819 3321 artiﬁcem,
2872 3253 2964 3323 qui
3022 3254 3091 3309 de
3121 3252 3282 3309 rebus
3330 3254 3471 3309 adeo

1865 3350 1969 3422 legi
2005 3347 2298 3406 contrariis
2322 3357 2488 3417 atque
2525 3345 2798 3415 improbis
2847 3346 3014 3402 verba
3065 3346 3473 3418 dictionemque

1869 3443 1947 3499 ita
1978 3441 2376 3511 contposucris,
2436 3439 2570 3494 nihil
2617 3448 2676 3494 ut
2743 3439 3155 3495 desideraretur
3211 3438 3470 3511 amplius.

1873 3534 1984 3591 Sed
2026 3549 2202 3604 neque
2243 3535 2334 3604 qui
2380 3533 2670 3587 veritatem
2735 3541 2855 3588 arte
2899 3541 3125 3602 superat
3178 3530 3343 3586 laude
3411 3531 3474 3586 lit

1881 3630 2101 3701 dignus,
2136 3628 2232 3683 sed
2255 3627 2347 3698 qui
2378 3640 2500 3680 eam
2544 3625 2663 3680 sine
2710 3623 2838 3679 i'ucn
2892 3633 2948 3680 et
2990 3633 3111 3680 arte
3172 3623 3470 3693 eloquitur.

1873 3718 2244 3787 Quamobrem
2285 3717 2451 3772 missa
2489 3716 2706 3772 dicendi
2758 3716 2848 3771 illa
2903 3717 3200 3787 gravitate,
3235 3718 3302 3772 da
3343 3731 3476 3787 ope-

1870 3830 1985 3869 ram
2020 3813 2261 3879 veritati,
2299 3813 2365 3868 ad
2397 3828 2628 3882 eamque
2675 3813 2979 3884 respiciens
3021 3824 3169 3868 tuam
3198 3828 3469 3885 compone

1868 3908 2064 3962 vitam.
2085 3905 2199 3961 Etsi
2221 3905 2366 3960 enim
2396 3905 2627 3960 dicendo
2660 3905 3063 3961 circumvenire
3109 3915 3267 3976 potes
3299 3907 3476 3962 homi-

1869 4014 1988 4063 nes,
2035 3998 2285 4068 quamvis
2343 3998 2410 4054 ab
2459 3997 2565 4052 illis
2631 3996 3032 4067 deprehensus,
3095 4012 3220 4053 eum
3289 4007 3474 4054 tamen

1872 4107 2036 4164 quem
2066 4093 2206 4148 ratio
2239 4106 2519 4161 nunquam
2545 4090 2703 4162 fugit,
2723 4091 2962 4159 judicent
2989 4090 3179 4147 fallere
3199 4105 3479 4162 nunquam

1878 4200 2076 4258 possis.

1915 4296 2250 4359 CDLXXVI.
2310 4327 2380 4339 -—
2437 4296 2891 4362 MARTINIANO,
2963 4295 3241 4366 2081310,
3294 4297 3423 4357 M5-

2302 4367 2467 4424 RONI
2503 4368 2590 4423 ET
2618 4368 3038 4427 EUSTATHIO.

929 4495 1009 4548 Ad
1038 4495 1226 4549 bonam
1274 4495 1481 4565 frugem
1513 4508 1605 4548 eos
1629 4489 1836 4552 invitat,
1877 4495 1932 4541 ut
1979 4497 2026 4540 et
2056 4502 2204 4555 supr.
2236 4486 2395 4553 epist.
2426 4485 2554 4555 5H,
2597 4485 2726 4542 M5.

266 4614 549 4684 Ἐνέτυχον
579 4610 718 4683 ἁγίῳ
750 4609 927 4682 ἀνδρὶ,
960 4601 1005 4678 ᾧ
1036 4606 1196 4680 ἔργον
1242 4608 1360 4660 ἐστὶ
1402 4605 1461 4660 τὸ
1495 4605 1638 4677 ὑπὲρ
1662 4603 1775 4659 τῶν
1804 4600 1816 4656 i

1950 4595 2177 4655 Occurri
2217 4614 2390 4669 nuper
2449 4600 2570 4655 viro
2617 4611 2829 4666 sancto,
2890 4601 3047 4670 cujus
3114 4601 3357 4658 orticium
3403 4602 3481 4661 sit

186 4705 498 4759 πταιόντων
527 4700 796 4756 ἱκετεύειν
836 4701 900 4753 τὸ
931 4699 1087 4754 Θεϊον
1116 4699 1255 4772 (ίστε
1281 4698 1338 4752 δὲ
1367 4698 1424 4751 ὃν
1449 4697 1641 4769 λέγω),
1678 4697 1775 4750 καὶ

181 4790 332 4849 εἶδον
365 4794 623 4848 ὑπόθεσιν
657 4790 809 4863 αὐτῷ
838 4789 1091 4864 δακρύων
1134 4789 1344 4844 ἀενάων
1376 4790 1467 4843 τὸν
1507 4788 1775 4860 ὑμέτερον

184 4887 520 4960 γεγενῆσθαι
548 4885 682 4958 βίον.
731 4883 1134 4955 Αίσχυνόμενος
1168 4882 1276 4954 γάρ
1319 4882 1413 4935 ἐπὶ
1457 4884 1573 4945 τοῖς
1623 4879 1778 4953 παρά

186 4979 412 5033 πάντων
443 4977 575 5047 περὶ
608 4973 766 5046 ὑμῶν
810 4972 1292 5045 κωμῳδουμένοις,
1341 4973 1496 5042 ἔλεγε
1527 4975 1638 5036 τοῖς
1669 4989 1779 5026 πα-

192 5070 458 5142 ρακαλεῖν
511 5065 914 5138 πειρωμένοις’
958 5085 975 5117 ι
1031 5067 1259 5133 Ἄφετε,
1300 5067 1517 5136 πικρῶς
1547 5065 1783 5120 κλαύσο-

196 5180 320 5234 μαι,
360 5161 434 5234 μὴ
464 5159 788 5231 κατισχύετε
819 5158 1161 5230 παρακαλεῖν
1216 5175 1306 5229 με.
1344 5178 1362 5208 ι
1397 5153 1531 5211 Εἶτα
1561 5157 1638 5220 ὡς
1687 5159 1784 5212 ἁν-

192 5256 413 5308 ένευσεν
441 5253 620 5322 ὀλίγον
642 5253 706 5306 ὲκ
732 5250 844 5306 τῶν
859 5251 1092 5322 θρήνων,
1119 5251 1221 5305 οὐκ
1253 5245 1350 5304 οἷδ’
1382 5252 1410 5304 ὅ
1441 5269 1492 5303 τι
1522 5251 1786 5321 ἐννοήσας

196 5347 283 5416 (ού
325 5345 436 5417 γὰρ
487 5345 731 5414 ἀσφαλὲς
766 5344 878 5398 τῶν
925 5343 1139 5415 ἀδήλων
1172 5343 1567 5415 κατατολμᾷν),
1598 5342 1786 5416 ὥσπερ

197 5440 387 5504 ἔνθους
438 5436 753 5508 γενόμενος,
807 5437 904 5490 καὶ
952 5437 1034 5501 εἰς
1082 5435 1313 5507 οὐρανὸν
1345 5435 1681 5505 ἀναϐλέψας,
1711 5435 1788 5500 ὡς

197 5531 361 5586 αὐτ-δν
390 5532 531 5602 ὀρῶν
573 5529 665 5583 τὸν
707 5529 923 5583 πάντων
954 5529 1252 5600 Δεσπότην,
1284 5527 1510 5598 ἐϐόησεν
1532 5542 1545 5555 ·
1587 5544 1605 5578 ι
1649 5526 1788 5593 Δόξα

1885 4691 2052 4747 Deum
2087 4704 2188 4760 pro
2233 4691 2678 4761 delinquentibus
2731 4691 3052 4762 suppliciter
3104 4706 3266 4749 orare
3317 4695 3485 4766 (nosti

1884 4799 2049 4851 quem
2077 4784 2303 4853 dicam),
2336 4796 2390 4840 et
2418 4783 2668 4839 videbam
2693 4786 2981 4839 materiam
3008 4784 3085 4839 illi
3115 4797 3378 4854 perpetuo
3410 4789 3488 4844 ht-

1885 4875 2166 4948 crymandi
2202 4876 2439 4932 oblatam
2475 4884 2714 4931 vestram
2749 4875 2820 4930 ob
2852 4875 3041 4931 vitam.
3099 4874 3317 4934 Pudore
3339 4880 3488 4938 enim

1887 4971 1982 5027 ille
2020 4968 2258 5026 sull‘usus
2311 4985 2476 5038 super
2524 4971 2608 5026 his
2643 4985 2768 5040 qua:
2804 4971 2872 5026 de
2917 4970 3072 5026 vobis
3136 4985 3490 5033 accusatores

1890 5073 2346 5132 commemorant,
2401 5064 2472 5119 iis
2519 5063 2610 5133 qui
2657 5062 2933 5119 consolari
2979 5065 3346 5135 conabantur,
3407 5066 3493 5125 sic

1890 5156 1968 5211 ait
2003 5174 2017 5211 :
2061 5173 2082 5209 ι
2120 5156 2301 5211 Sinite
2326 5153 2718 5211 miserabiliter
2761 5155 3066 5225 deplorem,
3096 5171 3274 5227 neque
3319 5159 3490 5217 solari

1890 5261 1979 5302 me
2008 5246 2276 5303 desistite.
2309 5265 2329 5299 ι
2374 5247 2580 5302 Deinde
2606 5248 2696 5302 ubi
2718 5261 2780 5302 se
2804 5246 3051 5302 nonnihil
3074 5266 3104 5302 ιι
3128 5246 3489 5320 laerymando

1891 5341 2133 5412 collegit,
2171 5342 2358 5397 nescio
2384 5341 2513 5410 quid
2540 5342 2790 5412 cogitans
2835 5340 3038 5412 (neque
3082 5341 3230 5396 enim
3286 5344 3494 5400 incerta

1890 5435 2110 5505 aggredi
2146 5445 2320 5489 tutum
2361 5435 2491 5506 eet),
2519 5436 2686 5491 veluti
2725 5433 2962 5490 Numine
2992 5432 3228 5502 albatus,
3258 5435 3494 5493 ealnm-
3583 5424 3586 5431 ’

1890 5544 1996 5600 que
2023 5528 2319 5599 aspiciens,
2347 5531 2499 5600 quasi
2536 5528 2780 5585 omnium
2817 5526 3035 5586 videret
3069 5527 3384 5600 Dominum,
3415 5528 3496 5587 sic

1299 5686 1531 5745 VARUE
1567 5686 1952 5745 LECTIONES
1986 5686 2075 5744 ET
2115 5686 2355 5746 NOTE.

272 5839 386 5925 (48)
421 5847 568 5907 Inter
607 5847 766 5924 ρξζης
804 5859 857 5912 ei
900 5851 1127 5919 κλάδους
1168 5862 1313 5911 recte
1349 5849 1509 5914 codd.
1545 5850 1667 5912 Vat.
1697 5851 1802 5913 6ἔο

1871 5851 2020 5910 tAlt.
2052 5850 2302 5910 inserunt
2339 5850 2573 5926 ιοῦσης.
2615 5853 2832 5911 Possm.
