4114 6450
684 391 820 459 1603

1873 397 1934 458 S.
1976 394 2270 459 lSIDORI
2312 389 2754 457 PELUSIOTE

3805 382 3945 450 16M

678 512 1003 570 exclatnavit
1057 531 1129 567 ε(
1165 511 1309 579 Tibi,
1361 512 1497 578 Rex,
1538 511 1734 585 gloria,
1789 511 1956 583 gloria
2013 512 2108 565 lilii
2163 510 2256 565 sit.

2367 527 2470 571 σοι,
2505 507 2750 579 βασιλεῦ,
2787 503 2915 572 δόξα
2951 521 3053 560 σοι.
3085 502 3266 575 Πόσης
3302 497 3684 574 μακροθυμίας
3716 501 3941 572 stilari;

677 603 907 674 Quantae
935 604 1209 676 patientiae
1255 605 1349 660 tibi
1377 604 1641 676 pelagus?
1687 614 1951 675 quantum
2005 613 2256 656 avertens

680 698 881 754 malum
912 696 1293 767 depellensque
1348 698 1635 754 thesaurus
1686 696 1786 753 es?
1829 696 1967 764 Quot
2020 706 2111 751 tuo
2162 711 2258 749 ηο-

681 789 825 843 mine
862 803 927 842 ex
973 788 1225 842 obscuris
1247 799 1410 858 atque
1459 789 1703 858 ingloriis
1743 789 1875 844 clari
1915 789 2260 856 illustresque

679 876 828 938 facti,
871 876 1077 932 honore
1108 885 1296 932 contra
1351 889 1426 943 te,
1465 880 1554 948 qui
1598 879 1875 934 ltonurasti
1934 879 2099 949 ipsos,
2133 887 2264 932 sunt

681 967 859 1031 abusi,
892 967 1198 1038 audentque
1225 983 1331 1022 non
1375 969 1644 1031 audenda,
1693 981 1958 1037 sacraque
2004 964 2265 1022 conviciis

675 1056 1063 1127 proscindunt,
1092 1068 1378 1126 peccantes
1405 1059 1556 1113 venia
1580 1059 1742 1113 etiam
1770 1059 2010 1127 indigna.
2041 1075 2058 1107 ›
2089 1056 2266 1124 Quare

676 1150 779 1204 nisi
810 1151 896 1204 bic
925 1165 1023 1219 pro
1054 1150 1176 1205 aliis
1220 1165 1406 1214 orans,
1452 1160 1507 1204 et
1543 1165 1640 1218 pro
1692 1150 1892 1205 vestris
1928 1149 2092 1204 etiam
2127 1146 2262 1203 deli—

680 1242 786 1297 ctis
847 1241 937 1296 Dei
993 1244 1316 1311 patientiam
1385 1242 1962 1312 longanimitatemque
2012 1240 2265 1312 precibus

2364 603 2513 674 παρά
2556 603 2668 657 eoi!
2708 601 2880 670 πόσης
2923 595 3276 665 ἀνεξικακίας
3317 591 3628 667 θησαυρόςί
3663 591 3732 646 Oi
3771 593 3861 647 Gtt
3885 593 3943 647 τὺ

2365 691 2538 762 δνομα
2565 691 2624 745 τὸ
2656 691 2748 744 σὺν
2790 690 2851 755 ἐξ
2881 687 3105 759 ἀφανῶν
3157 684 3252 740 καί
3282 684 3492 756 ἀτίμων
3540 681 3788 755 λαμπροὶ
3843 682 3936 738 καὶ

2366 782 2721 854 περίϐλεπτοι
2755 779 3061 850 γεγονότες,
3093 780 3161 849 τῇ
3191 780 3322 849 τιμῇ
3368 775 3511 832 κατὰ
3553 773 3649 829 σοῦ
3677 773 3774 828 τοῦ
3803 789 3942 828 τετι-

2371 873 2612 944 μηκότος
2660 873 2979 943 κέχρηνται,
3040 871 3136 924 καὶ
3179 868 3450 940 τολμῶσιν
3500 867 3804 937 ἀτόλμητα,
3851 867 3942 919 καὶ

2375 965 2756 1037 ἐνυϐρίζουσιν
2786 966 2866 1028 είς
2890 963 2962 1016 τὰ
2986 963 3140 1032 ἅγια,
3174 959 3504 1031 συγγνώμης
3538 957 3944 1030 ἁμαρτάνοντες

2374 1058 2616 1129 μείζονα.
2656 1076 2674 1108 ι
2716 1057 2779 1110 Ei
2812 1055 2989 1109 τοίνυν
3040 1055 3136 1108 καὶ
3165 1053 3194 1105 ό
3238 1052 3376 1123 ὑπὲρ
3432 1053 3540 1105 τῶν
3583 1049 3762 1104 ἄλλων
3813 1065 3944 1120 πρε-

2372 1149 2601 1214 σϐεύων,
2620 1148 2708 1202 διὰ
2723 1147 2790 1200 τὰ
2807 1146 3047 1218 ὑμέτερα
3063 1145 3379 1214 πταίσματα
3390 1140 3488 1213 τὴν
3503 1140 3652 1196 θείαν
3668 1140 3942 1210 ἐξεπλάγη

2375 1239 2782 1312 μακροθυμίαν,
2824 1240 2908 1301 τίς
2953 1237 3092 1309 ὑπὲρ
3139 1234 3293 1307 ὑμῶν
3329 1233 3633 1297 ίκετεύσεις
3670 1233 3758 1296 τίς
3813 1249 3945 1302 πρι-

675 1331 938 1402 fatigarit,
958 1333 1103 1402 quis,
1138 1349 1339 1402 qumso,
1368 1334 1590 1404 supplex
1625 1349 1721 1403 pro
1747 1334 1898 1389 vobis
1931 1332 2127 1387 fuerit?
2153 1332 2259 1400 quit

2373 1331 2626 1396 σὸεύσει;
2657 1331 2739 1395 τίς
2771 1330 3214 1400 παραστήσεται;
3253 1325 3587 1387 Ἐννοοῢντες
3615 1319 3732 1388 οὖν,
3759 1318 3813 1378 οἶ
3840 1323 3943 1375 τῶν

676 1424 1094 1492 deprecabitur?
1123 1425 1309 1494 ecquis
1338 1424 1593 1480 assistet?
1621 1423 1930 1493 Cogitantes
1951 1423 2134 1491 itaque
2163 1434 2259 1490 quo

2368 1421 2558 1477 κακῶν
2583 1423 2728 1488 ἐστε,
2765 1418 3050 1474 παύσασθε
3078 1417 3440 1486 ἀσύγγνωστα
3464 1415 3766 1479 πταίοντες.

675 1516 944 1598 malorum
968 1516 1316 1578 deveneritis.
1348 1532 1376 1569 a
1403 1514 1620 1584 flagitiis
1649 1514 1941 1569 abstinete.

764 1601 1301 1697 7oo‘coLxxvn.
1331 1625 1731 1682 —0Lvnpto
1768 1624 1855 1681 ET
1901 1623 2197 1682 tsmono.

2683 1623 2854 1679 roz'.
2893 1653 2959 1664 —
2993 1618 3325 1692 ΟΛΥΜΒΙῼ,
3355 1617 3633 1690 maneo.

676 1716 808 1785 Quis
832 1735 945 1774 vere
967 1720 1196 1787 sapiens.
1234 1718 1397 1789 (Vide
1423 1720 1577 1788 epist.
1621 1717 1775 1790 497.)
1811 1716 2145 1843 Numisia:
2191 1717 2757 1841 docté'inzjzmgenda.
2794 1715 2901 1770 Illa
2943 1716 3150 1783 fructus
3181 1721 3256 1767 est
3307 1711 3496 1776 instar,
3531 1710 3642 1764 hac
3669 1707 3939 1777 foliorum.

2038 1806 2064 1840 υ
2135 1803 2190 1840 ον
2229 1803 2299 1840 tm
2340 1804 2367 1842 e
2443 1805 2491 1841 ιε
2519 1803 2628 1840 um.

2038 1799 2190 1840 υλλον
2229 1799 2367 1842 unde
2404 1799 2628 1841 dictum.

746 1875 1053 1945 Sapientem
1093 1874 1340 1945 equidem
1392 1875 1630 1938 omnino,
1688 1888 1795 1930 non
1840 1876 1932 1945 qui
1977 1886 2259 1946 promptus

2437 1876 2610 1945 Σοφὸν
2643 1874 2822 1945 ἔγωγε
2874 1871 3116 1944 ἡγοῦμαι
3169 1872 3231 1926 οὐ
3259 1870 3349 1924 τὸν
3390 1869 3490 1934 τὰς
3538 1869 3649 1926 τῶν
3707 1869 3942 1940 ποιητῶν

677 1964 731 2020 in
763 1965 945 2034 lingua
986 1965 1180 2018 habeat
1230 1975 1512 2034 poetarum
1570 1964 1920 2034 rbapsodias,
1972 1966 2259 2021 disertasve

2374 1968 2676 2041 ῥαψῳδίας,
2714 1967 2808 2021 καὶ
2836 1965 2936 2030 τὰς
2964 1964 3073 2019 τῶν
3098 1964 3344 2035 ῥητόρων
3371 1963 3705 2034 δεινότητας,
3731 1963 3824 2015 καὶ
3849 1960 3943 2023 τὰς

675 2067 953 2110 oratorum
1000 2055 1299 2120 orationes,
1346 2064 1438 2107 aut
1485 2054 1928 2124 philosophorum
1985 2055 2170 2119 tricas,
2208 2063 2266 2108 ut

673 2149 976 2214 existimas,
1008 2144 1100 2200 sed
1129 2145 1221 2215 qui
1248 2159 1428 2200 mores
1462 2145 1695 2210 excolat,
1734 2145 2008 2217 vitamque
2044 2161 2266 2216 compo-

677 2237 782 2292 site
807 2235 986 2306 degat.
1014 2234 1169 2290 llunc
1197 2251 1305 2290 non
1343 2234 1527 2291 extolli
1558 2236 1705 2290 ltisce
1737 2243 1901 2306 puto:
1936 2235 2091 2290 talem
2118 2238 2264 2293 enim

674 2343 775 2384 nec
826 2329 894 2382 ab
927 2327 1035 2381 illis
1092 2327 1370 2382 deturbari
1428 2327 1867 2397 prtecipitetnque
1922 2327 2040 2381 dari
2095 2341 2256 2398 posse

674 2421 955 2475 existimo.
1010 2418 1338 2488 [inprobitas
1389 2417 1534 2472 enim
1603 2417 1818 2472 dicendi
1854 2417 1956 2472 sibi
1999 2431 2262 2488 arrogans

677 2511 930 2582 peritiam
958 2511 1116 2583 longe
1144 2510 1394 2581 graviora
1430 2522 1591 2580 quam
1619 2508 1859 2576 inscitia,
1894 2507 2034 2563 mala
2060 2517 2261 2577 patrat.

673 2602 889 2656 Miraris
941 2612 996 2656 tu
1047 2602 1262 2671 quidem
1312 2600 1367 2656 id
1412 2615 1442 2655 a
1496 2615 1583 2654 me
1621 2599 2004 2670 pronuntiari;
2066 2607 2258 2654 testem

671 2691 812 2746 dabo
852 2690 1249 2762 Thucydidem,
1279 2689 1433 2758 cujus
1466 2690 1581 2746 hac
1609 2689 1773 2744 verba
1813 2697 1982 2744 sunt:
2024 2705 2044 2740 ι
2085 2689 2260 2758 Impe-

671 2784 798 2839 ritia
836 2784 1117 2839 modestiae
1147 2783 1436 2854 conjuncta
1473 2781 1661 2837 utilior
1706 2789 1790 2836 est
1835 2779 2099 2835 industria
2137 2794 2260 2834 cum

676 2875 934 2931 libertate
979 2875 1293 2946 conjuncta.
1330 2874 1408 2929 Ac
1443 2873 1764 2943 plerumque
1805 2871 1900 2942 qui
1956 2871 2264 2926 humilioris

676 2977 807 3025 sunt
833 2967 1065 3038 ingenii,
1104 2966 1295 3022 melius
1331 2981 1493 3036 quam
1537 2964 1849 3021 solertiores
1879 2963 2264 3034 rempublicam

677 3059 1084 3115 administrant.
1133 3077 1154 3110 ι
1207 3058 1396 3128 Itaque
1425 3057 1472 3110 sl
1509 3072 1610 3112 nec
1643 3054 1847 3125 ingenii
1879 3054 2260 3109 dexteritatem

673 3149 765 3206 ille
802 3148 1007 3218 recepit
1046 3148 1269 3218 (damno
1319 3145 1462 3202 malo
1510 3145 1656 3200 enim
1691 3152 1775 3199 est
1809 3155 1914 3198 non
1957 3151 2106 3198 recte
2131 3142 2259 3197 illud

2369 2063 2478 2115 τῶν
2523 2060 2707 2130 σοφῶν
2744 2056 3064 2130 τερθρείας,
3114 2056 3190 2120 ὡς
3239 2056 3500 2127 νομίζεις,
3557 2055 3647 2107 ἐπὶ
3702 2054 3941 2123 γλώττης

2368 2151 2578 2223 ἔχοντα,
2616 2149 2753 2204 ἀλλὰ
2782 2149 2872 2203 τὸν
2898 2149 2959 2201 τὸ
2987 2144 3118 2220 ἦθος
3144 2147 3542 2217 ὲξασκήσαντα,
3578 2145 3674 2198 καὶ
3704 2145 3794 2198 τὸν
3826 2145 3944 2214 τρό-

2367 2259 2468 2296 πον
2497 2241 2862 2313 ρυθμίσαντα.
2890 2241 2996 2294 Τδν
3023 2239 3133 2311 γὰρ
3159 2236 3399 2292 τοιοῦτον
3444 2237 3549 2290 οὐδ’
3583 2237 3673 2290 ὑπ’
3722 2236 3942 2288 ἐκείνων

2373 2334 2876 2407 ἐκτραχηλίζεσθαι
2903 2327 3080 2403 οἶμαι.
3111 2328 3352 2400 Πονηρία
3385 2329 3493 2400 γὰρ
3520 2327 3616 2399 τὴν
3640 2326 3738 2380 τοῦ
3764 2327 3940 2395 λέγειν

2366 2423 2662 2494 ἐμπειρίαν
2714 2420 3128 2494 προσλαϐοῦσα,
3173 2417 3352 2489 πολὶῴ
3399 2415 3786 2488 ἀργαλεώτερα
3848 2415 3941 2485 τῆς

2369 2511 2610 2581 ἀμαθίας
2637 2510 2933 2581 ἐργάζεται
2960 2509 3128 2563 κακά.
3162 2505 3224 2560 Ei
3261 2505 3318 2560 δὲ
3360 2503 3658 2576 θαυμάζεις
3687 2504 3750 2557 τὸ
3788 2504 3938 2574 εἰρη-

2378 2603 2558 2674 μένον,
2611 2604 2947 2675 ὲγγυήσεται
2991 2599 3318 2671 Θουκυδίδης
3373 2597 3585 2666 λέγων’
3624 2615 3643 2649 t
3705 2595 3937 2665 ’Δμαθία

2369 2695 2509 2765 μετὰ
2543 2693 2900 2766 σωφροσύνης
2940 2691 3383 2763 ὡφελιμώτερον,
3432 2690 3464 2761 ἢ
3508 2690 3750 2760 δεξιότης
3799 2689 3936 2758 με’-ἀ

2365 2786 2680 2850 ἀκολασίας.
2721 2804 2740 2839 t
2762 2786 2826 2840 Ei
2847 2786 3028 2840 τοίνυν
3057 2782 3177 2838 οὐδὲ
3207 2783 3306 2854 τὴν
3340 2782 3567 2851 εὐφυΐαν
3609 2781 3815 2845 ἐκεῖνος
3836 2782 3939 2835 ἀπ-

2371 2877 2592 2944 εδέξατο
2623 2879 2783 2950 (πρὸς
2815 2876 2988 2934 κακοῦ
3017 2876 3126 2949 γὰρ
3151 2875 3360 2945 γίνεται
3391 2876 3502 2938 τοῖς
3537 2873 3610 2944 μὴ
3641 2872 3826 2936 καλῶς
3853 2872 3939 2925 αὐ-

2367 2969 2464 3040 τὴν
2490 2969 2841 3040 γεωργοῦσι),
2897 2969 3060 3040 σχολῇ
3100 2984 3163 3036 γε
3198 2967 3328 3037 περὶ
3355 2965 3451 3036 τῆς
3479 2963 3676 3030 ἔξωθεν
3718 2962 3937 3018 παιδεύ-

2367 3079 2506 3125 σεως
2550 3058 2977 3131 ἀποφαπύμεθα
3008 3059 3083 3123 ὡς
3122 3058 3280 3123 ἀξίας
3307 3057 3489 3126 λόγου,
3525 3056 3651 3109 ὅταν
3688 3055 3936 3128 ότρόπος

2365 3152 2664 3216 ἀκόλαστος
2688 3152 2794 3224 εἴη.
2829 3152 2892 3206 Εί
2919 3151 3017 3223 μὲν
3044 3145 3136 3204 οὖν
3165 3148 3334 3219 ἄμφω
3358 3147 3652 3213 συνέϐαινε,
3680 3149 3936 3218 φρόνησίς

671 3240 1022 3312 colentibus),
1051 3239 1222 3295 multo
1246 3239 1427 3293 minus
1472 3236 1541 3292 ab
1585 3245 1814 3291 externa
1846 3234 2134 3306 disciplina
2163 3249 2258 3291 ceu

2366 3261 2421 3298 τε
2446 3244 2540 3299 καὶ
2578 3244 2859 3308 παίδευσις
2884 3283 2898 3308 ,
2945 3243 3217 3309 τουτέστι,
3274 3245 3472 3317 τρόπος
3504 3242 3599 3297 καὶ
3648 3243 3826 3312 λόγος,
3877 3240 3931 3296 εὖ

674 3333 836 3405 digna
871 3347 1125 3388 sermone
1162 3332 1532 3398 censebimur,
1573 3329 1663 3386 ubi
1697 3341 1876 3384 mores
1911 3327 2114 3383 fuerint
2143 3328 2260 3385 dis-

673 3429 860 3482 soluti.
905 3430 1086 3493 Quare
1126 3426 1171 3482 si
1231 3434 1465 3495 utraque
1520 3423 1871 3488 obvenerint,
1899 3421 2183 3493 prudentia
2209 3429 2264 3477 et

674 3529 821 3572 recta
856 3517 1148 3582 institutio,
1175 3517 1281 3572 hoc
1305 3525 1409 3580 est,
1438 3530 1616 3571 mores
1658 3514 1985 3581 dicendique
2008 3511 2260 3579 facultas,

673 3613 812 3665 bene
833 3625 920 3665 res
948 3611 1150 3673 habet;
1181 3611 1224 3664 si
1249 3622 1376 3662 vero
1401 3607 1627 3662 alterum
1654 3606 1813 3671 desit,
1844 3602 2036 3659 melius
2055 3602 2260 3672 eligen-

674 3705 802 3757 dum
835 3713 941 3758 est.
983 3702 1238 3757 Testatur
1273 3701 1324 3755 id
1362 3699 1525 3755 etiam
1580 3697 1753 3761 Plato,
1785 3711 1892 3766 quo
1924 3696 2042 3751 solo
2085 3697 2139 3752 in
2165 3710 2262 3751 ore

673 3793 893 3848 assidue
929 3793 1194 3861 gestando
1266 3789 1541 3862 gloriaris.
1601 3789 1692 3843 Ait
1735 3789 1885 3844 enim
1920 3805 1934 3843 :
1982 3806 2002 3840 ι
2037 3789 2261 3842 Animas

678 3884 885 3953 optime
920 3897 948 3937 a
980 3883 1268 3951 iuventute
1296 3882 1596 3947 institutas,
1631 3881 1674 3935 si
1708 3879 1909 3934 malum
1941 3880 2261 3936 nanciscan-

688 3983 776 4027 tur
801 3983 1216 4043 praeceptorem,
1243 3972 1401 4028 valde
1426 3972 1598 4027 malas
1638 3972 1810 4038 reddi,
1858 3989 1876 4023 ι
1905 3984 2263 4040 magnamque

676 4065 1006 4135 injustitiam
1055 4079 1372 4134 meramque
1411 4063 1813 4133 improbitatem
1844 4078 1909 4118 ex
1939 4062 2071 4116 falsa
2111 4063 2260 4117 inve-

676 4167 964 4225 terataque
1005 4166 1199 4210 natura
1254 4165 1511 4225 corrupta
1551 4154 1874 4210 educatione
1912 4153 2063 4221 fieri,
2107 4161 2259 4208 natu-

674 4261 790 4300 ram
819 4261 951 4301 vero
990 4245 1315 4302 imbecillem
1355 4260 1676 4316 magnorum
1700 4259 1818 4313 quae
1847 4259 1945 4299 nec
1975 4244 2114 4299 bona
2144 4244 2251 4300 sint

675 4352 775 4392 nec
800 4337 963 4402 mala,
998 4352 1217 4392 causam
1268 4337 1539 4392 interdum
1582 4337 1866 4391 exsistere.
1898 4336 2257 4403 Quamobrem

674 4429 717 4480 si
758 4427 1052 4482 historicus
1088 4443 1356 4492 summus,
1411 4427 1773 4498 princepsque
1813 4427 2257 4498 philosophorum

676 4534 858 4574 mores
893 4521 1124 4574 orationi
1181 4528 1234 4574 et
1273 4521 1397 4574 vita:
1455 4519 1905 4574 consuetudinem
1957 4520 2259 4588 omnigenus.

675 4611 937 4664 doctriuae
957 4620 1296 4679 anteponere
1321 4609 1419 4664 visi
1456 4609 1585 4674 sint,
1613 4608 1765 4679 quid,
1789 4622 1993 4679 quaeso,
2028 4608 2250 4664 absurdi

675 4709 759 4756 est
784 4700 1002 4755 asseria
1051 4715 1139 4755 me
1186 4700 1417 4754 fructum
1447 4697 1588 4753 foliis
1630 4699 1804 4768 magis
1847 4712 1967 4753 esse
2010 4713 2255 4754 necessa-

676 4791 854 4847 rium?
885 4791 1141 4848 Fructum
1174 4801 1351 4846 autem
1379 4791 1632 4846 virtutem
1659 4805 1779 4845 esse
1821 4789 2052 4847 dicimus
2078 4807 2092 4856 ;
2127 4790 2251 4846 folia

677 4898 807 4938 vero
849 4882 1178 4953 frondesque
1213 4883 1350 4938 bene
1377 4878 1591 4936 dicendi
1617 4895 1738 4935 esse
1775 4880 2111 4936 facultatem.
2147 4879 2252 4936 Fo-

677 4972 746 5026 lia
782 4974 995 5042 quidem
1028 4981 1280 5026 ornatum
1315 4972 1496 5027 arbori
1523 4970 1752 5026 aﬂ‘erunt
1787 4973 2010 5043 agitata,
2049 4981 2103 5025 at
2127 4987 2254 5030 vero

2363 3336 2429 3392 ἂν
2459 3336 2592 3408 ἔχοι.
2631 3338 2692 3390 El
2721 3337 2778 3391 δὲ
2801 3337 3030 3409 θάτερον
3062 3337 3340 3409 λείπηται,
3376 3338 3599 3408 ἄμεινον
3632 3336 3850 3390 ἑλέσθαι
3877 3336 3934 3389 τὸ

2366 3431 2635 3498 κρεῖττον.
2670 3428 2793 3481 Ὅτι
2819 3428 2874 3480 δὲ
2906 3426 3060 3482 ταῦθ’
3096 3426 3270 3491 οὕτως
3304 3427 3436 3498 ἔχει,
3476 3427 3808 3500 ὲγγυήσειαι
3843 3428 3932 3481 καὶ

2366 3520 2615 3584 Πλάτων,
2671 3520 2728 3574 ὃν
2771 3521 2938 3585 αὐτὸς
2978 3521 3071 3573 καὶ
3121 3520 3282 3591 μόνον
3330 3519 3610 3592 ὀνομάζων
3643 3521 3928 3595 ἐναϐρύνῃ.

2364 3613 2503 3683 Φησὶ
2533 3613 2640 3682 γάρ
2663 3629 2676 3644 ·
2726 3632 2744 3665 ‹
2782 3613 2930 3684 Φημὶ
2962 3613 3062 3675 τὰς
3097 3612 3275 3684 ψυχὰς
3304 3612 3401 3678 τάς
3434 3614 3802 3683 εὐφυεστάτας
3838 3631 3931 3666 κα-

2363 3704 2464 3775 κῆς
2496 3705 2871 3773 παιδαγωγίας
2911 3703 3202 3776 τυχούσας,
3249 3705 3610 3776 διαφερόντως
3641 3704 3820 3768 κακὰς
3850 3705 3929 3772 γί-

2361 3795 2571 3848 νεσθαι*
2619 3813 2638 3847 ι
2674 3796 2769 3850 καὶ
2820 3795 2933 3865 (49)
2980 3795 3050 3848 τὰ
3084 3795 3292 3867 μεγάλα
3344 3798 3676 3868 ἀδικήματα,
3707 3797 3801 3849 καὶ
3836 3798 3930 3867 τὴν

2362 3885 2601 3956 ἄκρατον
2645 3885 2907 3956 πονηρίαν
2941 3888 3006 3939 ὲκ
3049 3885 3278 3958 φαύλης,
3309 3886 3424 3940 ἀλλ’
3460 3888 3557 3939 οὐκ
3589 3889 3651 3940 ὲκ
3682 3888 3928 3955 νεανικῆς

2363 3977 2598 4046 φύσεως,
2640 3979 2813 4049 τροφῇ
2867 3977 3215 4049 διολλυμένης
3260 3978 3540 4047 γίγνεσθαι
3571 3996 3586 4011 ’
3632 3979 3831 4051 ἀσθενῆ
3875 3981 3926 4033 δὲ

2364 4065 2524 4134 φύσιν
2549 4066 2802 4137 μεγάλων
2828 4065 2951 4120 οὔτε
2980 4067 3189 4134 κακῶν,
3213 4067 3334 4121 οὕτε
3355 4068 3572 4137 ἀγαθῶν
3596 4071 3775 4124 αἰτίαν
3803 4071 3927 4123 ποτὲ

2363 4154 2598 4211 ἔσεσθαι.
2639 4157 2703 4209 Εἰ
2731 4156 2913 4240 τοίνυν
2945 4157 3040 4212 καὶ
3071 4161 3100 4212 ό
3140 4157 3249 4212 τῶν
3281 4161 3710 4232 ἱστοριογράφων
3744 4163 3924 4233 ἄκρος,

2362 4248 2455 4302 καὶ
2480 4249 2509 4301 ὁ
2539 4247 2648 4302 τῶν
2688 4249 2995 4320 φιλοσόφων
3041 4256 3336 4322 κορυφαῖος
3373 4253 3432 4307 τὸ
3464 4249 3592 4327 ἦθος
3621 4255 3713 4308 τοῦ
3749 4254 3921 4322 λόγου,

2362 4341 2456 4394 καλ⁸
2486 4341 2575 4395 τὸν
2612 4342 2814 4412 τρόπον
2837 4342 2935 4414 τῆς
2971 4342 3313 4414 πολυμαθίας
3344 4345 3724 4416 προκρίνοντες
3755 4345 3926 4415 ὤφθη-

2365 4449 2486 4496 σαν,
2517 4433 2570 4484 τί
2599 4431 2798 4486 ἄτοπόν
2830 4451 2990 4505 φημι,
3022 4436 3115 4489 τὸν
3147 4436 3358 4507 καρπὸν
3389 4436 3558 4504 λέγων
3580 4439 3924 4507 ἀναγκαιότε-

2368 4538 2460 4592 ρον
2484 4522 2594 4574 τῶν
2624 4523 2837 4592 φύλλων
2864 4528 3147 4597 insideat;
3177 4529 3401 4601 Καρπδν
3429 4532 3526 4601 μὲν
3549 4531 3656 4601 γὰρ
3676 4532 3921 4603 ὁρίζομαι

2363 4609 2510 4667 εἶναι
2536 4615 2636 4687 τὴν
2663 4618 2890 4690 ἀρετὴν,
2930 4620 3105 4690 φύλλα
3137 4621 3234 4693 τὴν
3265 4622 3615 4692 εὐγλωττίαν.
3649 4624 3801 4677 ﬂete!
3832 4626 3922 4694 μὶν

2362 4703 2456 4761 οὖν
2491 4727 2612 4763 τινα
2639 4710 2842 4784 κόσμον
2875 4713 2951 4784 τῷ
2983 4715 3186 4788 δένδρῳ
3220 4717 3330 4789 (50)
3365 4718 3431 4771 τὰ
3455 4717 3626 4786 φύλλα
3656 4719 3918 4790 περισειό-

2365 4816 2526 4870 μενα,
2554 4802 2668 4855 ἀλλ’
2694 4804 2721 4857 ὁ
2751 4805 2961 4876 καρπός
2983 4809 3130 4861 ἐστιν
3150 4810 3178 4861 ὁ
3199 4808 3543 4879 ζητούμενος,
3574 4811 3639 4864 δι’
3666 4810 3725 4863 δν
3747 4809 3838 4864 καὶ
3861 4812 3920 4864 τὰ

2367 4891 2544 4959 φύλλα
2574 4895 2886 4967 γεγένηται.
2920 4898 3032 4952 Καὶ
3060 4899 3189 4965 ἴσως
3228 4899 3370 4954 οὓτω
3400 4900 3656 4972 κέκληται
3688 4903 3834 4972 παρά
3866 4901 3921 4955 τὸ

2366 4982 2658 5050 φυλάττειν
2688 4987 2873 5042 αὐτόν.

677 5066 768 5134 qui
798 5065 1079 5133 (ιυτὶξΐὶίιιτ,
1102 5064 1308 5156 fructus
1331 5064 1565 5156 exsistit,
1607 5062 1761 5132 cujus
1824 5063 1995 5156 gratia
2061 5063 2150 5119 illa
2207 5067 2595 5130 adnascantur.
2632 5077 2698 5132 Et
2753 5079 2880 5137 binc
2940 5081 3075 5137 forte
3111 5081 3164 5155 [a
3202 5082 3403 5142 Grtecis
3457 5085 3650 5156 φύλλον
3683 5087 3785 5141 ἀπὸ
3813 5084 3900 5138 τοῦ

679 5156 966 5225 φυλάττειν
995 5172 1023 5209 a
1057 5153 1439 5227 custodiendo]
1483 5168 1677 5209 nomen
1713 5155 1992 5208 sortiatur.

1105 5246 1335 5301 CDLXX
1353 5245 1479 5300 Vlll.
1510 5275 1582 5287 —-
1611 5243 1843 5301 EIDEM.

2836 5255 3010 5309 ron'.
3049 5287 3120 5296 -
3149 5257 3234 5330 τᾳ
3265 5259 3464 5332 arm.

1174 5335 1248 5390 De
1267 5333 1464 5389 Zosimi
1491 5344 1537 5388 et
1573 5334 1836 5388 sodalium
1873 5334 2036 5390 vitiis.
2065 5335 2222 5406 (Infr.
2271 5338 2424 5407 epist.
2462 5339 2610 5410 482.)
2655 5341 2861 5399 Veritas
2888 5349 3071 5416 quanti
3101 5352 3434 5409 (estimamla,

763 5421 1015 5481 Valdestu
1069 5425 1282 5496 quidem
1330 5424 1642 5490 admiraris,
1700 5439 1820 5494 qua:
1869 5439 2040 5493 nuper
2083 5426 2146 5478 ad
2196 5435 2247 5482 te

2427 5429 2599 5495 Αὐτὸς
2629 5433 2728 5502 μὲν
2769 5434 2889 5491 λίαν
2920 5436 3298 5514 ὲξεθαύμασας
3345 5445 3414 5499 τά
3467 5446 3656 5521 πρώην
3705 5455 3913 5511 ἐπιστα-

1787 5557 2017 5614 ΥΑΒΙΔΕ
2052 5558 2435 5622 LECTIONES
2469 5567 2556 5624 ET
2595 5568 2830 5630 NOT.~E.

753 5719 861 5790 (49)
893 5721 996 5776 Kal
1027 5721 1183 5776 iidem
1209 5729 1416 5775 mutant
1439 5721 1490 5791 in
1523 5720 1577 5791 ἢ.
1614 5718 1821 5775 Possm.

752 5791 1038 5864 (50)'lnler
1071 5792 1273 5862 δένδρῳ
1322 5802 1376 5849 et
1402 5790 1469 5846 τὰ
1516 5789 1756 5847 inserunt
1800 5790 1893 5844 καὶ
1946 5790 2105 5849 iidem
2147 5791 2380 5851 codices.
2427 5789 2504 5846 Ιυ-
