4114 6434
192 433 338 501 1605

1091 421 1636 487 EPISTOLARUM
1675 418 1824 480 LIB.
1867 417 1933 479 V.
1960 439 2028 452 ·-
2059 415 2302 478 EPIS’I‘.
2340 417 2668 479 CDLXXX.

3341 420 3483 484 1606

187 539 355 595 λέντα
380 555 392 568 ·
427 535 766 602 κινδυνεύεις
799 536 856 591 δὲ
889 535 1029 588 αὐτὰ
1066 534 1399 604 ἀνατρέπειν
1443 529 1525 600 τῷ
1577 544 1786 598 γεγρα·-

1891 524 2216 592 conscripsi,
2249 527 2471 594 propius
2514 536 2573 578 ιιι
2607 523 2741 579 nihil
2774 524 2846 580 sit
2891 539 3054 595 quam
3104 535 3164 580 ut
3215 541 3484 596 reponas,

185 633 372 704 φέναι,
401 631 470 684 δι’
519 632 588 701 ἥν
631 629 812 683 αἰτίαν
858 626 1132 695 Ζώσιμος,
1165 624 1262 678 καὶ
1312 620 1634 684 Εὑστάθιος,
1691 616 1785 671 καὶ

182 724 396 795 Μάρων
454 722 593 792 μήτε
638 721 803 790 λόγῳ,
845 719 981 789 μήτε
1036 716 1136 787 βίῳ
1181 713 1614 783 διαπρέποντες,
1663 709 1784 763 ἀλλ’

185 811 554 868 ἀπαιδευσίαν
612 809 851 880 ἐσχάτην
887 808 948 860 ἐν
1002 807 1251 877 ἐκατέρῳ
1303 803 1627 866 νοσοῦντες,
1687 801 1784 855 καὶ

183 904 454 974 κωμῳδία
487 903 585 956 καὶ
609 900 783 968 γέλως
820 900 956 952 πᾶσι
988 897 1366 968 προκείμενοι,
1404 894 1654 948 δοκοῦσιν
1704 893 1785 956 εἰς

188 992 496 1064 ἱερωσύνην
525 989 722 1044 τελεῖν.
770 986 911 1056 Ἐγὼ
931 987 988 1040 δὲ
1015 987 1194 1057 ἁπλῆν
1229 985 1324 1038 καὶ
1347 983 1490 1054 σαφῆ
1517 982 1619 1053 τὴν
1643 983 1784 1035 ἀπο-

188 1084 384 1152 λογίαν
417 1081 744 1151 ποιήσομαι.
778 1080 840 1132 Εἰ
869 1079 969 1150 μὲν
996 1079 1106 1148 γὰρ
1138 1077 1278 1149 ὑπὲρ
1303 1074 1484 1130 αὐτῶν
1508 1074 1599 1127 τὸν
1625 1073 1781 1142 λόγον

190 1175 570 1244 ἐποιησάμην,
598 1173 699 1242 τὴν
715 1172 916 1242 ἀρετὴν
943 1175 1043 1242 τῆς
1076 1169 1414 1249 παιδεύσεως
1447 1167 1780 1238 προκρίνων,

185 1267 416 1329 εἰκότως
444 1264 509 1318 ἄν
551 1281 620 1334 με
655 1265 734 1327 εἰς
763 1266 1010 1335 ἀνάγκην
1061 1250 1745 1329 ἀπολογίας’κατέστησας
1765 1273 1783 1290 ο

185 1361 240 1412 εἰ
270 1357 328 1411 δὲ
386 1355 699 1428 προσώπων
749 1357 846 1426 μὲν
878 1355 1036 1423 λόγος
1083 1349 1151 1425 ἦν
1207 1354 1385 1416 οὐδεὶς
1409 1393 1424 1419 ,
1473 1350 1606 1405 αὐτὸ
1636 1351 1692 1404 δὲ
1722 1351 1784 1404 τὸ

187 1449 430 1520 πρᾶγμα
476 1447 599 1501 καθ’
629 1446 794 1500 ἑαυτὸ
841 1445 1228 1509 ἐϐασανίζετο’
1264 1443 1341 1508 ὡς
1389 1443 1487 1497 καὶ
1525 1443 1690 1497 αὐτόν
1719 1458 1781 1494 σε

187 1537 566 1606 ἐκπλαγέντα,
597 1536 673 1600 ὡς
703 1537 861 1608 ἔφης,
905 1538 967 1590 τὸ
1001 1536 1199 1600 κάλλος
1249 1537 1343 1589 καὶ
1386 1535 1486 1606 τὴν
1522 1535 1782 1606 ἀλήθειαν

185 1629 299 1684 τῶν
325 1629 752 1700 γεγραμμένων,
782 1627 1058 1700 μείζουςῆ
1091 1627 1212 1681 κατ’
1246 1627 1347 1698 ἐμὲ
1372 1627 1629 1689 ἐπαίνους
1650 1628 1783 1698 ύφῆ-

185 1740 300 1777 ναι.
329 1723 398 1775 Τί
427 1722 629 1793 δήποτε
652 1721 746 1775 νῦν
778 1720 1099 1792 ἀνθρώπους
1129 1722 1274 1785 ὅπως
1301 1721 1502 1792 δήποτε
1531 1719 1782 1790 βιοῦντας

185 1819 271 1876 εἰς
302 1813 464 1883 μέσον
486 1812 827 1884 προύθηκας,
861 1811 1168 1882 ἐξελέγχειν
1189 1811 1258 1865 τὰ
1289 1811 1482 1882 πρώην
1499 1811 1781 1881 γραφέντα

1896 615 2156 685 quidnam
2183 615 2254 670 sit
2276 629 2481 683 causae,
2499 631 2603 671 cur
2625 616 2897 683 Zosimus,
2950 617 3267 675 Eustathius
3291 628 3346 674 et
3371 617 3486 675 Ma-

1891 719 1987 759 rou
2018 718 2192 774 neque
2221 705 2491 771 oratione,
2562 721 2739 776 neque
2772 707 2988 762 vivendi
3046 709 3298 763 instituto
3329 724 3482 766 com-

1888 796 2050 866 positi
2114 797 2245 862 sint,
2283 796 2377 852 sed
2439 806 2683 852 extrema
2738 799 2957 854 inscitia
2989 800 3044 854 in
3080 810 3313 870 utroque
3356 815 3486 870 pec-

1889 896 2094 952 cantes,
2123 901 2244 942 cum
2283 888 2396 943 acri
2431 891 2848 960 reprehensioni
2895 890 3145 958 obnoxii,
3187 901 3298 947 tum
3345 891 3485 947 ludi-

1887 978 2009 1034 brio
2058 978 2292 1047 expositi
2343 980 2411 1032 ad
2477 982 2846 1036 sacerdotium
2899 991 3105 1037 temere
3161 983 3479 1052 irruperiut.

1887 1065 2149 1135 Equidem
2182 1067 2504 1136 simpliciter
2529 1069 2858 1139 sincereque
2899 1070 3280 1127 defensionem
3313 1072 3478 1126 insti-

1889 1168 2058 1214 tuam.
2097 1158 2256 1229 701
2289 1159 2571 1228 Siquidem
2627 1161 2770 1216 enim
2805 1165 2871 1214 de
2898 1160 3032 1230 ipsis
3053 1175 3364 1217 sermonem
3401 1163 3485 1216 in-

1885 1248 2036 1304 stitui
2067 1258 2323 1302 virtutem
2346 1249 2647 1319 disciplina:
2674 1249 2994 1318 praeferens,
3016 1249 3138 1319 jure
3167 1253 3374 1322 optimo
3398 1267 3485 1308 me

1885 1341 1953 1395 ad
1988 1339 2093 1394 mei
2135 1338 2508 1395 defensionem
2558 1342 2873 1411 compulisti
2907 1359 2922 1408 ;
2965 1344 3008 1398 si
3060 1360 3187 1399 vero
3223 1359 3486 1414 persona.

1884 1447 2004 1485 rum
2049 1430 2197 1485 nulla
2226 1440 2345 1486 erat
2399 1432 2558 1497 ratio,
2595 1434 2875 1504 negotium
2929 1449 3060 1488 vero
3094 1436 3268 1505 ipsmn
3295 1452 3390 1506 per
3425 1453 3486 1492 se

1884 1521 2180 1591 diligenter
2215 1522 2660 1589 examinabatur,
2716 1532 2773 1576 ut
2815 1522 2930 1592 ipse
2961 1525 3288 1591 admiratus,
3341 1527 3484 1595 quod

1885 1610 2093 1676 aiebas,
2149 1611 2613 1683 pulchritudinem
2667 1623 2725 1667 et
2766 1614 3055 1670 veritatem
3123 1616 3481 1686 scriptorum,

1885 1704 2120 1773 majores
2152 1717 2316 1772 quam
2349 1718 2564 1760 mereor
2608 1704 2795 1760 laudes
2846 1718 3190 1774 eoutexeres,
3217 1707 3481 1777 quidnam

1883 1807 2015 1848 sane
2036 1794 2149 1864 jam
2187 1794 2438 1849 homines
2476 1797 2973 1865 quomodocunque
3007 1797 3253 1852 viventes
3278 1799 3330 1851 in
3369 1813 3486 1852 me-

186 1878 547 1974 ἐπιχειρῶνί
579 1878 715 1958 Ούδέ
765 1902 874 1975 γὰρ
922 1904 971 1956 εἰ
1021 1878 1231 1974 μυρίων
1283 1878 1482 1956 ἐκεῖνοι
1513 1878 1776 1971 γέμουσι

1886 1883 2034 1938 dium
2060 1884 2356 1953 pretulisti,
2383 1885 2712 1954 redarguere
2728 1885 2929 1957 scripta
2957 1901 3133 1955 nuper
3157 1886 3487 1957 aggresws?

185 1996 401 2063 κακῶν,
437 1996 531 2049 καί⁵
562 1997 770 2057 πάντας
805 1994 1151 2066 ἀπέκρυψαν,
1200 1994 1276 2059 ὡς
1323 1994 1632 2066 γέγραφας,
1662 1997 1784 2058 ταῖς

188 2088 586 2160 παρανομίαις,
617 2088 719 2158 ήδη
748 2089 776 2141 ὁ
799 2086 955 2154 λόγος
982 2089 1010 2139 ό
1035 2087 1168 2157 παρ’
1201 2086 1358 2156 ἡμῶν
1390 2088 1418 2138 ό
1445 2089 1511 2158 τῇ
1556 2086 1785 2158 ἀληθείᾳ⁵

185 2181 1058 2255 ὠχυρωμένοςπάνατραπήσεται.
1121 2179 1266 2234 Ἀλλ’
1299 2180 1502 2233 ἐκεῖνοι
1534 2179 1634 2250 μὲν
1679 2178 1780 2250 ἠδη

184 2273 422 2327 τοιοῦτοί
451 2273 558 2326 εἰσι
600 2273 740 2345 μετά
767 2271 862 2326 τοῦ
905 2271 1314 2344 κωμῳδεῖσθαι,
1362 2271 1458 2325 καί⁵
1501 2272 1659 2342 δίκην
1688 2273 1781 2325 ἀν-

188 2366 450 2420 ύποιστον
467 2364 804 2435 δώσουσιν·ἠ
836 2364 892 2417 δὲ
919 2364 1147 2434 ἀλήθεια
1169 2363 1466 2435 διαλάμψει
1491 2361 1776 2432 μειζόνως,

186 2458 250 2510 ού
278 2450 408 2528 παρ’
462 2457 660 2524 ὀλίγων
715 2455 968 2527 πονηρῶν
1018 2455 1376 2526 ἐλεγχομένη,
1428 2453 1566 2508 ἀλλὰ
1596 2453 1770 2524 ταύτῃ

192 2547 430 2619 μάλιστα
457 2548 817 2619 λαμπροτέρα
841 2547 1124 2620 γινομένη,
1160 2548 1244 2601 ὄτι
1272 2549 1400 2610 τοὺς
1433 2547 1506 2618 μὴ
1533 2546 1774 2618 ἐρῶντας

187 2639 382 2708 αὐτῆς,
409 2638 687 2701 δυσκλεεῖς
712 2639 1113 2708 ἀποφαίνουσα,
1142 2640 1268 2704 τοὺς
1291 2639 1529 2711 ἐραστὰς
1558 2638 1777 2692 εὐκλεε-

190 2727 420 2791 στάτους
450 2727 848 2798 ἀπεργάζεται.

511 2860 682 2917 roe.
714 2891 785 2902 -
829 2860 1132 2934 ΕΥΤΟΝΙῼ
1170 2861 1496 2935 ΔΙΑΚΟΝῼ.

1892 1975 2008 2032 Non
2037 1978 2182 2033 enim
2209 1976 2254 2031 si
2286 1977 2517 2033 intinitis
2563 1978 2638 2032 illi
2670 1988 2800 2034 sunt
2850 1978 3038 2036 referti
3100 1980 3275 2044 malis,
3310 1991 3385 2045 et,
3426 1987 3487 2034 ut

1883 2069 2177 2139 scripsisti,
2231 2077 2459 2123 cunctos
2501 2069 2802 2124 sceleribus
2853 2070 2967 2125 suis
3019 2073 3341 2136 obscurant,
3368 2072 3484 2142 jam

1883 2161 2063 2215 oratio
2088 2175 2113 2212 a
2150 2160 2308 2214 nobis
2339 2160 2572 2215 veritate
2626 2163 2841 2216 firmata
2877 2163 3246 2217 subvertetur.
3281 2163 3484 2220 Verum

1884 2251 1957 2304 illi
1989 2250 2121 2304 tales
2164 2259 2290 2318 post
2334 2251 2821 2320 reprehensionem
2863 2253 3031 2308 etiam
3080 2255 3484 2316 intolerandam

1883 2341 2032 2396 luent
2067 2355 2305 2409 umnam.
2340 2342 2458 2411 ipsa
2489 2356 2674 2397 autem
2720 2344 2924 2399 veritas
2967 2349 3139 2416 magis
3180 2347 3478 2413 elucesret,

1883 2448 1989 2485 non
2036 2447 2064 2484 a
2112 2433 2301 2502 pum-is
2356 2435 2620 2504 improbis
2651 2438 3012 2506 reprehensa,
3056 2440 3151 2494 sed
3205 2441 3308 2495 hoc
3357 2441 3479 2511 ipso

1882 2521 2082 2576 clarior
2133 2523 2297 2590 facta,
2333 2526 2478 2594 quod
2529 2541 2624 2581 vos
2657 2530 2841 2584 hostes
2883 2529 3145 2602 inglorios
3181 2532 3482 2588 ostendens

1885 2626 2161 2671 amatores
2195 2616 2585 2674 celeberrimos
2608 2618 2839 2675 eﬂ'iciat.
3279 2608 3285 2620 ³

2095 2864 2428 2924 CDLXXIX.
2472 2899 2544 2912 —
2586 2867 2894 2928 EUTONIO
2934 2871 3258 2931 DIACONO.

184 2972 348 3029 Multi
384 2981 652 3028 merentur
699 2989 887 3030 nomen
928 2983 979 3030 et
1013 2991 1116 3029 non
1143 2973 1354 3043 habent,
1400 2977 1491 3031 sed
1532 2977 2179 3105 mallit/lamam‘habenl,
2228 2998 2390 3054 quam
2438 2999 2544 3039 non
2594 2994 2884 3042 merentur.
2939 2986 3159 3046 Invidia
3215 2992 3340 3048 boni
3371 2985 3485 3057 fere

1723 3068 1752 3104 a
1793 3066 1925 3104 orau
1956 3090 1972 3105 .

1723 3066 1972 3107 αοοηιιιι.

258 3164 467 3235 Πόσους
490 3174 591 3226 οῖει
627 3172 736 3227 τῶν
761 3173 1065 3246 ἀνθρώπων
1087 3176 1409 3248 ἀνωνύμους
1431 3179 1527 3232 καὶ
1547 3181 1772 3247 άδὸξους

1961 3183 2235 3250 Quotnam
2280 3195 2440 3256 putas
2482 3187 2734 3246 homines
2779 3190 2898 3246 sine
2948 3192 3090 3246 fama
3163 3195 3489 3268 ignotosque

184 3258 330 3316 εἶναι
360 3263 540 3333 πολλῷ
577 3264 1032 3337 σπουδαιοτέρους
1074 3269 1482 3339 γεγενημένους
1514 3271 1622 3324 τῶν
1648 3273 1771 3342 ᾁδο-

1886 3279 2063 3333 vivere
2092 3281 2311 3335 virtutis
2359 3282 2531 3350 magis
2577 3283 2849 3338 studiosos
2876 3284 3247 3357 clarioresque
3273 3330 3288 3355 ,
3321 3304 3485 3360 quam

188 3355 370 3425 μένων
399 3373 413 3423 ;
446 3356 524 3428 τῷ
550 3359 678 3419 τοὺς
703 3360 802 3428 μὲν
829 3360 1071 3430 ποιητῶν
1095 3363 1281 3431 τυχεῖν
1321 3363 1414 3415 καὶ
1443 3363 1766 3431 λογοποιῶν,

185 3445 300 3499 τῶν
332 3448 442 3500 πᾶν
475 3447 537 3500 τὸ
571 3448 946 3519 πραττόμενον
978 3451 1053 3521 μὴ
1078 3449 1216 3519 πρὸς
1248 3450 1348 3521 τὴν
1376 3451 1634 3522 ἀλήθειαν
1656 3471 1775 3525 κριο

184 3537 411 3602 νόντων,
434 3538 572 3591 ἀλλὰ
599 3538 734 3610 πρὸς
758 3539 825 3611 ἣν
859 3537 1006 3611 εἰχον
1023 3539 1236 3594 εὔνοιαν
1261 3542 1774 3615 ύπολαμόανόντων,

187 3625 287 3678 καὶ
317 3624 377 3678 τὸ
408 3626 757 3698 κατορθωθὲν
781 3629 1162 3700 οὐρανόμηκες
1194 3630 1493 3686 ποιούντων
1518 3649 1532 3664 °
1561 3635 1689 3698 τοὺς
1717 3635 1775 3688 δέ

190 3715 270 3786 μὴ
342 3716 636 3787 ἐσχηκέναι
677 3718 806 3781 τοὺς
861 3719 1213 3789 ὑμνήσαντας
1257 3721 1343 3774 διὰ
1374 3722 1590 3789 φθόνον,
1640 3726 1778 3794 ὅπερ

182 3809 311 3869 ταῖς
331 3805 613 3877 λαμπραῖς
633 3807 898 3877 πράξεσιν
925 3809 1242 3865 ἀκολουθεῖν
1261 3811 1478 3865 εἴωθεν.
1506 3814 1778 3868 Ἐνταῦθα

199 3897 306 3970 μὲν
342 3893 436 3952 οῦν
474 3900 521 3951 εἰ
556 3900 651 3952 καὶ
692 3897 880 3963 ἔδοξαν
911 3903 958 3954 οἰ
996 3901 1094 3971 μὲν
1129 3902 1600 3975 ἀνακεκηρύχθαι,
1633 3907 1682 3959 οἰ
1721 3907 1778 3961 δὲ

188 3988 589 4060 σεσιωπῆσθαι,
622 3989 717 4043 τοῦ
748 3991 954 4061 κόσμου
978 3990 1164 4046 λοιπὸν
1196 3996 1276 4058 εἰς
1308 3996 1463 4060 τέλος
1485 3998 1780 4068 ἐπειγομέ-

187 4096 309 4145 νου,
345 4081 528 4134 ἐκεῖσε
558 4081 685 4146 τοὺς
722 4080 893 4147 ὅντως
935 4083 1224 4155 λαμπροὺς
1257 4087 1352 4140 καὶ
1381 4088 1627 4154 ἐνδόξους
1653 4090 1780 4160 ὀψό-

193 4169 361 4241 μεθα,
394 4171 494 4240 τῆς
541 4169 693 4234 θείας
723 4171 880 4242 δίκης
909 4173 1008 4226 οὑκ
1047 4174 1380 4248 ἀνεξομένης
1408 4178 1473 4231 ἐκ
1526 4179 1625 4250 τῆς
1671 4180 1780 4234 τῶν

188 4257 501 4331 ἀνθρώπων
549 4258 709 4332 δόξης
742 4262 991 4330 ἐνεγκεῖν
1035 4264 1135 4335 τὴν
1185 4265 1386 4336 ψῆφον,
1427 4267 1544 4322 ἀλλ’
1577 4271 1643 4323 ἐκ
1678 4270 1780 4342 τῆς

185 4352 419 4418 οἰκείας,
452 4351 552 4422 τῆς
598 4351 927 4424 εἰλικρινοῦς
997 4358 1092 4411 καί⁵
1135 4358 1503 4420 ἀδιαπτώτου.
1555 4365 1649 4437 Μὴ
1685 4362 1779 4422 οὖν

188 4447 476 4517 ὀλιγώρει,
503 4448 554 4502 εἰ
592 4447 1018 4520 οὐρανοπολίτης
1049 4450 1125 4504 ὢν
1166 4452 1266 4516 τὰς
1292 4453 1400 4508 τῶν
1442 4456 1781 4527 φθονούντων

198 4552 287 4590 σοι
307 4536 555 4607 γλώττας
581 4540 787 4612 αἰχμῆς
810 4541 1065 4612 νεηκόνου
1093 4543 1356 4616 ὀξυτέρας
1383 4548 1617 4623 αἰσθάνῃ
1642 4552 1781 4608 κατὰ

199 4626 407 4680 σαυτοῦ
437 4629 766 4701 φερομένας,
795 4630 933 4685 ἀλλὰ
960 4630 1050 4686 διὰ
1070 4633 1228 4688 τοῦτο
1260 4635 1496 4707 μάλιστα
1533 4639 1779 4714 λαμπρό-

194 4733 361 4790 τερος
392 4718 614 4775 ἔσεσθαι
652 4722 1044 4795 προσδόκησον.

663 4878 795 4934 ΥΠ’.
836 4910 906 4921 -
940 4880 1027 4954 Tn
1059 4883 1264 4956 ΑΥἸᾭ.

1883 3371 1936 3425 hi
1969 3385 2196 3441 quorum
2227 3371 2592 3427 deeantautur
2623 3375 2893 3430 nomina?
2927 3376 2988 3432 lli
3013 3380 3158 3433 enim
3183 3381 3329 3436 nacti
3362 3383 3486 3452 qni-

1880 3463 2000 3520 dem
2051 3473 2174 3517 sunt
2207 3478 2393 3533 poetas
2420 3458 2582 3534 atque
2617 3468 2932 3537 historicos,
2967 3487 3052 3527 res
3082 3482 3264 3543 gestas
3293 3490 3487 3533 omnes

1883 3571 1987 3610 non
2025 3572 2089 3610 ex
2122 3571 2273 3626 vero,
2300 3558 2395 3611 sed
2423 3558 2588 3614 animi
2643 3560 3024 3618 benevolentia
3060 3565 3111 3618 in
3149 3567 3321 3636 majus
3354 3582 3484 3637 pro-

1883 3649 2168 3714 vehentes,
2212 3659 2266 3703 et
2297 3651 2562 3720 quidquid
2607 3663 2757 3708 recte
2799 3653 3002 3710 factum
3051 3656 3102 3711 in
3140 3658 3336 3713 cwlnm
3372 3660 3488 3713 lau-

1882 3739 2040 3794 dibus
2075 3741 2413 3795 extuleruut.
2461 3742 2536 3795 Illi
2586 3755 2776 3799 contra
2835 3747 2904 3802 ob
2957 3747 3216 3803 invidiam
3243 3750 3384 3820 (qum
3419 3751 3484 3805 il-

1882 3829 2073 3886 lustria
2115 3831 2681 3904 plerumque'stipare
2723 3836 2864 3892 facta
2910 3840 3220 3911 consuevit)
3258 3843 3483 3898 minime

1882 3924 2161 3978 consecuti
2194 3925 2283 3992 qui
2320 3924 2698 3992 praedicarent.
2725 3924 2825 3982 llic
2867 3929 3032 3997 igitur
3059 3931 3159 3985 etsi
3189 3932 3480 3994 videautnr

1883 4013 1935 4068 bi
2001 4014 2218 4082 quidem
2281 4016 2592 4084 praedicari,
2657 4016 2732 4072 illi
2804 4035 2937 4076 vero
2996 4020 3216 4076 silentio
3278 4025 3479 4093 premi,

1884 4103 2087 4159 mundo
2110 4104 2328 4160 tandem
2364 4107 2430 4160 ad
2465 4104 2625 4162 linem
2654 4107 2909 4176 deducto,
2939 4110 3051 4166 illic
3082 4126 3268 4168 revera
3302 4115 3482 4170 claros

1884 4205 1940 4252 et
1965 4195 2234 4266 gloriosos
2263 4197 2590 4266 videbimus,
2640 4200 2734 4256 Dei
2777 4200 2993 4271 justitia
3031 4219 3136 4258 non
3172 4207 3486 4262 sustinente

1884 4285 2200 4358 suffragium
2245 4286 2391 4343 ferre
2422 4303 2486 4343 ex
2523 4290 2828 4359 hominum,
2871 4294 2966 4349 sed
3009 4307 3077 4348 ex
3114 4297 3333 4365 propria
3366 4299 3484 4352 sin-

1883 4391 2007 4432 cera
2056 4385 2220 4447 atque
2257 4379 2467 4436 erroris
2514 4390 2738 4449 experte
2787 4385 3084 4439 sententia.
3127 4383 3271 4440 Cave
3319 4387 3487 4455 igitur

1886 4481 2015 4537 agas
2043 4466 2258 4537 ignave,
2280 4469 2325 4524 si
2351 4469 2763 4528 coeliexslstens
2788 4473 2965 4529 incola
2998 4473 3090 4529 tibi
3121 4476 3479 4533 invidentium

1886 4556 2098 4628 linguas
2128 4568 2289 4614 acuto
2321 4560 2545 4630 cuspide
2595 4562 2869 4619 acutiores
2914 4563 3123 4633 pridem
3172 4565 3226 4620 in
3280 4575 3330 4621 te
3373 4567 3485 4638 jaci

1885 4647 2116 4717 sentias,
2159 4649 2254 4707 sed
2285 4665 2385 4722 per
2413 4651 2530 4709 haec
2574 4654 2759 4723 potius
2810 4653 3098 4711 clariorem
3127 4664 3180 4713 te
3205 4655 3322 4714 fore
3349 4672 3486 4715 cou-

1887 4740 2061 4797 fidite.

2366 4899 2671 4958 CDLXXX.
2704 4933 2774 4946 -—
2805 4904 3040 4963 EIDEM.

981 4991 1208 5083 rimatis
1248 4997 1483 5052 studium
1509 5005 1765 5068 praeconii
1791 5023 1880 5078 spe
1903 5011 2090 5067 alitur.
2129 5012 2257 5083 Spes
2293 5013 2429 5071 bona
2460 5017 2552 5070 dat
2575 5016 2729 5070 vires.

271 5123 436 5189 Ἴσοι,
473 5123 554 5176 ὅτι
584 5126 698 5188 τοῖς
718 5123 816 5194 τῆς
841 5125 1042 5196 ἀρετῆς
1069 5127 1253 5190 πόνοις
1281 5130 1346 5183 ἐκ
1369 5130 1594 5203 πρώτης
1620 5134 1780 5208 μέχρι

194 5215 463 5285 τελευτῆς
489 5218 900 5289 ἐγκαρτερῆσαι
930 5217 1028 5288 οὐχ
1052 5211 1164 5271 οἷόν
1187 5236 1267 5286 τε,
1314 5221 1388 5292 μὴ
1414 5223 1514 5292 τῆς
1549 5227 1782 5295 προσδο-

194 5308 324 5370 κίας
353 5307 464 5361 τῶν
494 5307 674 5379 γερῶν
701 5309 1041 5380 κιρναμένης
1092 5310 1274 5381 ἡρέμα
1319 5314 1396 5385 τῷ
1442 5315 1648 5386 ἱδρῶτι,
1688 5320 1786 5373 καὶ

194 5398 343 5450 κατά
388 5397 565 5469 βραχὺ
627 5398 851 5462 ἀλύπως
900 5416 960 5452 τε
1005 5401 1098 5453 καὶ
1145 5403 1385 5471 κούφως,
1440 5407 1535 5460 καὶ
1585 5409 1786 5479 τρόπον

195 5489 321 5542 τινὰ
355 5491 474 5558 μετ’
514 5490 860 5562 εὐφροσύνης
904 5494 1389 5566 παραπεμπούσης
1419 5498 1510 5550 ἐπὶ
1565 5499 1625 5551 τὸ
1675 5502 1782 5556 τῶν

191 5580 425 5644 ἀγώνιον
467 5581 643 5645 τέλος.
699 5581 759 5635 Εἰ
807 5584 986 5638 τοίνυν
1047 5584 1262 5639 θεάσοιο
1311 5587 1598 5658 ἄνθρωπον
1653 5594 1780 5658 τοὺς

195 5675 395 5738 πόνους
435 5675 535 5746 τῆς
565 5676 785 5747 ἀρετῆς,
824 5679 922 5741 τὰς
956 5678 1057 5748 τῆς
1092 5680 1308 5751 τρυφῆς
1341 5685 1452 5746 τοῖς
1489 5684 1779 5757 ἐχέφροσιν

195 5762 412 5831 ἡδονὰς,
442 5766 735 5836 φεύγοντα,
770 5767 878 5821 ἴσθι
911 5769 992 5824 ὅτι
1046 5770 1200 5836 ἐλπὶς
1235 5771 1384 5844 αὐτῷ
1437 5778 1648 5849 χρηστὴ
1680 5780 1780 5832 οὐκ

195 5853 372 5914 ἀνθεῖ.

1960 5146 2108 5203 Scito
2149 5148 2261 5204 fieri
2304 5165 2409 5206 non
2438 5163 2601 5220 posse
2629 5159 2688 5205 ut
2720 5150 2842 5220 quis
2875 5154 2943 5207 ab
2979 5153 3206 5210 exordio
3231 5157 3296 5211 ad
3326 5157 3491 5216 linem

1889 5254 2061 5310 usque
2103 5239 2317 5296 labores
2355 5256 2452 5309 pro
2494 5241 2697 5299 virtute
2735 5253 3014 5312 susceptos
3046 5258 3363 5304 constanter
3405 5261 3490 5308 to-

1893 5332 2050 5397 leret,
2081 5333 2184 5386 nisi
2215 5334 2563 5400 praemiorum
2598 5333 2830 5391 admista
2862 5340 3273 5407 exspectatione
3301 5347 3489 5401 sudori

1894 5424 2174 5493 paulatim,
2204 5435 2258 5479 et
2287 5426 2415 5490 cito,
2451 5425 2862 5496 iudolenterque
2893 5443 2954 5482 ac
2988 5428 3205 5496 leniter,
3239 5447 3303 5488 ac
3332 5437 3492 5491 modo

1891 5516 2126 5585 quodam
2161 5531 2281 5570 cum
2318 5516 2593 5571 hilaritate
2625 5519 2900 5588 praemissa
2927 5534 3099 5589 usque
3137 5523 3203 5576 ad
3233 5528 3491 5583 certami-

1893 5621 2020 5659 num
2055 5615 2381 5661 extremum.
2418 5607 2475 5661 Si
2516 5608 2698 5679 itaque
2728 5608 3000 5666 hominem
3038 5613 3240 5670 videris
3268 5616 3489 5673 virtutis

1893 5693 2108 5750 labores
2173 5695 2316 5766 (qua:
2391 5698 2750 5768 prudentibus
2825 5701 3099 5759 deliciosae
3181 5705 3489 5776 voluptates

1892 5785 2182 5859 exsistunt)
2219 5789 2537 5860 fugientem,
2575 5793 2790 5855 noveris
2833 5794 3032 5852 bonam
3062 5796 3140 5854 illi
3189 5812 3341 5871 spem
3373 5814 3485 5859 non

1896 5874 2151 5947 relinqui.
