4114 6434
790 361 820 421 7

790 361 820 421 7
1867 360 1925 419 s.

687 356 788 426 mo
1026 472 1184 544 7oz
1216 472 1541 529 anxxxr.
1587 502 1659 517 -
1696 471 1925 527 EIDEM.

1867 360 1929 419 S.
1965 357 2254 420 ISIDORI
2297 351 2731 417 PBLUSIO’LE

2282 489 2331 545 Δ

3798 347 3928 415 1608

2819 469 2990 522 ΥηΑο.
3023 498 3092 508 -
3120 468 3208 536 τι)
3254 467 3451 538 arra.

1319 590 1395 643 De
1429 590 1690 660 corruptis
1721 589 2054 644 sacerdotum
2076 604 2255 658 quorm

2361 604 2426 642 ms
2461 588 2711 644 moribus.
2743 585 2922 658 (Conf.
2956 587 3110 656 epist.
3145 585 3293 648 552.)

757 697 1019 754 Terribile
1049 713 1212 763 nunc,
1239 709 1292 754 et
1325 699 1479 754 valde
1503 701 1721 769 quidem
1769 700 2011 756 terribile
2053 709 2137 754 est
2186 700 2254 754 ad

681 790 1038 845 sacerdotium
1072 792 1396 860 pertingere.
1437 791 1681 848 Alterum
1710 793 1854 847 enim
1883 793 2075 847 borum
2108 792 2254 845 acci-

682 881 811 933 dere
833 877 971 933 solet
999 897 1014 934 :
1045 891 1134 934 aut
1156 880 1313 948 juxta
1339 893 1550 938 veteres
1578 892 1632 937 et
1660 882 1986 952 apostolicos
2017 895 2254 936 canones

682 972 953 1027 viventem
988 972 1220 1027 invisum
1251 989 1393 1038 esse,
1423 974 1739 1043 insidiisque
1764 973 1940 1042 appeti
1971 973 2039 1027 ab
2067 972 2133 1027 iis
2163 973 2253 1040 qui

683 1078 826 1118 nunc
869 1077 965 1133 per
997 1073 1342 1132 apparentem
1368 1080 1564 1120 noxam
1595 1073 1649 1118 et
1675 1063 2006 1134 illegitimam
2029 1077 2254 1118 consue-

683 1154 945 1220 tudinem,
981 1165 1236 1223 tanquam
1270 1154 1364 1209 Dei
1393 1164 1614 1209 servent
1655 1153 1850 1224 legem,
1883 1163 2138 1223 recteque
2172 1152 2254 1206 vi-

679 1255 869 1300 ventes
907 1245 1212 1314 expellunt;
1238 1253 1328 1298 aut
1363 1244 1768 1299 submittentem
1802 1257 1891 1309 se,
1940 1251 1996 1298 et
2038 1241 2253 1314 propria

679 1334 920 1404 neglecta
978 1338 1170 1400 salute,
1211 1334 1392 1390 multis
1436 1335 1557 1390 aliis
1612 1333 1810 1390 nll‘e‘rre
1849 1332 2254 1398 oll‘eudiculum,

679 1443 787 1497 quo
813 1426 1013 1495 duplici
1043 1427 1260 1481 nomine
1289 1427 1537 1498 ingentes
1563 1437 1690 1482 sunt
1717 1439 1910 1496 panes
1925 1426 2123 1481 daturi.
2157 1424 2260 1479 Fe-

679 1517 834 1572 licem
862 1519 1042 1587 itaque
1068 1519 1309 1582 nomino,
1345 1518 1435 1587 qui
1469 1519 1572 1573 hoc
1605 1527 1794 1586 captus
1817 1531 1921 1572 non
1956 1516 2025 1572 sit
2051 1531 2256 1572 amore.

680 1609 736 1666 Si
766 1625 894 1664 vero
933 1625 1037 1665 non
1071 1619 1260 1680 captus
1289 1610 1590 1673 ordinetur,
1631 1608 1864 1677 primum
1911 1615 2091 1663 servet
2131 1621 2258 1676 pro-

678 1703 909 1771 positum
934 1709 1168 1770 oportet,
1196 1713 1496 1770 magnaque
1518 1697 1772 1769 loquendi
1803 1696 2073 1762 libertate,
2108 1697 2252 1752 antio

2433 701 2670 772 ⁴νοσερόν
2699 703 2837 767 ἐστι,
2871 700 2966 754 καὶ
2993 699 3112 753 λίαν
3155 699 3384 771 φοϐερὸν
3410 699 3472 754 τὸ
3505 699 3588 762 είς
3629 700 3926 771 ἱερωσύνην

2365 791 2483 843 νυνὶ
2515 790 2752 845 τελέσαι.
2781 793 2937 843 Δυοῖν
2969 790 3077 860 γὰρ
3103 789 3253 861 αύτῷ
3295 789 3520 862 θάτερον
3554 789 3922 860 συμϐήσεται-

2359 881 2394 950 ﬂ
2444 881 2588 934 κατὰ
2625 883 2752 944 τοὺς
2802 880 3064 952 ἀρχαίους
3117 882 3212 936 καὶ
3262 881 3653 944 ἁποστολικοὺς
3701 881 3926 942 κανόνας

2361 969 2540 1033 ζῶντα
2580 971 2875 1041 μισηθῆναι
2898 970 2992 1024 καὶ
3033 969 3485 1040 ἐπιϐουλευθῆναι
3515 971 3665 1042 παρὰ
3696 970 3805 1023 τῶν
3834 971 3927 1041 τὴν

2360 1062 2481 1116 νυνὶ
2530 1062 2943 1115 ὲπιπολάσασαν
2991 1060 3262 1131 ἑπιὸλαὸῆ
3296 1061 3389 1114 καὶ
3436 1063 3754 1131 παράνομον
3803 1079 3920 1114 συν-

2361 1151 2554 1222 ήθειαν
2597 1152 2675 1216 ὡς
2696 1152 2861 1224 νόμον
2888 1153 3029 1207 θεῖον
3056 1153 3452 1222 φυλαττόντων,
3483 1155 3576 1208 καὶ
3605 1155 3734 1217 τοὺς
3756 1153 3928 1224 ὀρθῶς

2362 1241 2610 1314 βιοῦντας
2637 1244 3137 1317 ἑξοστρακιζὸντων
3156 1262 3168 1275 ·
3198 1246 3232 1315 ἢ
3263 1244 3775 1299 ύποκατακλίναντα
3799 1247 3924 1298 cauo

2362 1331 2476 1396 τὸν,
2503 1331 2600 1386 καὶ
2623 1333 2727 1403 τῆς
2750 1333 2947 1387 ἑαυτοῦ
2984 1333 3275 1403 ἀφειδῆσαι
3302 1334 3595 1403 σωτηρίας,
3623 1335 3718 1386 καὶ
3741 1334 3927 1396 ἄλλους

2367 1421 2596 1487 πολλοὺς
2629 1423 3004 1492 σκανδαλίσαι,
3041 1425 3182 1497 ὑπὲρ
3205 1417 3279 1478 ὧν
3307 1425 3401 1479 καὶ
3427 1423 3582 1487 δίκας
3631 1425 3926 1496 σφοδροτά-

2363 1532 2466 1579 τας
2489 1515 2674 1570 δώσει.
2709 1517 3000 1588 Μακάρων
3036 1516 3134 1588 μὲν
3162 1513 3253 1571 οὖν
3286 1516 3346 1570 τδ
3380 1516 3514 1588 μηδὲ
3547 1515 3750 1570 ἁλῶναί
3801 1532 3928 1568 ποτε

2364 1605 2442 1678 τῷ
2487 1606 2716 1679 τοιούτῳ
2757 1607 2941 1680 ἔρωτι.
2972 1610 3036 1662 El.
3079 1609 3138 1663 δὲ
3188 1608 3264 1681 μὴ
3313 1608 3472 1672 ἁλοὺς
3501 1609 3922 1680 χειροτονηθείη.

2363 1698 2572 1770 ἑχέσθω
2599 1699 2693 1754 τοῦ
2722 1700 2988 1773 προτέρου
3025 1700 3249 1765 σκοποῦ,
3296 1701 3390 1754 καὶ
3433 1699 3571 1771 μετὰ
3619 1699 3927 1772 παρρησίας

675 1807 782 1862 qua
809 1802 971 1864 atque
1009 1790 1303 1862 apostolica
1353 1799 1579 1846 renovet
1625 1790 1862 1854 decreta,
1903 1804 1972 1844 ne
2003 1788 2255 1843 sacerdo-

2361 1790 2428 1842 τὰ
2455 1788 2662 1860 ἀρχαῖα
2683 1791 2778 1843 καὶ
2809 1789 3142 1845 ἀποστολικά
3171 1788 3474 1860 πράγματα
3495 1789 3823 1849 ἁνανεούτω.
3855 1789 3928 1861 μὴ

680 1882 811 1936 ιίυιη
857 1897 1000 1938 nunc
1043 1882 1477 1953 propinantibus,
1537 1880 1829 1950 omniaque
1877 1887 1933 1934 et
1989 1879 2174 1934 dicere
2201 1887 2256 1934 et

2359 1880 2474 1943 τοῖς
2498 1878 2594 1933 νῦν
2623 1879 2951 1952 προπίνουσι
2992 1880 3089 1951 τὴν
3119 1882 3439 1952 ἱερωσύνην,
3467 1883 3560 1935 καὶ
3608 1881 3788 1937 πάντα
3841 1883 3928 1936 καὶ

677 1972 856 2029 facere
901 1973 1064 2030 licere
1093 1974 1194 2029 sibi
1227 1973 1594 2042 opinantibus,
1629 1971 1682 2025 in
1715 1970 1862 2025 vitiis
1905 1978 2264 2040 cooperetur.-

675 2061 901 2116 Prasias
951 2062 1095 2116 enim
1148 2063 1360 2117 insidiis
1409 2061 1589 2132 appeti
1640 2076 1707 2118 ac
1759 2061 1936 2132 rejici,
1979 2075 2143 2132 quam
2197 2058 2255 2116 id

673 2165 844 2222 genus
871 2151 1150 2222 aggregari
1179 2151 1508 2208 hominibus.

2359 1970 2542 2039 λέγειν
2581 1973 2677 2026 καὶ
2719 1972 2985 2043 πράττειν
3032 1972 3234 2037 έξεῖναι
3264 1973 3448 2037 αὐτοῖς
3483 1974 3817 2042 νομίζουσιν,
3850 1975 3929 2038 είς

2358 2061 2428 2115 τὰ
2475 2059 2797 2132 πταίσματα
2837 2061 3229 2134 συμπράττων.
3277 2064 3538 2133 Κρεῖττον
3571 2061 3680 2133 γὰρ
3719 2062 3777 2116 τὸ
3807 2064 3926 2116 tuo

2357 2151 2720 2224 ϐουλευθῆναι
2747 2153 2842 2206 καὶ
2867 2152 3441 2225 ἀποχειροτονηθῆναι,
3470 2151 3565 2208 τοῦ
3595 2153 3735 2226 μετὰ
3756 2151 3929 2207 τοιού-

2356 2260 2467 2300 των
2509 2243 2720 2318 ὰνδρῶν
2746 2243 3030 2316 τετάχθαι.

864 2331 1215 2394 CDLXXXII.
1247 2366 1306 2377 —
1338 2335 1688 2394 LAMPETIO
1724 2334 2074 2395 EPISCOPO.

2622 2334 2798 2391 τπδ’.
2830 2365 2902 2377 -
2927 2336 3284 2409 unauana
3311 2338 3674 2411 sntsxona.

1095 2426 1174 2484 De
1202 2428 1537 2497 improbitate
1557 2427 1756 2484 Zosimi
1801 2430 2210 2500 sociorumque:
2240 2441 2337 2496 pro
2367 2424 2434 2481 iis
2465 2425 2750 2480 mandans.
2783 2423 2973 2495 (Sspr.
3004 2426 3157 2496 epist.
3199 2425 3326 2495 437,
3359 2428 3507 2499 440.)

745 2519 1057 2593 Deplorare,
1085 2539 1192 2578 non
1222 2523 1515 2578 conviciari
1561 2524 1728 2581 debes
1754 2523 2066 2594 Eusebium,
2094 2524 2251 2581 Cha-

2428 2520 2504 2576 Ού
2549 2520 2854 2592 κωμῳδεῖν,
2903 2518 3042 2574 ἀλλὰ
3088 2521 3450 2592 καταθρηνεῖν
3488 2522 3724 2593 ὀφείλεις
3755 2523 3926 2578 εὐαέι

679 2625 901 2668 remona
929 2621 983 2667 et
1016 2611 1315 2680 Zosimum,
1347 2613 1740 2686 improborum,
1767 2624 1829 2670 ut
1858 2616 2076 2683 scribis,
2103 2630 2252 2672 sum-

2361 2613 2471 2669 Βιόν
2493 2630 2554 2667 τε
2576 2614 2671 2667 καὶ
2693 2613 3021 2686 Χαιρήμονα
3044 2613 3136 2666 καὶ⁵
3155 2612 3424 2684 Ζώσιμον,
3443 2613 3594 2681 τοὺς,
3620 2615 3698 2678 ὡς
3723 2615 3925 2686 γέγρα-

674 2718 814 2769 mos,
842 2717 906 2757 ac
929 2703 1133 2760 malitia
1183 2704 1386 2760 nemini
1439 2707 1816 2762 concedentes.
1866 2705 2021 2775 Quod
2065 2708 2110 2763 sl
2144 2707 2254 2764 Ευ-

2361 2705 2967 2777 φας,κορυφαιοτάτους
2991 2704 3100 2758 τῶν
3124 2705 3332 2768 κακῶν,
3358 2706 3452 2758 καὶ
3477 2705 3666 2776 μηδενὶ
3694 2705 3922 2778 ὑπερδο-

675 2795 909 2850 statbius
954 2808 1074 2849 cum
1129 2793 1347 2850 Marone
1402 2794 1596 2852 iisdem
1647 2797 1963 2853 insistentes
2011 2798 2255 2868 vestigiis

2361 2799 2454 2870 λὴν
2481 2797 2943 2866 καταλείψαντας.
2978 2797 3042 2850 El
3065 2795 3124 2850 δὶ
3154 2798 3249 2850 καὶ
3281 2795 3579 2860 Εύστάθιος
3604 2798 3699 2852 καί
3720 2799 3924 2869 Μάρων

679 2882 820 2938 vinci
865 2883 1100 2938 nondum
1150 2891 1462 2953 potuerunt,
1491 2884 1859 2955 excedentque
1879 2885 2029 2941 etilli
2056 2885 2255 2956 iniqui-

2361 2891 2469 2954 τοῖς
2535 2887 2738 2959 ἴχνεσιν
2786 2887 2966 2941 αὐτῶν
3041 2887 3492 2954 ἀκολουθοῦντες,
3545 2889 3759 2944 οὐδέπω
3822 2893 3921 2960 μιν

678 2980 808 3037 tate,
837 2972 906 3027 ad
937 2983 1056 3027 vota
1088 2986 1153 3027 ac
1188 2987 1376 3041 preces
1409 2983 1710 3039 vertamur,
1752 2985 1813 3030 ut
1844 2975 2090 3046 utrisque
2119 2975 2255 3031 resi-

2364 2977 2735 3049 ἁμιλληθῆναι
2780 2976 3119 3048 δεδύνηνται,
3149 2975 3300 3046 δῆλοι
3326 2977 3384 3032 δέ
3423 2978 3529 3032 είσι
3557 2980 3650 3032 καὶ
3689 2978 3924 3050 ὑπερϐα-

675 3061 915 3133 piscendi
952 3063 1005 3115 in
1041 3062 1292 3131 viamque
1337 3063 1598 3119 redeundi
1647 3063 1984 3132 facultatem,
2025 3065 2186 3120 veluti
2223 3080 2255 3121 e

2361 3068 2643 3140 λούμενοι·
2681 3069 2762 3130 είς
2785 3066 2949 3138 εὐχὴν
2993 3066 3318 3139 τρεψοίμην,
3357 3067 3498 3124 ὥστε
3529 3070 3802 3134 κάκείνοις
3831 3072 3923 3124 καὶ

675 3151 925 3206 machina
978 3153 1276 3223 respiciens
1319 3168 1435 3219 eos,
1480 3155 1619 3211 Deus
1669 3155 1952 3227 largiatur.
2000 3153 2255 3212 Fortasse

2361 3161 2566 3225 τούτοις
2594 3159 2937 3231 μετάγνωσιν
2956 3158 3147 3231 ὥσπερ
3169 3162 3234 3214 ἐκ
3262 3161 3510 3232 μηχανῆς
3541 3179 3685 3226 τινος
3719 3164 3919 3232 ιπιφα-

675 3242 846 3308 enim,
882 3242 983 3298 etsi
1024 3256 1326 3314 repugnare
1351 3253 1429 3300 tot
1462 3245 1735 3314 tantisque
1769 3256 2039 3316 nequeant
2071 3253 2246 3302 tenta-

2361 3252 2530 3324 νῆναι.
2564 3251 2718 3322 Τάχα
2745 3267 2862 3315 πως
2894 3251 2944 3303 εί
2971 3250 3063 3303 καὶ
3089 3250 3164 3321 μὴ
3183 3250 3627 3321 ἀναμαχέσασθαι
3648 3251 3922 3321 δυνηθεῖεν

677 3333 884 3387 tionum
914 3335 1320 3400 certaminibus,
1363 3336 1550 3391 saltem
1597 3337 1778 3407 aliqua
1811 3337 1916 3395 illis
1951 3337 2255 3394 consolatio

2361 3343 2450 3407 τὰς
2483 3341 2752 3406 τοσαύτας
2796 3343 2892 3396 καὶ
2923 3339 3255 3413 τηλικαύτας
3288 3342 3478 3412 ἥττας,
3509 3342 3644 3398 ἀλλὰ
3672 3343 3779 3397 κᾶν
3820 3360 3922 3396 παο

677 3424 838 3478 tantis
874 3436 1058 3478 eorum
1074 3423 1485 3494 probationibus
1506 3425 1779 3482 obveuiet.

2361 3431 2598 3504 ραμυθία
2627 3449 2712 3495 τις
2739 3432 2924 3495 αὺτοῖς
2945 3434 3004 3486 έν
3041 3435 3156 3498 τοῖς
3183 3432 3375 3498 δεινοῖς
3423 3434 3652 3498 ἐκείνοις
3702 3433 3922 3506 βασανι-

2355 3522 2601 3594 στηρίοις
2626 3521 2867 3595 τεχθείη.

723 3600 1098 3661 CDLXXXIII.
1155 3635 1228 3650 —-
1281 3605 1655 3666 THEODORO
1713 3607 2202 3667 SCHOLASTICO.

2571 3614 2744 3667 rnr'.
2781 3643 2848 3656 —
2893 3613 3198 3687 esosopn
3228 3614 3680 3688 ΣΧΟΔΔΣΤΙΚῼ.

1346 3699 1414 3757 Ut
1450 3703 1585 3758 vires
1607 3703 1800 3773 desint,
1833 3707 2074 3762 voluntas
2105 3705 2396 3763 laudanda.
2442 3706 2664 3782 (Confer
2703 3708 2926 3764 similem
2957 3711 3109 3779 epist.
3139 3708 3254 3779 23.)

746 3812 996 3869 Maximis
1036 3811 1180 3870 vinci
1231 3813 1634 3872 laudationibus
1679 3801 2131 3874 non'indecorum
2163 3819 2251 3885 iis,

2418 3819 2532 3874 Οὐκ
2561 3819 2788 3892 αἰσχρὸν
2824 3819 2932 3874 τῶν
2988 3820 3260 3892 μεγίστων
3306 3821 3595 3891 ἐγκωμίων
3631 3819 3917 3892 ἡττᾶσθαι,

679 3904 772 3973 qui
828 3904 1055 3960 dicendo
1116 3905 1405 3974 adsequare
1462 3907 1736 3961 orationes
1791 3917 2086 3977 nequeant,
2153 3922 2255 3963 nec

2361 3903 2429 3972 δῖς
2462 3908 2724 3973 έξισῶσαι
2751 3910 2879 3973 τοὺς
2903 3909 3094 3978 λόγους
3121 3911 3221 3980 οὐχ
3269 3904 3379 3964 οἷόν
3408 3925 3499 3962 τε·
3529 3909 3652 3963 οὔτε
3706 3911 3812 3982 μὴν
3840 3913 3919 3964 δίο

673 4011 884 4065 aequum
913 3996 1172 4067 dignitate
1199 3996 1549 4054 inferioribus
1580 3997 1835 4055 facultate
1857 4000 2023 4054 etiam
2055 4014 2254 4055 conce-

2361 4017 2526 4065 καιον,
2549 4001 2647 4071 τῆς
2667 3999 2825 4066 ἀξίας
2854 4001 3194 4073 ὑστεροῦσιν,
3218 4001 3319 4072 ἤδη
3345 4001 3514 4056 καὶτὸ
3530 4001 3669 4056 κατὰ
3694 4003 3920 4074 δύναμιν

673 4088 821 4141 dere.
861 4085 963 4151 Qui
997 4088 1139 4142 enim
1166 4087 1390 4146 laudare
1420 4093 1717 4157 contendit,
1741 4093 1915 4148 victus
1944 4103 2123 4148 autem
2146 4102 2251 4160 est,

2361 4093 2636 4147 ἐλλείπειν.
2674 4094 2855 4165 Ὀγάρ
2883 4095 3166 4148 ἐπαινέσαι
3189 4093 3572 4168 φιλονεικήσας
3607 4096 3918 4168 [temnun-

673 4176 929 4246 propositi
961 4190 1054 4230 seu
1093 4177 1383 4236 voluntatis
1427 4181 1586 4237 laude
1621 4182 2033 4239 condecoratur.
2062 4183 2243 4251 Quare

2361 4188 2462 4252 θεὶς
2492 4188 2571 4253 δέ,
2633 4189 2700 4259 τῇ
2752 4189 2849 4258 τῆς
2919 4186 3292 4260 προαιρέσεως
3355 4185 3478 4258 δόξῃ
3546 4187 3913 4259 κεκόσμηται·

675 4266 722 4320 si
780 4266 1102 4324 rusticitatis
1169 4269 1450 4326 infantiam
1521 4273 1756 4344 abjicere
1787 4282 1894 4329 stat
1950 4276 2241 4344 sententia,

2361 4277 2541 4332 ;ύκοῦν
2577 4277 2695 4346 εῖγε
2738 4281 3057 4348 σκαιότητος
3087 4277 3300 4342 ἀδοξίαν
3337 4277 3739 4350 ἀποῤῥίψασθαι
3788 4280 3912 4351 βου·

673 4367 940 4414 tentemus
989 4369 1044 4413 et
1078 4359 1200 4416 illos
1248 4361 1494 4428 laudare,
1536 4379 1763 4436 quorum
1799 4365 1914 4421 laus
1939 4367 2112 4437 major
2138 4376 2246 4433 est,

2361 4369 2568 4438 topEOa,
2624 4367 2948 4439 πειρώμεθα
3003 4368 3291 4434 κάκείνους
3333 4373 3597 4436 ἐπαινεῖν,
3627 4365 3709 4434 οἷς
3775 4371 3913 4444 ὑπὲρ

670 4463 832 4518 quam
882 4450 1062 4508 verbis
1105 4463 1267 4522 queat
1292 4456 1545 4523 exprimi.
1597 4457 1819 4514 Praestat
1855 4457 2001 4512 enim
2042 4459 2246 4514 oratio-

2361 4461 2532 4525 ιόγους
2561 4463 2590 4514 ὀ
2622 4460 2863 4525 επαινος.
2895 4461 3153 4532 ’Δμεινον
3182 4462 3290 4533 γὰρ
3317 4463 3374 4516 έν
3399 4465 3508 4527 τοῖς
3533 4462 3710 4532 λόγοις
3741 4465 3911 4536 ἡττω-

670 4540 828 4596 nibus
869 4543 1046 4599 victos
1099 4545 1168 4599 ob
1196 4547 1489 4603 consilium
1537 4548 1981 4620 voluntatemque
2012 4549 2241 4605 laudari.

2361 4553 2550 4623 μένους
2579 4555 2646 4624 τῇ
2693 4555 2794 4624 τῆς
2844 4555 3220 4625 προαιρέσεως
3249 4554 3683 4620 καλλωπίζεσθαι
3708 4557 3910 4627 εὐγνω-

2349 4660 2578 4715 μοσυνιιο

999 4725 1158 4797 703
1183 4725 1558 4787 CDLXXXIV.
1587 4754 1656 4770 —-
1679 4729 1910 4790 EIDEM.

2361 4659 2578 4718 μοσυνῐιο

2805 4737 2976 4794 ‘rns'.
3006 4769 3080 4781 —
3119 4739 3210 4813 ra
3255 4739 3456 4813 arra.

1078 4815 1437 4886 Belligsraudi
1463 4830 1511 4874 et
1535 4822 1808 4877 societatis
1848 4822 2048 4880 bellica
2091 4824 2396 4882 discrimen.
2435 4825 2620 4897 (ευριπ.
2654 4828 2960 4900 epist.285,
2997 4833 3181 4886 eadem
3201 4845 3274 4888 est
3302 4834 3501 4905 initio.)

738 4903 921 4977 Longe
957 4907 1124 4964 tutius
1150 4921 1234 5000 est
1265 4927 1370 5000 non
1407 4915 1746 4982 belligerare,
1780 4931 1938 4986 quam
1973 4919 2099 4974 belli
2144 4935 2235 4976 so-

2414 4921 2600 4993 Πολλῷ
2663 4924 3065 4996 ἀσφαλέστερον
3127 4927 3187 4979 τὸ
3247 4927 3324 4999 μὴ
3395 4903 3750 5000 πολεμεῖσθαι
3815 4930 3906 4986 τοῦ

667 4996 916 5050 cietatem
969 4997 1126 5051 inire.
1171 4995 1306 5053 Illud
1375 5002 1518 5055 enim
1571 5002 1738 5056 otium
1795 5005 1990 5074 negotii
2044 5019 2237 5075 expers

2361 5015 2768 5086 τυμμαχεῖσθαι.
2802 5018 2875 5070 Τὸ
2897 4995 2998 5089 μὲν
3022 5018 3132 5090 γὰρ
3170 4995 3400 5091 ἡσυχίαν
3422 4995 3903 5095 εχει-ἀπράγμονα,

667 5085 821 5140 aii'ert
846 5103 864 5154 ;
891 5086 992 5140 boc
1013 5101 1141 5142 vero
1167 5103 1540 5159 saepenumero
1562 5093 1703 5161 cogit
1726 5109 1828 5148 una
1846 5111 1967 5151 cum
1995 5095 2156 5151 sociis
2183 5097 2235 5151 in

2361 5103 2404 5156 :b
2434 5085 2491 5157 et
2514 5104 2813 5173 ἀναγκάζει
2848 5085 3219 5179 συμπολεμεῖν
3269 5085 3528 5174 πολλάκις
3572 5085 3682 5176 τοῖς
3711 5085 3902 5183 ilionei};

669 5177 877 5233 hostem
932 5194 1190 5248 pugnare,
1230 5183 1443 5237 tametsi
1503 5183 1700 5239 bellum
1753 5185 2013 5257 iujustum
2055 5204 2237 5246 susce-

2361 5210 2491 5260 raot,
2509 5196 2602 5250 καὶ
2623 5198 2670 5248 εί
2702 5195 2903 5262 ἀδίκως
2938 5177 3246 5269 πολεμοῖεν,
3270 5200 3364 5254 καὶ
3389 5201 3549 5273 χάριν
3578 5177 3758 5258 ibi.an
3789 5177 3902 5257 list

666 5269 865 5340 perint,
891 5280 946 5325 et
977 5272 1225 5338 injustam
1254 5276 1480 5341 gratiam
1513 5291 1609 5346 pro
1639 5276 1781 5344 justa
1813 5281 2122 5349 rependere.

2361 5285 2556 5348 ἱικαίας
2581 5285 2835 5342 ἐκτίνειν.

1001 5363 1349 5422 (ιυιχχχν.
1382 5397 1450 5408 -—
1493 5369 1907 5430 lSCllYRlONl.

2774 5379 2948 5437 Υηεν.
2992 5411 3060 5424 -
3114 5383 3490 5443 ΙΣΧΥΡΙΩΝΙ.

664 5454 862 5527 Spretis
895 5461 1178 5516 mundanis
1206 5475 1254 5517 et
1285 5467 1856 5547 caducisycatlestibus
1880 5470 2194 5528 studendum
2210 5491 2240 5556 ;.
2256 5482 2306 5530 et
2336 5475 2401 5579 τε
2437 5475 2530 5532 illo
2562 5477 2901 5536 Ecclesiaste
2926 5496 2947 5537 :
2995 5499 3015 5534 ι
3058 5481 3281 5540 Vanitas
3307 5485 3625 5547 sanitatum,
3657 5492 3705 5537 et
3734 5486 3901 5537 omnia

2119 5558 2326 5603 vanitas
2360 5558 2402 5599 ³.
2443 5565 2463 5599 ι

733 5621 944 5683 Videris
975 5627 1226 5698 ignorare
1249 5633 1499 5693 tenebras
1527 5635 1649 5697 vita:
1683 5636 1994 5695 mortalium
2015 5639 2068 5696 in
2098 5639 2233 5696 inna-

2418 5642 2642 5707 Ἔοικας
2673 5642 2891 5716 ἀγνοεῖν
2914 5644 3016 5718 τῆς
3057 5646 3318 5721 βιωτικῆς
3346 5648 3645 5720 φαντασίας
3688 5646 3782 5706 τὸν
3821 5645 3904 5714 ζό-

733 5776 758 5809 ⁸
781 5775 957 5836 Eccle.
995 5795 1035 5850 ι,
1067 5785 1122 5839 2.
