4114 6472
177 452 316 524 1609

1010 444 1542 508 EPISTULARUM
1587 441 1733 502 LIB.
1777 441 1926 500 V.--
1960 440 2200 500 EPIST.
2244 435 2720 500 CDLXXXVIII.

3309 436 3452 503 1610

175 579 299 632 φον,
339 557 433 612 καὶ
460 558 558 628 τῆς
583 555 733 619 θείας
773 553 1088 624 φιλοσοφίας
1119 551 1180 604 τὸ
1210 549 1345 620 φῶς.
1398 547 1606 602 Οὐκοῦν
1649 545 1746 601 ἕνα
1775 592 1780 603 .

1862 547 2108 618 ςίιιοιιάο,
2134 561 2234 603 nec
2266 561 2376 602 non
2406 546 2590 601 lumen
2615 544 2816 601 divina:
2849 541 3225 614 philosophia.
3265 543 3453 611 Unum

178 667 264 704 σοι
290 647 401 702 τῶν
427 645 693 718 ἑκατέρου
731 643 1056 715 πράγματος
1091 644 1291 713 πεῖραν
1330 640 1628 710 εἰληφότων
1647 636 1768 711 7.ρῆ

179 741 433 814 μάρτυρα
481 737 795 804 ἀξιόπιστον
844 734 1228 802 παραγαγεῖν·
1281 733 1412 802 ἡμῖν
1475 732 1584 799 γάρ
1623 730 1756 792 ἴσως

172 832 238 886 οὗ
265 828 560 900 πεισθήσῃ.
594 825 726 880 Τίνα
752 819 845 878 οὖν
872 824 978 894 ἡγῇ
1031 822 1377 894 ἀξιόχρεων;
1419 819 1609 874 Βούλει
1659 818 1756 873 τὸν

175 919 470 993 Σολομῶνα
529 921 606 982 είς
639 916 802 988 μέσον
850 914 1184 985 ἀγάγωμεν;
1237 906 1406 974 Οὗτος
1439 911 1547 981 γὰρ
1589 907 1757 982 ἡνίκα

179 1012 281 1084 μὲν
307 1009 386 1082 τῷ
414 1009 525 1064 τῶν
551 1006 823 1079 βιωτικῶν
853 1004 1197 1081 πραγμάτων
1224 1001 1390 1072 ἔρωτι
1424 1003 1754 1073 κεκράτητε,

181 1100 418 1173 μέγιστά
441 1115 504 1152 τε
539 1096 680 1153 αὐτὰ
727 1095 936 1167 ἠγεῖτο,
983 1094 1082 1148 καὶ
1125 1092 1406 1164 θαύματος
1438 1093 1752 1162 κρείττονα,

179 1193 277 1244 καὶ
304 1189 486 1243 πᾶσαν
507 1185 635 1256 περὶ
657 1181 907 1253 escam
936 1181 1196 1253 φροντίδα
1212 1180 1442 1251 έστρεφε
1458 1198 1472 1211 ·
1500 1179 1758 1250 λαμπράς

181 1279 284 1351 μιν
309 1272 760 1345 οἰκοδομούμενος
795 1271 992 1337 οἰκίας,
1021 1270 1244 1343 χρυσίον
1267 1270 1325 1324 δὲ
1351 1270 1600 1338 συνάγων
1624 1286 1638 1300 ο
1663 1270 1758 1323 καὶ

177 1367 476 1440 μουσικοὺς
510 1365 612 1435 μὲν
632 1364 830 1436 χοροὺς
864 1363 1205 1432 συγκροτῶν,
1251 1361 1667 1434 τραπεζοποιῶν
1700 1361 1758 1414 δὲ

178 1459 318 1531 γένη
356 1458 453 1513 καὶ
491 1457 770 1529 μαγείρων
821 1455 1138 1527 κτώμενοςο
1193 1456 1286 1508 καὶ
1349 1454 1451 1525 τὴν
1497 1454 1609 1508 ἀπὸ
1657 1453 1758 1525 τῆς

176 1550 406 1621 ἀσθῆτος
433 1549 660 1621 τρυφὴν,
681 1548 777 1602 καὶ
796 1548 894 1620 τὴν
919 1547 1028 1603 ἀπὸ
1046 1547 1156 1600 τῶν
1181 1545 1524 1619 παραδείσων
1543 1545 1757 1617 τέρψιν,

175 1641 275 1695 καὶ
314 1640 414 1710 τὴν
451 1638 560 1693 ἀπὸ
587 1638 696 1693 τῶν
729 1637 1000 1709 λαμπρῶν
1022 1637 1291 1708 σωμάτων
1314 1636 1506 1709 ἡδονὴν
1521 1635 1758 1706 δαψιλῶς

172 1730 357 1803 ἑαυτῷ
379 1728 831 1802 παρασκευάζων,
848 1728 941 1784 καὶ
958 1731 1158 1793 πᾶσαν,
1176 1726 1252 1792 ῶς
1269 1731 1463 1793 εἰπεῖν,
1485 1727 1760 1800 λεωφόρον

171 1820 532 1894 ψυχαγωγίας
542 1822 636 1875 καὶ
649 1819 892 1892 τέρψεως
907 1817 1069 1872 ἀνατέ
1078 1836 1246 1890 μνων.
1264 1819 1478 1890 Ἐπειδὴ
1490 1815 1546 1872 δὲ
1565 1819 1760 1891 μικρὸν

1860 639 2046 710 itaque
2076 638 2173 695 tibi
2205 637 2490 709 utriusque
2521 637 2597 692 rei
2627 635 3006 706 experimento
3040 642 3218 706 capto,
3255 643 3449 692 testem

1859 728 2007 785 omni
2059 728 2380 796 exceptione
2433 727 2698 798 majorem
2758 725 3044 793 adducam,
3103 727 3228 796 quia
3291 726 3451 783 nobis

1872 819 2098 878 credere
2123 817 2355 874 fortasse
2384 831 2632 874 recusas.
2665 815 2799 883 Quis
2819 817 3006 886 igitur,
3039 817 3256 883 amabo,
3289 817 3452 874 iidem

1858 911 1998 981 apud
2031 919 2084 965 te
2111 907 2397 980 reperiat?
2431 905 2694 965 Placetne
2742 906 3088 965 Salomonem
3118 909 3172 964 iu
3208 911 3451 966 medium

1858 999 2168 1074 proferam?
2223 996 2324 1058 Hic
2372 1017 2490 1066 rex,
2536 1014 2725 1058 earum
2781 1014 2987 1064 rerum,
3035 1015 3157 1071 quas
3207 1001 3276 1056 ad
3323 1002 3455 1056 vita:

1859 1102 1984 1150 sunt
2012 1108 2170 1149 usum
2218 1093 2565 1159 necessariae,
2606 1106 2794 1148 amore
2820 1100 3037 1162 captus,
3061 1088 3333 1148 maximas
3360 1107 3458 1148 eas

1860 1180 2110 1251 ducebat,
2144 1195 2199 1240 et
2253 1183 2617 1242 admiratione
2665 1183 2922 1254 majores,
2986 1197 3316 1250 omnemque
3384 1185 3452 1239 ad

1866 1290 1961 1333 cas
1990 1291 2079 1334 res
2129 1291 2318 1333 curam
2352 1277 2848 1348 cogitationemque
2911 1275 3224 1334 convertit:
3259 1291 3454 1346 magna

1859 1382 2055 1438 nempe
2100 1367 2390 1439 amplaque
2445 1367 2686 1423 incolens
2744 1367 2967 1439 palatia,
3042 1375 3206 1436 atque
3262 1367 3454 1424 domus

1860 1470 2141 1532 augustas,
2177 1476 2366 1515 aurum
2429 1459 2495 1514 iis
2540 1460 2835 1526 adhibens,
2887 1475 2955 1515 ac
3004 1459 3247 1516 musicos
3299 1474 3455 1516 com-

1860 1566 2071 1622 ponens
2116 1553 2336 1616 choros,
2385 1565 2587 1607 mensae
2632 1561 2990 1616 structorum,
3036 1561 3203 1621 atque
3241 1563 3455 1620 coquo-

1861 1657 1982 1697 rum
2038 1641 2188 1696 varia
2231 1639 2519 1711 possidens
2561 1655 2763 1712 genera
2811 1658 2827 1695 :
2877 1640 3330 1695 vestimentorum
3382 1639 3453 1695 ad

1861 1730 1977 1785 hac
2001 1743 2126 1801 rege
2153 1729 2438 1802 dignorum
2473 1729 2684 1794 luxum,
2708 1728 2991 1783 hortorum
3019 1728 3188 1785 etiam
3221 1727 3459 1785 arumni-

1864 1827 2052 1884 tatem,
2070 1827 2126 1873 et
2146 1832 2178 1874 e
2205 1817 2504 1888 splendidis
2528 1817 2850 1888 corporibus
2878 1816 3210 1887 voluptatem
3233 1817 3460 1888 opipare

173 1910 388 1969 ὲκεῖθεν
413 1910 605 1982 ὥσπερ
635 1900 746 1965 ἀπὸ
796 1908 996 1982 μανίας
1033 1910 1325 1980 ἀνήνεγκε,
1364 1910 1461 1963 καὶ
1503 1908 1757 1981 καθάπερ

1864 1924 1930 1966 ac
1957 1909 2105 1964 laute
2126 1908 2230 1964 sibi
2261 1920 2558 1979 apparans,
2579 1919 2911 1978 omnemque
2933 1907 3071 1963 adeo
3101 1906 3274 1976 viam,
3309 1907 3456 1976 quod

173 2005 243 2059 bs
276 2001 599 2074 λαϐυρίνθου
638 2001 787 2066 τινος
823 1999 1056 2072 ζοφεροῦ
1083 2000 1221 2071 πρὸς
1255 2001 1318 2054 τὸ
1354 2000 1755 2072 ὑπέρλαμπρον

173 2095 279 2167 τῆς
343 2093 717 2167 ὑπερκοσμίου
747 2091 1078 2162 φιλοσοφίας
1141 2090 1446 2160 ἀναϐλέψαι
1516 2090 1756 2162 ἠδυνήθη

175 2185 317 2256 φῶς,
366 2183 436 2238 τὺ
477 2183 782 2254 τηνικαῦτα
835 2186 936 2254 τὴν
985 2182 1196 2255 ὑψηλὴν
1242 2183 1463 2252 εκείνην
1522 2182 1756 2236 καὶτῶν

172 2276 422 2351 οὐρανῶν
454 2275 612 2342 ἀξίαν
636 2273 832 2346 ἔρρηξε
862 2275 1048 2344 φωνήν
1129 2292 1148 2326 ι
1183 2273 1496 2342 Ματαιότης
1532 2288 1758 2343 ματαιο-

171 2370 382 2439 τήτων,
407 2367 479 2423 τά
508 2367 688 2422 πάντα
718 2365 1042 2438 ματαιότης.
1099 2384 1119 2416 ι
1173 2365 1236 2419 El
1274 2363 1456 2419 τοίνυν
1483 2366 1514 2418 ὁ
1542 2364 1670 2436 μηδ’
1699 2365 1759 2417 έν

173 2459 394 2532 χρόνοις
436 2459 811 2530 γεγενημένος
860 2455 1065 2526 πολλὴν
1113 2452 1406 2509 ἀπαιτοῦσι
1435 2451 1759 2522 φιλοσοφίας

175 2551 503 2627 ἀκρίϐειαν,
548 2550 791 2622 ἠδυνήθη
848 2549 1080 2604 συνιδεῖν
1139 2544 1202 2601 τὺ
1236 2547 1347 2601 τῶν
1409 2547 1758 2618 πραγμάτων

173 2643 427 2716 ἀνόητον,
447 2645 544 2700 καὶ
565 2642 767 2714 πολλὴν
789 2642 971 2697 αὐτῶν
997 2639 1347 2712 καταγνῶναι
1375 2639 1716 2712 ματαιότητα
1739 2655 1756 2671 ·

172 2734 338 2791 ποίαν
361 2734 558 2806 ῑξομεν
597 2732 927 2805 συγγνώμην
954 2735 1004 2787 oi
1039 2735 1179 2804 πρὸς
1205 2732 1544 2806 ὑψηλοτέραν
1578 2733 1762 2787 κελευ-

175 2819 404 2884 σθέντες
453 2819 728 2890 ἀναϐῆναι
783 2819 1104 2890 φιλοσοφίας
1157 2820 1428 2893 κορυφὴν,
1490 2820 1588 2875 καὶ
1621 2821 1760 2892 μηδὲ

173 2907 282 2983 τὴν
339 2909 510 2982 αὐτὴν
551 2912 744 2983 έκείνῳ
809 2911 1103 2983 δυνάμενοι
1175 2912 1338 2983 ῥῆξαι
1386 2910 1592 2984 φωνὴν,
1642 2911 1760 2968 ἀλλ’

173 2997 326 3053 οὑτω
359 3001 737 3072 περιεχόμενοι
763 3000 873 3055 τῶν
902 3001 1074 3057 σκιῶν
1111 3001 1342 3056 καὶτῶν
1386 3000 1639 3073 ὀνείρων,
1671 3001 1752 3065 ὼς

175 3091 276 3147 καὶ
305 3092 578 3163 σωτηρίας
617 3091 894 3164 ὑπεριδεῖν
917 3109 932 3158 ;

253 3288 445 3357 me".
472 3319 544 3330 —
569 3289 943 3364 ΔΔΜΠΕἹΊῼ,
996 3292 1410 3367 ΣΤΡΔΤΗΓΙῼ,
1448 3295 1681 3368 usta.

1784 3238 1832 3300 Β

1858 2000 2032 2064 aiunt,
2074 1997 2397 2067 adaperiens
2442 1995 2864 2053 oblectamentis
2909 1997 3079 2052 animi
3122 2011 3188 2053 ac
3221 1996 3454 2054 deliciis.

1860 2088 1964 2146 Ubi
1998 2103 2129 2145 vero
2158 2087 2286 2144 inde
2316 2088 2614 2160 paulisper,
2645 2086 2797 2143 velt
2833 2086 2904 2142 ab
2928 2086 3174 2143 amentia
3205 2087 3456 2156 recessit,

1860 2196 1926 2237 ac
1948 2179 2116 2236 veluti
2135 2194 2208 2236 ex
2244 2179 2481 2236 obscuro
2517 2177 2833 2250 labyrintho
2871 2175 2940 2234 ad
2964 2177 3332 2234 clarissimum
3357 2190 3467 2234 σοι·

1862 2285 2045 2342 perna:
2086 2269 2443 2341 philosophiae
2473 2269 2656 2326 lumen
2687 2269 2864 2339 potuit
2905 2269 3176 2340 aspicere,
3215 2266 3272 2324 in
3314 2268 3456 2325 hanc

1861 2363 1999 2420 adeo
2019 2362 2307 2420 sublimem
2328 2377 2396 2420 ac
2417 2361 2564 2420 celo
2579 2360 2801 2432 dignam
2833 2360 3013 2431 erupit
3039 2374 3226 2418 vocem
3255 2378 3272 2415 :
3303 2379 3323 2414 ι
3352 2360 3459 2417 Va-

1862 2459 2006 2514 uitas
2033 2459 2360 2526 vanitatutn,
2397 2462 2456 2514 et
2495 2456 2680 2512 omnia
2717 2456 2950 2511 vanitas.
2992 2475 3013 2508 ι
3050 2454 3108 2511 Si
3153 2455 3340 2525 itaque
3359 2456 3456 2526 qui

1861 2565 1928 2606 eo
1987 2546 2188 2606 sarculo
2241 2560 2403 2605 natus
2448 2563 2559 2606 non
2611 2555 2718 2613 est,
2750 2549 2894 2618 quod
2933 2557 3144 2604 tantum
3198 2547 3459 2622 perfecta

1863 2639 1988 2694 vitae
2025 2640 2264 2694 studium
2309 2638 2502 2710 exigit,
2525 2636 2703 2709 potuit
2733 2651 2918 2693 rerum
2944 2636 3265 2708 conspicere
3299 2651 3460 2708 aqua

1862 2729 2047 2785 animo
2068 2728 2413 2792 inanitatem,
2446 2728 2830 2797 ingentemque
2857 2727 3096 2797 ipsarum
3121 2741 3456 2797 cognoscere

1862 2818 2212 2881 vanitatem:
2256 2833 2421 2889 quam
2476 2832 2598 2883 nos,
2640 2832 2850 2890 quaso,
2900 2818 3116 2873 veniam
3147 2832 3455 2890 conseque

1863 2925 2008 2979 mur,
2032 2911 2125 2981 qui
2173 2910 2246 2968 ad
2293 2909 2667 2966 sublimiorem
2711 2909 2852 2982 jussi
2915 2909 3283 2966 conscendere
3322 2923 3454 2965 eon-

1865 2997 2229 3070 tempia‘tiouis
2275 2998 2562 3064 verticem,
2596 3012 2776 3070 neque
2805 2999 2946 3054 hanc
2978 2998 3155 3070 ipsum
3197 2999 3454 3056 emittere

1862 3105 2049 3146 vocem
2111 3103 2427 3160 possumus,
2469 3099 2525 3146 et
2579 3090 2791 3146 umbris
2832 3086 3170 3160 somniisque
3212 3089 3456 3161 undique

1863 3184 2000 3237 adeo
2027 3181 2173 3250 capti
2199 3195 2412 3246 sumus,
2443 3189 2504 3236 ut
2526 3180 2760 3237 salutem
2793 3180 2899 3252 ipsi
2925 3181 3262 3252 negligamus
3288 3181 3316 3237 τ

1919 3291 2298 3351 CDLXXXVI.
2354 3321 2430 3334 —-
2853 3291 3269 3362 STRATEGIO,
3326 3289 3419 3352 ET

931 3451 1009 3506 De
1032 3455 1264 3523 quodam
1292 3469 1445 3525 quem
1469 3454 1548 3506 illi
1574 3455 1645 3508 ad
1678 3470 1810 3523 quos
1835 3453 2018 3509 scribit
2065 3468 2321 3508 accusare
2347 3452 2719 3517 institue'rant.,

251 3557 401 3635 ’Δρα
433 3563 509 3635 μὴ
544 3566 721 3636 χρόνῳ
771 3567 955 3636 φανὲν,
984 3568 1045 3621 τὸ
1081 3570 1317 3641 γράμμα
1355 3571 1538 3643 γραφῇ
1574 3585 1758 3641 παρα·

169 3649 361 3711 δοῦναι
391 3652 470 3725 τῷ
494 3654 646 3727 πόθῳ
701 3657 1044 3729 κεκμηκότες
1086 3659 1433 3730 ἑσκέψασθε;
1487 3659 1758 3730 Πείθομαι

173 3744 285 3816 μιν
310 3762 328 3781 ο
357 3746 420 3800 οὐ
455 3744 560 3816 μὴν
589 3746 805 3817 ἐρήμην
827 3746 1120 3813 ἁλώσεται,
1151 3752 1221 3821 τῇ
1244 3753 1372 3821 σιγῆ
1397 3749 1497 3822 τὴν
1525 3765 1758 3821 κατηγο-

172 3834 305 3907 ρίαν
346 3834 470 3889 καθ’
499 3835 703 3889 ἑαυτοῦ
755 3836 1064 3906 βεδαιῶσαν
1087 3857 1101 3869 ·
1143 3839 1281 3894 ἀλλά
1340 3842 1436 3894 καὶ⁵
1484 3842 1616 3913 ῥᾷον
1663 3841 1758 3894 καὶ

171 3922 377 3979 θᾶττον
401 3924 826 3997 ἀπολογήσεται,
876 3928 958 3981 ὅτι
988 3929 1279 4002 σωματικὴ
1321 3931 1603 4003 ἀρρωστία
1655 3929 1758 4002 τὴν

174 4011 342 4084 σιγὴν
375 4012 688 4084 ιγέννησεν.

676 4103 852 4161 ΥΠΖν.
907 4135 977 4146 -
1019 4105 1251 4179 Nemo.

1937 3570 2020 3624 An
2048 3568 2400 3639 scriptionem
2433 3583 2538 3623 non
2566 3569 2890 3640 tempestive
2919 3578 3269 3641 apparentem
3292 3585 3456 3629 accu-

1865 3660 2061 3716 sationi
2107 3658 2326 3714 tradere
2377 3659 2652 3715 desiderio
2715 3657 2847 3716 victi
2894 3658 3221 3729 cogitastis?
3275 3660 3456 3720 Credo

1864 3749 2117 3820 equidem
2158 3764 2175 3802 :
2215 3762 2318 3802 nec
2354 3748 2653 3802 solitariam
2701 3749 3144 3820 deprehendetur
3171 3762 3364 3809 contra
3394 3769 3456 3811 se

1863 3837 2263 3894 accusationem
2313 3830 2585 3900 ﬁrmasse,
2611 3838 2707 3893 sed
2749 3837 2963 3896 facilius
3006 3841 3172 3896 etiam
3206 3852 3263 3898 et
3288 3843 3456 3900 citius

1865 3928 2208 3996 defendetur,
2231 3928 2381 3999 quod
2414 3928 2666 4000 corporis
2687 3929 2984 3988 inﬁrmitas
3017 3930 3296 3990 silentium
3339 3947 3454 4005 pe-

1866 4021 2092 4089 pererit.

2193 4109 2360 4182 704
2393 4107 2794 4168 coLxxxvu.
2821 4139 2894 4155 -
2932 4110 3114 4170 ιιιω.

714 4195 821 4251 Pro
855 4198 1079 4268 acceptis
1110 4215 1144 4252 a
1177 4210 1394 4268 parente
1418 4199 1710 4270 beneﬁciis,
1735 4201 1913 4258 liberis
1946 4203 2109 4258 vicem
2152 4217 2265 4258 esse
2292 4204 2678 4274 rependendant
2715 4215 2911 4261 monet.

250 4304 378 4364 ὀτι
401 4309 430 4361 ό
456 4308 604 4364 δεῖνα
635 4311 750 4382 (51)
801 4314 1025 4385 ὀρφανῷ
1063 4331 1146 4370 σοι
1199 4317 1575 4388 γεγενημένῳ,
1632 4316 1756 4374 ἀντὶ

174 4397 385 4471 ¹ιατρδς
411 4400 654 4470 γέγονεν,
683 4399 862 4458 οἶσθα.
915 4401 1068 4460 Ἐπεὶ
1088 4407 1268 4461 τοίνυν
1316 4409 1522 4473 ἐκεῖνος
1564 4408 1666 4480 μιν
1695 4404 1755 4477 ἐξ

1935 4319 2091 4376 Nosti
2148 4321 2440 4389 quemdam
2471 4321 2567 4377 tibi
2613 4321 2865 4391 orphano
2912 4318 3059 4377 iacto
3103 4322 3278 4392 patris
3333 4322 3454 4381 loco

1863 4406 2052 4467 fuisse.
2084 4409 2136 4466 ls
2181 4425 2348 4482 porro
2389 4425 2460 4468 ex
2506 4413 2610 4468 hac
2660 4415 2770 4469 vita
2813 4411 3063 4470 sublatus
3118 4421 3226 4469 est.
3281 4414 3455 4484 igitur

530 4469 705 4564 ᾤχετο
726 4512 740 4526 ·
780 4497 831 4548 oi.
887 4495 947 4550 δὲ
997 4496 1188 4551 τούτου
1229 4500 1365 4564 υἱεῖς
1401 4469 1613 4554 δέονται
1659 4469 1754 4556 τοὺ

1862 4498 2012 4557 illius
2051 4499 2149 4556 filii
2181 4469 2375 4558 manus
2403 4504 2685 4559 tendentes
2725 4512 2779 4558 te
2821 4503 3182 4574 rogant,eius

177 4582 344 4653 χεῖρα
369 4584 672 4656 όρέξοντος,
717 4587 814 4640 καὶ
859 4585 958 4658 τὴν
1001 4589 1266 4659 ὀρφανίαν
1296 4589 1758 4663 παραμυθησομέ-

170 4687 279 4727 -νου
300 4689 315 4704 ⁶
347 4672 408 4729 εὖ
443 4680 637 4743 ποιεῖς,
672 4679 721 4731 εί
774 4678 871 4731 m1
924 4679 1087 4741 αὑτὸς
1134 4681 1256 4734 ἀντὶ¹
1310 4682 1517 4753 πατρὸς
1574 4683 1758 4745 αὐτοῖς

179 4763 384 4832 γένοιο,
414 4764 512 4837 τὴν
537 4767 799 4837 πατρῴαν
825 4769 1148 4840 εὐεργεσίαν
1185 4773 1267 4835 είς
1310 4771 1437 4836 τοὺς
1468 4773 1617 4837 υἱοὺς
1652 4790 1754 4825 κα-

179 4853 555 4925 τατιθέμενος.

684 4966 859 5020 ΥΠΗ⁹.
891 4993 959 5007 --
984 4967 1271 5024 MAPONI.

1865 4593 1995 4648 olim
2026 4608 2220 4650 manus
2259 4596 2523 4665 porrexit,
2550 4603 2606 4650 et
2632 4592 2922 4652 orbitatem
2970 4605 3116 4651 tuam
3165 4597 3455 4658 miseratus

1865 4695 1969 4741 est.
1996 4683 2164 4740 Recte
2190 4684 2413 4752 feceris,
2436 4685 2484 4742 si
2517 4694 2570 4742 et
2606 4685 2726 4755 ipse
2742 4686 2863 4742 loco
2887 4687 3061 4756 patris
3095 4686 3204 4745 illis
3236 4688 3452 4761 sis,pa-

1868 4783 2082 4828 ternum
2118 4774 2445 4832 beneficium
2469 4775 2523 4831 in
2551 4775 2693 4832 filios
2723 4790 3012 4846 reponens.

2231 4975 2663 5033 CDLXXXVIII.
2694 5005 2766 5018 -—
2793 4973 3082 5032 MABONI.

1030 5059 1350 5114 Diuitiarum
1385 5061 1530 5116 nulla
1568 5065 1808 5117 satietas.
1842 5062 2007 5135 (Vide
2038 5066 2193 5135 epist.
2226 5066 2331 5120 “2
2359 5076 2408 5122 et
2445 5065 2597 5132 545.)

250 5167 320 5224 El
343 5169 440 5223 καὶ
465 5175 798 5242 καταφρονεῖ
834 5174 866 5244 ἡ
920 5173 1324 5246 φιλοχρηματία
1365 5178 1547 5249 πάσης
1589 5179 1754 5234 κολά-

1933 5178 2049 5234 Etsi
2077 5191 2241 5248 opum
2283 5179 2552 5251 cupiditas
2593 5191 2810 5235 omnem
2849 5191 3167 5240 contemnat
3221 5187 3456 5260 castiga-

183 5271 346 5323 σεως,
385 5259 481 5313 καὶ¹
525 5258 616 5314 διὰ
649 5262 869 5316 πάντων
903 5263 1014 5316 τῶν
1084 5265 1277 5319 δεινῶν
1325 5271 1513 5339 χωρεῖ,
1593 5270 1756 5341 κόρον

1862 5270 2087 5338 tionem,
2147 5283 2202 5328 et
2267 5273 2452 5342 gravia
2526 5285 2756 5344 quaeque
2832 5279 3097 5346 pervadat
3158 5258 3455 5336 insatiabili

181 5349 466 5420 ἀκορέστῳ
495 5349 655 5403 πάθει
679 5353 1078 5423 μηχανωμένη·
1114 5354 1249 5409 ἀλλά
1275 5355 1353 5426 τῷ
1403 5358 1538 5428 μηδὲ
1588 5360 1648 5413 ὲν
1679 5360 1758 5431 τῷ

1862 5359 2078 5417 aii‘ectui
2120 5364 2427 5419 satietatem
2462 5365 2728 5421 moliens:
2763 5375 2948 5425 tamen
2993 5372 3134 5441 quod
3178 5372 3230 5426 in
3277 5374 3452 5443 possi-

184 5439 438 5507 κτᾶσθαι,
467 5441 572 5496 κᾶν
590 5444 659 5496 τά
693 5443 910 5497 πάντων
941 5444 1105 5515 λάὃῃ,
1136 5446 1427 5515 τυγχάνειν
1461 5450 1756 5521 ἀνακωχῆς

1862 5452 2060 5518 dendo,
2095 5457 2347 5521 quamvis
2387 5457 2630 5512 omnium
2660 5457 2946 5517 facultates
2993 5439 3223 5534 ceperit,
3248 5439 3450 5520 nullam

1282 5603 1516 5660 VARle
1555 5603 1946 5661 LECTIONES
1987 5606 2075 5662 ET
2115 5607 2347 5664 ΝΟΤΑΕ.

259 5751 374 5823 (5|)
405 5751 508 5808 Pro
551 5754 578 5804 ὁ
603 5753 759 5823 δεῖνα
795 5756 954 5808 codd.
1007 5756 1129 5811 Val.
1177 5758 1279 5812 650
1311 5769 1363 5812 et
1397 5761 1501 5814 Alt.
1562 5761 1765 5815 habent

190 5821 312 5881 ἀντὶ
350 5821 572 5891 πατρός.
602 5821 763 5883 Forte
803 5826 1081 5893 legendum
1134 5845 1238 5881 uno
1283 5832 1539 5884 vocabulo
1582 5831 1752 5884 Ἀντί·

525 5914 792 5976 Pa'rtton.
831 5916 948 5976 Gn.
1000 5918 1321 5982 LXXVIII.

1874 5776 2117 5843 πατρος,
2146 5773 2204 5818 ιιι
2227 5765 2278 5817 id
2309 5780 2504 5843 nomen
2544 5767 2617 5843 sit
2645 5768 2773 5843 ejus
2810 5784 2918 5837 quo
2945 5771 3009 5824 de
3044 5772 3260 5843 agiznr;
3293 5788 3452 5843 quem

1864 5849 1961 5891 cur
1978 5837 2257 5892 nominare
2283 5836 2528 5892 omiserit
2550 5836 2813 5906 lsidorus,
2847 5857 2951 5895 non
2971 5836 3214 5910 apparet.
3236 5836 3452 5901 Possm.

3024 5935 3093 5996 51
