4114 6464
3563 138 3597 166 '-

3579 189 3619 203 ¹

3561 223 3613 253 ξι

3602 268 3627 307 ιέ

3591 339 3598 348 ,
3658 338 3659 341 η

3599 351 3606 364 I

3629 374 3697 397 νε,

3621 400 3655 411 .

3643 448 3699 474 ί

3637 480 3739 513 "tr;-

3611 571 3614 574 ~

3560 593 3576 614 ι
3659 585 3704 606 ἀ
3744 588 3789 611 Σάι·

725 389 860 460 1615
1919 393 1978 453 S.
2021 392 2310 453 ISIDORI
2349 390 2785 453 PELUSIOT£

719 506 961 569 nomino,
1003 517 1106 557 non
1137 501 1226 573 qui
1261 510 1537 558 sectantur
1578 500 1818 558 Platonis
1855 500 2065 558 dicendi
2110 519 2281 575 genus
2313 512 2344 567 Α

2135 519 2281 572 genus
2313 512 2356 567 Α
2389 501 2481 554 καὶ
2515 502 2614 574 τὴν
2647 503 2970 556 Θουκυδίδου
3001 501 3327 574 σεμνότητα,
3349 501 3446 558 καὶ

719 596 967 661 sublime,
1005 594 1087 650 vel
1120 593 1447 665 Thucydidas
1474 593 1816 665 gravitatem,
1852 604 1945 648 aut
1968 595 2282 650 Demosthe-

2173 595 2282 650 lhe-
2378 590 2660 660 δεινότητα
2692 590 3011 685 ζηλοῦντας,
3044 593 3180 648 ἀ).λά
3203 594 3330 658 τοὺς
3354 593 3514 665 λόγον

719 689 804 744 nis
825 685 1347 758 grandiloquentiam
1380 685 1679 753 imitantur,
1722 685 1816 741 sed
1848 685 1940 755 qui
1971 686 2038 740 de
2083 684 2282 740 divinis

2189 685 2282 740 inis
2379 682 2648 752 ναμένους
2677 681 2820 756 ὑπὲρ
2850 682 2957 737 τῶν
2989 683 3148 740 θείων
3172 683 3482 755 δογμάτων,
3507 683 3606 742 καὶ

713 779 860 848 loqui
886 777 1170 849 praeceptis
1205 779 1435 849 possint,
1482 790 1660 848 neque
1700 777 1914 849 ignavia
1939 775 2154 846 propria
2183 789 2282 830 suo

2207 789 2282 830 ;uo
2382 772 2589 835 οἰκείας
2623 771 2898 844 ῥᾳθυμίας
2939 777 3065 846 σιτῇ
3113 774 3214 848 τὴν
3250 773 3426 848 ἧτταν

712 848 930 925 silentio
958 848 1301 939 superentur.
1341 866 1443 935 Qui
1469 868 1614 924 enim
1643 848 1888 932 audiunt,
1916 881 2024 922 nou
2051 865 2284 922 dicentis

2383 865 2447 918 Ol
2475 864 2586 935 7&9
2639 864 2951 934 ἀκούοντες,
3009 869 3069 922 οὐ
3126 870 3225 941 τὴν
3257 869 3353 922 τοῦ
3398 870 3651 939 λέγοντος

710 959 1058 1030 imperitiam,
1110 959 1207 1015 sed
1263 958 1531 1031 dogmatis
1581 969 1878 1016 causantur
1932 957 2279 1014 imbecillita-

2243 986 2279 1013 ,ε-
2383 955 2520 1010 ἀλλά
2542 955 2642 1029 τὴν
2669 956 2766 1010 τοῦ
2789 957 3059 1030 δόγματος
3092 959 3373 1016 αἰτιῶνται
3407 945 3746 1034 σαθρότηταᾲ

711 1055 840 1106 tem.

1131 1156 1448 1215 CDXCVIII.
1483 1186 1553 1198 —
1576 1154 1846 1214 ALPHIO.

1804 1154 1846 1212 ).
2919 1162 3087 1230 rm.
3113 1190 3184 1201 -
3209 1159 3429 1232 ascia.

946 1273 1013 1327 In
1041 1289 1127 1328 eos
1151 1273 1242 1344 qui
1263 1273 1469 1344 publica
1497 1271 1746 1328 Ecclesia
1783 1271 1918 1326 bona
1955 1271 2011 1326 in
2047 1286 2144 1326 sua
2173 1281 2376 1327 certant
2407 1277 2698 1331 commoda.
2737 1274 3030 1330 Immutata
3062 1275 3225 1344 prisci
3252 1271 3498 1344 temporis
3525 1273 3709 1341 facies.

777 1381 912 1438 Cum
952 1396 1109 1439 suum
1145 1381 1375 1451 quisque
1403 1378 1748 1436 commodum
1784 1393 1848 1434 ac
1875 1377 2084 1434 lucrum
2126 1392 2272 1434 com-

2462 1383 2680 1456 Ἐπειδὴ
2716 1384 2932 1455 ικάστῳ
2963 1384 3024 1437 τὸ
3055 1385 3254 1437 οἰκεῖον
3298 1381 3489 1452 κέρδος
3521 1381 3618 1436 τοῦ
3646 1386 3798 1453 κοινῇ
3854 1401 3949 1437 κα-

715 1473 866 1530 muni
895 1481 1188 1544 anteponat
1212 1473 1374 1539 bono,
1400 1471 1600 1528 idcirco
1629 1486 1716 1527 res
1744 1469 1999 1526 Ecclesiae
2024 1484 2271 1540 pessum-

2377 1473 2752 1544 ταστήσασθαί
2800 1493 2853 1529 τι
2900 1475 3137 1547 χρηστὸν
3190 1475 3604 1547 προτιμότερον,
3656 1473 3744 1527 διὰ
3793 1473 3948 1528 τοῦτο

708 1575 859 1622 eunt.
908 1566 1108 1623 Contra
1143 1578 1273 1621 vero
1321 1563 1516 1620 accidit
1572 1565 1640 1619 iis
1688 1563 1778 1634 qui
1836 1562 2103 1632 majorum
2159 1571 2275 1618 tne-

2373 1560 2442 1612 τὰ
2489 1559 2590 1630 τῆς
2642 1561 2970 1634 Ἐκκλησίας
3039 1563 3392 1634 προπέποται
3453 1563 3776 1634 πράγματα.
3841 1564 3948 1618 Καὶ

701 1655 898 1711 bantur
954 1655 1134 1712 fidem.
1197 1653 1353 1711 Tunc
1418 1655 1562 1710 enim
1613 1656 1824 1724 privata
1874 1653 1930 1709 in
1985 1667 2270 1710 commune

2371 1652 2685 1707 τούναντίον
2724 1653 2921 1727 συνίδη
2976 1656 3090 1720 τοις
3137 1655 3528 1726 γεγενημένοις
3575 1654 3671 1707 ἰπὶ
3707 1653 3815 1707 τῶν
3849 1656 3942 1724 τῆς

699 1746 1072 1806 conferebaut.
1152 1748 1222 1802 At
1307 1746 1469 1803 hodie
1545 1746 1848 1803 communia
1939 1744 2261 1816 publicaque

2374 1742 2608 1809 πίστεως
2635 1747 2936 1816 προγόνων.
2968 1747 3100 1802 Τότε
3142 1747 3240 1819 μὲν
3269 1747 3378 1818 γὰρ
3403 1746 3474 1801 τὰ
3498 1747 3607 1802 ῐδια
3639 1748 3719 1812 είς
3748 1747 3809 1800 τὸ
3832 1763 3938 1799 κοι-

699 1839 918 1894 domum
988 1837 1326 1894 conferentes
1363 1877 1379 1903 ,
1459 1850 1526 1892 ex
1595 1835 1820 1890 aliorum
1895 1833 2324 1919 incommodis!

2317 1863 2344 1917 Β
2371 1834 2460 1887 νὺν
2486 1834 2873 1906 προύτίθεσαν,
2908 1836 3004 1892 νῦν
3027 1838 3085 1892 δὲ
3119 1838 3188 1892 τὰ
3213 1838 3371 1894 κοινά
3396 1839 3580 1892 οῐκαδέ
3609 1856 3754 1902 τινες
3783 1855 3942 1908 μετα-

699 1931 908 1988 lucrum
941 1931 1230 2002 prredando
1261 1938 1541 2003 reportare
1570 1944 1676 1984 non
1706 1929 2055 1985 erubescunt.

2378 1926 2717 1998 κομίζοντες,
2760 1931 2860 1983 οὐκ
2905 1930 3248 2001 αἰσχύνονται
3291 1930 3352 1996 ἐξ
3379 1929 3678 2003 ἀλλοτρίων
3729 1928 3943 2002 κερδαί-

2377 2031 2560 2080 νοντες
2599 2017 2913 2088 συμφορῶν.

1110 2128 1384 2188 CDXCIX.
1411 2159 1483 2170 —
1519 2126 1696 2185 NILO.

2896 2127 3061 2195 mea
3091 2159 3161 2171 —
3185 2128 3415 2200 ΝειΛο.

1418 2243 1496 2296 Ab
1523 2240 1643 2296 aliis
1667 2237 1883 2295 irrideri
1909 2239 1987 2296 cel
2019 2257 2051 2295 α
2077 2239 2342 2311 grauibus,
2374 2238 2453 2291 vel
2476 2252 2510 2290 α
2537 2236 2757 2307 perditis
2801 2238 3082 2295 discrimen
3111 2251 3209 2295 est.

763 2351 812 2407 Δ
835 2351 968 2408 viris
995 2350 1245 2422 gravibus
1269 2359 1430 2420 atque
1460 2346 1695 2406 cordatis
1723 2347 1938 2404 irrideri
1965 2348 2254 2406 molestum

2437 2341 2513 2394 Τὸ
2553 2342 2653 2413 μιν
2697 2345 2848 2416 παρὰ
2901 2346 3010 2400 τῶν
3058 2346 3277 2418 σεμνῶν
3321 2347 3416 2400 καὶ
3449 2348 3744 2418 σωφρόνων
3785 2349 3941 2417 τελε·

692 2445 1050 2516 estquidem;
1077 2452 1131 2498 at
1159 2457 1285 2498 vero
1311 2457 1343 2497 a
1375 2441 1675 2497 libidinosis
1693 2439 2014 2512 iascivisque
2041 2441 2263 2496 minime

2368 2432 2513 2500 σθαι,
2535 2435 2706 2490 δεινόν
2730 2449 2745 2465 °
2780 2435 2846 2490 τὸ
2874 2436 2931 2491 δὲ
2960 2442 3112 2509 παρὰ
3138 2437 3246 2491 τῶν
3290 2437 3537 2506 ἀσελγῶν
3576 2439 3668 2492 καὶ
3705 2439 3933 2509 λάγνων,

693 2534 853 2590 hodie
887 2532 1167 2590 molestum
1195 2541 1299 2588 est.
1329 2530 1431 2598 Qui
1460 2529 1604 2586 enim
1636 2544 1668 2584 a
1713 2539 1861 2586 recto
1887 2545 2071 2587 rerum
2103 2531 2264 2586 aber-

2365 2524 2426 2577 οὺ
2487 2523 2680 2581 δεινόν.
2738 2525 2849 2598 Τῆς
2905 2526 3016 2599 7&9
3067 2528 3237 2600 ὀρθῆς
3282 2529 3391 2584 τῶν
3439 2532 3778 2600 πραγμάτων
3823 2535 3935 2589 δια-

693 2632 814 2679 rant
841 2623 1066 2694 judicio,
1100 2622 1436 2679 subsannant
1464 2636 1526 2676 ea
1549 2622 1713 2677 etiam
1742 2634 1862 2690 quae
1893 2621 2258 2678 admiratione

2367 2619 2736 2689 μαρτάνοντες
2774 2620 3032 2692 κρίσεως,
3069 2621 3272 2690 γελῶσι
3319 2624 3386 2677 τὰ
3427 2622 3706 2692 θαύματος
3756 2627 3934 2697 κρείτ-

690 2716 798 2770 sint
820 2714 1004 2785 digna.
2365 2727 2515 2765 τονα.

1255 2821 1318 2876 D.
1348 2850 1420 2861 —
1447 2821 1695 2879 PETRO.

2927 2823 3004 2879 sv.
3033 2853 3102 2864 -
3130 2824 3375 2896 ΠΕΤΡῼ.

1285 2934 1527 2991 Cclestia
1554 2936 1922 2991 meditantium
1947 2935 2027 2990 cel
2051 2934 2321 2990 terrestria
2348 2935 2472 3004 quid
2496 2936 2722 2990 intersit.
2759 2937 2996 3009 (Confer.
3020 2941 3172 3009 epist.
3206 2941 3356 3010 485.)

761 3047 953 3119 ingens
975 3060 1038 3102 ac
1063 3045 1359 3101 vehemens
1388 3045 1700 3115 prudentia,
1728 3045 1799 3100 ab
1826 3045 1988 3100 exilia
2013 3045 2262 3116 malaque

2430 3042 2589 3109 Μέγα
2626 3043 2718 3096 καὶ
2754 3046 3004 3100 νεανικὸν
3028 3050 3284 3119 φρόνημα
3320 3049 3420 3120 οὐχ
3458 3044 3569 3104 οἷόν
3599 3067 3653 3104 τε
3681 3051 3932 3123 τεχθῆναι

689 3137 1000 3208 gerentibus
1033 3135 1214 3208 parari
1245 3135 1452 3207 nequit.
1496 3133 1867 3204 Cogitationes
1915 3135 2060 3190 enim
2095 3147 2262 3206 opera

2361 3131 2437 3202 τῷ
2473 3133 2648 3203 μικρά
2676 3133 2772 3188 καὶ
2794 3136 2976 3205 φαῦλα
2997 3138 3316 3210 πράττοντι.
3349 3140 3473 3204 Τοῖς
3507 3141 3615 3212 γὰρ
3636 3142 3821 3214 ἔργοις
3841 3146 3931 3199 καὶ

689 3229 1037 3285 comitantur.
1100 3226 1206 3293 Qui
1265 3226 1408 3281 enim
1463 3240 1579 3296 qua:
1621 3225 1689 3280 ad
1724 3241 1879 3282 usum
1923 3226 2046 3280 vitae
2087 3222 2314 3295 pertl-iI

2305 3222 2432 3280 Cic&
2455 3227 2777 3297 φρονήματα
2817 3225 3043 3282 ἕπεσθαι
3082 3229 3246 3298 φιλεῖ.
3286 3231 3344 3284 '0
3396 3231 3496 3300 μὲν
3550 3233 3661 3305 γὰρ
3701 3237 3769 3288 τά
3810 3236 3930 3305 βιω-

705 3327 833 3374 nent
901 3326 1126 3382 tractat,
1187 3317 1347 3388 707
1415 3316 1549 3372 nihil
1616 3317 1856 3382 caeleste,
1909 3318 2045 3372 nihil
2091 3332 2259 3390 ange-

2356 3316 2485 3370 τικά
2512 3317 3042 3388 μεταχειριζόμενος,
3072 3322 3222 3375 οὐδὲν
3250 3323 3522 3394 οὐράνιον,
3552 3326 3708 3379 οὐδὲν
3746 3316 3913 3396 ἀγγε-

692 3410 856 3464 lieum
910 3406 1188 3480 cogitabit.
1274 3408 1343 3464 At
1423 3407 1514 3479 qui
1563 3409 1741 3480 caelo
1821 3409 2036 3480 dignam
2114 3411 2263 3482 degit

2365 3406 2519 3460 λικδν
2565 3409 3039 3480 φαπασθήσεται·
3079 3414 3108 3465 ό
3139 3412 3194 3466 δὲ
3225 3415 3324 3485 τὴν
3369 3415 3583 3487 οὐρανῷ
3618 3419 3926 3489 πρέπουσαν

700 3500 901 3566 vitam,
970 3513 1141 3568 nugas
1215 3493 1596 3570 ineptiasque‘”,
1651 3500 1869 3556 umbras
1929 3515 2145 3572 quoque
2197 3514 2260 3557 ac

2356 3503 2629 3557 πολιτείαν
2653 3503 3087 3574 πολιτευόμενος,
3106 3506 3303 3580 λήρους
3325 3509 3420 3564 καὶ
3448 3511 3738 3582 φλυαρίας,
3768 3517 3923 3578 σκιάς

690 3591 899 3646 somnia
961 3590 1110 3645 ducit
1176 3603 1298 3646 esse
1368 3589 1554 3646 mundi
1619 3590 1733 3646 haec
1790 3592 2026 3661 negotia.
2078 3589 2259 3657 Quare

2353 3610 2414 3646 τε
2465 3593 2559 3648 καὶ
2588 3592 2843 3665 ὀνείρατα
2865 3635 2881 3662 ,
2913 3595 2983 3648 τὰ
3020 3595 3253 3665 βιωτικά
3299 3600 3561 3671 ἡγήσεται
3601 3605 3919 3673 πράγματα.

689 3681 903 3751 angusti
969 3693 1093 3762 esse
1158 3679 1320 3735 animi
1391 3680 1585 3738 merito
1656 3683 1704 3738 is
1755 3693 1840 3739 est
1882 3681 2254 3753 appellandus,

2367 3683 2458 3737 Διὸ
2487 3685 2580 3741 καὶ
2603 3688 2632 3740 ό
2661 3685 2780 3756 μὲν,
2818 3687 3156 3760 μικρόψυχος
3203 3691 3428 3756 εἰκότως
3462 3694 3529 3748 ἂν
3555 3695 3802 3767 κληθείη,
3837 3699 3924 3751 ἐπὶ

693 3774 784 3844 qui
843 3773 911 3829 de
959 3772 1141 3844 parvis
1200 3786 1320 3829 sese
1374 3773 1534 3828 rebus
1591 3773 1762 3841 lactat
1821 3775 2256 3843 :magnanimus

2363 3779 2580 3846 μικροῖς
2606 3778 3039 3849 ἐναϐρυνόμενος
3057 3797 3071 3810 ·
3102 3783 3131 3835 ό
3160 3782 3215 3835 δὲ
3239 3784 3631 3857 μεγαλόψυχος,
3667 3789 3736 3841 τά
3761 3788 3923 3851 ὄντως

683 3867 894 3926 contra,
922 3859 1015 3930 qui
1048 3874 1168 3926 qua
1197 3873 1324 3916 vere
1357 3860 1572 3916 excelsa
1610 3869 1760 3928 sunt,
1795 3861 1862 3916 iis
1885 3875 2006 3931 quas
2042 3870 2253 3919 tantum

1795 3861 1862 3916 iis
1885 3875 2006 3931 quas
2042 3870 2253 3919 tantum
2365 3865 2577 3935 μεγάλα
2590 3866 2697 3920 τῶν
2735 3867 3035 3923 δοκούντων
3068 3873 3400 3944 προκρίνων.

687 3952 812 4008 talia
838 3960 1123 4023 apparent,
1140 3950 1437 4022 anteponit.

1039 4056 1122 4110 Di.
1152 4085 1217 4096 —-
1245 4053 1544 4112 EUTONIO
1579 4053 1892 4111 DlACONO.
2431 4112 2439 4120 ,

2431 4112 2439 4120 .
2682 4071 2805 4124 ΦΚ.
2838 4100 2906 4112 -
2940 4071 3238 4143 ΕΥΤΟΝΙῼ
3266 4075 3585 4150 ΔΙΔΚΟΝῼ.

2010 4170 2054 4220 Α
2080 4171 2248 4239 seipse
2274 4174 2440 4246 decipi
2461 4179 2636 4248 facile.

754 4280 870 4337 Etsi
903 4287 1148 4350 prompta
1191 4277 1356 4332 multa
1407 4284 1553 4340 sunt,
1591 4275 1841 4345 factuque
1881 4273 2082 4344 fat-ilia,
2111 4278 2250 4334 nihil

2428 4285 2594 4340 Οὐδὲν
2638 4287 2810 4354 οὕτως
2853 4292 3220 4352 ιύκολώτατόν
3270 4299 3440 4366 ἐστιν,
3497 4300 3666 4355 ὄντων
3717 4303 3916 4361 πολλῶν

685 4385 861 4429 tamen
879 4370 1110 4434 facilius,
1135 4369 1414 4438 magisque
1433 4366 1648 4422 obvium
1668 4381 1828 4436 quam
1850 4379 1880 4421 a
1905 4381 1964 4422 se
1980 4381 2251 4439 quemque

2289 4458 2313 4466 Α
2357 4375 2614 4443 εύκόλων,
2648 4379 2724 4443 ὡς
2747 4381 2810 4434 τὸ
2849 4382 3076 4440 ἑκαστον
3118 4389 3310 4444 ἑαυτὸν
3353 4391 3710 4462 ἐξαπατῆσαι.
3764 4397 3914 4466 Μέγα

684 4464 877 4532 decipi.
911 4460 1170 4531 Magnum
1208 4458 1355 4514 enim
1384 4458 1581 4529 cuique
1627 4471 1784 4513 suum
1821 4466 2045 4528 apparet
2069 4459 2250 4515 consi-
2277 4458 2309 4514 1]

2287 4458 2322 4514 D
2355 4466 2465 4536 7&9
2508 4469 2725 4540 ἑκάστῳ
2772 4473 2832 4525 τὸ
2861 4473 3127 4547 βούλημα.
3191 4481 3407 4554 Ἐπειδὴ
3455 4458 3654 4553 γάρ-οὑ
3683 4488 3750 4540 τὰ
3781 4458 3912 4559 πρά-

684 4554 835 4608 lium.
859 4551 994 4607 Cum
1024 4550 1168 4606 enim
1217 4563 1305 4604 res
1336 4563 1441 4604 non
1471 4557 1530 4602 ut
1559 4548 1688 4612 sint,
1727 4548 1796 4601 ita
1828 4548 1902 4602 illi
1929 4560 2245 4617 appareant,

2356 4573 2542 4628 γματα
2567 4561 2716 4627 ὅπως
2740 4564 2952 4633 πέφυκε
2975 4574 3186 4635 σκοπεῖ,
3215 4572 3350 4627 ἀλλά
3367 4548 3678 4645 silvia-usui
3698 4548 3911 4652 γνώμην

693 4642 787 4696 sed
818 4642 1140 4696 sententiam
1170 4639 1316 4694 omni
1341 4653 1440 4706 ope
1469 4651 1624 4692 suam
1648 4639 1830 4692 studet
1857 4639 2085 4707 quisque
2137 4651 2251 4697 sta-

2357 4653 2519 4705 παντὶ
2547 4652 2722 4706 σθένει
2756 4656 3000 4725 κυρῶσαι
3033 4668 3388 4734 προαιρεῖται,
3415 4667 3443 4719 ὃ
3473 4667 3739 4736 βούλεται,
3768 4639 3912 4724 seire

688 4731 844 4786 hiiire
880 4770 896 4796 ,
946 4728 1088 4799 quod
1130 4728 1242 4797 ipse
1288 4729 1434 4793 vult,
1484 4727 1620 4782 idem
1660 4737 1717 4782 et
1761 4728 1974 4798 probat,
2013 4732 2113 4785 etsi
2164 4746 2250 4787 res

2356 4741 2452 4794 καὶ
2483 4742 2688 4817 οἴεται,
2725 4747 2903 4801 καίτοι
2963 4727 3302 4822 πραγμάτων
3345 4727 3606 4824 πολλάκις
3637 4727 3908 4831 ἀντιφθεγ-

681 4837 823 4893 saepe
846 4820 1004 4877 aliter
1037 4834 1156 4875 sese
1190 4818 1403 4874 habeat.

998 4835 1004 4852 ι
1037 4834 1156 4875 sese
1190 4818 1403 4874 habeat.
2356 4835 2623 4904 γομένων,

1127 4929 1230 4987 Dll.
1254 4961 1324 4972 —
1348 4926 1802 4986 URSENOPBIO.

2765 4946 2886 5002 cna
2917 4979 2988 4990 -
3019 4951 3503 5029 memorem.

1589 5040 1890 5097 lleticulosi
1919 5045 2128 5114 timore,
2158 5050 2320 5120 fortes
2356 5057 2660 5112 adulatione
2683 5072 3020 5128 superantur.

752 5152 944 5213 Fortes
975 5156 1190 5227 quidem
1225 5154 1372 5210 viros
1409 5152 1710 5207 assentatio
1746 5154 1952 5220 domat,
2003 5157 2247 5216 imbecii-

2427 5163 2565 5227 Τοὺς
2608 5166 2704 5235 μὲν
2752 5167 3033 5237 ἀνδρείους
3083 5172 3341 5226 κολακεία
3381 5178 3674 5249 χειροῦται,
3711 5183 3826 5245 τοὺς
3854 5184 3903 5235 δὲ

681 5247 762 5304 los
794 5254 980 5302 contra
1010 5255 1184 5302 metus
1213 5243 1428 5315 frangit.
1475 5243 1586 5298 Illis
1619 5243 1836 5313 quidem
1889 5247 2106 5313 suadela
2136 5252 2244 5305 vim

2350 5253 2646 5324 ἀνάνδρους
2666 5258 2850 5326 φόϐοςσ
2873 5264 2985 5326 τοῖς
3004 5263 3102 5333 μὲν
3120 5265 3229 5336 7&9
3253 5267 3285 5337 ἡ
3500 5269 3645 5325 δοκεῖ
3661 5243 3902 5337 ἀδιαστος

679 5337 878 5394 aﬂ'crre
911 5352 1017 5392 non
1043 5338 1272 5402 videtur,
1312 5337 1393 5390 his
1426 5350 1553 5390 vero
1581 5347 1754 5390 metus
1783 5336 2109 5408 impotenter
2151 5343 2248 5395 im-

2349 5342 2520 5414 εῐναι,
2563 5350 2678 5413 τοῖς
2714 5350 2770 5403 δὲ
2800 5351 2828 5403 ό
2863 5353 3024 5423 φόϐος
3068 5336 3442 5430 ἀπαραίτητος
3485 5363 3767 5434 δεσπότης.
3804 5336 3898 5419 Kal

680 5436 856 5499 perat.
887 5425 955 5482 Et
975 5425 1059 5481 illi
1099 5442 1314 5483 causam
1351 5425 1680 5482 adversariis
1718 5427 1994 5496 prodendo
2025 5430 2246 5485 vincun-

2347 5439 2396 5491 οί
2434 5439 2536 5508 μὲν
2573 5441 2651 5511 τῷ
2697 5441 3018 5512 καθυφεῖναι
3053 5425 3199 5512 τοὺς*
3230 5425 3556 5517 ἀντιπάλους
3613 5425 3895 5526 ἡττῶνται·

683 5531 788 5585 tur,
822 5519 878 5574 hi
908 5533 1015 5574 non
1050 5532 1108 5574 se
1141 5519 1314 5574 dando
1340 5518 1631 5573 deduntur.
1670 5517 1788 5575 Noli
1827 5521 2009 5590 itaque
2053 5531 2245 5591 putare

2347 5531 2396 5581 oi
2437 5531 2493 5584 δὲ
2528 5531 2603 5602 τῷ
2632 5533 2708 5604 μὴ
2739 5533 2996 5590 ἐνδιδόναι
3040 5540 3320 5599 ὲνδιδόασι.
3355 5545 3445 5614 Μὴ
3492 5517 3668 5599 τοίνυν
3709 5549 3895 5612 πάντας

684 5625 790 5665 una
842 5625 943 5682 ope
977 5619 1236 5679 utrosque
1265 5609 1549 5680 juvandos,
1593 5625 1772 5666 verum
1820 5627 1916 5682 pro
1950 5612 2245 5670 affectioni-

2348 5620 2426 5672 ἑνὶ
2471 5619 2777 5692 βοηθήματι
2825 5623 3146 5695 θεραπεύειν
3187 5632 3333 5684 οῐουο
3366 5609 3499 5687 ἀλλά
3543 5638 3654 5699 τοῖς
3712 5609 3893 5694 πάθεσι

684 5700 805 5765 bus,
845 5714 907 5756 ac
936 5701 1193 5772 cujusque
1223 5700 1500 5768 facultate,
1541 5702 1804 5758 medicina
1834 5704 2096 5776 adhibita,
2130 5723 2242 5763 rem

2349 5712 2441 5764 καὶ
2466 5715 2584 5776 ταῖς
2610 5714 2873 5785 δυνάμεσι
2913 5718 3020 5770 τῶν
3052 5722 3366 5791 πασχόντων
3397 5726 3704 5797 κατάλληλα
3738 5746 3893 5800 προσ·

681 5794 982 5850 confectam
1014 5795 1078 5852 iri
1099 5794 1370 5851 confidito.

2349 5803 2527 5870 φέρων
2558 5805 2624 5860 τὰ
2654 5807 2910 5875 παιώνια,
2939 5809 3123 5875 ἔλπιζε
3149 5815 3326 5869 αὐτῶν
3354 5817 3666 5888 κρατήσειν.
