4114 6430
193 405 328 474 1617
767 415 772 420 ‘
1085 394 1623 458 EPISTOLARUM
1661 395 1807 456 LIB.

1849 395 1920 457 V.
1955 419 2024 432 --
2045 391 2284 468 EPIST,
2324 392 2482 453 DIX.
3312 384 3447 454 1618

501 508 620 562 an.
652 535 717 546 —
744 500 1084 571 usuum
1123 499 1446 570 ΔΙΔΚΟΝῼ.
1793 515 1844 572 Α

1793 515 1844 572 Α
2182 498 2323 553 nm.
2351 527 2422 541 -
2441 491 2786 551 ιιΑιωιο
2816 491 3138 551 sucoso.

390 620 732 690 Perstringit,
769 618 908 689 quod
933 616 1081 669 rebus
1112 613 1364 684 bonisque
1385 621 1631 677 terrente,
1668 613 1972 668 ambitionis
2006 623 2053 669 et
2091 613 2277 684 gloria:
2309 627 2496 678 causa,
2525 611 2581 665 in
2615 609 2838 680 speciem
2863 625 2922 664 se
2947 609 3248 664 abdicarat.

260 731 322 786 El
351 731 449 801 μὲν
474 729 642 792 ὅντως
668 726 776 781 τῶν
800 721 1067 796 βιωτικῶν
1095 720 1373 789 κατέγνως
1395 719 1762 791 πραγμάτων,

1941 721 1998 778 Si
2032 713 2260 791 'quidem
2301 720 2426 776 vitae
2476 719 2640 789 hujus
2693 718 2910 789 negotia
2978 731 3169 773 revera
3230 717 3451 787 cognita

188 820 359 893 μηδὲν
389 837 472 873 σοι
499 817 676 877 κοινὸν
708 815 844 888 πρὸς
872 813 1030 869 αὐτά.
1057 812 1120 865 El
1147 812 1205 864 δὲ
1234 811 1392 878 δόξαν
1420 810 1761 882 θημῢμεκνελπ⁹

1869 811 2094 880 habeas,
2141 812 2275 869 nihil
2310 812 2404 868 tibi
2453 826 2576 867 cum
2624 810 2739 866 illis
2783 823 3069 865 commune
3095 808 3188 864 sit.
3218 808 3277 865 Si
3317 822 3445 863 vero

185 912 494 973 διαϐάλλεις
543 910 642 981 μὲν
696 907 856 972 αὐτὰ,
933 903 1164 974 περιέχῃ
1211 902 1270 956 δὲ
1311 904 1387 967 ὡς
1425 902 1633 966 ἀϊδίων,
1688 903 1764 975 μὴ

1870 903 2095 976 gloriam
2135 902 2381 959 venando
2417 901 2508 958 illa
2544 900 2873 966 crimineris,
2912 899 3294 970 complecteris
3321 911 3448 954 vero

188 1005 376 1069 ἔλπιζε
411 1002 631 1073 ἀπατᾷν
679 1000 805 1061 τοὺς
841 995 931 1050 διά
950 995 1060 1050 τῶν
1111 994 1455 1066 πραγμάτων
1503 995 1765 1049 τάναντία

1873 1005 1932 1050 ιιι
1972 994 2248 1058 diuturna,
2297 1007 2430 1049 cave
2484 1003 2643 1064 putes
2684 1007 2779 1048 eos
2837 992 2931 1062 qui
2980 991 3048 1046 de
3095 991 3257 1047 rebus
3288 989 3443 1060 ipsis,

189 1096 342 1167 παρά
376 1093 470 1149 σοῦ
495 1089 936 1160 παιδευομένους.

1871 1094 2061 1143 contra
2096 1095 2260 1156 atque
2293 1095 2350 1141 tu
2391 1085 2648 1151 sentiant,
2685 1084 2967 1140 aberrare.

541 1204 657 1257 οΔι.
688 1228 756 1242 -
785 1197 1059 1268 ΣΕΡΗΝῼ
1082 1196 1409 1268 ΔιΑιιοΝᾳ.

2184 1192 2321 1251 DIV.
2360 1223 2432 1235 —
2473 1189 2748 1248 SERENO
2779 1185 3102 1248 DlACONO.

1067 1289 1339 1344 ﬂonorari
1370 1288 1488 1343 eis?
1523 1289 1774 1344 honorent
1805 1288 1994 1360 fugito.
2025 1284 2206 1358 (ϐοαί.
2237 1287 2386 1357 epist.
2413 1283 2568 1356 ΒΕ.)

263 1406 326 1461 Ei
357 1404 517 1474 δόξης
541 1404 695 1475 ἐρᾷς,
731 1400 1060 1471 καταφρόνει
1107 1397 1288 1468 δόξης,
1319 1398 1414 1452 καὶ
1444 1399 1566 1452 τότε
1595 1399 1768 1470 αὐτῆς

1940 1402 1998 1458 Si
2055 1401 2282 1473 gloriam
2332 1401 2582 1469 sectaris,
2634 1414 2754 1456 eam
2818 1398 2905 1454 lac
2963 1408 3323 1456 contemnas:
3375 1399 3441 1453 Sit

191 1495 577 1558 ἀπολαύσειας.
607 1493 914 1546 Φιλόνεικον
955 1491 1064 1561 γάρ
1095 1505 1212 1552 πως
1235 1489 1296 1542 τὸ
1325 1488 1433 1543 τῶν
1464 1489 1767 1560 ἀνθρώπιον

1873 1493 1966 1551 lict
1991 1503 2049 1549 ut
2069 1494 2161 1549 illa
2179 1494 2424 1565 potiaris.
2446 1492 2860 1549 Contentiosum
2887 1499 2972 1546 est
2995 1491 3140 1546 enim
3165 1490 3448 1547 hominum

187 1589 348 1657 γένος
380 1585 518 1651 εστὶ,
557 1585 653 1637 καὶ
688 1581 980 1676 πρδςεμὲν
1019 1580 1080 1634 τδ
1111 1577 1456 1651 ὑπεραυχοῦν
1501 1579 1770 1633 διακινδυ-

1873 1598 2065 1655 genus,
2091 1595 2148 1642 et
2193 1586 2261 1641 de
2314 1583 2629 1656 prastantia
2675 1582 2907 1639 libenter
2940 1581 3180 1638 dimicat.
3211 1580 3446 1638 Vincere

191 1675 370 1730 νεύειν
407 1674 580 1744 φιλεϊο
613 1673 750 1745 πρὸς
779 1669 919 1726 δϊτὺ
945 1670 1202 1725 ταπεινὸν
1233 1670 1352 1741 μεθ’
1380 1669 1573 1741 ἡδονῆς
1610 1669 1772 1724 σπέν-

1873 1674 2020 1730 enim
2049 1674 2231 1731 studet
2260 1689 2408 1740 eum,
2450 1673 2541 1744 qui
2583 1673 2825 1728 victoriae
2867 1671 3059 1729 inhiat.
3095 1670 3234 1729 Cum
3255 1671 3451 1742 jucun-

189 1767 379 1821 δεσθαι
409 1764 642 1833 πέφυκε.
673 1762 851 1833 Νικᾷν
887 1762 987 1833 μὲν
1016 1761 1125 1833 γάρ
1160 1758 1452 1826 σπουδάζει
1483 1759 1577 1814 τὸν
1610 1759 1768 1830 νίκης

1875 1763 2045 1820 ditate
2088 1771 2269 1818 autem
2321 1760 2640 1820 submittere
2680 1775 2740 1819 se
2791 1759 2891 1830 illi,
2943 1762 3035 1834 qui
3067 1761 3288 1819 vincere
3337 1775 3446 1817 non

191 1855 502 1925 ἰφιὲμενον,
537 1851 802 1924 ἡττᾶσθαι
837 1852 896 1906 δὲ
943 1853 1088 1922 φιλεῖ
1118 1851 1237 1924 μεθ’
1268 1851 1463 1923 ἡδονῆς
1503 1849 1583 1924 τῷ
1613 1850 1772 1923 νίκης
1803 1837 1816 1894 1

884 1866 896 1906 ι
943 1853 1088 1922 φιλεῖ
1118 1851 1237 1924 μεθ’
1268 1851 1463 1923 ἡδονῆς
1503 1849 1583 1924 τῷ
1613 1850 1772 1923 νίκης
1803 1837 1846 1894 Β
1875 1853 2172 1922 desiderat,
2205 1853 2509 1912 consuevit.

194 1947 275 2019 μὴ
309 1945 602 2017 ἐφιεμένῳ.

259 2052 385 2110 εει.
411 2080 484 2092 -
507 2051 553 2106 Τ
554 2050 664 2106 ΟΙΣ
701 2049 1086 2105 ΚΛΗΡΙΚΟΙΣ
1116 2049 1254 2105 ΤΟΥ
1283 2049 1706 2106 ΠΗΛΟΥΣΙΟΥ.

1551 2050 1706 2106 ΞΙΟΥ.
2185 2050 2298 2108 DV.
2346 2080 2418 2095 -—
2461 2047 2850 2110 PELUSIANO
2922 2049 3176 2111 CLERO.

1388 2143 1640 2216 Βοήθεια,
1677 2146 1818 2202 unde
1846 2144 2047 2204 Gracia
2095 2147 2261 2202 dicta.

281 2256 527 2313 Ἐοίκατε
561 2259 777 2328 ἀγνοεῖν
825 2256 886 2311 τὸ
913 2257 1015 2328 τῆς
1041 2255 1295 2328 βοηθείας
1325 2254 1518 2326 ὄνομα,
1541 2252 1678 2326 ὅπερ
1700 2253 1777 2308 εί-

1945 2252 2217 2310 Videmiui
2254 2254 2508 2326 ignorare
2536 2254 2792 2328 βοήθειας
2816 2263 3038 2328 etymon
3079 2255 3222 2328 quod
3252 2251 3459 2311 Graecis

199 2363 362 2419 ρηται
409 2348 560 2420 παρὰ
607 2349 669 2403 τὸ
709 2347 864 2419 μετὰ
907 2346 1067 2416 ,βοῆς
1125 2346 1311 2402 θέειν·
1356 2345 1454 2401 καὶ
1496 2345 1585 2400 διὰ
1620 2345 1780 2401 τοῦτο

1875 2345 2078 2402 dictum
2095 2344 2250 2418 παρά
2267 2344 2329 2400 τὸ
2354 2345 2496 2418 μετά
2509 2345 2639 2418 βοῆς
2665 2346 2831 2413 θέειν,
2861 2344 2934 2403 ad
2955 2361 3132 2402 uocem
3157 2361 3456 2403 accurrere.

199 2437 532 2510 βραδύτερον
553 2440 898 2512 ἀφικόμενοι,
928 2439 1021 2493 καὶ
1055 2438 1436 2509 σχολαιότερον
1473 2435 1782 2507 βαδίζοντες

1875 2436 2222 2508 Quapropter
2252 2437 2464 2495 tardius
2513 2452 2615 2495 vos
2643 2438 2964 2496 accedentes
2999 2447 3172 2508 atque
3212 2437 3462 2507 ignavius

196 2529 646 2600 ἀποτετυχήκατε
693 2530 794 2602 τῆς
824 2530 1015 2602 θήρας.
1056 2528 1119 2582 '0
1147 2527 1256 2600 γὰρ
1289 2527 1502 2600 δεηθεὶς
1531 2527 1632 2597 τῆς
1657 2528 1780 2580 im-

1875 2535 2187 2593 ourrentes,
2238 2526 2412 2584 feram
2447 2541 2555 2584 non
2611 2527 2858 2599 cepistis.
2908 2526 3013 2596 Qui
3066 2527 3213 2585 enim
3257 2527 3461 2584 auxilio

200 2618 452 2690 κουρίας,
493 2619 718 2693 θήραμα
765 2621 859 2674 καὶ
887 2619 1048 2691 ἔργον
1091 2620 1191 2690 τῆς
1221 2617 1333 2672 τῶν
1361 2615 1783 2673 ἐπιϐουλευσάν-

1879 2618 2180 2690 indigebat,
2204 2626 2427 2692 captura
2458 2629 2515 2676 et
2545 2635 2683 2693 opus
2714 2619 3092 2677 insidiantium
3120 2618 3463 2679 crudelitatis

195 2727 308 2764 των
337 2710 622 2782 ὠμότητος
646 2711 892 2780 γέγονεν.

452 2711 622 2782 ἱτητος
646 2711 892 2780 γέγονεν.
1881 2711 2077 2768 evasit.

700 2819 839 2886 οςν.
878 2847 948 2858 -
980 2814 1259 2887 mmo.
2272 2819 2438 2891 τοο
2458 2818 2597 2876 ονι.
2626 2849 2700 2862 -
2727 2819 3014 2878 anno.

839 2909 880 2961 Δ
915 2910 1106 2964 teneris
1133 2924 1431 2964 assuescere
1460 2907 1684 2962 multum
1711 2918 1788 2963 est
1818 2909 1876 2965 in
1919 2911 2132 2980 pietatis
2156 2912 2356 2967 studio.
2391 2909 2554 2985 (Vide
2573 2913 2728 2980 epist.
2759 2911 2841 2988 9.)

268 3023 397 3087 Τοῖς
445 3023 630 3078 παισὶν
670 3023 750 3076 ἔτι
779 3023 996 3094 νηπίοις
1015 3022 1395 3093 τυγχάνουσιν,
1427 3020 1644 3092 πρῶτον
1678 3022 1780 3092 μιν

1956 3022 2150 3078 Pueris
2195 3024 2492 3080 etiamnum
2537 3024 2742 3081 teneris
2767 3024 2837 3081 de
2888 3023 2986 3080 Dei
3038 3022 3356 3081 excellentia
3398 3038 3463 3080 ac

195 3114 292 3170 τὸν
336 3113 465 3185 περὶ
507 3114 605 3184 τῆς
649 3113 924 3185 ὑπεροχῆς
962 3131 1021 3166 τε
1064 3111 1158 3166 τοῦ
1197 3111 1334 3166 Θεοῦ
1373 3111 1468 3165 καὶ
1497 3112 1775 3182 προνοίας,
1809 3169 1820 3187 Α

1838 3163 1852 3187 ,
1883 3114 2246 3184 providentia,
2268 3126 2456 3185 postea
2510 3116 2578 3172 de
2603 3117 2810 3172 virtute
2862 3127 3134 3187 praecepta
3162 3125 3290 3172 sunt
3320 3116 3463 3173 inse-

413 3163 497 3258 Γδὲ
519 3163 625 3258 alii
936 3163 1151 3275 ἀρετιῆς
1311 3163 1780 3272 ιρετᾷοᾶἶ
1808 3169 1821 3220 1

1840 3163 1852 3187 .
1887 3163 2246 3184 τ--τ-νν---ων
2271 3163 2456 3185 τ--νν-
2512 3163 2578 3172 --
2616 3163 2809 3172 -------
2864 3163 3134 3187 ,ν---νινν-
3162 3163 3290 3172 -----
3320 3163 3439 3173 -----

1840 3203 1853 3225 '
1887 3205 2075 3271 renda,
2119 3215 2179 3261 ut
2225 3207 2547 3277 grandiores
2592 3206 2708 3277 jam
2753 3207 2882 3263 tacti
2945 3207 3000 3264 in
3045 3207 3307 3277 virosque
3352 3207 3465 3276 jam

196 3296 362 3365 λόγον
383 3311 396 3324 ·
431 3295 518 3349 ῐνα
554 3293 1016 3364 συναυξανόμενος
1045 3293 1140 3347 καὶ
1167 3292 1462 3363 συνανδρού
1471 3309 1633 3363 μενος
1657 3291 1778 3346 θεο-

1887 3293 2130 3363 formati,
2164 3309 2291 3350 cum
2342 3295 2436 3352 Dei
2491 3294 2698 3366 Optimi
2753 3295 2975 3352 Maximi
3036 3303 3304 3364 amantes,
3353 3305 3465 3352 tum

197 3389 377 3459 φιλεῖς
398 3388 492 3442 καὶ
514 3387 802 3459 ἐναρέτους
827 3385 1025 3457 ἀνδρας
1056 3383 1456 3439 ἀποτελέσειεν.

1005 3403 1025 3449 ς
1056 3383 1456 3439 ἀποτελέσειεν.
1885 3384 2098 3456 prediti
2133 3386 2363 3443 evadant
2391 3377 2630 3443 virtuteI

480 3497 598 3550 «ην.
636 3521 709 3535 -
738 3493 988 3564 znzmp
1021 3491 1492 3563 npsznr'rspp.

2112 3493 2276 3554 DVll.
2315 3525 2376 3538 -
2427 3493 2684 3551 ZOSIMO
2743 3493 3223 3554 PRESBYTERO.

1080 3581 1223 3637 Vilia
1253 3584 1542 3639 uerecunde
1566 3584 1988 3656 perstringenda.
2018 3585 2206 3657 (Supr.
2237 3588 2391 3656 epist.
2421 3587 2572 3659 £55.)

284 3697 484 3770 Ἐχρῆν
546 3697 646 3768 μὲν
691 3696 1086 3767 νεανικώτερον
1130 3695 1620 3771 ἐκτραγῳδηθῆναι
1672 3694 1773 3758 τάς

1956 3694 2256 3766 Oportebat
2281 3697 2579 3767 juvenilius
2614 3712 2678 3754 ac
2715 3699 3092 3756 vehementius
3148 3707 3268 3757 tuas
3298 3701 3472 3759 actio-

201 3789 305 3853 σάς
351 3788 602 3860 πράξεις,
648 3788 789 3858 τάχα
836 3787 940 3842 κᾶν
990 3785 1165 3849 οὕτως
1213 3785 1608 3857 ἑρυθριάσαις·
1661 3785 1777 3839 ἀλλ’

1884 3797 1983 3839 nes
2007 3785 2212 3854 tragice
2225 3784 2564 3856 exaggerari,
2585 3794 2648 3840 ut
2662 3787 2745 3841 sic
2765 3785 2904 3843 forte
2925 3787 3219 3844 erubescas
3241 3810 3253 3845 :
3279 3802 3470 3846 verum

197 3878 391 3950 ἐπειδὴ
412 3879 473 3933 οὐ
497 3879 604 3950 χρὴ
632 3878 760 3942 τοὺς
811 3876 1138 3947 σεμνότητος
1168 3874 1650 3946 ἀντιποιουμένους
1685 3892 1780 3945 μο-

1888 3876 2103 3946 quando
2123 3890 2230 3932 non
2253 3878 2410 3933 decet
2433 3877 2758 3950 gravitatem
2809 3877 3162 3949 praterentes
3214 3896 3346 3938 suas
3388 3884 3471 3938 in-

197 3971 381 4026 λύνειν
424 3969 637 4026 ἑαυτῶν
679 3968 779 4034 τὰς
822 3968 1100 4038 γλώττας,
1141 3967 1374 4037 τάχιστα
1433 3968 1528 4021 καὶ
1577 3967 1783 4038 εὐπρε-

1886 3967 2118 4037 quinare
2164 3967 2398 4039 linguas,
2445 3969 2828 4026 decentissima
2873 3971 3054 4041 potius
3098 3972 3467 4042 proferentur.

195 4062 443 4117 πέστατα
462 4062 756 4130 λελέξεται,
789 4063 872 4117 ὅτι
920 4060 1172 4134 μεγάλων
1202 4058 1389 4114 κακῶν
1429 4057 1604 4114 αἴτιαί
1641 4060 1780 4115 εἰσιν

1887 4055 2019 4124 Quae
2033 4057 2175 4113 enim
2203 4057 2352 4128 juxta
2378 4068 2623 4115 ventrem
2646 4057 2900 4116 libidines
2930 4069 3078 4130 sunt,
3103 4064 3464 4121 maximorum

197 4153 259 4207 αί
293 4151 431 4221 μετά
458 4154 702 4223 γαστέρα
728 4151 929 4224 ἡδοναί.

1883 4147 2154 4204 exsistunt
2185 4164 2364 4207 causa:
2395 4151 2686 4208 malorum.

386 4261 515 4316 «ιη’.
553 4293 624 4306 -
653 4259 1079 4331 ΘεοιιΕΜΠτο
1112 4226 1586 4328 ΠΡΕΣΒΥπΡο.
2026 4255 2219 4314 Dvm.
2249 4287 2312 4299 .-
2341 4259 2808 4320 THEOPEMPTO
2837 4260 3326 4321 PRESBYTERO.

196 4376 270 4434 In
292 4380 682 4435 concinnatores
719 4395 938 4453 quorum
969 4379 1076 4433 vita
1103 4378 1358 4453 doctrina
1381 4392 1483 4430 non
1513 4373 1808 4453 respondet.
1837 4371 2078 4453 Adillud
2107 4388 2126 4425 :
2157 4391 2177 4425 ε
2216 4369 2485 4453 mentite}
2514 4393 2637 4453 n_o_n_
2650 4378 2909 4453 faciunt.»
2942 4377 3162 4451 (Matth.
3193 4393 3357 4447 nul,
3389 4378 3470 4453 3.)

850 4446 1050 4518 Facere
1081 4463 1237 4517 quam
1268 4446 1440 4500 dicere
1469 4441 1634 4515 magis
1659 4443 1957 4513 persuadet.
1990 4441 2149 4514 (Sup.
2181 4445 2335 4514 epist.
2368 4445 2498 4512 213,
2531 4441 2660 4514 223,
2683 4447 2836 4516 365.)

275 4555 413 4611 Οῦτε
445 4557 601 4626 λόγος
621 4598 636 4622 ,
690 4556 814 4612 οὔτε
844 4557 1040 4628 σκῆψις
1089 4553 1442 4610 ὑπολείπεται
1491 4554 1604 4617 τοῖς
1630 4551 1778 4606 διδάο
1813 4539 1858 4594 θ

1848 4547 1858 4588 ⁸
1953 4551 2140 4623 Neque
2179 4555 2403 4620 .oratio,
2467 4569 2530 4611 ac
2564 4570 2633 4612 ne
2703 4557 2986 4613 excusatio
3020 4558 3239 4628 quidem
3273 4557 3473 4615 docere

200 4663 360 4702 σκειν
408 4648 506 4719 μὲν
555 4648 818 4720 τολμῶσι,
859 4646 1118 4702 τάναντία
1154 4647 1211 4699 δὲ
1242 4638 1317 4699 ὧν
1360 4645 1578 4713 λέγουσι
1611 4642 1784 4714 πράτο

1890 4643 2028 4699 alios
2073 4645 2221 4700 ausis
2285 4646 2471 4702 relicta
2513 4658 2618 4713 est,
2678 4648 2724 4704 si
2791 4656 2984 4704 contra
3060 4657 3224 4717 atque
3274 4647 3475 4705 docent

201 4754 381 4792 τουσι.
439 4737 578 4802 Τοὺς
636 4738 735 4810 μὲν
785 4737 894 4809 γὰρ
931 4739 1069 4809 μήτε
1118 4736 1478 4808 πράττοντας,
1523 4734 1662 4804 μήτε
1705 4733 1785 4786 δι-

1889 4735 2112 4791 faciant.
2145 4736 2248 4803 Qui
2273 4751 2402 4794 vero
2433 4753 2610 4810 neque
2640 4747 2828 4811 agunt,
2863 4753 3038 4808 neque
3055 4740 3252 4795 docere
3281 4753 3473 4810 aggre-

199 4827 428 4883 δάσκειν
472 4826 904 4901 ἐπιχειροῦντας,
941 4827 1089 4890 εἰκὸς
1120 4825 1493 4897 μετριωτέραν
1541 4825 1782 4893 amm-

1890 4826 2132 4897 diuntur,
2163 4842 2378 4899 poenam
2421 4830 2649 4886 daturos
2699 4830 3124 4887 tolerabiliorem
3178 4829 3473 4887 verisimile

202 4917 366 4989 οῆναι
414 4919 706 4990 τιμωρίαν.
756 4919 895 4984 Τοὺς
942 4919 1000 4972 δὲ
1045 4915 1511 4988 ὲνασρυνομένους
1557 4913 1657 4987 μὲν
1690 4912 1786 4968 ἐπὶ

1891 4932 1997 4979 est.
2040 4925 2112 4978 At
2161 4924 2254 4995 qui
2304 4919 2550 4981 docendo
2611 4940 2669 4982 se
2708 4923 2922 4995 iactant
2969 4935 3133 4996 atque
3169 4931 3471 4988 ostentant,

201 5007 287 5078 τῷ
340 5008 705 5079 διδασκαλικῷ
743 5009 910 5080 λόγῳ,
963 5009 1038 5081 μὴ
1087 5006 1378 5070 ποιοῦντας
1407 5005 1463 5060 δὲ
1511 5005 1548 5059 ἀ
1597 5021 1782 5075 φασιν,

1891 5027 2013 5084 quae
2040 5028 2172 5069 vero
2223 5013 2439 5080 docent,
2491 5031 2597 5070 non
2645 5023 2831 5086 agunt,
2864 5013 3257 5070 inexorabilem
3284 5014 3471 5070 venia-

204 5099 584 5171 ἀπαραίτητον
616 5100 713 5156 καὶ
737 5097 1147 5170 ἀσύγγνωστον.

1136 5139 1147 5154 .
1893 5117 2000 5174 que
2036 5114 2318 5162 carentem
2342 5119 2559 5176 poenam
2591 5105 2761 5161 luent.

719 5208 840 5264 φοι.
870 5240 941 5252 -
965 5208 1054 5279 To
1090 5207 1296 5278 ΔΥἹᾩ.

2417 5211 2556 5269 DIX.
2599 5241 2673 5253 —
2701 5209 2931 5269 EIDEII.

206 5317 417 5376 Bellum
439 5321 675 5392 spiritale
697 5321 943 5376 alacriter
963 5319 1172 5392 aggredi
1195 5320 1360 5384 decet,
1398 5320 1573 5374 divino
1600 5319 2047 5445 [τειιιιξιῶκετὶίίο.
2085 5319 2266 5391 Neque
2313 5325 2450 5379 enim
2482 5339 2547 5379 ea:
2585 5323 2856 5392 cepimus
2895 5323 3234 5379 multitudine
3272 5342 3478 5396 semper

1721 5407 1802 5445 mc
1860 5407 1963 5445 na.

1721 5406 1963 5446 σιειοηα.

280 5499 345 5552 Εἰ
374 5500 465 5554 καὶ
489 5501 614 5570 περὶ
643 5498 752 5552 τῶν
779 5500 1102 5571 σωματικῶν
1134 5498 1412 5570 πολέμων,
1443 5499 1504 5552 οὐ
1533 5500 1638 5571 χρὴ
1659 5501 1781 5564 τοὺς

1965 5503 2033 5558 Et
2069 5503 2115 5558 si
2155 5503 2293 5560 bello
2317 5503 2588 5574 corporali
2631 5518 2728 5561 eos
2770 5504 2864 5574 qui
2882 5504 3094 5560 viribus
3155 5505 3466 5575 superiores

211 5589 384 5662 μείζω
425 5591 650 5662 δύναμιν
698 5591 941 5662 ἔχοντας,
973 5593 1048 5655 ὡς
1080 5593 1322 5662 φανερᾶς
1359 5589 1524 5663 οὔσης
1559 5594 1660 5662 τῆς
1705 5593 1786 5646 νίο

1893 5602 2039 5660 sunt,
2073 5595 2227 5664 quasi
2271 5596 2344 5650 sit
2367 5603 2516 5652 certa
2537 5595 2788 5659 victoria,
2809 5609 2870 5651 se
2893 5595 3105 5665 jactare
3145 5611 3252 5650 non
3296 5599 3476 5652 decet.

213 5695 334 5748 ιιη-ς,
369 5680 830 5736 διαϐεϐαιοῦσθαι·
866 5684 1036 5736 πολλά
1068 5685 1176 5755 γάρ
1213 5683 1492 5756 παράδοξα
1525 5687 1790 5751 πολλάκις

1896 5685 2161 5741 Accidunt
2193 5687 2336 5743 enim
2366 5687 2454 5743 hic
2486 5686 2652 5744 multa
2699 5703 3072 5757 saepenumero
3119 5691 3395 5759 inopinata
3425 5700 3481 5744 et

212 5769 454 5837 ἰγὲνετνιθ
513 5774 601 5823 καὶ
638 5773 696 5822 ti:
733 5774 828 5840 μὲν
862 5769 1001 5839 εἶξαν
1038 5775 1196 5839 εὐθὺς
1235 5775 1578 5840 ἀνέλπιστον,
1629 5778 1704 5850 τῷ
1734 5781 1790 5833 δὲ

1899 5779 2174 5848 insperata
2213 5797 2224 5833 :
2277 5789 2331 5834 et
2357 5779 2574 5850 quidem
2613 5781 2800 5837 statim
2842 5783 3121 5850 recedere,
3165 5797 3258 5850 spe
3306 5789 3478 5836 caret.
