4114 6432
179 399 311 463 16-2!

171 519 376 584 ὁρμαῖς
421 512 821 584 χρησαμένους.
987 507 1041 558 δὲ
1105 503 1259 557 ταῦθ’
1304 503 1476 564 οῦτως
1513 503 1643 572 ἔχει,

174 600 320 669 μετά
365 602 523 670 νόμον
571 602 662 652 καὶ
703 599 859 668 χάριν
907 595 1213 658 πταίοντες,

172 693 392 746 ὁδεῦσαι
443 691 716 750 ἐθέλοντες
761 688 899 748 ὁδον,
930 686 1116 755 ὥσπερ
1153 688 1200 738 οἱ
1241 684 1460 738 παλαιοὶ
1491 683 1751 747 ὥδευσαν,

172 781 324 844 τίνος
355 781 572 851 τύχοιεν
607 778 760 831 ἐλέου
784 796 798 844 ;

632 977 778 1032 ots'.
827 1006 895 1016 -
928 977 1296 1044 ΑΝΛΤυΛΙῼ.

1074 386 1606 448 EPISTULARUM
1645 389 1791 446 LIB.
1832 388 1898 447 V.
1941 411 2012 421 —
2049 382 2287 441 EPIST.
2331 379 2540 438 DXIX.

1562 520 1643 572 εει,
1699 504 1747 554 οἱ
1785 525 1822 575 Α
1858 501 1922 552 ad
1958 499 2211 552 \irtutem
2242 497 2446 564 impetu
2479 499 2723 546 utantur.
2767 488 2898 554 Qum
2931 501 3052 539 cum
3089 485 3160 535 ita
3198 481 3325 546 sint,
3363 482 3455 550 qni

1260 596 1351 646 καὶ
1406 593 1538 663 μηδὲ
1587 592 1754 662 αὐτὴν

1871 600 1982 661 post
2028 591 2196 659 legem
2240 590 2583 659 gratiamque
2624 591 2874 652 peccant,
2911 595 2973 633 ac
3009 591 3075 631 ne
3104 575 3206 629 via:
3237 573 3457 644 quidem

3324 363 3457 428 1622

1862 682 1930 735 ab
1953 681 2062 735 illis
2087 681 2374 742 ordinatae,
2401 693 2562 746 quam
2588 672 2823 741 majores
2845 669 3017 743 nostri
3055 666 3283 738 ingressi
3313 671 3458 727 sunt,

1864 767 2049 828 volunt
2097 771 2376 835 insistere,
2408 782 2640 839 quanam
2688 764 2742 819 hi
2783 763 2930 833 digni
2966 756 3345 815 misericordia
3373 753 3458 806 vi-

1866 866 2095 919 deantur
2115 859 2139 918 ?

2332 967 2495 1027 DXV.
2534 996 2606 1008 --
2638 961 3001 1021 ANATOLIO.

1332 1063 1560 1117 Vitanda
1593 1063 1947 1131 improborum
1970 1063 2302 1118 commercia.

254 1178 382 1229 diem
434 1178 497 1230 σέ
550 1195 694 1242 τινες
729 1177 1032 1240 αἰτιῶνται,
1075 1177 1156 1230 ὅτι
1195 1174 1288 1238 οὓς
1335 1176 1432 1243 μὲν
1480 1173 1587 1226 οὐδ’
1625 1175 1753 1244 ὁρᾷν

175 1269 357 1336 θέμις,
416 1269 625 1332 τούτοις
678 1269 752 1330 ὼς
799 1270 993 1340 ἥδιστα
1054 1266 1253 1329 λαλεῖς.
1311 1258 1404 1328 Οἷς
1457 1265 1513 1318 δὲ
1572 1265 1753 1318 λαλεῖν

172 1374 474 1427 α’σχιστον,
501 1361 718 1425 τούτους
744 1361 994 1432 συνήθεις
1039 1359 1354 1430 πεποίηται.
1389 1356 1496 1420 Οὓς
1526 1356 1583 1410 δὲ
1617 1374 1759 1427 παρ-

174 1452 339 1509 όιτας
378 1454 543 1522 τιμᾷν
601 1453 829 1523 ἀτιμίας
888 1453 1056 1518 ἀξιον,
1119 1451 1341 1511 τούτους
1382 1450 1477 1501 καὶ
1526 1448 1764 1510 ἀπόντας

1933 1177 2209 1232 Accusant
2243 1183 2293 1229 te
2314 1173 2565 1243 quidam,
2610 1168 2754 1239 quod
2795 1178 2934 1235 quos
2967 1176 3033 1216 ne
3061 1159 3308 1230 aspicere
3341 1158 3463 1228 qni-

1865 1270 1985 1324 dem
2017 1267 2091 1324 sit
2121 1267 2224 1331 l'as,
2258 1280 2379 1320 cum
2413 1265 2478 1318 iis
2502 1275 2667 1331 quam
2693 1254 3075 1313 lubentissime
3107 1249 3460 1318 colloquaris.

1865 1358 1999 1415 Cum
2026 1360 2222 1429 quibus
2249 1371 2376 1413 vero
2398 1354 2635 1423 colloqui
2667 1350 3042 1420 turpissimum
3071 1345 3163 1411 sit,
3193 1343 3274 1396 his
3303 1339 3461 1395 fami-

1867 1452 2075 1507 liariter
2108 1450 2299 1505 utaris.
2335 1448 2482 1515 Quos
2514 1459 2640 1500 vero
2671 1448 2974 1512 praesentes
3001 1438 3273 1492 honorare
3302 1440 3462 1502 turpe

175 1544 422 1612 ἁταπᾷς.
469 1545 528 1597 ΕΞ
581 1546 757 1598 τοίνυν
807 1544 1168 1614 ἀληθεύουσι,
1203 1541 1577 1611 γνωσιμάχειο
1616 1542 1663 1593 εἰ
1708 1539 1764 1592 δὲ

1871 1544 1967 1609 sit,
2019 1545 2118 1599 hos
2169 1542 2296 1597 licet
2350 1541 2606 1596 absentes
2656 1536 2898 1592 adamas.
2963 1529 3128 1602 710
3183 1525 3465 1622 Resipisce

180 1633 283 1701 μὴ,
339 1635 528 1703 δήλου·
575 1637 662 1688 ἵνα
711 1635 1158 1704 ἐπιστομίσωμεν
1189 1635 1314 1696 τοὺς
1351 1635 1441 1685 ἐπὶ
1483 1634 1604 1695 ταῖς
1641 1634 1759 1694 σαῖς

175 1729 461 1792 διαϐολαῖς
500 1731 918 1800 ἁγαλλομένους.

414 1933 577 1999 φιεῖι.
618 1961 679 1971 -
726 1931 955 2002 nemo,
991 1931 1236 2001 ΠΕΤΡῼ,
1277 1928 1530 1999 name.

1867 1651 2018 1705 ergo,
2046 1635 2091 1689 si
2118 1649 2244 1688 vera
2274 1633 2347 1686 illi
2376 1640 2637 1696 narrant;
2673 1629 2755 1683 sin
2785 1640 2963 1684 secus.
2999 1621 3224 1677 ostende
3263 1616 3459 1672 falsum

1871 1707 2023 1792 esse,
2061 1733 2118 1778 ut
2158 1739 2219 1778 os
2272 1722 2338 1778 iis
2364 1722 2682 1778 obturemus
2713 1718 2803 1788 qui
2862 1716 2945 1769 his
2992 1715 3044 1768 in
3087 1723 3139 1766 tc
3173 1707 3463 1765 calumniis

1871 1816 2164 1871 exsultant.

2084 1922 2271 1977 DXVI.
2305 1952 2375 1963 -—
2414 1915 2598 1982 NILO,
2635 1912 2864 1971 PETRO
2897 1923 2948 1966 et
2991 1907 3243 1966 PAULO.

1551 2018 1626 2070 De
1649 2018 1916 2084 ratientia:
1941 2017 2095 2072 bona.

271 2131 338 2184 Ἥ
384 2131 476 2185 ἐπὶ
519 2134 637 2194 ταῖς
676 2130 898 2203 ὕϐρεσιν
946 2131 1267 2198 ἀνεξικακία
1313 2130 1431 2183 λίαν
1461 2130 1558 2197 τὴν
1587 2127 1763 2198 ψυχὴν

176 2221 416 2290 ὠφελεῖ·
447 2222 515 2293 ἢν
547 2225 594 2276 εί
625 2223 738 2292 (Ἡ)
773 2223 1156 2294 συμφέρουσαν
1191 2223 1289 2292 μὲν
1318 2221 1486 2291 ᾔδειν,
1520 2218 1763 2289 χαλεπὴν

179 2312 243 2364 δὲ
260 2311 540 2382 γενέσθαι,
559 2314 752 2385 κομιδῇ
777 2315 842 2367 ἂν
871 2315 1137 2385 ἠχθέσθην
1160 2317 1178 2335 ’
1209 2313 1282 2384 μὴ
1314 2315 1372 2366 τὸ
1405 2305 1504 2383 τῆν
1533 2309 1768 2382 προσοῦ-

183 2419 289 2456 σαν
315 2404 704 2474 πραγματείαν
745 2405 985 2473 φεύγειν,
1034 2408 1094 2458 τὸ
1139 2405 1413 2467 λυσιτελὲς
1465 2403 1761 2478 προέσθαι·

180 2495 235 2546 εί
280 2492 338 2546 δὲ
369 2494 462 2547 κα)⁸
493 2495 653 2566 ῥᾳδία
683 2498 775 2548 καὶ
804 2496 1055 2566 βελτίστη
1089 2497 1367 2565 τυγχάνει.
1410 2495 1482 2547 Τὸ
1521 2494 1630 2563 γὰρ
1664 2495 1763 2546 ἑπ-

183 2583 387 2648 εξιὲναι
412 2586 505 2637 καὶ
529 2585 784 2638 δύσκολον
810 2589 904 2639 καὶ
930 2587 1349 2658 ἐργωδέστερον,
1384 2586 1476 2639 καὶ
1499 2583 1764 2656 χειμῶνος

181 2674 286 2742 τὴν
319 2674 494 2744 ψυχὴν
524 2675 748 2746 πληροῖ’
787 2678 1010 2746 ἄμεινον
1041 2679 1100 2730 τὸ
1132 2678 1458 2746 φιλοσοφεῖν.

452 2872 593 2927 otz'.
630 2906 700 2914 —
739 2875 980 2944 notante
1022 2872 1503 2944 ΓΡΑΜΜΑΤΙΚῼ.

1941 2126 2203 2182 Patientia
2256 2121 2691 2193 injuriarumque
2746 2112 3035 2171 tolerantia
3087 2110 3268 2165 animo
3303 2108 3460 2160 valde

1867 2221 2120 2292 prodest;
2148 2233 2309 2288 quam
2341 2216 2386 2271 si
2417 2203 2601 2269 utilem
2622 2211 2840 2282 quidem
2867 2221 2989 2263 esse
3014 2203 3281 2266 sciebam,
3316 2196 3460 2255 dini-

1868 2290 2024 2368 eilem
2053 2324 2261 2375 tamen,
2294 2306 2518 2362 moleste
2539 2302 2633 2357 tuli
2654 2343 2668 2368 ,
2697 2299 2847 2370 quod
2888 2304 3213 2368 praesentem
3246 2290 3460 2360 fugiens

1868 2402 2272 2466 diﬂicultatem,
2306 2389 2728 2454 emolumentum
2756 2387 3210 2460 ejusamiserim,
3245 2383 3345 2438 etsi
3383 2380 3464 2434 fa-

1871 2495 2283 2569 cilis’bouaque
2322 2489 2599 2545 obveniat.
2657 2482 2860 2542 Ulcisci
2906 2481 3054 2537 enim
3100 2474 3355 2546 injuriam
3407 2481 3462 2527 et

1872 2566 2035 2654 grave
2058 2594 2139 2638 est
2162 2592 2215 2636 et
2246 2579 2600 2642 laboriosum,
2626 2575 2869 2628 animum
2896 2567 3226 2626 turbulentis
3249 2566 3464 2637 agitans

1874 2675 2135 2730 motibus.
2172 2669 2550 2740 Philosophari
2592 2668 2779 2738 itaque
2811 2666 3058 2732 beneque
3088 2661 3273 2714 vivere
3305 2656 3464 2728 longe

1871 2765 2236 2838 praestabilius
2263 2772 2366 2819 est.

2086 2868 2298 2926 DXVII.
2328 2898 2399 2908 -—
2436 2861 2740 2920 OPHELIO
2767 2851 3247 2916 GRAMMATICO.

908 2972 948 3022 A
975 2965 1282 3033 spectaculis
1307 2968 1661 3022 dehortandos
1691 2975 1860 3020 manu
1901 2965 2162 3030 homines,
2194 2977 2249 3019 ut
2277 2965 2429 3032 epist.
2460 2961 2587 3026 185,
2617 2955 2742 3013 186.

258 3074 322 3126 Εἰ
379 3074 439 3126 ἐν
492 3075 589 3142 μὲν
644 3076 709 3145 τῇ
751 3078 924 3146 σκηνῇ
975 3075 1207 3143 γελῶσιν
1269 3077 1319 3128 οἱ
1375 3073 1763 3146 φιλοθεάμονες

1943 3073 2000 3129 Si
2033 3074 2249 3143 quidem
2274 3073 2326 3127 in
2353 3086 2518 3128 scena
2547 3065 2832 3139 spectandi
2863 3059 3218 3132 perstudiosi,
3248 3056 3465 3112 mollius

181 3137 536 3232 ἁπαλώτερον
583 3137 947 3226 τοῦ-δέοντος,
982 3137 1040 3215 έν
1079 3165 1136 3215 δὲ
1167 3162 1244 3233 τῷ
1301 3137 1624 3232 ἱπποδρόμῴ
1675 3162 1764 3215 θυ⁴

1873 3137 2172 3234 (μεσπι-ραι·
2202 3165 2273 3220 sit
2302 3165 2538 3229 rideant,
2571 3137 2624 3214 in
2655 3154 2995 3214 circensibus
3023 3165 3151 3206 vero
3181 3148 3324 3204 ludis
3348 3161 3464 3202 am-

186 3255 415 3324 μοῦνται
433 3255 596 3307 πλέον
621 3254 652 3325 ἢ
679 3256 973 3325 προσῆκεν·
1007 3257 1122 3308 ἐκεῖ
1141 3255 1237 3325 μὲν
1264 3255 1368 3308 ὑπὸ
1394 3254 1501 3307 τῶν
1525 3254 1768 3325 αίσχρῶν

178 3347 477 3417 δραμάτων
505 3347 944 3416 ὲκθηλυνὸμενοι,
967 3346 1198 3399 ἐνταῦθα
1215 3345 1271 3398 δὲ
1295 3349 1415 3409 ταῖς
1444 3346 1552 3399 τῶν
1570 3347 1587 3366 '
1613 3347 1772 3417 ἁμίσλ-

181 3439 308 3502 λαις
349 3438 484 3507 πρὸς
532 3439 727 3508 μανίαν
760 3437 1225 3508 ὲκϐακχευόμενοι
1280 3438 1518 3507 (μικροῦ
1562 3439 1671 3509 γὰρ
1702 3438 1771 3492 τά

180 3530 296 3583 τῶν
329 3529 643 3600 κενταύριον
683 3529 972 3601 μιμοῦνται
992 3531 1030 3600 )·
1065 3530 1194 3583 πότε
1224 3531 1281 3583 ὲν
1309 3532 1378 3603 τῇ
1411 3531 1767 3603 προσηκούσῃ

183 3623 524 3675 καταστάσει
568 3621 933 3692 ὀφθήσονταις
993 3621 1191 3692 ἢπότε
1247 3621 1315 3675 τὰ
1360 3621 1588 3692 ἀνδράσι
1634 3621 1769 3692 πρέ-

184 3729 358 3766 ποντα
389 3711 672 3783 πράξειανς
700 3711 909 3764 Οὐκοῦν
931 3712 1037 3781 χρὴ
1054 3712 1162 3764 είτε
1194 3711 1390 3777 πειθοῖ,
1415 3713 1523 3764 εἴτε
1552 3711 1770 3785 ἀνάγκῃ

183 3804 394 3871 εἵργειν
442 3805 566 3865 τοὺς
592 3802 870 3865 τοιούτους
897 3803 1005 3854 ἀπὸ
1037 3801 1138 3870 τῆς
1170 3802 1428 3872 τοιαύτης
1454 3802 1746 3872 ἀκοσμίας.

481 3914 633 3966 om.
673 3943 740 3954 -
772 3911 1129 3984 ΛΛΜΠΕΤΙῼ
1163 3911 1482 3982 ΔΙΑΚΟΝῼ.

1871 3257 2014 3326 plius
2046 3269 2208 3324 quam
2248 3261 2463 3323 oportet
2503 3251 2854 3320 indignentur
2889 3268 2902 3302 :
2951 3244 3063 3299 illic
3091 3241 3311 3311 quidem
3349 3248 3464 3293 tur-

1871 3347 2020 3417 pium
2047 3343 2360 3415 spectaculo
2385 3340 2655 3406 enervati,
2684 3340 2774 3394 hic
2801 3351 2930 3393 vero
2952 3331 3342 3391 certaminibus
3372 3328 3468 3384 de-

1874 3438 2099 3491 mcntati
2153 3435 2468 3504 (centauros
2515 3434 2660 3489 enim
2718 3427 3108 3501 propemodum
3161 3420 3465 3488 imitantur)

1873 3529 2091 3600 quando
2123 3537 2419 3583 cernentur
2458 3526 2510 3580 in
2546 3534 2692 3580 statu
2723 3518 2981 3578 decenti?
3022 3516 3104 3572 vel
3133 3515 3265 3569 viris
3301 3513 3462 3583 digna

1875 3625 2091 3693 quando
2125 3620 2400 3678 fecerint?
2456 3626 2634 3673 nonne
2682 3615 2850 3684 igitur
2884 3616 3135 3681 oportet,
3181 3607 3297 3662 sive
3334 3617 3463 3675 pcr-

1874 3714 2158 3779 suasione,
2189 3712 2304 3767 sive
2337 3707 2665 3783 necessitate
2689 3703 2870 3760 arceri
2920 3700 3058 3757 tales
3088 3713 3120 3753 a
3147 3712 3208 3754 re
3232 3703 3343 3753 tam
3375 3693 3464 3749 in-

1875 3803 2072 3857 decora
2099 3804 2123 3856 ?

2137 3909 2371 3966 DXVlll.
2403 3938 2476 3950 —-
2510 3902 2865 3962 LAMPETIO
2887 3896 3211 3958 DIACONO.

691 4008 1003 4066 Constantia
1034 4019 1083 4060 et
1113 4010 1355 4061 censoria
1384 4009 1617 4076 gravitas
1643 4010 1756 4062 sine
1785 4017 1999 4062 austera
2038 4018 2086 4063 et
2109 4008 2285 4078 rigida
2305 4005 2612 4061 morositate
2636 4001 2933 4057 laudanda.

263 4118 429 4172 Ὂταν
457 4133 564 4180 τις,
599 4111 643 4170 ὦ
693 4118 884 4184 σοφίας
925 4115 1194 4185 αὐτοφυὲς
1224 4114 1468 4184 ἄγαλμα,
1501 4113 1630 4169 ἄνευ
1666 4113 1764 4185 μὲν

183 4208 528 4279 προπετείας
559 4207 870 4276 παρέχηται
903 4207 964 4259 τὸ
1002 4207 1265 4277 ἀνδρεῖον,
1297 4205 1424 4259 άνευ
1464 4205 1521 4258 δὲ
1553 4203 1766 4275 ὕϐρεως

182 4299 250 4353 τὸ
273 4297 532 4369 βλοσυρόν
551 4314 564 4329 ο
597 4298 691 4350 καὶ
717 4299 778 4349 τὸ
803 4297 902 4366 μὲν
930 4301 953 4348 ὲ
963 4297 1186 4368 μϐριθὲς
1213 4296 1518 4367 καθαρεῦον
1541 4297 1765 4365 στυγνό-

183 4404 370 4459 τητος,
407 4389 466 4441 τὸ
495 4388 550 4440 δὲ
583 4387 799 4458 σῶφρον
845 4387 944 4441 ούκ
977 4388 1365 4458 ἀπάνθρωπον,
1401 4386 1516 4440 ἀλλ’
1540 4388 1767 4458 ἀρρήτῳ

1944 4118 2080 4173 Cum
2135 4118 2293 4188 quis,
2356 4132 2390 4172 ο
2435 4113 2712 4184 sapientiae
2762 4108 2998 4182 genuina
3073 4105 3282 4176 imago,
3344 4102 3466 4159 sine

1875 4204 2071 4274 lingua:
2115 4204 2412 4275 petulantia
2462 4203 2660 4256 fortem
2706 4214 2767 4255 se
2811 4203 3085 4260 ostentet,
3120 4202 3175 4250 et
3227 4193 3463 4262 rigorem

1874 4296 2080 4366 absque
2118 4295 2401 4361 conviciis,
2430 4304 2486 4349 et
2519 4292 2846 4364 gravitatem
2879 4287 3124 4344 molestia
3156 4293 3459 4346 carentem,

1875 4388 2288 4457 temperantiam
2316 4401 2445 4443 vero
2474 4399 2580 4440 non
2611 4385 2990 4446 inhumanam,
3026 4379 3121 4435 sed
3157 4376 3462 4449 inexplica-

186 4478 529 4550 κεκραμένον
580 4479 930 4550 φαιδρότητι·
971 4480 1092 4531 τότε
1129 4477 1375 4548 καθαρὰς
1408 4479 1515 4531 τῶν
1557 4478 1764 4533 κακιῶν

1873 4479 1964 4534 bili
1991 4481 2204 4534 mistam
2232 4479 2517 4540 hilaritati,
2545 4487 2673 4532 tunc
2700 4477 2792 4547 qui
2823 4490 2987 4546 puras
3002 4484 3057 4528 et
3084 4473 3283 4529 illaesas
3307 4470 3459 4527 omni

187 4570 299 4622 τῶν
326 4569 804 4642 παραπεπηγυιῶν
835 4572 954 4633 ταῖς
975 4571 1214 4641 ἀρεταῖς,
1247 4570 1417 4632 αὑτὰς
1447 4569 1546 4634 τὰς
1563 4570 1766 4642 ἀρετὰς

187 4659 657 4732 ἐπιδεικνύμενος,
689 4661 929 4732 ἀοίδιμος
959 4661 1111 4714 ἔσται
1147 4661 1241 4714 καὶ
1269 4659 1518 4729 εὐκλεής.

412 4765 557 4819 ΦΙΘθ.
597 4795 667 4806 —-
693 4765 1080 4836 ΣΤΡΑΤΗΙΊῼ
1120 4766 1543 4821 ΜΟΝΑΖΟΝΤΙ.

1877 4569 2130 4623 vitiorum
2169 4567 2408 4624 conﬁnio
2439 4568 2670 4622 virtutes
2699 4565 2956 4630 exhibet,
2987 4562 3203 4620 celeber
3247 4562 3355 4617 erit
3408 4570 3462 4617 et

1879 4661 2162 4730 gloriosus.

2106 4767 2294 4823 DXIX.
2334 4797 2407 4808 —
2459 4763 2855 4823 STRATEGIO
2891 4760 3244 4820 MONAtlllO.

851 4853 860 4863 '
903 4878 1269 4940 [inproborum
1302 4879 1517 4946 fraudes
1560 4881 1756 4935 homini
1781 4883 2005 4952 sapienti
2037 4883 2418 4952 deprehendere
2446 4883 2604 4954 facile
2639 4892 2738 4936 est.

266 4989 327 5044 El
372 4991 466 5043 καὶ
516 4990 622 5042 εἰσί
649 5006 796 5052 τινες
840 4989 1002 5043 δεινοὶ
1048 4989 1148 5059 μὲν
1186 4989 1505 5053 ἀπατῶντες
1555 4989 1760 5056 λαθεῖν,

193 5081 361 5135 δεινοὶ
396 5080 452 5133 δὲ
496 5079 842 5150 φωραθέντες
876 5078 1377 5151 παραλογίσασθαι⁶
1428 5080 1542 5133 ἀλλ’
1575 5083 1603 5133 ὁ
1653 5080 1773 5134 θεο-

195 5168 358 5239 φιλὴς
402 5169 667 5238 κρείττων
704 5169 910 5223 τούτων
964 5169 1300 5241 εὑρίσκεται.
1351 5170 1521 5240 Σοφὸς
1566 5170 1665 5242 μὲν
1697 5170 1774 5226 ὢν

196 5259 426 5314 συνιδεῖν
454 5261 551 5328 τὴν
582 5261 818 5330 ἀπάτην,
852 5261 1158 5331 σοφώτερος
1188 5260 1245 5314 δὲ
1271 5260 1542 5330 διελέγξαι
1575 5261 1676 5332 τὴν
1715 5263 1773 5316 ὲν

193 5353 307 5413 τοῖς
337 5351 512 5420 λόγοις
535 5352 918 5423 κρυπτομένην
945 5351 1248 5424 δεινότητα.

1942 4996 2056 5053 Etsi
2100 4998 2320 5068 quidam
2371 4997 2624 5054 industrii
2654 4997 2763 5052 sint
2797 4995 2848 5049 in
2881 4993 3004 5047 aliis
3032 4982 3245 5047 occulte
3269 4987 3464 5044 fallen-

1875 5090 1980 5155 dis,
2032 5105 2188 5145 acres
2221 5092 2383 5145 etiam
2414 5105 2540 5147 cum
2576 5089 2686 5144 sint
2731 5085 3057 5156 deprehensi
3104 5083 3155 5138 in
3205 5097 3264 5138 se
3294 5096 3460 5136 excu-

1874 5179 2078 5246 santlis,
2129 5179 2243 5235 Deo
2273 5181 2474 5236 cbarus
2514 5178 2600 5233 bis
2637 5175 2893 5231 omnibus
2923 5173 3142 5229 exsistit
3179 5171 3454 5241 superior.

1876 5269 2118 5327 Prudens
2150 5273 2364 5341 quidem
2397 5269 2662 5324 fallaciam
2694 5261 3459 5337 cognoscendo,_prudentior

1876 5377 2002 5416 vero
2064 5363 2115 5415 in
2178 5363 2514 5424 rationibus,
2568 5358 3020 5428 captionibnsque
3066 5354 3296 5412 occultis
3363 5353 3459 5407 de-

1875 5450 2174 5507 ﬂectendis.

1290 5577 1522 5633 VARIE
1573 5579 1961 5638 LECTIONES
2004 5583 2090 5637 ET
2119 5583 2354 5640 ΝΟΤᾸΞ.

269 5694 383 5762 (54)
441 5694 678 5768 Eldante
731 5693 970 5768 συμφέρ.
1025 5705 1225 5768 mutant
1286 5694 1463 5768 ἰηιμὴ
1504 5696 1664 5754 codd.
1705 5695 1764 5750 Vt

1874 5698 1978 5753 650
2018 5710 2070 5752 et
2113 5700 2219 5755 Alt.
2266 5697 2418 5755 Vers.
2457 5698 2491 5753 5
2522 5712 2620 5768 pro
2649 5696 2912 5764 προέσθαι
2960 5695 3073 5753 Alt.
3124 5695 3361 5765 suggerit
3402 5695 3456 5749 in

195 5779 438 5833 margine
469 5765 623 5818 alium
655 5763 934 5819 lectionem
974 5764 1297 5836 προσῆσθαι.
1336 5763 1548 5817 Possm.
