4114 6434
752 382 884 448 1631
1935 382 1994 432 S.
2041 382 2226 431 ιδιυι

814 491 977 565 ’115
1006 493 1182 549 DXLI.
1227 524 1298 535 —-
1325 483 1716 546 ATIlANASlO
1754 476 2226 538 PRESBYTERO.

1935 373 1994 432 S.
2041 367 2333 431 ISIDORI
2367 363 2806 428 PELUSIOTJE

2338 492 2387 542 Δ

3833 357 3970 428 ιω

2603 475 2783 529 οων.
2814 501 2884 515 -ο
2922 469 3261 544 ΑθΑΝΑειᾳ
3286 466 3752 540 nemo.

2084 592 2453 662 Philosophari
2486 590 2633 661 quid.

814 715 1092 786 Siquidem
1139 729 1248 770 non
1297 712 1469 768 videri
1513 708 1900 782 philosophari,
1933 714 1992 760 ut
2028 705 2132 768 ais,
2162 703 2304 773 opti-

741 825 886 863 mam
910 823 1032 865 esse
1060 809 1346 864 arbitraris
1386 802 1803 877 philosophandi
1844 799 2134 865 rationem,
2165 797 2306 852 bene

744 899 928 954 habet.
983 899 1040 954 Si
1082 913 1210 955 vero
1252 896 1576 968 principium
1621 892 1866 965 ignavia.
1905 896 1960 945 et
2003 895 2305 944 commuta-

750 992 953 1045 tionem
986 990 1248 1046 institutae
1274 991 1402 1045 vita:
1430 987 1750 1057 imaginatus
1786 981 1916 1038 illud
1949 979 2188 1050 speciose
2220 977 2307 1047 ja-

743 1080 923 1146 ctasti,
950 1080 1179 1148 pessima
1209 1094 1268 1134 es
1293 1093 1420 1134 usus
1442 1075 1730 1132 sententia.
1761 1073 1926 1130 Recte
1952 1070 2096 1126 enim
2122 1068 2306 1124 vivere

746 1169 920 1232 decet,
959 1181 1062 1220 non
1110 1167 1175 1220 ad
1209 1164 1627 1221 ostentationem
1677 1169 1734 1217 et
1778 1174 2053 1232 pompam.
2095 1158 2150 1213 Si
2182 1157 2305 1228 quis

745 1254 912 1325 igitur
963 1255 1187 1324 ignaviae
1228 1254 1505 1310 convictus
1545 1253 1648 1309 hoc
1693 1251 1835 1311 idem
1876 1251 2058 1307 dicere
2106 1249 2301 1305 erube-

746 1357 905 1400 scens
937 1345 1169 1413 primum
1211 1344 1336 1400 inde
1370 1344 1618 1414 cmperit,
1649 1357 1716 1399 ne
1749 1340 2120 1412 philosophari
2153 1339 2305 1394 vide-

743 1439 921 1496 retur,
976 1439 1162 1500 postea
1204 1431 1428 1488 desierit
1472 1431 1526 1486 in
1561 1446 1652 1498 eo,
1694 1438 1753 1485 ut
1789 1429 2011 1486 omnino
2050 1443 2157 1485 non
2192 1429 2308 1499 phi-

745 1520 1146 1589 iosopharetur,
1184 1522 1460 1580 meliorem
1493 1523 1538 1578 is
1562 1521 1861 1578 ostenderit
1889 1536 2034 1586 eum,
2067 1519 2159 1591 qui
2189 1534 2308 1574 ma-

747 1611 1005 1668 nil‘estare
1045 1615 1271 1680 studuit,
1304 1630 1364 1670 se
1405 1613 1821 1685 philosophandi
1868 1613 2109 1669 studium
2147 1621 2308 1670 antea

745 1709 1034 1757 εεειειυηι.

967 1807 1170 1867 DXLII.
1198 1840 1270 1854 -
1296 1809 1568 1867 DANIELI
1606 1805 2080 1868 PRESBYTERO.

2481 701 2546 754 Ei
2578 700 2677 770 μιν
2710 699 2770 752 τὺ
2823 698 2897 769 μὴ
2934 698 3111 751 δοκεῖν
3140 695 3466 766 φιλοσοφεῖν,
3495 695 3572 758 ὡς
3596 692 3723 764 φὴς,
3755 689 3967 762 φιλοσο-

2413 791 2540 862 φίαν
2572 791 2800 861 ἀρίστην
2823 785 2958 843 εῖναι
3003 789 3309 858 νενόμικας,
3332 777 3392 840 εὖ
3421 784 3486 839 ἀν
3511 785 3624 856 ἔχοι
3643 799 3658 814 ·
3690 784 3740 838 εί
3789 782 3848 836 δὲ
3868 781 3966 852 ἀρ-

2413 884 2514 955 χὴν
2550 883 2850 955 ῥᾳθυμίας,
2882 880 2976 936 καὶ
3006 879 3305 952 μεταϐολὴν
3335 869 3605 943 πολιτείας
3625 874 3967 947 φαντασθεῐς,

2412 973 2571 1028 τοῦτο
2607 970 3058 1043 ητεκομψεὺσω,
3092 971 3330 1044 κακίστη
3357 969 3552 1042 γνώμη
3579 971 3820 1039 ἐχρήσω.
3849 968 3964 1038 Χρὴ

2414 1064 2514 1136 μὶν
2540 1064 2648 1135 γάρ
2676 1063 2854 1134 ὀρθῶς
2873 1102 2889 1127 ,
2927 1063 3022 1117 καὶ
3058 1061 3133 1132 μὴ
3162 1061 3303 1132 πρὸς
3340 1059 3595 1124 ιπίδειξιν
3617 1057 3789 1129 βιοῦν.
3819 1057 3885 1111 Εἰ
3911 1055 3966 1110 δέ

2409 1174 2496 1222 τις
2521 1156 2682 1218 ἀλοὺς
2714 1152 2976 1226 ῥᾳθυμίᾳ,
3006 1152 3138 1208 αὐτὸ
3161 1151 3318 1207 τοῦτο
3342 1150 3607 1222 ἐρυθριῶν
3632 1150 3833 1212 είπεῖν,
3859 1147 3963 1204 ἀπὸ

2409 1241 2504 1299 τοῦ
2537 1243 2611 1315 μὴ
2635 1241 2782 1308 δόξαι
2811 1242 3118 1311 φιλοσοφεῖν
3147 1239 3471 1312 ἀρξάμενος,
3517 1241 3598 1304 είς
3627 1239 3690 1294 τδ
3729 1239 3970 1310 μηδόλως

2408 1334 2712 1405 φιλοσοφεῖν
2727 1333 3119 1404 τελευτήσειεν,
3143 1333 3402 1404 ἀμείνονα
3421 1331 3706 1398 ἐπιδείξειε
3723 1331 3819 1384 τδν
3840 1329 3966 1384 αὑτδ

2407 1423 2563 1479 τοῦτο
2595 1423 2973 1480 σπουδάσαντα
3023 1422 3308 1489 ἐπιδεῖξαι,
3340 1422 3423 1476 ὅτι
3479 1420 3791 1492 φιλοσοφεῖν
3837 1435 3969 1490 προσ

2407 1515 2630 1590 ᾕρηται.

2649 1810 2828 1866 σιω.
2857 1839 2928 1852 -
2946 1808 3208 1865 unum
3237 1805 3708 1877 ΠΡΕΣΒΥΤΕΡῼ.

1529 1900 1717 1958 Gratia
1747 1919 1851 1960 non
1886 1903 2288 1973 corrumpenda,
2324 1907 2414 1962 sed
2441 1905 2711 1978 referenda
2739 1913 2966 1972 tmpore
2987 1903 3181 1958 alieno.

811 1999 1053 2059 Gratiam
1103 2006 1453 2075 rependendo
1495 2015 1741 2063 mutuum
1780 2007 1834 2063 in
1888 2008 2051 2064 rebus
2088 2005 2309 2076 iniustis

743 2090 924 2148 vitiari
965 2093 1188 2151 minime
1233 2097 1508 2152 convenit.
1558 2095 1661 2165 Qui
1721 2097 1866 2153 enim
1902 2097 2049 2168 juste
2087 2098 2304 2168 quidem

741 2180 978 2248 adjutus,
1005 2183 1057 2236 in
1087 2182 1306 2252 injustis
1335 2199 1465 2242 vero
1494 2186 1656 2242 rebus
1693 2185 1972 2241 auxilianti
2011 2186 2303 2254 succurrit,

742 2267 948 2337 injuste
969 2270 1170 2340 justam
1204 2275 1502 2346 corrumpit
1528 2276 1783 2348 gratiam.
1806 2276 2045 2347 Mihique
2069 2277 2303 2345 videtur,

741 2360 831 2428 qui
878 2375 985 2416 non
1031 2362 1105 2416 ita
1149 2366 1430 2434 rependit,
1485 2366 1780 2423 benevolus
1829 2382 1969 2426 esse.
2013 2367 2118 2436 Qui
2161 2371 2306 2424 enim

734 2450 941 2519 justum
978 2453 1207 2526 adeptus
1244 2458 1502 2514 auxilium
1546 2471 1653 2522 est,
1686 2458 1835 2529 juste
1858 2475 1957 2532 par
1991 2460 2196 2518 referre
2221 2465 2309 2520 de-

741 2535 852 2605 bet,
889 2550 950 2595 ut
976 2545 1164 2613 gratia
1191 2558 1303 2603 suae
1347 2557 1592 2606 servetur
1628 2549 1939 2620 appellatio.
1971 2552 2075 2608 Sed
2117 2565 2294 2622 neque

740 2628 817 2684 illi
846 2632 936 2700 qui
968 2632 1022 2686 in
1066 2633 1228 2690 licitis
1257 2636 1625 2706 benefaciunt,
1671 2640 1725 2694 in
1772 2641 1979 2698 illicitis
2021 2653 2167 2700 recte
2209 2659 2298 2701 re-

740 2722 1163 2780 munerationem
1192 2734 1400 2796 petunt,
1426 2743 1600 2798 neque
1617 2741 1674 2785 ut
1695 2731 1890 2803 ingrati
1909 2735 2309 2804 reprehenden-

739 2808 816 2876 di,
848 2811 940 2884 qui
964 2812 1149 2870 illicita
1179 2830 1286 2872 non
1312 2821 1633 2889 rependunt.

913 3007 1142 3070 DXLIH.
1211 3045 1258 3056 -
1288 3015 1518 3074 PETRO
1555 3019 1760 3076 REMP.
1801 3021 2124 3080 GERENTI.

2479 2011 2555 2066 Οὐ
2588 2009 2695 2084 χρὴ
2745 2008 3100 2081 λυμαίνεσθαι
3130 2008 3227 2072 τὰς
3273 2008 3501 2079 χάριτας
3545 2005 3623 2078 τῷ
3655 2007 3712 2059 ἐν
3763 2004 3966 2068 ἀδίκοις

2411 2103 2729 2175 πράγμασιν
2775 2099 3180 2156 ἀνταποδιδόναι
3223 2098 3322 2162 τάς
3368 2097 3618 2169 ἀμοιϐάς.
3665 2096 3724 2150 '0
3753 2094 3863 2166 γὰρ
3888 2094 3965 2148 διο

2412 2193 2585 2259 καίως
2617 2193 2718 2265 μὶν
2756 2192 3061 2265 βοηθηθεὶς,
3110 2192 3170 2244 ιν
3214 2191 3419 2255 ἀδίκοις
3462 2189 3520 2244 δὲ
3568 2187 3858 2261 πράγμασι
3893 2186 3968 2256 τῷ

2415 2287 2742 2360 βοηθήσαντι
2797 2285 3112 2357 ἀπαμύνων,
3161 2283 3221 2336 οὐ
3261 2281 3484 2346 δικαίως
3538 2280 3752 2334 δικαίαν
3810 2280 3968 2350 χάριν

2411 2375 2750 2447 διαφθείρει.’
2766 2374 2876 2428 Καί
2909 2390 2997 2444 μοι
3046 2371 3192 2427 δοκεῖ
3231 2375 3259 2426 ὁ
3294 2371 3369 2443 μὴ
3400 2369 3540 2424 οὑτω
3595 2367 3966 2448 ἀμειψάμενος

2413 2467 2711 2540 εὐγνώμων
2741 2461 2917 2542 εῖναι.
2940 2465 2999 2519 Ὀ
3028 2465 3137 2536 γὰρ
3162 2463 3377 2527 δικαίας
3426 2461 3742 2529 ἐπικουρίας
3769 2455 3965 2529 τυχὼν,

2410 2557 2631 2621 δικαίως
2653 2556 2746 2611 καὶ
2773 2555 2870 2626 τὴν
2899 2554 3132 2625 ἀμοιϐὴν
3157 2552 3444 2608 ἀποδοῦναι
3468 2550 3689 2621 ὀφείλει,
3735 2549 3823 2603 ῖνα
3853 2564 3960 2602 σω-

2411 2647 2531 2718 θείη
2569 2647 2669 2719 τῆς
2712 2647 2934 2720 χάριτος
2971 2649 3005 2718 ἠ
3042 2645 3397 2718 προσηγορία.
3451 2643 3610 2698 Ἀλλά
3651 2641 3786 2712 μηδὲ
3822 2642 3873 2694 oi
3905 2641 3963 2692 iv

2411 2734 2492 2803 οἷς
2525 2739 2682 2810 θέμις
2733 2739 3214 2809 εὐεργετήσαντες,
3244 2738 3302 2790 ὲν
3325 2731 3407 2800 οἷς
3436 2735 3510 2807 μὴ
3538 2735 3695 2804 θέμις
3718 2731 3964 2788 ἀπαιτεί·

2411 2847 2592 2885 τωσαν
2636 2829 2734 2894 τὰς
2776 2827 3034 2900 ἀμοιϐὰς,
3069 2827 3206 2900 μηδὲ
3258 2828 3581 2900 ἀχαρίστους
3637 2824 3966 2881 καλείτωσαν

2412 2922 2540 2985 τοὺς
2560 2921 2619 2975 ὲν
2637 2914 2718 2984 οἷς
2754 2919 2827 2991 μὴ
2858 2919 3033 2986 ἔξεστι
3068 2918 3144 2990 μὴ
3172 2918 3596 2990 ἀμειψαμένους.

2635 3028 2813 3084 cur.
2834 3057 2904 3068 —
2931 3026 3161 3099 ΠΕΤΡῼ
3181 3025 3737 3097 ΠΟΛΙΤΕΥΟΜΕΝῼ.

734 3123 778 3179 Α
805 3122 1062 3196 legatione
1089 3126 1223 3196 {also
1249 3131 1387 3186 obita
1422 3134 1676 3190 abstinere
1698 3136 1870 3211 jubet,
1900 3136 2052 3206 cujus
2080 3135 2331 3193 ιΕεοΙιίηι

2444 3144 2658 3190 accusat
2715 3133 3079 3191 Demosthenes
3119 3146 3256 3190 orat.
3281 3136 3421 3204 Περὶ
3467 3134 3962 3208 παραπρεσϐείας,

805 3227 999 3285 Missus
1043 3244 1103 3287 es
1141 3234 1209 3288 ad
1251 3237 1668 3307 expediendum,
1712 3255 1819 3296 non
1856 3241 1925 3297 ad
1963 3241 2305 3297 vendendum
2334 3237 2378 3296 Ο

735 3319 1026 3372 commissa
1052 3323 1285 3391 negotia,
1313 3324 1636 3394 legationem
1664 3329 1912 3386 obiturus
1931 3346 2038 3388 non
2067 3331 2255 3388 falsam
2279 3351 2294 3387 :

735 3415 791 3460 et
843 3410 1251 3480 emendaturus,
1309 3429 1419 3470 non
1469 3433 1780 3476 eversurus.
1827 3420 1908 3478 Ne
1953 3423 2116 3494 igitur
2151 3423 2299 3478 falsa

737 3499 896 3554 obita:
939 3502 1224 3572 legationis
1262 3511 1535 3566 accuseris
1573 3514 1692 3566 veni
1738 3515 1920 3570 statim
1957 3524 2009 3572 te
2045 3514 2302 3572 defensu-

739 3603 861 3655 rus,
890 3600 944 3646 et
972 3592 1322 3662 ignominiam
1355 3597 1652 3657 deleturus.

931 3699 1156 3760 DXLIV.
1187 3733 1258 3746 —-
1285 3702 1580 3764 OPHELIO
1618 3707 2095 3768 GRAMMATICO.

2496 3241 2813 3313 Ἐπέμφθης
2849 3241 3063 3296 ἀνύσων
3093 3243 3153 3296 οὐ
3188 3242 3536 3315 προξενήσων
3580 3246 3690 3306 τοῖς
3719 3244 3963 3313 πέμψασι

2405 3333 2725 3404 πράγματα·
2755 3333 3134 3405 πρεσϐεύσων,
3163 3334 3224 3388 οὺ
3269 3334 3796 3406 παραπρεσϐεύσων·
3831 3351 3963 3388 κατ-

2405 3424 2681 3492 ορθώσων,
2721 3425 2782 3478 οὐ
2819 3424 3228 3497 καταστρέψων.
3264 3426 3379 3499 (57)
3406 3427 3520 3480 Ἶνα
3545 3423 3638 3480 οὖν
3669 3427 3745 3498 μὴ
3793 3443 3963 3498 παρα·

2407 3514 2703 3586 πρεσϐείας
2760 3515 3059 3586 ὑποσταίης
3121 3515 3358 3591 γραῷην,
3398 3513 3504 3590 ἧκε
3548 3519 3648 3589 τὴν
3702 3520 3960 3588 ταχίστην

2404 3604 2872 3675 ἀπολογησόμενος
2897 3644 2913 3670 ,
2947 3606 3040 3659 καὶ
3073 3605 3170 3678 τὴν
3205 3607 3420 3672 ἀδοξίαν
3449 3609 3876 3679 ἀποτριψάμενος

2657 3713 2830 3768 ΦΜΔ’.
2864 3741 2936 3753 -
2965 3712 3209 3785 ΩΦΕΛΙῼ
3237 3714 3710 3787 ΓΡΛΜΜΑΤΙΚῼ.

1744 3802 1874 3867 Qua:
1898 3803 2061 3857 uirtus
2099 3801 2373 3859 Historias.
2401 3800 2622 3873 (Similis
2651 3802 2802 3868 epist.
2834 3802 2982 3873 450.)

807 3899 1056 3966 Maxima,
1080 3917 1114 3958 ο
1143 3907 1336 3973 amice,
1355 3908 1596 3964 historiae
1623 3919 1678 3966 et
1699 3909 2169 3981 contemplationis
2191 3911 2298 3966 vir-

737 3999 825 4045 tus
848 3999 931 4046 est
966 3993 1251 4050 articulata
1283 4011 1462 4054 causa!
1486 4002 1648 4067 ratio,
1688 4001 1944 4072 quodque
1979 4013 2296 4072 argumenta

736 4082 1111 4151 ignorantibus
1154 4088 1427 4158 explanat.
1471 4089 1589 4157 Qua
1633 4093 1835 4150 virtute
1877 4094 1924 4150 si
1965 4102 2171 4160 careat,
2203 4096 2299 4150 de-

736 4176 1128 4231 monstratione
1157 4181 1322 4234 etiam
1348 4181 1577 4237 carebit.

1209 4291 1414 4350 DXLV.
1444 4322 1510 4335 —
1539 4293 1826 4353 MARONI.

2470 3911 2739 3981 Μεγίστη,
2769 3905 2816 3965 ὣ
2840 3909 3008 3979 φίλος,
3036 3911 3274 3983 ἱστορίας
3318 3913 3411 3966 καὶ
3446 3912 3678 3984 θεωρίας
3713 3913 3880 3986 ἀρετή
3910 3932 3961 3968 τι

2405 4002 2502 4056 καὶ
2533 4001 2860 4074 διάρθρωσις
2883 4003 3200 4072 αίτιολογία,
3235 4005 3404 4060 καὶτὸ
3430 4005 3526 4070 τὰς
3551 4005 3831 4070 ὑποθέσεις
3855 4011 3961 4072 τοίς

2405 4091 2688 4160 ἀγνοοῦσιν
2718 4095 3082 4165 ἀπογυμνοῦν.
3122 4097 3184 4149 Εἰ
3224 4096 3280 4150 δὲ
3325 4097 3525 4170 ταύτης
3549 4098 3830 4172 χηρεύσειε
3868 4101 3962 4170 τῆς

2405 4183 2603 4255 ἀρετῆς
2623 4224 2638 4250 ,
2671 4185 2766 4239 καὶ
2799 4188 2898 4257 τῆς
2935 4188 3254 4253 ἀποδείξεως
3283 4189 3484 4261 ἕρημος
3514 4192 3618 4263 εἴη.

2894 4297 3070 4352 ΦΜΕἏ
3101 4329 3171 4341 -—
3207 4299 3488 4355 ΜΛΡΩΝΙ.

737 4377 945 4436 Divitiis
969 4398 1070 4438 non
1099 4383 1315 4439 satiant.
1346 4384 1521 4457 (Conf.
1555 4390 1708 4456 epist.
1749 4387 1876 4455 688,
1904 4385 2008 4443 496
2028 4397 2076 4442 et
2095 4384 2331 4510 light;

2408 4401 2515 4507 zog.
2556 4400 2690 4438 vers.
2729 4384 2867 4450 i53;
2894 4385 3073 4441 Scio».
3101 4404 3229 4442 vers.
3263 4388 3366 4456 99;
3406 4401 3452 4444 et
3498 4389 3662 4448 Clem.
3701 4395 3950 4449 Mezenti.

2441 4495 2454 4508 .
2494 4470 2564 4506 νι.

806 4581 964 4638 Disce
995 4599 1104 4640 non
1132 4600 1160 4639 a
1184 4599 1289 4652 me,
1334 4587 1431 4643 sed
1472 4588 1538 4644 ab
1583 4590 1696 4660 ipsa
1745 4590 1825 4646 rei
1856 4599 2070 4659 natura,
2101 4592 2147 4648 si
2177 4592 2300 4648 inli-

2473 4589 2564 4661 Μὴ
2596 4592 2723 4660 παρ’
2753 4588 2908 4661 ἰμοῦ,
2951 4589 3085 4644 ἀλλὰ
3124 4593 3255 4661 παρ’
3285 4591 3452 4662 αὐτῆς
3477 4591 3576 4663 τῆς
3620 4592 3834 4661 φύσεως
3869 4593 3954 4647 τοῦ

736 4673 876 4726 nitas
903 4674 1201 4743 quaerenda:
1229 4678 1470 4746 pecuniae
1493 4678 1608 4734 vias
1630 4681 1978 4754 excogitaris,
1994 4685 2297 4741 satietatem

737 4765 957 4820 minime
1002 4767 1261 4836 reperies.
1311 4766 1427 4823 Non
1470 4769 1612 4825 enim
1655 4771 1880 4829 satietas
1934 4788 2056 4830 cum
2093 4774 2300 4830 divitiis

736 4854 1004 4909 convenit.
1040 4854 1174 4910 Cum
1223 4856 1540 4914 suilicientia
1585 4874 1714 4916 vero
1759 4877 2051 4934 rerumque
2094 4879 2299 4935 pauca-

739 4958 857 4999 rum
901 4945 1194 5016 indigentia
1230 4945 1388 5004 facile
1435 4951 1776 5014 conciliatur,
1819 4955 2068 5010 convenit
2136 4963 2299 5024 atque

739 5033 1031 5088 cohabitat.
1064 5034 1262 5093 Desine
1292 5037 1475 5110 itaque
1499 5054 1620 5108 quae
1645 5043 2024 5112 comprehendi
2069 5058 2134 5100 ac
2172 5059 2301 5116 pos-

739 5123 904 5178 sideri
925 5136 1192 5196 nequeant
1219 5131 1540 5186 consectari.
1584 5132 1748 5204 716
1767 5133 2138 5192 Cousectando
2156 5138 2301 5192 enim

741 5230 846 5271 non
893 5220 1339 5287 comprehendas.
1383 5222 1438 5279 Si
1480 5237 1605 5280 vero
1649 5240 1760 5281 non
1807 5229 2160 5293 consecteris,
2195 5245 2299 5283 non

741 5318 922 5378 rogata
963 5309 1104 5366 ultro
1137 5313 1373 5380 advenit,
1429 5331 1532 5371 non
1580 5319 1879 5388 requietem
1925 5321 2082 5375 modo
2109 5319 2202 5376 sed
2246 5332 2302 5376 et

742 5397 980 5458 laetitiam
995 5401 1254 5475 ‘pariens.

2401 4682 2724 4754 πράγματος
2763 4683 3036 4752 μάνθανε,
3089 4684 3174 4738 ὃτι
3223 4685 3326 4738 κᾶν
3397 4685 3620 4758 μυρίους
3665 4687 3954 4759 χρημάτων

2399 4776 2602 4848 πόρους
2647 4777 2980 4849 ἐπινοήσεις,
3021 4777 3182 4846 κόρον
3227 4776 3324 4846 οὐχ
3361 4778 3614 4850 εὑρήσεις
3639 4795 3652 4810 ·
3691 4780 3802 4842 τοῖς
3845 4778 3935 4847 μὲν

2397 4867 2507 4939 γὰρ
2536 4869 2723 4940 πόροις
2749 4869 2776 4921 δ
2813 4869 2971 4940 κόρος
2994 4868 3400 4932 ἀκατάλλακτός
3430 4871 3547 4923 ἔστι
3569 4912 3584 4936 ,
3629 4873 3692 4941 τῇ
3724 4869 3780 4924 δὲ
3822 4869 3951 4925 αὑτ-

2399 4959 2597 5031 αρκείᾳ
2651 4960 2746 5013 καὶ
2799 4959 3094 5031 όλιγοδείᾳ,
3157 4959 3251 5012 καὶ
3292 4961 3612 5027 σπένδεται,
3649 4962 3737 5016 καὶ
3774 4975 3954 5031 συγχο-

2410 5051 2554 5122 ρεύει
2577 5090 2591 5114 ,
2631 5051 2726 5104 καὶ
2761 5054 3014 5105 συνοικεῖ.
3048 5050 3304 5106 Πέπαυσο
3341 5053 3518 5106 τοίνυν
3568 5054 3800 5125 ἀκίχητα
3839 5051 3952 5105 διώ-

2404 5160 2534 5197 κων.
2561 5142 2893 5212 Διωκόμενος
2917 5144 3024 5215 γάρ
3053 5144 3114 5198 οὐ
3149 5145 3627 5216 καταλαμϐάνεται
3644 5189 3658 5214 ,
3689 5146 3763 5219 μὴ
3780 5145 3951 5200 διωκό-

2407 5250 2564 5304 μενος
2592 5233 2649 5287 δὲ
2673 5235 3105 5304 αὐτεπάγγελτος
3138 5239 3409 5310 ἐπιφοιτᾷ,
3442 5239 3502 5293 οὐ
3531 5240 3689 5311 μόνον
3719 5239 3950 5295 ἀνάπαυ-

2406 5340 2489 5377 σιν
2507 5363 2520 5386 ,
2555 5323 2690 5378 ἀλλά
2712 5326 2803 5379 καὶ
2832 5326 3170 5398 εὐφροσύνην
3195 5326 3418 5384 ὠδίνων.

1852 5569 2084 5626 ῩΑΗΙΛῦ
2134 5569 2512 5627 LECTlONES
2553 5572 2638 5629 ET
2672 5571 2900 5631 NOTAE.

820 5709 926 5784 (57)
966 5713 1200 5784 Uterque
1230 5720 1348 5774 rod.
1397 5735 1491 5789 pro
1524 5724 1908 5794 καταστρέφων
1952 5725 2077 5794 legit
2106 5741 2331 5796 καταστι

2408 5744 2586 5798 νωμεν.
2625 5726 2832 5783 Possm.
