4114 6448
185 415 325 486 1633
1126 408 1668 474 EPISTOLARUM
1708 409 1810 469 Lll

1842 455 1856 468 .
1895 409 2051 470 V.--
2090 411 2329 473 EPIST.
2383 412 2531 474 DLI.
3331 410 3467 481 1634

433 528 627 595 'I’MG".
661 556 728 566 -ο
769 526 1130 596 ΔΣΚΛΗΙΙΙῼ
1170 525 1481 596 ΣΟΦΙΣἸᾘ.
1791 529 1838 584 Α

1791 529 1838 584 Α
2116 525 2352 582 DXLVI.
2383 558 2453 569 -—
2493 525 2838 585 ASCLEPIO
2878 527 3216 587 RHETORI.
3284 605 3291 611 .

974 634 1178 691 Labore
1201 638 1388 701 Itonos,
1415 648 1462 690 et
1489 639 1594 690 vita
1618 649 1847 705 paratur
1867 651 2088 697 (eterna.
2119 638 2301 710 (Cani.
2325 641 2479 710 epist.
2500 641 2653 708 555.)

249 747 548 818 Θαυμάζω,
586 745 705 808 πῶς
744 745 999 817 Ὄμηρος
1033 746 1132 815 μὲν
1166 747 1259 799 καὶ
1283 745 1546 817 Πίνδαρος
1577 745 1762 811 ἀξιοῦ-

1943 747 2113 805 Iliror
2159 748 2409 819 equidem
2483 747 2776 804 Homerum
2829 758 2886 808 et
2943 747 3239 806 Pindarum
3293 751 3467 806 fortes

172 857 267 895 σιν
295 839 561 909 ἀλκίμους
595 833 738 892 εἶναι
770 839 897 901 τοὺς
929 837 991 890 οὑ
1021 836 1315 906 μέλλοντας
1333 837 1545 908 λήσειν,
1575 838 1761 892 εἴποτε

1869 842 2220 898 existimasse
2258 853 2374 905 eos,
2419 841 2512 910 qui
2549 855 2655 894 non
2687 840 2953 908 latebunt,
2998 841 3046 897 si
3079 857 3320 912 unquam
3351 841 3466 897 fue-

175 932 456 1000 ὲγένοντο.
497 931 830 1002 Θουκυδίδης
864 930 921 985 δὲ
960 927 1146 998 σαφῶς
1197 928 1453 993 ἱκετεύει,
1501 930 1576 1000 μὴ
1625 931 1759 1001 φεύ-

1869 932 2004 989 rint.
2035 930 2379 1003 Thucydides
2423 946 2555 987 vero
2586 932 2733 989 clare
2776 932 3073 1003 supplicat,
3107 933 3322 989 labores
3358 948 3465 988 non

169 1038 297 1090 γειν
325 1023 451 1085 τοὺς
503 1020 722 1085 πόνους,
771 1021 804 1093 ἢ
838 1019 972 1092 μηδὲ
1001 1018 1100 1082 τὰς
1121 1019 1286 1090 τιμὰς
1316 1017 1558 1074 διώκειν’
1591 1020 1762 1088 Σοφοο

1869 1023 2084 1096 t‘ugere,
2119 1031 2216 1078 aut
2244 1036 2423 1093 neque
2463 1023 2704 1079 honores
2738 1024 2961 1079 sectari.
2999 1023 3304 1093 Sophocles
3333 1038 3466 1080 vero

171 1112 314 1182 κλῆς
349 1111 406 1164 δὲ
433 1110 653 1181 φάσκει·
687 1111 860 1165 Πόνου
887 1127 975 1164 τοι
996 1111 1163 1182 χωρὶς
1191 1110 1347 1163 οὐδὲν
1381 1111 1602 1181 εὐτυχεῖ
1620 1109 1755 1184 (58)·

1870 1113 1974 1179 ait,
2013 1111 2218 1182 absque
2266 1111 2454 1168 labore
2505 1111 2641 1166 nihil
2689 1119 2838 1166 recte
2887 1111 3029 1177 ﬂeri,
3071 1113 3348 1168 docentes
3396 1113 3465 1168 ab

169 1202 266 1257 διὰ
299 1201 478 1256 πόνων
505 1202 606 1272 τὴν
631 1200 728 1255 τοῦ
762 1200 873 1273 (59)
913 1200 1032 1271 βίου
1063 1200 1396 1282 ἀείμνηστον
1419 1200 1578 1268 δόξαν
1603 1202 1758 1257 ὠνεῖ-

1866 1205 1959 1271 iis,
1987 1203 2188 1274 quibus
2236 1202 2290 1258 id
2330 1210 2749 1271 persuaserunt,
2803 1211 3124 1272 perpetuam
3174 1204 3297 1257 vitae
3344 1203 3462 1274 glo-

174 1291 307 1348 σθαι
347 1292 478 1356 τοὺς
533 1291 896 1363 πειθομένους
951 1290 1316 1355 διδάσκοντες.
1367 1293 1430 1345 Ol
1479 1292 1536 1346 δὲ
1597 1293 1758 1367 δόξης

1866 1296 2006 1351 riam
2049 1293 2328 1350 laboribus
2355 1294 2686 1364 comparari.
2724 1292 2988 1350 Oratores
3029 1295 3196 1350 etiam
3243 1299 3462 1352 docent.

173 1383 500 1454 ἀμαράντου
544 1384 725 1454 τυχεῖν
759 1381 1112 1454 γλιχόμενοι,
1163 1383 1259 1437 καὶ
1289 1381 1569 1453 βασιλείας
1596 1386 1760 1457 ούρα-

1865 1383 2056 1454 Atqui
2089 1381 2598 1438 immarcessibilem
2637 1393 2891 1453 appetunt
2924 1383 3179 1453 gloriam,
3211 1385 3460 1440 ccclesii-

172 1474 290 1530 νῶν
317 1475 658 1546 ὀρεγόμενοι,
690 1476 790 1529 οὐκ
819 1469 915 1528 οἷδ’
939 1475 1089 1538 ὅπως
1121 1474 1401 1546 νομίζουσι
1427 1477 1516 1531 διὰ
1549 1478 1764 1550 ῥᾳστώ-

1862 1489 1970 1545 que
2017 1473 2233 1528 inhiant
2275 1488 2465 1544 regno,
2501 1473 2689 1529 nescio
2719 1476 2994 1544 quomodo
3027 1484 3219 1545 putant
3268 1491 3338 1532 ex
3373 1475 3459 1531 fa-

173 1583 280 1638 νης
305 1565 482 1636 φιλεῖν
511 1568 626 1632 τοῖς
655 1564 965 1637 ἀνθρώποις
987 1564 1058 1619 τὰ
1079 1566 1292 1638 χρηστὰ
1325 1566 1751 1638 παραγίνεσθαι.

1860 1565 2071 1620 cilitate
2119 1563 2403 1634 animique
2460 1563 2758 1632 laxatione,
2819 1565 2960 1622 velle
3015 1565 3268 1624 homines
3319 1569 3459 1624 bona

1861 1655 2110 1727 adipisci.

645 1765 824 1820 ouz'.
862 1794 938 1809 --
968 1766 1058 1837 Tn
1084 1764 1288 1838 erro.

2345 1761 2604 1822 DXLVII.
2637 1792 2711 1804 —
2741 1763 2983 1820 EIDEM.

860 1855 1058 1912 Orator
1092 1872 1196 1911 non
1216 1873 1419 1927 semper
1455 1859 1758 1926 persuadet.
1811 1851 1998 1930 (Conf.
2030 1854 2186 1924 epist.
2220 1853 2352 1922 442,
2381 1853 2482 1911 521
2523 1863 2571 1909 et
2609 1853 2761 1926 568.)

270 1967 495 2040 Ἐπειδὴ
519 1968 619 2039 οὐχ
663 1969 692 2023 ὁ
729 1965 904 2037 λέγων
931 1966 1209 2033 τοσοῦτον,
1246 1968 1297 2021 el
1328 1968 1424 2023 καὶ
1459 1970 1640 2024 πᾶσαν
1669 1987 1757 2024 κι-
1792 1956 1837 2012 Β

1811 1957 1837 2012 Β
1937 1965 2391 2038 Quandoquidem
2433 1976 2641 2033 orator,
2683 1966 2788 2022 etsi
2819 1965 3187 2037 eloquentiam
3215 1981 3436 2022 omnem

170 2062 318 2130 νὴσῃ
351 2057 633 2128 δεινότητα
664 2056 761 2111 κα)⁸
783 2057 980 2127 τέχνην
1005 2054 1324 2128 ῥητορικὴν,
1351 2057 1622 2112 τεκταίνει
1655 2058 1756 2130 τὴν

1865 2067 2153 2130 artemque
2183 2059 2516 2115 rhetoricam
2545 2058 2804 2125 concitet,
2841 2074 2949 2114 non
2997 2067 3207 2112 tantum
3237 2072 3462 2128 persua-

167 2145 369 2215 πιιθὼ,
404 2147 529 2202 ὅσον
547 2148 577 2201 6
599 2145 816 2202 ἀκούων
837 2161 851 2175 °
880 2146 942 2200 οὐ
971 2143 1129 2216 θέμις
1162 2145 1254 2198 τὸν
1281 2144 1510 2214 λέγοντα
1539 2147 1646 2216 μὲν
1682 2147 1753 2200 τὰ

1862 2151 2011 2216 deat,
2052 2163 2317 2223 quantum
2369 2151 2462 2222 qui
2514 2150 2708 2219 audit;
2765 2164 2876 2207 non
2922 2156 3140 2220 oportet
3184 2148 3459 2205 dicentem

166 2239 403 2311 ἄριστα,
445 2237 523 2310 μὴ
563 2237 819 2292 πείθοντα
862 2235 955 2303 δὲ,
999 2235 1192 2307 ψέγειν
1220 2254 1236 2269 ·
1274 2236 1392 2292 ἀλλ’
1416 2238 1629 2292 ἐκεῖνον
1657 2238 1751 2293 τὸν

1859 2243 2082 2314 quidem
2110 2244 2336 2316 optima,
2389 2258 2500 2300 non
2549 2243 2978 2315 persuadentem
3027 2251 3207 2298 tamen
3241 2241 3461 2313 vitupeo

164 2327 285 2390 τοῖς
316 2325 628 2398 κρατίστοις
660 2326 949 2396 πεισθῆναι
990 2324 1068 2398 μὴ
1105 2325 1462 2398 ἐθελήσαντα.

1861 2349 2008 2403 rare,
2039 2338 2134 2392 sed
2167 2335 2321 2391 illum
2347 2337 2442 2406 qui
2469 2335 2696 2406 eptimis
2730 2334 3054 2407 persuaderi
3082 2348 3193 2390 non
3227 2332 3381 2388 velit.

628 2435 816 2490 omni.
841 2465 914 2477 —
942 2434 1030 2508 Tn
1061 2435 1268 2508 arm.

2329 2445 2610 2503 DXLVIII.
2644 2475 2717 2490 --
2749 2443 2990 2502 ElDEM.

669 2546 859 2601 Anima
890 2548 1080 2603 uirtute
1103 2549 1331 2610 munita,
1353 2548 1552 2620 Deique
1578 2553 1714 2618 freta
1747 2558 1975 2626 auxilio,
2011 2562 2152 2616 arcis
2182 2561 2358 2614 instar
2384 2567 2466 2614 est
2493 2556 2950 2628 inexpugnabilis.

237 2656 450 2728 Ὠσπερ
480 2656 776 2728 ἀκρόπολις
825 2657 1158 2729 ἀπορθήτοις
1184 2659 1392 2731 τείχεσι
1442 2677 1740 2733 πεπυργω-

1936 2669 2006 2726 Ut
2055 2685 2156 2726 arx
2190 2667 2707 2740 inexpugnabilibus
2758 2665 2933 2723 muris
2982 2663 3156 2720 cincta
3207 2677 3268 2720 se
3313 2662 3460 2720 obsi-

180 2751 321 2823 μένη
345 2790 362 2817 ,
421 2750 699 2821 καταγελᾷ
733 2751 841 2804 τῶν
894 2750 1335 2822 πολιορκούντων
1363 2754 1560 2826 αὐτὴν,
1607 2754 1754 2810 οὕτω

1859 2761 2057 2815 dentes
2095 2761 2310 2828 irridet,
2343 2760 2420 2817 ita
2465 2768 2522 2816 et
2554 2759 2760 2826 anima,
2805 2757 2954 2814 omni
2985 2757 3247 2812 virtutum
3279 2756 3458 2827 cincta

168 2844 271 2899 καὶ
300 2842 471 2914 ψυχὴ,
499 2844 547 2896 εί
591 2844 794 2907 πάσαις
820 2845 941 2907 ταῖς
975 2845 1201 2915 ἀρεταῖς
1242 2847 1442 2917 ἑαυτὴν
1482 2848 1758 2919 περιφρά-

1861 2863 2084 2918 genere,
2132 2848 2339 2920 Deique
2368 2850 2709 2906 communita
2742 2849 3041 2920 adiutorio,
3080 2847 3337 2904 ruborem
3372 2847 3459 2903 in-

169 2935 307 3004 ξειε,
344 2936 438 2989 καί
464 2937 532 3006 τῇ
581 2933 703 3006 θείᾳ
750 2935 1037 3007 συμμαχίᾳ
1069 2936 1430 3008 πυργώσειεν,
1455 2940 1536 3003 είς
1559 2941 1753 3012 αίσχύ-

1645 2941 1753 3012 ιχύ-
1859 2937 2032 2994 cutiet
2065 2937 2378 3010 ridebitque
2403 2952 2523 2995 eam
2551 2937 2986 3009 oppugnantium
3015 2944 3270 2994 conatus.

169 3044 273 3099 νην
313 3027 410 3082 καὶ
457 3027 669 3096 γέλωτα
701 3028 1112 3098 παρασκευάζει
1140 3031 1462 3103 τελευτῆσαι
1495 3037 1612 3098 τοῖς
1654 3052 1752 3090 πο-

170 3119 480 3194 λιορκοῦσιν
509 3119 680 3192 αὐτὴν
707 3119 776 3173 τὰ
807 3122 1202 3192 μηχανήματα.

702 3229 880 3284 oue.
906 3259 980 3271 -
1009 3229 1236 3302 nuta.

2349 3229 2582 3286 DXLIX.
2612 3259 2686 3271 —
2714 3228 2947 3286 ISAIIE.

729 3342 827 3399 Dei
849 3343 1218 3415 longanimitas
1245 3347 1315 3400 ad
1347 3347 1706 3412 paenitentiam
1730 3347 1942 3402 inritat.
1975 3344 2150 3418 (Rom.
2185 3359 2250 3413 ll,
2287 3344 2342 3401 ι.
2373 3343 2505 3416 Sup.
2538 3347 2692 3416 epist.
2728 3343 2882 3416 526.)

247 3459 340 3529 Μὴ
368 3460 404 3531 ἢ
435 3457 553 3513 θεία
579 3457 930 3529 μακροθυμία
959 3457 1286 3530 ὲπιτριὸἐτω
1328 3475 1388 3512 σε
1411 3461 1492 3524 εἰς
1525 3459 1751 3526 κακίαν,
1787 3445 1837 3510 C

1830 3448 1837 3510 ἶ
1939 3455 2084 3514 Cave
2115 3471 2187 3513 ne
2211 3454 2308 3511 Dei
2339 3454 2724 3526 longanimitas
2749 3454 2818 3510 ad
2846 3453 3048 3511 malum
3090 3463 3145 3511 te
3171 3469 3455 3528 provocet,

171 3552 294 3607 ἀλλ’
323 3553 404 3616 είς
447 3551 649 3622 ἀρετὴν
679 3549 1090 3620 παρακαλείτω.
1141 3550 1518 3606 Ἀτοπώτατον
1541 3551 1652 3626 γὰρ
1691 3552 1754 3606 τὸ

1862 3547 1996 3619 quin
2027 3549 2096 3604 ad
2128 3547 2386 3604 virtutem
2430 3558 2485 3604 te
2516 3549 2702 3619 potius
2735 3548 2948 3605 invitet.
2985 3549 3456 3610 Absurdissimutn

170 3644 264 3699 διὰ
286 3643 394 3696 τῶν
427 3642 649 3712 ἀγαθῶν
682 3641 1014 3712 βλάπτεσθαι
1035 3656 1051 3671 ο
1077 3642 1281 3712 ἀγαθὸν
1307 3642 1366 3696 δὲ
1402 3644 1436 3714 ή
1473 3644 1752 3716 μακροθυ-

1859 3638 2009 3694 enim
2040 3652 2072 3694 ιι
2106 3652 2167 3694 re
2212 3640 2357 3695 bona
2389 3639 2535 3694 ladi.
2571 3637 2718 3695 Bona
2764 3648 2948 3696 autem
2984 3639 3081 3698 Dei
3127 3650 3213 3698 est
3243 3643 3460 3713 patien-

176 3734 280 3806 μία
300 3733 451 3786 ἔλεον
487 3732 586 3802 μὲν
624 3735 739 3797 τοῖς
771 3731 1092 3803 μετανοοῦσι
1113 3773 1128 3798 ,
1171 3731 1354 3803 κρίσιν
1384 3731 1440 3786 δὲ
1470 3735 1581 3796 τοῖς
1615 3735 1752 3804 ἀμε-

1862 3729 1958 3796 tia,
1992 3730 2056 3784 ad
2093 3728 2532 3786 misericordiam
2561 3729 2941 3800 resipiscenti;
2989 3741 3051 3788 ut
3081 3741 3272 3790 contra
3311 3731 3457 3806 ludi-

169 3823 458 3894 τανοήτοις
488 3821 776 3875 ὠδίνουσα.

1864 3821 2010 3878 cium
2038 3822 2211 3892 gignit
2238 3837 2344 3877 non
2381 3822 2797 3893 paenitentibus.

483 3930 611 3986 oN'.
641 3957 713 3972 —
746 3929 1094 4002 ΠΔΔΛΑΔΙῼ
1119 3929 1444 4001 AIAKONn.

2186 3931 2301 3988 DL.
2323 3963 2399 3975 —
2422 3931 2768 3990 PALLADIO
2807 3933 3133 3992 DlACONO.

1127 4042 1377 4100 Summus
1412 4042 1714 4098 morborum
1748 4046 1918 4101 animi
1955 4049 2191 4104 medicus
2220 4047 2358 4104 Deus
2397 4057 2498 4103 est.

251 4155 602 4227 Πυνθάνομαι
624 4196 641 4221 ,
671 4156 754 4209 ὅτι
797 4153 859 4208 τὸ
886 4153 1103 4226 νόσημα
1152 4155 1251 4225 τῆς
1295 4155 1395 4225 σῆς
1438 4154 1619 4226 ψυχῆς
1646 4153 1756 4209 ἀπὸ

1932 4159 2108 4216 Audio
2168 4160 2338 4216 animi
2389 4161 2468 4216 tui
2515 4160 2800 4224 morbum,
2870 4174 2902 4216 e
2951 4160 3139 4231 parvis
3190 4162 3456 4234 malisque

177 4248 395 4324 μικρῶν
447 4249 544 4302 καὶ
595 4245 814 4316 φαύλων
852 4245 1095 4316 ὀρμηθὲν
1151 4245 1296 4299 κατὰ
1353 4243 1463 4299 τῶν
1522 4245 1755 4316 καιρίων

1861 4248 2029 4305 rebus
2050 4258 2258 4316 ortum,
2288 4249 2552 4320 temporis
2577 4250 2742 4304 ductu
2766 4257 3011 4317 auctum,
3039 4264 3258 4306 omnem
3292 4266 3456 4308 exce-

174 4339 479 4412 ιχὼρησεν,
528 4337 779 4409 ἰατρικῆς
807 4335 1003 4406 τέχνης
1048 4339 1298 4404 κρεῖττον
1326 4336 1641 4408 γενόμενον.
1691 4338 1756 4392 Ei

1862 4340 1992 4396 dere
2031 4341 2369 4400 medicorum
2419 4341 2763 4397 industriam.
2814 4340 2969 4408 Quod
3016 4341 3060 4397 si
3107 4356 3296 4397 verum
3344 4351 3455 4408 est,

171 4431 358 4484 τοίνυν
387 4425 539 4480 ταῦθ’
580 4424 756 4489 οὕτως
783 4425 919 4495 ἔχει,
951 4424 1245 4496 ἐπίτρεψον
1279 4424 1473 4481 ἑαυτὸν
1531 4427 1598 4498 τῇ
1633 4426 1757 4480 tm-

1866 4433 2169 4489 curandum
2204 4433 2298 4488 tibi
2330 4441 2388 4488 ut
2416 4433 2700 4504 sapientiae
2732 4433 2936 4504 Deique
2965 4435 3204 4490 dexterae
3227 4443 3280 4490 te
3306 4450 3456 4491 com-

175 4522 479 4593 στημονικῇ
509 4518 606 4572 καὶ
637 4517 755 4590 θείᾳ
783 4519 958 4588 χειρί·
1047 4516 1170 4570 οὕτε
1202 4518 1435 4588 νόσημα,
1466 4515 1592 4572 οὔτε
1627 4518 1757 4590 χρό-

1867 4523 2051 4576 mittas
2082 4539 2096 4576 :
2126 4522 2207 4577 sic
2268 4537 2444 4592 neque
2495 4525 2668 4578 morbi
2718 4523 2833 4590 vis,
2889 4539 3067 4595 neque
3118 4534 3332 4594 tempus
3389 4540 3455 4582 ac

177 4632 292 4680 νος,
344 4611 468 4666 οὔτε
519 4611 680 4681 φύσις
734 4611 882 4665 ἐστὶν
927 4609 1252 4673 ἀντίπαλος,
1286 4611 1382 4663 καὶ
1432 4609 1631 4682 ῥᾳδίως
1676 4611 1759 4674 είς

1867 4623 2064 4668 natura
2097 4613 2498 4678 adversabitur,
2551 4615 2740 4685 itaque
2788 4613 2951 4670 facile
2997 4616 3242 4685 pristina:
3294 4616 3454 4672 resti-

175 4705 387 4774 ὑγίειαν
421 4703 940 4774 ἀναστοιχειωθήσῃ.
1791 4692 1800 4747 1

761 4703 940 4774 ›θήσῃ.
1791 4692 1836 4747 ι)
1867 4703 2034 4756 tueris
2069 4701 2386 4758 valetudini.

643 4812 818 4864 ΦΝΑι.
860 4842 930 4854 -η
968 4811 1331 4882 ΘΕΟΦΔΝΙῼ.
1475 4817 1489 4828 ·
2225 4812 2268 4882 7

1475 4817 1489 4828 .
2225 4811 2388 4882 717
2411 4810 3093 4870 DLl.-—TllEOPliANlO.

771 4926 989 4979 Animus
1018 4943 1048 4978 a
1078 4926 1409 4994 prmsentium
1437 4924 1700 4978 malorum
1730 4940 1883 4979 sensu
1911 4940 1999 4993 spe
2020 4925 2192 4995 futuri
2232 4926 2354 4978 boni
2391 4924 2735 4980 abducendus
2769 4932 2868 4979 est.

247 5035 356 5091 Τοῦ
398 5035 713 5106 παραυτίκα
751 5033 927 5087 δεινοῦ
971 5033 1063 5085 τὸν
1128 5032 1389 5103 λογισμὸν
1452 5033 1667 5097 θᾶττον,
1709 5026 1756 5086 ὦ

1938 5031 2142 5089 Rerum
2197 5033 2548 5088 molestarum
2597 5033 2781 5087 statim
2839 5034 3228 5104 cogitationem
3285 5035 3453 5106 depo-

175 5127 323 5200 φίλε,
357 5123 684 5195 ἀπαγαγὼν,
719 5125 839 5187 ὅλος
869 5122 1030 5193 γενοῦ
1053 5123 1155 5192 τῆς
1184 5122 1482 5194 μελλούσης
1508 5122 1722 5187 ἐλπίδος
1743 5141 1757 5154 ·

1869 5139 2023 5190 nens,
2048 5139 2081 5177 ο
2121 5126 2315 5191 amice,
2350 5139 2500 5194 spem
2518 5127 2742 5195 concipe
2769 5124 3074 5191 meliorem,
3111 5141 3236 5182 cum
3265 5136 3323 5183 et
3354 5143 3456 5184 nos

1284 5299 1516 5355 VABIE
1557 5297 1948 5356 LECTIONES
1984 5299 2074 5355 ET
2107 5296 2348 5355 NOTE.

250 5459 362 5531 (58)
397 5458 679 5528 Sophoclis
719 5474 906 5515 versus
956 5459 1064 5531 hic,
1103 5459 1155 5531 i_n
1207 5456 1422 5531 Electra
1454 5466 1538 5531 est
1575 5475 1588 5514 :
1628 5458 1755 5514 Sine
1862 5457 2253 5531 citatioomnia
2283 5466 2472 5531 potest.
2499 5456 2675 5531 Locus
2727 5457 2946 5531 Homeri
2978 5474 3141 5527 supra
3184 5461 3453 5531 excitatus

175 5525 360 5585 latiore
390 5525 638 5600 magnum
662 5547 722 5582 ac
755 5531 884 5599 felix
924 5530 1074 5582 nihil.
1109 5529 1314 5583 Similis
1355 5528 1602 5600 ejusdem
1647 5539 1756 5584 tra-
1867 5525 2172 5600 εει-ϐάριδι.
2213 5544 2301 5592 xv,
2337 5529 2462 5582 597.
2517 5530 2713 5600 Cicero
2742 5544 2804 5582 ex
2861 5525 3140 5597 Euripide,
3181 5530 3274 5586 lib.
3313 5547 3346 5585 ιι
3383 5533 3459 5588 De

177 5601 286 5672 gici
327 5598 490 5670 apud
511 5598 782 5654 Stobtnutn
821 5608 1019 5654 exstat.
1389 5598 1396 5600 ⁷
1868 5598 2081 5672 ﬁnibus,
2102 5616 2122 5649 ι
2150 5613 2371 5672 sua_v_em
2398 5598 2798 5672 esselaborum
2826 5601 3218 5672 prmteritorum
3252 5616 3461 5656 memo-

648 5717 660 5737 ,
697 5717 820 5739 In,“
854 5714 968 5739 __._‘_
997 5715 1188 5739 LM“
1223 5715 1361 5739 tum
1871 5669 2008 5720 riam
2048 5683 2078 5739 ξ
2111 5669 2205 5721 ait.
2236 5666 2572 5738 Thucydidis
2608 5679 2784 5722 autem
2824 5666 2984 5721 verba
3022 5669 3166 5739 legas
3206 5672 3295 5726 lib.
3331 5687 3368 5725 ιι
3401 5673 3458 5727 in

327 5716 410 5770 Οὔ
448 5717 505 5770 τί
530 5717 660 5772 ποθ’
692 5717 822 5784 ἥξει
851 5715 968 5769 τῶν
989 5715 1188 5782 ἄκρων
1215 5715 1362 5768 ἄνευ
1401 5717 1614 5770 πόνου.

1435 5717 1614 5770 τάνθυ-
1867 5745 2009 5792 orat.
2047 5735 2274 5792 Periciis
2304 5741 2369 5790 ad
2395 5715 2785 5794 ktlwuienses.
2819 5739 3060 5794 Scuorr.

182 5807 502 5877 Phorylides
527 5806 664 5861 idem
699 5809 874 5876 prodit
910 5823 958 5861 v.
989 5807 1108 5862 155.
1135 5805 1269 5863 Vide
1299 5809 1546 5876 proverb.
1589 5808 1758 5861 Exer-
1940 5806 2054 5876 (59)
2077 5806 2244 5864 Codd.
2277 5806 2452 5862 Vatic.
2482 5809 2587 5864 (550
2617 5818 2669 5863 ct
2707 5810 2831 5875 ML,
2863 5810 3081 5866 τούτου.
3126 5809 3337 5865 Possm.
