4114 6432
140 403 277 468 1641
998 401 1534 464 EPISTOLARUM
1575 401 1721 460 LIB.
1769 401 1811 459 ν
1859 399 2192 459 --EPIST.
2239 398 2559 458 omni.
2857 466 2860 470 ί
3301 401 3436 475 tota

129 517 226 564 τεῐ
243 510 334 566 τὸν
361 512 630 584 ἡμέτερον
658 510 804 582 βίον·
838 512 930 564 καὶ
963 511 1045 564 ὅτι
1077 512 1109 579 ἡ
1147 511 1246 579 μὲν
1270 508 1423 580 παρὰ
1451 505 1560 560 τῶν
1592 525 1736 578 παρο

1806 551 1809 568 .
1843 517 2039 563 torem.
2071 506 2204 560 Illud
2257 507 2422 559 vitam
2477 505 2673 560 evertit
2707 514 2972 571 nostram,
3010 505 3126 561 haec
3155 522 3285 563 vero
3316 521 3431 566 sta-

128 602 310 656 όντωι
357 602 620 665 πολλάκις
651 603 991 674 διασύρεται,
1026 602 1060 671 ὴ
1093 600 1150 653 δὲ
1190 600 1282 653 καὶ
1327 599 1475 668 παρὰ
1513 599 1622 650 τῶν
1655 598 1731 668 μὴ

1839 600 1992 666 hilit;
2025 600 2155 654 illud
2177 614 2206 653 a
2241 599 2605 669 praasentibus
2641 613 3021 669 smpenumero
3077 603 3434 669 reprehendi.

131 695 438 764 μετιόντων
466 695 635 766 αὐτὴν
660 695 1002 765 θαυμάζεται
1025 712 1036 722 ·
1069 694 1164 746 καὶ
1188 694 1252 763 τῇ
1289 694 1389 762 μὲν
1420 691 1550 762 πῦρ,
1576 695 1642 761 τῇ
1670 691 1727 744 δὲ

1838 703 1955 756 tur,
2013 692 2130 748 haec
2185 693 2351 747 etiam
2394 692 2711 747 absentibus
2761 702 2845 745 est
2904 694 3294 761 admirationi;
3357 696 3432 750 illi

129 784 387 856 βασιλεία
445 787 827 858 ηὐτρέπισται.
883 787 1012 839 Δέον
1069 785 1248 838 τοίνυν
1304 784 1477 836 ταῦτα
1538 783 1719 836 πάντα

1833 784 1974 854 ignis
2037 784 2350 854 rependitur
2393 784 2766 853 sempiternus
2801 801 2814 836 :
2848 784 2976 839 huic
3025 799 3157 839 vero
3194 802 3423 856 regnum

139 877 468 946 ἐννοοῦντας
489 918 502 942 ,
535 879 632 948 τὴν
675 880 776 949 μὲν
813 877 1266 948 ἀποστραφῆναι,
1297 875 1376 940 ὠς
1426 874 1727 945 θηριόμορο

1835 873 2096 929 caelorum
2122 874 2397 928 tribuitur.
2432 873 2528 928 His
2560 875 2728 944 igitur
2775 876 2962 930 animo
2989 878 3234 945 agitatis,
3270 879 3427 945 illud,

126 985 234 1034 ερον
271 969 365 1020 καὶ
395 967 628 1037 όφιώδη,
682 968 780 1039 τὴν
824 967 880 1022 δὲ
925 965 1278 1020 ἀσπάσασθαι
1309 963 1385 1028 ὡς
1430 963 1581 1018 θείαν
1627 965 1724 1017 καὶ

1833 975 1891 1019 ιιι
1925 974 2251 1030 monstrum,
2279 974 2334 1019 et
2363 965 2524 1020 veluti
2567 965 2815 1032 coluber,
2845 965 3196 1034 lugiemlum;
3229 971 3344 1023 lucc
3371 979 3429 1026 ut

124 1059 530 1131 ὑπερκόσμιον.
569 1059 611 1110 Τ
615 1058 894 1112 οὺναντίον
927 1056 1174 1121 ποιοῦσι,
1222 1055 1321 1128 τὴν
1365 1055 1571 1127 πόρνην
1605 1055 1725 1108 ἀντὶ

1830 1058 2012 1112 divina
2077 1069 2242 1128 atque
2311 1059 2772 1114 excellentissima
2849 1069 2934 1114 est
3002 1060 3426 1129 amplectenda.

121 1153 230 1222 τῆς
269 1148 546 1220 σώφρονος
576 1149 893 1220 αἱρούμενοι
923 1147 1202 1217 γυναικός.

1830 1149 1931 1216 Qui
1964 1165 2124 1206 secus
2156 1150 2370 1213 faxit.is
2411 1162 2653 1206 scortum
2712 1151 2956 1207 honesta:
3008 1152 3225 1225 conjugi
3274 1164 3433 1210 ante-

1831 1241 2005 1309 ponit.

643 1353 822 1423 φεεςν.
857 1383 929 1394 -
966 1353 1213 1424 narro.

2339 1352 2574 1409 DLXVI.
2595 1383 2667 1395 —
2691 1353 2939 1409 PETRO.

130 1462 390 1520 Veritatis
419 1479 616 1535 quanta
647 1471 748 1524 uis.
787 1465 1049 1521 Hortatur
1075 1479 1130 1522 ut
1173 1468 1438 1522 constanti
1472 1467 1833 1592 animguéera;
1872 1467 2210 1605 omissionis»
2243 1466 2498 1520 bonorum
2534 1467 2930 1536 temporalium.
2977 1465 3141 1534 (Vide
3189 1477 3237 1520 et
3269 1483 3430 1535 supra

1427 1549 1578 1605 epist.
1763 1553 1795 1588 a
1853 1553 1969 1590 eum
2011 1552 2112 1591 em.

1427 1549 1578 1607 εριιι.
1610 1549 1718 1592 ὃυυ
1763 1549 1831 1589 aa
1853 1549 2112 1591 eumdem.

212 1643 454 1715 ’ἰσχυρὸν
490 1645 588 1716 μὲν
625 1644 878 1715 τάληθὲς,
914 1645 1009 1698 καὶ
1035 1645 1259 1716 σιγητδν
1296 1644 1593 1709 πολλάκις·
1628 1643 1723 1697 καὶ

1901 1643 2106 1696 Potens
2132 1641 2358 1697 omnino
2380 1655 2469 1696 res
2492 1651 2580 1698 est
2603 1643 2830 1706 veritas,
2863 1652 2918 1697 et
2941 1650 3026 1697 est
3047 1659 3172 1696 cum
3211 1641 3432 1695 silentio

116 1735 254 1800 τοὺς
281 1735 545 1806 κρύπτειν
573 1735 828 1799 θέλοντας
862 1736 931 1790 τὰ
957 1736 1250 1812 ἀπόρρητα
1285 1737 1559 1806 κατήφεια
1588 1752 1724 1808 προ-

1829 1732 2000 1803 premi
2028 1742 2208 1802 potest
2235 1751 2250 1789 :
2279 1741 2334 1788 et
2366 1748 2398 1788 e
2419 1735 2721 1801 contrario,
2747 1749 2869 1805 quae
2914 1747 3132 1790 secreta
3180 1745 3309 1790 sunt
3334 1749 3431 1790 ce-

117 1827 314 1881 δίδωσι
353 1828 450 1881 καὶ⁵
492 1830 795 1900 στεναγμὸς
828 1829 928 1899 οὐχ
957 1827 1206 1892 ικούσιος
1228 1845 1245 1860 ·
1278 1828 1395 1881 ἁλλ’
1421 1829 1482 1881 οὐ
1521 1828 1720 1882 λανθά-

1825 1824 1942 1880 lare
1970 1824 2234 1891 volentes,
2261 1825 2375 1894 ipsa
2419 1824 2600 1881 vultus
2642 1827 2867 1880 tristitia
2917 1826 3267 1898 gemitusque
3317 1841 3425 1881 non

121 1936 282 1973 νουσι
315 1921 442 1982 τοὺς
471 1924 699 1990 σοφοὺς,
727 1922 925 1984 οἵτινές
960 1937 1020 1974 σε
1063 1920 1158 1975 καὶ
1182 1921 1486 1992 ἐπιρρῶσαι
1514 1919 1723 1974 δίκαιον

1832 1917 2128 1973 voluntarii
2188 1919 2446 1986 produnt,
2493 1920 2636 1987 quod
2685 1919 2960 1987 sapientes
3006 1918 3259 1973 homines
3320 1934 3428 1973 non

120 2011 467 2082 ἡγουμένους
487 2015 638 2084 ἡμᾶς
665 2014 759 2066 ἐπὶ
791 2012 853 2066 τὸ
885 2011 1095 2084 γράψαι
1139 2011 1547 2086 παρώρμησαν.
1584 2012 1726 2066 Οὐκ-

1834 2008 1990 2079 fugit,
2012 2009 2104 2078 qui
2159 2018 2215 2062 et
2269 2008 2500 2077 teipsum
2560 2007 3001 2062 conﬁrmandum
3070 2008 3200 2075 rati,
3232 2022 3331 2062 nos
3360 2011 3427 2060 ad

116 2107 253 2173 οῦν,
305 2101 352 2161 ὧ
400 2108 562 2177 φίλε,
601 2108 797 2163 ἐννοῶν
859 2108 922 2161 τὸ
983 2107 1247 2176 ἐπίκηρον
1292 2105 1403 2159 τῶν
1451 2103 1721 2173 βιωτικῶν

1831 2101 2183 2156 scribendum
2243 2099 2342 2154 tibi
2387 2100 2743 2171 impulerunt.
2787 2099 2993 2167 Quare,
3035 2114 3070 2175 ο
3137 2103 3276 2155 bone
3318 2099 3426 2165 vir,

118 2201 472 2271 πραγμάτων
493 2239 508 2264 ,
540 2201 615 2271 μὴ
646 2201 818 2254 λυποῦ
851 2200 1095 2263 ἀποστὰς
1125 2197 1306 2253 αὐτῶν
1327 2240 1342 2263 ,
1375 2197 1511 2269 μηδὲ
1533 2196 1722 2264 ἐντυγ-

1821 2192 2118 2259 meditans,
2166 2191 2460 2261 animoque
2519 2193 2755 2263 agitans,
2813 2206 2996 2248 rerum
3053 2192 3422 2248 humanarum

118 2308 258 2362 χανε
311 2293 554 2364 συνεχῶς
601 2296 712 2357 τοῖς
747 2294 829 2357 είς
857 2293 1000 2348 αὐτὰ
1032 2291 1577 2361 ὲγκαλινδουμὲνοις,
1624 2289 1720 2343 κα)⁸

1820 2283 2274 2349 imbecillitatem,
2312 2282 2499 2340 dolere
2534 2283 2667 2349 noli,
2703 2283 2746 2338 si
2783 2282 2892 2339 illis
2952 2282 3178 2338 excidas
3208 2301 3223 2337 :
3261 2299 3328 2338 ac
3356 2297 3425 2338 ne

116 2383 296 2438 πολλά
331 2385 441 2438 τῶν
488 2386 631 2438 ἰδίων
671 2385 861 2439 παθῶν
904 2387 1021 2449 ταῖς
1056 2383 1296 2456 ὁμιλίαις
1342 2380 1716 2452 ἀναμιγνύου-

1825 2383 2089 2444 perpetuo
2122 2374 2234 2430 illis
2283 2373 2571 2431 adhaereas
2615 2376 2709 2444 qui
2764 2376 2832 2432 iis
2894 2386 3024 2431 sunt
3075 2375 3342 2438 immersi,
3371 2383 3426 2430 et

118 2489 243 2541 σιν,
275 2475 410 2530 ἀλλὰ
443 2479 556 2540 τοῖς
585 2478 752 2547 ἀρετῇ
789 2475 980 2547 μηδενὶ
1006 2475 1113 2529 τῶν
1143 2475 1268 2528 καθ’
1300 2474 1529 2537 ἑαυτοὺς
1561 2473 1716 2540 ὑφιε-

1825 2467 1992 2521 multa
2011 2481 2230 2522 suarum
2252 2465 2602 2523 aﬂ‘eclionum
2626 2466 2918 2540 colloquiis
2934 2468 3050 2524 suis
3088 2466 3399 2523 immiscent
3415 2507 3427 2526 .

119 2565 334 2635 μένοις.

1829 2559 2084 2628 nullaque
2109 2567 2238 2613 sunt
2257 2557 2439 2613 ornati
2475 2559 2701 2615 virtute.

616 2669 780 2727 'I‘EZ'.
823 2702 888 2713 —
924 2670 1210 2725 ΜΑΡΩΝΙ.

2284 2665 2542 2722 DLXV".
2569 2697 2638 2709 —
2675 2667 2960 2724 MARONI.

688 2790 782 2847 Bis
806 2791 986 2845 eadem
1022 2807 1076 2843 re
1097 2805 1318 2860 peccans
1354 2789 1556 2842 veniam
1582 2803 1686 2840 non
1738 2797 1987 2841 meretur.
2025 2786 2222 2859 (Supra
2247 2787 2402 2857 epist.
2427 2787 2499 2842 24
2520 2787 2849 2860 persimilis.)

191 2917 268 2971 T6
327 2917 594 2991 πρότερον
660 2935 756 2973 σου
828 2918 1208 2989 παρανόμημα
1264 2916 1540 2988 πρόψασις
1617 2915 1710 2967 εὐ-

1890 2913 2050 2971 Prius
2075 2914 2204 2969 illud
2240 2925 2392 2969 tuum
2423 2914 2682 2972 delictum
2733 2915 2922 2972 nescio
2971 2917 3098 2988 quis
3129 2917 3418 2988 speciosus

115 3009 416 3082 πρόσωπος
455 3011 630 3065 ἐδόκει
665 3010 1014 3079 συγγνωστὸν
1049 3011 1259 3074 ποιεῖν,
1306 3011 1335 3063 6
1364 3009 1507 3071 θεῖος
1545 3008 1574 3060 6
1618 3005 1710 3072 σὸς

1821 3018 2115 3081 pmtextus
2158 3009 2317 3064 venia
2377 3009 2598 3080 dignum
2657 3010 2886 3066 reddere
2938 3010 3245 3076 videbatur,
3277 3015 3422 3082 quod

115 3102 502 3172 ὶκδεδικῆσθαι
545 3103 899 3172 νομιζόμενος
926 3121 939 3133 η
987 3100 1081 3155 τοῦ
1128 3101 1186 3154 δὲ
1220 3101 1338 3154 νυνὶ
1384 3100 1710 3171 παρανομὴ-

1822 3112 2052 3174 patruus
2097 3111 2224 3157 tuus
2268 3115 2336 3156 eo
2367 3101 2435 3156 ab
2485 3100 2680 3168 injuria
2731 3101 3014 3186 )indicari
3058 3101 3324 3156 videatur.
3352 3104 3423 3161 At

119 3210 296 3264 ματος
320 3194 474 3247 οὐδὲν
506 3193 750 3247 τοιοῦτον
787 3192 945 3263 ἔσχες
983 3193 1422 3264 παρακάλυμμα.
1471 3191 1569 3246 Ἐκ
1601 3189 1711 3259 γὰρ
1737 3212 1744 3251 4

1819 3194 1982 3266 hujus
2005 3193 2190 3250 delicti
2217 3194 2431 3248 nullum
2464 3193 3132 3264 suppetit'velamentum.
3167 3194 3417 3252 Habendi

117 3283 440 3350 πλεονεξίας
485 3286 565 3348 είς
617 3284 778 3338 τοῦτο
829 3282 1126 3356 ὡρμῆσθαι
1177 3283 1383 3350 ἔδοξας.
1445 3281 1558 3334 Καὶ
1609 3279 1710 3352 τὴν

1820 3284 1967 3338 enim
2022 3283 2321 3364 cupiditate
2389 3298 2458 3340 eo
2503 3284 2708 3338 videris
2755 3283 3046 3352 impulsus,
3086 3294 3143 3339 et
3197 3285 3413 3355 culpam

114 3377 216 3431 tut
268 3380 335 3448 τῇ
388 3377 630 3450 προτέρᾳ
667 3378 914 3449 ὠμότητι
960 3377 1141 3442 αἰτίαν
1183 3377 1564 3447 ἀπημφιάσω,
1602 3392 1708 3444 γυ·

1819 3375 1990 3447 priori
2043 3376 2373 3432 immanitati
2420 3385 2526 3430 tua:
2573 3374 2962 3458 accumulasti,
3009 3376 3270 3447 detegens
3315 3374 3419 3431 {aL

119 3468 260 3541 μνὴν
323 3468 523 3523 σαυτοῦ
583 3469 683 3541 τὴν
739 3469 984 3539 πονηρὰν
1046 3468 1372 3540 προαίρεσιν
1430 3465 1708 3532 ἐπιδειξά-

1200 3468 1372 3539 ίρεσιν
1430 3465 1708 3532 ἑπιδειξά-
1819 3480 1942 3522 sum
1991 3477 2141 3521 tuum
2169 3466 2533 3537 propositum.
2819 3459 2825 3476 ’

199 3578 308 3627 νος.

199 3579 308 3627 νος.

120 3579 191 3635 με
330 3667 499 3725 eam
534 3698 605 3713 -
640 3667 948 3739 ΔΩΡΟΘΕῼ
982 3647 1478 3740 ΛΑΜΠΡΟΤΑΤῼ.

1957 3666 2236 3723 υωινιιι.
2263 3698 2324 3709 --
2355 3666 2733 3724 DOROTHEO
2772 3667 2938 3728 ἭΒο
2973 3668 3292 3728 CLARISS.

114 3782 199 3841 De
223 3783 427 3856 judieis
460 3792 506 3836 et
537 3779 782 3836 adeosali
829 3779 1035 3833 diverso
1082 3775 1270 3856 oﬁigio.
1310 3775 1549 3856 Optima
1568 3780 2201 3856 ειιιιιιίειιεηιίωι’ςιεηιρεν⁸
2234 3779 2536 3856 ρεςριςιάει.
2579 3777 2766 3833 Simile
2795 3779 2851 3833 in
2885 3789 3095 3834 oratore
3124 3790 3175 3834 et
3208 3782 3416 3851 judice.

1111 3847 1271 3916 mae
1295 3850 1450 3915 epist.
1483 3847 1577 3917 20,
1607 3847 1735 3915 219,
1777 3847 1907 3911 250,
1944 3846 2072 3912 442,
2104 3846 2415 3918 521,547.)

189 3988 311 4040 Είό
349 3986 447 4056 μὶν
481 3981 782 4054 σύμόουλος
810 3978 906 4034 τοῦ
937 3980 1224 4050 παραινεῖν
1265 3981 1384 4033 ἐστι
1420 3979 1642 4053 κύριος,
1676 3982 1706 4034 6

1889 3983 1947 4040 Si
1999 3983 2292 4040 consilium
2341 3985 2479 4041 dans
2527 3987 2704 4054 possit
2755 3985 3062 4050 adhortari,
3118 3990 3411 4046 consilium

75 4072 171 4136 ’δὲ
200 4076 700 4149 συμὸουλευόμενος
727 4071 821 4126 τοῦ
855 4069 1146 4141 πεισθῆναι
1170 4111 1184 4137 ,
1217 4072 1365 4125 καὶὸ
1397 4071 1497 4142 μὲν
1524 4073 1586 4126 τὸ
1604 4074 1695 4126 αὖ.

1814 4091 1947 4132 vero
2001 4075 2280 4146 accipiens
2329 4078 2668 4147 persuaderi,
2717 4087 2773 4132 et
2830 4078 2921 4134 ille
2979 4080 3139 4158 721
3191 4083 3410 4151 quidem

111 4170 213 4229 τοῦ
247 4171 582 4247 πεποίηκεν,
631 4170 659 4220 6
696 4166 753 4221 δὲ
797 4164 859 4218 οὑ
895 4163 1180 4234 κεκύρωκε
1217 4163 1319 4235 τὴν
1347 4163 1576 4236 γνώμην
1620 4164 1700 4236 τῷ

1808 4169 1954 4238 quod
2005 4168 2091 4223 sui
2133 4181 2219 4224 est
2275 4169 2518 4225 muneris
2563 4170 2724 4236 fecit;
2760 4171 2850 4227 hic
2901 4186 3032 4228 vero
3068 4176 3122 4228 in
3159 4175 3407 4232 animum

111 4264 195 4327 είς
251 4260 450 4334 πρᾶξιν
492 4257 662 4330 αὐτὴν
709 4258 972 4326 ἀγαγεῖν,
1024 4255 1077 4308 τί
1130 4255 1268 4325 πρὸς
1311 4254 1405 4307 τὸν
1440 4255 1704 4326 παραινέ-

1813 4275 1921 4316 non
1977 4262 2256 4317 induxerit
2305 4260 2393 4317 illa
2439 4276 2607 4332 Opere
2650 4265 2901 4335 exsequi,
2929 4265 3060 4337 quid
3092 4266 3198 4322 hoc
3224 4281 3408 4338 quasso

114 4369 326 4418 σαντα;
361 4354 588 4421 Ὅμοιον
619 4351 727 4421 γὰρ
762 4351 969 4414 ποιεῖς,
997 4348 1186 4417 ὥσπερ
1219 4345 1286 4400 ἂν
1316 4347 1410 4399 ἐπὶ
1437 4345 1700 4417 δικαστη-

1810 4354 1877 4408 ad
1907 4353 2289 4409 adhortantem
2327 4353 2566 4409 attinet?
2597 4355 2743 4410 Idem
2798 4358 2894 4412 tibi
2947 4359 3226 4428 usuvenit,
3253 4363 3399 4431 quod

115 4448 236 4519 ρίου
263 4447 387 4508 τοὺς
418 4447 514 4515 μὲν
540 4443 805 4506 amasti;
832 4441 992 4512 λόγον
1013 4440 1264 4512 ἀπῄτεις,
1293 4438 1386 4491 τὸν
1407 4438 1464 4492 δὲ
1493 4439 1700 4510 ῥήτορα

1808 4445 1865 4500 in
1898 4445 2180 4512 tribunali,
2209 4445 2256 4502 si
2282 4447 2350 4502 ab
2405 4445 2500 4500 illo
2541 4447 2783 4515 postules
2840 4449 3171 4517 orationem,
3200 4451 3271 4507 ab
3302 4452 3407 4510 hoc

111 4541 318 4612 ψῆφον.
354 4538 419 4591 '0
450 4537 506 4589 δὲ
546 4535 710 4603 λέγω,
739 4533 983 4588 τοιοῦτόν
1021 4535 1138 4586 ἐστι
1188 4532 1412 4602 Δέχεται
1443 4531 1504 4584 τὸ
1543 4531 1700 4584 δικα-
1735 4600 1736 4605 η

1769 4561 1779 4604 ι
1806 4553 1940 4595 vero
1959 4537 2240 4593 decretum
2267 4539 2384 4594 sive
2400 4537 2688 4606 judicium.
2709 4537 2843 4596 Tale
2890 4549 2976 4596 est
3011 4558 3120 4612 quo
3155 4543 3223 4600 de
3248 4560 3394 4601 nunc

115 4627 339 4702 στήριο’ν
375 4628 618 4690 καὶτοὺς
650 4625 912 4687 δικαστὰς
941 4625 1035 4678 καὶ
1064 4623 1157 4677 τὸν
1188 4624 1416 4695 ῥήτορα,
1445 4623 1573 4686 τοὺς
1598 4622 1701 4690 μὲν

1808 4631 2007 4701 agitur.
2037 4631 2292 4686 Continet
2321 4633 2466 4686 enim
2501 4631 2737 4686 tribunal
2778 4632 2997 4703 iudices
3033 4634 3278 4707 suffragii
3303 4637 3399 4708 jus

111 4721 297 4794 ψῆφον
338 4718 562 4790 ἔχοντας
584 4757 598 4781 ,
645 4716 738 4770 τδν
771 4715 829 4769 δι
864 4715 1045 4784 λόγον.
1081 4711 1291 4767 Οὐκοῦν
1329 4715 1359 4766 6
1393 4712 1493 4782 μὲν
1527 4713 1701 4766 εἰπεῖν

1809 4723 2099 4788 habentes,
2126 4723 2271 4778 hunc
2295 4737 2423 4778 vero
2449 4731 2740 4792 patronum
2768 4725 3070 4782 sermonis.
3091 4726 3188 4783 llic
3215 4728 3403 4799 itaque

112 4814 325 4885 κύριος,
352 4812 382 4864 6
403 4810 460 4863 δὲ
483 4809 845 4882 ψηφίσασθαι.
871 4805 1128 4861 Τίθενται
1156 4804 1212 4857 δὲ
1239 4804 1340 4874 τὴν
1357 4804 1538 4874 ψῆφον
1562 4803 1702 4875 πρὸς

1809 4816 2024 4871 dicendi
2045 4827 2132 4872 est
2159 4816 2458 4889 magister;
2485 4815 2576 4871 ille
2607 4815 2891 4884 indicandi
2938 4833 3004 4874 ac
3033 4819 3396 4878 decernendi.

113 4904 176 4958 τὸ
189 4901 402 4964 δοκοῦν.
432 4903 620 4972 ῥήτωρ
641 4901 698 4954 δὲ
718 4899 895 4963 οὐδεὶς
917 4897 1099 4968 ἑαυτῷ
1125 4897 1224 4966 τὴν
1237 4897 1420 4966 ψῆφον
1445 4896 1699 4966 ἤνεγκεν.

1808 4907 1904 4964 ille
1926 4910 2155 4980 iudicat,
2179 4919 2238 4965 ut
2262 4911 2364 4966 sibi
2397 4910 2616 4979 quidem
2641 4909 2858 4965 videtur
2884 4925 2950 4965 ex
2970 4926 3132 4982 reque
3153 4921 3211 4967 et
3233 4913 3396 4972 bono.

115 4992 182 5048 Et
214 4993 314 5064 μὲν
339 4988 432 5046 οὖν
465 4992 724 5046 εἰσελθὼν
750 4992 779 5043 6
813 4990 1000 5061 ῥήτωρ
1024 4989 1238 5064 σιωπᾷ,
1272 4985 1603 5059 πλημμελεῖ.
1633 4985 1696 5040 ΕΞ

1806 5004 2005 5059 Orator
2032 5016 2162 5057 vero
2188 5017 2284 5058 seu
2315 5016 2607 5059 causarum
2645 5012 2932 5071 patronus,
2964 5018 3249 5073 nunquam
3297 5023 3399 5077 pro

114 5085 174 5140 δὲ
211 5086 242 5137 6
265 5083 442 5151 λέγων
469 5099 562 5137 και
603 5081 850 5147 δικαίως,
877 5085 974 5134 καὶ
1012 5081 1152 5151 μετὰ
1180 5081 1378 5143 παντὸς
1404 5078 1498 5134 τοῦ
1530 5094 1699 5150 προσ-

1807 5108 1867 5149 se
1895 5093 2224 5149 sententiam
2257 5091 2383 5148 fert.
2418 5091 2477 5147 Si
2504 5091 2689 5163 itaque
2725 5100 2917 5148 orator
2975 5103 3159 5149 taceat
3185 5095 3399 5164 ingres-

115 5175 376 5245 ήκοντος,
406 5173 468 5231 οὐ
502 5172 676 5227 πείθει
696 5214 712 5239 ,
744 5172 855 5227 τῶν
889 5171 1096 5243 κριτῶν
1115 5174 1233 5225 ἐστι
1267 5172 1331 5226 τὸ
1365 5171 1693 5243 ἁμάρτημα.

1806 5201 1920 5250 sus,
1945 5195 2153 5256 peccat.
2191 5185 2252 5242 Si
2304 5200 2435 5243 vero
2485 5185 2630 5240 dicat
2663 5200 2761 5255 pro
2799 5187 3039 5257 iustitia,
3066 5203 3179 5243 non
3212 5199 3394 5247 tamen

117 5265 332 5338 ’Ὠσπερ
359 5260 452 5320 οῦν
473 5267 676 5320 ἄτοπον
704 5265 862 5334 λόγον
888 5266 1041 5336 παρὰ
1065 5264 1176 5321 τῶν
1205 5265 1499 5335 κρινόντων
1526 5266 1697 5318 ἀπαι-

1808 5278 2154 5350 persuadeat,
2177 5277 2419 5346 iudicum
2443 5288 2528 5333 est
2552 5277 2762 5332 vitium.
2793 5277 2864 5334 Ut
2903 5277 3069 5349 igitur
3100 5279 3397 5340 ήκω-ἀνω

117 5361 232 5415 τεῖν
250 5400 268 5426 ,
295 5357 440 5413 οὕτω
465 5358 563 5413 καὶ
590 5358 742 5429 παρὰ
768 5356 863 5412 τοῦ
904 5357 1208 5429 συνηγόρου
1238 5357 1446 5428 ψῆφον·
1485 5356 1534 5408 εί
1563 5355 1619 5409 δὲ
1648 5356 1698 5413 οἱ

1812 5379 1896 5425 est
1924 5366 2243 5436 ajudicibus
2273 5369 2578 5422 orationem
2604 5367 2847 5440 exigere,
2868 5370 2947 5424 sic
2979 5379 3035 5424 et
3065 5371 3136 5425 ab
3165 5380 3391 5429 oratore

117 5449 430 5534 δικάζοντες
446 5450 542 5508 καὶ
566 5449 755 5513 δεινῶς
774 5452 866 5505 καὶ
891 5449 1119 5513 δικαίως
1139 5450 1392 5520 λέγοντος
1417 5449 1511 5502 τοῦ
1544 5449 1705 5520 ῥήτο-

1805 5476 1901 5517 seu
1937 5473 2169 5530 patrono
2219 5460 2525 5515 decretum.
2552 5458 2734 5526 Quare
2782 5461 2828 5516 si
2882 5460 3046 5529 judex
3073 5471 3129 5517 et
3150 5462 3397 5534 graviter

122 5557 216 5617 ρος
242 5541 699 5614 ἀποψηφίσαιντο,
733 5541 834 5612 τῆς
880 5542 979 5612 μὲν
1008 5541 1166 5613 νίκης
1199 5542 1582 5614 ἀπεστέρησαν
1611 5541 1703 5595 τὸν

1803 5560 1858 5604 et
1900 5549 2048 5619 juste
2107 5548 2323 5605 dicente
2355 5559 2596 5617 oratore,
2647 5549 2791 5604 uitale
2845 5550 3118 5618 decertat,
3158 5551 3393 5614 victoria

121 5634 328 5706 ῥήτορα
346 5673 362 5698 ,
395 5633 494 5704 τῆς
520 5633 579 5688 δὲ
602 5633 801 5705 ἀρετῆς
837 5633 1110 5704 οὐδαμῶς.
1138 5634 1362 5690 Τοιοῦτό
1389 5652 1446 5689 τι
1477 5633 1704 5689 νοείσθω

1804 5642 2021 5713 quidem
2095 5651 2285 5697 orator
2353 5641 2694 5708 destituitur,
2761 5641 2969 5698 virtute
3043 5659 3154 5699 non
3231 5645 3383 5705 item.

124 5729 216 5787 καί
241 5729 370 5800 περὶ
392 5727 488 5782 τοῦ
515 5728 942 5802 παραινέσαντος
974 5727 1092 5798 μὲν,
1124 5728 1199 5800 μὴ
1230 5730 1520 5793 πείσαντος
1548 5729 1626 5782 δέ.

1802 5732 2163 5797 Quamobrem
2222 5730 2302 5788 sic
2346 5731 2414 5789 de
2469 5730 2798 5789 adhortante
2857 5746 2965 5787 non
3032 5735 3398 5804 persuadente

1799 5819 2064 5895 iudicato.

440 5915 703 5985 Ριιῑιιυι..
750 5916 864 5982 Gtt.
911 5915 1232 5984 LXXVI”.

2296 5898 2302 5902 ’
2962 5914 3034 5984 52
