4114 6446
1892 385 1955 446 S.
1990 378 2284 444 ISIDORI

2407 354 2762 438 :LUSIom
3174 418 3189 433 .
3440 340 3441 345 γ
3650 392 3655 393 ~
4062 318 4069 337 ξ

910 504 1141 563 οωιιχ.
1166 536 1232 547 --
1264 498 1519 561 ZOSIHO
1566 495 2043 556 PRESBYTERO.
2294 512 2307 553 Α

2633 486 2794 540 sse.
2828 513 2900 524 —
2937 481 3189 555 meum;
3221 476 3695 571 urqu

692 640 1009 701 Detestanda
1040 637 1241 693 Zosimi
1272 635 1447 708 carpit
1476 633 1671 690 diserte
1700 632 1851 700 vitta,
1882 642 1936 685 nt
1969 632 2223 683 Iraetenus
2251 639 2476 695 semper,
2498 631 2545 677 et
2568 618 2868 676 sacerdotio
2890 616 3164 695 indignum
3184 631 3220 671 α
3254 600 3425 670 sueris
3448 613 3730 669 arcendum
3752 584 3947 667 cessa.

692 385 828 457 1643

763 795 911 852 Ilulti
940 796 991 849 in
1023 792 1282 863 dignitate
1332 787 1636 855 constituti,
1700 784 2023 858 egregieque
2072 780 2269 836 divina:

2449 772 2642 830 Πολλοὶ
2671 770 2779 825 τῶν
2805 770 2867 824 ὲν
2888 768 3032 823 τέλει
3059 765 3423 840 διαφερόντως
3447 765 3514 834 τῇ
3542 759 3798 835 θειοτάτῃ
3820 758 3953 832 θρη-

698 888 871 945 aﬂ'ccti
919 852 1187 955 religinni,
1253 882 1409 937 nobis
1465 852 1761 950 quotidie'
1792 852 2017 939 instant,
2097 872 2265 925 vitam

2407 864 2539 937 τκείᾳ
2580 864 2960 936 ἀνακείμενοι,
3012 857 3249 930 συνεχῶς
3291 859 3424 929 ἡμῖν
3469 855 3826 924 ἐπιφύονται,
3863 852 3955 906 τὸν

697 990 843 1036 tuam
888 980 1191 1045 moresque
1222 980 1529 1035 narrantes,
1555 970 1607 1024 in
1665 981 1896 1036 eumque
1924 963 2123 1020 invecti
2174 963 2267 1032 qui

2407 959 2497 1011 lfov
2526 957 2620 1009 τὸν
2649 955 2743 1010 σὸν
2795 954 3184 1026 προφέροντες,
3222 950 3315 1004 καὶ
3343 947 3438 1002 τοῦ
3475 944 3956 1018 χειροτονήσαντός

697 1082 751 1125 te
815 1056 1503 1125 sacerdotenr'ordinavit,
1556 1068 1613 1116 et
1662 1056 2012 1113 immaculata
2064 1069 2163 1125 per
2211 1064 2264 1108 te

2407 1066 2445 1103 re
2482 1047 2853 1111 καταϐοῶντες
2874 1088 2888 1112 ,
2930 1047 3023 1099 καὶ
3065 1044 3132 1099 τά
3172 1043 3418 1114 ἄκραντα
3470 1040 3747 1109 ἀνάκτορα
3795 1036 3955 1105 μολῦ-

701 1157 971 1229 inquinari
1029 1156 1225 1225 templa
1248 1154 1537 1222 iactantes,
1568 1148 2040 1216 sacerdotiumque
2072 1142 2277 1219 probro

2407 1140 2573 1194 taceat
2630 1139 2879 1208 λέγοντες
2902 1177 2918 1203 ,
2953 1137 3047 1192 καὶ
3094 1135 3191 1208 τὴν
3241 1130 3537 1203 ἱερωσύνην
3584 1126 3956 1202 παροινεῖσθαι

702 1220 908 1307 aientes
933 1249 1090 1314 afﬁci,
1114 1220 1273 1316 atque
1307 1244 1534 1313 impuris
1589 1243 1695 1298 tuis
1729 1240 1979 1295 manibus
2009 1236 2273 1307 baptizari

2407 1237 2718 1308 ρράζοντες,
2767 1234 2893 1297 τοὺς
2947 1229 3371 1304 βαπτιζομένους
3433 1225 3520 1280 διὰ
3572 1223 3681 1277 τῶν
3749 1220 3959 1293 μιαρῶν

703 1358 811 1398 non
875 1356 1096 1413 paucos,
1143 1353 1207 1392 ea
1256 1351 1314 1390 re
1357 1332 1639 1391 salutifera
1685 1317 2026 1388 sacramenta
2076 1327 2273 1397 injuria

2407 1346 2486 1382 που
2536 1328 2735 1399 χειρῶν
2779 1328 2857 1389 είς
2898 1326 2968 1378 τὰ
3023 1314 3339 1392 σωτηριὼδη
3378 1316 3679 1372 ἀδικεῖσθαι
3720 1310 3960 1382 σύμϐολα

703 1434 839 1490 ιιωοὶ
888 1433 1194 1504 perhibent.
1222 1428 1367 1497 Quos
1394 1442 1500 1483 non
1540 1426 1719 1496 plane,
1753 1424 1848 1478 sed
1900 1422 2055 1476 valde
2105 1420 2271 1474 etiam

2407 1422 2710 1491 ράσκοντες.
2744 1417 2855 1480 Οὒς
2888 1416 2985 1486 οὐχ
3030 1413 3244 1477 ἁπλῶς,
3281 1410 3417 1465 ἀλλά
3449 1410 3542 1462 καὶ
3587 1404 3793 1477 σφόδρα
3826 1407 3963 1473 μετα

704 1525 985 1583 suﬂlcienti
1014 1520 1293 1594 apparatu,
1326 1528 1387 1575 ut
1417 1516 1670 1589 equidem
1731 1513 2008 1576 existimo,
2050 1526 2275 1579 respon-

2407 1510 2733 1581 ιατασκευῆς
2769 1507 2984 1579 ἱκανῆς,
3030 1505 3105 1568 ὡς
3132 1504 3310 1573 ἔγωγε
3339 1500 3579 1571 ἠγοῦμαι
3607 1540 3621 1563 ,
3668 1497 3961 1564 ἀποκρινά-

706 1618 878 1672 dendo
905 1584 1099 1685 repuli,
1122 1627 1227 1668 non
1258 1611 1378 1666 vita:
1402 1584 1507 1664 tua:
1524 1609 1745 1676 {verum
1781 1615 1865 1661 est
1899 1604 2045 1659 enim
2098 1602 2277 1657 faten-

2407 1618 2546 1665 ιενος
2580 1600 2923 1669 ἐτρεψάμηνο
2950 1598 3014 1650 οῦ
3033 1596 3129 1650 τοῦ
3161 1595 3254 1648 σοῦ
3285 1593 3400 1665 βίου
3435 1591 3571 1663 (χρὴ
3609 1590 3719 1658 γὰρ
3758 1584 3963 1653 τάληθῆ

705 1673 1089 1776 dum)objecto
1147 1701 1310 1758 veluti
1365 1673 1553 1773 clypeo
1600 1697 1946 1769 patrocinans
1975 1712 1989 1750 :
2021 1694 2101 1751 sic
2136 1693 2279 1748 enim

2407 1692 2596 1762 λέγειν)
2632 1687 3021 1760 ὑπερασπίζων
3047 1704 3061 1717 ⁸
3087 1683 3121 1757 ἦ
3147 1685 3257 1755 γὰρ
3284 1685 3349 1738 ἀν
3374 1679 3763 1749 κατεγνώσθην
3786 1692 3801 1707 ⁸
3830 1673 3964 1729 ἀλλά

709 1801 902 1854 merito
962 1797 1195 1863 refellar,
1236 1810 1423 1850 verum
1482 1792 1611 1847 illud
1662 1790 2047 1846 demonstrans
2098 1783 2281 1841 :nibil

2407 1781 2541 1837 τοῦτο
2563 1781 2774 1845 δεικνὺς
2791 1820 2807 1844 ,
2835 1780 2910 1842 ὡς
2943 1776 3095 1831 οὐδὲν
3123 1777 3152 1828 ὁ
3181 1773 3367 1837 λαῖκδς
3393 1770 3842 1843 παραϐλάπτεται
3872 1764 3966 1819 τοῦ

714 1891 897 1946 violari
946 1891 1112 1945 laicos
1166 1860 1446 1958 inquinata
1492 1884 1838 1939 sacerdotum
1890 1880 2024 1934 vita.
2055 1877 2127 1933 Ut
2156 1876 2286 1946 ipsis

2411 1873 2579 1947 ερὲως
2604 1872 2679 1944 μὴ
2711 1867 2768 1925 εὖ
2801 1870 3061 1941 βιοῦντος.
3098 1868 3183 1930 Ὧς
3202 1866 3260 1920 δὲ
3286 1864 3409 1918 οὐδὲ
3451 1863 3622 1927 οὕτως
3667 1860 3831 1914 αὑτὸν
3872 1861 3968 1913 επ-

711 1998 843 2040 rero
872 1983 1108 2038 nondum
1147 1981 1227 2036 sic
1255 1995 1317 2035 os
1348 1977 1621 2041 obturavi,
1642 1976 1790 2030 clare
1833 1972 2103 2035 dicebant,
2137 1969 2290 2024 nobis

2407 1966 2673 2037 ιστόμισα,
2698 1961 3061 2035 γεγωνότερον
3082 1960 3290 2029 ἔφησαν
3309 1973 3324 1988 υ
3357 1956 3440 2009 ὅτι
3461 1955 3607 2026 ἡμᾶς
3636 1952 3734 2022 μὲν
3767 1947 3967 2009 ἱκανῶς

713 2078 768 2131 id
788 2076 1000 2145 quidem
1028 2074 1159 2129 satis
1204 2070 1545 2141 persuasisti,
1576 2068 1700 2122 aliis
1740 2079 1867 2120 vero
1892 2062 2143 2118 omnibus
2165 2075 2290 2116 cum

2407 2056 2615 2118 insidat;
2634 2096 2647 2121 ,
2680 2054 2806 2117 τοὺς
2827 2053 2883 2106 δὲ
2914 2051 3106 2115 ἄλλους
3136 2050 3341 2113 πάντας
3359 2086 3373 2112 ,
3396 2046 3524 2110 τούς
3546 2061 3604 2099 τε
3628 2042 3967 2111 ἐλλογίμους.

709 2165 886 2221 doctis
922 2175 1032 2219 tum
1062 2162 1313 2225 indoctis,
1359 2161 1481 2229 quis
1521 2154 1897 2229 persuaserit?
1929 2154 2017 2222 qui
2052 2149 2292 2218 quotidie

706 2258 975 2315 conviciis
1001 2271 1122 2312 cum
1170 2252 1540 2325 proscindunt,
1595 2256 1911 2304 evomentes
1937 2259 2000 2299 ea
2028 2257 2145 2304 ore,
2173 2254 2294 2309 qua:

2391 2147 2522 2211 τούς
2569 2163 2628 2199 τε
2679 2144 2970 2213 ἀγελαίους
3014 2142 3096 2206 τίς
3149 2140 3364 2205 πείσει,
3399 2138 3524 2200 τοὺς
3572 2133 3692 2190 καθ’
3736 2133 3971 2201 ὲκάπην

2356 2294 2359 2297 Α
2391 2238 2564 2292 ταῦτα
2592 2235 2985 2307 κωμῳδοῦντας
3008 2234 3100 2305 τὴν
3122 2233 3373 2305 ἡμέρᾳνς
3398 2227 3662 2285 Τοσοῦτον
3706 2223 3971 2280 eam».

714 2350 875 2407 silere
929 2348 1099 2403 multo
1149 2346 1221 2401 sit
1265 2342 1480 2405 melius,
1516 2350 1576 2395 ut
1605 2348 1660 2394 et
1701 2339 1757 2395 in
1798 2351 2018 2392 scenam
2060 2332 2293 2403 denique

711 2440 1063 2511 proferantur
1087 2448 1174 2492 tua
1204 2434 1428 2504 ﬂagitia.
1466 2432 1573 2488 Sed
1611 2432 1704 2486 illa
1760 2428 1925 2484 missa
1962 2424 2197 2490 faciens,
2227 2422 2293 2479 ad

718 2532 981 2588 malorum
1010 2529 1250 2585 omnium
1276 2527 1511 2581 radicem
1557 2524 1861 2579 veniamus.
1890 2518 2005 2586 Qua
2035 2519 2100 2572 de
2128 2530 2290 2573 causa

717 2638 826 2679 non
866 2621 1192 2693 persuadeas
1230 2615 1723 2674 borum'malorum
1756 2620 2056 2675 auctorem,
2091 2625 2123 2665 e
2146 2618 2295 2663 tanta

719 2713 972 2772 suscitari
1003 2708 1357 2767 temulentis?
1393 2706 1630 2765 Duorum
1661 2706 1807 2759 enim
1844 2702 2076 2757 alterum
2101 2713 2293 2754 ncces-

728 2805 876 2862 sario
944 2802 1317 2874 cogitandum,
1348 2799 1433 2855 vel
1489 2797 1634 2853 nolle
1682 2794 2022 2866 persuaderi,
2078 2789 2299 2847 tametsi

714 2896 913 2965 possit,
942 2894 1025 2948 vel
1059 2907 1167 2947 non
1210 2905 1387 2960 posse,
1426 2864 1853 2958 tametsi—velit.
1884 2883 1950 2939 At
1997 2896 2127 2936 vero
2173 2864 2323 2936 cum1

722 2987 877 3057 prius
938 2984 1090 3049 illud,
1116 2997 1309 3050 nempe
1343 2980 1484 3048 quod
1534 2993 1657 3033 cum
1724 2976 1923 3047 possis,
1975 2972 2300 3042 persuadere

722 3076 882 3141 nolis,
925 3061 992 3130 de
1048 3083 1100 3129 te
1150 3072 1356 3128 sentire
1415 3067 1568 3124 nefas
1595 3069 1706 3123 sit:
1737 3074 1907 3121 restat
1934 3064 1985 3117 id
2016 3063 2299 3118 existime-

724 3183 864 3234 mus,
896 3168 1037 3237 quod
1080 3180 1203 3222 cum
1255 3174 1307 3219 te
1354 3158 1772 3217 insuﬂicientem
1832 3154 2141 3211 arbitreris.
2169 3151 2301 3208 con-

720 3263 1005 3335 quiescere
1055 3255 1362 3311 decreveris
1415 3267 1479 3306 ac
1532 3251 1910 3318 supersedere.
1940 3246 2071 3313 Quae
2090 3243 2193 3299 etsi
2226 3245 2300 3297 ita

724 3348 1251 3419 schabeant,722
1310 3359 1410 3413 ego
1450 3355 1628 3398 tamen
1680 3340 1888 3409 pudore
1940 3340 2134 3392 ductus
2196 3350 2303 3389 non

734 3441 962 3513 perinde
992 3438 1235 3505 fatebar;
1264 3437 1357 3493 sed
1384 3436 1495 3491 dixi
1525 3453 1539 3490 :
1578 3435 1692 3489 haec
1732 3430 1949 3501 quidem
1978 3442 2078 3482 vos
2123 3425 2303 3495 splen-

726 3534 853 3591 dide
878 3533 1079 3598 dicitis,
1112 3533 1207 3589 sed
1230 3532 1543 3600 ignorantes
1591 3524 1730 3580 forte
1757 3522 2038 3578 coactione
2062 3517 2205 3587 adigi
2237 3517 2304 3571 ad

727 3626 928 3683 bonum
957 3638 1078 3681 esse
1109 3622 1403 3679 neminem.
1431 3620 1541 3691 Ego
1566 3631 1696 3671 vero
1739 3630 1859 3685 quae
1887 3614 1989 3667 mei
2020 3620 2149 3666 sunt
2179 3608 2298 3664 olli-

729 3716 801 3770 cii
825 3715 1053 3770 iterabo.
1109 3712 1236 3768 ﬂare
1286 3710 1431 3765 fatus
1471 3709 1592 3763 illos
1616 3705 1819 3772 dimisi,
1845 3714 1900 3759 et
1934 3710 2302 3758 atramentum

729 3806 984 3876 lacrymis
1015 3803 1269 3866 miscens,
1295 3803 1435 3856 hanc
1467 3800 1643 3854 denuo
1668 3798 1913 3851 scribere
1934 3778 2164 3847 'decrevi
2187 3791 2302 3862 epi-

731 3895 946 3952 stolam.
991 3894 1105 3949 Etsi
1155 3894 1289 3947 alias
1345 3892 1413 3946 ad
1479 3900 1532 3944 te
1590 3886 1785 3957 scripsi
1827 3885 2164 3954 frequenter,
2186 3896 2307 3951 qua:

730 3989 891 4043 bruta
923 3986 1084 4040 etiam
1108 3995 1163 4041 et
1190 3986 1242 4038 in
1277 3983 1457 4039 anima
1487 3990 1690 4051 queant
1724 3978 2021 4049 percellere
2044 3988 2301 4043 corpora,

734 4074 910 4143 ipsum
948 4082 999 4129 te
1036 4080 1226 4128 testem
1288 4070 1529 4143 appello,
1567 4068 1808 4125 noluisse
1842 4074 1895 4121 te
1928 4082 1959 4120 a
1989 4064 2307 4120 libidinibus

727 4164 830 4220 sibi
874 4172 1202 4235 temperare,
1242 4173 1305 4218 ut
1352 4173 1439 4227 te,
1464 4171 1519 4218 et
1570 4176 1671 4217 nos
1698 4160 1859 4231 culpa
1890 4158 2201 4223 ,liberares,
2252 4164 2310 4211 et

731 4254 1140 4324 obloquentium
1190 4268 1285 4309 ora
1312 4255 1571 4309 obturare
1619 4264 1831 4321 posses.
1865 4248 2020 4316 Quod
2052 4261 2183 4302 vero
2210 4260 2322 4302 ne--

736 4360 841 4416 que
869 4360 1013 4402 nunc
1040 4348 1091 4402 iu
1141 4355 1195 4401 te
1225 4345 1495 4400 monendo
1538 4341 1947 4414 supersedeam,
1984 4340 2077 4396 sed
2112 4340 2307 4396 iterum

740 4452 931 4494 tuauus
957 4438 1217 4509 iujiciam,
1255 4438 1358 4492 etsi
1386 4435 1669 4492 incurabili
1705 4434 1942 4499 vulneri,
1973 4443 2029 4487 ut
2059 4432 2303 4495 videtur,

2393 2347 2523 2396 ⁶τας,
2578 2329 2615 2384 ἃ
2666 2328 2921 2398 σιγᾶσθαι
2955 2326 3233 2399 ἔπρεπεν,
3275 2326 3352 2389 ὠς
3395 2323 3489 2378 καὶ
3520 2315 3969 2393 σκηνοδατεῖσθαι

2396 2422 2580 2476 λοιπὸν
2608 2422 2674 2474 τὰ
2708 2423 2837 2491 παρ’
2863 2418 3029 2473 αὑτοῦ
3060 2416 3351 2492 δρώμενας
3379 2416 3494 2470 Ἵνα
3518 2413 3576 2468 δὲ
3606 2411 3833 2467 ἐκείνων
3866 2408 3972 2478 ἀφο

2374 2514 2617 2587 ιέμενοι,
2668 2514 2745 2576 είς
2793 2512 2891 2583 τὴν
2922 2510 3078 2583 ῥίζαν
3118 2510 3228 2563 τῶν
3281 2508 3467 2563 κακῶν
3514 2502 3971 2574 καταγενοῐμιθα.

2399 2610 2465 2663 δι’
2504 2609 2572 2680 ἠν
2610 2607 2787 2661 αἰτίαν
2814 2606 2975 2660 αὑτὸν
3005 2604 3095 2658 τὸν
3136 2603 3320 2659 κακῶν
3356 2601 3711 2675 ἀρχιτέκτονα
3749 2600 3813 2652 οὐ
3852 2601 3969 2652 πεί-

2398 2701 2511 2766 θεις
2563 2701 2873 2767 ἀνενεγκεῖν
2909 2699 2975 2752 ὲκ
3021 2697 3120 2767 τῆς
3150 2696 3417 2766 τοσαύτης
3458 2693 3662 2765 μέθηςς
3687 2693 3842 2745 Δυοῖν
3869 2692 3972 2760 γὰρ

2400 2791 2627 2861 θάτερον
2657 2787 3081 2857 ἀναγκαζόμεθα
3110 2788 3330 2853 ἐννοεῖν,
3366 2786 3399 2858 ἢ
3432 2785 3507 2858 μὴ
3536 2784 3824 2854 βούλεσθαι
3854 2785 3970 2836 πεῖ-

2404 2899 2493 2937 σαι
2528 2883 2622 2937 καὶ
2656 2881 2871 2952 σφόδρα·
2891 2879 3217 2950 δυνάμενον,
3257 2878 3290 2951 ἢ
3325 2879 3400 2949 μὴ
3429 2877 3685 2931 δύνασθαι
3716 2875 3810 2930 καὶ
3842 2879 3970 2943 σφό-

2400 2972 2502 3044 δρα
2544 2972 2887 3043 βουλόμενον.
2937 2968 3098 3022 Ἀλλά
3135 2955 3241 3039 μὴν
3265 2970 3314 3021 εί
3346 2967 3407 3020 τὸ
3436 2965 3700 3039 πρότερον
3730 2965 3831 3021 οὐκ
3859 2962 3970 3017 εστι

2403 3062 2695 3116 πιστεῦσαι
2732 3061 2872 3114 κατά
2906 3059 3030 3123 σοῦ,
3066 3060 3142 3122 ὡς
3165 3059 3284 3126 ἐξὸν
3320 3058 3530 3113 ἐκείνου
3561 3056 3724 3112 λῦσαι
3750 3057 3851 3130 τὴν
3880 3073 3973 3112 κα-

2402 3156 2528 3210 κίαν
2545 3197 2561 3221 ,
2597 3156 2657 3209 οὐ
2690 3154 2869 3225 βούλει
2888 3170 2902 3186 ·
2937 3153 3186 3207 λείπεται
3208 3153 3269 3207 ea
3288 3193 3304 3218 ,
3340 3152 3414 3216 ὡς
3439 3151 3699 3217 ἀδύνατος
3726 3147 3867 3206 εῖναι
3890 3166 3967 3203 νο-

2407 3240 2609 3311 μίζων,
2652 3242 2753 3313 τὴν
2782 3241 3015 3314 ἡσυχίαν
3049 3242 3296 3311 ἀγαγεῖν.
3335 3239 3479 3311 Ἐγὼ
3517 3241 3574 3295 δὲ
3608 3242 3660 3294 ει
3688 3241 3785 3295 καὶ
3823 3239 3970 3295 ταῦθ’

2404 3331 2577 3396 οὕτως
2611 3332 2773 3403 ἔχει,
2810 3331 2970 3386 τοῦτο
3022 3332 3120 3403 μὲν
3167 3334 3266 3403 οὐχ
3315 3331 3645 3403 ὡμολόγησα
3687 3329 3965 3403 ἐρυθριῶν.

2406 3422 2670 3476 Τοσοῦτον
2713 3424 2772 3476 δὲ
2809 3423 2967 3494 ἔφην,
3008 3424 3090 3477 ὅτι
3135 3422 3326 3493 Ὑμεῖς
3366 3425 3464 3494 μὲν
3509 3420 3678 3478 ταῦτα
3729 3421 3971 3493 σεμνολο-

2405 3512 2618 3581 γεῖσθε,
2655 3513 2755 3567 οὐκ
2796 3514 2995 3578 εἰδότες
3028 3516 3182 3578 ἴσως,
3212 3516 3293 3569 ὅτι
3336 3514 3548 3586 ἀνάγκη
3597 3513 3816 3585 ποιῆσαί
3860 3529 3970 3568 τινα

2406 3604 2608 3674 ἀγαθὸν
2652 3605 2751 3659 οὐκ
2798 3604 2964 3660 ἔστιν.
3019 3605 3161 3674 Ἐγὼ
3192 3605 3249 3660 δὲ
3277 3605 3346 3660 τὰ
3385 3607 3514 3677 παρ’
3546 3604 3783 3677 ἐμαυτοῦ
3815 3604 3971 3659 πάλιν

2406 3697 2638 3768 ποιήσω.
2688 3694 2876 3761 Οὕτως
2915 3694 3250 3768 ἀποπέμψας
3296 3697 3575 3762 ἐκείνους,
3610 3697 3706 3751 καὶ
3748 3696 3969 3768 δάκρυσι

2407 3787 2595 3858 σχεδὸν
2656 3788 2895 3859 κεράσας
2939 3788 3001 3841 τὸ
3045 3787 3251 3857 μέλαν,
3292 3788 3386 3842 καὶ
3430 3788 3584 3843 τοῦτο
3615 3787 3847 3861 χαράξαι
3891 3788 3966 3843 δι·

2407 3881 2579 3951 έγνων
2604 3882 2665 3935 τὸ
2698 3882 2951 3953 γράμμα.
2990 3882 3112 3937 Ὀτι
3149 3878 3259 3954 γὰρ
3299 3882 3558 3948 πολλάκις
3602 3900 3682 3937 σοι
3702 3882 3966 3956 γέγραφα.

2406 3975 2444 4029 ἃ
2470 3976 2564 4029 καὶ
2602 3973 2701 4044 τὴν
2732 3974 2938 4044 ἄψυχον
2983 3972 3143 4043 φύσιν
3172 3974 3387 4045 κάμψαι
3419 3976 3648 4046 ἠδύνατο
3667 4017 3684 4041 ,
3720 3975 3882 4030 αὐτόν
3914 3991 3970 4029 σε

2408 4067 2559 4123 καλῶ
2593 4067 2880 4139 μάρτυρα,
2913 4066 3006 4121 τὸν
3051 4066 3126 4138 μὴ
3169 4065 3492 4140 βουλόμενον
3531 4068 3833 4140 ἀποστῆναι
3877 4066 3970 4135 τῆς

2408 4158 2801 4243 λαγνείας,ῖνα
2822 4160 2915 4213 καὶ
2937 4158 3139 4213 σαυτὸν
3156 4159 3249 4213 καὶ
3270 4160 3414 4230 ἡμᾶς
3439 4160 3797 4232 ἐγκλημάτων
3814 4162 3970 4215 ἀπαλ·

2409 4251 2604 4324 λάξῃς,
2638 4253 2730 4305 καὶ
2777 4253 2905 4315 τοὺς
2933 4252 3300 4320 ἐγκαλοῦντας
3332 4254 3707 4325 ὲπιοτομίσῃς.
3754 4254 3876 4309 Ὅτι
3918 4252 3969 4305 δὲ

2409 4343 2531 4396 οὐδὲ
2546 4340 2640 4396 νῦν
2659 4359 2740 4396 σοι
2754 4343 3021 4398 ἀποτάττο
3028 4361 3149 4409 μαι,
3162 4344 3298 4398 ἀλλά
3314 4345 3554 4417 κεκρατη
3562 4344 3709 4417 μένῳ
3727 4344 3969 4416 ὶγχειρῶ.

2414 4436 2509 4489 καὶ
2551 4435 2612 4488 τὸ
2656 4434 2847 4487 δοκοῦν
2886 4435 3184 4507 ἀχείρωτον
3214 4432 3355 4490 εἶναι
3390 4436 3581 4501 πάθος,
3618 4436 3970 4509 χειρώσασθαι

740 4530 1050 4594 tractando,
1084 4529 1284 4584 littera
1329 4530 1446 4583 ista:
1488 4526 1832 4582 testabantur
1878 4524 2097 4594 scripta:
2143 4522 2307 4578 velte-

2422 4526 2696 4596 πειρῶμαι
2716 4561 2731 4591 ,
2760 4524 2935 4580 ταῦτα
2982 4529 3321 4600 μαρτυρήσει
3359 4526 3429 4581 τά
3460 4529 3760 4599 γράμματα
3786 4529 3971 4601 δριμύς

730 4620 997 4685 σιηεηιίυε,
1023 4634 1184 4690 quam
1206 4633 1342 4689 quas
1365 4632 1535 4686 nuper
1566 4618 1709 4674 misi.
1736 4617 1872 4672 Cum
1921 4617 2071 4671 enim
2092 4614 2315 4671 suavio-

740 4724 854 4766 rem
898 4710 1249 4765 directionem
1297 4708 1829 4776 admonitionemque
1882 4705 2305 4776 contempseris,

743 4800 1043 4872 potentiore
1071 4810 1156 4856 est
1184 4799 1469 4855 utendum.
1497 4798 1613 4853 Cur
1664 4799 1827 4869 igitur
1861 4798 1913 4851 in
1942 4805 1994 4852 te
2036 4799 2153 4865 ipse
2179 4797 2315 4853 adeo

745 4896 951 4950 insanis
972 4895 1159 4965 (cogor
1180 4894 1323 4947 enim
1356 4907 1475 4962 quae
1501 4891 1697 4946 nollem
1724 4889 2029 4961 proloqui)?
2053 4888 2164 4945 Cur
2193 4905 2314 4943 ma-

746 4988 797 5042 lo
855 4986 1209 5056 pertinaciter
1269 4983 1541 5038 inhaeres?
1577 4982 1719 5049 Quid
1762 4992 2026 5053 quantum
2069 4983 2122 5034 in
2154 4990 2205 5035 te
2234 4992 2318 5035 est

746 5078 1002 5132 virtutem
1035 5076 1203 5131 aﬁlcis
1224 5071 1459 5144 injuria?
1487 5071 1597 5127 Cur
1648 5088 1860 5128 sacrum
1892 5073 2060 5127 violas
2112 5071 2319 5126 altare?

748 5169 885 5238 Quid
929 5183 1084 5224 sacra
1131 5167 1621 5223 non‘exltorrescis
1672 5165 1968 5235 profanare
2016 5164 2317 5235 mysteria?

748 5262 887 5330 Quid
917 5263 988 5317 ita
1013 5270 1065 5317 te
1087 5263 1251 5333 geris.
1269 5272 1327 5316 ut
1358 5260 1604 5316 homines
1628 5266 1775 5313 tuam
1795 5259 1958 5313 vitam
2024 5258 2316 5324 intuentes,

748 5354 1061 5438 existiment
1087 5353 1251 5407 etiam
1302 5366 1399 5421 per
1441 5351 1585 5405 illam
1618 5366 1773 5406 sacra
1830 5349 2169 5419 coinquinari
2205 5365 2322 5421 my-

749 5444 954 5501 steria?
990 5444 1129 5511 Quid
1159 5453 1348 5519 gentes
1404 5443 1471 5495 ad
1514 5442 1718 5497 Christi
1782 5439 2087 5497 Ecclesiam
2135 5442 2321 5495 venire

748 5535 1119 5605 paratissimas
1139 5534 1335 5602 injuria
1362 5532 1552 5599 aﬁicis,
1572 5535 1768 5589 ostium
1806 5534 1969 5587 etiam
2005 5531 2113 5587 illis
2140 5531 2322 5587 occlu-

752 5628 955 5685 dendo?
991 5629 1130 5697 Quid
1181 5643 1402 5683 scenam
1446 5629 1598 5684 novis
1653 5628 1845 5697 imples
1906 5626 2213 5681 dramatis?
2251 5624 2323 5680 Ut

751 5718 879 5788 quid
923 5734 1087 5774 novas
1138 5719 1262 5772 vitae
1319 5718 1582 5787 importas
1634 5718 1915 5774 actiones?
1948 5717 2059 5774 Cnr
2111 5729 2324 5772 veteres

744 5807 1014 5865 obscuras
1077 5809 1409 5881 tragmdias?
1444 5808 1499 5866 Si
1568 5808 1737 5867 Deum
1803 5828 1908 5868 non
1972 5813 2152 5879 times,
2187 5813 2311 5884 quia

2414 4634 2548 4689 τερα
2561 4615 2691 4670 ὅντα
2716 4616 2825 4670 τῶν
2852 4617 3044 4687 πρώην
3070 4634 3153 4672 σοι
3174 4618 3593 4674 δπισταλέντων.
3637 4621 3854 4693 Ἐπειδὴ
3875 4624 3973 4693 γὰρ

2413 4709 2513 4779 τῆς
2557 4709 2869 4781 πραοτέρας
2913 4711 3137 4781 ἀγωγῆς
3174 4711 3609 4783 κατεφρόνησας,
3649 4713 3862 4785 ἀνάγκη
3886 4718 3971 4770 καὶ

2417 4803 2482 4871 τῇ
2528 4800 2941 4872 δραστικωτέρᾳ
2989 4800 3322 4874 χρήσασθαι.
3369 4803 3435 4855 Τί
3463 4804 3751 4875 τοιγαροῦν
3792 4806 3971 4859 τοσοῦ-

2416 4909 2508 4945 τον
2536 4890 2955 4963 (ἀναγκάζομαι
2984 4893 3089 4962 γὰρ
3120 4890 3157 4944 ἃ
3182 4890 3257 4963 μὴ
3287 4891 3544 4965 βούλομαι
3576 4895 3811 4967 φράσαι)
3843 4898 3971 4949 κατὰ

2421 4984 2618 5039 σαυτοῦ
2644 4985 2886 5055 ὲμάνης;
2930 4983 2995 5037 Τί
3024 4983 3121 5054 τῆς
3151 4987 3349 5050 κακίας
3376 4987 3541 5059 ἀπρὶξ
3571 4987 3699 5059 ἔχῃς
3735 4988 3800 5041 Τί
3834 4987 3974 5057 ὑδρί-

2419 5078 2533 5139 ζεις
2570 5075 2692 5144 τόγε
2723 5074 2937 5128 σαυτοῦο
2957 5074 3121 5146 μέρος
3155 5075 3253 5148 τὴν
3283 5077 3515 5150 ἀρετήν;
3556 5078 3620 5131 Τί
3650 5078 3888 5149 χραίνεις
3916 5078 3973 5130 τὰ

2420 5167 2730 5237 ἀνάκτορα;
2786 5168 2839 5220 τί
2888 5164 2987 5238 τὴν
3025 5164 3176 5220 θείαν
3224 5168 3444 5239 τελετὴν
3494 5169 3879 5240 ἐξορχούμενος
3917 5171 3972 5222 οὗ

2421 5260 2699 5329 φρίττεις;
2735 5258 2798 5311 Τί
2832 5259 3274 5330 παρασκευάζεις
3304 5262 3428 5326 τοὺς
3455 5261 3771 5334 ἀνθρώπους
3800 5262 3876 5333 τῷ
3907 5260 3975 5331 σᾷ

2424 5350 2526 5420 βίῳ
2564 5350 2929 5434 προσέχοντας
2978 5350 3470 5422 παραδλάπτεσθαι
3520 5354 3759 5425 νομίζειν
3786 5356 3877 5409 καὶ
3901 5358 3975 5417 εἰς

2422 5445 2489 5497 τὰ
2520 5444 2837 5516 σωτηριώδη
2866 5443 3143 5515 σύμϐολας
3174 5446 3240 5499 Τί
3277 5446 3368 5499 καὶ
3395 5448 3519 5509 τοὺς
3550 5447 3657 5501 ἀπὸ
3683 5447 3792 5501 τῶν
3819 5446 3973 5502 ἐθνῶν

2424 5537 2809 5611 ὲτοιμοτάτους
2842 5536 3003 5601 δντας
3036 5539 3116 5599 είς
3148 5539 3247 5608 τὴν
3286 5538 3610 5611 Ἐκκλησίαν
3659 5539 3974 5611 μεταφοιτῆ-

2426 5646 2552 5693 σαι,
2597 5629 2802 5692 ἀδικεῖς
2852 5629 3136 5684 ἀποσοϐῶν
3180 5634 3280 5703 τῂν
3310 5629 3515 5704 θύρανς
3551 5633 3618 5685 Τί
3646 5632 3746 5706 τὴν
3788 5633 3973 5703 σκηνὴν

2427 5720 2706 5792 νεωτέρων
2750 5720 3043 5793 δραμάτων
3092 5716 3432 5792 ἐνέπλησαςς
3467 5724 3531 5779 Τί
3576 5724 3741 5779 καινά
3778 5723 3857 5794 τῷ
3885 5722 3972 5792 βίῳ

2430 5811 2707 5883 εἰσφέρεις
2749 5813 2813 5866 τὰ
2843 5810 3126 5884 δράματα;
3155 5815 3219 5871 Τί
3258 5815 3355 5881 τὰς
3385 5816 3622 5883 παλαιάς
3667 5813 3973 5891 dm;
