4114 6464
203 403 341 509 tota

1088 436 1627 499 EPISTOLARUM
1667 434 1815 496 LIB.
1855 435 1924 496 V.
1964 458 2033 469 —
2073 434 2308 496 EPIST.
2357 435 2621 498 DLXIX.

3363 431 3426 498 16
3437 430 3503 495 46

199 554 539 628 τραγῳδίαςς
588 556 652 610 El
693 554 755 610 τὸ
787 554 929 608 θεῖον
971 553 1032 606 οὑ
1069 551 1208 623 φοϐῇ
1232 593 1248 617 ,
1299 549 1600 620 ἐπειδήπερ
1650 546 1791 608 τέως

1900 549 2164 602 hactenus
2187 545 2240 600 in
2279 555 2332 601 te
2359 544 2685 616 longanimis
2708 543 2942 616 exstitit,
2979 542 3061 598 vel
3099 542 3356 599 homines
3390 543 3506 601 sai-

202 645 582 719 μακροθυμεῖ,
606 645 711 702 κᾶν
740 646 868 709 τοὺς
898 642 1223 715 ἀνθρώπους
1243 638 1524 710 αἱδέσθητι
1545 654 1558 668 ·
1590 638 1637 690 εἰ
1670 636 1796 708 κρί-

201 752 289 790 σιν
339 737 413 808 μὴ
459 738 666 802 δέδιας,
716 737 819 791 κᾶν
859 734 1104 808 χρηστῆς
1148 731 1475 802 ὑπολήψεως
1517 727 1799 800 ἀντιποίη-

204 845 314 887 σαι.
363 830 425 882 Ei
458 829 626 901 μηδὲν
670 823 812 882 εἶναι
849 830 958 900 ἡγῇ
1003 825 1149 897 μετὰ
1175 823 1273 895 τὴν
1310 822 1561 876 ἐντεῦθεν
1589 819 1797 889 ἀποδη-

205 921 337 990 μίαν
375 918 567 991 (τοῦτο
608 919 720 991 γάρ
761 921 819 973 αί
863 916 1056 988 σεμναί
1108 933 1201 969 σου
1247 915 1479 986 πράξεις
1527 911 1798 984 λαμπρῶς

204 1008 432 1081 βοῶσι),
469 1009 575 1064 κᾶν
605 1011 704 1080 τὴν
749 1008 859 1063 τῶν
892 1007 1197 1079 ἀνθρώπων
1227 1005 1523 1076 κωμῳδίαν
1544 1001 1800 1074 “εὑλα6ή-

203 1102 348 1174 θητι.
386 1104 448 1157 El
476 1103 532 1156 δὲ
575 1104 708 1174 μηδὲ
737 1101 940 1172 ταύτης
969 1101 1126 1169 λόγον
1156 1102 1323 1170 ποιῇ,
1358 1098 1462 1151 κᾶν
1507 1097 1566 1150 τὸ
1601 1096 1797 1150 καθαι-

207 1191 431 1262 ρεθῆναι
465 1191 751 1262 φοϐήθητι.
801 1190 958 1253 Εἰκὸς
1003 1190 1114 1259 γάρ
1165 1205 1222 1241 σε
1268 1187 1424 1242 τοῦτο
1488 1185 1698 1241 παθεῖν.
1735 1186 1797 1240 El

203 1279 316 1349 γάρ
341 1280 436 1332 καὶ
464 1280 560 1334 νῦν
585 1279 760 1333 ταῦτα
787 1278 930 1350 δρῶν
957 1280 1059 1332 οὐκ
1088 1276 1488 1356 ὲξοστρακίζῃηο
1514 1276 1660 1330 ἔοικε
1687 1276 1797 1348 γὰρ

202 1370 235 1422 ὁ
283 1370 670 1440 χειροτονήσας
713 1387 772 1423 σε
807 1371 874 1442 τῇ
925 1368 1096 1438 κακία
1146 1368 1393 1439 χαίρειν,
1438 1367 1571 1420 ἀλλὰ
1611 1367 1742 1432 ἴσως
1769 1370 1799 1421 ὁ

208 1458 330 1528 μετ’
369 1459 530 1512 αὐτὸν
562 1459 719 1514 τοῦτο
754 1461 992 1531 ποιήσει.
1008 1459 1131 1514 ’Καὶ
1157 1459 1237 1530 τῷ
1274 1459 1422 1530 θείῳ,
1461 1459 1551 1512 καὶ
1582 1457 1660 1528 τῷ
1704 1458 1798 1512 θυ-

208 1550 533 1622 σιαστηρίῳ,
565 1553 800 1615 καὶτοῖς
838 1553 1128 1623 ἀκράντοις
1167 1550 1511 1622 μυστηρίοις,
1553 1550 1647 1604 καὶ
1685 1551 1798 1613 τοῖς

205 1641 516 1712 ἀνθρώποις
569 1641 1054 1713 ἀπολογησάμενος
1099 1642 1234 1714 (64).
1290 1641 1503 1705 Πολλοὶ,
1550 1635 1596 1694 ὧ
1643 1640 1797 1696 ἀθλιε

208 1731 429 1803 Ζὼσιμε
465 1733 886 1804 (ἀναγκάζομαι
910 1735 1004 1787 καλ⁵
1029 1737 1109 1798 είς
1133 1734 1364 1805 θρήνους
1393 1733 1661 1802 ἐξελθεῖν)
1691 1732 1798 1804 πρὸ

1904 648 2011 693 tein
2079 651 2360 692 reverere.
2396 636 2452 700 Si
2481 637 2746 707 judicium
2789 637 2910 707 ejus
2972 651 3078 690 non
3129 636 3500 705 pertimescis,

1902 728 2056 781 bona:
2092 735 2271 782 tamen
2306 726 2466 782 fama;
2491 728 2759 783 rationem
2793 727 2958 783 habe.
2991 727 3046 780 Si
3072 725 3207 781 nihil
3241 736 3366 798 post
3397 728 3503 784 hoc

1900 820 2026 874 vitae
2053 820 2311 875 exsilium
2348 818 2463 874 fore
2493 819 2800 883 existimas,
2833 814 2980 889 quod
3030 821 3220 888 gravia
3275 829 3362 875 tua
3392 822 3505 875 cri-

1901 914 2048 968 mina
2099 914 2235 969 satis
2281 921 2538 982 arguunt,
2571 913 2882 967 mortalium
2944 912 3139 967 saltem
3200 912 3506 982 reprehen-

1901 1006 2110 1061 sionem
2161 1005 2415 1060 formida.
2451 1003 2547 1059 Sin
2608 1004 2803 1058 borum
2856 1001 2992 1057 nihil
3051 1017 3236 1069 curas,
3263 1002 3500 1058 rescindi

1901 1096 2092 1150 saltem
2131 1104 2181 1150 te
2229 1094 2297 1149 ab
2332 1093 2581 1150 Ecclesia
2620 1109 2720 1163 par
2744 1103 2887 1162 erat.
2918 1092 3159 1162 Equum
3216 1094 3363 1147 enim
3397 1093 3503 1148 hoc

1904 1196 1955 1240 te
1987 1186 2119 1256 pati.
2151 1185 2207 1241 Si
2249 1187 2394 1240 enim
2422 1187 2729 1240 etiamnum
2758 1184 2886 1239 talia
2916 1184 3263 1240 committens
3294 1182 3500 1255 ﬂagitia

1902 1293 2007 1332 non
2068 1277 2356 1348 expclleris
2421 1276 2676 1349 (videtur
2745 1277 2893 1332 enim
2950 1276 3041 1345 qui
3103 1283 3158 1331 te
3218 1275 3501 1330 ordinavit

1900 1370 2238 1426 sacerdotem
2263 1371 2614 1439 improbitate
2643 1371 2942 1441 gaudere),
2979 1378 3164 1423 tamen
3199 1367 3319 1438 ejus
3349 1367 3496 1424 forte

1900 1475 2186 1518 successor
2211 1461 2262 1516 id
2287 1460 2476 1527 faciet,
2517 1470 2572 1516 et
2594 1463 2728 1530 Deo,
2759 1461 3030 1530 altat-ique
3085 1470 3141 1515 et
3182 1462 3335 1530 puris
3370 1476 3488 1532 my-

1900 1552 2105 1616 steriis,
2135 1552 2561 1622 hominibusque
2588 1567 2701 1608 rem
2736 1563 2950 1622 gratam
2995 1551 3179 1606 faciet.
3208 1551 3485 1622 Plerique,

1900 1659 1934 1699 ο
1988 1645 2154 1700 miser
2200 1643 2540 1713 Zosime(in
2594 1644 2833 1700 lamenta
2889 1646 3056 1700 etiam
3123 1659 3487 1714 prorumpere

1900 1735 2205 1807 cogimur),
2243 1719 2373 1791 ante
2404 1745 2455 1791 te
2484 1735 2705 1791 fuerunt
2740 1735 2894 1807 impii
2939 1737 3182 1805 quidem,
3205 1745 3260 1791 et
3295 1748 3498 1806 pecca-

213 1821 310 1876 σοῦ
355 1825 644 1892 γεγόνασιν
677 1823 895 1885 ἀσεϐεῖς
926 1840 986 1876 τε
1036 1823 1130 1876 καὶ
1181 1823 1522 1896 ἁμαρτωλοὶ,
1558 1823 1695 1893 μήτε
1734 1820 1794 1875 τὸ

1905 1837 2072 1892 tores,
2091 1842 2266 1898 neque
2283 1826 2455 1883 Deum
2476 1828 2754 1894 timentes,
2773 1842 2950 1897 neque
2968 1827 3138 1899 frugi,
3163 1827 3491 1882 honestam-

208 1913 354 1967 θεῖον
379 1913 730 1985 φοϐηθέντες,
768 1916 903 1984 μήτε
931 1913 1047 1983 βίου
1077 1892 1316 1986 χρηστοῦ
1336 1892 1761 1984 ἐπιμεληθέντες
1779 1928 1793 1942 ⁶

1904 1932 2010 1987 que
2038 1927 2298 1973 curantes
2321 1917 2510 1982 vitam,
2539 1919 2637 1973 sed
2692 1919 2949 1974 omnibus
3003 1933 3034 1973 a
3078 1928 3229 1990 tergo
3266 1919 3495 1983 relictis,

207 2003 346 2057 ἀλλά
375 2004 580 2068 πάντας
609 2005 674 2058 σὺ
707 2005 1034 2076 παρήλασας
1055 2021 1070 2038 ·
1102 2005 1322 2058 πάντων
1349 2003 1574 2057 ἐκείνων
1599 2003 1791 2071 ἐγένου

208 2101 505 2170 κορυφαῖος
528 2114 543 2130 '
595 2099 823 2153 ἄπιστον
855 2100 950 2153 καὶ
983 2099 1265 2170 ἀμίμητον
1305 2097 1658 2169 παράδειγμα
1706 2095 1799 2166 γέ-

207 2205 392 2257 γονας.
427 2190 623 2260 Ἕσχον
640 2191 748 2259 γάρ
771 2189 966 2243 ἐκεῖνοί
994 2206 1147 2252 τινας
1172 2188 1394 2259 ἀρετὰς,
1423 2189 1487 2242 σὺ
1514 2187 1571 2240 δὲ
1597 2190 1664 2260 τῇ
1699 2188 1798 2259 μὲν

209 2281 380 2352 κακίᾳ
413 2280 510 2334 καὶ
554 2283 677 2344 ταῖς
712 2280 926 2352 ἡδοναῖς
961 2280 1222 2343 ἐσπείσω,
1259 2279 1394 2350 πρὸς
1427 2278 1485 2332 δὲ
1529 2278 1628 2350 τὴν
1671 2279 1799 2350 ἀρε-

206 2372 309 2444 τὴν
337 2373 648 2442 ἀκήρυκτον
688 2371 973 2424 ὲπανείλου
1006 2370 1098 2425 τὸν
1131 2370 1370 2440 πόλεμον
1391 2386 1404 2399 ·
1436 2369 1658 2423 πάντων
1702 2369 1797 2438 γέ-

206 2481 374 2536 γονας
407 2463 670 2534 κωμῳδία
709 2464 806 2517 καὶ
836 2461 1011 2530 γέλως
1033 2463 1128 2515 καὶ
1160 2462 1458 2517 σκάνδαλον
1484 2480 1497 2494 ·
1531 2460 1796 2533 θεώμενοι

207 2559 316 2629 γάρ
359 2571 419 2611 σε
463 2558 583 2622 ταῖς
631 2559 857 2628 μιαραῖς
914 2555 1071 2628 χερσὶ
1122 2554 1230 2608 τῶν
1271 2553 1434 2626 ίερῶν
1479 2554 1797 2631 ,ἀπτόμενον

207 2648 561 2721 μυστηρίων,
615 2647 1002 2718 ἀποπηδῶσιν,
1057 2646 1297 2718 ἀμύητοι
1351 2647 1553 2716 μᾶλλον
1605 2644 1795 2718 αἱρού-

205 2757 362 2811 μενοι
392 2738 552 2802 εῐναι,
582 2737 615 2809 ἢ
663 2739 817 2809 παρά
852 2737 1180 2808 ἀκαθάρτων
1215 2736 1310 2790 καὶ
1341 2737 1554 2806 μιαρῶν
1593 2736 1796 2807 χειρῶν

199 2830 272 2884 τά
306 2831 553 2901 ἀχραντα
584 2827 838 2892 δέξασθαι
873 2828 1043 2897 δῶρα,
1084 2828 1262 2880 καίτοι
1316 2827 1488 2880 πολλά
1535 2827 1797 2892 πολλάκις

203 2918 336 2991 παρ’
375 2917 508 2989 ἐμοῦ
565 2915 892 2979 ἀκούοντες,
931 2915 1017 2978 εὼς
1083 2915 1236 2968 οὐδὲν
1285 2914 1460 2988 ταύτῃ
1511 2912 1796 2983 παραὸλά-

201 3027 454 3075 πτονται,
492 3009 636 3072 τινὲς
670 3009 770 3079 μὲν
797 3007 975 3060 αὐτῶν
1005 3007 1066 3060 οὐ
1091 3004 1394 3070 πείθονται,
1425 3005 1570 3069 τινὲς
1585 3005 1641 3059 δὲ
1671 3003 1794 3058 οὐδὲ

200 3103 303 3166 τὰς
328 3102 498 3163 ἀκοὰς
541 3100 806 3170 ὑπέχουσι
846 3098 1116 3170 ρᾳψωδεῖν
1150 3097 1280 3167 περὶ
1315 3096 1508 3151 τούτου
1542 3097 1794 3166 νομίζον-

1905 2010 2082 2063 factus
2107 2014 2291 2063 tamen
2329 2023 2389 2062 es
2418 2011 2764 2080 coryphaeus,
2799 2009 3023 2065 infidum
3054 2020 3112 2065 et
3139 2024 3246 2065 non
3277 2010 3494 2064 imitan-

1906 2101 2032 2154 dum
2060 2101 2310 2168 praebens
2344 2099 2677 2169 exemplum.
2702 2098 2949 2154 Habeant
2970 2100 3117 2154 enim
3148 2099 3226 2154 illi
3263 2099 3498 2155 virtutes

1904 2183 2140 2250 aliquas,
2176 2194 2231 2239 tu
2276 2199 2407 2239 vero
2451 2201 2574 2239 cum
2613 2187 2985 2256 improbitate,
3018 2203 3083 2242 ac
3131 2187 3500 2258 voluptatibus

1901 2274 2078 2331 fmdns
2109 2276 2333 2339 inivisti,
2370 2287 2535 2344 atque
2579 2277 2927 2343 implacabile
2984 2294 3108 2334 cum
3145 2280 3350 2336 virtute
3384 2279 3497 2335 bel-

1901 2365 2010 2420 lum
2047 2368 2359 2437 suscepisti.
2409 2367 2666 2422 Omnium
2713 2369 2946 2439 denique
2973 2369 3152 2428 factus
3193 2387 3253 2428 es
3288 2370 3496 2437 fabula,

1901 2458 2044 2512 risus
2099 2467 2155 2513 et
2193 2458 2531 2516 scandalum.
2566 2458 2728 2530 723
2771 2461 3003 2531 Cognito
3055 2463 3201 2516 enim
3241 2470 3296 2518 te
3337 2476 3496 2518 exse-

1900 2548 2118 2604 crandis
2157 2559 2396 2605 tractare
2437 2551 2690 2606 manibus
2713 2567 2871 2607 sacra
2899 2553 3080 2609 missa:
3106 2556 3390 2626 mysteria,
3408 2569 3498 2611 re-

1900 2637 2100 2694 cedunt
2121 2639 2402 2705 homines,
2433 2641 2750 2711 maluntque
2775 2657 2882 2696 non
2909 2642 3138 2708 initiari,
3157 2658 3321 2713 quam
3351 2643 3497 2699 utab

1900 2732 2145 2801 impuris,
2187 2731 2577 2802 sceleratisque
2615 2734 2869 2790 manibus
2907 2749 3041 2804 pura
3068 2743 3124 2790 et
3148 2734 3496 2790 immaculata

1898 2824 2199 2893 suscipiant
2233 2839 2486 2879 munera.
2521 2825 2589 2880 Et
2623 2827 2838 2881 tametsi
2879 2827 3031 2880 multi
3083 2825 3281 2896 saepius
3311 2840 3378 2881 ex
3409 2841 3497 2882 me

1898 2916 2171 2971 audierint
2197 2916 2552 2985 nihiLborum
2583 2919 2799 2983 obesse,
2823 2917 3046 2986 quidam
3075 2925 3255 2972 tamen
3279 2918 3494 2974 assensi

1899 3023 2003 3063 non
2051 3017 2206 3075 sunt,
2232 3007 2457 3079 quidam
2504 3022 2636 3064 vero
2673 3023 2742 3064 ne
2791 3009 3020 3064 auribus
3054 3009 3274 3079 quidem
3324 3010 3496 3080 aequis

1898 3099 2194 3170 accipiunt,
2220 3101 2408 3170 nugari
2448 3113 2535 3154 me
2564 3099 2874 3168 opinantes.
2904 3098 2971 3153 Et
3020 3099 3263 3164 Balaam,
3286 3108 3341 3155 et
3362 3099 3489 3155 Cai-

199 3211 316 3258 τες.
344 3193 457 3247 Καὶ
481 3187 572 3246 τδν
602 3189 832 3260 Βαλαάμ
851 3189 948 3243 καὶ
977 3189 1070 3242 τὸν
1096 3188 1355 3257 Καϊάφαν
1385 3187 1788 3259 προεόαλόμην,

1899 3190 2058 3260 pham
2113 3190 2165 3244 in
2221 3191 2462 3245 medium
2524 3191 2700 3258 attuli,
2738 3183 3099 3262 impiissimtns
3157 3192 3404 3262 quidem,
3438 3202 3496 3249 et

200 3282 608 3345 ἀσεϐεστάτους
643 3280 740 3351 μὲν
775 3281 869 3333 καὶ
910 3277 1279 3342 ἀδικωτάτους
1311 3277 1638 3346 γεγονότας,
1672 3273 1793 3331 εἶτα

200 3373 300 3431 τὸν
336 3374 436 3445 μὲν
462 3373 559 3436 τὰς
596 3372 847 3440 εὐλογίας
889 3369 1395 3439 ἀποφθεγξάμενον.
1428 3369 1519 3423 τὸν
1558 3367 1616 3420 δὲ
1660 3385 1794 3440 προ-

203 3465 578 3536 φητεύσαντα.
609 3464 721 3517 Καὶ
750 3462 845 3516 τοῦ
880 3461 1112 3532 κόρακος
1139 3460 1196 3514 δὲ
1227 3459 1320 3513 τοῦ
1353 3460 1666 3532 ἀκαθάρτου
1697 3460 1794 3513 καὶ

205 3556 526 3628 μισοτέκνου
556 3553 758 3624 πτηνοῦ
786 3552 897 3625 (65)
929 3553 1335 3626 ἐμνημόνευσα,
1364 3552 1428 3605 δι’
1453 3544 1514 3605 οῦ
1544 3553 1572 3604 ὁ
1607 3552 1793 3615 Ἠλίας

201 3648 440 3718 ἐτράφη.
492 3645 653 3699 Ἀλλά
687 3645 865 3698 καίτοι
897 3645 955 3697 ὲν
992 3644 1125 3696 πᾶσι
1160 3645 1272 3706 τοῖς
1315 3639 1498 3706 ἀλλοις
1535 3642 1794 3714 πειθόμε-

205 3755 314 3802 νοι,
342 3740 436 3792 καὶ
460 3737 855 3802 έκθειάζοντες,
879 3736 979 3788 οὐκ
1007 3734 1251 3788 ἐθέλουσι
1282 3735 1569 3789 πείθεσθαι
1599 3738 1658 3790 ὲν
1681 3738 1794 3798 τοῖς

201 3833 337 3903 περὶ
383 3831 477 3885 σοῦ
524 3829 860 3901 λεγομένοις.
915 3823 1012 3881 Ἐκ
1042 3828 1151 3899 γὰρ
1198 3829 1298 3898 τῆς
1344 3828 1653 3898 ὑπερϐολῆς
1685 3826 1794 3881 τῶν

201 3922 757 3994 πεπλημμελημένων
820 3937 904 3973 σοι
964 3919 1058 3973 καὶ
1122 3918 1632 3991 πλημμελουμένων
1692 3919 1792 3990 τὴν

202 4015 459 4069 ἐναντίαν
516 4014 741 4084 φέρουσι
787 4011 967 4082 ψῆφον
992 4050 1007 4075 ,
1041 4010 1102 4064 οὑ
1137 4013 1248 4073 τοῖς
1301 4011 1618 4082 λεγομένοις
1660 4013 1791 4082 παρ’

83 4092 88 4095 ’
199 4106 367 4179 ἐμοῦ,
388 4106 524 4161 ἀλλά
552 4109 664 4169 τοῖς
690 4104 1089 4176 πραττομένοις
1110 4103 1263 4174 παρά
1288 4103 1384 4156 σοῦ
1409 4097 1788 4175 προσέχοντες,

202 4198 302 4252 καὶ
325 4198 423 4260 τάς
453 4195 806 4266 παραινέσεις
837 4193 1238 4264 ἀποσειόμενοι.
1273 4193 1414 4247 Ἀλλ’
1440 4189 1507 4258 ὧ,
1535 4193 1588 4246 τί
1614 4211 1672 4247 σε
1694 4211 1793 4248 κα-

200 4290 368 4351 λέσας
421 4287 790 4358 προσάψωμαι
825 4286 919 4338 καὶ
969 4286 1068 4354 τῆς
1100 4284 1389 4355 άληθείας;
1434 4285 1499 4339 Τί
1528 4285 1585 4338 δὲ
1619 4285 1791 4340 εἰπὼν

200 4379 501 4447 ἀπαλλάξω
545 4397 606 4432 σε
637 4379 736 4449 τῆς
782 4379 1011 4449 μανίας;
1050 4378 1116 4431 Τί
1145 4378 1202 4431 δὲ
1233 4378 1453 4450 γράψας
1492 4379 1687 4434 παύσω
1728 4396 1790 4434 σε

198 4473 304 4544 τῆς
327 4468 642 4539 άσελγείαςς
668 4469 703 4540 ἢ
726 4469 974 4522 πέπαυσο
999 4467 1228 4522 τοιαῦτα
1257 4468 1422 4541 δρῶν,
1450 4469 1484 4540 ἢ
1509 4468 1608 4541 τῆς
1638 4471 1792 4542 ἱερᾶς

1897 3282 2469 3350 injustlssimos,illum
2504 3283 2723 3352 quidem
2748 3283 3183 3339 benedictionem
3207 3282 3462 3354 proferen
3483 3311 3497 3322 -

1900 3382 2030 3438 tem,
2061 3373 2206 3428 hunc
2229 3375 2395 3428 etiam
2447 3375 2894 3445 prophetantem.
2926 3373 3224 3432 Memoravi
3269 3385 3325 3430 et
3372 3390 3498 3430 cor-

1895 3480 2021 3519 Vttm
2057 3479 2211 3518 avem
2247 3465 2540 3535 impuram,
2579 3465 2754 3535 pullos
2787 3466 2915 3522 odio
2972 3466 3290 3532 habentem,
3325 3483 3355 3521 ο
3386 3483 3494 3538 qua

1899 3555 2044 3610 Elias
2072 3557 2123 3609 in
2155 3554 2378 3609 deserto
2423 3557 2693 3611 alebatur.
2729 3555 2836 3611 Sed
2865 3556 2988 3611 aliis
3035 3557 3290 3612 omnibus
3332 3557 3496 3612 rebus

1897 3647 2126 3714 assensi,
2158 3645 2512 3717 religionique
2554 3649 2834 3714 ducentes,
2863 3648 2916 3702 in
2962 3648 3050 3703 his
3103 3658 3287 3703 tamen
3344 3650 3412 3705 de
3440 3660 3491 3705 te

1895 3739 2152 3794 assentiri
2189 3747 2536 3795 recusarunt.
2568 3738 2614 3792 Α
2641 3739 2797 3808 capia
2826 3740 2974 3795 enim
3026 3739 3362 3810 ﬂagitiorum
3390 3741 3490 3797 abs

1898 3831 2410 3898 tecommissorum,
2450 3846 2681 3902 quaeque
2713 3832 2767 3886 in
2825 3832 2944 3888 dies
2987 3833 3184 3888 delicta
3217 3833 3488 3897 admittis,

1896 3923 1949 3978 in
1968 3923 2303 3978 contrarium
2333 3921 2515 3978 ferunt
2559 3923 2915 3992 sententiam,
2946 3939 3055 3980 non
3095 3926 3162 3980 iis
3189 3941 3312 3996 qua:
3341 3941 3371 3979 a
3399 3940 3487 3981 me

1897 4015 2172 4082 dicuntur,
2194 4015 2286 4070 sed
2313 4030 2436 4086 qum
2461 4031 2491 4069 a
2523 4024 2576 4071 te
2606 4017 3048 4084 committuntur,
3083 4015 3278 4073 intenti
3306 4017 3491 4074 admo-

1897 4107 2129 4164 nitiones
2153 4109 2317 4162 etiam
2356 4107 2728 4178 repudiantes.
2758 4107 2868 4164 Sed
2922 4110 3053 4180 quid
3082 4121 3135 4166 te
3183 4126 3411 4174 vocans,
3433 4122 3490 4167 et

1897 4199 2181 4253 adhaerebo
2204 4197 2442 4255 veritati.
2469 4197 2610 4265 Quid
2641 4199 2828 4254 dicens
2862 4200 2931 4256 ab
2954 4200 3196 4255 amentia
3233 4201 3486 4256 liberabo

1895 4289 1980 4344 te?
2009 4288 2145 4356 Quid
2176 4290 2427 4346 scribens
2449 4305 2480 4345 a
2505 4289 2731 4346 libidine
2753 4301 2808 4347 et
2840 4291 3159 4363 impuritate
3197 4301 3249 4348 te
3295 4293 3480 4348 vindi-

1896 4380 2070 4437 cabo?
2103 4381 2187 4436 vel
2211 4382 2337 4437 talia
2368 4384 2712 4439 committere
2729 4383 2942 4452 desine,
2963 4385 3046 4440 vel
3073 4400 3103 4440 a
3131 4400 3294 4440 saera
3332 4400 3489 4442 men-

1896 4490 1953 4531 sa
2005 4476 2246 4542 discede,
2285 4487 2345 4533 ut
2403 4487 2520 4535 tuto
2555 4479 2793 4550 denique
2848 4479 3108 4537 Ecclesia:
3157 4481 3364 4536 alumni
3420 4484 3488 4536 ad

201 4561 490 4633 τραπέζης
533 4561 730 4613 σαυτὸν
771 4560 1032 4631 χὼρισονο
1065 4560 1130 4614 ἵν’
1173 4560 1346 4625 ἀδεῶς
1390 4553 1578 4616 λοιπὸν
1611 4563 1660 4616 οί
1691 4563 1793 4635 τῆς

1899 4585 2054 4627 sacra
2080 4571 2346 4627 accedant
2373 4575 2659 4644 mysteria,
2692 4576 2813 4632 sine
2858 4576 3055 4646 quibus
3084 4576 3320 4633 salutem
3351 4590 3487 4632 con-

219 4654 550 4724 Ἐκκλησίας
579 4654 838 4724 τρόφιμοι
864 4655 976 4717 τοῖς
1007 4653 1173 4718 θείοις
1217 4653 1634 4726 προσέρχωνται
1685 4673 1790 4727 μυ-

208 4744 477 4816 στηρίοις,
510 4735 586 4796 ὧν
613 4744 742 4796 ἄνευ
775 4742 1011 4812 σωθῆναι
1042 4741 1140 4813 οὐχ
1167 4738 1278 4795 οἷόν
1307 4761 1386 4798 τε.

1900 4665 2052 4736 sequi
2086 4674 2380 4736 nequeant.

1344 4924 1581 4983 VARUE
1623 4925 2004 4986 LECTIONES
2044 4928 2131 4984 ΕΤ
2173 4928 2407 4987 NOTAE.

285 5081 401 5154 (64)
444 5079 948 5151 ’Δπολογησάμενος
980 5079 1140 5154 ambo
1174 5081 1330 5136 codd.
1379 5083 1432 5137 in
1483 5082 1664 5138 futuro
1698 5098 1792 5152 po—

209 5148 1209 5233 ηυξιξιμξιο-τίὺοηιοδ’ἀπολογησόμενοῆ

282 5226 398 5298 (65)
427 5225 801 5298 Μισοτέκνου
828 5221 1080 5298 πτηνοῦ.
1128 5224 1295 5298 Aliter
1325 5221 1791 5298 utootéxyou;:_(;.

208 5283 420 5354 Pli‘niu's
445 5295 539 5351 lib.
577 5313 610 5352 x
641 5295 839 5349 Natur.
866 5283 1033 5355 Hist"
1060 5308 1182 5362 cap.
1215 5294 1299 5360 l2,
1326 5283 1398 5348 de
1417 5283 1595 5348 corvis
1623 5283 1789 5347 :vl’el-

223 5364 499 5423 luntnidis
534 5365 727 5438 pullos,
754 5382 815 5422 ac
845 5375 1016 5420 vetare
1052 5377 1279 5434 cogunt;
1329 5367 1418 5432 qui
1457 5375 1504 5418 et
1542 5366 1640 5436 ipsi
1691 5380 1792 5417 non

1899 5100 2057 5160 came
2084 5095 2282 5160 tantum
2312 5086 2554 5160 aluntur,
2578 5089 2667 5142 sed
2694 5089 2930 5144 robustos
2951 5106 3154 5160 quoque
3174 5089 3345 5160 [actos
3365 5109 3491 5149 suos

1898 5155 2086 5229 fugant
2136 5158 2367 5229 longius.
2420 5159 2485 5213 Et
2530 5174 2654 5214 mox
2712 5175 2727 5213 :
2783 5163 2978 5229 singuli
3024 5155 3272 5229 perpetuo
3314 5164 3492 5220 volam

1897 5227 2158 5293 genitore:
2211 5227 2377 5281 soboli
2428 5230 2542 5284 loco
2585 5231 2793 5284 cedunt.
2841 5227 3125 5286 Plura‘ex'
3163 5232 3389 5286 Aristot.
3436 5245 3493 5290 et

1901 5294 2120 5352 Eliano
2154 5297 2237 5354 Jo.
2273 5297 2502 5356 Bochius
2533 5301 2600 5355 ad
2629 5302 2766 5370 psal.
2797 5317 2954 5358 CXLVI
2989 5303 3040 5358 in
3091 5301 3218 5357 ﬁne.
3241 5300 3486 5362 Scuorr.
