4114 6426
203 397 335 464 1681

1637 391 2037 465 ALLOQUIA.

3328 379 3466 444 1682

199 529 355 585 ματι·
419 511 876 583 Ἑνανθρωπήσας
916 511 942 562 ὀ
988 509 1080 561 τοῦ
1127 508 1260 562 Θεοῦ
1311 506 1482 576 Λόγος
1536 507 1777 577 μεγάλην

1883 515 2026 560 ctum
2068 504 2230 560 homo
2268 501 2359 558 Dei
2394 500 2649 566 Verbum,
2689 513 2937 569 magnam
2967 495 3198 569 gratiam
3231 498 3455 566 pra-.hu‘t

195 605 362 674 χάριν
389 601 629 673 παρέσχε
651 605 762 664 τοῖς
792 600 1173 661 πιστεύσασιν,
1193 601 1270 664 εἰς
1292 600 1452 653 αὐτὸν
1486 598 1774 651 πιστεύοι).

199 690 542 754 σιν.Ἒξεστι
572 691 679 758 γάρ
703 689 795 742 καὶ
819 686 914 740 νῦν
943 688 1252 754 πιστεῦσαι,
1272 689 1364 741 καὶ
1380 687 1646 760 ἄρξασθαι
1669 687 1776 741 ἀπὸ

194 776 301 844 τῆς
321 777 576 847 σήμερον,
605 777 700 829 ἐὰν
724 775 986 843 θέλωμεν’
1007 776 1200 844 ὅτιτῆς
1227 777 1600 846 προαιρέσεως
1617 777 1775 847 ἡμῶν

196 866 503 935 ποθούσης,
535 870 627 920 καὶ
660 868 757 935 τῆς
788 866 1008 935 χάριτος
1031 867 1370 936 ἐνεργούσης
1402 867 1581 932 ἔξεστι
1614 866 1776 918 παντὶ

198 953 513 1025 βουλομένῳ
552 955 696 1023 ἔχειν
726 954 796 1016 ὡς
837 954 991 1007 οὐδὲν
1023 955 1198 1008 πάντα
1242 955 1332 1009 τὸν
1387 955 1611 1025 κόσμον.
1665 956 1776 1009 Καὶ

198 1046 506 1114 ἐλάμϐανεν
547 1048 600 1098 εἰ
625 1062 675 1097 τι
705 1043 976 1115 εὕρισκεν,
1011 1045 1120 1098 εἴτε
1150 1045 1366 1116 κάρφος
1381 1047 1488 1100 εἴτε
1525 1049 1708 1118 ιὸάκος,
1741 1049 1774 1120 ἢ

196 1137 327 1190 ἄλλο
349 1155 400 1189 τι
431 1137 642 1199 εὐτελὲς
663 1178 678 1202 ,
709 1137 800 1190 καὶ
826 1136 977 1205 ἔλεγε
995 1152 1008 1167 ·
1045 1137 1140 1201 Τίς
1163 1137 1251 1190 διὰ
1278 1137 1435 1191 τοῦτο
1472 1140 1704 1210 μάχεται
1740 1139 1773 1212 ἢ

199 1227 519 1294 φιλονεικεῖ,
552 1227 584 1297 ἢ
621 1231 968 1296 μνησικακεῖ,
1001 1227 1330 1297 ἢθλίϐεται,
1363 1229 1411 1281 εί
1442 1229 1516 1299 μή
1549 1229 1632 1292 τίς
1660 1232 1776 1283 ἐστι

196 1321 322 1372 κατ’
347 1320 605 1388 ἀλήθειαν
634 1320 904 1384 ἀπολέσας
936 1321 1026 1373 τὸν
1047 1321 1199 1388 νοῦν;
1227 1320 1425 1375 οὐκοῦν
1449 1322 1777 1392 προκόπτων

196 1411 296 1463 καὶ
324 1411 635 1480 προϐαίνων
673 1414 700 1464 ὁ
730 1412 823 1464 τοῦ
854 1412 986 1464 Θεοῦ
1019 1412 1304 1482 ἄνθρωπος
1329 1413 1442 1483 ἔχει
1481 1414 1658 1467 πάντα
1687 1415 1778 1469 τὸν

196 1502 404 1573 κόσμον
447 1503 530 1566 τὼς
566 1505 626 1557 τὸ
677 1505 888 1575 κάρφος
917 1504 1107 1570 τοῦτο,
1142 1505 1244 1559 κᾶν
1289 1506 1388 1577 ἔχῃ
1431 1508 1552 1560 ὅλον
1591 1493 1772 1560 αὖτόν·

193 1595 296 1647 καὶ
323 1595 450 1665 γὰρ,
474 1597 550 1660 ὡς
573 1597 736 1665 λέγω,
762 1599 821 1650 οὐ
851 1599 908 1650 τὸ
925 1597 1066 1668 ἔχειν
1085 1597 1330 1668 βλάπτει,
1365 1599 1500 1653 ἀλλὰ
1523 1599 1583 1653 τὸ
1612 1618 1779 1672 προσ-

197 1686 391 1752 παθῶς
425 1688 588 1757 ἔχειν.
617 1690 712 1752 Τίς
739 1690 839 1742 οὐκ
869 1686 1007 1743 οἶδεν
1034 1691 1114 1744 ὅτι
1167 1691 1497 1762 τιμιώτερόν
1538 1694 1684 1746 ἐστιν
1719 1692 1778 1758 ἐξ

190 1771 278 1831 ὧν
310 1782 528 1832 πάντων
569 1780 810 1850 εἴχομεν,
851 1783 910 1834 τὸ
948 1781 1138 1851 σῶμα;
1175 1784 1300 1847 Πῶς
1327 1779 1421 1837 οῦν
1455 1783 1650 1856 καιροῦ
1681 1802 1771 1838 καο

1886 595 2133 650 fidelibus
2160 593 2218 647 in
2256 593 2432 661 ipsum
2465 590 2833 647 credentibus.
2861 588 3014 643 Licet
3043 588 3188 641 enim
3218 595 3273 640 ct
3317 601 3460 639 nunc

1879 687 2131 752 credere;
2179 693 2233 740 et
2268 684 2338 739 ab
2378 684 2479 738 hac
2505 683 2592 736 die
2623 680 2880 750 incipere,
2931 679 2975 734 si
3026 678 3274 732 velimus.
3323 675 3460 730 Nam

1878 777 2106 830 arbitrio
2147 781 2334 828 nostro
2389 773 2735 827 desiderante
2783 779 2838 824 et
2879 768 3055 838 gratia
3083 768 3213 820 ‘vim
3271 768 3459 832 dante,

1879 869 2005 924 licet
2041 867 2214 922 cuivis
2242 864 2439 920 volenti
2475 870 2647 918 totum
2697 861 2955 915 mundum
2999 876 3095 930 pro
3147 859 3317 913 nihilo
3363 860 3462 912 ha-

1879 962 2026 1015 bere.
2069 958 2140 1014 Et
2172 958 2420 1026 capiebat
2450 956 2503 1010 in
2551 969 2771 1009 manum
2807 952 3066 1023 quidquid
3104 952 3336 1023 primum
3365 964 3462 1004 θος

1879 1059 2147 1117 curreret,
2190 1060 2319 1120 puta
2365 1049 2656 1114 festucam,
2700 1046 2947 1101 centonis
2998 1044 3311 1108 frustulum,
3371 1050 3466 1096 aut

1879 1142 1982 1197 vile
2007 1141 2281 1212 quidpiam
2314 1140 2617 1195 istiusmodi
2655 1156 2668 1192 :
2699 1149 2754 1193 et
2780 1138 2994 1193 dicebat
3025 1157 3036 1192 :
3068 1136 3201 1203 Quis
3243 1143 3466 1206 propter

1879 1236 1982 1291 hoc
2029 1243 2253 1306 pugnat,
2300 1242 2394 1289 aut
2438 1232 2739 1297 contendit,
2789 1241 2882 1287 aut
2929 1230 3174 1285 infensus
3229 1229 3321 1281 ulli
3359 1236 3462 1290 est,

1879 1336 1973 1381 aut
2001 1326 2236 1397 angitur,
2271 1325 2369 1378 nisi
2416 1325 2506 1393 qui
2539 1339 2666 1379 vere
2714 1338 2872 1378 usum
2911 1322 3138 1376 rationis
3183 1318 3466 1374 amiserit?

1878 1419 2045 1488 Igitur
2069 1417 2421 1489 progrediens
2453 1428 2504 1471 et
2532 1416 2824 1486 proficiens
2849 1415 2901 1468 in
2927 1415 3008 1467 via
3035 1412 3274 1483 Spiritus
3305 1412 3466 1464 homo

1881 1513 1977 1568 Dei
2009 1519 2176 1566 totum
2214 1511 2492 1573 mundum,
2516 1508 2617 1564 etsi
2653 1507 2963 1562 universum
3007 1504 3303 1574 possideat,
3358 1518 3466 1553 nun

1880 1603 2072 1675 majori
2103 1602 2336 1658 aestimat
2369 1601 2542 1671 pretio
2575 1614 2737 1669 quant
2785 1597 3044 1652 festucam
3080 1595 3242 1649 hanc.
3277 1592 3468 1646 Enim-

1879 1711 2031 1764 vero,
2059 1695 2213 1763 juxta
2265 1708 2440 1748 meam
2487 1690 2837 1754 sententiam,
2874 1687 2925 1741 id
2966 1688 3109 1757 quod
3146 1683 3468 1756 perfectioni

1885 1788 1978 1844 Dei
2014 1802 2302 1844 servorum
2371 1793 2546 1848 nocet,
2599 1797 2703 1837 non
2758 1789 2866 1845 est,
2915 1779 3146 1844 habere;
3206 1776 3300 1832 sed
3347 1788 3468 1829 cum

191 1869 418 1933 λοῦντος
448 1873 902 1940 προστετάγμεθα
930 1878 1325 1945 καταφρονεῖν;
1358 1875 1471 1929 Καὶ
1496 1853 1592 1930 ἐάν
1613 1878 1777 1931 αὑτοῦ

1886 1881 2195 1938 adbtesione
2220 1878 2443 1934 affectus
2487 1875 2710 1932 habere.
2740 1873 2874 1941 Quis
2907 1857 3094 1927 nescit
3123 1885 3302 1924 rerum
3333 1882 3470 1936 quas

189 1960 295 2016 ⁸’.τοῦ
339 1963 618 2030 σώματος,
653 1963 831 2034 πολλῷ
889 1965 1088 2033 μᾶλλον
1139 1968 1236 2020 καὶ
1286 1966 1396 2021 τῶν
1439 1969 1617 2032 ἐκτός.
1669 1969 1781 2024 Καὶ

191 2047 474 2118 ἐμέμνητο
498 2049 590 2101 τοῦ
620 2051 850 2119 ἀδελφοῦ
885 2051 1096 2122 ἔχοντος
1127 2055 1194 2108 τὰ
1223 2055 1453 2126 λάχανα,
1486 2060 1582 2112 καὶ
1602 2059 1777 2129 ἔλεγε·

189 2135 290 2204 Μὴ
318 2137 423 2206 γὰρ
445 2137 547 2188 οὐκ
568 2138 841 2204 ἔσπειρεν,
870 2141 968 2193 οὐκ
994 2143 1314 2208 ἐκοπίασεν,
1341 2145 1440 2198 οὐκ
1464 2145 1778 2215 ἐφύτευσεν,

189 2225 298 2278 οὐκ
321 2227 725 2309 ἐφιλοκάλησεν,
755 2230 827 2300 μὴ
859 2232 1215 2304 ἐξερρίζωσεν
1246 2235 1383 2288 αὐτὰ
1419 2238 1509 2289 καὶ
1535 2237 1778 2309 ἔρριψεν·

189 2317 313 2370 ἀλλ’
341 2321 489 2388 ὅμως
519 2317 664 2391 εἶχεν
691 2324 829 2376 αὐτὰ
853 2325 927 2388 ὡς
957 2326 1031 2396 μὴ
1087 2326 1248 2396 ἔχων·
1291 2328 1483 2398 ἀμέλει
1515 2331 1602 2383 ὅτε
1636 2348 1780 2402 παρ-

189 2409 421 2465 έϐαλλεν
449 2414 476 2465 ὁ
507 2414 685 2484 γέρων
717 2415 1007 2486 δοκιμάσαι
1041 2418 1210 2471 θέλων
1237 2420 1420 2474 αὐτόν’
1451 2423 1546 2476 καὶ
1578 2423 1781 2494 ἤρξατο

191 2500 504 2570 συντρίϐειν
570 2504 729 2566 αὐτὰ,
764 2504 884 2557 οὐδὲ
920 2505 1170 2576 ἐλογίσθη
1205 2507 1364 2560 αὐτά’
1396 2510 1491 2562 καὶ
1530 2510 1619 2562 ὅτε
1675 2511 1781 2563 άπ-

189 2590 218 2642 έ
232 2607 413 2657 μεινεν
435 2592 532 2661 μία
549 2592 694 2662 ῥίζα,
713 2595 831 2646 τότε
852 2591 1005 2648 εἶπεν
1032 2596 1201 2665 αὐτῷ’
1220 2598 1345 2651 Ἐάν
1363 2597 1544 2670 θέλῃς,
1574 2600 1776 2672 Πάτερ,

193 2679 336 2749 ἄφες
361 2683 513 2746 αὐτὸ,
539 2685 632 2737 καὶ
660 2686 924 2755 ποιοῦμεν
954 2689 1034 2750 είς
1063 2688 1195 2741 αὐτὸ
1215 2689 1458 2759 ἀγάπην,
1492 2690 1612 2743 τότε
1635 2689 1777 2758 ἔγνω

189 2776 224 2826 ὁ
258 2775 430 2840 ἅγιος·
464 2776 545 2828 ὅτι
577 2777 763 2841 δοῦλος
791 2779 883 2832 τοῦ
920 2779 1054 2832 Θεοῦ
1087 2781 1205 2833 ἐστι
1225 2823 1240 2846 ,
1265 2781 1361 2834 καὶ⁵
1392 2783 1513 2852 οὐχὶ
1545 2782 1650 2835 τῶν
1680 2782 1778 2836 λα-

189 2865 399 2937 χάνων⁶
429 2868 522 2921 καὶ
543 2868 694 2937 λέγει
718 2869 886 2939 αὐτῷ·
905 2869 1320 2923 Ἀναπέπαυται
1350 2871 1410 2925 τὸ
1431 2871 1655 2942 Πνεῦμα
1683 2871 1776 2926 τοῦ

190 2957 330 3012 Θεοῦ
370 2961 463 3012 ἐπὶ
503 2960 597 3025 σὲ,
631 2960 846 3029 ἀδελφέ.
884 2962 948 3014 Εἰ
979 2961 1037 3014 δὲ
1071 2962 1405 3033 προσπαθῶς
1438 2959 1550 3033 εἶχε
1583 2965 1651 3018 τά
1680 2965 1778 3018 λά-

193 3067 336 3120 χανα
357 3090 370 3115 ,
406 3051 709 3105 ἐδεικνύετο
741 3052 945 3116 εὐθέως
985 3053 1073 3108 διὰ
1120 3054 1182 3107 τὸ
1231 3053 1514 3108 θλίϐεσθαι
1547 3057 1642 3108 καὶ
1675 3073 1775 3108 τα-

196 3141 521 3212 ράσσεσθαι·
548 3143 663 3196 ἀλλ’
703 3144 901 3208 ἔδειξεν
931 3147 1011 3197 ὅτι
1058 3142 1171 3215 εἶχε
1204 3147 1343 3198 αὐτὰ
1383 3147 1461 3210 ὡς
1493 3148 1566 3217 μὴ
1611 3148 1772 3219 ἔχων.

194 3233 308 3287 Καὶ
340 3232 529 3300 ἔλεγεν
554 3235 634 3287 ὅτι
675 3235 1027 3304 σημειοῦνται
1055 3236 1121 3290 τὰ
1150 3237 1374 3291 τοιαῦτα
1401 3241 1449 3292 ol
1484 3239 1736 3310 δαίμονες
1762 3259 1776 3272 ο

195 3323 294 3376 καὶ
331 3324 424 3376 ἐὰν
449 3325 599 3378 ἴδωσί
629 3342 750 3378 τινα
779 3326 1150 3397 ἅπροσπαθῶς
1187 3327 1378 3399 ἔχοντα
1422 3333 1502 3395 εἰς
1535 3332 1604 3386 τὰ
1631 3335 1776 3404 πρά-

195 3429 386 3484 γματα
422 3413 510 3468 διὰ
536 3415 597 3468 τὸ
630 3415 706 3487 μὴ
743 3418 1131 3488 ταράττεσθαι,
1166 3420 1534 3487 γινώσκουσιν
1567 3424 1651 3476 ὅτι
1683 3419 1777 3478 οῦ-

197 3522 290 3568 τος
323 3507 422 3575 μὲν
465 3511 759 3578 περιπατεῖ
787 3509 846 3561 ὲν
883 3511 948 3580 τῇ
980 3512 1049 3582 γῇ
1072 3526 1085 3539 ’
1137 3512 1237 3566 οὐκ
1275 3512 1389 3584 ἔχει
1416 3514 1474 3568 δὲ
1521 3517 1778 3589 φρόνημα

197 3597 356 3665 ὲπίγε
367 3615 443 3651 ιον
477 3600 533 3650 ὲν
565 3600 765 3672 ἐαυτῷ.

1885 1972 2150 2028 habemus
2173 1971 2414 2026 omnium
2443 1966 2898 2037 pretiosissimum
2933 1962 3231 2018 existimari
3269 1974 3470 2027 corpus

1884 2065 2079 2132 cuique
2119 2063 2416 2118 sutnniAn
2458 2076 2564 2114 non
2603 2069 2780 2114 tamen
2807 2056 2860 2110 in
2891 2055 3060 2111 certis
3088 2053 3471 2109 occasionibus

1883 2155 2257 2224 prtescribitur
2286 2152 2442 2208 nobis
2474 2151 2604 2205 illud
2636 2147 3025 2205 contemnere?
3058 2146 3212 2213 Quod
3247 2145 3290 2198 si
3324 2143 3470 2213 peri-

1883 2248 2005 2305 culo
2054 2248 2322 2303 interdum
2391 2259 2456 2300 ac
2508 2258 2664 2298 noxa:
2721 2241 3067 2313 praecipimur
3120 2252 3319 2307 corpus
3383 2250 3472 2289 no-

1883 2351 2055 2394 strum
2098 2339 2365 2405 olijiccre,
2420 2343 2627 2404 quanto
2681 2334 2855 2403 magis
2904 2347 2990 2387 res
3043 2326 3342 2385 externas?
3392 2327 3471 2381 Ac

1885 2430 2223 2484 memorabat
2253 2427 2304 2480 in
2358 2427 2407 2480 id
2441 2426 2776 2495 propositum
2811 2422 3116 2492 exemplum
3157 2419 3341 2474 fratris
3375 2433 3472 2474 cu-

1875 2520 2090 2590 jusdam
2128 2521 2206 2575 sic
2247 2519 2499 2575 habentis
2541 2521 2691 2575 olera
2725 2529 2782 2574 ut
2812 2520 2947 2575 liber
2989 2519 3057 2573 ab
3099 2516 3292 2574 affectu
3342 2531 3470 2585 erga

1880 2628 1944 2667 ca
1980 2614 2139 2684 plane
2174 2613 2334 2668 foret.
2385 2613 2596 2669 Habere
2627 2612 2778 2668 illurn
2806 2613 2949 2668 olera
3003 2611 3186 2682 negati
3219 2627 3322 2664 non
3371 2624 3469 2680 p0-

1883 2714 2054 2772 terat;
2096 2721 2162 2758 an
2197 2720 2300 2759 non
2337 2705 2481 2760 enim
2529 2720 2594 2760 ea
2632 2715 2868 2770 several,
2901 2703 3172 2758 laboriose
3214 2702 3472 2772 irrigare-

1882 2805 1987 2861 rat,
2015 2811 2144 2849 cura
2179 2796 2345 2850 multa
2385 2805 2730 2865 promoverat
2771 2795 2822 2850 in
2856 2795 3089 2850 virorem
3143 2793 3383 2848 adultum
3415 2800 3471 2847 et

1884 2885 2096 2956 plenam
2130 2886 2501 2941 habitudinem
2532 2887 2555 2940 ?
2582 2896 2838 2942 cartorum
2881 2901 2948 2941 an
2987 2901 3091 2940 non
3131 2887 3272 2940 idem
3317 2884 3470 2940 evul-

1883 2980 1956 3033 sit
1989 2978 2131 3033 ultro
2187 2978 2374 3032 eadem
2420 2993 2484 3033 ac
2531 2979 2778 3048 projecit,
2816 2993 2938 3033 cum
2995 2979 3046 3032 id
3096 2978 3211 3032 fieri
3257 2975 3472 3032 decuit?

1879 3067 2145 3122 Nimirum
2181 3068 2261 3124 sic
2293 3069 2526 3124 habebat
2566 3084 2629 3125 ea
2667 3070 2819 3139 quasi
2867 3085 2972 3125 non
3011 3070 3279 3124 haberet:
3312 3076 3474 3139 prout

1806 3185 1848 3239 ρ
1881 3161 2132 3227 apparuit
2181 3162 2399 3229 quando
2448 3163 2725 3231 ingressus
2768 3164 2981 3216 hortum
3035 3175 3200 3216 senex
3253 3159 3372 3228 ejus
3416 3161 3472 3214 in

1889 3249 2091 3320 Spiritu
2137 3251 2418 3322 magister,
2451 3253 2637 3308 volens
2684 3253 2933 3323 discipuli
2986 3254 3322 3323 propositum
3372 3267 3473 3307 cx-

1887 3338 2119 3405 plorare,
2166 3341 2334 3408 cmpit
2365 3341 2687 3397 conculca‘re
2726 3357 2790 3396 ac
2825 3352 3110 3397 conterere
3156 3343 3306 3411 ipsa,
3353 3340 3473 3395 nul-

1883 3430 1993 3482 lum
2034 3428 2238 3484 doloris
2284 3431 2500 3500 signum
2535 3431 2823 3486 hortulano
2866 3435 3100 3497 edente,
3134 3434 3216 3489 sic
3247 3449 3473 3504 prorsus

1889 3531 2141 3590 tanquam
2174 3521 2305 3576 nihil
2338 3524 2406 3578 ad
2439 3523 2614 3594 ipsum
2645 3524 2698 3580 id
2722 3533 3013 3595 spectaret.
3046 3526 3184 3591 Quin
3225 3524 3474 3581 animad-

1886 3623 2103 3669 vertens
2151 3615 2406 3669 omissam
2458 3630 2489 3667 a
2547 3614 2692 3671 fesso
2740 3618 2987 3671 vastandi
3047 3631 3178 3671 sene
3231 3626 3474 3671 teneram

198 3705 360 3745 unam
393 3693 563 3747 caulis
589 3694 847 3761 plantam,
880 3695 996 3760 Vis,
1036 3697 1135 3763 ait,
1161 3697 1343 3765 Pater,
1372 3707 1426 3755 et
1488 3701 1631 3756 hanc
1696 3704 2031 3769 excidamus,
2057 3716 2112 3760 et
2173 3723 2471 3775 cuquamus
2513 3721 2634 3762 eam
2707 3707 2760 3762 in
2793 3723 3004 3763 orenam
3053 3709 3292 3777 hospiti?
3322 3706 3479 3762 Tunc

195 3791 421 3837 sanctus
457 3783 544 3836 ille
583 3787 844 3857 magister
885 3788 1106 3858 agnovit
1133 3789 1388 3858 juvenem
1430 3795 1760 3850 monachum
1804 3797 1894 3852 Dei
1939 3813 2156 3854 servum
2238 3814 2378 3866 esse,
2428 3813 2533 3854 non
2611 3809 2791 3855 autem
2821 3801 3028 3856 olerum
3061 3819 3074 3855 :
3121 3811 3176 3855 et
3207 3801 3346 3855 dixit
3380 3801 3471 3855 ei:

196 3873 485 3943 Requievit
517 3876 750 3947 Spiritus
782 3879 876 3935 Dei
904 3896 1095 3951 super.
1129 3892 1205 3949 te,
1247 3883 1436 3940 frater.
1470 3884 1571 3943 llic
1612 3889 1659 3943 si
1708 3889 1904 3945 affectu
1950 3892 2234 3949 devinctus
2310 3893 2549 3950 oleribus
2597 3893 2808 3962 fuisset,
2879 3895 2930 3949 id
2983 3894 3314 3950 ostendisset
3362 3904 3474 3948 sta-

198 3970 318 4036 tim,
370 3970 712 4028 aﬂlictionem
769 3984 823 4029 et
881 3980 1372 4036 consternationem
1425 3987 1777 4040 monstrando
1816 3987 1942 4042 dum
1983 4002 2097 4043 rem
2131 3989 2234 4044 sibi
2266 4003 2450 4045 caram
2480 3991 2690 4045 videret
2754 3989 3139 4059 pessumdaci;
3197 4003 3340 4043 nunc
3369 3988 3474 4043 ista

195 4065 454 4131 patientia
486 4066 828 4122 manifestum
850 4069 994 4138 fecit,
1025 4086 1084 4127 se
1116 4073 1371 4131 habuisse
1401 4075 1490 4130 illa
1520 4086 1780 4147 tanquam
1829 4094 1938 4136 non
1983 4081 2235 4138 haberet.
2270 4083 2514 4139 Addebat
2553 4081 2799 4137 Zosimas
2831 4100 2844 4137 :
2912 4081 3090 4137 notari
3126 4081 3241 4136 ha’c
3282 4095 3311 4134 a
3367 4080 3476 4135 dae-

196 4161 449 4216 monibus
482 4181 494 4217 :
525 4179 724 4234 eosque
757 4166 844 4221 ubi
889 4168 1125 4225 viderint
1191 4171 1478 4241 quemdam
1530 4173 1898 4234 declarantem
1929 4178 2073 4234 haud
2111 4194 2171 4235 se
2236 4178 2434 4236 affectu
2458 4180 2740 4235 adhaerere
2788 4178 2949 4234 rebus
3023 4192 3159 4246 quas
3211 4174 3472 4245 possidel.

195 4253 326 4305 dum
360 4267 545 4307 earum
572 4256 843 4324 jacturam
879 4275 1072 4316 sereno
1110 4269 1167 4317 et
1204 4263 1599 4333 imperturbata
1643 4267 1847 4337 patitur
1911 4269 2118 4335 animo,
2187 4271 2514 4342 intelligere,
2554 4269 2717 4325 talem
2779 4269 2862 4324 sic
2894 4269 2945 4323 in
2981 4279 3126 4324 terra
3159 4268 3282 4322 amb
3297 4265 3472 4332 ulare,

196 4354 260 4399 ut
288 4354 463 4400 tamen
501 4355 713 4402 terrena
743 4364 849 4403 non
880 4353 1074 4420 sapiat.

271 4436 346 4495 θ’.
407 4437 603 4505 Ἔλεγε
648 4436 812 4492 πάλιν
859 4440 941 4492 ὅτι
988 4443 1158 4512 ὁρμαὶ
1206 4445 1583 4518 προαιρέσεών
1631 4450 1769 4502 είσι’

1949 4446 2014 4504 ll.
2057 4445 2195 4502 dixit
2243 4461 2434 4502 rursus
2463 4446 2715 4503 Zosimas
2743 4483 2757 4508 9
2790 4447 3200 4518 Propositorum
3236 4451 3472 4521 impetus

194 4529 293 4581 καὶ
327 4528 547 4581 δύναται
575 4531 892 4601 προαίρεσις
927 4532 1102 4604 θερμὴ
1129 4536 1186 4588 ἐν
1219 4538 1318 4607 μιᾷ
1345 4537 1466 4608 ὥρᾳ
1509 4540 1772 4610 προσενέ-

1880 4539 2096 4610 quidam
2127 4548 2273 4605 sunt,
2308 4540 2466 4611 queis
2517 4554 2580 4596 ea
2613 4540 3083 4596 discriminantur.
3122 4542 3470 4612 Propositum

193 4636 330 4686 γκαι
362 4619 441 4690 τῷ
469 4620 586 4690 eaq»
616 4621 758 4692 άπερ
785 4624 846 4675 οὑ
874 4627 1198 4698 προσφέρει*
1231 4629 1344 4682 ἀλλ’
1383 4633 1417 4700 ἡ
1450 4631 1772 4704 προαίρεσις

1880 4631 2165 4686 incitatum
2210 4642 2266 4686 et
2298 4631 2515 4686 fervens
2560 4647 2666 4686 una
2708 4633 2839 4687 hora
2886 4631 3007 4700 plus
3050 4642 3228 4700 potest
3271 4617 3472 4688 υσθυε-ιι

195 4707 382 4776 νωθρὰ
414 4704 548 4762 οῦσα
576 4711 677 4763 οὐκ
707 4713 938 4782 ἐνεργεῖ.
1467 4704 1475 4708 Ἰ

1880 4722 1992 4778 Deo
2021 4737 2182 4793 quam
2224 4737 2282 4777 re
2323 4724 2436 4793 ipsa
2466 4722 2693 4788 oﬂ'erat;
2744 4733 2801 4779 et
2848 4738 2959 4779 rem
2994 4725 3260 4780 exhibens
3305 4740 3472 4780 unam

196 4811 255 4855 et
296 4804 582 4867 modicam,
665 4805 892 4872 plurium
944 4818 998 4863 et
1073 4827 1386 4880 magnarum
1466 4817 1717 4870 meritum
1793 4817 2013 4872 lucrari.
2057 4817 2100 4871 E
2145 4818 2421 4872 contrario
2471 4818 2806 4887 propositum
2894 4819 3106 4888 pigrum
3160 4828 3215 4872 ct
3255 4817 3468 4888 langui-

197 4897 349 4960 dum,
383 4911 447 4951 ne
472 4899 522 4952 id
564 4901 777 4969 quidem
820 4905 930 4972 agit
964 4907 1104 4973 quod
1168 4909 1379 4962 videtur
1417 4924 1598 4980 agere,
1673 4911 1911 4968 invalido
1980 4921 2037 4968 et
2080 4914 2230 4981 segni
2314 4922 2461 4968 motu
2502 4929 2606 4968 non
2672 4913 2985 4983 pertingens
3031 4928 3204 4982 usque
3251 4915 3319 4969 ad
3354 4914 3474 4984 pla-

197 4989 427 5041 cendum
461 4989 588 5044 Deo.

276 5081 385 5132 Καὶ
426 5082 520 5133 ἐὰν
571 5084 756 5138 ἴδωσιν
803 5086 853 5137 οἱ
900 5086 1156 5156 δαίμονες
1219 5091 1300 5144 ὅτι
1334 5093 1566 5165 ὑϐρίσθη
1618 5114 1701 5160 τις
1742 5099 1776 5168 ἢ

196 5171 502 5240 ἡτιμάσθη,
533 5174 565 5243 ἢ
591 5176 868 5248 ἐζημιώθη
887 5218 901 5242 ,
925 5180 958 5248 ἢ
989 5182 1096 5234 πᾶν
1119 5183 1297 5236 ὁτιοῦν
1320 5183 1486 5239 ἔπαθε
1505 5227 1519 5251 ,
1546 5189 1641 5242 καὶ
1671 5189 1784 5242 θλί-

199 5262 354 5315 ϐεται
379 5303 393 5326 ,
425 5265 523 5333 οὐχ
567 5265 649 5317 ὅτι
693 5267 861 5322 ἔπαθε
901 5274 1119 5340 κακῶς,
1168 5275 1281 5328 ἀλλ’
1312 5278 1394 5331 ὃτι
1439 5279 1539 5332 οὐκ
1573 5281 1774 5350 ἤνεγκε

199 5354 462 5421 γενναίως
496 5356 591 5424 τὴν
622 5359 875 5430 τοιαύτην
918 5364 1115 5434 ὁρμὴν,
1171 5366 1464 5436 φοϐοῦνται
1500 5373 1549 5423 οἱ
1594 5372 1782 5442 δαίμοσ-

200 5459 308 5504 νες·
341 5445 665 5511 γινώσκουσι
714 5449 821 5518 γὰρ
853 5452 933 5505 ὅτι
965 5453 1142 5524 ἥψατο
1185 5458 1283 5528 τῆς
1343 5459 1463 5513 ὀδοῦ
1505 5461 1604 5530 τῆς
1650 5462 1782 5532 άλη-

203 5533 390 5597 θείας,
443 5538 537 5590 καὶ
582 5538 828 5608 βούλεται
878 5551 1198 5615 περιπατεῖν
1248 5551 1388 5604 κατὰ
1422 5551 1520 5616 τὰς
1563 5553 1783 5617 ἐντολάς

204 5625 299 5678 τοῦ
337 5627 490 5681 Θεοῦ·
538 5632 634 5684 καὶ
674 5634 950 5704 ἐμέμνητο
988 5639 1080 5690 τοῦ
1125 5641 1281 5708 ἁγίου
1339 5643 1634 5714 Ιῐαχωμίου
1693 5646 1782 5697 ὅτε

1960 5098 2019 5154 Si
2051 5099 2282 5152 viderint
2313 5099 2583 5153 daemones
2633 5097 2941 5168 quempiam
2985 5107 3078 5152 aut
3112 5097 3332 5166 injuria,
3376 5109 3472 5155 aut

1886 5188 2238 5254 contumelia,
2281 5199 2372 5242 aut
2401 5189 2599 5243 damno
2655 5188 2929 5253 affectum,
2961 5189 3043 5245 vel
3082 5191 3226 5243 aliud
3268 5191 3468 5245 malum

1885 5280 2248 5349 quodcunque
2293 5294 2508 5347 passum
2543 5281 2675 5347 :qui
2719 5281 2983 5346 tristetur,
3030 5297 3136 5337 non
3195 5286 3321 5355 quia
3371 5286 3472 5340 im~

1886 5369 2080 5423 merito
2109 5369 2162 5425 id
2199 5371 2324 5425 mali
2376 5385 2569 5441 passus
2615 5380 2700 5426 est
2723 5407 2740 5436 ,
2775 5373 2869 5427 sed
2914 5374 3056 5442 quod
3094 5374 3143 5427 id
3175 5378 3469 5445 qualecun-

1884 5473 1991 5530 que
2018 5460 2420 5517 incommodum
2449 5477 2553 5517 non
2583 5463 2766 5518 tulerit
2790 5479 3087 5532 generose:
3117 5467 3278 5522 talem
3313 5469 3470 5524 istius

1885 5562 2090 5606 motum
2146 5552 2314 5608 animi
2386 5555 2659 5610 daamones
2725 5555 3100 5610 reformidant.
3159 5555 3471 5628 Intelliguut

1881 5645 2025 5698 enim
2060 5644 2196 5701 hunc
2233 5655 2418 5700 tenere
2454 5647 2595 5700 viam
2639 5647 2907 5714 veritatis,
2952 5658 3008 5703 et
3042 5648 3177 5702 vclle
3214 5649 3470 5707 incedere

204 5716 541 5785 κατέκραζεν
571 5723 599 5772 ὁ
641 5723 865 5793 ἁδελφὸς
905 5727 1068 5780 αὐτοῦ
1099 5730 1125 5780 ὁ
1163 5731 1361 5799 μείζων
1403 5733 1597 5800 λέγων’
1639 5735 1777 5787 Παῦ-

1880 5733 2028 5800 juxta
2066 5737 2318 5790 mandata
2355 5735 2446 5789 Dei
2477 5753 2488 5788 :
2521 5736 2718 5806 quippe
2757 5738 2847 5807 qui
2888 5730 3194 5794 meminerit
3231 5739 3466 5808 cxcntpli

211 5823 299 5860 σαι
347 5808 615 5879 πέρπερος
659 5813 730 5866 ὢν
768 5817 1027 5873 πλατῦναι
1079 5813 1246 5876 θέλων
1288 5825 1346 5876 τὸ
1393 5808 1773 5896 μοναστήριον,

1883 5824 1994 5880 dati
2042 5841 2070 5880 a
2109 5835 2300 5882 sancto
2349 5825 2658 5895 l'achumiu,
2699 5827 2749 5884 id
2801 5828 3085 5886 imitando.
3135 5831 3269 5886 Cum
3318 5832 3473 5887 enim
