4114 6426
182 420 322 487 1685

1624 392 2020 466 ALLOQUIA.

3316 377 3332 438 1
3346 376 3451 440 686

179 529 260 584 ὢν
303 527 332 580 ὁ
358 523 566 594 Κύριος
605 518 763 590 ἡμῶν
800 513 935 586 πρὸς
962 511 1062 576 τὰς
1096 510 1291 571 κακίας
1345 505 1522 576 ἡμῶν,
1555 503 1755 594 ἔδωκεν

1861 513 2017 569 quem
2055 505 2108 550 ut
2160 494 2481 550 maledicum
2533 500 2626 547 aut
2670 491 2972 547 malellcum
3010 501 3257 553 accusas,
3296 488 3439 556 quod

178 612 406 676 ιντολὰς
450 592 823 678 καθαιρούσας
872 603 1041 665 αὑτὰς
1088 600 1243 670 δίκην
1294 595 1621 665 καυστήρων
1665 592 1759 645 καὶ

178 704 517 777 καθαρσίων·
546 705 574 755 ό
603 700 788 753 τοίνυν
820 696 1145 767 βουλόμενος
1173 691 1269 744 καὶ
1291 687 1472 742 ποθῶν
1505 685 1758 777 ἰαθῆναι,

176 776 394 865 ἀνάγκη
435 792 597 847 αὑτὸν
642 790 936 856 ὑπομεῖναι
982 786 1052 838 τὰ
1092 782 1465 852 ἐπιφερόμενα
1513 777 1616 832 ὑπὸ
1665 776 1759 831 τοῦ

182 884 395 955 ἰατροῦ,
433 882 570 952 μετά
610 879 774 932 πόνου
823 877 921 930 καὶ
961 874 1193 944 σιωπῆς·
1242 871 1503 941 οὐδὲγὰρ
1532 872 1559 922 ό
1588 868 1760 922 νοσῶν

178 974 354 1043 ἡδέως
382 972 494 1041 εχει
521 968 615 1025 τοῦ
641 969 934 1039 τέμνεσθαι
964 966 1059 1020 καὶ
1087 962 1306 1017 καίεθαι
1326 1003 1340 1028 ,
1369 962 1401 1032 ἢ
1438 959 1623 1013 λαϐεῖν
1659 974 1757 1011 κα-

178 1064 427 1136 θάρσιον·
461 1062 609 1130 ὅμως
640 1059 818 1113 πείθει
858 1056 1040 1122 αὑτὸν,
1083 1057 1164 1109 ὅτι
1195 1053 1364 1125 χωρὶς
1396 1050 1601 1104 τούτων
1634 1046 1760 1103 ἀδύ-

162 1162 341 1207 ’νατον
370 1150 756 1220 ἀπαλλαγῆναι
782 1151 880 1219 τῆς
923 1148 1099 1201 νόσου·
1132 1146 1227 1199 καὶ
1266 1141 1454 1196 λοιπὸν
1482 1139 1760 1194 ἐκδίδωσιν

177 1244 377 1298 ἑαυτὸν
401 1244 479 1313 τῷ
511 1242 702 1312 ἰατρῷ,
736 1240 891 1304 εἰδὼς
914 1241 992 1293 ὅτι
1018 1236 1105 1291 διά
1134 1236 1336 1307 μικρᾶς
1361 1233 1557 1303 ἀηδίας
1584 1231 1760 1285 ἀπαλ-

175 1336 446 1389 λάσσεται
466 1334 666 1402 πολλῆς
689 1330 1032 1402 κακοχυμιας
1060 1329 1154 1382 καὶ
1186 1321 1546 1395 πολυχρονίας
1574 1322 1753 1375 νόσου.

1859 606 1955 661 per
1987 604 2114 644 eum
2153 588 2451 658 cognovisti
2486 586 2629 639 viam
2673 584 2843 639 morbi
2886 584 2984 648 tui,
3022 598 3149 651 qua,
3184 590 3237 634 ct
3265 593 3442 648 quan-

1861 698 1967 741 tam
1995 694 2143 738 tuam
2176 683 2240 736 ad
2279 681 2577 752 perniciem
2604 690 2891 750 grassetur
2923 696 2936 731 :
2964 691 3133 746 quare
3161 675 3301 728 dicta
3328 671 3446 738 ejus

1858 786 1907 832 et
1943 774 2081 829 facta
2113 772 2355 826 insuavia
2385 770 2503 835 tibi,
2533 770 2698 824 debes
2726 769 2792 821 ab
2817 782 2879 820 eo
2910 768 3159 834 accipere
3187 772 3441 829 tanquam

1860 864 2162 920 medicinas
2210 860 2503 925 salutares,
2559 860 2753 914 missas
2792 858 2860 911 ad
2912 865 2961 910 te
3017 872 3044 909 ιι
3096 853 3250 908 Jesu.
3294 849 3446 917 Quod

1862 956 1905 1011 si
1938 969 2042 1009 non
2066 953 2241 1008 solum
2274 967 2381 1006 non
2408 950 2615 1018 gratias
2642 949 2756 1019 agis
2788 966 2801 1002 :
2834 947 2927 1002 sed
2961 945 3132 1009 doles,
3162 943 3256 996 sed
3283 940 3449 994 vicis-

1865 1048 1967 1103 sim
2006 1044 2352 1107 conviciaris,
2394 1042 2632 1096 vicissim
2667 1056 2911 1107 accusas,
2950 1048 3003 1092 et
3047 1035 3218 1091 nectis
3258 1040 3446 1088 contra

1868 1140 2038 1209 ipsum
2098 1135 2538 1190 machinationes
2580 1134 2872 1189 vindictam
2929 1131 3238 1193 meditans,
3283 1124 3449 1180 tacite

1868 1226 2003 1282 dicis
2042 1226 2259 1281 Christo
2286 1222 2439 1290 Iesu,
2489 1234 2582 1278 aut
2621 1227 2800 1293 potius
2848 1230 3034 1277 exerte
3086 1234 3149 1273 ac
3195 1217 3443 1271 diserte:

1854 1316 1990 1374 Nolo
2023 1318 2202 1373 curari
2234 1333 2262 1371 a
2296 1326 2382 1373 te:
2410 1318 2537 1371 nolo
2567 1330 2784 1370 sumere
2812 1313 3106 1368 medicinas
3133 1319 3289 1362 tuas:
3328 1304 3448 1358 volo

175 1427 447 1497 Καυστὴρ
477 1427 535 1481 δὲ
558 1397 652 1478 τού
690 1397 863 1495 ἰησού
892 1397 1038 1475 ἐστιν
1080 1420 1109 1472 ό
1140 1417 1431 1486 ὑποφέρων
1461 1414 1686 1485 ζημίαν.

1861 1408 2137 1479 putreﬁeri
2197 1408 2250 1461 in
2319 1409 2457 1463 meis
2508 1407 2821 1461 vulneribus
2867 1421 2880 1457 :
2930 1402 3048 1457 volo
3110 1397 3448 1456 daemonibus

173 1490 430 1572 obedire:
457 1516 649 1572 Nescio
678 1490 981 1569 Dominum.
1012 1513 1073 1566 Et
1102 1511 1224 1581 quis
1253 1510 1340 1562 illc
1375 1516 1481 1571 est,
1527 1515 1586 1560 ut
1629 1503 1881 1559 obediam
1930 1500 2045 1556 voci
2089 1499 2287 1568 cjus'?
2354 1499 2494 1566 Quid
2572 1512 2701 1568 ergo
2776 1498 2842 1551 de
2912 1507 3111 1551 caetero
3156 1494 3317 1547 faciet
3353 1490 3449 1544 Do-

174 1609 404 1664 minus?
454 1607 586 1661 Cum
621 1607 692 1662 sit
724 1608 894 1662 bonus
940 1604 1202 1658 Dominus
1246 1610 1430 1656 noster
1488 1607 1544 1654 et
1616 1596 1898 1665 indulgens
1965 1610 2093 1665 erga
2147 1602 2362 1649 nostras
2404 1592 2771 1661 iniquitates:
2816 1590 2964 1645 dedit
3008 1589 3259 1643 mandata
3303 1603 3433 1642 san-

187 1710 277 1754 cta
309 1700 591 1767 purgantia
633 1698 777 1768 ipsas
806 1698 981 1751 instar
1012 1694 1377 1749 cauteriorum
1419 1701 1472 1745 et
1501 1692 1938 1761 pharmacorum.
2002 1686 2103 1753 Qui
2135 1699 2267 1755 ergo
2329 1683 2442 1738 vult
2472 1692 2527 1739 et
2590 1683 2867 1739 desiderat
2914 1682 3119 1745 curari,
3188 1680 3444 1736 admittat

173 1800 396 1859 oportet
424 1800 479 1846 et
518 1793 779 1846 sustineat
811 1802 1143 1859 quacunque
1172 1786 1253 1842 vel
1296 1783 1616 1847 oﬂ‘eruntur,
1670 1780 1751 1835 vel
1793 1780 2103 1835 inferuntur
2125 1779 2175 1832 ei
2208 1792 2235 1830 ιι
2275 1776 2509 1843 medico,
2582 1777 2866 1843 sustineat,
2904 1777 3149 1846 inquam,
3185 1788 3307 1828 cum
3353 1787 3450 1841 pa-

174 1882 367 1935 tientia
398 1882 600 1937 doloris
655 1893 865 1936 etcum
897 1878 1132 1934 silentio.
1184 1873 1322 1930 Nam
1362 1889 1463 1929 nec
1524 1872 1616 1941 qui
1686 1878 1913 1938 aegrotat
1959 1882 2209 1936 corpore,
2248 1866 2544 1936 jucundum
2607 1867 2907 1935 experitur,
2970 1864 3170 1927 secari,
3226 1862 3329 1926 uri,
3383 1871 3441 1915 et

174 1974 401 2027 sorbere
432 1987 644 2026 amaras
676 1972 954 2041 potiones;
996 1980 1174 2023 tamen
1203 1965 1425 2022 cohibet
1453 1978 1533 2027 se,
1565 1977 1630 2017 ac
1657 1962 1757 2016 sibi
1798 1961 2089 2029 persuadet
2162 1958 2499 2013 tolerantiam
2582 1958 2767 2039 talium
2806 1956 3192 2016 acerbitatum,
3241 1953 3450 2022 absque

174 2059 267 2115 bis
297 2063 493 2127 sciens,
534 2061 676 2116 haud
741 2076 799 2117 se
859 2074 1019 2130 posse
1063 2058 1349 2113 liberaria
1388 2055 1667 2124 languore,
1736 2053 1992 2120 quocirca
2050 2060 2220 2106 totum
2276 2065 2335 2105 se
2392 2049 2660 2120 permittit
2730 2048 2979 2115 medico;
3052 2060 3289 2115 gnarus,
3354 2060 3453 2116 per

177 2153 341 2207 istam
380 2154 645 2209 modicam
688 2152 989 2207 molestiam
1019 2148 1305 2221 expulsum
1388 2146 1454 2201 iri
1498 2160 1528 2199 a
1593 2159 1656 2199 se
1726 2154 2044 2212 conceptum
2127 2143 2427 2197 visceribus
2470 2156 2576 2211 quo
2621 2140 2763 2195 male
2828 2146 3112 2209 torquetur
3159 2139 3345 2201 virus,
3397 2143 3456 2190 et

176 2248 492 2317 diuturnam
520 2263 625 2316 qua
674 2246 877 2303 sensim
950 2244 1250 2300 absumitur
1326 2240 1701 2313 aegritudinem
1734 2240 2135 2295 excutiendam.
2178 2238 2485 2310 Chirurgus
2527 2245 2704 2293 autem
2774 2251 2967 2292 secans
3031 2249 3303 2304 urensquc
3342 2234 3447 2288 Do-

178 2339 315 2393 mini
344 2336 470 2391 Iesu
499 2345 600 2403 est,
634 2337 736 2392 iste
761 2337 940 2391 damni
975 2347 1068 2390 aut
1100 2335 1309 2405 injuria:
1335 2334 1535 2389 illator.

253 2434 326 2486 Δ’.
370 2432 479 2485 Καὶ
529 2432 748 2499 ἔλεγεν·
803 2432 1051 2503 Ἀπαρον
1099 2433 1223 2493 τοὺς
1268 2428 1611 2500 πειρασμοὺς
1664 2426 1758 2479 καὶ
1792 2438 1830 2490 Β

176 2524 475 2591 λογισμοὺς
501 2561 516 2586 ,
567 2523 661 2575 καὶ
702 2523 877 2585 οὐδεὶς
906 2523 1079 2590 ἅγιος·
1117 2522 1146 2572 ὁ
1203 2521 1420 2587 φεύγων
1451 2516 1757 2587 πειρασμὸν

176 2610 437 2679 ὲπωφελῆ
463 2650 475 2673 ,
508 2611 699 2679 φεύγει
730 2611 874 2681 ζωὴν
925 2612 1161 2666 αἰώνιον·
1215 2607 1348 2663 Eius.
1385 2609 1491 2678 γάρ
1541 2624 1624 2670 τις
1652 2607 1757 2660 τῶν

204 2699 399 2766 ἁγίων·
465 2700 561 2762 Τίς
592 2701 923 2769 προεξένησε
973 2704 1086 2764 τοῖς
1130 2701 1308 2767 ἁγίοις
1358 2700 1593 2769 μάρτυσι
1630 2700 1757 2758 τοὺς

178 2791 480 2861 στεφάνους
529 2791 800 2855 ἐκείνους,
850 2792 897 2844 εἰ
931 2792 1005 2863 μὴ
1040 2794 1087 2843 oi
1132 2791 1488 2859 ἀδικήσαντες
1518 2790 1755 2853 αύτούς;

176 2882 279 2944 Τίς
308 2882 619 2951 ἐδωρήσατο
665 2882 740 2952 τῷ
780 2883 920 2953 ἀγίῳ
972 2884 1231 2951 Στεφάνῳ
1278 2884 1534 2947 τοιαύτην
1600 2880 1757 2947 δόξαν

176 2975 249 3042 ἢν
272 2974 545 3043 ἐποίησεν,
580 2975 627 3026 εἰ
672 2976 747 3045 μὴ
781 2978 831 3026 οἱ
867 2974 1186 3037 λιθάσαντες
1217 2975 1420 3039 dimov;
1455 2974 1563 3027 Καὶ
1620 2991 1754 3045 προ⁴

174 3066 379 3136 ἐφερεν
424 3064 510 3117 ἀεὶ
542 3064 640 3135 τὴν
670 3066 863 3135 χρῆσιν
894 3065 986 3117 τοῦ
1009 3066 1187 3133 ἁγίου,
1213 3066 1293 3119 ὅτι
1333 3063 1473 3132 Ἐγὼ
1498 3064 1625 3127 τοὺς
1660 3064 1757 3133 ἐμὲ

179 3157 621 3228 κατηγοροῦντας
673 3158 772 3208 οὐκ
796 3157 1093 3227 αἰτιῶμαι,
1140 3157 1275 3210 ἀλλά
1326 3158 1420 3209 καὶ
1465 3156 1757 3223 εὐεργέτας

177 3251 332 3305 καλῶ
355 3252 449 3304 καὶ
482 3250 591 3319 ἔχω
623 3250 810 3319 ἐμούς·
845 3252 934 3303 καὶ
963 3250 1063 3302 οὐκ
1090 3248 1419 3318 ἀπωθοῦμαι
1453 3248 1545 3301 τὸν
1576 3247 1757 3317 ίατρδν

176 3344 290 3396 τῶν
321 3342 505 3411 ψυχῶν
534 3343 823 3411 φάρμακον
857 3341 1079 3411 ἀτιμίας
1110 3341 1455 3410 προσάγοντα
1500 3340 1759 3411 κενοδόξῳ

175 3434 350 3504 ψυχῇ·
379 3434 474 3487 καὶ
494 3434 708 3488 δέδοικα
734 3435 807 3504 μή
840 3450 969 3486 ποτε
1000 3434 1095 3486 καὶ
1123 3433 1250 3504 περὶ
1272 3433 1373 3503 τῆς
1400 3433 1579 3503 ψυχῆς
1604 3434 1753 3503 εἴπη-

179 3525 606 3593 Ἰατρεύσαμεν
645 3524 760 3589 τὴν
802 3522 1152 3588 Βαϐυλῶνα,
1189 3523 1288 3577 καὶ
1320 3525 1433 3576 οὐκ
1465 3524 1619 3590 ἰάθη·
1665 3524 1760 3575 καὶ

180 3614 364 3669 πάλιν·
398 3614 661 3681 Ποσάκις
685 3614 956 3681 ἠθέλησα
993 3614 1457 3689 ἐπισυναγαγεῖν
1481 3616 1551 3670 τὰ
1578 3616 1761 3669 τέκνα

176 3722 299 3760 σου
331 3706 411 3771 ὥς
452 3706 614 3773 ὅρνις
658 3709 771 3771 τὴν
800 3706 1062 3759 νοσσιὰν
1087 3704 1295 3770 αὐτοῦ,
1347 3705 1446 3758 καὶ
1479 3709 1589 3760 οὐχ
1622 3708 1754 3775 ἠθέ-

176 3799 399 3865 λησας
440 3796 584 3851 Ἰδοὺ
610 3797 840 3864 ἀφίεται
863 3799 895 3850 ὁ
924 3793 1085 3862 οἶκος
1125 3797 1291 3865 ὑμῶν
1316 3795 1552 3869 ἕρημος.

252 3968 330 4022 E'.
372 3967 482 4019 Καὶ
504 3968 710 4036 ἔλεγεν·
756 3967 1033 4035 Ἐφοϐεἰτο
1059 3970 1085 4021 ὁ
1116 3968 1384 4041 Εὐάγριος
1416 3969 1490 4041 μὴ
1519 3971 1758 4043 ὲγκληθῇ

179 4059 289 4112 ὑπὸ
321 4058 415 4111 τοῦ
467 4060 702 4130 Χριστοῦ
739 4061 831 4114 καὶ
865 4064 995 4135 εἴπῃ
1029 4061 1199 4129 αὐτῷ·
1256 4063 1517 4135 Εὑάγριε,
1556 4068 1762 4129 ὲνόσεις

178 4149 511 4215 κενοδοξίαν,
544 4152 636 4203 καὶ
664 4153 940 4219 ἑπήγαγόν
974 4170 1055 4204 σοι
1081 4153 1369 4225 φάρμακον
1396 4155 1640 4225 ἀτιμίας,
1676 4157 1761 4209 ἵνα

173 4241 248 4294 δι’
275 4240 440 4293 αὑτοῦ
472 4241 828 4312 καθαρισθῇς.
857 4244 927 4295 Σὺ
951 4243 1008 4297 δὲ
1030 4245 1127 4296 οὐκ
1153 4244 1527 4316 ὲθεραπεύθης
1552 4264 1565 4277 ·
1603 4248 1760 4301 τοῦτο

185 4332 244 4385 δὲ
268 4332 550 4401 μάθωμεν,
591 4334 672 4385 ὅτι
704 4334 876 4396 οὐδείς
909 4336 1057 4387 ἐστιν
1085 4335 1368 4403 ἀληθεύων
1394 4339 1440 4390 εἰ
1477 4338 1551 4409 μὴ
1584 4340 1631 4391 οἱ
1662 4339 1758 4408 ψὲ-

181 4438 369 4489 γοντες
400 4422 568 4490 ἡμᾶς.
598 4420 789 4488 Ἔλεγε
821 4422 895 4473 δέ·
916 4423 972 4475 Ὀ
999 4424 1222 4495 Κύριος,
1246 4426 1274 4477 ὁ
1295 4424 1501 4490 ὲτάζων
1534 4429 1759 4498 καρδίας

182 4512 278 4564 καὶ
309 4515 569 4582 νεφροὺς,
607 4510 747 4566 οἶδεν
794 4514 873 4566 ὅτι
911 4515 1005 4567 ὲάν
1041 4516 1241 4579 πάντες
1285 4518 1561 4589 ἄνθρωποι
1598 4522 1756 4573 ἐπαι-

181 4603 312 4656 νῶσι
340 4604 434 4656 καὶ
469 4604 812 4674 μακαρίζωσι
845 4605 912 4657 τὰ
949 4606 1058 4675 ἐμὲ
1088 4608 1284 4672 πάντα,
1311 4608 1434 4672 ἀξια
1462 4609 1632 4678 ψόγου
1664 4612 1757 4665 καὶ

180 4694 442 4764 αίσχύνης
475 4697 880 4765 ὲμπτυσμάτων
913 4698 1071 4749 εἰσίν·
1107 4698 1200 4750 sev
1232 4699 1288 4751 δὲ
1329 4702 1542 4753 εἴπωσι·
1588 4704 1757 4755 Τοῦτο

182 4788 277 4839 καὶ
330 4788 500 4838 ἐκεῖνο
540 4786 797 4854 ἐποίησας
821 4804 833 4816 ·
872 4786 1003 4853 ἐγὼ,
1034 4788 1098 4839 Τί
1144 4790 1252 4857 γὰρ
1281 4788 1340 4841 τὸ
1387 4791 1519 4860 ἐμὸν
1561 4794 1753 4859 καλόν;

165 4876 353 4937 Οὐδεὶς
375 4877 483 4946 γὰρ
513 4876 764 4945 ψεύδεται
788 4879 834 4927 εί
856 4878 929 4947 μὴ
950 4880 998 4930 οἱ
1034 4880 1380 4943 ἐπαινοῦντές
1420 4899 1484 4950 με
1521 4883 1613 4934 καὶ
1649 4902 1751 4953 μα-

184 4967 496 5036 καρίζοντες
517 4984 603 5037 με·
637 4970 731 5020 καὶ
748 4969 920 5031 οὐδεὶς
949 4971 1204 5040 ἀληθεύει
1241 4972 1384 5041 εἰμὴ
1415 4972 1464 5024 oi
1494 4973 1752 5040 ψέγοντες

1930 2419 2019 2475 ιν.
2066 2418 2210 2473 Dixit
2256 2420 2476 2490 insuper
2517 2439 2529 2475 :
2567 2420 2717 2475 Tolle
2768 2424 3096 2478 lentationcs
3152 2434 3204 2478 et
3251 2427 3457 2496 rogita-

1861 2514 2055 2565 tiones.
2093 2510 2211 2566 Jant
2268 2528 2427 2567 nemo
2473 2523 2557 2568 est
2599 2524 2857 2579 sanctus;
2892 2515 2982 2584 qui
3020 2516 3155 2584 fugit
3190 2519 3442 2573 tentatio.

1858 2620 1981 2659 nem
2043 2621 2139 2674 per
2186 2622 2245 2660 se
2300 2606 2506 2669 ntilem,
2560 2605 2695 2675 fugit
2744 2607 2905 2660 vitam
2965 2617 3246 2663 trtcrnam.
3306 2610 3453 2663 Dixit

1858 2696 2002 2749 enim
2066 2711 2189 2751 vere
2238 2697 2506 2767 quispiam
2563 2692 3073 2769 sanetorumizqttis
3136 2703 3450 2769 procuravit

1860 2787 2194 2857 martyribus
2238 2803 2472 2863 coronas
2505 2789 2701 2857 quibus
2733 2789 2962 2859 fulgent,
3001 2794 3103 2845 nisi
3132 2804 3453 2861 persecuto-

1860 2891 1948 2931 res
1980 2876 2264 2945 ipsorum?
2293 2878 2418 2947 quis
2450 2878 2672 2931 donavit
2701 2888 2894 2933 sancto
2923 2881 3200 2949 Stephano
3231 2891 3338 2935 tam
3384 2883 3450 2936 il-

1860 2965 2085 3019 lustrem
2130 2967 2286 3020 istam
2339 2982 2445 3037 qua
2490 2967 2692 3023 fruitur
2738 2969 2988 3038 gloriam,
3036 2972 3139 3025 nisi
3183 2973 3275 3041 qui
3325 2989 3448 3027 cum

1861 3056 2208 3126 iapidaruut?
2244 3058 2311 3112 Et
2341 3060 2655 3127 proferebat
2700 3077 2916 3131 semper
2962 3066 3287 3119 sententiam
3330 3083 3451 3122 san-

1859 3149 1932 3201 eti
1975 3150 2257 3218 cujusdam
2308 3149 2503 3206 aientis
2540 3169 2553 3205 :
2586 3150 2698 3220 Ego
2739 3163 3060 3210 accusantes
3099 3171 3185 3211 me
3219 3173 3321 3211 non
3364 3174 3451 3214 rc-

1859 3239 2065 3307 darguo
2096 3256 2108 3291 :
2138 3238 2232 3292 sed
2273 3247 2328 3293 et
2365 3238 2743 3296 benefactores
2777 3257 2911 3297 voco
2959 3245 3235 3315 habeoque
3275 3264 3446 3304 meos.

1861 3329 1970 3384 Nec
2002 3330 2205 3399 repello
2232 3331 2500 3386 medicum
2535 3334 2839 3388 animarum
2868 3336 3244 3406 propinantem
3278 3341 3449 3409 phar-

1862 3436 2072 3475 macum
2118 3423 2425 3492 ignominiae
2466 3438 2624 3494 δἐι-αι
2661 3409 2793 3479 mea:
2841 3427 3035 3483 animas
3074 3432 3264 3485 morbo
3294 3449 3448 3487 vana:

1860 3513 2044 3582 gloriae
2080 3512 2345 3569 laboranti
2390 3535 2401 3568 :
2448 3530 2643 3570 verens
2676 3532 2743 3571 ne
2790 3516 2929 3572 forte
2960 3521 3024 3572 de
3058 3520 3145 3573 illa
3174 3522 3393 3577 dicatur
3428 3544 3441 3579 ε

1862 3602 2173 3656 Cur-animus
2212 3602 2529 3672 Babylonem
2576 3614 2622 3659 et
2662 3621 2764 3659 non
2813 3617 2890 3660 est
2922 3618 3112 3662 sanata
3149 3609 3202 3676 δς
3237 3621 3292 3665 et
3329 3628 3448 3666 τιδι’·
3534 3640 3543 3650 -

1861 3710 1953 3749 sus
1979 3712 1992 3747 :
2026 3694 2243 3758 Quoties
2280 3694 2418 3747 volui
2444 3711 2760 3765 congregare
2786 3700 2926 3766 ﬁlios
2958 3712 3075 3754 (nos
3108 3705 3449 3770 quemadmo-

1866 3787 1989 3839 dum
2026 3785 2223 3854 gallina
2272 3799 2547 3855 congregat
2585 3788 2755 3854 pullos
2799 3792 2891 3844 sub
2925 3792 3063 3856 alas,
3104 3806 3150 3847 et
3188 3796 3450 3850 noluisti?

1865 3878 2001 3933 Ecce
2031 3879 2352 3947 relinquclur
2390 3880 2531 3933 vobis
2564 3886 2748 3934 domus
2786 3894 2957 3937 vestra
2994 3887 3266 3940 deserta".

1937 3969 1999 4022 V.
2048 3970 2112 4024 Et
2144 3970 2279 4025 dixit
2312 3990 2325 4025 :
2358 3972 2611 4028 Timebat
2659 3974 2922 4042 Evagrius
2969 3992 3039 4031 ne
3090 3980 3449 4047 exprobraret

1862 4064 1962 4119 sibi
1989 4063 2241 4119 Christus
2294 4075 2341 4118 et
2382 4063 2586 4120 diceret
2620 4084 2633 4120 :
2667 4064 2885 4134 Evagri,
2925 4068 3210 4126 laborabas
3258 4074 3449 4127 morbo

1860 4172 2013 4210 vanae
2054 4157 2239 4227 gloria:
2273 4174 2287 4211 :
2317 4167 2370 4214 et
2410 4174 2509 4226 ego
2569 4159 2891 4214 medicinam
2932 4161 3025 4215 tibi
3077 4162 3313 4231 applicui
3355 4163 3446 4215 dc-

1861 4247 2025 4302 decus
2065 4248 2294 4314 illatum,
2327 4256 2383 4303 ut
2410 4264 2505 4318 per
2531 4248 2660 4303 illud
2695 4253 2987 4307 eurareris.
3026 4250 3103 4305 Tu
3141 4263 3318 4306 tamen
3356 4270 3441 4307 sa-

1860 4346 2021 4392 natus
2074 4354 2303 4405 nones;
2351 4349 2406 4394 et
2451 4355 2549 4407 pro
2595 4352 2745 4395 certo
2778 4352 3081 4406 teneamus,
3138 4358 3206 4396 ex
3254 4344 3319 4396 iis
3350 4345 3441 4412 qui

1860 4429 1925 4484 de
1960 4431 2116 4484 nobis
2152 4431 2467 4499 loquuntur,
2504 4447 2598 4487 cos
2641 4431 2785 4489 solos
2822 4449 2950 4488 vera
2986 4435 3184 4502 dicere,
3217 4436 3307 4503 qui
3345 4449 3443 4490 nos

1860 4523 2185 4593 vituperant.
2226 4523 2483 4579 Dominus
2512 4526 2603 4594 qui
2651 4535 2927 4589 scrutatur
2966 4529 3127 4581 corda
3162 4538 3215 4581 ct
3259 4542 3437 4588 renes.

1861 4615 2010 4679 novit
2080 4630 2195 4668 mea
2241 4615 2442 4679 omnia,
2493 4617 2841 4682 quantumvis
2892 4632 2987 4670 ore
3025 4631 3264 4671 consono
3308 4634 3440 4671 cun-

1859 4713 2067 4759 ctorum
2100 4704 2376 4784 h‘ominum
2408 4705 2722 4775 laudentur,
2760 4719 2812 4761 et
2844 4708 3243 4773 beatificcntur,
3275 4712 3442 4763 nihilo

1860 4804 2041 4850 tamen
2096 4797 2274 4850 minus
2318 4798 2493 4865 turpia
2542 4800 2902 4867 despulahilia
2952 4811 3006 4854 et
3053 4801 3247 4869 probro
3282 4804 3440 4869 digna

1858 4902 1998 4943 esse.
2035 4888 2088 4941 Si
2120 4898 2297 4941 autem
2347 4889 2633 4942 adulantes
2664 4890 2793 4942 mihi
2822 4890 3006 4943 dicunt
3033 4906 3047 4942 :
3079 4890 3191 4944 lloo
3218 4904 3269 4946 et
3311 4894 3440 4945 illud

1861 4982 2055 5036 bonum
2102 4983 2311 5050 fecisti;
2358 5001 2469 5051 ego.
2515 4984 3027 5053 resliondeonuid
3081 4986 3223 5039 enim
3266 4986 3318 5038 in
3358 4987 3443 5040 his

182 5074 251 5127 με
288 5060 380 5110 καὶ
406 5057 812 5121 ὲξουθενοῦντες
838 5076 849 5087 ⁸
889 5062 982 5112 καὶ
1011 5061 1131 5114 οὐδὲ
1161 5064 1341 5115 πᾶσαν
1371 5064 1468 5132 τὴν
1495 5064 1754 5133 ἀλήθειαν

1865 5088 2041 5126 meum
2086 5085 2192 5139 est,
2225 5092 2343 5127 cum
2400 5076 2490 5129 Dei
2533 5077 2641 5128 sint
2686 5076 2737 5127 in
2770 5074 2999 5128 solidum
3048 5075 3184 5130 bona
3220 5079 3441 5130 omnia?

179 5150 422 5216 λέγουσι·
452 5148 545 5202 καὶ
594 5152 641 5203 εί
669 5150 999 5219 ἠξιώθησαν,
1028 5154 1087 5205 ού
1120 5152 1262 5221 λέγω
1290 5154 1349 5206 τὸ
1380 5155 1617 5223 πέλαγος
1646 5158 1755 5210 τῶν

181 5238 329 5308 ἐμῶν
370 5239 575 5292 κακῶν·
620 5240 755 5293 ἀλλᾶ
808 5258 859 5292 τι
918 5244 1083 5312 μέρος
1133 5243 1282 5306 ἰδεῖν,
1324 5245 1756 5317 ἀπεστράφησαν

179 5330 246 5384 ἄν
295 5329 389 5381 καὶ
430 5331 539 5383 ἀπὸ
572 5332 834 5403 βορϐόρου
877 5335 969 5386 καὶ
1016 5334 1279 5397 δυσωδίας
1312 5338 1403 5413 καὶ
1444 5339 1754 5409 ἀκαθάρτου

180 5421 491 5491 πνεύματος
537 5423 635 5492 τῆς
682 5427 957 5494 ἡμετέρας
987 5426 1183 5497 ψυχῆς·
1223 5431 1314 5481 καὶ
1351 5430 1446 5482 ἐὰν
1490 5431 1755 5497 γένωνται

179 5513 249 5565 τὰ
273 5512 497 5583 σώματα
541 5515 651 5569 τῶν
681 5516 985 5587 ἀνθρώπων
1013 5519 1257 5586 γλῶσσαι
1292 5524 1371 5583 είς
1398 5521 1459 5573 τὸ
1492 5524 1749 5593 λοιδορεῖν

182 5605 351 5675 ἡμᾶς,
381 5608 681 5677 πέπεισμαι
711 5608 791 5660 ὅτι
817 5608 990 5673 οὐδεὶς
1011 5610 1230 5665 δύναται
1256 5612 1420 5679 ἀξίως
1452 5616 1623 5666 εἰπεῖν
1652 5615 1748 5684 τὴν

260 5769 283 5803 ³
307 5770 472 5828 Exod.
508 5790 565 5842 ll,
595 5776 683 5835 Ἡ.
764 5780 779 5811 ⁵
807 5780 913 5836 lcr.
949 5798 1005 5848 tt,
1045 5784 1094 5838 9.
1168 5784 1336 5841 ’fLuc.
1376 5802 1494 5854 xm,
1523 5785 1604 5843 ὅί.

1865 5161 2031 5217 Nemo
2075 5164 2317 5232 profecto
2354 5168 2417 5217 de
2467 5182 2551 5220 ure
2592 5167 2872 5228 mentitur,
2925 5167 3024 5219 nisi
3074 5168 3163 5234 qui
3202 5184 3287 5222 me
3334 5168 3441 5223 lau-

1866 5254 1994 5307 dant
2043 5266 2094 5308 ct
2123 5257 2338 5309 beatum
2369 5258 2680 5330 praedicant.
2716 5256 2885 5311 Neiro
2916 5260 2980 5311 de
3014 5275 3097 5312 me
3132 5274 3256 5314 vera
3284 5260 3437 5326 dicit,

1866 5344 1964 5398 nisi
1999 5345 2087 5412 qui
2123 5362 2206 5399 me
2240 5348 2450 5414 probris
2484 5356 2713 5401 onerant
2768 5358 2821 5401 et
2858 5349 3007 5402 nihili
3054 5350 3436 5405 homunculum

1865 5435 2013 5487 aiunt
2036 5451 2175 5490 csse.
2206 5438 2356 5501 Quod
2387 5439 2429 5490 si
2455 5437 2585 5506 ipsis
2612 5439 2973 5507 contingeret,
2996 5439 3240 5493 nondico
3268 5448 3435 5493 totum

1858 5526 2079 5594 pelagus
2130 5528 2391 5582 malorum
2429 5546 2693 5594 meorum,
2740 5531 2833 5583 sed
2872 5530 2950 5583 vel
2984 5539 3190 5598 partem
3242 5532 3441 5585 horum

1858 5616 2092 5685 aliquam
2124 5619 2304 5674 videre
2332 5658 2347 5680 ,
2379 5630 2683 5675 averterent
2722 5621 2904 5690 utique
2960 5636 3017 5675 se
3065 5638 3092 5674 a
3135 5621 3302 5675 fetore
3334 5620 3441 5673 luti
