  <div class='ocr_page' id='page_1' title='image "/cluster/home/n/w/nwhite01/storage/ocr_20150623/78/pst.000005712779/855.png"; bbox 0 0 4114 6432; ppageno 0'>
   <div class='ocr_carea' id='block_1_1' title="bbox 729 375 865 443">
    <p class='ocr_par' dir='ltr' id='par_1_1' title="bbox 729 375 865 443">
     <span class='ocr_line' id='line_1_1' title="bbox 729 375 865 443; baseline -0.015 -1"><span class='ocrx_word' id='word_1_1' title='bbox 729 375 865 443; x_wconf 74' lang='lat'><strong>1687</strong></span> 
     </span>
    </p>
   </div>
   <div class='ocr_carea' id='block_1_2' title="bbox 2023 393 2670 456">
    <p class='ocr_par' dir='ltr' id='par_1_2' title="bbox 2023 393 2670 456">
     <span class='ocr_line' id='line_1_2' title="bbox 2023 393 2670 456; baseline 0.003 -2"><span class='ocrx_word' id='word_1_2' title='bbox 2023 393 2319 455; x_wconf 63' lang='lat' dir='ltr'><strong>ZOSIMIE</strong></span> <span class='ocrx_word' id='word_1_3' title='bbox 2355 394 2670 456; x_wconf 80' lang='lat' dir='ltr'><strong>ABBATIS</strong></span> 
     </span>
    </p>
   </div>
   <div class='ocr_carea' id='block_1_3' title="bbox 3835 403 3962 465">
    <p class='ocr_par' dir='ltr' id='par_1_3' title="bbox 3835 403 3962 465">
     <span class='ocr_line' id='line_1_3' title="bbox 3835 403 3962 465; baseline 0.016 -2"><span class='ocrx_word' id='word_1_4' title='bbox 3835 403 3962 465; x_wconf 81' lang='lat'><strong>1688</strong></span> 
     </span>
    </p>
   </div>
   <div class='ocr_carea' id='block_1_4' title="bbox 734 494 2289 580">
    <p class='ocr_par' dir='ltr' id='par_1_4' title="bbox 734 494 2289 566">
     <span class='ocr_line' id='line_1_4' title="bbox 734 494 2289 566; baseline 0.01 -21"><span class='ocrx_word' id='word_1_5' title='bbox 734 505 839 547; x_wconf 77' lang='lat' dir='ltr'><strong>tam</strong></span> <span class='ocrx_word' id='word_1_6' title='bbox 899 494 1066 561; x_wconf 67' lang='lat' dir='ltr'><strong>foedi,</strong></span> <span class='ocrx_word' id='word_1_7' title='bbox 1127 497 1465 566; x_wconf 71' lang='lat' dir='ltr'><strong>pestilentem</strong></span> <span class='ocrx_word' id='word_1_8' title='bbox 1522 513 1708 555; x_wconf 82' lang='lat' dir='ltr'><strong>auram</strong></span> <span class='ocrx_word' id='word_1_9' title='bbox 1761 500 1923 558; x_wconf 76' lang='lat' dir='ltr'><strong>ﬂatus</strong></span> <span class='ocrx_word' id='word_1_10' title='bbox 1988 515 2289 561; x_wconf 86' lang='lat' dir='ltr'><strong>nostrarum</strong></span> 
     </span>
    </p>
   </div>
   <div class='ocr_carea' id='block_1_5' title="bbox 2390 494 3959 580">
    <p class='ocr_par' dir='ltr' id='par_1_5' title="bbox 2400 506 3959 580">
     <span class='ocr_line' id='line_1_5' title="bbox 2400 506 3959 580; baseline 0.005 -22"><span class='ocrx_word' id='word_1_11' title='bbox 2400 506 2556 577; x_wconf 82' lang='grc' dir='ltr'><strong>ήμῶν</strong></span> <span class='ocrx_word' id='word_1_12' title='bbox 2594 506 2841 579; x_wconf 74' lang='grc' dir='ltr'><strong>ἀτιμίαψ</strong></span> <span class='ocrx_word' id='word_1_13' title='bbox 2871 508 2978 571; x_wconf 75' lang='grc' dir='ltr'><strong>πᾶς</strong></span> <span class='ocrx_word' id='word_1_14' title='bbox 2999 509 3107 579; x_wconf 83' lang='grc' dir='ltr'><strong>γάρ</strong></span> <span class='ocrx_word' id='word_1_15' title='bbox 3134 509 3405 580; x_wconf 81' lang='grc' dir='ltr'><strong>λοιδορῶν,</strong></span> <span class='ocrx_word' id='word_1_16' title='bbox 3441 510 3606 580; x_wconf 80' lang='grc' dir='ltr'>μέρος</span> <span class='ocrx_word' id='word_1_17' title='bbox 3632 509 3800 577; x_wconf 73' lang='grc' dir='ltr'><strong>λέγει·</strong></span> <span class='ocrx_word' id='word_1_18' title='bbox 3825 512 3888 565; x_wconf 67' lang='grc' dir='ltr'><strong>τὰ</strong></span> <span class='ocrx_word' id='word_1_19' title='bbox 3909 512 3959 567; x_wconf 81' lang='grc' dir='ltr'><strong>ιδ</strong></span> 
     </span>
    </p>
   </div>
   <div class='ocr_carea' id='block_1_6' title="bbox 725 585 2292 661">
    <p class='ocr_par' dir='ltr' id='par_1_6' title="bbox 725 585 2292 661">
     <span class='ocr_line' id='line_1_6' title="bbox 725 585 2292 661; baseline 0.01 -23"><span class='ocrx_word' id='word_1_20' title='bbox 725 586 1031 639; x_wconf 86' lang='lat' dir='ltr'><strong>animarum</strong></span> <span class='ocrx_word' id='word_1_21' title='bbox 1064 585 1205 641; x_wconf 81' lang='lat' dir='ltr'><strong>ferre</strong></span> <span class='ocrx_word' id='word_1_22' title='bbox 1253 601 1358 642; x_wconf 89' lang='lat' dir='ltr'><strong>non</strong></span> <span class='ocrx_word' id='word_1_23' title='bbox 1402 589 1662 648; x_wconf 86' lang='lat' dir='ltr'><strong>valentes.</strong></span> <span class='ocrx_word' id='word_1_24' title='bbox 1706 592 1847 661; x_wconf 91' lang='lat' dir='ltr'><strong>Quin</strong></span> <span class='ocrx_word' id='word_1_25' title='bbox 1876 597 1961 651; x_wconf 88' lang='lat' dir='ltr'><strong>vel</strong></span> <span class='ocrx_word' id='word_1_26' title='bbox 2003 597 2048 652; x_wconf 88' lang='lat' dir='ltr'><strong>si</strong></span> <span class='ocrx_word' id='word_1_27' title='bbox 2100 605 2292 652; x_wconf 86' lang='lat' dir='ltr'><strong>cuncta</strong></span> 
     </span>
    </p>
   </div>
   <div class='ocr_carea' id='block_1_7' title="bbox 730 678 2294 762">
    <p class='ocr_par' dir='ltr' id='par_1_7' title="bbox 730 678 2294 762">
     <span class='ocr_line' id='line_1_7' title="bbox 730 678 2294 762; baseline 0.01 -32"><span class='ocrx_word' id='word_1_28' title='bbox 730 678 1090 732; x_wconf 88' lang='lat' dir='ltr'><strong>humanorum</strong></span> <span class='ocrx_word' id='word_1_29' title='bbox 1146 680 1386 736; x_wconf 88' lang='lat' dir='ltr'><strong>membra</strong></span> <span class='ocrx_word' id='word_1_30' title='bbox 1436 698 1725 754; x_wconf 82' lang='lat' dir='ltr'><strong>corporum</strong></span> <span class='ocrx_word' id='word_1_31' title='bbox 1768 689 1905 744; x_wconf 82' lang='lat' dir='ltr'><strong>nihil</strong></span> <span class='ocrx_word' id='word_1_32' title='bbox 1957 689 2060 744; x_wconf 87' lang='lat' dir='ltr'><strong>nisi</strong></span> <span class='ocrx_word' id='word_1_33' title='bbox 2099 690 2294 762; x_wconf 75' lang='lat' dir='ltr'><strong>lingua:</strong></span> 
     </span>
    </p>
   </div>
   <div class='ocr_carea' id='block_1_8' title="bbox 726 768 2293 842">
    <p class='ocr_par' dir='ltr' id='par_1_8' title="bbox 726 768 2293 842">
     <span class='ocr_line' id='line_1_8' title="bbox 726 768 2293 842; baseline 0.009 -20"><span class='ocrx_word' id='word_1_34' title='bbox 726 780 908 824; x_wconf 80' lang='lat' dir='ltr'><strong>essent</strong></span> <span class='ocrx_word' id='word_1_35' title='bbox 941 768 1009 824; x_wconf 91' lang='lat' dir='ltr'><strong>ad</strong></span> <span class='ocrx_word' id='word_1_36' title='bbox 1057 784 1155 825; x_wconf 89' lang='lat' dir='ltr'><strong>nos</strong></span> <span class='ocrx_word' id='word_1_37' title='bbox 1186 771 1543 842; x_wconf 87' lang='lat' dir='ltr'><strong>increpandos</strong></span> <span class='ocrx_word' id='word_1_38' title='bbox 1587 785 1644 832; x_wconf 90' lang='lat' dir='ltr'><strong>et</strong></span> <span class='ocrx_word' id='word_1_39' title='bbox 1683 779 1942 836; x_wconf 77' lang='lat' dir='ltr'><strong>conviciis</strong></span> <span class='ocrx_word' id='word_1_40' title='bbox 1987 780 2293 836; x_wconf 76' lang='lat' dir='ltr'><strong>obruendos</strong></span> 
     </span>
    </p>
   </div>
   <div class='ocr_carea' id='block_1_9' title="bbox 729 860 2293 941">
    <p class='ocr_par' dir='ltr' id='par_1_9' title="bbox 729 860 2293 941">
     <span class='ocr_line' id='line_1_9' title="bbox 729 860 2293 941; baseline 0.01 -30"><span class='ocrx_word' id='word_1_41' title='bbox 729 860 944 916; x_wconf 72' lang='lat' dir='ltr'><strong>assidue</strong></span> <span class='ocrx_word' id='word_1_42' title='bbox 986 861 1260 930; x_wconf 74' lang='lat' dir='ltr'><strong>clamosze,</strong></span> <span class='ocrx_word' id='word_1_43' title='bbox 1317 880 1613 934; x_wconf 84' lang='lat' dir='ltr'><strong>persuasus</strong></span> <span class='ocrx_word' id='word_1_44' title='bbox 1661 885 1805 937; x_wconf 87' lang='lat' dir='ltr'><strong>sum,</strong></span> <span class='ocrx_word' id='word_1_45' title='bbox 1862 885 1964 926; x_wconf 89' lang='lat' dir='ltr'><strong>nec</strong></span> <span class='ocrx_word' id='word_1_46' title='bbox 2011 873 2092 927; x_wconf 90' lang='lat' dir='ltr'><strong>sic</strong></span> <span class='ocrx_word' id='word_1_47' title='bbox 2132 886 2293 941; x_wconf 81' lang='lat' dir='ltr'><strong>posse</strong></span> 
     </span>
    </p>
   </div>
   <div class='ocr_carea' id='block_1_10' title="bbox 725 951 2293 1032">
    <p class='ocr_par' dir='ltr' id='par_1_10' title="bbox 725 951 2293 1032">
     <span class='ocr_line' id='line_1_10' title="bbox 725 951 2293 1032; baseline 0.008 -27"><span class='ocrx_word' id='word_1_48' title='bbox 725 951 859 1006; x_wconf 88' lang='lat' dir='ltr'><strong>satis</strong></span> <span class='ocrx_word' id='word_1_49' title='bbox 891 951 1053 1023; x_wconf 74' lang='lat' dir='ltr'><strong>digne</strong></span> <span class='ocrx_word' id='word_1_50' title='bbox 1094 955 1354 1012; x_wconf 75' lang='lat' dir='ltr'><strong>vilitatem</strong></span> <span class='ocrx_word' id='word_1_51' title='bbox 1409 968 1650 1016; x_wconf 88' lang='lat' dir='ltr'><strong>nostram</strong></span> <span class='ocrx_word' id='word_1_52' title='bbox 1697 970 1750 1016; x_wconf 90' lang='lat' dir='ltr'><strong>et</strong></span> <span class='ocrx_word' id='word_1_53' title='bbox 1792 962 2146 1032; x_wconf 72' lang='lat' dir='ltr'><strong>ignominiam</strong></span> <span class='ocrx_word' id='word_1_54' title='bbox 2183 972 2293 1018; x_wconf 88' lang='lat' dir='ltr'><strong>tra-</strong></span> 
     </span>
    </p>
   </div>
   <div class='ocr_carea' id='block_1_11' title="bbox 724 1043 2292 1123">
    <p class='ocr_par' dir='ltr' id='par_1_11' title="bbox 724 1043 2292 1123">
     <span class='ocr_line' id='line_1_11' title="bbox 724 1043 2292 1123; baseline 0.009 -27"><span class='ocrx_word' id='word_1_55' title='bbox 724 1043 866 1097; x_wconf 88' lang='lat' dir='ltr'><strong>duci.</strong></span> <span class='ocrx_word' id='word_1_56' title='bbox 902 1043 1036 1099; x_wconf 80' lang='lat' dir='ltr'><strong>Nam</strong></span> <span class='ocrx_word' id='word_1_57' title='bbox 1079 1047 1386 1118; x_wconf 86' lang='lat' dir='ltr'><strong>quicunque</strong></span> <span class='ocrx_word' id='word_1_58' title='bbox 1432 1066 1531 1106; x_wconf 89' lang='lat' dir='ltr'><strong>nos</strong></span> <span class='ocrx_word' id='word_1_59' title='bbox 1575 1052 1868 1123; x_wconf 90' lang='lat' dir='ltr'><strong>vituperat,</strong></span> <span class='ocrx_word' id='word_1_60' title='bbox 1900 1063 2109 1122; x_wconf 80' lang='lat' dir='ltr'><strong>partem</strong></span> <span class='ocrx_word' id='word_1_61' title='bbox 2153 1055 2292 1110; x_wconf 85' lang='lat' dir='ltr'><strong>dun—</strong></span> 
     </span>
    </p>
   </div>
   <div class='ocr_carea' id='block_1_12' title="bbox 727 1137 2290 1211">
    <p class='ocr_par' dir='ltr' id='par_1_12' title="bbox 727 1137 2290 1211">
     <span class='ocr_line' id='line_1_12' title="bbox 727 1137 2290 1211; baseline 0.012 -28"><span class='ocrx_word' id='word_1_62' title='bbox 727 1141 873 1186; x_wconf 81' lang='lat' dir='ltr'><strong>taxat</strong></span> <span class='ocrx_word' id='word_1_63' title='bbox 921 1137 1098 1206; x_wconf 81' lang='lat' dir='ltr'><strong>carpit</strong></span> <span class='ocrx_word' id='word_1_64' title='bbox 1144 1153 1452 1196; x_wconf 81' lang='lat' dir='ltr'><strong>memorans</strong></span> <span class='ocrx_word' id='word_1_65' title='bbox 1490 1140 1723 1211; x_wconf 81' lang='lat' dir='ltr'><strong>aliquam</strong></span> <span class='ocrx_word' id='word_1_66' title='bbox 1775 1152 2082 1200; x_wconf 90' lang='lat' dir='ltr'><strong>nostrorum</strong></span> <span class='ocrx_word' id='word_1_67' title='bbox 2129 1145 2290 1201; x_wconf 79' lang='lat' dir='ltr'><strong>vitio-</strong></span> 
     </span>
    </p>
   </div>
   <div class='ocr_carea' id='block_1_13' title="bbox 723 1226 2288 1301">
    <p class='ocr_par' dir='ltr' id='par_1_13' title="bbox 723 1226 2288 1301">
     <span class='ocr_line' id='line_1_13' title="bbox 723 1226 2288 1301; baseline 0.009 -24"><span class='ocrx_word' id='word_1_68' title='bbox 723 1239 843 1277; x_wconf 86' lang='lat' dir='ltr'><strong>rum</strong></span> <span class='ocrx_word' id='word_1_69' title='bbox 875 1241 889 1279; x_wconf 90' lang='lat'><strong>:</strong></span> <span class='ocrx_word' id='word_1_70' title='bbox 920 1226 1143 1282; x_wconf 90' lang='lat' dir='ltr'><strong>multum</strong></span> <span class='ocrx_word' id='word_1_71' title='bbox 1186 1239 1365 1284; x_wconf 84' lang='lat' dir='ltr'><strong>autem</strong></span> <span class='ocrx_word' id='word_1_72' title='bbox 1397 1233 1572 1301; x_wconf 88' lang='lat' dir='ltr'><strong>abest,</strong></span> <span class='ocrx_word' id='word_1_73' title='bbox 1603 1235 1670 1289; x_wconf 88' lang='lat' dir='ltr'><strong>ab</strong></span> <span class='ocrx_word' id='word_1_74' title='bbox 1699 1234 1950 1290; x_wconf 85' lang='lat' dir='ltr'><strong>omnibus</strong></span> <span class='ocrx_word' id='word_1_75' title='bbox 1983 1236 2288 1293; x_wconf 86' lang='lat' dir='ltr'><strong>noscendis.</strong></span> 
     </span>
    </p>
   </div>
   <div class='ocr_carea' id='block_1_14' title="bbox 725 1313 2286 1397">
    <p class='ocr_par' dir='ltr' id='par_1_14' title="bbox 725 1313 2286 1397">
     <span class='ocr_line' id='line_1_14' title="bbox 725 1313 2286 1397; baseline 0.01 -29"><span class='ocrx_word' id='word_1_76' title='bbox 725 1313 782 1369; x_wconf 90' lang='lat' dir='ltr'><strong>Si</strong></span> <span class='ocrx_word' id='word_1_77' title='bbox 805 1315 947 1370; x_wconf 87' lang='lat' dir='ltr'><strong>enim</strong></span> <span class='ocrx_word' id='word_1_78' title='bbox 973 1315 1155 1384; x_wconf 87' lang='lat' dir='ltr'><strong>justus</strong></span> <span class='ocrx_word' id='word_1_79' title='bbox 1174 1318 1273 1375; x_wconf 82' lang='lat' dir='ltr'><strong>Job</strong></span> <span class='ocrx_word' id='word_1_80' title='bbox 1291 1321 1368 1375; x_wconf 85' lang='lat' dir='ltr'><strong>ait</strong></span> <span class='ocrx_word' id='word_1_81' title='bbox 1393 1342 1406 1378; x_wconf 90' lang='lat'><strong>:</strong></span> <span class='ocrx_word' id='word_1_82' title='bbox 1433 1320 1630 1380; x_wconf 78' lang='lat' dir='ltr'><strong>Plenus</strong></span> <span class='ocrx_word' id='word_1_83' title='bbox 1651 1326 1945 1395; x_wconf 76' lang='lat' dir='ltr'><strong>ignominia</strong></span> <span class='ocrx_word' id='word_1_84' title='bbox 1965 1343 2058 1397; x_wconf 71' lang='lat' dir='ltr'><strong>ego</strong></span> <span class='ocrx_word' id='word_1_85' title='bbox 2078 1344 2193 1382; x_wconf 84' lang='lat' dir='ltr'><strong>sum</strong></span> <span class='ocrx_word' id='word_1_86' title='bbox 2207 1329 2249 1359; x_wconf 82' lang='lat'><strong>&quot;</strong></span> <span class='ocrx_word' id='word_1_87' title='bbox 2272 1346 2286 1383; x_wconf 89' lang='lat'><strong>:</strong></span> 
     </span>
    </p>
   </div>
   <div class='ocr_carea' id='block_1_15' title="bbox 721 1408 2285 1483">
    <p class='ocr_par' dir='ltr' id='par_1_15' title="bbox 721 1408 2285 1483">
     <span class='ocr_line' id='line_1_15' title="bbox 721 1408 2285 1483; baseline 0.008 -23"><span class='ocrx_word' id='word_1_88' title='bbox 721 1418 775 1460; x_wconf 90' lang='lat' dir='ltr'><strong>et</strong></span> <span class='ocrx_word' id='word_1_89' title='bbox 800 1408 942 1476; x_wconf 88' lang='lat' dir='ltr'><strong>quod</strong></span> <span class='ocrx_word' id='word_1_90' title='bbox 971 1409 1185 1477; x_wconf 92' lang='lat' dir='ltr'><strong>plenum</strong></span> <span class='ocrx_word' id='word_1_91' title='bbox 1215 1421 1320 1478; x_wconf 85' lang='lat' dir='ltr'><strong>est,</strong></span> <span class='ocrx_word' id='word_1_92' title='bbox 1357 1411 1563 1468; x_wconf 89' lang='lat' dir='ltr'><strong>nullam</strong></span> <span class='ocrx_word' id='word_1_93' title='bbox 1593 1423 1799 1483; x_wconf 90' lang='lat' dir='ltr'><strong>partem</strong></span> <span class='ocrx_word' id='word_1_94' title='bbox 1832 1415 1993 1471; x_wconf 83' lang='lat' dir='ltr'><strong>habet</strong></span> <span class='ocrx_word' id='word_1_95' title='bbox 2019 1432 2241 1473; x_wconf 83' lang='lat' dir='ltr'><strong>vacuant</strong></span> <span class='ocrx_word' id='word_1_96' title='bbox 2271 1436 2285 1472; x_wconf 90' lang='lat'><strong>:</strong></span> 
     </span>
    </p>
   </div>
   <div class='ocr_carea' id='block_1_16' title="bbox 719 1500 2288 1573">
    <p class='ocr_par' dir='ltr' id='par_1_16' title="bbox 719 1500 2288 1573">
     <span class='ocr_line' id='line_1_16' title="bbox 719 1500 2288 1573; baseline 0.006 -19"><span class='ocrx_word' id='word_1_97' title='bbox 719 1513 825 1554; x_wconf 89' lang='lat' dir='ltr'><strong>nos</strong></span> <span class='ocrx_word' id='word_1_98' title='bbox 854 1500 982 1568; x_wconf 90' lang='lat' dir='ltr'><strong>quid</strong></span> <span class='ocrx_word' id='word_1_99' title='bbox 1016 1500 1278 1565; x_wconf 88' lang='lat' dir='ltr'><strong>dicemus,</strong></span> <span class='ocrx_word' id='word_1_100' title='bbox 1327 1505 1418 1573; x_wconf 84' lang='lat' dir='ltr'><strong>qui</strong></span> <span class='ocrx_word' id='word_1_101' title='bbox 1463 1518 1614 1560; x_wconf 87' lang='lat' dir='ltr'><strong>mare</strong></span> <span class='ocrx_word' id='word_1_102' title='bbox 1658 1506 1922 1561; x_wconf 87' lang='lat' dir='ltr'><strong>malorum</strong></span> <span class='ocrx_word' id='word_1_103' title='bbox 1961 1507 2190 1564; x_wconf 81' lang='lat' dir='ltr'><strong>sumus?</strong></span> <span class='ocrx_word' id='word_1_104' title='bbox 2229 1507 2288 1564; x_wconf 87' lang='lat' dir='ltr'><strong>in</strong></span> 
     </span>
    </p>
   </div>
   <div class='ocr_carea' id='block_1_17' title="bbox 720 1592 2291 1666">
    <p class='ocr_par' dir='ltr' id='par_1_17' title="bbox 720 1592 2291 1666">
     <span class='ocr_line' id='line_1_17' title="bbox 720 1592 2291 1666; baseline 0.006 -20"><span class='ocrx_word' id='word_1_105' title='bbox 720 1592 869 1646; x_wconf 84' lang='lat' dir='ltr'><strong>omni</strong></span> <span class='ocrx_word' id='word_1_106' title='bbox 897 1602 1119 1662; x_wconf 89' lang='lat' dir='ltr'><strong>peccato</strong></span> <span class='ocrx_word' id='word_1_107' title='bbox 1158 1593 1462 1650; x_wconf 85' lang='lat' dir='ltr'><strong>humiliavit</strong></span> <span class='ocrx_word' id='word_1_108' title='bbox 1506 1611 1604 1653; x_wconf 89' lang='lat' dir='ltr'><strong>nos</strong></span> <span class='ocrx_word' id='word_1_109' title='bbox 1637 1597 1740 1653; x_wconf 89' lang='lat' dir='ltr'><strong>sibi</strong></span> <span class='ocrx_word' id='word_1_110' title='bbox 1781 1597 2072 1666; x_wconf 88' lang='lat' dir='ltr'><strong>subjiciens</strong></span> <span class='ocrx_word' id='word_1_111' title='bbox 2103 1600 2291 1655; x_wconf 85' lang='lat' dir='ltr'><strong>diabo-</strong></span> 
     </span>
    </p>
   </div>
   <div class='ocr_carea' id='block_1_18' title="bbox 722 1682 2290 1760">
    <p class='ocr_par' dir='ltr' id='par_1_18' title="bbox 722 1682 2290 1760">
     <span class='ocr_line' id='line_1_18' title="bbox 722 1682 2290 1760; baseline 0.007 -26"><span class='ocrx_word' id='word_1_112' title='bbox 722 1682 826 1740; x_wconf 85' lang='lat' dir='ltr'><strong>lus.</strong></span> <span class='ocrx_word' id='word_1_113' title='bbox 862 1682 1052 1739; x_wconf 83' lang='lat' dir='ltr'><strong>Nostra</strong></span> <span class='ocrx_word' id='word_1_114' title='bbox 1097 1685 1326 1740; x_wconf 88' lang='lat' dir='ltr'><strong>interest</strong></span> <span class='ocrx_word' id='word_1_115' title='bbox 1355 1694 1510 1758; x_wconf 74' lang='lat' dir='ltr'><strong>grate</strong></span> <span class='ocrx_word' id='word_1_116' title='bbox 1555 1688 1805 1759; x_wconf 89' lang='lat' dir='ltr'><strong>accipere</strong></span> <span class='ocrx_word' id='word_1_117' title='bbox 1833 1689 2046 1760; x_wconf 90' lang='lat' dir='ltr'><strong>quoties</strong></span> <span class='ocrx_word' id='word_1_118' title='bbox 2092 1689 2162 1745; x_wconf 89' lang='lat' dir='ltr'><strong>ab</strong></span> <span class='ocrx_word' id='word_1_119' title='bbox 2191 1691 2290 1745; x_wconf 88' lang='lat' dir='ltr'><strong>ho-</strong></span> 
     </span>
    </p>
   </div>
   <div class='ocr_carea' id='block_1_19' title="bbox 722 1774 2286 1849">
    <p class='ocr_par' dir='ltr' id='par_1_19' title="bbox 722 1774 2286 1849">
     <span class='ocr_line' id='line_1_19' title="bbox 722 1774 2286 1849; baseline 0.008 -24"><span class='ocrx_word' id='word_1_120' title='bbox 722 1774 960 1830; x_wconf 86' lang='lat' dir='ltr'><strong>minibus</strong></span> <span class='ocrx_word' id='word_1_121' title='bbox 1017 1775 1087 1831; x_wconf 90' lang='lat' dir='ltr'><strong>ob</strong></span> <span class='ocrx_word' id='word_1_122' title='bbox 1136 1776 1364 1846; x_wconf 82' lang='lat' dir='ltr'><strong>quodvis</strong></span> <span class='ocrx_word' id='word_1_123' title='bbox 1411 1787 1691 1848; x_wconf 85' lang='lat' dir='ltr'><strong>peccatum</strong></span> <span class='ocrx_word' id='word_1_124' title='bbox 1748 1781 2118 1838; x_wconf 86' lang='lat' dir='ltr'><strong>humiliamur.</strong></span> <span class='ocrx_word' id='word_1_125' title='bbox 2185 1782 2286 1849; x_wconf 87' lang='lat' dir='ltr'><strong>Qui</strong></span> 
     </span>
    </p>
   </div>
   <div class='ocr_carea' id='block_1_20' title="bbox 719 1852 2361 1930">
    <p class='ocr_par' dir='ltr' id='par_1_20' title="bbox 719 1852 2361 1930">
     <span class='ocr_line' id='line_1_20' title="bbox 719 1852 2361 1930; baseline 0.007 -11"><span class='ocrx_word' id='word_1_126' title='bbox 719 1865 862 1919; x_wconf 89' lang='lat' dir='ltr'><strong>enim</strong></span> <span class='ocrx_word' id='word_1_127' title='bbox 893 1868 972 1922; x_wconf 85' lang='lat' dir='ltr'><strong>sic</strong></span> <span class='ocrx_word' id='word_1_128' title='bbox 1013 1867 1221 1924; x_wconf 81' lang='lat' dir='ltr'><strong>faciunt</strong></span> <span class='ocrx_word' id='word_1_129' title='bbox 1259 1869 1594 1925; x_wconf 88' lang='lat' dir='ltr'><strong>ulciscuntur</strong></span> <span class='ocrx_word' id='word_1_130' title='bbox 1624 1872 1896 1928; x_wconf 90' lang='lat' dir='ltr'><strong>diabolum</strong></span> <span class='ocrx_word' id='word_1_131' title='bbox 1924 1891 1938 1927; x_wconf 91' lang='lat'><strong>:</strong></span> <span class='ocrx_word' id='word_1_132' title='bbox 1970 1888 2093 1928; x_wconf 91' lang='lat' dir='ltr'><strong>eum</strong></span> <span class='ocrx_word' id='word_1_133' title='bbox 2129 1876 2286 1930; x_wconf 82' lang='lat' dir='ltr'><strong>vicis—</strong></span> <span class='ocrx_word' id='word_1_134' title='bbox 2318 1852 2361 1908; x_wconf 76' lang='grc' dir='ltr'><strong><em>Β</em></strong></span> 
     </span>
    </p>
   </div>
   <div class='ocr_carea' id='block_1_21' title="bbox 720 1956 2285 2034">
    <p class='ocr_par' dir='ltr' id='par_1_21' title="bbox 720 1956 2285 2034">
     <span class='ocr_line' id='line_1_21' title="bbox 720 1956 2285 2034; baseline 0.006 -24"><span class='ocrx_word' id='word_1_135' title='bbox 720 1956 823 2011; x_wconf 87' lang='lat' dir='ltr'><strong>sim</strong></span> <span class='ocrx_word' id='word_1_136' title='bbox 873 1958 928 2012; x_wconf 93' lang='lat' dir='ltr'><strong>in</strong></span> <span class='ocrx_word' id='word_1_137' title='bbox 980 1961 1123 2014; x_wconf 91' lang='lat' dir='ltr'><strong>omni</strong></span> <span class='ocrx_word' id='word_1_138' title='bbox 1167 1970 1414 2029; x_wconf 88' lang='lat' dir='ltr'><strong>peccato,</strong></span> <span class='ocrx_word' id='word_1_139' title='bbox 1466 1962 1622 2032; x_wconf 91' lang='lat' dir='ltr'><strong>cujus</strong></span> <span class='ocrx_word' id='word_1_140' title='bbox 1667 1978 1882 2034; x_wconf 76' lang='lat' dir='ltr'><strong>poenam</strong></span> <span class='ocrx_word' id='word_1_141' title='bbox 1935 1963 2163 2022; x_wconf 89' lang='lat' dir='ltr'><strong>libenter</strong></span> <span class='ocrx_word' id='word_1_142' title='bbox 2214 1967 2285 2020; x_wconf 88' lang='lat' dir='ltr'><strong>ita</strong></span> 
     </span>
    </p>
   </div>
   <div class='ocr_carea' id='block_1_22' title="bbox 721 2048 2287 2124">
    <p class='ocr_par' dir='ltr' id='par_1_22' title="bbox 721 2048 2287 2124">
     <span class='ocr_line' id='line_1_22' title="bbox 721 2048 2287 2124; baseline 0.006 -22"><span class='ocrx_word' id='word_1_143' title='bbox 721 2048 956 2118; x_wconf 90' lang='lat' dir='ltr'><strong>luimus,</strong></span> <span class='ocrx_word' id='word_1_144' title='bbox 1010 2060 1373 2124; x_wconf 84' lang='lat' dir='ltr'><strong>conterentes.</strong></span> <span class='ocrx_word' id='word_1_145' title='bbox 1431 2052 1744 2124; x_wconf 86' lang='lat' dir='ltr'><strong>Siquidem,</strong></span> <span class='ocrx_word' id='word_1_146' title='bbox 1795 2065 1856 2110; x_wconf 90' lang='lat' dir='ltr'><strong>ut</strong></span> <span class='ocrx_word' id='word_1_147' title='bbox 1904 2056 2057 2111; x_wconf 87' lang='lat' dir='ltr'><strong>aiunt</strong></span> <span class='ocrx_word' id='word_1_148' title='bbox 2109 2057 2287 2112; x_wconf 88' lang='lat' dir='ltr'><strong>sancti</strong></span> 
     </span>
    </p>
   </div>
   <div class='ocr_carea' id='block_1_23' title="bbox 719 2120 2284 2216">
    <p class='ocr_par' dir='ltr' id='par_1_23' title="bbox 719 2120 2284 2216">
     <span class='ocr_line' id='line_1_23' title="bbox 719 2120 2284 2216; baseline 0.006 -23"><span class='ocrx_word' id='word_1_149' title='bbox 719 2137 932 2204; x_wconf 73' lang='lat' dir='ltr'><strong>Patres,</strong></span> <span class='ocrx_word' id='word_1_150' title='bbox 956 2141 1002 2196; x_wconf 86' lang='lat' dir='ltr'><strong>si</strong></span> <span class='ocrx_word' id='word_1_151' title='bbox 1035 2120 1372 2211; x_wconf 73' lang='lat' dir='ltr'><strong>deprimatur</strong></span> <span class='ocrx_word' id='word_1_152' title='bbox 1392 2120 1668 2200; x_wconf 69' lang='lat' dir='ltr'><strong>humilitas</strong></span> <span class='ocrx_word' id='word_1_153' title='bbox 1691 2161 1858 2216; x_wconf 87' lang='lat' dir='ltr'><strong>usque</strong></span> <span class='ocrx_word' id='word_1_154' title='bbox 1888 2147 1954 2202; x_wconf 88' lang='lat' dir='ltr'><strong>ad</strong></span> <span class='ocrx_word' id='word_1_155' title='bbox 1979 2145 2248 2202; x_wconf 80' lang='lat' dir='ltr'><strong>infernum</strong></span> <span class='ocrx_word' id='word_1_156' title='bbox 2269 2187 2284 2214; x_wconf 94' lang='lat'><strong>,</strong></span> 
     </span>
    </p>
   </div>
   <div class='ocr_carea' id='block_1_24' title="bbox 720 2231 2287 2308">
    <p class='ocr_par' dir='ltr' id='par_1_24' title="bbox 720 2231 2287 2308">
     <span class='ocr_line' id='line_1_24' title="bbox 720 2231 2287 2308; baseline 0.007 -26"><span class='ocrx_word' id='word_1_157' title='bbox 720 2244 890 2299; x_wconf 88' lang='lat' dir='ltr'><strong>usque</strong></span> <span class='ocrx_word' id='word_1_158' title='bbox 920 2231 986 2287; x_wconf 89' lang='lat' dir='ltr'><strong>ad</strong></span> <span class='ocrx_word' id='word_1_159' title='bbox 1019 2232 1213 2287; x_wconf 76' lang='lat' dir='ltr'><strong>ccelum</strong></span> <span class='ocrx_word' id='word_1_160' title='bbox 1247 2232 1588 2290; x_wconf 82' lang='lat' dir='ltr'><strong>exaltabitur.</strong></span> <span class='ocrx_word' id='word_1_161' title='bbox 1621 2236 1690 2291; x_wconf 89' lang='lat' dir='ltr'><strong>Et</strong></span> <span class='ocrx_word' id='word_1_162' title='bbox 1718 2238 1762 2292; x_wconf 89' lang='lat' dir='ltr'><strong>si</strong></span> <span class='ocrx_word' id='word_1_163' title='bbox 1803 2236 2069 2292; x_wconf 82' lang='lat' dir='ltr'><strong>exaltetur</strong></span> <span class='ocrx_word' id='word_1_164' title='bbox 2097 2254 2287 2308; x_wconf 89' lang='lat' dir='ltr'><strong>super-</strong></span> 
     </span>
    </p>
   </div>
   <div class='ocr_carea' id='block_1_25' title="bbox 716 2319 2282 2400">
    <p class='ocr_par' dir='ltr' id='par_1_25' title="bbox 716 2319 2282 2400">
     <span class='ocr_line' id='line_1_25' title="bbox 716 2319 2282 2400; baseline 0.009 -27"><span class='ocrx_word' id='word_1_165' title='bbox 716 2319 804 2374; x_wconf 90' lang='lat' dir='ltr'><strong>bia</strong></span> <span class='ocrx_word' id='word_1_166' title='bbox 835 2337 1003 2392; x_wconf 85' lang='lat' dir='ltr'><strong>usque</strong></span> <span class='ocrx_word' id='word_1_167' title='bbox 1031 2324 1097 2378; x_wconf 89' lang='lat' dir='ltr'><strong>ad</strong></span> <span class='ocrx_word' id='word_1_168' title='bbox 1131 2323 1348 2390; x_wconf 83' lang='lat' dir='ltr'><strong>ctelum,</strong></span> <span class='ocrx_word' id='word_1_169' title='bbox 1375 2340 1546 2396; x_wconf 89' lang='lat' dir='ltr'><strong>usque</strong></span> <span class='ocrx_word' id='word_1_170' title='bbox 1577 2329 1644 2384; x_wconf 90' lang='lat' dir='ltr'><strong>ad</strong></span> <span class='ocrx_word' id='word_1_171' title='bbox 1679 2327 1949 2385; x_wconf 78' lang='lat' dir='ltr'><strong>infernum</strong></span> <span class='ocrx_word' id='word_1_172' title='bbox 1975 2330 2282 2400; x_wconf 88' lang='lat' dir='ltr'><strong>dejicietur.</strong></span> 
     </span>
    </p>
   </div>
   <div class='ocr_carea' id='block_1_26' title="bbox 2398 598 3955 674">
    <p class='ocr_par' dir='ltr' id='par_1_26' title="bbox 2398 598 3955 674">
     <span class='ocr_line' id='line_1_26' title="bbox 2398 598 3955 674; baseline 0.003 -22"><span class='ocrx_word' id='word_1_173' title='bbox 2398 598 2576 653; x_wconf 82' lang='grc' dir='ltr'><strong>πάντα</strong></span> <span class='ocrx_word' id='word_1_174' title='bbox 2597 601 2658 653; x_wconf 78' lang='grc' dir='ltr'><strong>οὔ</strong></span> <span class='ocrx_word' id='word_1_175' title='bbox 2673 600 2895 654; x_wconf 76' lang='grc' dir='ltr'><strong>δύναται</strong></span> <span class='ocrx_word' id='word_1_176' title='bbox 2920 600 3139 656; x_wconf 73' lang='grc' dir='ltr'><strong>εἰδέναιο</strong></span> <span class='ocrx_word' id='word_1_177' title='bbox 3162 604 3210 656; x_wconf 81' lang='lat' dir='ltr'><strong>el</strong></span> <span class='ocrx_word' id='word_1_178' title='bbox 3229 602 3336 674; x_wconf 85' lang='grc' dir='ltr'><strong>γὰρ</strong></span> <span class='ocrx_word' id='word_1_179' title='bbox 3353 603 3382 655; x_wconf 81' lang='grc' dir='ltr'><strong>ὁ</strong></span> <span class='ocrx_word' id='word_1_180' title='bbox 3404 602 3611 665; x_wconf 82' lang='grc' dir='ltr'><strong>δίκαιος</strong></span> <span class='ocrx_word' id='word_1_181' title='bbox 3646 603 3766 656; x_wconf 79' lang='grc' dir='ltr'><strong>Ἰὼϐ</strong></span> <span class='ocrx_word' id='word_1_182' title='bbox 3789 601 3955 668; x_wconf 77' lang='grc' dir='ltr'><strong>εἶπεν,</strong></span> 
     </span>
    </p>
   </div>
   <div class='ocr_carea' id='block_1_27' title="bbox 2397 690 3959 765">
    <p class='ocr_par' dir='ltr' id='par_1_27' title="bbox 2397 690 3959 765">
     <span class='ocr_line' id='line_1_27' title="bbox 2397 690 3959 765; baseline 0.005 -22"><span class='ocrx_word' id='word_1_183' title='bbox 2397 691 2478 744; x_wconf 85' lang='grc' dir='ltr'><strong>ὄτι</strong></span> <span class='ocrx_word' id='word_1_184' title='bbox 2501 690 2747 761; x_wconf 74' lang='grc' dir='ltr'><strong>Πλήρης</strong></span> <span class='ocrx_word' id='word_1_185' title='bbox 2766 692 3000 762; x_wconf 75' lang='grc' dir='ltr'><strong>ἀτιμίας</strong></span> <span class='ocrx_word' id='word_1_186' title='bbox 3027 694 3162 763; x_wconf 79' lang='grc' dir='ltr'><strong>ειμι·</strong></span> <span class='ocrx_word' id='word_1_187' title='bbox 3198 693 3258 748; x_wconf 82' lang='grc' dir='ltr'><strong>τδ</strong></span> <span class='ocrx_word' id='word_1_188' title='bbox 3277 694 3334 748; x_wconf 74' lang='grc' dir='ltr'>δὲ</span> <span class='ocrx_word' id='word_1_189' title='bbox 3362 693 3576 765; x_wconf 81' lang='grc' dir='ltr'><strong>πλήρης</strong></span> <span class='ocrx_word' id='word_1_190' title='bbox 3606 696 3759 748; x_wconf 77' lang='grc' dir='ltr'><strong>οὐδὲν</strong></span> <span class='ocrx_word' id='word_1_191' title='bbox 3785 698 3959 750; x_wconf 71' lang='grc' dir='ltr'><strong>ἐπιδέ-</strong></span> 
     </span>
    </p>
   </div>
   <div class='ocr_carea' id='block_1_28' title="bbox 2396 782 3960 855">
    <p class='ocr_par' dir='ltr' id='par_1_28' title="bbox 2396 782 3960 855">
     <span class='ocr_line' id='line_1_28' title="bbox 2396 782 3960 855; baseline 0.004 -21"><span class='ocrx_word' id='word_1_192' title='bbox 2396 798 2570 852; x_wconf 70' lang='grc' dir='ltr'><strong>χεταν</strong></span> <span class='ocrx_word' id='word_1_193' title='bbox 2589 782 2747 854; x_wconf 77' lang='grc' dir='ltr'><strong>ἡμεῖς</strong></span> <span class='ocrx_word' id='word_1_194' title='bbox 2771 784 3018 855; x_wconf 73' lang='grc' dir='ltr'><strong>εἴπομεν,</strong></span> <span class='ocrx_word' id='word_1_195' title='bbox 3039 785 3275 852; x_wconf 81' lang='grc' dir='ltr'><strong>πέλαγος</strong></span> <span class='ocrx_word' id='word_1_196' title='bbox 3300 785 3452 849; x_wconf 73' lang='grc' dir='ltr'><strong>ὄντες</strong></span> <span class='ocrx_word' id='word_1_197' title='bbox 3479 786 3684 840; x_wconf 83' lang='grc' dir='ltr'><strong>κακῶν·</strong></span> <span class='ocrx_word' id='word_1_198' title='bbox 3704 787 3792 839; x_wconf 84' lang='grc' dir='ltr'><strong>Ἐν</strong></span> <span class='ocrx_word' id='word_1_199' title='bbox 3807 789 3960 841; x_wconf 79' lang='grc' dir='ltr'><strong>παντὶ</strong></span> 
     </span>
    </p>
   </div>
   <div class='ocr_carea' id='block_1_29' title="bbox 2395 873 3963 949">
    <p class='ocr_par' dir='ltr' id='par_1_29' title="bbox 2395 873 3963 949">
     <span class='ocr_line' id='line_1_29' title="bbox 2395 873 3963 949; baseline 0.004 -23"><span class='ocrx_word' id='word_1_200' title='bbox 2395 873 2754 945; x_wconf 76' lang='grc' dir='ltr'><strong>ἁμαρτήματι</strong></span> <span class='ocrx_word' id='word_1_201' title='bbox 2780 876 3143 930; x_wconf 69' lang='grc' dir='ltr'><strong>ἐταπείνωσεν</strong></span> <span class='ocrx_word' id='word_1_202' title='bbox 3166 879 3316 947; x_wconf 74' lang='grc' dir='ltr'><strong>ἡμᾶς</strong></span> <span class='ocrx_word' id='word_1_203' title='bbox 3337 878 3366 929; x_wconf 81' lang='grc' dir='ltr'>ὁ</span> <span class='ocrx_word' id='word_1_204' title='bbox 3390 877 3633 941; x_wconf 83' lang='grc' dir='ltr'><strong>διάϐολος</strong></span> <span class='ocrx_word' id='word_1_205' title='bbox 3652 919 3668 941; x_wconf 89' lang='grc'><strong>,</strong></span> <span class='ocrx_word' id='word_1_206' title='bbox 3706 881 3801 933; x_wconf 74' lang='grc' dir='ltr'><strong>καὶ</strong></span> <span class='ocrx_word' id='word_1_207' title='bbox 3827 880 3963 949; x_wconf 74' lang='grc' dir='ltr'><strong>ὀφεί-</strong></span> 
     </span>
    </p>
   </div>
   <div class='ocr_carea' id='block_1_30' title="bbox 2394 964 3956 1040">
    <p class='ocr_par' dir='ltr' id='par_1_30' title="bbox 2394 964 3956 1040">
     <span class='ocr_line' id='line_1_30' title="bbox 2394 964 3956 1040; baseline 0.003 -23"><span class='ocrx_word' id='word_1_208' title='bbox 2394 964 2560 1036; x_wconf 83' lang='grc' dir='ltr'>λομεν</span> <span class='ocrx_word' id='word_1_209' title='bbox 2585 966 2929 1039; x_wconf 71' lang='grc' dir='ltr'><strong>εὐγνώμονες</strong></span> <span class='ocrx_word' id='word_1_210' title='bbox 2951 967 3207 1036; x_wconf 82' lang='grc' dir='ltr'><strong>γενέσθαι</strong></span> <span class='ocrx_word' id='word_1_211' title='bbox 3230 970 3328 1040; x_wconf 82' lang='grc' dir='ltr'><strong>τῆς</strong></span> <span class='ocrx_word' id='word_1_212' title='bbox 3373 970 3757 1035; x_wconf 80' lang='grc' dir='ltr'><strong>ταπεινώσεως</strong></span> <span class='ocrx_word' id='word_1_213' title='bbox 3787 971 3956 1040; x_wconf 72' lang='grc' dir='ltr'><strong>ἡμῶν·</strong></span> 
     </span>
    </p>
   </div>
   <div class='ocr_carea' id='block_1_31' title="bbox 2392 1055 3960 1131">
    <p class='ocr_par' dir='ltr' id='par_1_31' title="bbox 2392 1055 3960 1131">
     <span class='ocr_line' id='line_1_31' title="bbox 2392 1055 3960 1131; baseline 0.003 -22"><span class='ocrx_word' id='word_1_214' title='bbox 2392 1055 2440 1110; x_wconf 70' lang='grc' dir='ltr'>οἱ</span> <span class='ocrx_word' id='word_1_215' title='bbox 2466 1056 2574 1126; x_wconf 83' lang='grc' dir='ltr'><strong>γὰρ</strong></span> <span class='ocrx_word' id='word_1_216' title='bbox 2598 1057 2937 1131; x_wconf 80' lang='grc' dir='ltr'><strong>εὐγνώμονες</strong></span> <span class='ocrx_word' id='word_1_217' title='bbox 2957 1060 3234 1131; x_wconf 81' lang='grc' dir='ltr'><strong>γενόμενοι</strong></span> <span class='ocrx_word' id='word_1_218' title='bbox 3258 1061 3356 1130; x_wconf 81' lang='grc' dir='ltr'><strong>τῆς</strong></span> <span class='ocrx_word' id='word_1_219' title='bbox 3379 1061 3559 1114; x_wconf 77' lang='grc' dir='ltr'><strong>αὐτῶν</strong></span> <span class='ocrx_word' id='word_1_220' title='bbox 3586 1061 3960 1124; x_wconf 67' lang='grc' dir='ltr'><strong>ταπεινώσεως</strong></span> 
     </span>
    </p>
   </div>
   <div class='ocr_carea' id='block_1_32' title="bbox 2394 1145 3959 1224">
    <p class='ocr_par' dir='ltr' id='par_1_32' title="bbox 2394 1145 3959 1224">
     <span class='ocr_line' id='line_1_32' title="bbox 2394 1145 3959 1224; baseline 0.003 -23"><span class='ocrx_word' id='word_1_221' title='bbox 2394 1145 2742 1220; x_wconf 85' lang='grc' dir='ltr'><strong>συντρίϐουσι</strong></span> <span class='ocrx_word' id='word_1_222' title='bbox 2783 1153 2876 1207; x_wconf 84' lang='grc' dir='ltr'><strong>τὸν</strong></span> <span class='ocrx_word' id='word_1_223' title='bbox 2900 1153 3163 1209; x_wconf 85' lang='grc' dir='ltr'><strong>διάϐολον.</strong></span> <span class='ocrx_word' id='word_1_224' title='bbox 3202 1154 3312 1208; x_wconf 72' lang='grc' dir='ltr'><strong>Καὶ</strong></span> <span class='ocrx_word' id='word_1_225' title='bbox 3347 1151 3526 1217; x_wconf 79' lang='grc' dir='ltr'><strong>καθὼς</strong></span> <span class='ocrx_word' id='word_1_226' title='bbox 3557 1150 3709 1224; x_wconf 74' lang='grc' dir='ltr'><strong>εἷπον</strong></span> <span class='ocrx_word' id='word_1_227' title='bbox 3745 1155 3794 1206; x_wconf 81' lang='lat' dir='ltr'><strong>nl</strong></span> <span class='ocrx_word' id='word_1_228' title='bbox 3820 1153 3959 1219; x_wconf 72' lang='grc' dir='ltr'><strong>ἅγιοι</strong></span> 
     </span>
    </p>
   </div>
   <div class='ocr_carea' id='block_1_33' title="bbox 2392 1242 3956 1318">
    <p class='ocr_par' dir='ltr' id='par_1_33' title="bbox 2392 1242 3956 1318">
     <span class='ocr_line' id='line_1_33' title="bbox 2392 1242 3956 1318; baseline 0 -22"><span class='ocrx_word' id='word_1_229' title='bbox 2392 1243 2654 1314; x_wconf 79' lang='grc' dir='ltr'><strong>Πατέρες’</strong></span> <span class='ocrx_word' id='word_1_230' title='bbox 2685 1242 2781 1297; x_wconf 75' lang='grc' dir='ltr'><strong>ἐὰν</strong></span> <span class='ocrx_word' id='word_1_231' title='bbox 2812 1244 3108 1318; x_wconf 71' lang='grc' dir='ltr'><strong>κατενεχθῇ</strong></span> <span class='ocrx_word' id='word_1_232' title='bbox 3135 1248 3168 1317; x_wconf 79' lang='grc' dir='ltr'><strong>ἠ</strong></span> <span class='ocrx_word' id='word_1_233' title='bbox 3200 1247 3530 1312; x_wconf 81' lang='grc' dir='ltr'><strong>ταπείνωσις</strong></span> <span class='ocrx_word' id='word_1_234' title='bbox 3563 1249 3639 1310; x_wconf 84' lang='grc' dir='ltr'><strong>εἰς</strong></span> <span class='ocrx_word' id='word_1_235' title='bbox 3670 1245 3762 1298; x_wconf 84' lang='grc' dir='ltr'><strong>τδν</strong></span> <span class='ocrx_word' id='word_1_236' title='bbox 3807 1245 3956 1317; x_wconf 71' lang='grc' dir='ltr'><strong>ᾅδην,</strong></span> 
     </span>
    </p>
   </div>
   <div class='ocr_carea' id='block_1_34' title="bbox 2391 1339 3958 1413">
    <p class='ocr_par' dir='ltr' id='par_1_34' title="bbox 2391 1339 3958 1413">
     <span class='ocr_line' id='line_1_34' title="bbox 2391 1339 3958 1413; baseline 0 -20"><span class='ocrx_word' id='word_1_237' title='bbox 2391 1340 2472 1402; x_wconf 82' lang='grc' dir='ltr'><strong>είς</strong></span> <span class='ocrx_word' id='word_1_238' title='bbox 2498 1339 2588 1392; x_wconf 76' lang='grc' dir='ltr'><strong>τὸν</strong></span> <span class='ocrx_word' id='word_1_239' title='bbox 2621 1340 2850 1410; x_wconf 75' lang='grc' dir='ltr'><strong>οὐρανὸν</strong></span> <span class='ocrx_word' id='word_1_240' title='bbox 2893 1341 3176 1410; x_wconf 75' lang='grc' dir='ltr'><strong>ἀνάγεταιο</strong></span> <span class='ocrx_word' id='word_1_241' title='bbox 3213 1344 3307 1397; x_wconf 77' lang='grc' dir='ltr'><strong>καὶ</strong></span> <span class='ocrx_word' id='word_1_242' title='bbox 3335 1343 3428 1397; x_wconf 72' lang='grc' dir='ltr'><strong>ἐὰν</strong></span> <span class='ocrx_word' id='word_1_243' title='bbox 3459 1343 3645 1413; x_wconf 78' lang='grc' dir='ltr'><strong>ὑψωθῇ</strong></span> <span class='ocrx_word' id='word_1_244' title='bbox 3682 1344 3713 1410; x_wconf 81' lang='grc' dir='ltr'><strong>ἠ</strong></span> <span class='ocrx_word' id='word_1_245' title='bbox 3755 1342 3958 1410; x_wconf 73' lang='grc' dir='ltr'><strong>ὑπερη-</strong></span> 
     </span>
    </p>
   </div>
   <div class='ocr_carea' id='block_1_35' title="bbox 2391 1427 3960 1500">
    <p class='ocr_par' dir='ltr' id='par_1_35' title="bbox 2391 1427 3960 1500">
     <span class='ocr_line' id='line_1_35' title="bbox 2391 1427 3960 1500; baseline -0.001 -19"><span class='ocrx_word' id='word_1_246' title='bbox 2391 1427 2558 1496; x_wconf 76' lang='grc' dir='ltr'><strong>φανία</strong></span> <span class='ocrx_word' id='word_1_247' title='bbox 2590 1427 2695 1491; x_wconf 70' lang='grc' dir='ltr'><strong>ἕως</strong></span> <span class='ocrx_word' id='word_1_248' title='bbox 2720 1427 2813 1481; x_wconf 80' lang='grc' dir='ltr'><strong>τοῦ</strong></span> <span class='ocrx_word' id='word_1_249' title='bbox 2846 1429 3097 1500; x_wconf 77' lang='grc' dir='ltr'><strong>οὐρανοῦ,</strong></span> <span class='ocrx_word' id='word_1_250' title='bbox 3129 1431 3428 1500; x_wconf 80' lang='grc' dir='ltr'><strong>κατάγεται</strong></span> <span class='ocrx_word' id='word_1_251' title='bbox 3456 1433 3537 1494; x_wconf 85' lang='grc' dir='ltr'><strong>είς</strong></span> <span class='ocrx_word' id='word_1_252' title='bbox 3573 1432 3664 1483; x_wconf 71' lang='grc' dir='ltr'><strong>τὸν</strong></span> <span class='ocrx_word' id='word_1_253' title='bbox 3696 1429 3848 1500; x_wconf 77' lang='grc' dir='ltr'><strong>ᾅδην·</strong></span> <span class='ocrx_word' id='word_1_254' title='bbox 3879 1429 3960 1491; x_wconf 82' lang='grc' dir='ltr'><strong>τίς</strong></span> 
     </span>
    </p>
   </div>
   <div class='ocr_carea' id='block_1_36' title="bbox 2392 1518 3960 1593">
    <p class='ocr_par' dir='ltr' id='par_1_36' title="bbox 2392 1518 3960 1593">
     <span class='ocr_line' id='line_1_36' title="bbox 2392 1518 3960 1593; baseline 0 -20"><span class='ocrx_word' id='word_1_255' title='bbox 2392 1518 2567 1573; x_wconf 79' lang='grc' dir='ltr'><strong>πείθει</strong></span> <span class='ocrx_word' id='word_1_256' title='bbox 2598 1520 2727 1574; x_wconf 78' lang='grc' dir='ltr'><strong>ποτὲ</strong></span> <span class='ocrx_word' id='word_1_257' title='bbox 2755 1523 3222 1593; x_wconf 83' lang='grc' dir='ltr'><strong>τεταπεινωμένον</strong></span> <span class='ocrx_word' id='word_1_258' title='bbox 3265 1522 3458 1587; x_wconf 79' lang='grc' dir='ltr'><strong>πλέξαι</strong></span> <span class='ocrx_word' id='word_1_259' title='bbox 3492 1522 3784 1591; x_wconf 76' lang='grc' dir='ltr'><strong>λογισμοὺς</strong></span> <span class='ocrx_word' id='word_1_260' title='bbox 3825 1519 3960 1573; x_wconf 83' lang='grc' dir='ltr'><strong>κατά</strong></span> 
     </span>
    </p>
   </div>
   <div class='ocr_carea' id='block_1_37' title="bbox 2389 1609 3959 1684">
    <p class='ocr_par' dir='ltr' id='par_1_37' title="bbox 2389 1609 3959 1684">
     <span class='ocr_line' id='line_1_37' title="bbox 2389 1609 3959 1684; baseline -0.001 -22"><span class='ocrx_word' id='word_1_261' title='bbox 2389 1609 2612 1680; x_wconf 71' lang='grc' dir='ltr'><strong>τινος-,ἢ</strong></span> <span class='ocrx_word' id='word_1_262' title='bbox 2649 1609 2750 1664; x_wconf 80' lang='grc' dir='ltr'><strong>κᾶν</strong></span> <span class='ocrx_word' id='word_1_263' title='bbox 2795 1611 3081 1677; x_wconf 81' lang='grc' dir='ltr'><strong>ἀνέξεσθαι</strong></span> <span class='ocrx_word' id='word_1_264' title='bbox 3133 1613 3455 1684; x_wconf 73' lang='grc' dir='ltr'><strong>μέμψασθαί</strong></span> <span class='ocrx_word' id='word_1_265' title='bbox 3494 1629 3614 1664; x_wconf 86' lang='grc' dir='ltr'><strong>τινα</strong></span> <span class='ocrx_word' id='word_1_266' title='bbox 3637 1655 3650 1676; x_wconf 82' lang='grc'><strong>,</strong></span> <span class='ocrx_word' id='word_1_267' title='bbox 3680 1612 3711 1680; x_wconf 82' lang='grc' dir='ltr'>ἢ</span> <span class='ocrx_word' id='word_1_268' title='bbox 3747 1611 3959 1680; x_wconf 68' lang='grc' dir='ltr'><strong>βάλλειν</strong></span> 
     </span>
    </p>
   </div>
   <div class='ocr_carea' id='block_1_38' title="bbox 2389 1702 3959 1775">
    <p class='ocr_par' dir='ltr' id='par_1_38' title="bbox 2389 1702 3959 1775">
     <span class='ocr_line' id='line_1_38' title="bbox 2389 1702 3959 1775; baseline -0.001 -20"><span class='ocrx_word' id='word_1_269' title='bbox 2389 1702 2574 1756; x_wconf 75' lang='grc' dir='ltr'><strong>ἐπάνω</strong></span> <span class='ocrx_word' id='word_1_270' title='bbox 2605 1702 2763 1757; x_wconf 76' lang='grc' dir='ltr'><strong>ἄλλου</strong></span> <span class='ocrx_word' id='word_1_271' title='bbox 2801 1705 3010 1772; x_wconf 74' lang='grc' dir='ltr'><strong>αἱτίανς</strong></span> <span class='ocrx_word' id='word_1_272' title='bbox 3040 1707 3149 1759; x_wconf 80' lang='grc' dir='ltr'><strong>πᾶν</strong></span> <span class='ocrx_word' id='word_1_273' title='bbox 3181 1705 3290 1775; x_wconf 82' lang='grc' dir='ltr'><strong>γὰρ</strong></span> <span class='ocrx_word' id='word_1_274' title='bbox 3319 1705 3494 1759; x_wconf 79' lang='grc' dir='ltr'><strong>ὁτιοῦν</strong></span> <span class='ocrx_word' id='word_1_275' title='bbox 3531 1705 3678 1774; x_wconf 80' lang='grc' dir='ltr'><strong>πάθῃ</strong></span> <span class='ocrx_word' id='word_1_276' title='bbox 3707 1707 3732 1755; x_wconf 73' lang='grc' dir='ltr'><strong><em>ὁ</em></strong></span> <span class='ocrx_word' id='word_1_277' title='bbox 3767 1719 3959 1756; x_wconf 75' lang='grc' dir='ltr'><strong>ταπει-</strong></span> 
     </span>
    </p>
   </div>
   <div class='ocr_carea' id='block_1_39' title="bbox 2391 1792 3959 1867">
    <p class='ocr_par' dir='ltr' id='par_1_39' title="bbox 2391 1792 3959 1867">
     <span class='ocr_line' id='line_1_39' title="bbox 2391 1792 3959 1867; baseline -0.001 -21"><span class='ocrx_word' id='word_1_278' title='bbox 2391 1794 2539 1865; x_wconf 78' lang='grc' dir='ltr'><strong>νδςῆ</strong></span> <span class='ocrx_word' id='word_1_279' title='bbox 2587 1794 2840 1858; x_wconf 84' lang='grc' dir='ltr'><strong>ἀκούσει,</strong></span> <span class='ocrx_word' id='word_1_280' title='bbox 2873 1795 3129 1867; x_wconf 80' lang='grc' dir='ltr'><strong>ἀφορμὴν</strong></span> <span class='ocrx_word' id='word_1_281' title='bbox 3167 1796 3431 1865; x_wconf 88' lang='grc' dir='ltr'><strong>λαμϐάνει</strong></span> <span class='ocrx_word' id='word_1_282' title='bbox 3463 1797 3542 1858; x_wconf 81' lang='grc' dir='ltr'><strong>είς</strong></span> <span class='ocrx_word' id='word_1_283' title='bbox 3575 1795 3634 1847; x_wconf 77' lang='grc' dir='ltr'><strong>τὸ</strong></span> <span class='ocrx_word' id='word_1_284' title='bbox 3677 1792 3959 1861; x_wconf 69' lang='grc' dir='ltr'><strong>καταμέμ-</strong></span> 
     </span>
    </p>
   </div>
   <div class='ocr_carea' id='block_1_40' title="bbox 2391 1880 3962 1954">
    <p class='ocr_par' dir='ltr' id='par_1_40' title="bbox 2391 1880 3962 1954">
     <span class='ocr_line' id='line_1_40' title="bbox 2391 1880 3962 1954; baseline -0.003 -18"><span class='ocrx_word' id='word_1_285' title='bbox 2391 1881 2586 1950; x_wconf 84' lang='grc' dir='ltr'><strong>φεσθαι</strong></span> <span class='ocrx_word' id='word_1_286' title='bbox 2617 1883 2712 1936; x_wconf 83' lang='grc' dir='ltr'><strong>καὶ</strong></span> <span class='ocrx_word' id='word_1_287' title='bbox 2747 1883 2986 1954; x_wconf 77' lang='grc' dir='ltr'><strong>ὑϐρίζειν</strong></span> <span class='ocrx_word' id='word_1_288' title='bbox 3012 1885 3224 1938; x_wconf 77' lang='grc' dir='ltr'><strong>ἑαυτόν·</strong></span> <span class='ocrx_word' id='word_1_289' title='bbox 3262 1886 3355 1937; x_wconf 77' lang='grc' dir='ltr'><strong>καὶ</strong></span> <span class='ocrx_word' id='word_1_290' title='bbox 3382 1885 3658 1954; x_wconf 77' lang='grc' dir='ltr'><strong>ἐμέμνητο</strong></span> <span class='ocrx_word' id='word_1_291' title='bbox 3682 1883 3775 1935; x_wconf 75' lang='grc' dir='ltr'><strong>τοῦ</strong></span> <span class='ocrx_word' id='word_1_292' title='bbox 3820 1880 3962 1935; x_wconf 66' lang='grc' dir='ltr'><strong>ἁϐϐά</strong></span> 
     </span>
    </p>
   </div>
   <div class='ocr_carea' id='block_1_41' title="bbox 2394 1973 3961 2048">
    <p class='ocr_par' dir='ltr' id='par_1_41' title="bbox 2394 1973 3961 2048">
     <span class='ocr_line' id='line_1_41' title="bbox 2394 1973 3961 2048; baseline -0.003 -21"><span class='ocrx_word' id='word_1_293' title='bbox 2394 1973 2673 2037; x_wconf 82' lang='grc' dir='ltr'><strong>Μωῦσέως</strong></span> <span class='ocrx_word' id='word_1_294' title='bbox 2703 1975 2793 2028; x_wconf 80' lang='grc' dir='ltr'><strong>ὅτε</strong></span> <span class='ocrx_word' id='word_1_295' title='bbox 2823 1974 3108 2042; x_wconf 71' lang='grc' dir='ltr'><strong>ἐξέϐαλλον</strong></span> <span class='ocrx_word' id='word_1_296' title='bbox 3137 1976 3297 2029; x_wconf 74' lang='grc' dir='ltr'><strong>αὐτὸν</strong></span> <span class='ocrx_word' id='word_1_297' title='bbox 3333 1977 3384 2028; x_wconf 82' lang='lat' dir='ltr'><strong>oi</strong></span> <span class='ocrx_word' id='word_1_298' title='bbox 3412 1976 3663 2048; x_wconf 76' lang='grc' dir='ltr'><strong>κληρικοὶ</strong></span> <span class='ocrx_word' id='word_1_299' title='bbox 3693 1974 3786 2027; x_wconf 72' lang='grc' dir='ltr'><strong>τοῦ</strong></span> <span class='ocrx_word' id='word_1_300' title='bbox 3819 1977 3961 2040; x_wconf 79' lang='grc' dir='ltr'><strong>ἱερα-</strong></span> 
     </span>
    </p>
   </div>
   <div class='ocr_carea' id='block_1_42' title="bbox 2393 2064 3960 2135">
    <p class='ocr_par' dir='ltr' id='par_1_42' title="bbox 2393 2064 3960 2135">
     <span class='ocr_line' id='line_1_42' title="bbox 2393 2064 3960 2135; baseline -0.002 -19"><span class='ocrx_word' id='word_1_301' title='bbox 2393 2064 2562 2127; x_wconf 86' lang='grc' dir='ltr'><strong>τείου,</strong></span> <span class='ocrx_word' id='word_1_302' title='bbox 2593 2065 2838 2128; x_wconf 76' lang='grc' dir='ltr'><strong>εἰπόντες</strong></span> <span class='ocrx_word' id='word_1_303' title='bbox 2868 2065 3038 2135; x_wconf 78' lang='grc' dir='ltr'><strong>αὐτῷ·</strong></span> <span class='ocrx_word' id='word_1_304' title='bbox 3067 2066 3285 2134; x_wconf 80' lang='grc' dir='ltr'><strong>’Υπαγε</strong></span> <span class='ocrx_word' id='word_1_305' title='bbox 3311 2065 3414 2130; x_wconf 78' lang='grc' dir='ltr'><strong>ἔξω</strong></span> <span class='ocrx_word' id='word_1_306' title='bbox 3433 2106 3447 2130; x_wconf 89' lang='grc'><strong>,</strong></span> <span class='ocrx_word' id='word_1_307' title='bbox 3472 2065 3682 2132; x_wconf 68' lang='grc' dir='ltr'><strong>Αἰθίοψ.</strong></span> <span class='ocrx_word' id='word_1_308' title='bbox 3719 2065 3829 2116; x_wconf 70' lang='grc' dir='ltr'><strong>Καὶ</strong></span> <span class='ocrx_word' id='word_1_309' title='bbox 3866 2064 3960 2133; x_wconf 68' lang='grc' dir='ltr'><strong>ἦρα</strong></span> 
     </span>
    </p>
   </div>
   <div class='ocr_carea' id='block_1_43' title="bbox 2395 2155 3956 2228">
    <p class='ocr_par' dir='ltr' id='par_1_43' title="bbox 2395 2155 3956 2228">
     <span class='ocr_line' id='line_1_43' title="bbox 2395 2155 3956 2228; baseline -0.003 -19"><span class='ocrx_word' id='word_1_310' title='bbox 2395 2155 2524 2220; x_wconf 83' lang='grc' dir='ltr'><strong>ξατο</strong></span> <span class='ocrx_word' id='word_1_311' title='bbox 2545 2156 2734 2211; x_wconf 79' lang='grc' dir='ltr'><strong>ἑαυτὸν</strong></span> <span class='ocrx_word' id='word_1_312' title='bbox 2761 2158 3112 2228; x_wconf 76' lang='grc' dir='ltr'><strong>ἐπιπλήττειν</strong></span> <span class='ocrx_word' id='word_1_313' title='bbox 3146 2160 3240 2212; x_wconf 77' lang='grc' dir='ltr'><strong>καὶ</strong></span> <span class='ocrx_word' id='word_1_314' title='bbox 3262 2159 3460 2226; x_wconf 62' lang='grc' dir='ltr'><strong>λέγειν*</strong></span> <span class='ocrx_word' id='word_1_315' title='bbox 3491 2156 3828 2224; x_wconf 77' lang='grc' dir='ltr'><strong>Σποδόδερμε</strong></span> <span class='ocrx_word' id='word_1_316' title='bbox 3863 2171 3956 2222; x_wconf 82' lang='grc' dir='ltr'><strong>με·</strong></span> 
     </span>
    </p>
   </div>
   <div class='ocr_carea' id='block_1_44' title="bbox 2392 2243 3958 2319">
    <p class='ocr_par' dir='ltr' id='par_1_44' title="bbox 2392 2243 3958 2319">
     <span class='ocr_line' id='line_1_44' title="bbox 2392 2243 3958 2319; baseline 0.003 -21"><span class='ocrx_word' id='word_1_317' title='bbox 2392 2245 2542 2310; x_wconf 78' lang='grc' dir='ltr'><strong>λανὲ,</strong></span> <span class='ocrx_word' id='word_1_318' title='bbox 2573 2244 2753 2309; x_wconf 84' lang='grc' dir='ltr'><strong>καλῶς</strong></span> <span class='ocrx_word' id='word_1_319' title='bbox 2776 2262 2856 2300; x_wconf 87' lang='grc' dir='ltr'><strong>σοι</strong></span> <span class='ocrx_word' id='word_1_320' title='bbox 2888 2247 3167 2319; x_wconf 68' lang='grc' dir='ltr'><strong>ἐποίησανο</strong></span> <span class='ocrx_word' id='word_1_321' title='bbox 3203 2255 3277 2319; x_wconf 82' lang='grc' dir='ltr'><strong>μὴ</strong></span> <span class='ocrx_word' id='word_1_322' title='bbox 3306 2247 3380 2301; x_wconf 85' lang='grc' dir='ltr'><strong>ὢν</strong></span> <span class='ocrx_word' id='word_1_323' title='bbox 3409 2247 3688 2316; x_wconf 77' lang='grc' dir='ltr'><strong>ἄνθρωπος</strong></span> <span class='ocrx_word' id='word_1_324' title='bbox 3715 2245 3848 2312; x_wconf 70' lang='grc' dir='ltr'><strong>ἔρχῃ</strong></span> <span class='ocrx_word' id='word_1_325' title='bbox 3883 2243 3958 2303; x_wconf 84' lang='grc' dir='ltr'><strong>εἰς</strong></span> 
     </span>
    </p>
   </div>
   <div class='ocr_carea' id='block_1_45' title="bbox 2391 2332 3887 2404">
    <p class='ocr_par' dir='ltr' id='par_1_45' title="bbox 2391 2332 3887 2404">
     <span class='ocr_line' id='line_1_45' title="bbox 2391 2332 3887 2404; baseline -0.005 -17"><span class='ocrx_word' id='word_1_326' title='bbox 2391 2334 2453 2387; x_wconf 82' lang='grc' dir='ltr'><strong>τὸ</strong></span> <span class='ocrx_word' id='word_1_327' title='bbox 2481 2334 2644 2404; x_wconf 81' lang='grc' dir='ltr'><strong>μέσον</strong></span> <span class='ocrx_word' id='word_1_328' title='bbox 2664 2335 2772 2387; x_wconf 83' lang='grc' dir='ltr'><strong>τῶν</strong></span> <span class='ocrx_word' id='word_1_329' title='bbox 2805 2334 3131 2404; x_wconf 58' lang='grc' dir='ltr'><strong>ἀνθρώπων</strong></span> <span class='ocrx_word' id='word_1_330' title='bbox 3163 2337 3258 2390; x_wconf 69' lang='grc' dir='ltr'><strong>καὶ</strong></span> <span class='ocrx_word' id='word_1_331' title='bbox 3283 2335 3462 2398; x_wconf 80' lang='grc' dir='ltr'><strong>καλῶς</strong></span> <span class='ocrx_word' id='word_1_332' title='bbox 3494 2351 3575 2387; x_wconf 75' lang='grc' dir='ltr'><strong>σοι</strong></span> <span class='ocrx_word' id='word_1_333' title='bbox 3599 2332 3887 2402; x_wconf 72' lang='grc' dir='ltr'><strong>ἐποίησαν.</strong></span> 
     </span>
    </p>
   </div>
   <div class='ocr_carea' id='block_1_46' title="bbox 716 2411 3954 2495">
    <p class='ocr_par' dir='ltr' id='par_1_46' title="bbox 716 2411 3954 2495">
     <span class='ocr_line' id='line_1_46' title="bbox 716 2411 3954 2495; baseline 0.003 -32"><span class='ocrx_word' id='word_1_334' title='bbox 716 2411 851 2477; x_wconf 85' lang='lat' dir='ltr'><strong>Quis</strong></span> <span class='ocrx_word' id='word_1_335' title='bbox 887 2428 1127 2483; x_wconf 84' lang='lat' dir='ltr'><strong>unquam</strong></span> <span class='ocrx_word' id='word_1_336' title='bbox 1161 2414 1364 2473; x_wconf 89' lang='lat' dir='ltr'><strong>homini</strong></span> <span class='ocrx_word' id='word_1_337' title='bbox 1410 2434 1537 2476; x_wconf 89' lang='lat' dir='ltr'><strong>vere</strong></span> <span class='ocrx_word' id='word_1_338' title='bbox 1582 2420 1769 2476; x_wconf 87' lang='lat' dir='ltr'><strong>humili</strong></span> <span class='ocrx_word' id='word_1_339' title='bbox 1836 2423 2158 2491; x_wconf 85' lang='lat' dir='ltr'><strong>persuadeat</strong></span> <span class='ocrx_word' id='word_1_340' title='bbox 2219 2440 2443 2481; x_wconf 85' lang='lat' dir='ltr'><strong>versare</strong></span> <span class='ocrx_word' id='word_1_341' title='bbox 2470 2427 2654 2482; x_wconf 89' lang='lat' dir='ltr'><strong>animo</strong></span> <span class='ocrx_word' id='word_1_342' title='bbox 2691 2427 3042 2495; x_wconf 74' lang='lat' dir='ltr'><strong>cogitationes</strong></span> <span class='ocrx_word' id='word_1_343' title='bbox 3113 2428 3556 2482; x_wconf 80' lang='lat' dir='ltr'><strong>murmurutionis</strong></span> <span class='ocrx_word' id='word_1_344' title='bbox 3620 2433 3711 2478; x_wconf 91' lang='lat' dir='ltr'><strong>aut</strong></span> <span class='ocrx_word' id='word_1_345' title='bbox 3742 2422 3954 2476; x_wconf 87' lang='lat' dir='ltr'><strong>machi-</strong></span> 
     </span>
    </p>
   </div>
   <div class='ocr_carea' id='block_1_47' title="bbox 717 2504 3954 2588">
    <p class='ocr_par' dir='ltr' id='par_1_47' title="bbox 717 2504 3954 2588">
     <span class='ocr_line' id='line_1_47' title="bbox 717 2504 3954 2588; baseline 0.001 -31"><span class='ocrx_word' id='word_1_346' title='bbox 717 2504 966 2560; x_wconf 88' lang='lat' dir='ltr'><strong>nationes</strong></span> <span class='ocrx_word' id='word_1_347' title='bbox 1005 2509 1260 2565; x_wconf 69' lang='lat' dir='ltr'><strong>vindicta:</strong></span> <span class='ocrx_word' id='word_1_348' title='bbox 1333 2521 1526 2569; x_wconf 88' lang='lat' dir='ltr'><strong>contra</strong></span> <span class='ocrx_word' id='word_1_349' title='bbox 1579 2529 1905 2584; x_wconf 89' lang='lat' dir='ltr'><strong>quemquam</strong></span> <span class='ocrx_word' id='word_1_350' title='bbox 1955 2534 1969 2571; x_wconf 90' lang='lat'><strong>:</strong></span> <span class='ocrx_word' id='word_1_351' title='bbox 2049 2524 2143 2571; x_wconf 90' lang='lat' dir='ltr'><strong>aut</strong></span> <span class='ocrx_word' id='word_1_352' title='bbox 2189 2517 2586 2587; x_wconf 86' lang='lat' dir='ltr'><strong>quantumlibet</strong></span> <span class='ocrx_word' id='word_1_353' title='bbox 2627 2534 2658 2573; x_wconf 89' lang='lat' dir='ltr'><strong>a</strong></span> <span class='ocrx_word' id='word_1_354' title='bbox 2696 2519 2887 2588; x_wconf 87' lang='lat' dir='ltr'><strong>quovis</strong></span> <span class='ocrx_word' id='word_1_355' title='bbox 2959 2519 3214 2588; x_wconf 86' lang='lat' dir='ltr'><strong>patiatur,</strong></span> <span class='ocrx_word' id='word_1_356' title='bbox 3262 2519 3328 2573; x_wconf 88' lang='lat' dir='ltr'><strong>de</strong></span> <span class='ocrx_word' id='word_1_357' title='bbox 3357 2527 3610 2572; x_wconf 77' lang='lat' dir='ltr'><strong>vexatnre</strong></span> <span class='ocrx_word' id='word_1_358' title='bbox 3673 2514 3954 2582; x_wconf 74' lang='lat' dir='ltr'><strong>conqueri,</strong></span> 
     </span>
    </p>
   </div>
   <div class='ocr_carea' id='block_1_48' title="bbox 715 2599 3952 2678">
    <p class='ocr_par' dir='ltr' id='par_1_48' title="bbox 715 2599 3952 2678">
     <span class='ocr_line' id='line_1_48' title="bbox 715 2599 3952 2678; baseline 0.002 -26"><span class='ocrx_word' id='word_1_359' title='bbox 715 2613 778 2654; x_wconf 87' lang='lat' dir='ltr'><strong>ac</strong></span> <span class='ocrx_word' id='word_1_360' title='bbox 812 2599 1047 2654; x_wconf 84' lang='lat' dir='ltr'><strong>vicissim</strong></span> <span class='ocrx_word' id='word_1_361' title='bbox 1082 2603 1462 2659; x_wconf 84' lang='lat' dir='ltr'><strong>recriminari?</strong></span> <span class='ocrx_word' id='word_1_362' title='bbox 1500 2606 1632 2674; x_wconf 89' lang='lat' dir='ltr'><strong>quin</strong></span> <span class='ocrx_word' id='word_1_363' title='bbox 1682 2620 1714 2661; x_wconf 91' lang='lat' dir='ltr'><strong>e</strong></span> <span class='ocrx_word' id='word_1_364' title='bbox 1781 2606 2098 2672; x_wconf 88' lang='lat' dir='ltr'><strong>contrario,</strong></span> <span class='ocrx_word' id='word_1_365' title='bbox 2138 2607 2394 2674; x_wconf 86' lang='lat' dir='ltr'><strong>humilis,</strong></span> <span class='ocrx_word' id='word_1_366' title='bbox 2445 2608 2656 2678; x_wconf 90' lang='lat' dir='ltr'><strong>quoties</strong></span> <span class='ocrx_word' id='word_1_367' title='bbox 2710 2607 2791 2663; x_wconf 88' lang='lat' dir='ltr'><strong>illi</strong></span> <span class='ocrx_word' id='word_1_368' title='bbox 2879 2609 3131 2677; x_wconf 90' lang='lat' dir='ltr'><strong>probrum</strong></span> <span class='ocrx_word' id='word_1_369' title='bbox 3183 2607 3454 2673; x_wconf 89' lang='lat' dir='ltr'><strong>iniertur,</strong></span> <span class='ocrx_word' id='word_1_370' title='bbox 3505 2607 3717 2677; x_wconf 87' lang='lat' dir='ltr'><strong>quoties</strong></span> <span class='ocrx_word' id='word_1_371' title='bbox 3805 2605 3952 2672; x_wconf 63' lang='lat' dir='ltr'><strong>audit</strong></span> 
     </span>
    </p>
   </div>
   <div class='ocr_carea' id='block_1_49' title="bbox 714 2691 3944 2772">
    <p class='ocr_par' dir='ltr' id='par_1_49' title="bbox 714 2691 3944 2772">
     <span class='ocr_line' id='line_1_49' title="bbox 714 2691 3944 2772; baseline 0.002 -26"><span class='ocrx_word' id='word_1_372' title='bbox 714 2691 818 2746; x_wconf 90' lang='lat' dir='ltr'><strong>sibi</strong></span> <span class='ocrx_word' id='word_1_373' title='bbox 860 2692 1104 2748; x_wconf 86' lang='lat' dir='ltr'><strong>convicia</strong></span> <span class='ocrx_word' id='word_1_374' title='bbox 1139 2697 1372 2763; x_wconf 86' lang='lat' dir='ltr'><strong>cantari,</strong></span> <span class='ocrx_word' id='word_1_375' title='bbox 1416 2699 1759 2754; x_wconf 87' lang='lat' dir='ltr'><strong>occasionem</strong></span> <span class='ocrx_word' id='word_1_376' title='bbox 1806 2697 1934 2754; x_wconf 90' lang='lat' dir='ltr'><strong>inde</strong></span> <span class='ocrx_word' id='word_1_377' title='bbox 2012 2701 2173 2754; x_wconf 89' lang='lat' dir='ltr'><strong>sumit</strong></span> <span class='ocrx_word' id='word_1_378' title='bbox 2240 2699 2553 2772; x_wconf 81' lang='lat' dir='ltr'><strong>increpandi</strong></span> <span class='ocrx_word' id='word_1_379' title='bbox 2599 2701 2868 2768; x_wconf 88' lang='lat' dir='ltr'><strong>seipsum,</strong></span> <span class='ocrx_word' id='word_1_380' title='bbox 2933 2709 2986 2756; x_wconf 88' lang='lat' dir='ltr'><strong>et</strong></span> <span class='ocrx_word' id='word_1_381' title='bbox 3049 2701 3205 2771; x_wconf 87' lang='lat' dir='ltr'><strong>quasi</strong></span> <span class='ocrx_word' id='word_1_382' title='bbox 3250 2700 3530 2770; x_wconf 74' lang='lat' dir='ltr'><strong>gratulans</strong></span> <span class='ocrx_word' id='word_1_383' title='bbox 3575 2698 3819 2766; x_wconf 80' lang='lat' dir='ltr'><strong>adjuvari</strong></span> <span class='ocrx_word' id='word_1_384' title='bbox 3868 2713 3944 2762; x_wconf 88' lang='lat' dir='ltr'><strong>se,</strong></span> 
     </span>
    </p>
   </div>
   <div class='ocr_carea' id='block_1_50' title="bbox 713 2780 3948 2865">
    <p class='ocr_par' dir='ltr' id='par_1_50' title="bbox 713 2780 3948 2865">
     <span class='ocr_line' id='line_1_50' title="bbox 713 2780 3948 2865; baseline 0.002 -26"><span class='ocrx_word' id='word_1_385' title='bbox 713 2787 912 2846; x_wconf 78' lang='lat' dir='ltr'><strong>fortius</strong></span> <span class='ocrx_word' id='word_1_386' title='bbox 965 2789 1194 2860; x_wconf 75' lang='lat' dir='ltr'><strong>insurgit</strong></span> <span class='ocrx_word' id='word_1_387' title='bbox 1251 2780 1622 2864; x_wconf 79' lang='lat' dir='ltr'><strong>incumbitque</strong></span> <span class='ocrx_word' id='word_1_388' title='bbox 1670 2794 1959 2850; x_wconf 86' lang='lat' dir='ltr'><strong>connitens</strong></span> <span class='ocrx_word' id='word_1_389' title='bbox 2000 2795 2070 2850; x_wconf 85' lang='lat' dir='ltr'><strong>ad</strong></span> <span class='ocrx_word' id='word_1_390' title='bbox 2123 2808 2279 2850; x_wconf 90' lang='lat' dir='ltr'><strong>suum</strong></span> <span class='ocrx_word' id='word_1_391' title='bbox 2357 2795 2600 2865; x_wconf 89' lang='lat' dir='ltr'><strong>iniquum</strong></span> <span class='ocrx_word' id='word_1_392' title='bbox 2643 2794 2842 2850; x_wconf 77' lang='lat' dir='ltr'><strong>fastum</strong></span> <span class='ocrx_word' id='word_1_393' title='bbox 2891 2792 3039 2863; x_wconf 73' lang='lat' dir='ltr'><strong>iusta</strong></span> <span class='ocrx_word' id='word_1_394' title='bbox 3119 2793 3530 2849; x_wconf 80' lang='lat' dir='ltr'><strong>conculcatione</strong></span> <span class='ocrx_word' id='word_1_395' title='bbox 3573 2791 3948 2847; x_wconf 87' lang='lat' dir='ltr'><strong>obterendum.</strong></span> 
     </span>
    </p>
   </div>
   <div class='ocr_carea' id='block_1_51' title="bbox 713 2879 3937 2957">
    <p class='ocr_par' dir='ltr' id='par_1_51' title="bbox 713 2879 3937 2957">
     <span class='ocr_line' id='line_1_51' title="bbox 713 2879 3937 2957; baseline 0.002 -25"><span class='ocrx_word' id='word_1_396' title='bbox 713 2879 962 2934; x_wconf 85' lang='lat' dir='ltr'><strong>Addebat</strong></span> <span class='ocrx_word' id='word_1_397' title='bbox 1014 2882 1100 2937; x_wconf 90' lang='lat' dir='ltr'><strong>bis</strong></span> <span class='ocrx_word' id='word_1_398' title='bbox 1145 2882 1390 2939; x_wconf 84' lang='lat' dir='ltr'><strong>Zosimas</strong></span> <span class='ocrx_word' id='word_1_399' title='bbox 1436 2885 1742 2954; x_wconf 79' lang='lat' dir='ltr'><strong>exemplum</strong></span> <span class='ocrx_word' id='word_1_400' title='bbox 1789 2886 2004 2942; x_wconf 84' lang='lat' dir='ltr'><strong>abbatis</strong></span> <span class='ocrx_word' id='word_1_401' title='bbox 2051 2885 2251 2957; x_wconf 76' lang='lat' dir='ltr'><strong>Moysis</strong></span> <span class='ocrx_word' id='word_1_402' title='bbox 2283 2905 2298 2942; x_wconf 89' lang='lat'><strong>:</strong></span> <span class='ocrx_word' id='word_1_403' title='bbox 2338 2888 2560 2957; x_wconf 85' lang='lat' dir='ltr'><strong>quando</strong></span> <span class='ocrx_word' id='word_1_404' title='bbox 2586 2901 2711 2944; x_wconf 91' lang='lat' dir='ltr'><strong>eum</strong></span> <span class='ocrx_word' id='word_1_405' title='bbox 2743 2887 3043 2943; x_wconf 86' lang='lat' dir='ltr'><strong>esacrario</strong></span> <span class='ocrx_word' id='word_1_406' title='bbox 3078 2888 3356 2956; x_wconf 88' lang='lat' dir='ltr'><strong>ejecerunt</strong></span> <span class='ocrx_word' id='word_1_407' title='bbox 3417 2887 3620 2953; x_wconf 85' lang='lat' dir='ltr'><strong>clerici,</strong></span> <span class='ocrx_word' id='word_1_408' title='bbox 3653 2885 3937 2940; x_wconf 76' lang='lat' dir='ltr'><strong>dicentes:</strong></span> 
     </span>
    </p>
   </div>
   <div class='ocr_carea' id='block_1_52' title="bbox 712 2970 3931 3049">
    <p class='ocr_par' dir='ltr' id='par_1_52' title="bbox 712 2970 3931 3049">
     <span class='ocr_line' id='line_1_52' title="bbox 712 2970 3931 3049; baseline 0.001 -23"><span class='ocrx_word' id='word_1_409' title='bbox 712 2971 816 3026; x_wconf 76' lang='lat' dir='ltr'><strong>Abi</strong></span> <span class='ocrx_word' id='word_1_410' title='bbox 841 2970 1014 3042; x_wconf 78' lang='lat' dir='ltr'><strong>foras,</strong></span> <span class='ocrx_word' id='word_1_411' title='bbox 1037 2973 1310 3045; x_wconf 65' lang='lat' dir='ltr'><strong>Ethiops.</strong></span> <span class='ocrx_word' id='word_1_412' title='bbox 1345 2973 1497 3031; x_wconf 87' lang='lat' dir='ltr'><strong>Tunc</strong></span> <span class='ocrx_word' id='word_1_413' title='bbox 1539 2977 1685 3033; x_wconf 89' lang='lat' dir='ltr'><strong>enim</strong></span> <span class='ocrx_word' id='word_1_414' title='bbox 1715 2977 1822 3031; x_wconf 91' lang='lat' dir='ltr'><strong>illis</strong></span> <span class='ocrx_word' id='word_1_415' title='bbox 1889 2977 2146 3033; x_wconf 87' lang='lat' dir='ltr'><strong>accinens</strong></span> <span class='ocrx_word' id='word_1_416' title='bbox 2209 2976 2425 3049; x_wconf 77' lang='lat' dir='ltr'><strong>Moyses</strong></span> <span class='ocrx_word' id='word_1_417' title='bbox 2499 2979 2644 3049; x_wconf 86' lang='lat' dir='ltr'><strong>cepit</strong></span> <span class='ocrx_word' id='word_1_418' title='bbox 2685 2979 2968 3047; x_wconf 85' lang='lat' dir='ltr'><strong>increpare</strong></span> <span class='ocrx_word' id='word_1_419' title='bbox 3006 2981 3246 3047; x_wconf 87' lang='lat' dir='ltr'><strong>seipsum</strong></span> <span class='ocrx_word' id='word_1_420' title='bbox 3302 2978 3354 3032; x_wconf 89' lang='lat' dir='ltr'><strong>iu</strong></span> <span class='ocrx_word' id='word_1_421' title='bbox 3404 2977 3548 3032; x_wconf 86' lang='lat' dir='ltr'><strong>hunc</strong></span> <span class='ocrx_word' id='word_1_422' title='bbox 3594 2978 3810 3032; x_wconf 84' lang='lat' dir='ltr'><strong>modum</strong></span> <span class='ocrx_word' id='word_1_423' title='bbox 3850 2975 3931 3029; x_wconf 85' lang='lat' dir='ltr'><strong>lo-</strong></span> 
     </span>
    </p>
   </div>
   <div class='ocr_carea' id='block_1_53' title="bbox 711 3071 3944 3152">
    <p class='ocr_par' dir='ltr' id='par_1_53' title="bbox 711 3071 3944 3152">
     <span class='ocr_line' id='line_1_53' title="bbox 711 3071 3944 3152; baseline -0.002 -24"><span class='ocrx_word' id='word_1_424' title='bbox 711 3073 1108 3142; x_wconf 87' lang='lat' dir='ltr'><strong>quens:Cutis</strong></span> <span class='ocrx_word' id='word_1_425' title='bbox 1158 3086 1304 3143; x_wconf 73' lang='lat' dir='ltr'><strong>atrze,</strong></span> <span class='ocrx_word' id='word_1_426' title='bbox 1348 3078 1586 3133; x_wconf 88' lang='lat' dir='ltr'><strong>carbone</strong></span> <span class='ocrx_word' id='word_1_427' title='bbox 1635 3078 1845 3149; x_wconf 81' lang='lat' dir='ltr'><strong>nigrior</strong></span> <span class='ocrx_word' id='word_1_428' title='bbox 1910 3080 2226 3148; x_wconf 88' lang='lat' dir='ltr'><strong>homuncio,</strong></span> <span class='ocrx_word' id='word_1_429' title='bbox 2280 3082 2439 3152; x_wconf 71' lang='lat' dir='ltr'><strong>digna</strong></span> <span class='ocrx_word' id='word_1_430' title='bbox 2474 3091 2526 3137; x_wconf 92' lang='lat' dir='ltr'><strong>te</strong></span> <span class='ocrx_word' id='word_1_431' title='bbox 2555 3080 2954 3152; x_wconf 88' lang='lat' dir='ltr'><strong>pateris:quid</strong></span> <span class='ocrx_word' id='word_1_432' title='bbox 2995 3079 3140 3134; x_wconf 86' lang='lat' dir='ltr'><strong>enim</strong></span> <span class='ocrx_word' id='word_1_433' title='bbox 3224 3075 3458 3138; x_wconf 89' lang='lat' dir='ltr'><strong>attinuit,</strong></span> <span class='ocrx_word' id='word_1_434' title='bbox 3488 3083 3542 3128; x_wconf 91' lang='lat' dir='ltr'><strong>te</strong></span> <span class='ocrx_word' id='word_1_435' title='bbox 3586 3071 3724 3127; x_wconf 84' lang='lat' dir='ltr'><strong>inira</strong></span> <span class='ocrx_word' id='word_1_436' title='bbox 3771 3071 3944 3124; x_wconf 83' lang='lat' dir='ltr'><strong>homi-</strong></span> 
     </span>
    </p>
   </div>
   <div class='ocr_carea' id='block_1_54' title="bbox 713 3160 3950 3242">
    <p class='ocr_par' dir='ltr' id='par_1_54' title="bbox 713 3160 3950 3242">
     <span class='ocr_line' id='line_1_54' title="bbox 713 3160 3950 3242; baseline -0.002 -20"><span class='ocrx_word' id='word_1_437' title='bbox 713 3183 843 3223; x_wconf 86' lang='lat' dir='ltr'><strong>nem</strong></span> <span class='ocrx_word' id='word_1_438' title='bbox 875 3178 965 3222; x_wconf 91' lang='lat' dir='ltr'><strong>tua</strong></span> <span class='ocrx_word' id='word_1_439' title='bbox 1017 3167 1281 3236; x_wconf 78' lang='lat' dir='ltr'><strong>dejectum</strong></span> <span class='ocrx_word' id='word_1_440' title='bbox 1316 3167 1543 3234; x_wconf 86' lang='lat' dir='ltr'><strong>vilitate,</strong></span> <span class='ocrx_word' id='word_1_441' title='bbox 1580 3178 1759 3225; x_wconf 87' lang='lat' dir='ltr'><strong>tamen</strong></span> <span class='ocrx_word' id='word_1_442' title='bbox 1802 3170 2004 3227; x_wconf 87' lang='lat' dir='ltr'><strong>audere</strong></span> <span class='ocrx_word' id='word_1_443' title='bbox 2051 3178 2104 3226; x_wconf 88' lang='lat' dir='ltr'><strong>te</strong></span> <span class='ocrx_word' id='word_1_444' title='bbox 2141 3170 2390 3242; x_wconf 83' lang='lat' dir='ltr'><strong>ingerere</strong></span> <span class='ocrx_word' id='word_1_445' title='bbox 2458 3172 2514 3228; x_wconf 87' lang='lat' dir='ltr'><strong>in</strong></span> <span class='ocrx_word' id='word_1_446' title='bbox 2555 3181 2756 3226; x_wconf 70' lang='lat' dir='ltr'><strong>emtum</strong></span> <span class='ocrx_word' id='word_1_447' title='bbox 2821 3170 3101 3225; x_wconf 88' lang='lat' dir='ltr'><strong>hominum</strong></span> <span class='ocrx_word' id='word_1_448' title='bbox 3150 3181 3270 3222; x_wconf 92' lang='lat' dir='ltr'><strong>cum</strong></span> <span class='ocrx_word' id='word_1_449' title='bbox 3337 3167 3496 3219; x_wconf 87' lang='lat' dir='ltr'><strong>homo</strong></span> <span class='ocrx_word' id='word_1_450' title='bbox 3549 3179 3651 3216; x_wconf 88' lang='lat' dir='ltr'><strong>non</strong></span> <span class='ocrx_word' id='word_1_451' title='bbox 3679 3160 3789 3214; x_wconf 78' lang='lat' dir='ltr'><strong>sis?</strong></span> <span class='ocrx_word' id='word_1_452' title='bbox 3817 3163 3950 3216; x_wconf 79' lang='lat' dir='ltr'><strong>bene</strong></span> 
     </span>
    </p>
   </div>
   <div class='ocr_carea' id='block_1_55' title="bbox 710 3263 1773 3332">
    <p class='ocr_par' dir='ltr' id='par_1_55' title="bbox 710 3263 1773 3332">
     <span class='ocr_line' id='line_1_55' title="bbox 710 3263 1773 3332; baseline 0.007 -18"><span class='ocrx_word' id='word_1_453' title='bbox 710 3263 900 3332; x_wconf 85' lang='lat' dir='ltr'><strong>utique</strong></span> <span class='ocrx_word' id='word_1_454' title='bbox 930 3263 1107 3319; x_wconf 84' lang='lat' dir='ltr'><strong>iecere</strong></span> <span class='ocrx_word' id='word_1_455' title='bbox 1138 3272 1192 3318; x_wconf 91' lang='lat' dir='ltr'><strong>te</strong></span> <span class='ocrx_word' id='word_1_456' title='bbox 1223 3263 1368 3319; x_wconf 91' lang='lat' dir='ltr'><strong>illinc</strong></span> <span class='ocrx_word' id='word_1_457' title='bbox 1397 3265 1773 3322; x_wconf 79' lang='lat' dir='ltr'><strong>exturbantes.</strong></span> 
     </span>
    </p>
   </div>
   <div class='ocr_carea' id='block_1_56' title="bbox 787 3346 2289 3424">
    <p class='ocr_par' dir='ltr' id='par_1_56' title="bbox 787 3355 2280 3424">
     <span class='ocr_line' id='line_1_56' title="bbox 787 3355 2280 3424; baseline 0.004 -16"><span class='ocrx_word' id='word_1_458' title='bbox 787 3355 1129 3424; x_wconf 80' lang='lat' dir='ltr'><strong>Adjungebat</strong></span> <span class='ocrx_word' id='word_1_459' title='bbox 1174 3363 1536 3423; x_wconf 80' lang='lat' dir='ltr'><strong>Opportunum</strong></span> <span class='ocrx_word' id='word_1_460' title='bbox 1568 3355 1698 3411; x_wconf 89' lang='lat' dir='ltr'><strong>huic</strong></span> <span class='ocrx_word' id='word_1_461' title='bbox 1742 3357 1861 3413; x_wconf 91' lang='lat' dir='ltr'><strong>loco</strong></span> <span class='ocrx_word' id='word_1_462' title='bbox 1893 3359 2158 3414; x_wconf 89' lang='lat' dir='ltr'><strong>monitum</strong></span> <span class='ocrx_word' id='word_1_463' title='bbox 2185 3358 2280 3414; x_wconf 82' lang='lat' dir='ltr'><strong>ab-</strong></span> 
     </span>
    </p>
   </div>
   <div class='ocr_carea' id='block_1_57' title="bbox 2390 3346 3949 3424">
    <p class='ocr_par' dir='ltr' id='par_1_57' title="bbox 2452 3346 3949 3424">
     <span class='ocr_line' id='line_1_57' title="bbox 2452 3346 3949 3424; baseline -0.004 -17"><span class='ocrx_word' id='word_1_464' title='bbox 2452 3353 2565 3408; x_wconf 73' lang='grc' dir='ltr'><strong>Καὶ</strong></span> <span class='ocrx_word' id='word_1_465' title='bbox 2601 3353 2878 3424; x_wconf 69' lang='grc' dir='ltr'><strong>ἐμέμνητο</strong></span> <span class='ocrx_word' id='word_1_466' title='bbox 2913 3351 3009 3406; x_wconf 78' lang='grc' dir='ltr'><strong>τοῦ</strong></span> <span class='ocrx_word' id='word_1_467' title='bbox 3039 3349 3184 3406; x_wconf 68' lang='lat' dir='ltr'><strong>esse</strong></span> <span class='ocrx_word' id='word_1_468' title='bbox 3219 3348 3458 3420; x_wconf 77' lang='grc' dir='ltr'><strong>’Δμμονᾶ</strong></span> <span class='ocrx_word' id='word_1_469' title='bbox 3481 3346 3750 3416; x_wconf 79' lang='grc' dir='ltr'><strong>λέγοντος·</strong></span> <span class='ocrx_word' id='word_1_470' title='bbox 3787 3347 3949 3418; x_wconf 80' lang='grc' dir='ltr'><strong>Τήρει</strong></span> 
     </span>
    </p>
   </div>
   <div class='ocr_carea' id='block_1_58' title="bbox 711 3444 2287 3514">
    <p class='ocr_par' dir='ltr' id='par_1_58' title="bbox 711 3444 2287 3514">
     <span class='ocr_line' id='line_1_58' title="bbox 711 3444 2287 3514; baseline 0.001 -14"><span class='ocrx_word' id='word_1_471' title='bbox 711 3445 855 3500; x_wconf 86' lang='lat' dir='ltr'><strong>hatis</strong></span> <span class='ocrx_word' id='word_1_472' title='bbox 914 3444 1191 3499; x_wconf 77' lang='lat' dir='ltr'><strong>Ammona:</strong></span> <span class='ocrx_word' id='word_1_473' title='bbox 1233 3462 1247 3500; x_wconf 90' lang='lat'><strong>:</strong></span> <span class='ocrx_word' id='word_1_474' title='bbox 1287 3445 1526 3501; x_wconf 84' lang='lat' dir='ltr'><strong>Observa</strong></span> <span class='ocrx_word' id='word_1_475' title='bbox 1585 3446 1849 3514; x_wconf 86' lang='lat' dir='ltr'><strong>teipsum,</strong></span> <span class='ocrx_word' id='word_1_476' title='bbox 1907 3448 2155 3505; x_wconf 89' lang='lat' dir='ltr'><strong>recolens</strong></span> <span class='ocrx_word' id='word_1_477' title='bbox 2201 3456 2287 3504; x_wconf 90' lang='lat' dir='ltr'><strong>at-</strong></span> 
     </span>
    </p>
   </div>
   <div class='ocr_carea' id='block_1_59' title="bbox 715 3535 2288 3610">
    <p class='ocr_par' dir='ltr' id='par_1_59' title="bbox 715 3535 2288 3610">
     <span class='ocr_line' id='line_1_59' title="bbox 715 3535 2288 3610; baseline 0.004 -21"><span class='ocrx_word' id='word_1_478' title='bbox 715 3545 866 3590; x_wconf 87' lang='lat' dir='ltr'><strong>tente</strong></span> <span class='ocrx_word' id='word_1_479' title='bbox 890 3535 957 3589; x_wconf 90' lang='lat' dir='ltr'><strong>ad</strong></span> <span class='ocrx_word' id='word_1_480' title='bbox 990 3535 1118 3603; x_wconf 90' lang='lat' dir='ltr'><strong>quid</strong></span> <span class='ocrx_word' id='word_1_481' title='bbox 1144 3536 1369 3602; x_wconf 83' lang='lat' dir='ltr'><strong>exieris,</strong></span> <span class='ocrx_word' id='word_1_482' title='bbox 1406 3547 1462 3592; x_wconf 91' lang='lat' dir='ltr'><strong>et</strong></span> <span class='ocrx_word' id='word_1_483' title='bbox 1490 3553 1597 3606; x_wconf 88' lang='lat' dir='ltr'><strong>quo</strong></span> <span class='ocrx_word' id='word_1_484' title='bbox 1642 3538 1856 3595; x_wconf 85' lang='lat' dir='ltr'><strong>lendas.</strong></span> <span class='ocrx_word' id='word_1_485' title='bbox 1892 3539 1966 3596; x_wconf 93' lang='lat' dir='ltr'><strong>Ut</strong></span> <span class='ocrx_word' id='word_1_486' title='bbox 1998 3540 2044 3593; x_wconf 92' lang='lat' dir='ltr'><strong>si</strong></span> <span class='ocrx_word' id='word_1_487' title='bbox 2078 3541 2200 3610; x_wconf 89' lang='lat' dir='ltr'><strong>quis</strong></span> <span class='ocrx_word' id='word_1_488' title='bbox 2231 3541 2288 3595; x_wconf 88' lang='lat' dir='ltr'><strong>in</strong></span> 
     </span>
    </p>
   </div>
   <div class='ocr_carea' id='block_1_60' title="bbox 710 3628 2284 3701">
    <p class='ocr_par' dir='ltr' id='par_1_60' title="bbox 710 3628 2284 3701">
     <span class='ocr_line' id='line_1_60' title="bbox 710 3628 2284 3701; baseline 0.003 -20"><span class='ocrx_word' id='word_1_489' title='bbox 710 3628 1074 3698; x_wconf 84' lang='lat' dir='ltr'><strong>qualicunque</strong></span> <span class='ocrx_word' id='word_1_490' title='bbox 1141 3628 1237 3682; x_wconf 90' lang='lat' dir='ltr'><strong>tibi</strong></span> <span class='ocrx_word' id='word_1_491' title='bbox 1281 3643 1341 3683; x_wconf 91' lang='lat' dir='ltr'><strong>re</strong></span> <span class='ocrx_word' id='word_1_492' title='bbox 1395 3629 1693 3694; x_wconf 89' lang='lat' dir='ltr'><strong>obstiterit,</strong></span> <span class='ocrx_word' id='word_1_493' title='bbox 1741 3637 1835 3684; x_wconf 89' lang='lat' dir='ltr'><strong>aut</strong></span> <span class='ocrx_word' id='word_1_494' title='bbox 1877 3632 2062 3701; x_wconf 75' lang='lat' dir='ltr'><strong>gravis</strong></span> <span class='ocrx_word' id='word_1_495' title='bbox 2100 3631 2284 3700; x_wconf 76' lang='lat' dir='ltr'><strong>fuerit,</strong></span> 
     </span>
    </p>
   </div>
   <div class='ocr_carea' id='block_1_61' title="bbox 712 3718 2284 3793">
    <p class='ocr_par' dir='ltr' id='par_1_61' title="bbox 712 3718 2284 3793">
     <span class='ocr_line' id='line_1_61' title="bbox 712 3718 2284 3793; baseline 0.004 -21"><span class='ocrx_word' id='word_1_496' title='bbox 712 3718 880 3773; x_wconf 80' lang='lat' dir='ltr'><strong>sileas</strong></span> <span class='ocrx_word' id='word_1_497' title='bbox 923 3720 1153 3787; x_wconf 78' lang='lat' dir='ltr'><strong>primum</strong></span> <span class='ocrx_word' id='word_1_498' title='bbox 1210 3721 1472 3785; x_wconf 91' lang='lat' dir='ltr'><strong>omnino,</strong></span> <span class='ocrx_word' id='word_1_499' title='bbox 1524 3735 1626 3776; x_wconf 89' lang='lat' dir='ltr'><strong>nec</strong></span> <span class='ocrx_word' id='word_1_500' title='bbox 1681 3735 1867 3777; x_wconf 84' lang='lat' dir='ltr'><strong>vocem</strong></span> <span class='ocrx_word' id='word_1_501' title='bbox 1917 3722 2069 3793; x_wconf 89' lang='lat' dir='ltr'><strong>prius</strong></span> <span class='ocrx_word' id='word_1_502' title='bbox 2122 3723 2284 3779; x_wconf 90' lang='lat' dir='ltr'><strong>ullam</strong></span> 
     </span>
    </p>
   </div>
   <div class='ocr_carea' id='block_1_62' title="bbox 711 3811 2290 3881">
    <p class='ocr_par' dir='ltr' id='par_1_62' title="bbox 711 3811 2290 3881">
     <span class='ocr_line' id='line_1_62' title="bbox 711 3811 2290 3881; baseline 0.004 -17"><span class='ocrx_word' id='word_1_503' title='bbox 711 3811 952 3877; x_wconf 77' lang='lat' dir='ltr'><strong>emittas,</strong></span> <span class='ocrx_word' id='word_1_504' title='bbox 991 3825 1154 3881; x_wconf 81' lang='lat' dir='ltr'><strong>quam</strong></span> <span class='ocrx_word' id='word_1_505' title='bbox 1195 3811 1350 3881; x_wconf 79' lang='lat' dir='ltr'><strong>longa</strong></span> <span class='ocrx_word' id='word_1_506' title='bbox 1395 3821 1453 3866; x_wconf 91' lang='lat' dir='ltr'><strong>ct</strong></span> <span class='ocrx_word' id='word_1_507' title='bbox 1497 3819 1704 3866; x_wconf 89' lang='lat' dir='ltr'><strong>attenta</strong></span> <span class='ocrx_word' id='word_1_508' title='bbox 1748 3823 1995 3868; x_wconf 78' lang='lat' dir='ltr'><strong>oratione</strong></span> <span class='ocrx_word' id='word_1_509' title='bbox 2027 3828 2122 3869; x_wconf 90' lang='lat' dir='ltr'><strong>cor</strong></span> <span class='ocrx_word' id='word_1_510' title='bbox 2152 3815 2290 3870; x_wconf 81' lang='lat' dir='ltr'><strong>miti-</strong></span> 
     </span>
    </p>
   </div>
   <div class='ocr_carea' id='block_1_63' title="bbox 713 3901 2288 3973">
    <p class='ocr_par' dir='ltr' id='par_1_63' title="bbox 713 3901 2288 3973">
     <span class='ocr_line' id='line_1_63' title="bbox 713 3901 2288 3973; baseline 0.004 -17"><span class='ocrx_word' id='word_1_511' title='bbox 713 3901 952 3973; x_wconf 68' lang='lat' dir='ltr'><strong>gaveris’,</strong></span> <span class='ocrx_word' id='word_1_512' title='bbox 992 3911 1048 3958; x_wconf 90' lang='lat' dir='ltr'><strong>et</strong></span> <span class='ocrx_word' id='word_1_513' title='bbox 1089 3903 1475 3973; x_wconf 85' lang='lat' dir='ltr'><strong>tranquillitate</strong></span> <span class='ocrx_word' id='word_1_514' title='bbox 1509 3905 1886 3972; x_wconf 88' lang='lat' dir='ltr'><strong>composueris</strong></span> <span class='ocrx_word' id='word_1_515' title='bbox 1934 3919 2145 3961; x_wconf 88' lang='lat' dir='ltr'><strong>serena.</strong></span> <span class='ocrx_word' id='word_1_516' title='bbox 2195 3905 2288 3962; x_wconf 89' lang='lat' dir='ltr'><strong>Sic</strong></span> 
     </span>
    </p>
   </div>
   <div class='ocr_carea' id='block_1_64' title="bbox 713 3992 2285 4068">
    <p class='ocr_par' dir='ltr' id='par_1_64' title="bbox 713 3992 2285 4068">
     <span class='ocr_line' id='line_1_64' title="bbox 713 3992 2285 4068; baseline 0.004 -20"><span class='ocrx_word' id='word_1_517' title='bbox 713 3995 929 4050; x_wconf 88' lang='lat' dir='ltr'><strong>domum</strong></span> <span class='ocrx_word' id='word_1_518' title='bbox 964 3994 1258 4049; x_wconf 89' lang='lat' dir='ltr'><strong>convenire</strong></span> <span class='ocrx_word' id='word_1_519' title='bbox 1300 3992 1522 4050; x_wconf 83' lang='lat' dir='ltr'><strong>fratrem</strong></span> <span class='ocrx_word' id='word_1_520' title='bbox 1555 3996 1649 4050; x_wconf 91' lang='lat' dir='ltr'><strong>tibi</strong></span> <span class='ocrx_word' id='word_1_521' title='bbox 1687 3995 2032 4067; x_wconf 80' lang='lat' dir='ltr'><strong>adversatum</strong></span> <span class='ocrx_word' id='word_1_522' title='bbox 2061 3998 2285 4068; x_wconf 87' lang='lat' dir='ltr'><strong>poteris,</strong></span> 
     </span>
    </p>
   </div>
   <div class='ocr_carea' id='block_1_65' title="bbox 713 4085 2283 4155">
    <p class='ocr_par' dir='ltr' id='par_1_65' title="bbox 713 4085 2283 4155">
     <span class='ocr_line' id='line_1_65' title="bbox 713 4085 2283 4155; baseline 0.004 -18"><span class='ocrx_word' id='word_1_523' title='bbox 713 4093 772 4138; x_wconf 87' lang='lat' dir='ltr'><strong>et</strong></span> <span class='ocrx_word' id='word_1_524' title='bbox 797 4099 920 4140; x_wconf 90' lang='lat' dir='ltr'><strong>eum</strong></span> <span class='ocrx_word' id='word_1_525' title='bbox 961 4094 1121 4155; x_wconf 87' lang='lat' dir='ltr'><strong>prout</strong></span> <span class='ocrx_word' id='word_1_526' title='bbox 1157 4093 1522 4155; x_wconf 80' lang='lat' dir='ltr'><strong>Opportunum</strong></span> <span class='ocrx_word' id='word_1_527' title='bbox 1559 4085 1908 4154; x_wconf 86' lang='lat' dir='ltr'><strong>judicaveris,</strong></span> <span class='ocrx_word' id='word_1_528' title='bbox 1949 4090 2283 4146; x_wconf 86' lang='lat' dir='ltr'><strong>admonere:</strong></span> 
     </span>
    </p>
   </div>
   <div class='ocr_carea' id='block_1_66' title="bbox 713 4175 2286 4246">
    <p class='ocr_par' dir='ltr' id='par_1_66' title="bbox 713 4175 2286 4246">
     <span class='ocr_line' id='line_1_66' title="bbox 713 4175 2286 4246; baseline 0.002 -14"><span class='ocrx_word' id='word_1_529' title='bbox 713 4188 849 4232; x_wconf 82' lang='lat' dir='ltr'><strong>sane</strong></span> <span class='ocrx_word' id='word_1_530' title='bbox 870 4175 1016 4230; x_wconf 89' lang='lat' dir='ltr'><strong>enim</strong></span> <span class='ocrx_word' id='word_1_531' title='bbox 1050 4176 1140 4244; x_wconf 92' lang='lat' dir='ltr'><strong>qui</strong></span> <span class='ocrx_word' id='word_1_532' title='bbox 1183 4177 1330 4246; x_wconf 91' lang='lat' dir='ltr'><strong>cupit</strong></span> <span class='ocrx_word' id='word_1_533' title='bbox 1368 4191 1434 4232; x_wconf 78' lang='lat' dir='ltr'><strong>ex</strong></span> <span class='ocrx_word' id='word_1_534' title='bbox 1465 4177 1649 4232; x_wconf 89' lang='lat' dir='ltr'><strong>animo</strong></span> <span class='ocrx_word' id='word_1_535' title='bbox 1679 4188 1882 4234; x_wconf 90' lang='lat' dir='ltr'><strong>rectam</strong></span> <span class='ocrx_word' id='word_1_536' title='bbox 1911 4179 2051 4235; x_wconf 92' lang='lat' dir='ltr'><strong>inire</strong></span> <span class='ocrx_word' id='word_1_537' title='bbox 2085 4179 2286 4235; x_wconf 84' lang='lat' dir='ltr'><strong>verita-</strong></span> 
     </span>
    </p>
   </div>
   <div class='ocr_carea' id='block_1_67' title="bbox 713 4265 2287 4341">
    <p class='ocr_par' dir='ltr' id='par_1_67' title="bbox 713 4265 2287 4341">
     <span class='ocr_line' id='line_1_67' title="bbox 713 4265 2287 4341; baseline 0.005 -21"><span class='ocrx_word' id='word_1_538' title='bbox 713 4267 786 4321; x_wconf 86' lang='lat' dir='ltr'><strong>tis</strong></span> <span class='ocrx_word' id='word_1_539' title='bbox 825 4265 964 4320; x_wconf 88' lang='lat' dir='ltr'><strong>viam</strong></span> <span class='ocrx_word' id='word_1_540' title='bbox 1010 4267 1063 4321; x_wconf 91' lang='lat' dir='ltr'><strong>in</strong></span> <span class='ocrx_word' id='word_1_541' title='bbox 1108 4265 1355 4336; x_wconf 73' lang='lat' dir='ltr'><strong>ﬂagranti</strong></span> <span class='ocrx_word' id='word_1_542' title='bbox 1408 4284 1572 4325; x_wconf 86' lang='lat' dir='ltr'><strong>sensu</strong></span> <span class='ocrx_word' id='word_1_543' title='bbox 1621 4269 1828 4341; x_wconf 68' lang='lat' dir='ltr'><strong>injuria:</strong></span> <span class='ocrx_word' id='word_1_544' title='bbox 1877 4274 2179 4340; x_wconf 68' lang='lat' dir='ltr'><strong>praesentis,</strong></span> <span class='ocrx_word' id='word_1_545' title='bbox 2232 4281 2287 4328; x_wconf 91' lang='lat' dir='ltr'><strong>et</strong></span> 
     </span>
    </p>
   </div>
   <div class='ocr_carea' id='block_1_68' title="bbox 713 4355 2283 4428">
    <p class='ocr_par' dir='ltr' id='par_1_68' title="bbox 713 4355 2283 4428">
     <span class='ocr_line' id='line_1_68' title="bbox 713 4355 2283 4428; baseline 0.003 -18"><span class='ocrx_word' id='word_1_546' title='bbox 713 4355 1026 4411; x_wconf 86' lang='lat' dir='ltr'><strong>turbatione</strong></span> <span class='ocrx_word' id='word_1_547' title='bbox 1080 4357 1243 4411; x_wconf 87' lang='lat' dir='ltr'><strong>animi</strong></span> <span class='ocrx_word' id='word_1_548' title='bbox 1304 4366 1548 4413; x_wconf 90' lang='lat' dir='ltr'><strong>motuum</strong></span> <span class='ocrx_word' id='word_1_549' title='bbox 1602 4357 1727 4415; x_wconf 88' lang='lat' dir='ltr'><strong>inde</strong></span> <span class='ocrx_word' id='word_1_550' title='bbox 1783 4369 1932 4428; x_wconf 89' lang='lat' dir='ltr'><strong>nata,</strong></span> <span class='ocrx_word' id='word_1_551' title='bbox 1995 4371 2124 4418; x_wconf 92' lang='lat' dir='ltr'><strong>tunc</strong></span> <span class='ocrx_word' id='word_1_552' title='bbox 2162 4377 2283 4418; x_wconf 91' lang='lat' dir='ltr'><strong>cum</strong></span> 
     </span>
    </p>
   </div>
   <div class='ocr_carea' id='block_1_69' title="bbox 715 4447 2286 4524">
    <p class='ocr_par' dir='ltr' id='par_1_69' title="bbox 715 4447 2286 4524">
     <span class='ocr_line' id='line_1_69' title="bbox 715 4447 2286 4524; baseline 0.006 -24"><span class='ocrx_word' id='word_1_553' title='bbox 715 4447 951 4502; x_wconf 83' lang='lat' dir='ltr'><strong>maxime</strong></span> <span class='ocrx_word' id='word_1_554' title='bbox 992 4457 1119 4502; x_wconf 89' lang='lat' dir='ltr'><strong>ante</strong></span> <span class='ocrx_word' id='word_1_555' title='bbox 1157 4449 1338 4504; x_wconf 88' lang='lat' dir='ltr'><strong>omnia</strong></span> <span class='ocrx_word' id='word_1_556' title='bbox 1371 4449 1620 4519; x_wconf 72' lang='lat' dir='ltr'><strong>obiurgat</strong></span> <span class='ocrx_word' id='word_1_557' title='bbox 1656 4451 1895 4521; x_wconf 88' lang='lat' dir='ltr'><strong>seipsum</strong></span> <span class='ocrx_word' id='word_1_558' title='bbox 1930 4452 2286 4524; x_wconf 82' lang='lat' dir='ltr'><strong>increpatque</strong></span> 
     </span>
    </p>
   </div>
   <div class='ocr_carea' id='block_1_70' title="bbox 714 4537 2284 4615">
    <p class='ocr_par' dir='ltr' id='par_1_70' title="bbox 714 4537 2284 4615">
     <span class='ocr_line' id='line_1_70' title="bbox 714 4537 2284 4615; baseline 0.007 -25"><span class='ocrx_word' id='word_1_559' title='bbox 714 4537 1082 4605; x_wconf 85' lang='lat' dir='ltr'><strong>vehementer,</strong></span> <span class='ocrx_word' id='word_1_560' title='bbox 1102 4540 1288 4596; x_wconf 85' lang='lat' dir='ltr'><strong>dicens</strong></span> <span class='ocrx_word' id='word_1_561' title='bbox 1319 4560 1334 4596; x_wconf 91' lang='lat'><strong>:</strong></span> <span class='ocrx_word' id='word_1_562' title='bbox 1359 4540 1670 4609; x_wconf 82' lang='lat' dir='ltr'><strong>Quorsum?</strong></span> <span class='ocrx_word' id='word_1_563' title='bbox 1687 4543 1821 4599; x_wconf 86' lang='lat' dir='ltr'><strong>l&#39;uris</strong></span> <span class='ocrx_word' id='word_1_564' title='bbox 1852 4559 2026 4615; x_wconf 89' lang='lat' dir='ltr'><strong>quare</strong></span> <span class='ocrx_word' id='word_1_565' title='bbox 2053 4545 2284 4613; x_wconf 86' lang='lat' dir='ltr'><strong>insanis,</strong></span> 
     </span>
    </p>
   </div>
   <div class='ocr_carea' id='block_1_71' title="bbox 713 4629 2285 4702">
    <p class='ocr_par' dir='ltr' id='par_1_71' title="bbox 713 4629 2285 4702">
     <span class='ocr_line' id='line_1_71' title="bbox 713 4629 2285 4702; baseline 0.006 -21"><span class='ocrx_word' id='word_1_566' title='bbox 713 4629 896 4683; x_wconf 90' lang='lat' dir='ltr'><strong>anima</strong></span> <span class='ocrx_word' id='word_1_567' title='bbox 948 4629 1105 4684; x_wconf 83' lang='lat' dir='ltr'><strong>mea?</strong></span> <span class='ocrx_word' id='word_1_568' title='bbox 1150 4645 1247 4686; x_wconf 92' lang='lat' dir='ltr'><strong>cur</strong></span> <span class='ocrx_word' id='word_1_569' title='bbox 1296 4632 1469 4686; x_wconf 87' lang='lat' dir='ltr'><strong>instar</strong></span> <span class='ocrx_word' id='word_1_570' title='bbox 1518 4633 1856 4688; x_wconf 87' lang='lat' dir='ltr'><strong>rabiosarum</strong></span> <span class='ocrx_word' id='word_1_571' title='bbox 1905 4635 2285 4702; x_wconf 89' lang='lat' dir='ltr'><strong>animantium,</strong></span> 
     </span>
    </p>
   </div>
   <div class='ocr_carea' id='block_1_72' title="bbox 2392 3431 3950 3514">
    <p class='ocr_par' dir='ltr' id='par_1_72' title="bbox 2392 3431 3950 3514">
     <span class='ocr_line' id='line_1_72' title="bbox 2392 3431 3950 3514; baseline -0.003 -16"><span class='ocrx_word' id='word_1_572' title='bbox 2392 3444 2617 3498; x_wconf 76' lang='grc' dir='ltr'><strong>σεαυτὸν</strong></span> <span class='ocrx_word' id='word_1_573' title='bbox 2645 3443 2890 3514; x_wconf 83' lang='grc' dir='ltr'><strong>ἀκριϐῶς</strong></span> <span class='ocrx_word' id='word_1_574' title='bbox 2915 3442 2983 3496; x_wconf 84' lang='grc' dir='ltr'><strong>δι’</strong></span> <span class='ocrx_word' id='word_1_575' title='bbox 3006 3441 3034 3494; x_wconf 84' lang='grc' dir='ltr'><strong>ὃ</strong></span> <span class='ocrx_word' id='word_1_576' title='bbox 3076 3431 3295 3511; x_wconf 72' lang='grc' dir='ltr'><strong>ἐξῆλθες</strong></span> <span class='ocrx_word' id='word_1_577' title='bbox 3321 3440 3414 3493; x_wconf 75' lang='grc' dir='ltr'><strong>καὶ</strong></span> <span class='ocrx_word' id='word_1_578' title='bbox 3447 3442 3530 3508; x_wconf 78' lang='grc' dir='ltr'><strong>ἐφ’</strong></span> <span class='ocrx_word' id='word_1_579' title='bbox 3563 3433 3608 3508; x_wconf 83' lang='grc' dir='ltr'>ᾧ</span> <span class='ocrx_word' id='word_1_580' title='bbox 3645 3439 3826 3511; x_wconf 77' lang='grc' dir='ltr'><strong>πάρει,</strong></span> <span class='ocrx_word' id='word_1_581' title='bbox 3864 3441 3950 3494; x_wconf 71' lang='grc' dir='ltr'><strong>ἵνα</strong></span> 
     </span>
    </p>
   </div>
   <div class='ocr_carea' id='block_1_73' title="bbox 2389 3529 3948 3606">
    <p class='ocr_par' dir='ltr' id='par_1_73' title="bbox 2389 3529 3948 3606">
     <span class='ocr_line' id='line_1_73' title="bbox 2389 3529 3948 3606; baseline -0.004 -17"><span class='ocrx_word' id='word_1_582' title='bbox 2389 3536 2486 3597; x_wconf 70' lang='grc' dir='ltr'><strong>ἐάν</strong></span> <span class='ocrx_word' id='word_1_583' title='bbox 2513 3535 2599 3598; x_wconf 89' lang='grc' dir='ltr'><strong>τίς</strong></span> <span class='ocrx_word' id='word_1_584' title='bbox 2644 3551 2704 3588; x_wconf 91' lang='grc' dir='ltr'><strong>σε</strong></span> <span class='ocrx_word' id='word_1_585' title='bbox 2736 3535 2794 3588; x_wconf 79' lang='grc' dir='ltr'><strong>ὲν</strong></span> <span class='ocrx_word' id='word_1_586' title='bbox 2823 3533 3120 3606; x_wconf 80' lang='grc' dir='ltr'><strong>οίῳδήποτε</strong></span> <span class='ocrx_word' id='word_1_587' title='bbox 3160 3530 3445 3602; x_wconf 78' lang='grc' dir='ltr'><strong>πράγματι</strong></span> <span class='ocrx_word' id='word_1_588' title='bbox 3485 3529 3677 3600; x_wconf 53' lang='lat' dir='ltr'><strong>sitan,</strong></span> <span class='ocrx_word' id='word_1_589' title='bbox 3719 3532 3948 3600; x_wconf 72' lang='grc' dir='ltr'><strong>σιωπᾲν,</strong></span> 
     </span>
    </p>
   </div>
   <div class='ocr_carea' id='block_1_74' title="bbox 2387 3613 3952 3697">
    <p class='ocr_par' dir='ltr' id='par_1_74' title="bbox 2387 3613 3952 3697">
     <span class='ocr_line' id='line_1_74' title="bbox 2387 3613 3952 3697; baseline -0.004 -16"><span class='ocrx_word' id='word_1_590' title='bbox 2387 3627 2448 3681; x_wconf 86' lang='grc' dir='ltr'><strong>τδ</strong></span> <span class='ocrx_word' id='word_1_591' title='bbox 2477 3626 2706 3681; x_wconf 78' lang='grc' dir='ltr'><strong>καθόλου</strong></span> <span class='ocrx_word' id='word_1_592' title='bbox 2745 3624 2819 3697; x_wconf 83' lang='grc' dir='ltr'><strong>μὴ</strong></span> <span class='ocrx_word' id='word_1_593' title='bbox 2866 3623 3234 3694; x_wconf 76' lang='grc' dir='ltr'><strong>φθέγγεσθαι,</strong></span> <span class='ocrx_word' id='word_1_594' title='bbox 3276 3622 3380 3685; x_wconf 79' lang='grc' dir='ltr'><strong>ἓως</strong></span> <span class='ocrx_word' id='word_1_595' title='bbox 3423 3613 3485 3675; x_wconf 74' lang='grc' dir='ltr'>οὗ</span> <span class='ocrx_word' id='word_1_596' title='bbox 3525 3624 3592 3691; x_wconf 77' lang='grc' dir='ltr'><strong>τῇ</strong></span> <span class='ocrx_word' id='word_1_597' title='bbox 3623 3622 3952 3691; x_wconf 74' lang='grc' dir='ltr'><strong>άδιαλείπτῳ</strong></span> 
     </span>
    </p>
   </div>
   <div class='ocr_carea' id='block_1_75' title="bbox 2386 3711 3951 3790">
    <p class='ocr_par' dir='ltr' id='par_1_75' title="bbox 2386 3711 3951 3790">
     <span class='ocr_line' id='line_1_75' title="bbox 2386 3711 3951 3790; baseline -0.005 -18"><span class='ocrx_word' id='word_1_598' title='bbox 2386 3719 2664 3790; x_wconf 76' lang='grc' dir='ltr'><strong>προσευχῇ</strong></span> <span class='ocrx_word' id='word_1_599' title='bbox 2705 3715 2954 3788; x_wconf 79' lang='grc' dir='ltr'><strong>πραῦνθῇ</strong></span> <span class='ocrx_word' id='word_1_600' title='bbox 2997 3731 3095 3768; x_wconf 86' lang='grc' dir='ltr'><strong>σου</strong></span> <span class='ocrx_word' id='word_1_601' title='bbox 3143 3715 3177 3784; x_wconf 81' lang='grc' dir='ltr'>ἠ</span> <span class='ocrx_word' id='word_1_602' title='bbox 3223 3713 3438 3784; x_wconf 81' lang='grc' dir='ltr'><strong>καρδία·</strong></span> <span class='ocrx_word' id='word_1_603' title='bbox 3470 3713 3563 3765; x_wconf 71' lang='grc' dir='ltr'><strong>καὶ</strong></span> <span class='ocrx_word' id='word_1_604' title='bbox 3594 3712 3736 3765; x_wconf 78' lang='grc' dir='ltr'><strong>οὕτω</strong></span> <span class='ocrx_word' id='word_1_605' title='bbox 3768 3711 3951 3764; x_wconf 66' lang='grc' dir='ltr'><strong>λοιπὸν</strong></span> 
     </span>
    </p>
   </div>
   <div class='ocr_carea' id='block_1_76' title="bbox 2389 3802 3950 3880">
    <p class='ocr_par' dir='ltr' id='par_1_76' title="bbox 2389 3802 3950 3880">
     <span class='ocr_line' id='line_1_76' title="bbox 2389 3802 3950 3880; baseline -0.006 -17"><span class='ocrx_word' id='word_1_606' title='bbox 2389 3809 2696 3880; x_wconf 84' lang='grc' dir='ltr'><strong>παρακάλει</strong></span> <span class='ocrx_word' id='word_1_607' title='bbox 2726 3807 2818 3861; x_wconf 84' lang='grc' dir='ltr'><strong>τὸν</strong></span> <span class='ocrx_word' id='word_1_608' title='bbox 2845 3805 3090 3876; x_wconf 84' lang='grc' dir='ltr'><strong>ἀδελφόν·</strong></span> <span class='ocrx_word' id='word_1_609' title='bbox 3125 3806 3220 3858; x_wconf 71' lang='grc' dir='ltr'><strong>καὶ</strong></span> <span class='ocrx_word' id='word_1_610' title='bbox 3242 3805 3349 3875; x_wconf 74' lang='grc' dir='ltr'><strong>γὰρ</strong></span> <span class='ocrx_word' id='word_1_611' title='bbox 3378 3805 3407 3856; x_wconf 84' lang='grc' dir='ltr'>ὁ</span> <span class='ocrx_word' id='word_1_612' title='bbox 3432 3802 3612 3856; x_wconf 87' lang='grc' dir='ltr'><strong>ποθῶν</strong></span> <span class='ocrx_word' id='word_1_613' title='bbox 3640 3803 3738 3872; x_wconf 78' lang='grc' dir='ltr'><strong>τὴν</strong></span> <span class='ocrx_word' id='word_1_614' title='bbox 3766 3802 3950 3872; x_wconf 77' lang='grc' dir='ltr'><strong>ἀληθι-</strong></span> 
     </span>
    </p>
   </div>
   <div class='ocr_carea' id='block_1_77' title="bbox 2387 3890 3950 3972">
    <p class='ocr_par' dir='ltr' id='par_1_77' title="bbox 2387 3890 3950 3972">
     <span class='ocr_line' id='line_1_77' title="bbox 2387 3890 3950 3972; baseline -0.006 -19"><span class='ocrx_word' id='word_1_615' title='bbox 2387 3900 2486 3972; x_wconf 83' lang='grc' dir='ltr'><strong>νὴν</strong></span> <span class='ocrx_word' id='word_1_616' title='bbox 2529 3898 2744 3952; x_wconf 82' lang='grc' dir='ltr'><strong>εὐθεῖαν</strong></span> <span class='ocrx_word' id='word_1_617' title='bbox 2791 3897 2929 3960; x_wconf 80' lang='grc' dir='ltr'><strong>ὁδὸν,</strong></span> <span class='ocrx_word' id='word_1_618' title='bbox 2974 3897 3033 3949; x_wconf 78' lang='grc' dir='ltr'><strong>ὲν</strong></span> <span class='ocrx_word' id='word_1_619' title='bbox 3093 3895 3171 3966; x_wconf 89' lang='grc' dir='ltr'>τῷ</span> <span class='ocrx_word' id='word_1_620' title='bbox 3217 3893 3576 3963; x_wconf 77' lang='grc' dir='ltr'><strong>ταράττεσθαι</strong></span> <span class='ocrx_word' id='word_1_621' title='bbox 3607 3890 3950 3960; x_wconf 58' lang='grc' dir='ltr'><strong>ἐπιπλήττει</strong></span> 
     </span>
    </p>
   </div>
   <div class='ocr_carea' id='block_1_78' title="bbox 2391 3983 3948 4060">
    <p class='ocr_par' dir='ltr' id='par_1_78' title="bbox 2391 3983 3948 4060">
     <span class='ocr_line' id='line_1_78' title="bbox 2391 3983 3948 4060; baseline -0.006 -16"><span class='ocrx_word' id='word_1_622' title='bbox 2391 3991 2614 4044; x_wconf 78' lang='grc' dir='ltr'><strong>σεαυτὸν</strong></span> <span class='ocrx_word' id='word_1_623' title='bbox 2637 3987 2882 4060; x_wconf 81' lang='grc' dir='ltr'><strong>σφοδρῶς</strong></span> <span class='ocrx_word' id='word_1_624' title='bbox 2913 3987 3008 4042; x_wconf 78' lang='grc' dir='ltr'><strong>καί</strong></span> <span class='ocrx_word' id='word_1_625' title='bbox 3036 3987 3124 4041; x_wconf 69' lang='grc' dir='ltr'><strong>ἀεὶ</strong></span> <span class='ocrx_word' id='word_1_626' title='bbox 3157 3985 3367 4056; x_wconf 72' lang='grc' dir='ltr'><strong>ἐλέγχει</strong></span> <span class='ocrx_word' id='word_1_627' title='bbox 3396 3983 3616 4037; x_wconf 75' lang='grc' dir='ltr'><strong>σεαυτὸν</strong></span> <span class='ocrx_word' id='word_1_628' title='bbox 3644 3984 3738 4035; x_wconf 71' lang='grc' dir='ltr'><strong>καὶ</strong></span> <span class='ocrx_word' id='word_1_629' title='bbox 3766 3983 3948 4051; x_wconf 79' lang='grc' dir='ltr'><strong>λέγει·</strong></span> 
     </span>
    </p>
   </div>
   <div class='ocr_carea' id='block_1_79' title="bbox 2388 4073 3948 4154">
    <p class='ocr_par' dir='ltr' id='par_1_79' title="bbox 2388 4073 3948 4154">
     <span class='ocr_line' id='line_1_79' title="bbox 2388 4073 3948 4154; baseline -0.008 -18"><span class='ocrx_word' id='word_1_630' title='bbox 2388 4083 2454 4136; x_wconf 82' lang='grc' dir='ltr'><strong>Τί</strong></span> <span class='ocrx_word' id='word_1_631' title='bbox 2476 4083 2665 4154; x_wconf 83' lang='grc' dir='ltr'><strong>μαίνῃ,</strong></span> <span class='ocrx_word' id='word_1_632' title='bbox 2682 4081 2828 4152; x_wconf 77' lang='grc' dir='ltr'><strong>ψυχή</strong></span> <span class='ocrx_word' id='word_1_633' title='bbox 2849 4096 2951 4150; x_wconf 88' lang='grc' dir='ltr'><strong>μου</strong></span> <span class='ocrx_word' id='word_1_634' title='bbox 2970 4095 2987 4145; x_wconf 90' lang='grc'><strong>;</strong></span> <span class='ocrx_word' id='word_1_635' title='bbox 3007 4078 3061 4133; x_wconf 89' lang='grc' dir='ltr'><strong>τί</strong></span> <span class='ocrx_word' id='word_1_636' title='bbox 3073 4077 3314 4150; x_wconf 81' lang='grc' dir='ltr'><strong>ταράττῃ</strong></span> <span class='ocrx_word' id='word_1_637' title='bbox 3325 4077 3398 4139; x_wconf 84' lang='grc' dir='ltr'><strong>ὼς</strong></span> <span class='ocrx_word' id='word_1_638' title='bbox 3417 4075 3702 4146; x_wconf 79' lang='grc' dir='ltr'><strong>άφρίξοντε</strong></span> <span class='ocrx_word' id='word_1_639' title='bbox 3713 4093 3736 4135; x_wconf 77' lang='grc' dir='ltr'><strong>ς</strong></span> <span class='ocrx_word' id='word_1_640' title='bbox 3754 4090 3768 4139; x_wconf 78' lang='grc' dir='ltr'><strong>ς</strong></span> <span class='ocrx_word' id='word_1_641' title='bbox 3794 4073 3948 4142; x_wconf 68' lang='grc' dir='ltr'><strong>Αὕτῷ</strong></span> 
     </span>
    </p>
   </div>
   <div class='ocr_carea' id='block_1_80' title="bbox 2386 4167 3948 4247">
    <p class='ocr_par' dir='ltr' id='par_1_80' title="bbox 2386 4167 3948 4247">
     <span class='ocr_line' id='line_1_80' title="bbox 2386 4167 3948 4247; baseline -0.01 -17"><span class='ocrx_word' id='word_1_642' title='bbox 2386 4175 2562 4247; x_wconf 80' lang='grc' dir='ltr'><strong>τούτῳ</strong></span> <span class='ocrx_word' id='word_1_643' title='bbox 2608 4175 2872 4236; x_wconf 81' lang='grc' dir='ltr'><strong>δεικνύεις</strong></span> <span class='ocrx_word' id='word_1_644' title='bbox 2916 4172 3000 4226; x_wconf 86' lang='grc' dir='ltr'><strong>ὅτι</strong></span> <span class='ocrx_word' id='word_1_645' title='bbox 3028 4172 3220 4234; x_wconf 81' lang='grc' dir='ltr'><strong>νοσεῖς·</strong></span> <span class='ocrx_word' id='word_1_646' title='bbox 3271 4171 3320 4221; x_wconf 77' lang='grc' dir='ltr'><strong>εί</strong></span> <span class='ocrx_word' id='word_1_647' title='bbox 3368 4168 3442 4239; x_wconf 83' lang='grc' dir='ltr'><strong>μὴ</strong></span> <span class='ocrx_word' id='word_1_648' title='bbox 3474 4168 3710 4231; x_wconf 77' lang='grc' dir='ltr'><strong>ὲνόσεις,</strong></span> <span class='ocrx_word' id='word_1_649' title='bbox 3741 4167 3840 4220; x_wconf 78' lang='grc' dir='ltr'><strong>οὐκ</strong></span> <span class='ocrx_word' id='word_1_650' title='bbox 3887 4167 3948 4218; x_wconf 74' lang='grc' dir='ltr'><strong>ἂν</strong></span> 
     </span>
    </p>
   </div>
   <div class='ocr_carea' id='block_1_81' title="bbox 2387 4257 3947 4338">
    <p class='ocr_par' dir='ltr' id='par_1_81' title="bbox 2387 4257 3947 4338">
     <span class='ocr_line' id='line_1_81' title="bbox 2387 4257 3947 4338; baseline -0.011 -15"><span class='ocrx_word' id='word_1_651' title='bbox 2387 4267 2644 4338; x_wconf 70' lang='grc' dir='ltr'><strong>ἔπασχες.</strong></span> <span class='ocrx_word' id='word_1_652' title='bbox 2682 4266 2747 4320; x_wconf 83' lang='grc' dir='ltr'><strong>Τί</strong></span> <span class='ocrx_word' id='word_1_653' title='bbox 2777 4264 2936 4334; x_wconf 76' lang='grc' dir='ltr'><strong>ἀφεὶς</strong></span> <span class='ocrx_word' id='word_1_654' title='bbox 2980 4262 3042 4317; x_wconf 82' lang='grc' dir='ltr'><strong>τὺ</strong></span> <span class='ocrx_word' id='word_1_655' title='bbox 3076 4260 3282 4333; x_wconf 72' lang='grc' dir='ltr'><strong>ἑαυτὴν</strong></span> <span class='ocrx_word' id='word_1_656' title='bbox 3310 4257 3652 4330; x_wconf 80' lang='grc' dir='ltr'><strong>μέμφεσθαι,</strong></span> <span class='ocrx_word' id='word_1_657' title='bbox 3701 4257 3947 4326; x_wconf 74' lang='grc' dir='ltr'><strong>ἐγκαλεῖς</strong></span> 
     </span>
    </p>
   </div>
   <div class='ocr_carea' id='block_1_82' title="bbox 2385 4349 3946 4430">
    <p class='ocr_par' dir='ltr' id='par_1_82' title="bbox 2385 4349 3946 4430">
     <span class='ocr_line' id='line_1_82' title="bbox 2385 4349 3946 4430; baseline -0.008 -17"><span class='ocrx_word' id='word_1_658' title='bbox 2385 4358 2467 4430; x_wconf 80' lang='grc' dir='ltr'><strong>τῷ</strong></span> <span class='ocrx_word' id='word_1_659' title='bbox 2494 4356 2706 4428; x_wconf 82' lang='grc' dir='ltr'><strong>ἀδελφῷ</strong></span> <span class='ocrx_word' id='word_1_660' title='bbox 2732 4357 2814 4410; x_wconf 83' lang='grc' dir='ltr'><strong>ὅτι</strong></span> <span class='ocrx_word' id='word_1_661' title='bbox 2839 4354 3009 4421; x_wconf 72' lang='grc' dir='ltr'><strong>ἑδειξέ</strong></span> <span class='ocrx_word' id='word_1_662' title='bbox 3040 4369 3124 4406; x_wconf 84' lang='grc' dir='ltr'><strong>σοι</strong></span> <span class='ocrx_word' id='word_1_663' title='bbox 3160 4352 3261 4423; x_wconf 78' lang='grc' dir='ltr'><strong>τὴν</strong></span> <span class='ocrx_word' id='word_1_664' title='bbox 3291 4351 3444 4403; x_wconf 82' lang='grc' dir='ltr'><strong>νόσον</strong></span> <span class='ocrx_word' id='word_1_665' title='bbox 3470 4365 3599 4415; x_wconf 73' lang='grc' dir='ltr'><strong>σονς</strong></span> <span class='ocrx_word' id='word_1_666' title='bbox 3635 4349 3745 4402; x_wconf 75' lang='grc' dir='ltr'><strong>Καὶ</strong></span> <span class='ocrx_word' id='word_1_667' title='bbox 3773 4349 3946 4418; x_wconf 72' lang='grc' dir='ltr'><strong>πράγ-</strong></span> 
     </span>
    </p>
   </div>
   <div class='ocr_carea' id='block_1_83' title="bbox 2391 4436 3941 4520">
    <p class='ocr_par' dir='ltr' id='par_1_83' title="bbox 2391 4436 3941 4520">
     <span class='ocr_line' id='line_1_83' title="bbox 2391 4436 3941 4520; baseline -0.009 -16"><span class='ocrx_word' id='word_1_668' title='bbox 2391 4466 2522 4520; x_wconf 88' lang='grc' dir='ltr'><strong>ματι</strong></span> <span class='ocrx_word' id='word_1_669' title='bbox 2564 4448 2660 4502; x_wconf 76' lang='grc' dir='ltr'><strong>καὶ</strong></span> <span class='ocrx_word' id='word_1_670' title='bbox 2704 4445 2934 4517; x_wconf 78' lang='grc' dir='ltr'><strong>ἀληθείᾳ</strong></span> <span class='ocrx_word' id='word_1_671' title='bbox 2983 4445 3119 4516; x_wconf 83' lang='grc' dir='ltr'><strong>μάθε</strong></span> <span class='ocrx_word' id='word_1_672' title='bbox 3155 4443 3254 4507; x_wconf 83' lang='grc' dir='ltr'><strong>τὰς</strong></span> <span class='ocrx_word' id='word_1_673' title='bbox 3285 4440 3501 4504; x_wconf 71' lang='grc' dir='ltr'><strong>ἐντολὰς</strong></span> <span class='ocrx_word' id='word_1_674' title='bbox 3551 4439 3645 4494; x_wconf 83' lang='grc' dir='ltr'><strong>τοῦ</strong></span> <span class='ocrx_word' id='word_1_675' title='bbox 3677 4436 3941 4508; x_wconf 72' lang='grc' dir='ltr'><strong>Χριστοῦ·</strong></span> 
     </span>
    </p>
   </div>
   <div class='ocr_carea' id='block_1_84' title="bbox 2388 4531 3946 4612">
    <p class='ocr_par' dir='ltr' id='par_1_84' title="bbox 2388 4531 3946 4612">
     <span class='ocr_line' id='line_1_84' title="bbox 2388 4531 3946 4612; baseline -0.009 -17"><span class='ocrx_word' id='word_1_676' title='bbox 2388 4541 2447 4605; x_wconf 76' lang='grc' dir='ltr'><strong>ὃς</strong></span> <span class='ocrx_word' id='word_1_677' title='bbox 2488 4534 2923 4612; x_wconf 77' lang='grc' dir='ltr'><strong>λοιδοροῦμενος,</strong></span> <span class='ocrx_word' id='word_1_678' title='bbox 2976 4536 3077 4590; x_wconf 75' lang='grc' dir='ltr'><strong>οὐκ</strong></span> <span class='ocrx_word' id='word_1_679' title='bbox 3125 4534 3510 4604; x_wconf 81' lang='grc' dir='ltr'><strong>ἀντελοιδόρει,</strong></span> <span class='ocrx_word' id='word_1_680' title='bbox 3549 4531 3946 4600; x_wconf 77' lang='grc' dir='ltr'><strong>κατηγορούμε-</strong></span> 
     </span>
    </p>
   </div>
   <div class='ocr_carea' id='block_1_85' title="bbox 2389 4623 3944 4700">
    <p class='ocr_par' dir='ltr' id='par_1_85' title="bbox 2389 4623 3944 4700">
     <span class='ocr_line' id='line_1_85' title="bbox 2389 4623 3944 4700; baseline -0.011 -13"><span class='ocrx_word' id='word_1_681' title='bbox 2389 4649 2479 4697; x_wconf 90' lang='grc' dir='ltr'><strong>νος</strong></span> <span class='ocrx_word' id='word_1_682' title='bbox 2521 4629 2765 4693; x_wconf 81' lang='grc' dir='ltr'><strong>ὲσιώπα,</strong></span> <span class='ocrx_word' id='word_1_683' title='bbox 2796 4627 3190 4700; x_wconf 78' lang='grc' dir='ltr'><strong>χλευαζόμενος</strong></span> <span class='ocrx_word' id='word_1_684' title='bbox 3267 4623 3676 4696; x_wconf 76' lang='grc' dir='ltr'><strong>ἑμακροθύμει,</strong></span> <span class='ocrx_word' id='word_1_685' title='bbox 3727 4623 3944 4689; x_wconf 71' lang='grc' dir='ltr'><strong>πάσχων</strong></span> 
     </span>
    </p>
   </div>
   <div class='ocr_carea' id='block_1_86' title="bbox 715 4711 2289 4793">
    <p class='ocr_par' dir='ltr' id='par_1_86' title="bbox 715 4719 2289 4793">
     <span class='ocr_line' id='line_1_86' title="bbox 715 4719 2289 4793; baseline 0.007 -21"><span class='ocrx_word' id='word_1_686' title='bbox 715 4733 886 4788; x_wconf 90' lang='lat' dir='ltr'><strong>usque</strong></span> <span class='ocrx_word' id='word_1_687' title='bbox 929 4719 996 4775; x_wconf 90' lang='lat' dir='ltr'><strong>ad</strong></span> <span class='ocrx_word' id='word_1_688' title='bbox 1030 4734 1250 4789; x_wconf 85' lang='lat' dir='ltr'><strong>spumas</strong></span> <span class='ocrx_word' id='word_1_689' title='bbox 1292 4737 1387 4777; x_wconf 92' lang='lat' dir='ltr'><strong>ore</strong></span> <span class='ocrx_word' id='word_1_690' title='bbox 1442 4723 1732 4779; x_wconf 89' lang='lat' dir='ltr'><strong>mittendas</strong></span> <span class='ocrx_word' id='word_1_691' title='bbox 1764 4726 2144 4793; x_wconf 77' lang='lat' dir='ltr'><strong>perturbaris?</strong></span> <span class='ocrx_word' id='word_1_692' title='bbox 2175 4725 2289 4784; x_wconf 83' lang='lat' dir='ltr'><strong>Hoc</strong></span> 
     </span>
    </p>
   </div>
   <div class='ocr_carea' id='block_1_87' title="bbox 2390 4711 3943 4793">
    <p class='ocr_par' dir='ltr' id='par_1_87' title="bbox 2394 4711 3943 4792">
     <span class='ocr_line' id='line_1_87' title="bbox 2394 4711 3943 4792; baseline -0.008 -16"><span class='ocrx_word' id='word_1_693' title='bbox 2394 4724 2500 4776; x_wconf 80' lang='grc' dir='ltr'><strong>οὐκ</strong></span> <span class='ocrx_word' id='word_1_694' title='bbox 2555 4719 2792 4792; x_wconf 71' lang='grc' dir='ltr'><strong>ἠπείλει.</strong></span> <span class='ocrx_word' id='word_1_695' title='bbox 2855 4717 3095 4781; x_wconf 84' lang='grc' dir='ltr'><strong>’Δκούεις</strong></span> <span class='ocrx_word' id='word_1_696' title='bbox 3139 4715 3304 4790; x_wconf 80' lang='grc' dir='ltr'><strong>αὑτοῦ</strong></span> <span class='ocrx_word' id='word_1_697' title='bbox 3363 4716 3609 4783; x_wconf 78' lang='grc' dir='ltr'><strong>λέγοντος</strong></span> <span class='ocrx_word' id='word_1_698' title='bbox 3655 4713 3751 4764; x_wconf 66' lang='grc' dir='ltr'><strong>καὶ</strong></span> <span class='ocrx_word' id='word_1_699' title='bbox 3806 4711 3943 4780; x_wconf 78' lang='grc' dir='ltr'><strong>ττρὰ-</strong></span> 
     </span>
    </p>
   </div>
   <div class='ocr_carea' id='block_1_88' title="bbox 716 4802 2289 4893">
    <p class='ocr_par' dir='ltr' id='par_1_88' title="bbox 716 4813 2289 4893">
     <span class='ocr_line' id='line_1_88' title="bbox 716 4813 2289 4893; baseline 0.004 -27"><span class='ocrx_word' id='word_1_700' title='bbox 716 4813 836 4881; x_wconf 88' lang='lat' dir='ltr'><strong>ipso</strong></span> <span class='ocrx_word' id='word_1_701' title='bbox 888 4821 1164 4874; x_wconf 86' lang='lat' dir='ltr'><strong>monstras</strong></span> <span class='ocrx_word' id='word_1_702' title='bbox 1207 4824 1472 4884; x_wconf 58' lang='lat' dir='ltr'><strong>aegrotare</strong></span> <span class='ocrx_word' id='word_1_703' title='bbox 1514 4824 1588 4870; x_wconf 91' lang='lat' dir='ltr'><strong>te.</strong></span> <span class='ocrx_word' id='word_1_704' title='bbox 1629 4813 1765 4870; x_wconf 86' lang='lat' dir='ltr'><strong>Nam</strong></span> <span class='ocrx_word' id='word_1_705' title='bbox 1813 4816 1917 4893; x_wconf 76' lang='lat' dir='ltr'><strong>nisj</strong></span> <span class='ocrx_word' id='word_1_706' title='bbox 1953 4827 2004 4873; x_wconf 89' lang='lat' dir='ltr'><strong>te</strong></span> <span class='ocrx_word' id='word_1_707' title='bbox 2035 4818 2173 4872; x_wconf 85' lang='lat' dir='ltr'><strong>mala</strong></span> <span class='ocrx_word' id='word_1_708' title='bbox 2215 4819 2289 4873; x_wconf 80' lang='lat' dir='ltr'><strong>fe-</strong></span> 
     </span>
    </p>
   </div>
   <div class='ocr_carea' id='block_1_89' title="bbox 2390 4802 3943 4893">
    <p class='ocr_par' dir='ltr' id='par_1_89' title="bbox 2390 4802 3943 4893">
     <span class='ocr_line' id='line_1_89' title="bbox 2390 4802 3943 4893; baseline -0.01 -26"><span class='ocrx_word' id='word_1_709' title='bbox 2390 4831 2559 4884; x_wconf 86' lang='grc' dir='ltr'><strong>γματι</strong></span> <span class='ocrx_word' id='word_1_710' title='bbox 2605 4809 2897 4875; x_wconf 68' lang='grc' dir='ltr'><strong>δείξαντοςο</strong></span> <span class='ocrx_word' id='word_1_711' title='bbox 2950 4807 3060 4863; x_wconf 77' lang='grc' dir='ltr'><strong>Τὸν</strong></span> <span class='ocrx_word' id='word_1_712' title='bbox 3095 4807 3288 4862; x_wconf 82' lang='grc' dir='ltr'><strong>νῶτόν</strong></span> <span class='ocrx_word' id='word_1_713' title='bbox 3313 4823 3430 4874; x_wconf 72' lang='grc' dir='ltr'><strong>μιν</strong></span> <span class='ocrx_word' id='word_1_714' title='bbox 3471 4804 3658 4857; x_wconf 73' lang='grc' dir='ltr'><strong>ἔδωκα</strong></span> <span class='ocrx_word' id='word_1_715' title='bbox 3707 4805 3793 4868; x_wconf 69' lang='grc' dir='ltr'><strong>εἰς</strong></span> <span class='ocrx_word' id='word_1_716' title='bbox 3839 4802 3943 4893; x_wconf 61' lang='lat' dir='ltr'><strong>[rd-</strong></span> 
     </span>
    </p>
   </div>
   <div class='ocr_carea' id='block_1_90' title="bbox 713 4892 2289 4975">
    <p class='ocr_par' dir='ltr' id='par_1_90' title="bbox 713 4892 2289 4975">
     <span class='ocr_line' id='line_1_90' title="bbox 713 4892 2289 4975; baseline 0.006 -17"><span class='ocrx_word' id='word_1_717' title='bbox 713 4905 828 4958; x_wconf 89' lang='lat' dir='ltr'><strong>hris</strong></span> <span class='ocrx_word' id='word_1_718' title='bbox 866 4914 1066 4969; x_wconf 89' lang='lat' dir='ltr'><strong>ureret,</strong></span> <span class='ocrx_word' id='word_1_719' title='bbox 1095 4906 1234 4960; x_wconf 89' lang='lat' dir='ltr'><strong>haud</strong></span> <span class='ocrx_word' id='word_1_720' title='bbox 1253 4907 1332 4961; x_wconf 88' lang='lat' dir='ltr'><strong>sic</strong></span> <span class='ocrx_word' id='word_1_721' title='bbox 1365 4907 1763 4963; x_wconf 84' lang='lat' dir='ltr'><strong>accendereris.</strong></span> <span class='ocrx_word' id='word_1_722' title='bbox 1799 4892 2000 4975; x_wconf 88' lang='lat' dir='ltr'><strong>Quare,</strong></span> <span class='ocrx_word' id='word_1_723' title='bbox 2033 4911 2289 4967; x_wconf 88' lang='lat' dir='ltr'><strong>omlttens</strong></span> 
     </span>
    </p>
   </div>
   <div class='ocr_carea' id='block_1_91' title="bbox 2390 4892 3943 4975">
    <p class='ocr_par' dir='ltr' id='par_1_91' title="bbox 2390 4892 3943 4975">
     <span class='ocr_line' id='line_1_91' title="bbox 2390 4892 3943 4975; baseline -0.011 -13"><span class='ocrx_word' id='word_1_724' title='bbox 2390 4923 2621 4975; x_wconf 79' lang='grc' dir='ltr'><strong>στιτας,</strong></span> <span class='ocrx_word' id='word_1_725' title='bbox 2648 4903 2754 4969; x_wconf 85' lang='grc' dir='ltr'><strong>τὰς</strong></span> <span class='ocrx_word' id='word_1_726' title='bbox 2769 4901 2836 4955; x_wconf 82' lang='grc' dir='ltr'><strong><em>δὲ</em></strong></span> <span class='ocrx_word' id='word_1_727' title='bbox 2857 4902 3146 4971; x_wconf 80' lang='grc' dir='ltr'><strong>σιαγόνας</strong></span> <span class='ocrx_word' id='word_1_728' title='bbox 3165 4917 3285 4968; x_wconf 83' lang='grc' dir='ltr'><strong>μου</strong></span> <span class='ocrx_word' id='word_1_729' title='bbox 3310 4898 3760 4966; x_wconf 72' lang='grc' dir='ltr'><strong>εἱςραπίσματασ</strong></span> <span class='ocrx_word' id='word_1_730' title='bbox 3787 4894 3852 4947; x_wconf 80' lang='grc' dir='ltr'><strong>τὸ</strong></span> <span class='ocrx_word' id='word_1_731' title='bbox 3881 4892 3943 4946; x_wconf 69' lang='grc' dir='ltr'><strong>δὲ</strong></span> 
     </span>
    </p>
   </div>
   <div class='ocr_carea' id='block_1_92' title="bbox 716 4987 2289 5079">
    <p class='ocr_par' dir='ltr' id='par_1_92' title="bbox 716 4994 2289 5066">
     <span class='ocr_line' id='line_1_92' title="bbox 716 4994 2289 5066; baseline 0.006 -20"><span class='ocrx_word' id='word_1_732' title='bbox 716 4994 1038 5064; x_wconf 87' lang='lat' dir='ltr'><strong>vituperare,</strong></span> <span class='ocrx_word' id='word_1_733' title='bbox 1079 4996 1156 5049; x_wconf 93' lang='lat' dir='ltr'><strong>uti</strong></span> <span class='ocrx_word' id='word_1_734' title='bbox 1203 4996 1490 5062; x_wconf 87' lang='lat' dir='ltr'><strong>debueras,</strong></span> <span class='ocrx_word' id='word_1_735' title='bbox 1523 5006 1575 5050; x_wconf 91' lang='lat' dir='ltr'><strong>te</strong></span> <span class='ocrx_word' id='word_1_736' title='bbox 1615 4998 1806 5066; x_wconf 87' lang='lat' dir='ltr'><strong>ipsam,</strong></span> <span class='ocrx_word' id='word_1_737' title='bbox 1851 5015 2144 5058; x_wconf 88' lang='lat' dir='ltr'><strong>succenses</strong></span> <span class='ocrx_word' id='word_1_738' title='bbox 2179 5002 2289 5056; x_wconf 81' lang='lat' dir='ltr'><strong>ira-</strong></span> 
     </span>
    </p>
   </div>
   <div class='ocr_carea' id='block_1_93' title="bbox 2390 4987 3942 5079">
    <p class='ocr_par' dir='ltr' id='par_1_93' title="bbox 2390 4987 3942 5079">
     <span class='ocr_line' id='line_1_93' title="bbox 2390 4987 3942 5079; baseline -0.007 -28"><span class='ocrx_word' id='word_1_739' title='bbox 2390 4996 2713 5079; x_wconf 64' lang='grc' dir='ltr'><strong>πρόσῳπόν</strong></span> <span class='ocrx_word' id='word_1_740' title='bbox 2766 5011 2885 5065; x_wconf 81' lang='grc' dir='ltr'><strong>μου</strong></span> <span class='ocrx_word' id='word_1_741' title='bbox 2935 4995 3048 5048; x_wconf 79' lang='grc' dir='ltr'><strong>οὐκ</strong></span> <span class='ocrx_word' id='word_1_742' title='bbox 3092 4990 3440 5060; x_wconf 73' lang='grc' dir='ltr'><strong>ἀπέστρεψα</strong></span> <span class='ocrx_word' id='word_1_743' title='bbox 3484 4989 3599 5043; x_wconf 76' lang='grc' dir='ltr'><strong>ἀπὸ</strong></span> <span class='ocrx_word' id='word_1_744' title='bbox 3651 4987 3942 5054; x_wconf 73' lang='grc' dir='ltr'><strong>αἰσχύνης</strong></span> 
     </span>
    </p>
   </div>
   <div class='ocr_carea' id='block_1_94' title="bbox 718 5081 2289 5161">
    <p class='ocr_par' dir='ltr' id='par_1_94' title="bbox 718 5086 2283 5161">
     <span class='ocr_line' id='line_1_94' title="bbox 718 5086 2283 5161; baseline 0.005 -23"><span class='ocrx_word' id='word_1_745' title='bbox 718 5086 809 5150; x_wconf 91' lang='lat' dir='ltr'><strong>tri,</strong></span> <span class='ocrx_word' id='word_1_746' title='bbox 856 5099 921 5142; x_wconf 92' lang='lat' dir='ltr'><strong>eo</strong></span> <span class='ocrx_word' id='word_1_747' title='bbox 942 5087 1082 5155; x_wconf 89' lang='lat' dir='ltr'><strong>quod</strong></span> <span class='ocrx_word' id='word_1_748' title='bbox 1110 5089 1153 5142; x_wconf 87' lang='lat' dir='ltr'><strong>is</strong></span> <span class='ocrx_word' id='word_1_749' title='bbox 1192 5088 1438 5142; x_wconf 90' lang='lat' dir='ltr'><strong>morbum</strong></span> <span class='ocrx_word' id='word_1_750' title='bbox 1472 5088 1566 5142; x_wconf 90' lang='lat' dir='ltr'><strong>tibi</strong></span> <span class='ocrx_word' id='word_1_751' title='bbox 1605 5097 1753 5142; x_wconf 92' lang='lat' dir='ltr'><strong>tuum</strong></span> <span class='ocrx_word' id='word_1_752' title='bbox 1781 5091 2122 5145; x_wconf 88' lang='lat' dir='ltr'><strong>ostenderit?</strong></span> <span class='ocrx_word' id='word_1_753' title='bbox 2143 5089 2283 5161; x_wconf 76' lang='lat' dir='ltr'><strong>Age-</strong></span> 
     </span>
    </p>
   </div>
   <div class='ocr_carea' id='block_1_95' title="bbox 2390 5081 3942 5161">
    <p class='ocr_par' dir='ltr' id='par_1_95' title="bbox 2390 5081 3942 5160">
     <span class='ocr_line' id='line_1_95' title="bbox 2390 5081 3942 5160; baseline -0.007 -17"><span class='ocrx_word' id='word_1_754' title='bbox 2390 5086 2840 5160; x_wconf 73' lang='grc' dir='ltr'><strong>ἐμπτυσμὰτων.</strong></span> <span class='ocrx_word' id='word_1_755' title='bbox 2860 5085 2969 5140; x_wconf 72' lang='grc' dir='ltr'><strong>Καὶ</strong></span> <span class='ocrx_word' id='word_1_756' title='bbox 2994 5087 3080 5149; x_wconf 81' lang='grc' dir='ltr'><strong>σὺ,</strong></span> <span class='ocrx_word' id='word_1_757' title='bbox 3103 5085 3261 5138; x_wconf 83' lang='grc' dir='ltr'><strong>ἀθλία</strong></span> <span class='ocrx_word' id='word_1_758' title='bbox 3275 5083 3440 5155; x_wconf 73' lang='grc' dir='ltr'><strong>ψυχὴ,</strong></span> <span class='ocrx_word' id='word_1_759' title='bbox 3464 5083 3553 5136; x_wconf 69' lang='grc' dir='ltr'><strong>ἐπὶ</strong></span> <span class='ocrx_word' id='word_1_760' title='bbox 3570 5081 3768 5154; x_wconf 78' lang='grc' dir='ltr'><strong>μικρὰν</strong></span> <span class='ocrx_word' id='word_1_761' title='bbox 3791 5081 3942 5150; x_wconf 77' lang='grc' dir='ltr'><strong>ὓϐριν</strong></span> 
     </span>
    </p>
   </div>
   <div class='ocr_carea' id='block_1_96' title="bbox 719 5171 2289 5248">
    <p class='ocr_par' dir='ltr' id='par_1_96' title="bbox 719 5176 2287 5247">
     <span class='ocr_line' id='line_1_96' title="bbox 719 5176 2287 5247; baseline 0.004 -17"><span class='ocrx_word' id='word_1_762' title='bbox 719 5177 841 5231; x_wconf 90' lang='lat' dir='ltr'><strong>dum</strong></span> <span class='ocrx_word' id='word_1_763' title='bbox 870 5177 965 5243; x_wconf 89' lang='lat' dir='ltr'><strong>sis,</strong></span> <span class='ocrx_word' id='word_1_764' title='bbox 996 5177 1146 5232; x_wconf 89' lang='lat' dir='ltr'><strong>disce</strong></span> <span class='ocrx_word' id='word_1_765' title='bbox 1190 5193 1294 5232; x_wconf 89' lang='lat' dir='ltr'><strong>non</strong></span> <span class='ocrx_word' id='word_1_766' title='bbox 1335 5176 1723 5247; x_wconf 79' lang='lat' dir='ltr'><strong>perfunctorie,</strong></span> <span class='ocrx_word' id='word_1_767' title='bbox 1764 5179 1860 5234; x_wconf 86' lang='lat' dir='ltr'><strong>sed</strong></span> <span class='ocrx_word' id='word_1_768' title='bbox 1890 5181 2035 5234; x_wconf 88' lang='lat' dir='ltr'><strong>serio</strong></span> <span class='ocrx_word' id='word_1_769' title='bbox 2073 5190 2129 5235; x_wconf 90' lang='lat' dir='ltr'><strong>et</strong></span> <span class='ocrx_word' id='word_1_770' title='bbox 2161 5195 2287 5236; x_wconf 90' lang='lat' dir='ltr'><strong>vere</strong></span> 
     </span>
    </p>
   </div>
   <div class='ocr_carea' id='block_1_97' title="bbox 2390 5171 3942 5248">
    <p class='ocr_par' dir='ltr' id='par_1_97' title="bbox 2390 5171 3942 5248">
     <span class='ocr_line' id='line_1_97' title="bbox 2390 5171 3942 5248; baseline -0.006 -17"><span class='ocrx_word' id='word_1_771' title='bbox 2390 5179 2484 5231; x_wconf 74' lang='grc' dir='ltr'><strong>καὶ</strong></span> <span class='ocrx_word' id='word_1_772' title='bbox 2519 5177 2766 5248; x_wconf 87' lang='grc' dir='ltr'><strong>ἀτιμίαν,</strong></span> <span class='ocrx_word' id='word_1_773' title='bbox 2785 5174 3316 5246; x_wconf 76' lang='grc' dir='ltr'><strong>καταφρόνησιν,κα“ι</strong></span> <span class='ocrx_word' id='word_1_774' title='bbox 3330 5174 3694 5244; x_wconf 67' lang='grc' dir='ltr'><strong>ἀποστροφὴν,</strong></span> <span class='ocrx_word' id='word_1_775' title='bbox 3721 5171 3942 5224; x_wconf 58' lang='lat' dir='ltr'><strong>das-.62:-</strong></span> 
     </span>
    </p>
   </div>
   <div class='ocr_carea' id='block_1_98' title="bbox 718 5263 2289 5341">
    <p class='ocr_par' dir='ltr' id='par_1_98' title="bbox 718 5267 2289 5341">
     <span class='ocr_line' id='line_1_98' title="bbox 718 5267 2289 5341; baseline 0.003 -19"><span class='ocrx_word' id='word_1_776' title='bbox 718 5267 970 5322; x_wconf 87' lang='lat' dir='ltr'><strong>mandata</strong></span> <span class='ocrx_word' id='word_1_777' title='bbox 1001 5267 1200 5323; x_wconf 88' lang='lat' dir='ltr'><strong>Christi</strong></span> <span class='ocrx_word' id='word_1_778' title='bbox 1241 5269 1358 5339; x_wconf 87' lang='lat' dir='ltr'><strong>ejus</strong></span> <span class='ocrx_word' id='word_1_779' title='bbox 1388 5269 1649 5341; x_wconf 82' lang='lat' dir='ltr'><strong>exemplis</strong></span> <span class='ocrx_word' id='word_1_780' title='bbox 1681 5269 1893 5326; x_wconf 68' lang='lat' dir='ltr'><strong>sancite</strong></span> <span class='ocrx_word' id='word_1_781' title='bbox 1929 5271 2057 5340; x_wconf 92' lang='lat' dir='ltr'><strong>:qui</strong></span> <span class='ocrx_word' id='word_1_782' title='bbox 2088 5273 2289 5341; x_wconf 87' lang='lat' dir='ltr'><strong>appeti-</strong></span> 
     </span>
    </p>
   </div>
   <div class='ocr_carea' id='block_1_99' title="bbox 2390 5263 3939 5341">
    <p class='ocr_par' dir='ltr' id='par_1_99' title="bbox 2393 5263 3939 5341">
     <span class='ocr_line' id='line_1_99' title="bbox 2393 5263 3939 5341; baseline -0.005 -18"><span class='ocrx_word' id='word_1_783' title='bbox 2393 5269 2540 5341; x_wconf 82' lang='grc' dir='ltr'><strong>μδνῆ</strong></span> <span class='ocrx_word' id='word_1_784' title='bbox 2559 5267 2920 5340; x_wconf 83' lang='grc' dir='ltr'><strong>συκοφαντίαν</strong></span> <span class='ocrx_word' id='word_1_785' title='bbox 2934 5269 3109 5321; x_wconf 81' lang='grc' dir='ltr'><strong>κεῖσαι</strong></span> <span class='ocrx_word' id='word_1_786' title='bbox 3120 5266 3389 5320; x_wconf 83' lang='grc' dir='ltr'><strong>πλέκουσα</strong></span> <span class='ocrx_word' id='word_1_787' title='bbox 3406 5263 3939 5337; x_wconf 63' lang='grc' dir='ltr'><strong>μυρίουςλογισμοὶς.</strong></span> 
     </span>
    </p>
   </div>
   <div class='ocr_carea' id='block_1_100' title="bbox 720 5355 2289 5430">
    <p class='ocr_par' dir='ltr' id='par_1_100' title="bbox 720 5359 2282 5428">
     <span class='ocr_line' id='line_1_100' title="bbox 720 5359 2282 5428; baseline 0.004 -18"><span class='ocrx_word' id='word_1_788' title='bbox 720 5367 806 5412; x_wconf 90' lang='lat' dir='ltr'><strong>tus</strong></span> <span class='ocrx_word' id='word_1_789' title='bbox 826 5359 1078 5413; x_wconf 88' lang='lat' dir='ltr'><strong>conviciis</strong></span> <span class='ocrx_word' id='word_1_790' title='bbox 1104 5373 1210 5414; x_wconf 88' lang='lat' dir='ltr'><strong>non</strong></span> <span class='ocrx_word' id='word_1_791' title='bbox 1233 5359 1473 5415; x_wconf 87' lang='lat' dir='ltr'><strong>vicissim</strong></span> <span class='ocrx_word' id='word_1_792' title='bbox 1504 5361 1945 5427; x_wconf 88' lang='lat' dir='ltr'><strong>conviciabatur;</strong></span> <span class='ocrx_word' id='word_1_793' title='bbox 1975 5373 2282 5428; x_wconf 87' lang='lat' dir='ltr'><strong>accusatus,</strong></span> 
     </span>
    </p>
   </div>
   <div class='ocr_carea' id='block_1_101' title="bbox 2390 5355 3943 5430">
    <p class='ocr_par' dir='ltr' id='par_1_101' title="bbox 2396 5355 3943 5430">
     <span class='ocr_line' id='line_1_101' title="bbox 2396 5355 3943 5430; baseline -0.006 -16"><span class='ocrx_word' id='word_1_794' title='bbox 2396 5361 2822 5415; x_wconf 75' lang='grc' dir='ltr'><strong>ἐπιϐουλεύουσα</strong></span> <span class='ocrx_word' id='word_1_795' title='bbox 2862 5361 3027 5430; x_wconf 82' lang='grc' dir='ltr'><strong>ἑαυτῇ</strong></span> <span class='ocrx_word' id='word_1_796' title='bbox 3063 5358 3138 5423; x_wconf 89' lang='grc' dir='ltr'><strong>ώς</strong></span> <span class='ocrx_word' id='word_1_797' title='bbox 3179 5359 3227 5411; x_wconf 78' lang='grc' dir='ltr'><strong>οἱ</strong></span> <span class='ocrx_word' id='word_1_798' title='bbox 3269 5357 3540 5427; x_wconf 82' lang='grc' dir='ltr'><strong>δαίμονες.</strong></span> <span class='ocrx_word' id='word_1_799' title='bbox 3569 5356 3633 5408; x_wconf 87' lang='lat' dir='ltr'><strong>Ti</strong></span> <span class='ocrx_word' id='word_1_800' title='bbox 3676 5356 3832 5407; x_wconf 79' lang='grc' dir='ltr'><strong>πλέον</strong></span> <span class='ocrx_word' id='word_1_801' title='bbox 3859 5355 3943 5406; x_wconf 76' lang='grc' dir='ltr'><strong>δύ-</strong></span> 
     </span>
    </p>
   </div>
   <div class='ocr_carea' id='block_1_102' title="bbox 719 5441 2289 5523">
    <p class='ocr_par' dir='ltr' id='par_1_102' title="bbox 719 5446 2286 5523">
     <span class='ocr_line' id='line_1_102' title="bbox 719 5446 2286 5523; baseline 0.004 -22"><span class='ocrx_word' id='word_1_802' title='bbox 719 5446 1194 5516; x_wconf 78' lang='lat' dir='ltr'><strong>tacebat;‘illusus,</strong></span> <span class='ocrx_word' id='word_1_803' title='bbox 1240 5450 1619 5520; x_wconf 79' lang='lat' dir='ltr'><strong>longanimiter</strong></span> <span class='ocrx_word' id='word_1_804' title='bbox 1662 5452 1900 5519; x_wconf 77' lang='lat' dir='ltr'><strong>ferebat;</strong></span> <span class='ocrx_word' id='word_1_805' title='bbox 1932 5453 2140 5523; x_wconf 90' lang='lat' dir='ltr'><strong>patiens</strong></span> <span class='ocrx_word' id='word_1_806' title='bbox 2177 5468 2286 5508; x_wconf 93' lang='lat' dir='ltr'><strong>non</strong></span> 
     </span>
    </p>
   </div>
   <div class='ocr_carea' id='block_1_103' title="bbox 2390 5441 3942 5523">
    <p class='ocr_par' dir='ltr' id='par_1_103' title="bbox 2392 5441 3942 5523">
     <span class='ocr_line' id='line_1_103' title="bbox 2392 5441 3942 5523; baseline -0.007 -17"><span class='ocrx_word' id='word_1_807' title='bbox 2392 5469 2549 5506; x_wconf 88' lang='grc' dir='ltr'><strong>ναται</strong></span> <span class='ocrx_word' id='word_1_808' title='bbox 2592 5454 2814 5523; x_wconf 75' lang='grc' dir='ltr'><strong>ποιῆσαι</strong></span> <span class='ocrx_word' id='word_1_809' title='bbox 2852 5451 3061 5522; x_wconf 84' lang='grc' dir='ltr'><strong>δαίμων</strong></span> <span class='ocrx_word' id='word_1_810' title='bbox 3087 5452 3153 5520; x_wconf 75' lang='grc' dir='ltr'><strong>τῇ</strong></span> <span class='ocrx_word' id='word_1_811' title='bbox 3191 5447 3412 5519; x_wconf 65' lang='grc' dir='ltr'><strong>τοιαύτῃ</strong></span> <span class='ocrx_word' id='word_1_812' title='bbox 3439 5447 3608 5519; x_wconf 73' lang='grc' dir='ltr'><strong>ψυχῇ,</strong></span> <span class='ocrx_word' id='word_1_813' title='bbox 3646 5441 3758 5499; x_wconf 80' lang='grc' dir='ltr'>οἷον</span> <span class='ocrx_word' id='word_1_814' title='bbox 3805 5445 3942 5496; x_wconf 74' lang='grc' dir='ltr'><strong>ποιεί</strong></span> 
     </span>
    </p>
   </div>
   <div class='ocr_carea' id='block_1_104' title="bbox 721 5537 2289 5614">
    <p class='ocr_par' dir='ltr' id='par_1_104' title="bbox 721 5538 2286 5613">
     <span class='ocr_line' id='line_1_104' title="bbox 721 5538 2286 5613; baseline 0.005 -23"><span class='ocrx_word' id='word_1_815' title='bbox 721 5538 1041 5592; x_wconf 87' lang='lat' dir='ltr'><strong>minabatur.</strong></span> <span class='ocrx_word' id='word_1_816' title='bbox 1071 5541 1240 5595; x_wconf 82' lang='lat' dir='ltr'><strong>Audis</strong></span> <span class='ocrx_word' id='word_1_817' title='bbox 1259 5555 1381 5610; x_wconf 76' lang='lat' dir='ltr'><strong>qua:</strong></span> <span class='ocrx_word' id='word_1_818' title='bbox 1409 5541 1541 5596; x_wconf 90' lang='lat' dir='ltr'><strong>dicit</strong></span> <span class='ocrx_word' id='word_1_819' title='bbox 1567 5542 1872 5608; x_wconf 89' lang='lat' dir='ltr'><strong>jubentem,</strong></span> <span class='ocrx_word' id='word_1_820' title='bbox 1903 5553 1961 5597; x_wconf 83' lang='lat' dir='ltr'><strong>et</strong></span> <span class='ocrx_word' id='word_1_821' title='bbox 1989 5557 2112 5613; x_wconf 78' lang='lat' dir='ltr'><strong>qua:</strong></span> <span class='ocrx_word' id='word_1_822' title='bbox 2131 5542 2286 5612; x_wconf 84' lang='lat' dir='ltr'><strong>jubet</strong></span> 
     </span>
    </p>
   </div>
   <div class='ocr_carea' id='block_1_105' title="bbox 2390 5537 3943 5614">
    <p class='ocr_par' dir='ltr' id='par_1_105' title="bbox 2390 5537 3943 5614">
     <span class='ocr_line' id='line_1_105' title="bbox 2390 5537 3943 5614; baseline -0.005 -18"><span class='ocrx_word' id='word_1_823' title='bbox 2390 5542 2530 5613; x_wconf 76' lang='grc' dir='ltr'><strong>αὑτὴ</strong></span> <span class='ocrx_word' id='word_1_824' title='bbox 2555 5543 2789 5614; x_wconf 78' lang='grc' dir='ltr'><strong>έαυτήνς</strong></span> <span class='ocrx_word' id='word_1_825' title='bbox 2818 5542 2922 5595; x_wconf 75' lang='grc' dir='ltr'><strong>Τὸν</strong></span> <span class='ocrx_word' id='word_1_826' title='bbox 2946 5541 3176 5612; x_wconf 82' lang='grc' dir='ltr'><strong>σταυρὸν</strong></span> <span class='ocrx_word' id='word_1_827' title='bbox 3200 5538 3294 5593; x_wconf 76' lang='grc' dir='ltr'><strong>τοῦ</strong></span> <span class='ocrx_word' id='word_1_828' title='bbox 3327 5538 3563 5609; x_wconf 76' lang='grc' dir='ltr'><strong>Χριστοῦ</strong></span> <span class='ocrx_word' id='word_1_829' title='bbox 3594 5537 3802 5606; x_wconf 77' lang='grc' dir='ltr'><strong>βλέπεις</strong></span> <span class='ocrx_word' id='word_1_830' title='bbox 3828 5551 3842 5564; x_wconf 87' lang='grc'><strong>·</strong></span> <span class='ocrx_word' id='word_1_831' title='bbox 3877 5537 3943 5588; x_wconf 66' lang='grc' dir='ltr'><strong>τά</strong></span> 
     </span>
    </p>
   </div>
   <div class='ocr_carea' id='block_1_106' title="bbox 719 5625 2289 5703">
    <p class='ocr_par' dir='ltr' id='par_1_106' title="bbox 719 5627 2283 5700">
     <span class='ocr_line' id='line_1_106' title="bbox 719 5627 2283 5700; baseline 0.004 -19"><span class='ocrx_word' id='word_1_832' title='bbox 719 5627 968 5697; x_wconf 78' lang='lat' dir='ltr'><strong>exemplo</strong></span> <span class='ocrx_word' id='word_1_833' title='bbox 1001 5631 1216 5700; x_wconf 86' lang='lat' dir='ltr'><strong>proprio</strong></span> <span class='ocrx_word' id='word_1_834' title='bbox 1247 5640 1637 5689; x_wconf 87' lang='lat' dir='ltr'><strong>monstrantem</strong></span> <span class='ocrx_word' id='word_1_835' title='bbox 1666 5632 1922 5690; x_wconf 77' lang='lat' dir='ltr'><strong>:Dortum</strong></span> <span class='ocrx_word' id='word_1_836' title='bbox 1963 5649 2132 5689; x_wconf 74' lang='lat' dir='ltr'><strong>meum</strong></span> <span class='ocrx_word' id='word_1_837' title='bbox 2162 5634 2283 5689; x_wconf 84' lang='lat' dir='ltr'><strong>dedi</strong></span> 
     </span>
    </p>
   </div>
   <div class='ocr_carea' id='block_1_107' title="bbox 2390 5625 3937 5703">
    <p class='ocr_par' dir='ltr' id='par_1_107' title="bbox 2393 5625 3937 5703">
     <span class='ocr_line' id='line_1_107' title="bbox 2393 5625 3937 5703; baseline -0.005 -16"><span class='ocrx_word' id='word_1_838' title='bbox 2393 5632 2545 5703; x_wconf 78' lang='grc' dir='ltr'><strong>πάθη</strong></span> <span class='ocrx_word' id='word_1_839' title='bbox 2579 5631 3024 5702; x_wconf 78' lang='grc' dir='ltr'><strong>ἀναγινώσκομεν</strong></span> <span class='ocrx_word' id='word_1_840' title='bbox 3051 5629 3172 5686; x_wconf 85' lang='grc' dir='ltr'><strong>καθ’</strong></span> <span class='ocrx_word' id='word_1_841' title='bbox 3200 5630 3436 5701; x_wconf 82' lang='grc' dir='ltr'><strong>ἑκάστην</strong></span> <span class='ocrx_word' id='word_1_842' title='bbox 3465 5625 3694 5700; x_wconf 77' lang='grc' dir='ltr'><strong>ἡμέραν,</strong></span> <span class='ocrx_word' id='word_1_843' title='bbox 3721 5629 3755 5680; x_wconf 80' lang='lat' dir='ltr'><strong>a</strong></span> <span class='ocrx_word' id='word_1_844' title='bbox 3779 5626 3937 5680; x_wconf 68' lang='grc' dir='ltr'><strong>ἔπαθε</strong></span> 
     </span>
    </p>
   </div>
   <div class='ocr_carea' id='block_1_108' title="bbox 792 5782 1146 5848">
    <p class='ocr_par' dir='ltr' id='par_1_108' title="bbox 792 5782 1146 5848">
     <span class='ocr_line' id='line_1_108' title="bbox 792 5782 1146 5848; baseline -0.008 -6"><span class='ocrx_word' id='word_1_845' title='bbox 792 5783 831 5813; x_wconf 63' lang='grc' dir='ltr'><strong>δ’</strong></span> <span class='ocrx_word' id='word_1_846' title='bbox 867 5782 964 5842; x_wconf 67' lang='lat' dir='ltr'><strong>Joh</strong></span> <span class='ocrx_word' id='word_1_847' title='bbox 995 5797 1060 5848; x_wconf 77' lang='grc' dir='ltr'><strong>νι,</strong></span> <span class='ocrx_word' id='word_1_848' title='bbox 1096 5787 1146 5840; x_wconf 75' lang='lat'><strong>2.</strong></span> 
     </span>
    </p>
   </div>
  </div>
