4114 6428
161 406 302 469 1⁵689

1614 401 2018 475 ALLOQUIA.

3295 394 3434 462 1690

154 523 230 578 δι’
252 524 419 596 ἡμᾶς·
446 521 542 575 καὶ
575 522 735 593 ἡμεῖς
770 520 1027 592 οὐδεμίαν
1056 517 1214 593 ὓϐριν
1239 517 1502 591 φέρομεν.
1534 516 1748 582 Ὄντως

1854 519 1906 572 in
1935 517 2168 588 ﬂagella,
2207 527 2255 571 et
2299 532 2457 587 genas
2499 530 2640 569 meas
2692 513 2744 566 in
2776 513 2962 582 alapas
2989 527 3007 565 :
3038 509 3228 578 [aciem
3258 521 3431 566 autem

155 613 543 684 ἑξετράπημεν
566 616 666 683 τῆς
693 610 907 675 εὐθείας
930 611 1072 665 ὀδοῦ.

1845 624 1948 662 non
1977 607 2143 662 averti
2166 623 2198 660 a
2231 606 2549 661 contumelia
2588 613 2860 674 spulorum
2877 603 2921 657 ⁸.
2953 600 3036 655 'I‘u
3077 616 3225 668 vero,
3253 601 3434 656 anima

157 708 384 770 misera,
418 707 489 761 ob
561 705 824 759 modicam
890 704 1164 773 iniuriam,
1212 703 1584 778 ignominiam,
1654 702 1992 771 despectum,
2049 697 2640 770 exprobratiunculam,
2687 706 2742 751 et
2797 692 3230 748 criminationem
3271 706 3432 761 quam

157 811 320 867 putas
359 799 572 864 falsam,
609 800 779 852 instas
811 799 1091 854 nectendis
1147 799 1522 869 plicandisque
1587 795 2012 867 cogitationibus
2094 792 2394 850 innumeris
2427 811 2441 849 :
2473 803 2530 847 at
2594 778 2917 846 machinatus
2968 786 3119 850 talia,
3157 786 3435 843 insidiari:

159 890 258 943 tibi
297 890 417 959 ipsi,
452 903 673 956 operam
701 886 1032 957 coniungens
1061 904 1186 944 cum
1215 887 1648 959 oppugnantibus
1679 897 1732 942 te
1770 886 2131 942 daemonibus.
2161 884 2316 944 Haud
2352 886 2498 939 enim
2567 897 2764 938 nocere
2825 894 3062 950 unquam
3098 877 3273 932 malus
3317 877 3427 933 dm-

158 997 289 1034 mnn
325 982 518 1035 animze
569 982 659 1035 tali
693 989 896 1049 posset,
937 991 1197 1050 quantum
1237 982 1354 1051 ipsa
1399 990 1558 1037 nocet
1602 981 1728 1036 sibi.
1789 979 1949 1035 Vides
1994 993 2214 1035 crucem
2245 977 2495 1043 Christi;
2536 974 2698 1042 mala,
2769 973 3023 1036 verbera,
3056 970 3306 1033 vulnera,
3335 982 3436 1035 op-

156 1071 381 1140 probria
411 1086 530 1139 quae
559 1086 656 1139 pro
678 1073 831 1127 nobis
860 1087 1046 1140 passus
1080 1082 1183 1137 est,
1209 1073 1454 1142 quotidie
1482 1072 1711 1142 legimus
1751 1090 1766 1128 :
1806 1081 1862 1126 et
1891 1071 2147 1139 inducere
2195 1070 2449 1126 nolumus
2480 1068 2534 1124 in
2581 1067 2845 1132 animum,
2926 1064 3224 1135 quidquam
3273 1059 3432 1115 nobis

159 1161 437 1231 ingratum
479 1162 620 1217 ferre
663 1163 956 1231 patienter.
1000 1164 1138 1219 Vere
1174 1164 1552 1231 aberravimus
1585 1178 1614 1218 a
1651 1164 1738 1218 via
1779 1172 1952 1219 recta.

236 1273 432 1342 Ἔλεγε
459 1275 515 1328 δὲ
547 1275 650 1339 ὅτι,
688 1275 811 1329 Ἐὰν
834 1277 974 1347 ζήσῃ
1009 1294 1092 1340 τις
1122 1277 1215 1341 ἔτη
1243 1275 1335 1330 τοῦ
1367 1275 1701 1330 Μαθουσάλα
1724 1314 1742 1341 ,

155 1365 260 1416 καὶ
288 1365 363 1432 μὴ
393 1364 587 1437 ὁδεύσῃ
620 1364 825 1435 ταύτην
859 1367 959 1434 τὴν
992 1365 1208 1418 εὐθεῖαν
1234 1366 1354 1419 ὁδὸν
1398 1365 1465 1435 ἢν
1491 1364 1740 1419 ὥδευσαν

157 1455 368 1517 πάντες
411 1455 460 1507 οἱ
494 1453 669 1523 ἀγιοιο
701 1455 844 1522 λέγω
883 1455 948 1527 δὴ
987 1457 1086 1525 τὴν
1117 1455 1213 1509 τοῦ
1247 1456 1614 1527 ἀτιμάζεσθαι
1649 1457 1744 1508 καὶ

157 1545 355 1614 φέρειν
384 1545 667 1613 γενναίως·
704 1546 766 1598 οὐ
803 1546 877 1616 μὴ
907 1546 1106 1616 προϐῇ,
1133 1547 1191 1600 οὐ
1229 1547 1446 1617 μικρὸν,
1478 1546 1540 1598 οὐ
1576 1545 1740 1616 μέγα·

155 1629 288 1689 οὐδὲ
316 1635 540 1704 εὑρήσει
569 1636 660 1688 τὸν
699 1638 756 1687 ὲν
790 1638 911 1698 ταῖς
949 1636 1190 1699 ἐντολαῖς
1225 1636 1604 1706 κρυπτόμενον
1649 1624 1746 1705 θη-

157 1728 400 1794 σαυρόν·-
424 1727 560 1779 ἀλλὰ
592 1726 751 1794 μόνον
774 1726 842 1778 τὰ
870 1725 966 1797 ἐτη
993 1727 1156 1780 αὐτοῦ
1181 1727 1458 1786 ἀναλίσκει
1480 1725 1742 1798 διηνεκῶς

1916 1275 2062 1330 Dixit
2086 1274 2246 1330 etiam
2282 1271 2534 1329 Zosimas
2566 1267 2660 1326 :Si
2700 1268 2822 1337 quis
2859 1265 3058 1322 vixerit
3107 1278 3280 1319 annos
3318 1259 3435 1316 Ma-

1847 1365 2096 1431 thusalae,
2137 1373 2193 1420 et
2221 1379 2326 1419 non
2377 1359 2710 1431 processerit
2743 1372 2842 1429 per
2878 1357 3016 1412 hanc
3052 1363 3255 1410 rectam
3291 1352 3431 1406 viam

1843 1471 1948 1526 qua
1994 1456 2334 1510 incesserunt
2376 1466 2569 1508 omnes
2616 1449 2828 1514 sancti,
2879 1449 3050 1512 viam,
3078 1447 3324 1516 inquam,
3349 1440 3434 1497 fe-

1842 1544 1999 1599 rendi
2029 1542 2241 1599 fortiter
2273 1540 2628 1598 contumelias
2673 1549 2728 1594 et
2757 1538 2979 1601 damna,
3027 1549 3134 1589 non
3165 1531 3434 1603 proﬁciet,

1845 1625 1914 1693 ne
1944 1653 2136 1707 parum
2169 1638 2408 1707 quidem,
2435 1634 2630 1690 nedum
2671 1633 2942 1699 multum;
2981 1644 3157 1700 neque
3187 1627 3428 1683 inveniet

1849 1729 2226 1784 absconditum
2273 1728 2324 1781 in
2363 1725 2643 1781 mandatis
2686 1723 3022 1784 thesaurum,
3075 1721 3170 1776 sed
3226 1728 3435 1774 tantum

154 1817 445 1886 διακενῆς.
477 1818 633 1870 Ἐστι
665 1814 774 1888 γὰρ
800 1819 888 1871 ὅτε
915 1821 1247 1889 καταφρονεῖ
1279 1836 1363 1882 τις
1393 1818 1602 1872 πολλῶν
1623 1835 1746 1872 κεν-

1854 1833 1974 1873 suos
1999 1831 2172 1872 atinos
2202 1823 2491 1872 consumet
2515 1812 2777 1868 continue
2810 1810 2862 1864 in
2904 1823 3101 1863 vanum
3137 1821 3152 1862 :
3179 1817 3263 1862 est
3291 1805 3435 1862 enim

154 1908 460 1978 τηναρίων,
506 1909 601 1961 καὶ
626 1904 846 1978 ἔρχεέαι
883 1911 963 1969 είς
1009 1910 1275 1981 ραφίδιον·
1303 1912 1450 1981 καὶὴ
1494 1909 1745 1980 προσπά-

157 1999 287 2051 Οεια
329 1998 493 2052 αὑτοῦ
544 2003 685 2052 ποιεῖ
729 2001 892 2054 αὑτὸν
917 2002 1306 2072 ταράττεσθαι,
1352 2003 1446 2057 καὶ
1494 2004 1641 2055 ποιεῖ
1685 2002 1746 2055 τὸ

158 2091 413 2159 ραφίδιον
451 2094 626 2145 ἐκεῖνο
666 2094 828 2146 τόπον
859 2095 1238 2166 κεντηναρίου,
1283 2095 1378 2150 καὶ
1417 2094 1626 2164 γίνεται
1661 2111 1748 2158 τις

156 2181 262 2234 τοῦ
306 2183 555 2252 ραφιδίου
587 2184 771 2248 δοῦλος
797 2223 812 2248 ,
835 2185 876 2254 ,ἢ
905 2185 998 2238 τοῦ
1032 2186 1350 2245 κουκουλίου
1369 2229 1383 2253 ,
1413 2186 1446 2258 ἢ
1489 2186 1583 2239 τοῦ
1615 2202 1748 2256 μαν-

154 2271 370 2334 δυλίου,
401 2272 434 2342 ἢ
467 2274 562 2328 τοῦ
594 2270 823 2345 βιϐλίον’
860 2277 954 2330 καὶ
992 2278 1092 2330 οὐκ
1122 2277 1238 2330 ἔστι
1262 2276 1446 2341 δοῦλος
1467 2278 1561 2330 τοῦ
1585 2275 1743 2330 θεοῦ·

155 2365 262 2417 καὶ
293 2364 473 2428 καλῶς
502 2363 622 2419 εἶπέ
656 2384 738 2431 τις
763 2367 874 2421 τῶν
909 2368 1088 2436 σοφῶν
1115 2369 1195 2421 ὅτι
1223 2369 1326 2422 ὅσα
1358 2369 1506 2439 πάθη
1533 2368 1742 2438 ψυχῆς,

153 2455 411 2508 τοσοῦτοι
452 2459 546 2509 καὶ
571 2458 849 2513 δεσπόται.
885 2460 994 2512 Καὶ
1019 2459 1047 2511 ὁ
1086 2459 1310 2531 Κύριος·
1347 2461 1532 2514 Ὅπου
1574 2463 1608 2514 ὀ
1639 2464 1746 2526 θη·

156 2546 392 2610 σιιυρός
413 2561 550 2608 σου,
579 2547 710 2600 ἐκεῖ
735 2548 905 2601 ἔσται
936 2550 974 2616 ὴ
1005 2549 1220 2616 καρδία
1251 2563 1394 2604 σου.
1435 2547 1546 2602 Καὶ
1584 2548 1746 2602 πάλιν

156 2638 190 2689 ὁ
233 2636 577 2702 Ἀπόστολος·
607 2633 683 2709 τῼ
720 2655 810 2705 τις
852 2638 1128 2707 ἣττηται,
1170 2641 1360 2706 τούτῳ
1398 2640 1496 2694 καὶ
1537 2638 1744 2694 δεδού-

156 2729 366 2782 λωται.

241 3026 317 3094 ς’.
359 3029 468 3082 Καὶ
509 3029 663 3098 ἔλεγε
709 3029 873 3085 πάλιν
898 3032 925 3084 ὀ
958 3029 1251 3102 μακάριοςο
1304 3030 1596 3101 Ὠδεύομεν
1635 3031 1748 3100 ἐγώ

1849 1908 2065 1980 quando
2091 1922 2318 1964 exorsus
2344 1905 2541 1974 aliquis
2571 1919 2601 1957 a
2643 1914 2913 1973 generoso
2941 1905 3251 1966 contemptu
3298 1893 3440 1951 mul-

1848 2010 2028 2057 torum
2059 1998 2526 2062 centenariorum,
2573 1993 2956 2064 progredietur
2979 1990 3104 2044 inde
3139 1990 3206 2043 ad
3235 1986 3441 2055 ample-

1847 2089 2100 2144 ctendam
2132 2102 2318 2153 amore
2359 2085 2532 2140 nimio
2558 2075 2843 2138 aciculam’
2859 2099 2873 2134 :
2900 2089 2956 2135 et
2986 2081 3031 2135 is
3065 2077 3287 2134 affectus
3317 2091 3439 2146 per-

1839 2176 2179 2234 turbationis
2225 2192 2330 2232 non
2388 2175 2618 2230 modica:
2671 2187 2863 2230 causa
2895 2170 2990 2239 fit;
3048 2178 3105 2226 et
3158 2165 3440 2224 substituit

1848 2271 1994 2327 illam
2035 2269 2302 2325 aciculam
2348 2267 2401 2320 in
2435 2266 2616 2320 locum
2645 2262 2948 2320 centenarii
2977 2260 3106 2316 olim
3149 2257 3339 2329 spreti.
3371 2255 3441 2311 Et

1849 2363 1910 2417 fit
1957 2361 2178 2431 aliquis,
2224 2374 2330 2414 non
2358 2359 2473 2426 jam
2523 2356 2621 2413 Dei
2664 2369 2873 2419 servus,
2931 2362 2992 2407 ut
3034 2351 3436 2420 spoponderat:

1845 2455 1943 2509 sed
1989 2467 2180 2509 servus
2241 2453 2489 2520 aciculze,
2537 2446 2788 2511 cucullae,
2845 2443 3118 2509 mantilis,
3172 2440 3297 2495 libri
3328 2457 3344 2496 :
3373 2439 3442 2497 iis

1847 2545 2135 2600 adhaerens
2186 2541 2386 2598 affectu
2432 2541 2656 2596 vitioso.
2709 2535 2845 2591 Nam
2878 2535 3018 2591 bene
3064 2532 3201 2587 dixit
3247 2530 3443 2600 aliquis

1847 2638 2177 2708 sapientum,
2209 2642 2288 2689 tot
2326 2632 2568 2686 animum
2601 2629 2824 2684 subesse
2867 2622 3105 2679 dominis
3134 2629 3265 2690 quot
3290 2617 3441 2708 fovet

1846 2705 2010 2785 in‘se
2059 2725 2286 2782 affectus
2333 2724 2714 2780 vehementes.
2760 2718 2826 2773 Et
2863 2714 3127 2770 Dominus
3182 2710 3303 2766 ait:
3336 2705 3442 2763 Ubi

1847 2829 1922 2876 est
1971 2820 2250 2873 thesaurus
2294 2828 2439 2881 tuus,
2484 2813 2562 2868 ibi
2584 2812 2683 2866 erit
2728 2825 2823 2863 cor
2870 2818 3022 2861 tuum
3041 2805 3083 2860 ⁷.
3138 2803 3204 2857 Ει
3254 2815 3445 2860 rursus

1846 2908 2141 2980 Apostolus
2173 2925 2190 2963 :
2223 2907 2269 2960 A
2294 2923 2396 2978 quo
2418 2905 2535 2976 quis
2565 2903 2726 2956 victus
2759 2905 2857 2962 est,
2883 2897 2931 2951 ei
2956 2903 3007 2950 et
3030 2894 3186 2949 servit
3208 2893 3251 2947 ⁸.

1929 3038 2016 3098 γι.
2071 3040 2218 3096 Dixit
2274 3051 2465 3094 rursus
2517 3038 2663 3092 idem
2705 3033 2898 3088 beatus
2944 3028 3097 3084 :lter
3148 3027 3446 3098 agebamus

157 3138 227 3174 τε
252 3120 349 3172 καὶ
401 3117 482 3184 εἷς
529 3120 758 3189 ἀδελφὸς
804 3121 945 3192 μετά
994 3124 1089 3175 καὶ
1129 3122 1437 3193 κοσμικῶν,
1485 3123 1586 3192 τὴν
1628 3122 1747 3176 ὁδὸν

1854 3146 1950 3202 ego
1996 3141 2053 3187 et
2082 3131 2253 3186 frater
2309 3143 2449 3185 unus
2487 3127 2570 3181 via
2619 3120 3000 3190 Neapolitana,
3046 3132 3170 3173 cum
3221 3117 3448 3187 quibus-

159 3209 519 3275 Νεαπόλεως,
541 3213 636 3264 καὶ
661 3207 896 3282 ἤλθομεν
921 3213 1002 3276 είς
1024 3213 1187 3265 τόπον
1211 3213 1345 3274 ὅπου
1363 3211 1642 3264 τελὼνειον
1660 3207 1748 3283 ἦν·
1799 3275 1801 3278 γ

162 3302 264 3356 καὶ
301 3303 350 3354 οἱ
385 3302 482 3372 μὲν
505 3303 758 3372 κοσμικοὶ
785 3304 1018 3368 είδόντες
1077 3305 1176 3375 τὴν
1208 3304 1496 3375 συνήθειαν
1545 3303 1754 3356 ἔδωκαν

161 3390 232 3446 τὸ
250 3391 424 3454 τέλος·
461 3394 490 3445 ό
518 3391 576 3445 δὲ
608 3392 836 3460 ἀδελφὸς
863 3396 892 3447 ὁ
937 3393 1013 3447 ὢν
1049 3395 1165 3464 μετ’
1196 3393 1331 3464 ἐμοῦ
1373 3393 1578 3465 ήρξατο
1607 3390 1756 3446 ἀντι·

161 3481 367 3536 τείνειν
406 3482 499 3534 mi.
530 3482 710 3550 λέγειν
749 3483 952 3546 αὐτοῖς’
988 3483 1240 3554 Τολμᾶτε
1289 3486 1542 3538 ἀπαιτεῖν
1589 3499 1755 3553 μονα-

164 3571 340 3644 χούςς
399 3569 542 3639 Ἐγὼ
588 3571 645 3624 δὲ
694 3571 936 3635 ἀκούσας
995 3569 1148 3627 εἷπον
1194 3574 1362 3644 αὐτῷ’
1425 3575 1491 3627 Τί
1554 3579 1751 3640 ποιεῖς,

165 3661 406 3730 ἀδελφέ;
443 3661 597 3714 οὐδὲν
625 3661 754 3715 ἄλλο
801 3662 978 3730 λέγεις
1025 3663 1173 3733 αὐτῷ
1227 3662 1283 3733 ἢ,
1320 3665 1500 3718 Θέλων
1544 3666 1638 3719 καὶ
1679 3669 1754 3737 μὴ

168 3755 345 3807 θέλων
366 3753 595 3824 τίμησόν
623 3771 692 3824 με
724 3754 1132 3823 ᾶγιον;’μᾶλλον
1157 3757 1317 3819 αὐτὸς
1344 3755 1594 3826 ὤφειλεν,
1631 3757 1754 3812 ίδὼν

166 3847 274 3914 τὴν
307 3843 624 3896 καλοθελίαν
658 3861 751 3896 σου
782 3844 877 3896 καὶ
915 3847 1267 3912 ταπείνωσιν,
1304 3847 1622 3917 αἰδεσθῆναι
1661 3849 1755 3903 καὶ

168 3935 369 3991 είπεῖψ
405 3934 786 4006 Συγχὼρησον.
823 3935 1034 3989 Οὐκοῦν
1064 3936 1140 4000 ὡς
1171 3938 1421 4010 μαθητὴς
1449 3940 1542 3994 τοῦ
1577 3942 1752 4012 πράου

168 4026 273 4082 καὶ
317 4025 575 4079 ταπεινοῦ
628 4026 739 4088 δὸς,
799 4027 891 4078 καὶ
944 4026 1306 4097 παρέλθωμεν
1343 4030 1462 4099 μετ’
1506 4032 1750 4104 εἰρήνης.

173 4118 409 4172 Ἀλλοτε
440 4117 736 4186 γενομένου
776 4133 876 4187 μου
911 4118 990 4180 εἰς
1023 4118 1124 4187 τὴν
1151 4119 1314 4186 ἁγίαν
1352 4121 1505 4174 πόλιν
1535 4122 1754 4193 ἔρχεταί

169 4227 261 4272 τις
285 4209 644 4280 φιλοχρίστων
689 4211 785 4261 καὶ
823 4208 968 4277 λέγει
1021 4227 1132 4280 μοι⁸
1170 4211 1389 4282 Ἐπειδὴ
1422 4215 1625 4284 μικρὰν
1655 4216 1757 4286 ἀη-

172 4299 297 4353 δίαν
326 4299 519 4370 ἔχομεν
552 4299 669 4368 μετ’
690 4299 932 4369 ἀλλήλων
967 4299 1079 4368 ἐγώ
1105 4317 1164 4353 τε
1193 4301 1286 4355 καὶ
1317 4303 1344 4356 ὁ
1369 4303 1597 4373 ἀδελφός
1629 4325 1752 4377 μου,

175 4389 260 4462 μὴ
305 4389 446 4441 θέλει
495 4389 851 4460 διαλλαγῆναί
890 4407 997 4460 μοι·
1041 4389 1177 4456 ἀλλά
1229 4393 1611 4465 παρακλήθητι
1661 4399 1755 4451 καὶ

1858 3222 1981 3276 dam
2029 3221 2402 3286 saecularibus,
2454 3219 2816 3286 venimusque
2854 3212 2921 3266 ad
2964 3211 3140 3267 locum
3195 3211 3283 3265 ubi
3326 3216 3447 3264 erat

1859 3314 2140 3375 telonium.
2193 3323 2250 3367 et
2294 3309 2586 3368 saeculares
2619 3306 2841 3380 quidem
2879 3305 3118 3359 scientes
3167 3309 3450 3356 consuetu-

1857 3407 2040 3462 dinem
2082 3405 2228 3460 ultro
2282 3402 2561 3459 solverunt
2589 3412 2843 3457 censum.
2894 3393 3091 3449 Frater
3139 3403 3322 3448 autem
3358 3407 3446 3446 re-

1857 3496 2099 3566 quisitos
2155 3511 2188 3550 a
2233 3495 2557 3566 publicano,-
2597 3495 2925 3563 repugnavit
2965 3495 3150 3550 dicens
3177 3512 3190 3549 :
3217 3493 3447 3552 Audetis

1857 3589 2075 3656 exigere
2115 3602 2145 3640 a
2203 3581 2660 3652 monachisiEgo
2709 3593 2884 3640 autem
2929 3585 3158 3640 audiens
3183 3585 3232 3640 ei
3282 3583 3444 3640 dixi:

1857 3677 1996 3743 Quid
2025 3677 2164 3745 agis,
2213 3670 2595 3740 fraterlQuod
2645 3675 2731 3730 ais
2770 3675 3107 3729 tantumdem
3157 3681 3243 3729 est
3287 3687 3352 3727 ac
3401 3673 3448 3727 si

1856 3769 2067 3822 diceres
2096 3784 2111 3819 :
2146 3763 2288 3820 Veiis
2311 3764 2472 3830 nolis,
2497 3763 2705 3820 honora
2729 3781 2814 3820 me
2846 3776 2906 3820 ut
2935 3775 3207 3820 sanctum.
3237 3764 3448 3819 Decue-

1857 3864 1943 3911 rat
1976 3857 2142 3910 istum
2175 3854 2338 3919 forte,
2384 3854 2504 3909 visa
2563 3856 2826 3923 religione
2869 3864 2926 3911 et
2980 3855 3285 3910 humilitate
3330 3864 3446 3920 tua,

1854 3947 2190 4002 verecundia
2222 3943 2461 4001 suffundi
2491 3947 2750 4016 quadam,
2778 3956 2832 4003 et
2862 3946 3076 4000 veniam
3115 3959 3275 4000 orare
3303 3943 3448 4012 quod

1858 4053 1925 4102 ex,
1954 4046 2009 4092 te
2051 4038 2380 4109 poposcerit.
2435 4035 2593 4094 Nunc
2639 4039 2857 4109 quando
2888 4037 2941 4092 id
2971 4037 3175 4102 omisit,
3226 4050 3344 4106 age,
3389 4043 3450 4090 ut

1858 4118 2157 4201 discipulus
2190 4129 2339 4184 mitis
2368 4138 2423 4183 et
2466 4130 2688 4184 humilis
2720 4129 2957 4193 Domini,
2987 4128 3052 4184 da
3099 4126 3243 4197 quod
3275 4125 3452 4196 posci-

1859 4231 1946 4278 tur
1993 4229 2050 4277 et
2097 4221 2151 4275 in
2187 4235 2319 4288 pace
2363 4221 2748 4291 procedamus.
2801 4219 2954 4274 Alias
2986 4233 3108 4274 cum
3162 4232 3338 4273 essem
3391 4217 3446 4272 in

1856 4320 2042 4367 sancta
2074 4309 2318 4377 civitate,
2345 4310 2498 4365 venit
2519 4311 2586 4364 ad
2621 4325 2709 4366 me
2739 4309 2914 4366 bonus
2948 4307 3216 4380 quispiam
3243 4306 3446 4362 Christi

1859 4409 2091 4465 amator,
2133 4401 2322 4457 dicens
2351 4419 2366 4457 :
2395 4401 2662 4469 Quoniam
2692 4401 2763 4457 ob
2802 4415 3026 4472 parvam
3072 4398 3438 4455 offensiuncu-

173 4479 411 4548 λάλησον
441 4479 609 4548 αὐτῷ.
651 4480 792 4548 Ἐγὼ
825 4481 882 4534 δὲ
941 4481 1078 4551 μετὰ
1123 4485 1298 4552 χαρᾶς
1347 4484 1639 4555 δεξάμενος
1683 4491 1752 4543 τὸε

1878 4495 1981 4548 lam
2019 4507 2118 4562 ego
2153 4501 2208 4545 et
2248 4491 2375 4546 talis
2421 4490 2592 4546 frater
2628 4506 2780 4546 meus
2827 4490 3056 4546 invicem
3101 4487 3444 4552 dissidemus,

173 4568 360 4637 λόγον.
385 4570 478 4622 καὶ
500 4569 735 4634 καλέσας
756 4571 1096 4653 τδνκὰδελφδν
1121 4572 1307 4639 αὐτοῦ,
1338 4575 1574 4646 ἐλάλησα
1603 4578 1752 4649 αὐτῷ

175 4660 522 4713 συντείνοντα
564 4663 642 4723 είς
683 4662 920 4732 ἀγάπην·
963 4664 1057 4717 καὶ
1099 4663 1243 4728 ἔδοξε
1296 4666 1394 4735 μὲν
1440 4669 1742 4723 πείθεσθαι·

174 4750 405 4822 ὕστερον
442 4751 499 4804 δὲ
530 4751 678 4819 λέγει
716 4769 824 4822 μοι’
855 4755 929 4806 Οὐ
955 4755 1188 4825 δύναμαι
1216 4756 1569 4827 διαλλαγῆναι
1603 4759 1749 4830 αὐτῷ

173 4839 263 4917 ὅτι
296 4837 488 4907 ὤμοσα
518 4839 598 4902 είς
641 4839 731 4892 τὸν
762 4843 1016 4912 σταυρόν.
1078 4845 1218 4912 Ἐγὼ
1259 4847 1314 4899 δὲ
1363 4847 1753 4917 ὑπομειδιάσας

174 4922 335 4980 εἶπον
370 4928 540 4998 αὐτῷ·
578 4929 637 4982 '0
685 4930 849 4998 ὅρκος
894 4947 988 4983 σου
1032 4935 1287 5004 τοιαύτην
1333 4935 1562 5007 δύναμιν
1615 4938 1750 5009 ἔχει,

175 5017 261 5068 ὅτι
285 5017 376 5069 M‘z
397 5017 488 5069 τὸν
515 5018 694 5087 τίμιον
711 5021 949 5090 ’σταυρὸν
979 5022 1037 5074 οὐ
1061 5023 1134 5092 μὴ
1167 5025 1388 5091 φυλάξω
1413 5026 1509 5090 τὰς
1541 5029 1761 5092 ἐντολάς

179 5123 299 5160 σου·
324 5108 458 5162 ἀλλὰ
473 5110 541 5162 τὸ
563 5111 774 5181 θέλημα
795 5112 890 5165 τοῦ
914 5114 1112 5184 ἐχθροῦ
1134 5116 1224 5168 τοῦ
1250 5117 1496 5172 διαϐόλου
1525 5121 1757 5192 ποιήσω.

176 5199 294 5254 Καὶ
320 5199 425 5272 γὰρ
456 5202 514 5253 οὐ
556 5203 715 5273 μόνον
748 5206 847 5256 οὐκ
877 5203 1073 5275 ὤφειλε
1105 5209 1300 5278 στῆσαι
1326 5210 1385 5262 τὸ
1421 5212 1609 5275 κακῶς
1647 5215 1762 5282 ὁρι-

180 5290 310 5345 σθὲν
337 5293 426 5362 ὑφ’
454 5295 632 5364 ἡμῶν,
678 5295 812 5348 ἀλλά
844 5300 940 5349 καὶ
967 5290 1169 5366 μᾶλλον
1201 5304 1483 5370 μετανοεῖν
1515 5305 1609 5356 καὶ
1643 5305 1759 5357 θλί-

181 5381 373 5436 ϐεσθαι
421 5385 506 5452 ἐφ’
551 5379 632 5448 οἷς
687 5387 872 5450 κακῶς
925 5389 1219 5459 όριζόμεθα
1263 5391 1525 5455 ἑαυτοὺς,
1577 5394 1761 5458 καθώς

189 5486 356 5540 φησιν
385 5473 414 5535 ό
443 5473 697 5544 θεοφόρος
727 5476 1024 5542 Βασίλειος·
1073 5497 1092 5529 ι
1125 5479 1235 5531 Καὶ
1269 5479 1378 5550 γὰρ
1425 5480 1670 5550 Ἡρώδης
1712 5485 1761 5536 εἰ

200 5561 494 5632 μετενόησε
524 5564 618 5616 καὶ
657 5563 733 5634 μὴ
771 5564 964 5637 ἔστησε
990 5566 1082 5620 τὸν
1122 5567 1284 5640 ὅρκον
1315 5568 1480 5623 αὑτοῦ
1506 5608 1520 5633 ,
1550 5572 1653 5624 οὐκ
1695 5573 1760 5626 ἂν

258 5749 283 5782 ⁸
306 5751 409 5810 lsa.
444 5771 479 5821 ι,
514 5755 566 5810 6.
642 5759 663 5796 ⁷
689 5756 876 5815 Μλίιιιι.
912 5776 987 5828 vt,
1016 5761 1105 5816 ‘Zl.
1183 5761 1203 5795 ⁸
1237 5762 1278 5816 Il
1311 5761 1660 5831 Pctr.n,19.

1857 4582 1941 4650 egi
1975 4589 2031 4635 ut
2073 4581 2550 4636 reconciliaremur
2577 4598 2591 4635 :
2622 4583 2717 4637 sed
2752 4581 2841 4636 ille
2873 4581 3178 4647 recusavit;
3219 4593 3329 4648 pne
3359 4592 3450 4632 se-

1853 4688 1959 4744 que
2002 4673 2126 4738 fert,
2179 4672 2319 4726 nolle
2366 4673 2433 4726 de
2480 4683 2679 4728 caetero
2732 4672 2913 4728 redire
2964 4686 3176 4727 mecum
3230 4671 3284 4725 in
3331 4682 3448 4741 gra-

1858 4763 1988 4816 tiam
2023 4779 2038 4816 :
2071 4777 2169 4817 oro
2195 4772 2269 4828 te,
2302 4759 2485 4827 Pater,
2528 4772 2588 4816 ut
2619 4776 2740 4816 eum
2772 4762 3077 4830 alloquens,
3105 4761 3344 4816 adducas
3374 4760 3444 4815 ad

1864 4853 2002 4906 iram
2062 4852 2465 4921 deponendam.
2517 4853 2746 4923 Suscepi
2799 4852 2974 4907 libens
3029 4853 3343 4921 negotium,
3397 4860 3454 4906 et

1865 4950 2060 4996 vocato
2091 4940 2260 4996 fratre
2299 4942 2410 5007 illo,
2453 4941 2565 4997 dixi
2615 4957 2737 5012 qua:
2781 4951 3083 5010 opportuna
3135 4941 3454 4996 viderentur

1862 5031 1929 5084 ad
1967 5032 2013 5086 ei
2066 5033 2502 5102 persuadendam
2538 5048 2725 5103 pacem
2771 5041 2827 5088 et
2869 5032 3206 5087 charitatem-
3240 5041 3338 5087 :et
3372 5031 3455 5086 vi-

1864 5121 2097 5178 debatur
2125 5127 2493 5194 acquiescere.
2537 5126 2806 5182 Caeterum
2834 5125 3071 5194 excepit
3101 5141 3116 5178 :
3145 5123 3290 5178 haud
3329 5137 3453 5179 esse

1863 5213 1965 5267 sibi
1999 5214 2207 5269 licitum
2248 5219 2586 5293 reconciliari
2632 5218 2812 5282 fratri,
2847 5217 2974 5286 quia
3005 5231 3103 5286 per
3133 5230 3348 5270 crucem
3371 5215 3454 5284 ju-

1864 5315 2061 5369 rasset,
2110 5321 2170 5360 se
2214 5323 2492 5376 nunquam
2539 5309 2593 5363 in
2642 5308 2696 5362 id
2755 5321 3170 5363 consensurum.
3220 5305 3303 5360 Ad
3348 5306 3453 5360 hoc

1863 5409 1963 5464 ego
2007 5396 2301 5452 subridens
2327 5398 2440 5452 dixi
2480 5417 2493 5453 :
2529 5399 2704 5455 Tuum
2729 5399 3092 5468 iuramentum
3145 5397 3303 5450 talem
3339 5395 3449 5450 vim

1863 5486 2023 5541 habet
2051 5502 2115 5543 ac
2156 5492 2202 5544 si
2244 5491 2493 5547 diceres:
2525 5491 2626 5548 Per
2653 5491 3037 5561 crucemjuro,
3084 5487 3318 5552 Christe,
3363 5502 3454 5544 me

1865 5590 2145 5647 nunquam
2192 5578 2610 5637 observaturum
2656 5583 2910 5639 mandata
2961 5588 3052 5636 tua
3089 5597 3104 5635 :
3136 5578 3231 5637 sed
3262 5575 3453 5639 volun.
