4114 6450
103 387 242 456 1693
1550 389 1705 450 ALLI

1806 387 1950 450 UIA.
3232 383 3370 452 1694

98 504 190 557 διὰ
215 500 325 556 τῶν
371 499 548 572 εὐχῶν
577 494 739 555 αὐτοῦ
790 495 942 552 ἴασαι
992 510 1079 567 με·
1119 491 1324 559 εὐθέως
1369 494 1560 568 ἰάθην·
1591 497 1686 552 καὶ

1806 495 1927 552 lieis
1954 511 1969 550 :
1995 495 2133 550 Amo
2185 502 2257 558 te,
2300 501 2353 549 et
2393 491 2592 560 credo;
2645 493 2786 563 quod
2831 494 2875 549 si
2914 494 3205 565 quidpiam’
3223 495 3371 550 acci-

97 592 270 647 ταῦτα
302 591 401 663 μιν
434 592 570 664 πρὸς
592 590 683 646 τὸν
714 587 960 658 ἀδελφόν.

1806 586 1926 642 Ierit
1977 587 2072 641 tibi
2117 586 2434 655 displicens,
2468 599 2573 639 non
2603 587 3003 654 perseverabis.
3036 587 3152 656 Ego
3186 596 3366 640 autem

98 683 361 751 quidquid
401 698 432 735 a
475 691 526 736 te
562 681 757 750 patiar,
786 693 890 733 non
931 688 1121 747 potero
1161 676 1339 733 divelli
1372 675 1440 731 ab
1485 689 1671 731 amore
1735 677 1833 731 tui.
1879 676 2042 732 Plena
2086 676 2238 731 cordi
2330 685 2421 730 tuo
2467 674 2610 731 facta
2655 677 2787 731 lides
2827 687 2934 741 est,
2979 677 3116 732 nihil
3158 692 3244 731 me
3291 677 3370 730 la—

100 776 274 830 tuisse
296 788 481 828 eorum
512 787 628 839 mne
655 779 842 824 contra
874 785 959 824 me
981 769 1185 826 dixisti.
1215 768 1354 835 Quin
1395 775 1450 822 et
1523 767 1777 822 distincte
1844 769 2096 836 cognovi,
2131 782 2272 838 quae,
2345 767 2460 832 ubi,
2500 767 2717 836 quibus,
2762 766 3059 821 eii‘utiveris
3108 755 3368 835 quincun-

99 882 208 937 que
256 868 310 921 in
357 880 443 919 me
484 863 791 928 blaterasti;
844 874 1116 929 nunquam
1193 867 1374 912 tamen
1449 857 1742 927 quidquam
1785 859 2032 928 opposui,
2064 868 2157 912 aut
2187 857 2322 912 falsa
2374 871 2496 912 esse
2533 870 2654 925 quae
2691 855 2906 911 diceres
2937 854 3220 909 afﬁrmavi.
3260 853 3371 908 Ne-

63 952 209 1025 ’que
267 956 409 1009 ullus
463 955 592 1006 mihi
653 953 980 1022 persuadere
1035 950 1338 1019 quantasvis
1395 949 1676 1020 gravitatis
1746 960 1939 1006 auctor
1987 953 2184 1020 potuit,
2237 960 2294 1006 ut
2329 950 2416 1005 vel
2473 949 2697 1003 verbum
2767 949 3059 1003 adversum
3109 958 3158 1002 te
3193 948 3373 1002 hisce-

101 1067 242 1106 rem.
275 1051 318 1104 E
352 1047 628 1102 contrario
653 1047 759 1100 dixi
791 1046 1041 1100 omnibus
1065 1046 1130 1097 de
1173 1055 1224 1099 te
1255 1063 1269 1098 :
1301 1045 1433 1110 Quae
1471 1045 1600 1098 dicit
1627 1058 1754 1099 vera
1793 1051 1939 1099 sunt.
1971 1043 2138 1114 quue
2163 1044 2265 1100 feci
2307 1060 2373 1108 ex
2400 1058 2529 1098 vera
2557 1042 2633 1097 tui
2673 1043 2940 1096 eharitate
2967 1051 3026 1095 ιιι
3071 1042 3164 1096 tibi
3201 1043 3372 1108 prati-

103 1149 321 1210 ﬁcarer,
360 1155 516 1212 teque
551 1151 608 1196 ut
660 1143 892 1195 amicum
961 1154 1140 1194 meum
1227 1139 1468 1207 mihique
1509 1139 1893 1194 charissimum
1925 1140 2106 1195 colere
2135 1150 2193 1194 ut
2233 1153 2484 1208 ceperam
2561 1151 2866 1208 pergerem.
2903 1131 3090 1204 Neque
3134 1147 3370 1204 unquam

101 1239 313 1296 cessavi
368 1235 637 1290 recordari
689 1235 764 1288 tui
812 1235 864 1287 in
949 1233 1083 1286 meis
1129 1232 1507 1297 orationibus,
1561 1241 1616 1287 et
1659 1243 1719 1287 ut
1791 1234 2026 1291 indicent
2094 1235 2530 1305 experimentum
2595 1246 2855 1286 arcanum
2917 1230 3078 1284 istius
3132 1243 3259 1297 erga
3322 1235 3374 1281 te

99 1325 506 1397 perseverantis
550 1326 601 1379 in
641 1339 726 1378 me
756 1323 1037 1377 charitatis
1082 1342 1095 1376 :
1131 1337 1254 1376 cum
1297 1323 1588 1393 aliquando
1619 1325 1925 1380 vehementi
1971 1325 2158 1380 dolore
2199 1339 2426 1379 vexarer
2493 1322 2660 1386 oculi,
2734 1335 2943 1376 memor
2993 1319 3068 1374 tui
3141 1317 3370 1373 formavi

101 1421 286 1476 crucis
325 1421 539 1489 signum
582 1433 746 1488 super
785 1426 991 1484 partem
1035 1416 1400 1479 laborantem,
1424 1429 1479 1470 et
1513 1417 1622 1472 dixi
1660 1440 1674 1474 :

1721 1420 1947 1475 Domine
1987 1419 2112 1476 Jesu
2184 1421 2422 1485 Christe,
2465 1434 2560 1490 per
2598 1432 2790 1488 preces
2863 1415 3034 1486 ipsius
3083 1429 3212 1470 sana
3245 1428 3371 1478 me;

100 1522 156 1569 et
191 1512 378 1566 statim
430 1520 654 1565 sanatus
699 1524 839 1564 sum.
887 1509 954 1564 Et
995 1509 1107 1566 hare
1153 1509 1369 1577 quidem
1413 1510 1484 1564 illi
1525 1511 1676 1566 fratri
1722 1523 1849 1568 tunc
1879 1514 2012 1568 dixi.

174 1604 258 1657 0'.
309 1603 616 1674 Ἑμέμνητο
643 1602 697 1654 δὲ
722 1603 749 1653 6
781 1602 1048 1671 μακάριος
1077 1604 1220 1666 τινὸς
1251 1603 1681 1673 ἀπαγγείλαντος

102 1695 273 1748 αὑτὸν
310 1695 393 1748 ὅτι
435 1689 579 1762 εῖχεν
608 1690 783 1745 ὰσϐᾶν
813 1692 954 1746 πάνυ
1001 1693 1322 1764 πραότατον.
1359 1694 1468 1747 Καὶ
1499 1693 1686 1761 ἔλεγεν

1865 1604 1955 1659 IX.
1998 1601 2333 1660 Memorabat
2373 1604 2514 1658 idem
2544 1601 2737 1656 beatus
2763 1602 3048 1670 quemdam
3078 1599 3180 1656 sibi
3221 1611 3376 1655 retu-

1792 1697 1942 1762 lisse,
1979 1696 2234 1751 habuisse
2272 1710 2332 1750 se
2373 1694 2621 1749 abbatem
2651 1707 2813 1762 supra
2847 1699 3064 1746 modum
3099 1691 3286 1745 mitem
3320 1699 3378 1746 et

100 1787 188 1840 ὅτι
231 1784 320 1839 διὰ
355 1783 454 1855 τὴν
491 1782 734 1854 μεγάλην
765 1783 931 1836 αὑτοῦ
963 1784 1163 1854 ἀρετὴν
1196 1785 1289 1838 καὶ
1317 1783 1385 1837 τὰ
1423 1787 1625 1855 σημεῖα
1652 1783 1690 1838 ἃ

1806 1785 2309 1843 nansuetissimum.
2372 1783 2723 1852 Addebatque
2776 1821 2791 1846 ,
2841 1791 3064 1850 propter
3116 1782 3377 1835 eximiam

103 1878 273 1941 ποιεῖ,
300 1873 444 1946 εἶχεν
469 1875 628 1928 αὑτὸν
648 1873 745 1944 ὅλη
769 1876 801 1946 ὴ
835 1873 986 1945 χώρα
1011 1875 1085 1938 ὡς
1107 1875 1336 1943 ἄγγελον
1359 1875 1520 1928 Θεοῦ.
1549 1875 1689 1930 flore

102 1965 202 2024 οὗν
231 1967 544 2038 ὲνεργηθεες
585 1983 668 2027 τις
709 1966 813 2018 ὑπὸ
839 1966 933 2019 τοῦ
967 1965 1163 2036 ἐχθροῦ
1193 1965 1364 2019 ἐλθὼν
1401 1965 1688 2036 ἐξύϐρισεν

105 2057 275 2112 αὑτὸν
305 2057 569 2126 ἐσχάτως,
593 2056 812 2108 πάντων
843 2057 1171 2127 ἱσταμένων.
1200 2057 1407 2110 καὶτοῦ
1438 2058 1692 2128 γέροντος

107 2149 425 2218 στήκοντος,
455 2149 546 2201 καὶ
576 2148 935 2217 προσέχοντος
961 2149 1038 2210 εἰς
1069 2147 1128 2200 τὸ
1153 2147 1328 2218 στόμα
1365 2149 1529 2201 αὑτοῦ
1553 2189 1567 2212 ,
1599 2149 1693 2201 καὶ

103 2240 397 2306 λέγοντος·
448 2239 622 2308 Χάρις
656 2238 790 2292 Θεοῦ
843 2240 922 2302 εἰς
962 2238 1020 2290 τὸ
1076 2239 1249 2308 στόμα
1295 2257 1418 2302 σου,
1457 2241 1690 2307 ἀδελφέ.

119 2331 361 2384 Ἐκεινου
404 2331 459 2384 δὲ
513 2331 836 2400 μαινομένου
882 2332 976 2382 καὶ
1027 2330 1296 2398 λέγοντος·
1335 2330 1464 2393 Ναὶ,
1521 2330 1692 2398 φαῦλε

105 2421 432 2492 φαγοπόλιε,
453 2421 620 2474 ταῦτα
648 2420 826 2488 λέγεις
857 2421 945 2474 ἵνα
973 2421 1131 2491 δόξῃς
1173 2423 1346 2490 πρᾶος
1377 2420 1686 2488 φαίνεσθαι·

104 2514 262 2581 λέγει
293 2516 320 2566 6
354 2514 558 2582 γέρων·
597 2514 802 2575 Ὄντως
833 2513 861 2564 ὃ
900 2512 1101 2580 λέγεις,
1130 2513 1326 2579 ἀδελφέ
1363 2529 1486 2581 μου,
1519 2513 1692 2581 άληθῆ

106 2605 313 2671 λέγεις.
338 2604 491 2655 Μετὰ
518 2600 688 2656 ταῦτά
709 2615 792 2656 τις
813 2604 1097 2673 ἠρώτησεν
1121 2603 1282 2656 αὑτὸν
1304 2603 1498 2670 λέγων·
1534 2604 1693 2672 Ἀρτι

105 2695 218 2748 οὐκ
262 2693 619 2764 ἐταράχθης,¹
658 2679 960 2761 καλόγερε;
1016 2695 1124 2746 Καὶ
1162 2694 1335 2762 λέγει·
1391 2693 1507 2747 Οὔκ
1531 2734 1545 2755 ,
1581 2694 1693 2747 ἀλλ’

106 2785 289 2847 οὕτως
321 2785 570 2856 ᾐσθόμην
605 2787 704 2854 τὴν
751 2785 928 2856 ψυχήν
963 2802 1063 2854 μου
1093 2824 1106 2849 ,
1136 2785 1211 2846 ὠς
1261 2786 1365 2838 ὑπὸ
1391 2785 1525 2838 Θεοῦ
1571 2802 1696 2838 axe-

110 2875 381 2945 mpéqu.
417 2875 528 2928 Καὶ
571 2875 756 2944 ἔλεγεν
795 2879 823 2930 6
863 2876 1152 2947 μακάριος·
1193 2877 1440 2947 Ἀληθῶς
1487 2876 1691 2945 ὀφείλει

106 2984 201 3031 τις
222 2969 567 3038 εὐχαριστεῖν
597 2969 706 3027 τοῖς
738 2967 1023 3030 τοιούτοις.

190 3227 251 3285 1'.
305 3229 494 3297 Ἔλεγε
542 3228 705 3282 πάλιν
745 3230 772 3282 6
823 3230 1120 3300 μακάριος,
1149 3228 1228 3280 ὅτι
1277 3229 1467 3291 Ὄντος
1510 3245 1612 3298 μου
1643 3231 1701 3282 ὲν

117 3322 472 3396 μοναστηρίῳ
502 3323 558 3374 ἐν
582 3321 881 3393 Τύρῳεπρὸ
925 3321 1018 3374 τοῦ
1053 3319 1288 3386 ἐξελθεῖν
1321 3337 1408 3391 με,
1461 3319 1704 3389 παρέὅαο

112 3415 210 3467 λεν
244 3414 373 3483 ἡμῖν
419 3430 502 3475 τις
542 3413 720 3482 γέρων
759 3413 1048 3480 ἐνάρετος·
1078 3412 1172 3464 καὶ
1216 3411 1704 3479 ἀναγινωσκόντων

119 3501 284 3573 ἡμῶν
333 3506 414 3563 εἰς
457 3501 526 3552 τά
577 3501 979 3570 ἀποφθέγματα
1031 3500 1138 3553 τῶν
1186 3501 1360 3568 ἁγίων
1406 3501 1701 3570 γερόντιον·

116 3593 315 3663 ἠγάπα
347 3593 402 3644 δὲ
428 3595 455 3645 ὀ
499 3593 770 3662 μακάριος
801 3592 1032 3644 πάντοτε
1060 3591 1372 3662 διέρχεσθαι
1403 3590 1565 3652 αὐτὰ,
1609 3591 1702 3642 καὶ

119 3681 312 3751 σχεδὸν
345 3679 557 3732 ἔπνεεν·
602 3680 722 3742 ὅθεν
762 3680 857 3730 καὶ
896 3679 954 3741 ἐξ
989 3679 1166 3730 αὐτῶν
1207 3677 1569 3744 ἐκαρπώσατο
1600 3679 1706 3731 πᾶ-

119 3786 223 3822 σαν
257 3769 477 3838 ἀρετήν.
502 3819 504 3822 ,
529 3767 657 3819 Ὅτε
690 3765 924 3836 ἤλθομεν
964 3770 1042 3829 εἰς
1087 3767 1179 3819 τὸν
1228 3768 1459 3836 γέροντα
1499 3769 1707 3820 ἐκεῖνον

117 3860 265 3930 πρὸς
309 3859 365 3910 ὃν
419 3857 665 3926 ἀπῆλθον
700 3859 747 3910 οἱ
782 3857 1011 3928 λῃσταὶ,
1070 3859 1167 3910 καὶ
1209 3855 1366 3912 εἷπον
1421 3858 1590 3928 αὐτῷ,
1625 3860 1706 3912 ὅτι

119 3951 310 4004 Πάντα
337 3949 405 4002 τὰ
429 3952 486 4002 ὲν
508 3952 574 4018 τῇ
600 3939 768 4019 κέλλῃ
801 3965 897 4000 σου
922 3948 1108 4000 λαϐεῖν
1137 3948 1384 4019 θέλομεν·
1421 3951 1514 4003 καλ⁵
1540 3951 1706 4003 αὑτοῦ

121 4040 396 4103 εἰπόντος·
435 4041 577 4092 Ὅσα
609 4040 674 4091 ἂν
707 4038 838 4108 δοκῇ
873 4040 1020 4108 ὑμῖν,
1043 4034 1230 4102 τέκνα,
1267 4039 1484 4091 λάὸετε·
1516 4040 1709 4093 ἐλαόον

119 4131 182 4183 δὲ
226 4130 404 4182 πάντα
445 4131 538 4180 καὶ
567 4128 828 4197 ἀπῆλθον’
864 4128 958 4180 καὶ
988 4128 1284 4179 κατέλιπον
1315 4127 1372 4180 ἓν
1413 4129 1704 4183 σκαλίδιον.

127 4220 198 4272 '0
229 4215 323 4273 οὖν
357 4218 537 4287 γέρων
567 4217 746 4269 λαϐὼν
782 4216 913 4270 αὐτὸ
953 4218 1255 4281 ὑπεδίωξεν
1307 4219 1483 4272 ὀπίσω
1531 4219 1709 4272 αὐτῶν

124 4309 268 4381 βοῶν
307 4310 402 4360 καὶ
429 4308 624 4374 λέγων·
659 4308 858 4371 Τέκνα,
893 4307 1090 4361 λάϐετε
1118 4308 1146 4360 ὂ
1169 4308 1522 4364 ἐπελάθεσθε.
1555 4311 1618 4362 Οἱ
1652 4310 1708 4364 δὲ

122 4402 507 4470 θαυμάσαντες
531 4400 621 4451 ἐπὶ
647 4399 972 4470 ἀνεξικακίᾳ
1002 4400 1096 4453 τοῦ
1158 4400 1434 4469 γέροντος,
1464 4401 1711 4454 ἀποκατ-

126 4494 373 4560 έστησαν
403 4491 580 4544 πάντα
603 4492 661 4542 ἐν
687 4490 763 4560 τῷ
791 4491 986 4560 κελλὶῳ
1014 4490 1312 4544 αὑτοῖνκαὶ
1344 4497 1712 4563 μετανοῆσαν·
1743 4484 1787 4540 1)

123 4600 221 4648 τες
249 4579 403 4636 εἷπον
431 4584 565 4653 πρὸς
593 4583 878 4652 ἀλλήλους⁹
921 4582 1158 4651 Ἀληθῶς
1180 4585 1206 4636 ὁ
1239 4583 1528 4654 ἄνθρωπος
1557 4579 1717 4650 οὗτος

125 4674 228 4727 τοῦ
269 4673 404 4726 Θεοῦ
441 4676 611 4727 ἐστιν.
672 4674 754 4736 Ὠς
791 4666 1108 4742 ἀνέγνωμεν
1147 4675 1334 4740 τοῦτο,
1380 4676 1530 4744 λέγει
1562 4678 1590 4730 6
1617 4678 1712 4744 γέ-

131 4779 267 4835 ρων·
303 4761 484 4830 Οἷδας,
519 4765 662 4817 άῦϐᾶ
691 4783 817 4833 μου·
850 4765 1008 4838 τοῦτο
1038 4765 1096 4818 τὸ
1113 4766 1444 4837 ἀπόφθεγμα
1476 4769 1618 4833 πάνυ
1647 4785 1715 4838 με

127 4856 401 4924 (ἱμέέλησε.
431 4858 586 4924 Λέγω
616 4856 782 4926 αὐτῷ·
831 4859 974 4920 Πῶς,
1021 4859 1231 4928 Πάτερ;
1273 4861 1381 4911 Καὶ
1417 4858 1562 4926 λέγει
1603 4873 1714 4930 μοι·

134 4946 276 5000 hers
309 4946 459 5008 ὄντος
493 4963 594 5016 μου
624 4949 680 4998 ὲν
711 4951 820 5011 τοῖς
865 4949 1048 5011 τόποις
1088 4949 1228 5002 κατὰ
1267 4951 1358 5002 τὸν
1409 4950 1708 5021 Ἰορδάνην,

131 5038 377 5106 ἀνέγνων
406 5037 582 5102 τοῦτο,
615 5039 708 5092 καὶ
735 5038 1042 5108 ἐθαύμαζον
1064 5041 1153 5092 τὸν
1185 5041 1441 5112 γέροντα·
1473 5045 1570 5095 καὶ
1596 5042 1712 5095 ἔλε-

131 5146 254 5199 γον·
292 5131 461 5202 Κύριε
487 5172 501 5196 ,
534 5133 767 5196 ἀξίωσον
808 5151 873 5204 με
916 5136 1035 5186 κατ’
1069 5136 1213 5205 ἴχνος
1244 5140 1452 5192 τούτων
1486 5140 1713 5193 ἀκολου-

134 5224 272 5288 θεῖν,
300 5225 327 5277 6
356 5223 702 5290 καταξιώσας
738 5243 802 5294 με
834 5228 914 5289 εἰς
949 5227 1134 5296 σχῆμα
1164 5229 1342 5282 αὐτῶν
1377 5231 1571 5285 ἐλθεῖν.
1625 5233 1721 5296 Ὠς

135 5317 232 5373 οὖν
266 5313 410 5388 εἶχον
439 5318 528 5372 τὸν
559 5319 720 5372 πόθον
749 5320 960 5382 τοῦτον,
993 5322 1132 5389 μετὰ
1159 5320 1254 5376 δύο
1282 5325 1495 5393 ἡμέρας
1518 5324 1715 5398 λῃσταὶ

135 5409 523 5478 παρεγένοντο·
571 5409 667 5460 καὶ
713 5409 835 5459 ἐπεὶ
891 5407 1160 5480 ἔκρουσαν
1217 5412 1315 5480 τὴν
1375 5412 1567 5482 θύραν,
1620 5415 1714 5467 καὶ

137 5498 311 5566 ἔγνων
359 5500 440 5551 ὅτι
484 5497 676 5570 λῃσταί
714 5500 873 5560 εἰσιν,
923 5493 1079 5550 εἷπον
1123 5501 1370 5571 ἐμαυτῷ·
1418 5505 1591 5574 Χάρις
1640 5505 1714 5571 τῷ

138 5587 278 5657 Θεῷ,
320 5589 427 5642 ἰδοὺ
460 5590 648 5657 καιρὸς
677 5587 1018 5653 ἐνδείξασθαι
1042 5591 1133 5643 τὸν
1155 5594 1366 5661 καρπον
1396 5593 1487 5646 τοῦ
1522 5595 1711 5650 πόθου.

153 5680 393 5748 ’Δνοίξας
416 5681 682 5753 ἐδεξάμην
705 5683 900 5746 αὐτοὺς
931 5683 1068 5753 μετὰ
1099 5683 1424 5755 ἱλαρότητος·
1459 5687 1548 5738 καὶ
1575 5686 1716 5755 ἅψας

140 5767 335 5848 λύχνον
375 5770 627 5844 ἠρξάμην
657 5773 924 5830 δεικνύειν
947 5775 1128 5839 αὐτοῖς
1167 5776 1233 5829 τὰ
1266 5775 1590 5849 πράγματα,
1627 5777 1712 5831 λέ-

1793 1877 1908 1947 ejus
1953 1878 2208 1932 virtutem
2269 1886 2321 1931 et
2362 1877 2516 1945 signa
2563 1887 2683 1943 quae
2724 1871 2998 1938 faciebat,
3053 1871 3298 1928 habitum
3345 1886 3375 1924 a

1793 1970 2004 2024 cunctis
2045 1983 2143 2038 per
2179 1977 2345 2022 totam
2384 1968 2530 2020 illam
2562 1965 2840 2041 regionem
2888 1973 2946 2016 ut
2978 1963 3228 2043 angelum
3260 1963 3374 2017 Dei.

1793 2059 2102 2131 Aliquando
2149 2061 2312 2129 igitur
2361 2057 2654 2112 instinctus
2697 2056 2966 2126 quispiam
3015 2070 3044 2108 a
3092 2055 3232 2109 malo
3266 2057 3378 2109 dte-

1796 2165 1956 2205 mone
1983 2150 2173 2203 adiens
2203 2163 2324 2202 eunt
2354 2146 2668 2202 fmdissimis
2700 2144 3005 2199 maledictis
3034 2153 3090 2198 et
3116 2144 3381 2199 conviciis

1796 2243 2076 2310 proscidit,
2131 2240 2316 2294 multis
2377 2238 2704 2303 astantibus,
2757 2250 2888 2291 sene
2943 2237 3060 2303 ipso
3106 2243 3282 2289 stante
3327 2245 3384 2290 et

1799 2334 1934 2386 lixos
1977 2331 2030 2385 in
2065 2345 2162 2384 ore
2192 2329 2441 2384 maledici
2485 2313 2673 2383 oculos
2725 2334 2948 2381 tenente
2972 2367 2986 2388 ,
3017 2325 3378 2395 dicenteque:

1797 2422 1982 2478 Gratia
2019 2423 2110 2476 Dei
2149 2422 2272 2476 beet
2317 2436 2379 2474 os
2438 2430 2586 2472 tuum
2642 2418 2828 2472 frater.
2874 2416 2969 2470 Illo
3001 2426 3182 2471 autem
3230 2416 3383 2470 tanto

1799 2514 1970 2582 magis
2017 2512 2199 2567 furere
2256 2521 2534 2580 pergente,
2564 2524 2652 2584 ac
2705 2492 2916 2562 Jicente
2948 2524 2960 2560 :
2989 2505 3238 2561 Profecto
3290 2522 3385 2561 ne-

1798 2621 1958 2676 quam
1991 2613 2044 2659 et
2076 2619 2239 2657 vorax
2276 2601 2532 2665 seniculc,
2575 2601 2678 2655 hoc
2717 2599 2857 2653 dicis
2898 2608 2955 2652 ut
3003 2599 3237 2653 videaris
3285 2596 3387 2650 mi-

1800 2697 1890 2748 tis.
1934 2693 2233 2761 Respondit
2280 2706 2447 2745 senex
2484 2707 2497 2744 :
2535 2690 2607 2744 lta
2658 2700 2742 2744 est
2783 2698 2841 2740 ut
2887 2688 2990 2749 ais,
3027 2686 3212 2738 frater.
3256 2686 3386 2739 Post

1801 2785 1915 2838 haec
1945 2783 2297 2850 interrogavit
2337 2780 2602 2849 quispiam
2639 2781 2813 2848 ipsum
2849 2795 2861 2830 :
2892 2776 3006 2829 Non
3051 2791 3110 2829 es
3139 2775 3386 2830 turbatus

1799 2873 1917 2927 haec
1961 2873 2206 2938 audiens,
2251 2871 2394 2926 bone
2435 2868 2728 2926 senex?Et
2757 2869 3073 2938 respondit:
3101 2866 3241 2932 Non,
3289 2867 3388 2922 sed

1803 2965 2108 3022 Sentiebam
2141 2979 2264 3018 cum
2304 2973 2465 3030 gustu
2509 2959 2700 3024 intimo
2730 2961 2968 3014 animam
3012 2977 3184 3014 meam
3226 2958 3384 3024 quasi

1804 3057 1915 3111 Deo
1938 3056 2108 3124 ipsam
2134 3055 2347 3108 fovente
2379 3061 2704 3121 protectam.
2731 3050 2798 3104 Et
2827 3051 2962 3104 dixit
2988 3052 3177 3105 beatus
3202 3067 3217 3103 :
3248 3048 3390 3104 Vere

1725 3127 1768 3184 (ἶ
1805 3146 1967 3200 debet
1993 3144 2114 3213 quis
2150 3142 2354 3212 gratias
2376 3157 2538 3211 agere
2569 3155 2666 3209 pro
2701 3141 2921 3195 talibus.

1875 3234 1942 3289 Χ.
1987 3235 2133 3289 Dixit
2163 3247 2348 3286 rursus
2387 3231 2615 3286 beatus:
2651 3230 2785 3284 Cum
2815 3245 2991 3285 essem
3027 3230 3077 3282 in
3116 3239 3393 3283 monastec

1809 3331 1886 3382 rio
1921 3327 2062 3396 quod
2115 3333 2199 3380 est
2252 3324 2390 3393 apud
2423 3323 2652 3392 Tyrum,
2702 3329 2988 3391 antequam
3030 3323 3260 3389 exirem,
3299 3336 3393 3374 su-

1806 3412 2050 3490 pervenit
2083 3417 2237 3471 nobis
2277 3428 2443 3469 senex
2496 3413 2678 3467 multae
2724 3413 2938 3469 virtutis
2975 3413 3116 3469 forte
3163 3412 3392 3484 legenti-

1809 3510 1909 3562 bus
1968 3505 2272 3561 sententias
2328 3503 2576 3568 Patrum,
2609 3521 2715 3575 qua
2775 3506 2864 3561 ille
2920 3507 3111 3560 beatus
3161 3505 3392 3560 lectione

1809 3596 2098 3665 plurimum
2133 3594 2525 3657 delectabatur,
2555 3596 2845 3649 identidem
2885 3595 3003 3649 illas
3036 3609 3389 3663 percurrens;

1809 3686 2051 3755 adeoque
2096 3684 2209 3738 fere
2242 3684 2378 3738 nihil
2423 3685 2524 3739 nisi
2577 3687 2878 3739 doctrinam
2927 3701 2993 3740 ex
3043 3687 3111 3739 iis
3143 3687 3394 3740 haustam

1809 3776 2022 3844 Spirans
2055 3792 2070 3829 :
2109 3773 2249 3828 unde
2299 3773 2634 3828 uberrimum
2681 3774 2915 3829 fructum
2959 3775 3179 3839 tulerat,
3222 3776 3396 3844 plena:

1812 3866 2015 3920 notitiae
2065 3865 2403 3936 perfectique
2474 3867 2721 3920 exercitii
2794 3867 3054 3921 virtutum
3127 3869 3392 3921 omnium.

1811 3954 2038 4020 Quando
2071 3965 2252 4009 autem
2283 3955 2335 4009 in
2372 3956 2462 4010 illo
2485 3956 2676 4011 codice
2702 3960 3049 4026 pervenimus
3075 3959 3303 4027 legendo
3327 3959 3393 4010 ad

1812 4046 1984 4100 locum
2015 4046 2102 4100 ubi
2140 4055 2470 4100 memoratur
2512 4061 2678 4101 senex
2725 4047 2812 4101 ille
2846 4048 2912 4102 ad
2948 4062 3108 4116 quem
3153 4047 3395 4101 latrones

1809 4147 2076 4192 venerunt
2110 4145 2163 4192 et
2187 4139 2441 4192 dixerunt
2473 4139 2572 4209 ipsi
2608 4153 2622 4192 :
2660 4137 2854 4194 Omnia
2897 4155 3015 4209 quae
3049 4139 3102 4193 in
3141 4139 3274 4194 cella
3307 4147 3395 4194 tua

1811 4237 1935 4282 sunt
1962 4229 2209 4282 volumus
2252 4227 2488 4284 auferre.
2545 4229 2662 4296 Quo
2693 4242 2942 4300 prompte
2986 4231 3390 4300 respondente:

1811 4319 1985 4386 Agite,
2031 4332 2125 4387 per
2158 4332 2242 4371 me
2274 4319 2420 4384 licet,
2463 4322 2606 4389 quod
2637 4320 2816 4384 vultis,
2871 4321 3002 4386 filii;
3058 4321 3130 4374 illi
3177 4329 3398 4376 strenue

1814 4411 2050 4464 corrasis
2107 4410 2375 4464 universis
2435 4412 2708 4465 abierunt.
2774 4412 2954 4466 Latuit
3011 4423 3188 4467 autem
3248 4415 3396 4481 ipsos

1816 4515 1981 4554 unum
2014 4501 2428 4554 instrumentqu
2473 4502 2734 4556 rusticum
2778 4503 3044 4567 sarculus,
3077 4518 3186 4573 quo
3227 4517 3395 4558 senex

1818 4589 1869 4643 in
1929 4605 2144 4654 manus,
2203 4598 2490 4659 postquam
2554 4592 2810 4658 advertit,
2860 4603 3098 4659 sumpto,
3155 4594 3400 4648 cucurrit

1816 4688 1938 4749 post
1977 4679 2214 4735 latrones
2249 4681 2490 4736 clamans
2533 4691 2586 4734 et
2637 4682 2860 4738 dicens:
2892 4684 3065 4737 Etiam
3111 4685 3212 4738 hoc
3254 4685 3400 4753 quod

1816 4786 1912 4827 vos
1950 4771 2123 4836 latuit,
2172 4772 2361 4827 tollite.
2417 4773 2497 4824 Illi
2543 4783 2725 4826 autem
2776 4775 3028 4828 admirati
3079 4776 3397 4844 patientiam

1816 4865 1980 4928 senis,
2012 4865 2302 4919 redeuntes
2350 4877 2707 4935 reposuerunt
2745 4868 2797 4921 in
2833 4869 3021 4922 cellula
3053 4883 3400 4939 quaecunque

1816 4955 2189 5020 abstulerant;
2230 4965 2282 5010 et
2314 4957 2440 5011 tacti
2477 4958 2800 5024 pmnitentia
2840 4959 3069 5012 invicem
3101 4959 3396 5015 dicebant:

1818 5044 1958 5100 Vere
2011 5048 2098 5101 hic
2135 5050 2294 5102 homo
2333 5048 2424 5102 Dei
2477 5059 2581 5102 est.
2623 5049 2736 5102 Hoc
2783 5065 2905 5104 cum
2942 5052 3280 5120 legissemus,
3321 5053 3401 5107 ait

1817 5152 1981 5193 senex
2013 5139 2131 5192 ille:
2163 5135 2330 5206 Scito,
2371 5140 2439 5193 nti
2466 5140 2624 5205 abba,
2655 5142 2756 5194 hoc
2791 5142 2920 5195 mihi
2959 5143 3082 5196 boni
3109 5141 3292 5198 Patris
3315 5144 3398 5197 di-

1817 5242 1959 5286 ctum
1987 5245 2040 5288 et
2077 5235 2276 5288 factum
2323 5235 2606 5303 insigniter
2637 5234 2929 5304 profuisse.
2962 5237 3266 5304 Quomodo,
3318 5240 3401 5292 iu-

1817 5338 1998 5392 quam,
2060 5323 2262 5378 Pater?
2320 5326 2382 5379 Et
2430 5325 2518 5379 ille
2567 5326 2798 5394 subjecit
2831 5346 2844 5382 :
2876 5329 3011 5383 Cum
3067 5337 3268 5384 essem‘
3297 5330 3401 5384 ali-

1818 5416 2033 5481 quando
2074 5415 2126 5468 in
2156 5415 2290 5469 locis
2323 5415 2388 5468 ad
2412 5413 2705 5469 Jordanem
2755 5431 2944 5471 recens
2972 5433 3000 5470 a
3034 5417 3264 5472 lectione
3297 5419 3402 5471 hu-

1812 5503 1901 5572 jus
1937 5507 2191 5573 exempli,
2237 5516 2292 5559 et
2336 5507 2526 5574 plenus
2570 5507 2932 5562 admiratione
2962 5508 3182 5562 virtutis
3228 5509 3396 5574 senis,

1818 5595 1947 5658 dixi,
1981 5596 2142 5651 Deum
2169 5611 2331 5651 orans
2363 5615 2375 5650 :
2412 5599 2638 5667 Dignare
2670 5612 2775 5662 me,
2815 5597 3060 5664 Domine,
3097 5599 3402 5656 imitatione

1823 5684 2010 5738 taliqu
2037 5686 2275 5751 Patrum,
2311 5701 2538 5753 quorum
2578 5685 2706 5738 mihi
2739 5685 3056 5739 concessisti
3093 5684 3398 5739 institutum

1820 5776 2058 5843 proliteri
2107 5793 2169 5829 ae
2206 5784 2423 5831 vesteut-
2458 5773 2702 5829 induere.
2760 5773 2883 5830 Post
2913 5773 3046 5831 duos
3081 5774 3196 5830 dies
3235 5788 3396 5846 quant
