4114 6458
716 377 846 438 1695
2023 374 2316 442 ZOSIM/E
2353 377 2666 439 ABBATIS
3801 373 3938 443 [635

709 492 761 544 in
793 504 858 545 eo
894 482 1161 546 desiderio
1191 489 1416 557 fueram,
1463 499 1728 546 venerunt
1774 490 1846 547 ad
1888 506 1975 548 me
2009 493 2271 548 latrones.

2401 508 2486 544 ’ων
2513 492 2718 555 αὐτοῖς’
2751 491 2842 564 Μὴ
2878 490 3214 564 θορυϐεῖσθε·
3253 491 3489 546 πιστεύω
3516 494 3576 544 ἐν
3605 492 3815 565 Κυρίῳ,
3851 496 3939 549 ὅτι

709 581 852 645 Quos
879 581 1148 650 pulsantes
1181 579 1427 648 januam,
1472 594 1591 634 cum
1631 582 1722 649 qui
1766 591 1948 636 essent
1989 585 2272 650 cognovis-

2402 587 2429 637 ὑ
2465 585 2537 655 μὴ
2572 584 2764 656 κρύψω
2799 584 2889 654 ἀφ’
2923 585 3075 655 ὑμῶν
3102 603 3176 639 τι.
3214 585 3325 638 Καὶ
3353 584 3578 651 λέγουσι
3602 600 3712 654 μοι·
3748 585 3939 655 Ἔχεις

708 687 845 733 sem,
876 672 983 725 dixi
1013 671 1140 724 mihi
1178 671 1276 739 ipsi
1309 690 1321 724 :
1353 671 1463 725 Deo
1499 672 1702 742 gratias
1731 691 1742 725 :
1779 687 1848 727 en
1881 681 2089 740 tempus
2121 686 2274 725 mon—

2408 675 2613 744 ρυσῐον;
2647 675 2803 744 Λέγω
2829 675 3027 738 αὐτοῖς·
3052 675 3179 737 Ναὶ,
3206 673 3313 744 ἔχω
3340 674 3464 745 τρία
3485 674 3814 743 νομίσματα.
3832 673 3941 728 Καὶ

709 762 914 814 strandi
945 760 1176 814 fructum
1211 762 1484 817 desiderii.
1538 764 1738 830 Aperto
1779 764 1942 834 igitur
1988 763 2129 818 ostio
2175 779 2270 817 ex-

2401 766 2558 834 pietis:
2597 767 2790 830 σκεῦος
2819 765 3128 835 ἔμπροσθεν
3153 765 3351 825 αὐτῶν,
3387 765 3480 818 καὶ
3515 763 3771 827 λαϐόντες
3802 762 3942 817 αὐτὰ

709 852 824 917 cepi
855 867 946 905 eos
971 851 1126 904 hilari
1162 852 1333 915 vultu,
1376 860 1431 906 et
1463 865 1688 907 accensa
1727 855 1946 907 candela
1981 855 2094 920 cepi
2121 869 2273 907 mon-

2401 857 2610 927 ,πῆλοον
2663 859 2777 926 μετ’
2823 859 3064 926 εἰρήνης.
3127 855 3269 924 Ἐγὼ
3319 855 3375 908 δὲ
3422 856 3939 926 χαριεντισάμενος,

711 956 882 996 strare
925 944 1053 1012 ipsis
1080 958 1164 996 res
1194 958 1382 998 omnes
1413 959 1576 1008 meas,
1605 945 1790 999 dicens
1820 985 1832 997 .
1861 943 1934 1000 Ne
1964 943 2219 999 dubitetis
2255 962 2269 998 :

2401 941 2528 998 ηἷπον
2569 946 2706 1014 πρὸς
2744 946 2925 998 αὐτόν’
2984 945 3378 1014 Ὑπέστρεψαν,
3423 945 3496 1007 ὡς
3526 947 3619 996 καὶ
3658 947 3708 996 ol.
3745 945 3836 996 ἐπὶ
3865 943 3943 1011 τῷ

712 1032 921 1084 conﬁdo
963 1033 1013 1084 in
1064 1033 1310 1097 Domino,
1363 1048 1449 1087 me
1491 1033 1618 1086 nihil
1660 1034 1806 1088 vobis
1857 1036 2270 1089 absconsurum.

2401 1035 2622 1106 ’έροντις
2652 1036 2799 1101 λέγει
2829 1053 2919 1104 μοι
2949 1036 3167 1099 εὐθέως·
3202 1037 3273 1088 Οὐ
3315 1035 3388 1106 μὴ
3418 1037 3616 1104 ποιήσῃ
3642 1037 3669 1086 6
3695 1034 3845 1096 Θεός·
3878 1034 3940 1085 ού

715 1122 905 1175 Dicunt
950 1123 1022 1176 illi
1076 1124 1206 1177 mihi
1268 1142 1282 1178 :
1338 1127 1587 1180 Habesne
1634 1125 1856 1178 aurum?
1893 1122 1991 1190 lta,
2030 1125 2274 1193 inquam,

2401 1129 2484 1196 ’ἀρ
2510 1127 2668 1180 τοῦτο
2687 1126 2876 1199 ἤθελον
2910 1127 2995 1179 ἵνα
3018 1126 3420 1197 ὑποστρέψωσι·
3449 1127 3541 1179 καὶ
3568 1125 3770 1192 ἔλεγεν·
3812 1125 3941 1177 Ἰδοὺ

718 1211 886 1266 habeo
919 1228 1164 1267 nummos
1200 1226 1329 1269 tres.
1363 1216 1427 1269 Et
1461 1216 1644 1284 aperui
1672 1230 1856 1269 coram
1893 1215 1970 1270 eis
2004 1215 2276 1284 capsulam

2401 1245 2404 1262 ν
2453 1217 2617 1280 πόθος
2665 1217 2759 1270 τοῦ
2805 1217 3058 1287 γέροντος
3097 1217 3128 1286 ἡ
3186 1217 3472 1285 ἑτοιμασία
3507 1215 3667 1269 αὑτοῦ
3702 1215 3754 1267 τί
3797 1213 3943 1284 αὖτῷ

717 1300 766 1354 in
813 1316 914 1368 qua
945 1311 1102 1355 erant
1133 1305 1356 1357 nummi.
1385 1304 1456 1357 Iis
1505 1303 1578 1357 illi
1605 1305 1841 1373 acceptis
1884 1305 1937 1358 in
1965 1319 2095 1373 pace
2133 1305 2281 1360 abieo

2401 1306 2670 1377 ταρέσχεψ
2693 1309 2777 1359 ὅτι
2799 1309 2858 1361 οὐ
2884 1308 3042 1376 μόνον
3060 1308 3158 1360 οὐκ
3179 1307 3445 1378 ἐλυπήθη,
3471 1307 3606 1360 ἀλλᾶ
3631 1307 3726 1360 καὶ
3746 1306 3939 1377 ἐχάρη,

717 1401 860 1445 runt.
894 1392 965 1445 Ea
999 1407 1118 1445 cum
1153 1407 1312 1448 senex
1344 1395 1592 1458 dixisset,
1618 1396 1818 1464 subjeci
1859 1411 1957 1464 ego
1986 1396 2231 1450 arridens
2261 1414 2275 1448 :

2401 1395 2453 1459 bc;
2481 1396 2722 1449 τοιούτου
2754 1396 2958 1465 ἀγαθοῦ
2991 1396 3365 1462 καταξιωθείς.

717 1486 1079 1542 lledieruntue
1131 1489 1452 1557 pmuitentes
1487 1489 1719 1545 latrones
1750 1500 1806 1544 ut
1845 1491 1895 1544 in
1958 1489 2124 1560 priori
2166 1490 2313 1544 senis
2351 1504 2510 1557 quem
2582 1491 2883 1545 imitabaris
2929 1491 3091 1546 casu?
3137 1490 3396 1545 Celeriter
3441 1492 3718 1560 reposuit:
3754 1489 3827 1544 Ne
3871 1490 3947 1543 si-

716 1577 848 1629 verit
898 1577 1000 1630 hoc
1047 1577 1184 1631 Deus
1212 1597 1225 1632 :
1254 1594 1352 1634 nec
1396 1580 1538 1634 enim
1592 1581 1731 1636 volui
1781 1583 1958 1636 redire
2002 1581 2165 1649 ipsos.
2209 1578 2277 1633 Et
2313 1581 2518 1635 addidit
2576 1581 2818 1636 Zosimas
2845 1599 2859 1635 :
2886 1580 2962 1634 En
3022 1582 3343 1638 desiderium
3369 1583 3513 1636 senis
3544 1583 3699 1651 hujus
3721 1594 3774 1634 et
3809 1596 3947 1651 pra:-

716 1669 923 1734 paratio
967 1669 1132 1723 animi
1176 1679 1432 1738 quantum
1485 1671 1556 1725 illi
1616 1673 1838 1742 profuit,
1887 1672 2122 1727 efﬁciens
2165 1686 2267 1725 non
2308 1671 2477 1726 solum
2521 1686 2587 1724 ne
2648 1672 2953 1727 tristaretur
2984 1673 3039 1726 in
3074 1683 3179 1726 tam
3215 1673 3364 1742 gravi
3427 1687 3575 1734 casu,
3608 1674 3699 1726 sed
3734 1676 3949 1726 ltelare-

719 1770 806 1813 tur
826 1762 1006 1826 ctiam,
1051 1764 1251 1833 ingenti
1295 1779 1352 1818 se
1380 1765 1531 1819 lucro
1571 1778 1788 1821 auctum
1832 1769 2148 1822 existimans
2183 1782 2279 1836 per
2311 1768 2577 1834 jacturam
2609 1766 2790 1819 talem.

788 1854 876 1909 XI.
917 1855 1167 1910 Narravit
1209 1857 1336 1911 mihi
1369 1859 1556 1914 beatus
1605 1859 1826 1928 Sergius
1871 1860 1924 1914 in
1973 1860 2120 1917 hunc
2167 1876 2280 1915 mo-

2453 1860 2557 1912 IA'.
2602 1857 2907 1930 Διηγήσατό
2947 1875 3037 1926 μοι
3073 1857 3342 1929 μακάριος
3373 1859 3599 1929 Σέργιος
3628 1857 3800 1919 οὕτως
3823 1897 3838 1917 ,
3866 1858 3955 1912 ὅτι

719 1948 841 1999 dum
873 1964 886 1999 :
918 1947 1219 2014 Aliquando
1243 1950 1344 2002 iter
1370 1950 1654 2020 agentibus
1681 1950 1856 2015 nobis,
1882 1953 2106 2021 contigit
2141 1968 2171 2006 a
2198 1954 2285 2006 via

720 2038 972 2090 aberrare
1004 2037 1074 2090 ita
1101 2046 1158 2090 ut
1185 2046 1387 2092 temere
1419 2051 1678 2106 vagantes
1709 2041 1878 2109 ignari
1909 2040 2286 2096 deveniremus

721 2127 773 2179 in
817 2142 1005 2196 agrum
1058 2129 1345 2194 consitum,
1397 2138 1451 2185 et
1489 2140 1604 2185 sata
1639 2131 1882 2199 quaedam
1937 2132 2285 2186 conculcare-

723 2233 861 2281 nius,
890 2232 994 2285 quo
1022 2219 1397 2273 animadverso
1426 2220 1570 2287 cepit
1595 2220 1831 2288 agricola
1866 2222 1983 2290 cuja
2030 2237 2117 2276 res
2148 2233 2284 2286 erat,

721 2308 1125 2362 vehementibus
1161 2325 1258 2364 uos
1288 2310 1584 2364 maledictis
1611 2311 1688 2365 ira
1717 2310 1931 2366 fervens
1961 2313 2233 2367 incessere
2270 2329 2284 2366 :

722 2398 851 2464 Vos,
887 2401 1153 2468 inquiens,
1200 2403 1470 2469 monachi,
1495 2403 1541 2458 si
1577 2403 1744 2459 Deum
1772 2404 2058 2467 timeretis,
2088 2414 2142 2458 et
2167 2418 2287 2458 eum

725 2490 994 2544 haberetis
1046 2501 1174 2546 ante
1220 2491 1425 2557 oculos,
1477 2508 1581 2546 non
1631 2494 1744 2548 [nec
1783 2494 1968 2565 utique
2016 2495 2288 2550 faceretis.

726 2582 962 2635 Audiens
1003 2583 1151 2646 talia,
1198 2585 1382 2636 statim
1417 2584 1492 2637 ait
1519 2586 1672 2639 nobis
1697 2597 1914 2640 sanctus
1940 2603 1952 2638 :
1982 2586 2083 2639 Per
2116 2585 2294 2639 Domi-

727 2687 850 2724 mim
891 2687 1050 2725 nemo
1098 2673 1363 2741 loquatur.
1414 2671 1534 2743 lpsc
1570 2689 1730 2743 porro
1779 2676 2051 2742 respondit
2091 2675 2294 2730 rustico

725 2777 848 2816 cum
878 2763 1286 2815 mansuetudine
1315 2761 1488 2818 :Vere
1522 2765 1679 2828 dicis,
1711 2765 1806 2818 fili.
1836 2765 1891 2819 Si
1923 2766 2064 2819 enim
2100 2765 2192 2819 Dei
2226 2767 2294 2819 ti-

727 2867 843 2905 mor
888 2861 1031 2906 esset
1075 2854 1127 2905 in
1181 2854 1357 2918 nobis,
1405 2855 1546 2907 haud
1588 2870 1871 2923 ageremus
1899 2869 2016 2922 qua:
2052 2856 2144 2909 tibi
2175 2856 2297 2925 jure

727 2943 1027 3012 displicent.
1071 2943 1252 2999 Nihilo
1287 2944 1377 2998 ille
1423 2946 1601 3000 secius
1641 2961 1830 3001 rursus
1860 2961 1980 3000 cum
2019 2946 2297 3000 stomacho

726 3037 1084 3091 contumelias
1109 3036 1356 3106 ingessit,
1389 3036 1692 3106 iterumque
1722 3039 1866 3090 mitis
1895 3052 2056 3091 senex
2091 3053 2106 3090 :
2134 3033 2296 3099 Vera,

725 3127 919 3196 inquit,
956 3126 1223 3196 loqueris;
1264 3127 1308 3181 si
1344 3126 1592 3180 monachi
1632 3141 1892 3191 essemus,
1929 3127 2121 3180 talibus
2151 3127 2278 3179 abs-

731 3220 1048 3271 tinereinus.
1099 3215 1322 3281 Tamen,
1348 3231 1466 3282 oro,
1506 3232 1600 3285 per
1626 3215 1934 3283 Dominum,
1955 3217 2173 3286 ignosce
2203 3230 2294 3270 no-
2324 3202 2366 3259 (ἶ

727 3305 813 3361 bis
840 3307 981 3376 quod
1023 3307 1389 3375 imprudentes
1420 3310 1779 3374 peccavimus.
1823 3307 1896 3361 Ea
1934 3307 2146 3362 tandem
2175 3323 2290 3362 mo-

729 3397 899 3451 destia
935 3397 1188 3451 delinitus
1230 3397 1486 3464 agricola,
1521 3399 1749 3468 proiecit
1785 3413 1846 3453 se
1879 3399 1945 3452 ad
1991 3400 2153 3468 pedes
2182 3398 2300 3465 ejus

730 3487 912 3542 dicens
943 3505 954 3541 :
986 3487 1151 3541 Parce
1181 3488 1310 3541 mihi
1351 3495 1552 3543 temere
1585 3490 1781 3554 locuto,
1810 3489 1971 3554 abba,
1999 3502 2092 3554 per
2118 3487 2302 3542 Domi-

731 3595 879 3645 num,
927 3595 1117 3648 meque
1159 3581 1268 3634 tuis
1319 3580 1590 3635 volentem
1643 3595 1892 3650 aggrega.
1944 3579 2300 3646 Addebatque

731 3669 924 3725 beatus
955 3669 1218 3741 Sergius:
1254 3669 1460 3724 Revera
1497 3672 1584 3726 hic
1624 3671 1784 3724 homo
1819 3684 1916 3725 nos
1955 3679 2172 3724 secutus
2214 3684 2303 3722 sa-

731 3775 881 3814 crum
913 3761 1153 3816 habitum
1183 3760 1432 3829 sumpsit.
1470 3759 1625 3814 Unde
1672 3759 2030 3829 subiungebat
2075 3758 2188 3812 haec
2221 3771 2305 3810 re-

733 3848 913 3905 ferens
940 3849 1217 3905 Zosimas:
1252 3849 1327 3902 En
1360 3850 1716 3904 mansuetudo
1758 3860 1812 3903 et
1867 3849 2105 3916 probitas
2129 3846 2306 3902 sancti

2387 1949 2524 2002 Ποτὲ
2573 1950 2862 2002 ὁδευόντων
2910 1946 3068 2018 ἡμῶν
3106 1950 3242 2018 μετά
3278 1965 3422 2012 τινος
3467 1949 3623 2017 ἁγίου
3673 1949 3953 2019 γέροντος,

2387 2039 2664 2111 ἐπλανήθη
2675 2058 2771 2110 μεν
2800 2041 2896 2108 τῆς
2923 2038 3066 2092 ὁδοῦ·
3099 2040 3193 2091 καὶ
3221 2038 3356 2110 μηδὲ
3395 2039 3768 2107 γινωσκόντων
3796 2039 3960 2108 ἡμῶν

2389 2129 2492 2182 ποῦ
2516 2129 2875 2200 πορευόμεθα,
2908 2128 3218 2200 ηὐρέθημεν
3240 2133 3317 2193 εἰς
3341 2130 3410 2182 τὰ
3436 2131 3696 2200 σπόριμα·
3717 2131 3808 2183 καὶ
3825 2147 3956 2182 κατ-

2388 2225 2744 2292 επατήσαμεν
2790 2222 2947 2289 ὀλίγα
2987 2222 3093 2275 τῶν
3127 2220 3430 2292 σπορίμων.
3474 2221 3805 2289 Αίσθόμενος
3832 2223 3890 2276 δὲ
3923 2223 3951 2274 6

2388 2314 2655 2382 γεωργὸς,
2682 2313 2884 2383 ἤρξατο
2914 2312 3160 2384 ὑϐρίζειν
3191 2313 3359 2366 πολλὰ
3391 2313 3508 2382 μετ’
3541 2313 3955 2383 όργῆς”ὶ’μεῖς,

2394 2405 2637 2475 μοναχοὶ,
2673 2407 2719 2456 εί
2753 2405 2996 2474 ὲφοϐεϊτε
3029 2407 3120 2458 τὸν
3153 2405 3303 2470 Θεὸν,
3332 2407 3425 2457 καὶ
3452 2406 3622 2474 εἴχετε
3655 2404 3817 2457 αὑτὸν
3853 2404 3960 2474 πρὸ

2391 2495 2702 2566 ὀφθαλμῶν,
2732 2496 2833 2548 οὐκ
2865 2495 2929 2548 ἂν
2961 2497 3193 2548 ἐποιεῖτε
3228 2493 3406 2547 τοῦτο.
3446 2493 3658 2556 Εὐθέως
3686 2487 3780 2545 οὗν
3809 2492 3960 2558 λέγει

2391 2591 2524 2659 ἡμῖν
2551 2589 2580 2641 6
2613 2590 2783 2656 ἆγιος’
2832 2586 2929 2638 Διὰ
2967 2586 3057 2639 τδν
3106 2585 3308 2655 Κύριον
3346 2584 3534 2654 μηδεὶς
3566 2584 3798 2655 λαλήσῃ.
3849 2585 3961 2638 Καὶ

2393 2681 2577 2750 ἔλεγεν
2601 2679 2750 2749 αὐτῷ
2782 2678 2919 2748 μετὰ
2943 2677 3267 2748 πραότητος·
3300 2676 3492 2737 Καλῶς
3518 2674 3717 2741 λέγεις,
3751 2675 3958 2728 τέκνον·

2395 2775 2442 2826 εἰ
2469 2771 2576 2842 γὰρ
2608 2771 2827 2839 εῐχομεν
2861 2770 2950 2820 τὸν
2983 2766 3147 2836 φόϐον
3178 2765 3273 2819 τοῦ
3307 2765 3465 2827 Θεοῦ,
3498 2765 3598 2818 ούκ
3631 2765 3694 2818 ἂν
3746 2763 3961 2817 ἐποιοῦ-

2401 2878 2498 2931 μεν
2527 2858 2718 2913 ταῦτα.
2758 2857 2923 2910 Πάλιν
2962 2858 3169 2918 ἐκεῖνος
3209 2855 3393 2926 ὕϐριζε
3437 2855 3574 2924 μετὰ
3619 2854 3814 2925 θυμοῦε
3865 2855 3958 2907 καὶ

2399 2951 2560 3005 πάλιν
2582 2952 2609 3003 6
2637 2951 2815 3020 γέρων
2844 2949 3047 3016 ἔλεγενο
3094 2947 3180 2999 Ἑν
3205 2945 3429 3017 ἀληθείᾳ
3453 2947 3631 3014 λέγεις
3665 2963 3680 2977 °
3705 2949 3756 3000 εἰ
3785 2947 3962 3017 ἤμεθα

2402 3041 2643 3112 μοναχοὶ,
2679 3038 2835 3092 τοῦτο
2865 3038 2964 3090 οὐκ
2993 3035 3312 3105 ἐποιοῦμεν⁸
3347 3035 3482 3090 ἀλλὰ
3511 3037 3599 3089 διὰ
3619 3037 3707 3089 τόν
3738 3037 3959 3108 Κύριον,

2401 3130 2753 3201 συγχώρησον
2803 3129 2934 3196 ἡμῖν
2989 3126 3070 3178 ὅτι
3119 3125 3457 3196 ἡμάρτομεν,
3529 3126 3854 3194 Ἐκπλαγεὶς
3919 3124 3961 3178 6'

2400 3220 2605 3279 ἐκεῖνος
2650 3217 2746 3270 καὶ
2796 3215 2966 3268 ἐλθὼν
3004 3215 3228 3285 ἔρριψεν
3274 3214 3465 3266 ἑαυτὸν
3508 3217 3586 3277 εἰς
3623 3215 3748 3277 τοὺς
3799 3214 3963 3276 πόδας

2403 3308 2590 3372 αὑτοῦ,
2619 3307 2813 3374 λέγων’
2843 3304 3168 3376 Συχὼρησόν
3193 3322 3302 3373 μοι,
3329 3304 3493 3368 ὰϐϐᾶ,
3521 3305 3608 3358 διὰ
3628 3305 3717 3356 τὸν
3741 3304 3960 3374 Κύριον,

2406 3398 2499 3451 καὶ
2527 3395 2656 3450 λάϐε
2682 3396 2797 3464 μεθ’
2828 3394 3002 3465 ὑμῶν.
3035 3395 3144 3448 Καὶ
3165 3393 3346 3461 ἔλεγεν
3372 3395 3399 3446 6
3433 3393 3695 3463 μακάριος
3722 3392 3960 3462 Σέργιος,

2407 3488 2488 3539 ὅτι
2515 3488 2604 3539 Ἐν
2633 3485 2861 3554 ἀληθεία
2910 3486 3025 3555 μεθ’
3073 3487 3230 3557 ἡμῶν
3275 3486 3606 3556 ἠκολούθησε
3633 3525 3646 3549 ,
3680 3486 3772 3539 καὶ
3799 3484 3963 3539 ἐλθὼν

2407 3576 2567 3629 ἔλαϐε
2611 3575 2670 3628 τὸ
2718 3575 2925 3645 σχῆμα.
2974 3575 3084 3628 Ka‘t
3121 3574 3309 3642 ἔλεγεν
3349 3579 3376 3628 6
3427 3577 3712 3646 μακάριος·
3772 3576 3957 3644 Ἰδοὺὴ

2406 3667 2650 3738 πραότης
2682 3669 2774 3718 καὶ
2817 3666 2878 3719 τὸ
2902 3666 3102 3736 ἀληθὲ;
3141 3666 3236 3719 τοῦ
3266 3668 3422 3735 ἁγίου
3465 3667 3516 3719 τί
3554 3667 3786 3736 ἡδυνήοη
3831 3666 3964 3735 μετὰ

2404 3755 2537 3809 Θεὸν
2580 3756 2822 3824 ποιῆσαι·
2878 3756 2972 3807 καὶ
3023 3755 3193 3808 σῶσαι
3224 3755 3400 3826 ψυχὴν
3444 3757 3562 3808 κατ’
3608 3753 3788 3807 εἰκόνα
3835 3754 3963 3808 Θεοῦ

2410 3845 2748 3917 ποιηθεῖσαν,
2782 3844 2848 3915 ἢν
2891 3844 3036 3898 θέλει
3064 3848 3091 3897 6
3129 3846 3260 3909 Θεὸς
3292 3846 3491 3912 μᾶλλον
3532 3846 3565 3916 ἢ
3613 3846 3838 3916 μυρίους
3885 3844 3966 3897 κό-

734 3942 834 3994 viri
863 3951 1137 4009 quantum,
1171 3941 1279 3997 Deo
1300 3939 1542 4009 juvante,
1573 3941 1826 4010 potuerit,
1857 3949 2206 4003 convertens,
2257 3948 2300 3994 el

2415 3952 2583 4006 σμους
2619 3933 2759 4005 μετὰ
2780 3932 2889 3986 τῶν
2920 3933 3220 4003 χρημάτων
3250 3933 3448 3987 αὐτῶν.

740 4035 793 4089 in
825 4035 1010 4090 salutis
1046 4037 1185 4088 viam
1219 4035 1479 4091 inducens
1508 4035 1744 4090 animam
1787 4037 1857 4090 ad
1888 4035 1980 4089 Dei
2049 4033 2335 4104 imaginem
2375 4041 2637 4094 creatam,
2700 4043 2860 4099 quam
2915 4029 3133 4097 praefert
3212 4027 3352 4082 Deus
3401 4027 3694 4081 innumeris
3739 4025 3963 4089 muudis,

736 4146 858 4186 cum
889 4132 1097 4186 cunctis
1123 4131 1328 4186 divitiis
1355 4133 1618 4201 ipsorum.

806 4221 920 4276 Xll.
957 4222 1101 4277 Dixit
1147 4219 1724 4292 praeterea:Commisi
1769 4224 2053 4294 aliquando
2086 4223 2294 4279 libellos

738 4297 1120 4371 describendos
1168 4316 1376 4370 cuidam
1429 4318 1740 4371 amanuensi
1783 4316 1836 4370 in
1895 4317 2082 4387 primis
2126 4317 2298 4386 perito

740 4404 1135 4476 calligraphica:
1180 4410 1334 4465 artis.
1388 4409 1457 4463 Et
1504 4409 1591 4463 ille
1633 4408 1873 4464 absoluta
1914 4407 2298 4475 descriptione,

2467 4219 2568 4275 IB'.
2608 4217 2721 4272 Καὶ
2768 4215 2973 4282 ἔλεγεν,
3024 4213 3105 4266 ὅτι
3154 4210 3289 4265 Hart
3341 4209 3578 4275 ὑπέταξα
3625 4207 3799 4278 βιϐλία
3853 4210 3964 4263 τινὰ

2401 4311 2758 4379 καλλιγρᾶφῳ
2805 4307 3015 4376 εὐφυεῖ·
3061 4306 3155 4358 καὶ
3187 4302 3324 4374 μετὰ
3369 4304 3430 4356 τὸ
3471 4302 3682 4357 τελέσαι
3728 4305 3794 4355 τὰ
3837 4305 3964 4373 γρα-

2405 4402 2575 4472 ψιμα,
2611 4401 2820 4470 πέμπει
2846 4397 2942 4452 καὶ
2963 4395 3112 4464 λέγει
3145 4411 3258 4466 μοι·
3281 4393 3416 4447 Ἰδοὺ
3443 4393 3679 4446 ἐτέλεσα·
3715 4395 3803 4446 ὅτε
3825 4397 3965 4448 δοκεῖ

743 4496 888 4550 misit
944 4499 1009 4552 ad
1053 4516 1137 4554 me
1187 4501 1280 4570 qui
1338 4501 1632 4565 nuutiaret,
1675 4499 1972 4569 perfectum
2018 4498 2129 4565 jam
2173 4511 2300 4566 opus

2412 4511 2492 4547 σοι
2529 4492 2744 4563 πέμψον
2781 4491 2878 4544 καὶ
2901 4489 3032 4543 λάϐε
3058 4488 3218 4542 αύτά.
3253 4484 3508 4554 Ἀδελφδς
3539 4485 3597 4538 δέ
3624 4502 3708 4548 τις
3732 4486 3963 4549 ἀκούσας

742 4601 862 4642 csse
893 4605 906 4642 :
939 4589 1225 4655 mitterem,
1268 4592 1313 4646 si
1356 4593 1649 4657 videretur,
1690 4591 1778 4659 qui
1827 4591 2026 4658 scripta
2071 4589 2303 4643 tolleret.

745 4677 844 4732 llis
884 4678 1052 4735 frater
1080 4682 1299 4750 quidam
1333 4684 1551 4747 auditis,
1599 4682 1732 4736 adiit
1780 4680 2016 4749 iniussus
2053 4680 2305 4748 calligra-

742 4773 931 4840 phum,
973 4775 1211 4839 nomine,
1240 4785 1298 4827 ut
1349 4775 1486 4828 falso
1525 4773 1723 4837 aiebat,
1770 4772 2136 4841 mandatoque
2163 4785 2301 4835 meo,

743 4874 1154 4935 numeratoque,
1185 4869 1327 4936 quod
1377 4875 1727 4930 convenerat,
1779 4880 1972 4920 manus
2000 4866 2196 4935 pretio,
2244 4864 2308 4918 li-

742 4953 910 5009 bellos
952 4956 1190 5011 abstulit.
1239 4957 1348 5027 Ego
1379 4959 1598 5027 ignarus
1631 4957 1747 5026 ejus
1790 4957 1889 5018 rei,
1922 4956 2042 5011 misi
2081 4956 2305 5012 fratrem

746 5059 1007 5114 nostrum,
1033 5049 1156 5103 dato
1187 5048 1259 5103 illi
1291 5048 1557 5116 epistolio,
1593 5064 1714 5103 cum
1756 5049 2007 5104 mercede
2045 5057 2202 5117 pacta
2252 5058 2310 5101 ut

745 5138 941 5205 St‘ripla
961 5139 1230 5207 acciperet
1258 5139 1533 5208 ferretque
1561 5141 1627 5192 ad
1661 5155 1764 5194 me.
1790 5140 2096 5208 intelligens
2119 5154 2184 5195 ex
2209 5140 2311 5193 hoc

747 5228 1110 5298 calligraphus
1143 5230 1352 5284 illusum
1400 5231 1502 5284 sibi
1549 5229 1716 5285 fuisse
1750 5245 1779 5283 a
1813 5231 1977 5298 priori
2027 5231 2306 5296 manat-ho,

748 5317 919 5373 iratus
961 5320 1095 5374 dixit
1122 5339 1134 5374 :
1160 5319 1252 5375 Ibo
1275 5321 1513 5390 profecto
1538 5332 1588 5376 et
1617 5322 1885 5376 infamabo
1910 5322 2084 5391 ipsum
2114 5323 2180 5377 ob
2206 5323 2310 5377 duo

747 5411 947 5463 nefaria
977 5428 1093 5480 qua:
1135 5413 1640 5482 admisitzprimum
1688 5414 1918 5468 irridens
1977 5428 2092 5480 me;
2121 5414 2311 5469 deinde

746 5515 866 5567 qua:
919 5503 982 5553 ad
1033 5502 1178 5554 illum
1231 5519 1333 5557 non
1382 5505 1725 5572 pertinebant
1768 5503 2042 5559 auferens.
2087 5504 2156 5557 At
2213 5519 2311 5573 ego

751 5587 933 5641 audito
967 5589 1092 5657 quid
1140 5599 1376 5660 pararet,
1425 5592 1540 5646 misi
1592 5593 1678 5662 qui
1718 5608 1746 5646 a
1795 5609 1880 5647 me
1920 5593 2020 5662 ipsi
2067 5593 2310 5646 diceret:

751 5674 893 5741 Scis,
939 5679 1102 5735 frater
1148 5683 1240 5746 mi,
1278 5698 1374 5736 nos
1411 5698 1476 5737 co
1513 5684 1617 5738 line
1661 5699 1977 5752 comparare
2021 5699 2084 5738 ac
2132 5691 2315 5739 tenere

755 5767 980 5834 libellos,
1024 5781 1080 5826 ut
1115 5788 1178 5828 ex
1231 5773 1298 5829 iis
1350 5773 1625 5830 discamus
1675 5789 1928 5832 exercere
1963 5774 2308 5841 charitatcm,

2405 4583 2610 4649 ταῦτα,
2640 4582 2891 4636 ἀπελθὼν
2937 4580 2998 4645 ἐξ
3034 4577 3297 4650 ὀνόματός
3335 4592 3434 4647 μου
3484 4575 3618 4646 πρὸς
3648 4577 3740 4629 τὸν
3789 4575 3962 4629 καλλι-

2406 4677 2634 4746 γρέιιρον,
2658 4676 2751 4729 καὶ
2778 4674 2899 4738 δοὺς
2926 4673 2985 4725 τὸ
3015 4667 3370 4742 συμφωνηθὲν
3405 4667 3595 4722 ἐλαϐεν
3619 4669 3781 4722 αὐτὰ.
3835 4665 3963 4733 Ἐγὼ

2408 4767 2464 4820 δὲ
2501 4769 2574 4838 μὴ
2603 4767 2765 4835 γνοὺς
2813 4765 2971 4817 τοῦτο
3017 4763 3238 4832 ἔπεμψα
3270 4759 3496 4829 ἀδελφὸν
3529 4761 3801 4830 ἡμέτερον
3834 4757 3964 4827 μετά

2409 4859 2752 4929 γραμμάτων
2798 4857 2895 4910 σὺν
2942 4855 3020 4927 τῷ
3064 4855 3245 4926 κόπῳ,
3279 4853 3416 4906 ὥστε
3445 4852 3628 4906 λαϐεῖν
3680 4852 3833 4905 αὑτά.
3883 4851 3964 4910 Ὠς

2408 4947 2500 5004 οὖν
2532 4950 2672 5017 ἔγνω
2705 4950 2733 5001 6
2773 4947 3142 5017 καλλιγρᾶφος
3172 4947 3253 4999 ὅτι
3290 4944 3583 5014 ἐνεπαίχθη
3615 4943 3719 4995 ἀπὸ
3747 4941 3840 4994 τοῦ
3875 4941 3957 4994 λα-

2411 5042 2594 5105 ϐόντος
2616 5041 2774 5107 αὐτὰ,
2801 5041 3094 5113 ταραχθεὶς
3125 5035 3295 5092 εἶπεν·
3322 5041 3528 5101 Ὀντως
3549 5037 3855 5108 ἀπέρχομαι
3874 5035 3960 5087 καὶ

2410 5132 2616 5200 ὰηδίσω
2646 5131 2805 5184 αὐτὸν
2832 5132 2971 5184 κατὰ
3001 5129 3095 5182 δύο
3125 5129 3360 5199 τρόπους
3381 5167 3396 5188 ,
3429 5128 3509 5180 ὅτι
3558 5125 3810 5196 ἐχλεύασέ
3861 5139 3955 5194 με,

2411 5226 2506 5278 καὶ
2534 5226 2612 5278 ὅτι
2643 5224 2801 5277 ἔλαϐε
2845 5224 2915 5276 τὰ
2958 5223 3032 5293 μὴ
3059 5222 3188 5275 ὄντα
3225 5220 3410 5274 αὑτοῦ.
3458 5220 3595 5287 Ἐγὼ
3641 5218 3699 5271 δὲ
3729 5215 3952 5276 ἀκούσας

2410 5317 2584 5381 τοῦτο,
2630 5315 2848 5386 πέμψας
2887 5311 3036 5366 εἷπον
3068 5313 3235 5382 αὐτῷ·
3265 5309 3444 5377 Οἶδας,
3480 5311 3672 5376 ἀδελφέ
3720 5326 3848 5377 μου,
3873 5309 3945 5359 ὅτι

2410 5409 2499 5462 διὰ
2542 5409 2698 5462 τοῦτο
2754 5407 3010 5476 κτώμεθα
3052 5404 3264 5475 βιϐλία,
3297 5404 3383 5457 ἵνα
3416 5400 3673 5472 μάθωμεν
3702 5399 3758 5465 ἐξ
3800 5398 3964 5451 αὐτῶν

2413 5499 2654 5569 ἀγάπην,
2684 5499 3024 5560 ταπείνωσιν,
3049 5498 3347 5568 πραότητα,
3373 5497 3612 5565 εἰρήνηψ
3641 5493 3760 5546 εἰδὲ
3789 5492 3962 5562 ἡάρχὴ

2413 5593 2512 5660 τῆς
2542 5593 2790 5660 κτήσεως
2818 5589 2928 5641 τῶν
2959 5589 3175 5660 βιϐλίων
3211 5589 3356 5658 μάχη
3387 5589 3554 5650 ἐστὶν,
3582 5585 3641 5636 ού
3681 5582 3816 5635 θέλω
3844 5582 3960 5646 κτή-

2418 5681 2616 5737 σασθαι
2659 5679 2898 5750 βιϐλίον’
2940 5680 3034 5731 καὶ
3069 5678 3229 5747 μόνον
3280 5675 3352 5747 μὴ
3399 5675 3741 5745 μαχήσομαι·
3796 5669 3960 5723 δοῦλον

2418 5773 2525 5844 γὰρ
2556 5771 2760 5843 Κυρίου
2781 5771 2842 5826 ού
2868 5771 2948 5826 δεῖ
2970 5768 3254 5840 μάχεσθαι.
3292 5767 3420 5822 Ἰδοὺ
3442 5763 3533 5821 οὖν
3566 5783 3736 5834 κατανξ
3753 5763 3959 5833 (κινήσω
