4114 6442
189 380 322 448 1697

1623 386 2027 458 ALLOQUIA.

3311 397 3448 462 1698

180 495 278 549 τοῦ
322 493 563 564 βιϐλίου,
610 494 840 566 ἐποίησα
880 492 958 565 μὴ
1007 491 1284 557 παντελῶς
1329 493 1624 565 ὀχληοῆναι
1667 497 1745 549 sin

1863 497 2263 562 humilitatem,
2329 500 2837 567 mansuetudinem,
2893 517 3104 573 pacem.
3157 505 3214 559 Si
3266 519 3446 564 autem

177 585 431 641 ἀδελφόν.

177 585 308 639 ἀδελ
383 602 431 641 ν.

171 585 587 732 υοιοφῗὶοὺετοε
623 691 729 744 quo
756 676 838 730 sic
885 676 1044 729 vitem
1079 676 1289 730 rixandi
1341 676 1750 732 necessitatem.

1861 588 2076 641 initium
2127 590 2490 657 possessionis
2534 590 2839 646 libellorum
2875 595 2994 650 rixa
3044 604 3127 650 est
3157 596 3301 666 :jam
3351 613 3446 654 eos

1832 679 2063 734 Servum
2133 684 2331 752 quippe
2365 685 2574 739 Domini
2610 687 2775 744 rixari
2829 703 2933 742 non
2987 693 3262 748 convenit.
3303 692 3446 746 Con-

169 779 378 840 ttempta
405 773 584 840 igitur,
617 780 673 842 et
707 771 925 840 insuper
961 770 1142 824 habita
1179 772 1302 826 libri
1325 772 1561 840 jactura,
1595 773 1746 827 effeci
1789 789 1856 828 ne
1887 776 2148 831 molestiae
2174 780 2469 848 quidquam
2499 780 2864 838 facesseretnr
2894 784 2966 837 illi
3003 785 3181 839 fratri.

251 863 352 916 II".
416 863 527 916 Kal
569 861 754 930 ἔλεγεν
800 862 828 914 6
880 861 1078 926 αὐτὸς,
1129 863 1211 915 ὅτι
1277 860 1556 931 ’Δκηκοὼς
1606 863 1760 932 παρά

171 967 324 1014 τινος
349 949 630 1019 άγαπητοῦ
665 967 755 1018 μοι
790 950 1045 1018 μοναχοῦ,
1077 951 1158 1003 ὅτι
1191 949 1315 1019 ἔσχε
1347 949 1468 1003 τινὰ
1511 951 1759 1005 διάκονον

173 1042 461 1112 ἀγαπητὸν
503 1041 601 1110 τῆς
645 1039 851 1109 λαύρας
899 1039 993 1092 τοῦ
1040 1039 1189 1093 ἁδσᾶ
1252 1039 1559 1110 ιἐρασίμου
1599 1057 1616 1072 ο
1662 1042 1758 1094 καὶ

172 1134 280 1186 οὐκ
300 1128 415 1186 οἶδα
446 1130 606 1184 πόθεν
635 1129 790 1200 ἔσχεν
822 1133 901 1193 είς
927 1130 1027 1200 ἐμὲ
1055 1131 1308 1183 ὑπόνοιαν
1337 1131 1464 1199 περὶ
1499 1132 1757 1202 πράγμα-

170 1244 270 1290 τος
284 1227 538 1294 φέροντος
561 1224 917 1294 αὺτῷλύπην,
946 1225 1038 1276 καὶ
1060 1221 1262 1293 ήρξατο
1290 1222 1608 1292 στυγνάζειν
1636 1242 1750 1294 μοι.

183 1315 334 1369 Ἰδὼν
348 1314 507 1368 αὐτὸν
533 1312 644 1382 ἐγὼ
672 1315 915 1379 στυγνὸν,
940 1312 1199 1382 ἠρώτησα
1220 1311 1532 1381 μαθεῖντὴν
1551 1312 1751 1365 αἰτίαν·

169 1407 269 1460 καὶ
297 1406 443 1472 λέγει
481 1421 591 1474 μοι,
620 1404 701 1456 ὅτι
731 1403 861 1456 Τόδε
883 1402 944 1455 τὸ
969 1403 1202 1472 πρᾶγμα
1241 1402 1525 1472 ἐποίησας’
1557 1399 1668 1469 ἐγὼ
1695 1400 1752 1454 δὲ

1919 867 2073 936 ,ΧΙΙΙ.
2119 870 2411 925 Referebat
2452 883 2506 926 et
2542 873 2643 926 hoc
2679 873 2819 927 idem
2850 875 3094 931 lesitnas
3129 897 3141 932 :
3173 878 3367 933 Audivi
3413 895 3446 936 θ

1861 961 2096 1027 quodam
2138 961 2271 1015 mihi
2303 961 2504 1017 dilecto
2541 964 2831 1031 monacho,
2884 980 3005 1020 cum
3041 968 3245 1022 diceret
3275 986 3288 1022 :
3322 969 3445 1024 Fuit

1862 1051 1994 1105 mihi
2021 1067 2148 1106 usus
2170 1052 2457 1108 familiaris
2487 1055 2742 1109 amicitia:
2776 1072 2900 1110 cum
2930 1059 3158 1112 diacono
3187 1061 3442 1128 quopiam

1861 1141 2027 1196 Iaura:
2059 1143 2274 1198 abbatis
2306 1145 2577 1199 Gerasimi
2609 1161 2624 1199 :
2659 1147 2745 1200 cui
2803 1149 3016 1213 oborta,
3054 1151 3238 1205 nescio
3279 1151 3442 1216 unde,

1861 1234 2097 1299 suspicio
2120 1243 2311 1288 contra
2346 1251 2433 1290 me
2467 1245 2571 1303 est,
2607 1219 2760 1306 quasi
2785 1239 3040 1307 quiddam
3073 1242 3301 1309 egissem
3335 1243 3439 1311 ipsi

1861 1321 2145 1377 molestum
2176 1340 2190 1376 :
2217 1326 2358 1379 unde
2402 1327 2569 1394 coepit
2605 1328 2928 1382 contrahere
2963 1329 3015 1383 in
3062 1332 3166 1385 mei
3213 1347 3443 1389 occursu

1857 1412 2112 1479 frontem,
2165 1413 2370 1468 vultum
2413 1417 2678 1471 exhibens
2731 1419 2929 1474 minaci
2988 1421 3208 1476 tristitia
3269 1427 3443 1480 turbi-

173 1498 254 1567 μὴ
312 1494 569 1559 συνειδὼς
622 1494 861 1564 ὲμαύτὸν
906 1492 1148 1546 τοιοῦτον
1216 1495 1448 1564 πρᾶγμα
1495 1492 1745 1561 ποιῆσαι.

1849 1503 2000 1557 dum.
2029 1504 2084 1558 Id
2113 1503 2551 1561 animadvertens
2589 1507 2732 1562 ultro
2763 1510 3092 1582 interrogavi
3128 1513 3428 1581 hominem.

168 1587 430 1658 ἠρξάμην
462 1588 824 1658 πληροφορείν
847 1585 1028 1638 αὐτόν.
1054 1584 1162 1638 Καὶ
1195 1584 1344 1651 λέγει
1379 1599 1493 1656 μοι’
1528 1582 1745 1655 Συγχὼ-

1851 1607 1947 1647 cur
1983 1594 2166 1648 tne-ita
2204 1605 2356 1649 torve
2400 1597 2742 1652 intueretur?
2769 1598 2968 1655 Fassus
2989 1604 3177 1657 statim
3209 1620 3430 1660 causam

171 1678 344 1748 ρησόν
372 1695 482 1747 μοι’
506 1679 566 1730 οὐ
593 1675 1060 1748 πληροφοροῦμαι.
1103 1676 1492 1746 Ἀναχωρήσας
1519 1671 1612 1729 οῦν
1638 1673 1745 1744 ἐγὼ

1851 1693 1958 1751 est,
1992 1685 2145 1740 aiens
2163 1685 2450 1755 quidpiam
2488 1701 2518 1740 a
2565 1704 2650 1743 me
2681 1701 2870 1744 contra
2922 1707 2982 1746 se
3017 1691 3245 1760 factum,
3290 1696 3444 1762 cujus

165 1772 254 1832 είς
304 1769 364 1822 τὸ
406 1769 618 1822 κελλίον
664 1785 763 1836 μου
786 1807 800 1830 ,
845 1766 1101 1836 ἠρξάμην
1132 1767 1361 1836 ἐρευνᾷν
1388 1765 1487 1837 τὴν
1521 1765 1749 1838 καρδίαν

168 1879 315 1931 μου,
349 1862 398 1912 εί
445 1859 684 1913 τοιοῦτον
731 1858 990 1928 πέπραχα
1025 1859 1277 1928 πρᾶγμα·
1315 1856 1409 1909 καὶ
1457 1857 1555 1926 οὐχ
1602 1856 1753 1927 εὔρι-

167 1970 323 2006 σκον.
351 1951 542 2004 Βλέπω
570 1946 663 2002 οῦν
704 1949 867 2002 αὑτὸν
905 1949 1205 2019 κατέχοντα
1244 1949 1504 2018 ποτήριον
1546 1947 1641 2000 καὶ
1668 1949 1751 2000 δι-

164 2043 328 2096 δόντα
355 2057 368 2072 ·
420 2041 512 2094 καὶ
561 2039 776 2110 ὤμνυον
809 2039 960 2108 αὐτῷ
1005 2041 1062 2091 ὲν
1108 2038 1259 2108 αὐτῷ
1298 2039 1380 2091 ὅτι
1420 2038 1483 2090 οὐ
1533 2039 1750 2095 σύνοιδα

166 2129 411 2201 ἐμαυτὸν
442 2128 656 2183 τοιοῦτο
696 2130 940 2197 ποιῆσαι.
974 2128 1087 2182 Οὐκ
1133 2127 1382 2196 ἐπείσθη.
1425 2127 1627 2180 Ἐλθὼν
1656 2123 1750 2181 οὖν

167 2221 336 2275 πάλιν
367 2223 446 2283 εἰς
477 2219 730 2290 ἐμαυτὸν,
767 2220 861 2272 καὶ
893 2219 1155 2289 μνησθεὶς
1201 2218 1310 2271 τῶν
1340 2217 1513 2286 λόγων
1545 2217 1749 2272 τούτων

163 2312 276 2365 τῶν
295 2311 484 2378 ἁγίων,
520 2311 612 2364 καὶ
636 2310 931 2374 πιστεύσας
956 2311 1156 2374 αὐτοῖς,
1189 2309 1404 2379 στρέφω
1436 2309 1631 2380 μικρὸν
1659 2309 1750 2364 τὸν

162 2403 428 2472 λογισμόν
461 2419 584 2472 μου,
619 2403 712 2456 καὶ
730 2403 872 2472 λέγω
897 2400 1138 2472 ἐμαυτῷ·
1157 2401 1214 2455 Ὀ
1239 2402 1480 2464 διάκονος
1511 2400 1748 2470 γνησίως

162 2495 360 2564 ἀγαπᾷ
401 2511 488 2564 με·
523 2494 616 2548 καὶ
645 2493 718 2559 ἐξ·
746 2493 966 2564 ἀγάπης
994 2493 1308 2565 κινούμενος
1335 2493 1618 2565 sedemus
1655 2509 1746 2563 μοι

163 2585 193 2637 δ
223 2583 369 2655 εἶχεν
397 2588 430 2652 η
462 2585 657 2654 καρδία
689 2584 852 2639 αὑτοῦ
883 2585 1011 2656 περὶ
1037 2585 1172 2654 ἐμοῦ
1195 2625 1212 2649 ,
1241 2584 1510 2655 ἴνα-νήψω
1534 2584 1746 2638 καὶτοῦ

161 2675 359 2729 λοιποῦ
404 2673 659 2744 φυλάξω,
697 2674 790 2726 καὶ
837 2674 912 2744 μὴ
962 2675 1173 2746 ποιήσω
1215 2676 1369 2728 αὐτό·
1419 2675 1560 2746 πλὴν
1600 2674 1746 2747 ψυχὴ

161 2763 330 2818 ἀθλία
350 2803 365 2829 ,
391 2763 577 2833 ἐπειδὴ
603 2763 801 2831 λέγεις,
859 2764 940 2816 ὅτι
976 2765 1088 2817 Οὐκ
1131 2766 1363 2836 εποίησα
1426 2765 1487 2817 τὸ
1516 2767 1746 2836 πρᾶγμα

159 2855 348 2909 τοῦτο·
397 2856 568 2924 μυρία
614 2855 762 2908 κακὰ
815 2855 1133 2925 πέπρακταί
1183 2873 1304 2920 σοι,
1347 2858 1443 2910 καὶ
1479 2857 1746 2911 ἐπελάθου

162 2947 369 3002 αὑτῶνο
411 2946 513 3000 ποῦ
555 2949 696 2999 εἰσιν
725 2945 761 3000 ἃ.
789 2946 1054 3016 ζεειτοίηινισας
1087 2947 1213 3016 χθὲς
1242 2947 1274 3018 ἦ
1304 2949 1410 3019 πρὸ
1445 2948 1579 3002 δέκα
1609 2951 1748 3019 ἠμε-

166 3035 313 3106 ρῶν;
354 3035 623 3105 μέμνησαι
658 3035 870 3102 αύτῶν;
902 3035 1110 3088 Οὐκοῦν
1139 3039 1232 3088 καὶ
1259 3037 1417 3089 τοῦτο
1458 3038 1742 3106 ἐποίησας,

1854 1775 1998 1829 nulla
2043 1776 2174 1830 mihi
2223 1791 2355 1832 sane
2386 1780 2644 1834 memoria
2681 1783 2763 1836 vel
2798 1783 3133 1838 conscientia
3177 1793 3435 1842 restaret.

1852 1864 2037 1934 Itaque
2082 1867 2266 1922 multis
2309 1867 2490 1925 Verbis
2544 1871 2763 1925 incubui
2811 1875 2877 1926 ad
2927 1889 3102 1928 meam
3145 1876 3220 1929 illi
3268 1892 3296 1929 a
3349 1877 3442 1934 tali

1852 1957 2072 2025 quidem
2096 1957 2250 2026 culpa
2271 1959 2638 2014 innocentiam
2665 1964 3118 2031 persuadendam.
3147 1966 3251 2020 Sed
3275 1970 3443 2022 surdo

1852 2047 2061 2112 cecini;
2115 2063 2238 2101 nam
2286 2063 2382 2103 sua
2431 2065 2492 2104 se
2544 2052 2824 2108 involvens
2885 2055 3108 2110 tristitia
3138 2075 3152 2107 :
3182 2056 3436 2126 Ignosce,

1853 2137 2116 2205 reposuit,
2154 2137 2312 2193 fidem
2341 2154 2447 2202 non
2480 2139 2635 2196 facis.
2668 2139 2970 2212 Regressus
2997 2143 3126 2201 hinc
3171 2146 3227 2200 in
3258 2163 3437 2202 meam

1852 2224 2100 2279 cellulam
2149 2225 2271 2281 dedi
2325 2243 2411 2282 me
2441 2227 2508 2282 ad
2556 2229 3040 2298 introspiciendum
3085 2235 3298 2303 penitus
3344 2249 3440 2290 cor

1853 2330 2054 2381 meum,
2085 2325 2142 2370 et
2185 2319 2334 2373 nullo
2364 2319 2434 2372 ibi
2466 2319 2695 2388 vestigio
2728 2321 2852 2376 talis
2893 2339 2922 2376 a
2967 2339 3052 2378 me
3093 2313 3322 2380 Consciti
3352 2342 3442 2382 reo

1853 2410 2005 2471 perto
2036 2401 2317 2469 facinoris,
2356 2405 2532 2461 factus
2569 2410 2834 2474 securior,
2885 2425 3008 2466 cum
3053 2413 3215 2468 istum
3251 2415 3439 2470 diaco-

1851 2505 1981 2544 num
2009 2492 2248 2547 viderem
2282 2501 2557 2550 tenentem
2595 2496 2817 2551 calicem
2852 2513 3011 2568 quem
3063 2502 3434 2569 ministrabat,
3463 2507 3469 2513 '

1843 2579 2022 2648 juravi
2049 2598 2146 2652 per
2172 2583 2322 2638 illum
2367 2585 2510 2639 haud
2537 2601 2659 2641 esse
2701 2590 2830 2643 mihi
2864 2605 2949 2645 tne
2998 2595 3275 2647 conscium
3319 2597 3439 2664 ejus

1849 2673 1992 2739 quod
2045 2671 2353 2742 objectabat
2396 2674 2547 2729 facti.
2591 2673 2670 2730 Ne
2713 2685 2824 2730 tum
2865 2679 3086 2749 quidem
3131 2683 3436 2752 acquievit,

1851 2773 2032 2818 motus
2055 2779 2187 2833 ergo
2215 2774 2462 2822 revertor
2487 2767 2553 2821 ad
2590 2783 2674 2822 me
2710 2769 2906 2836 ipsum,
2933 2785 3142 2826 memor
3173 2776 3428 2844 praecepti

1842 2852 2085 2919 jubentis
2139 2858 2479 2911 reconciliari
2543 2858 2697 2912 fratri
2751 2861 2971 2915 habenti
3017 2863 3220 2932 aliquid
3251 2866 3440 2920 adver-

1849 2958 1968 2998 sum
2007 2958 2106 2998 nos
2150 2963 2163 2999 :
2195 2945 2355 2999 aliam
2390 2947 2519 3001 iuivi
2569 2949 2644 3002 rei
2672 2947 2790 3016 ejus
2823 2953 3090 3007 tentanda:
3137 2955 3432 3023 rationem,

1849 3045 2033 3104 partes
2060 3035 2253 3091 offensi
2291 3047 2477 3092 contra
2512 3041 2776 3109 meipsnm
2808 3057 3031 3098 sumens
3054 3047 3293 3120 “sicque
3333 3063 3440 3102 nte-

159 3127 243 3189 ὡς
267 3127 470 3189 ἐκεῖνα,
498 3126 594 3179 καὶ
620 3125 808 3188 ἔλαθες
849 3126 926 3188 ὠς
959 3127 1053 3179 καὶ
1089 3127 1157 3180 τά
1181 3127 1402 3194 πρῶται
1447 3129 1543 3181 καὶ
1574 3129 1744 3199 ἠρξά-

1850 3142 1973 3181 cum
2018 3137 2316 3195 reputans:
2355 3128 2625 3184 Diaconus
2670 3132 2772 3185 iste
2821 3143 2969 3188 amat
3008 3151 3113 3200 nte,
3156 3145 3210 3190 et
3255 3147 3432 3191 motus

165 3235 281 3288 μην
307 3218 646 3286 εὐχαριστεῖν
689 3215 766 3286 τῷ
803 3215 922 3286 Θεῷ
946 3257 961 3282 ,
1011 3217 1106 3269 καὶ
1153 3216 1231 3287 τῷ
1264 3217 1495 3287 διακόνῳ
1516 3259 1531 3283 ,
1562 3220 1644 3271 ὅτι
1673 3219 1739 3271 δι’

163 3308 337 3364 αὐτοῦ
359 3309 557 3377 ἠξίωσὲ
593 3326 659 3378 με
682 3308 813 3371 Θεὸς
837 3309 1136 3376 ἐπιγνῶναι
1166 3311 1228 3361 τὸ
1263 3310 1485 3378 σφάλμα
1517 3327 1618 3378 μου
1648 3310 1742 3362 καὶ

166 3398 500 3466 μετανοῆσαι
548 3398 676 3466 περὶ
715 3395 902 3449 αὑτοῦ.
938 3396 1199 3458 Ἀναστὰς
1244 3392 1337 3448 οὖν
1386 3399 1443 3450 ὲν
1481 3396 1740 3460 τοιούτοις

163 3490 473 3556 λογισμοῖς,
503 3483 666 3556 ἦλθον
703 3488 1033 3556 μετανοῆσαι
1069 3485 1147 3556 τῷ
1177 3486 1430 3556 διακόνῳ,
1459 3487 1555 3539 καὶ
1579 3489 1744 3557 εὐχα-

167 3579 428 3652 ριστῆσαι
458 3581 625 3651 αὐτῷ’
653 3581 745 3633 καὶ
764 3579 1001 3650 ἔκρουσα
1031 3581 1115 3642 είς
1137 3581 1234 3649 τὴν
1266 3581 1456 3650 θύραν·
1489 3580 1588 3631 καὶ
1609 3579 1746 3632 ἀνοί-

167 3670 268 3734 ξας
300 3669 482 3739 βάλλει
528 3687 617 3740 μοι
651 3671 941 3739 μετάνοιαν
965 3669 1178 3739 πρῶτος
1218 3668 1410 3736 λέγων’
1450 3669 1746 3739 Συγχώρη-

166 3762 264 3814 σόν
295 3778 380 3830 μοι
407 3763 486 3814 ὅτι
511 3763 613 3812 ὑπὸ
629 3761 896 3829 δαιμόνων
928 3759 1260 3829 ὲχλευάσθην
1281 3759 1584 3829 ὑπονοήσας
1611 3759 1745 3828 περὶ

169 3848 269 3902 σοῦ
301 3850 378 3911 είς
405 3849 464 3900 τὸ
498 3850 728 3918 πρᾶγμα
790 3849 993 3900 ἐκεῖνο·
1037 3850 1095 3898 ὲν
1122 3847 1349 3917 ἀληθείᾳ
1377 3846 1483 3916 γὰρ
1511 3847 1744 3916 ἐπληρο-

167 3938 379 4008 φόρησὲ
420 3955 508 4005 μοι
553 3941 581 3989 6
617 3936 766 4001 Θεὸς,
799 3938 878 3988 ὅτι
909 3937 1008 3988 οὐκ
1037 3936 1176 4005 ἔχεις
1211 3940 1463 4007 πρᾶγμα·
1497 3939 1591 3989 καὶ
1623 3935 1746 3989 οὐδὲ

165 4029 350 4098 ἀφῆκέ
402 4045 469 4096 με
511 4027 922 4098 πληροφορῆσαι
980 4027 1163 4090 αὑτὸν,
1217 4027 1411 4094 λέγων’
1461 4027 1575 4078 Οὐκ
1625 4026 1741 4078 ἔστι

166 4121 348 4191 χρεία.
391 4120 497 4184 Καὶ
531 4119 715 4185 ἔλεγεν
751 4119 778 4169 6
833 4118 1121 4188 μακάριος⁹
1179 4117 1312 4170 Ἰδοὺ
1349 4120 1381 4187 ἡ
1415 4118 1613 4186 γνησία
1645 4133 1742 4170 τα-

166 4211 428 4272 πείνωσις
477 4210 590 4272 πῶς
639 4209 854 4278 διέθηκε
892 4201 986 4279 τὴύ
1032 4209 1260 4279 καρδίαν
1314 4209 1410 4261 τοῦ
1455 4208 1745 4270 ποθοῦντος

167 4299 361 4367 αὐτήν.
396 4299 498 4349 Σὺν
530 4298 702 4366 τούτῳ
726 4298 782 4350 δὲ
811 4298 1086 4367 ἐμέμνητο
1118 4297 1212 4350 καὶ
1243 4297 1336 4350 τοῦ
1369 4299 1621 4368 γέροντος
1648 4295 1743 4350 τοῦ

169 4390 539 4458 κλεπτομένου
589 4388 694 4440 ὑπὸ
724 4389 816 4440 τοῦ
849 4387 1188 4455 γειτνιῶντος
1225 4388 1406 4449 αὑτὸν,
1461 4388 1542 4440 ὃτι
1589 4385 1745 4450 εἰδὼς

1850 3216 2118 3271 charitate
2149 3217 2400 3271 fiduciam
2429 3221 2659 3288 sumpsit
2682 3220 2990 3278 equndendi
3030 3241 3126 3279 cor
3151 3241 3307 3281 suum
3339 3244 3435 3284 ac-

1844 3307 2086 3362 cusando
2119 3310 2262 3376 quod
2297 3324 2328 3362 a
2375 3325 2461 3363 me
2496 3323 2778 3378 perperam
2823 3323 3001 3366 actum
3053 3316 3322 3384 queritur.
3377 3307 3433 3372 Si

1843 3393 2076 3460 sapiam,
2126 3395 2331 3450 cavebo
2381 3410 2448 3452 ne
2483 3397 2723 3453 ulteriori
2754 3404 3157 3468 perseverantia
3201 3411 3432 3473 negandi

1845 3482 2034 3538 offensi
2066 3484 2420 3553 pertinaciam
2457 3488 2689 3544 irritem.
2735 3491 2928 3546 Vitabu
2967 3493 3016 3546 id
3057 3506 3320 3564 quantum
3375 3499 3427 3553 in

1847 3587 1933 3628 me
1960 3573 2099 3638 erit;
2126 3583 2200 3637 et,
2229 3574 2271 3628 si
2299 3577 2542 3642 p'ossum,
2572 3577 2625 3631 in
2657 3577 2775 3644 ejus
2806 3583 3133 3636 sententiam
3165 3586 3428 3643 transibo.

1846 3661 1984 3727 Quid
2017 3662 2295 3717 enimvero
2327 3673 2533 3718 tantum
2571 3667 2765 3722 niteris
2796 3673 3105 3726 testimonio
3144 3678 3435 3732 conscien-

1849 3753 1938 3805 tiae
1981 3752 2163 3806 anima
2221 3767 2339 3806 mea
2378 3757 2577 3810 misera
2606 3795 2624 3822 ,
2671 3762 2814 3827 quod
2853 3762 3037 3830 lapsus
3081 3763 3219 3818 forte
3258 3768 3436 3834 potius

1847 3852 1931 3896 est
1979 3844 2295 3898 memoriae?
2326 3844 2610 3902 Innutnera
2640 3854 2964 3920 perpetrasti
3010 3855 3149 3908 mala
3195 3872 3431 3924 quorum

1846 3946 1906 3985 es
1946 3931 2188 3987 funditus
2233 3933 2437 3988 oblita.
2495 3935 2750 3993 Fortasse
2779 3941 2926 3994 istud
2970 3957 3185 4012 quoque
3216 3947 3431 4014 feceris,

1847 4022 1942 4076 sed
1983 4031 2034 4076 te
2081 4022 2196 4090 ejus
2239 4025 2545 4081 recordatio
2591 4027 2810 4098 fugerit.
2844 4031 2922 4086 Ac
2973 4035 3260 4102 quiescens
3305 4039 3431 4094 huic

1846 4113 2176 4182 sensuictepi
2222 4122 2277 4167 et
2310 4113 2420 4168 Deo
2464 4127 2519 4170 et
2569 4119 2817 4174 ministro
2847 4125 3050 4192 gratias
3082 4142 3262 4196 agere,
3297 4144 3433 4196 quo-

1846 4203 1991 4256 niam
2030 4213 2161 4258 nutu
2194 4204 2357 4272 illius,
2395 4205 2557 4274 hujus
2587 4222 2771 4277 opera,
2808 4213 2953 4266 velut
2995 4219 3426 4286 supplementum

1847 4297 2208 4351 adhibebatur
2233 4297 2415 4353 oblitae.
2442 4302 2793 4358 conscientiae
2831 4307 2900 4360 atl
2941 4308 3155 4378 culpam
3191 4310 3429 4379 ignotam

1847 4387 2073 4441 salutari
2104 4387 2390 4442 eluendam
2434 4391 2782 4457 ptenitentia.
2819 4394 3017 4451 Plenus
3043 4412 3108 4452 eo
3142 4414 3303 4454 sensu
3342 4417 3432 4455 ac-

165 4482 270 4534 οὐκ
299 4479 523 4549 ῆλεγξεν
551 4480 710 4532 αὐτόν
740 4495 870 4530 ποτε
897 4495 909 4506 ·
939 4478 1073 4530 ἀλλὰ
1101 4478 1196 4531 καὶ
1229 4477 1615 4548 περισσότερον
1639 4477 1745 4548 εἱρ-

1857 4478 1997 4532 cessi
2035 4481 2102 4532 ad
2141 4479 2334 4533 cellam
2364 4480 2592 4546 famuli;
2633 4490 2687 4535 at
2715 4483 2924 4550 pulsato
2966 4488 3128 4553 ostio,
3176 4504 3298 4542 cum
3341 4491 3432 4546 ille

166 4569 406 4637 γὰζετο,
448 4568 541 4620 καί
587 4583 738 4636 φησι”
793 4568 945 4637 Τάχα
991 4568 1181 4637 χρείαν
1229 4567 1341 4636 ἔχει
1392 4568 1419 4619 6
1467 4567 1729 4636 ἀδελφός.

180 4658 487 4729 Ἐθαύμαζε
523 4658 590 4710 τὰ
621 4659 902 4726 σπλάγχνα
935 4658 1043 4709 τῶν
1077 4658 1248 4724 ἁγίων
1291 4658 1386 4710 καὶ
1443 4657 1742 4726 διηγήσατο

167 4751 364 4818 λέγων,
395 4751 475 4802 ὅτι
506 4749 639 4802 [Iota
674 4751 962 4817 γενόμενος
995 4750 1052 4800 ὲν
1102 4751 1166 4819 τῇ
1205 4748 1413 4800 πεδιάδι
1444 4747 1743 4818 διηγήσατό

173 4840 267 4911 μοί
298 4858 380 4903 τις
407 4841 513 4892 τῶν
547 4840 883 4910 ἡγουμένων,
917 4841 997 4891 ὅτι
1035 4841 1264 4909 Ἐμενεν
1293 4835 1462 4907 Δἐγγὺς
1493 4838 1588 4891 τοῦ
1625 4855 1742 4890 κοι-

169 4933 351 4987 νοδίου
378 4933 532 5001 ἡμῶν
564 4931 742 5001 γέρων
785 4947 889 4993 τις’
935 4925 1001 5001 ἦν
1054 4931 1112 4983 δὲ
1148 4931 1508 5000 ἀγαθωτάτης
1541 4928 1739 4999 ψυχῆς·

169 5023 474 5092 ἐγειτνῖαξε
526 5024 582 5075 δὲ
631 5022 875 5091 ἀδελφός·
925 5023 1018 5073 καὶ
1068 5023 1300 5084 ἀπόντος
1343 5020 1438 5073 τοῦ
1491 5020 1744 5089 γέροντος

170 5115 417 5182 ἐγερθεὶς
460 5116 488 5166 6
519 5114 744 5181 ἁδελφὸς
791 5114 968 5184 ἤνοιξε
1025 5115 1121 5185 τὴν
1151 5114 1345 5166 κέλλαν
1395 5108 1561 5164 αὑτοῦ
1589 5152 1604 5175 ,
1649 5111 1746 5163 καὶ

171 5205 428 5260 εἰσελθὼν
472 5205 627 5258 ἔλαδε
654 5206 723 5257 τὰ
772 5205 940 5274 σκεύη
985 5204 1150 5258 αὑτοῦ
1191 5206 1284 5257 καὶ
1311 5196 1379 5256 τὰ
1411 5203 1612 5273 βιϐλία.
1656 5202 1746 5263 Ὡς

170 5293 265 5350 οῦν
291 5293 452 5366 ἦλθεν
476 5299 504 5348 6
540 5297 714 5364 γέρων
747 5295 956 5360 ἀνοίξας
984 5295 1045 5348 τὸ
1078 5295 1304 5360 κελλίον,
1333 5296 1427 5347 καὶ
1461 5295 1535 5364 μὴ
1568 5292 1745 5363 εὑρὼν

171 5393 241 5442 τὰ
274 5391 440 5458 σκεύη
473 5391 662 5447 αὑτοῦ.
704 5386 833 5460 ἦλθε
866 5392 1002 5462 πρὸς
1045 5392 1135 5444 τὸν
1172 5391 1397 5460 ἀδελφὸν
1427 5390 1745 5458 ἀναγγεῖλαι

173 5481 343 5551 αὐτῷ’
379 5477 536 5552 εὗρεν
565 5483 746 5551 ἀκμὴν
773 5481 864 5535 οῦν
893 5482 961 5533 τὰ
990 5483 1156 5550 σκεύη
1191 5481 1353 5534 αὐτοῦ
1378 5485 1432 5533 ἐν
1462 5482 1538 5550 τῷ
1572 5481 1741 5549 μέσῳ·

173 5568 327 5623 οὔπω
352 5572 456 5640 γὰρ
494 5568 561 5640 ἦν
615 5573 641 5623 6
689 5572 912 5640 ἁδελφὸς
961 5571 1246 5633 συστείλας
1297 5571 1471 5623 αύτά’
1519 5573 1612 5622 κοιλ⁶
1668 5571 1745 5639 μὴ

177 5661 344 5713 θέὶων
399 5663 425 5713 6
464 5661 640 5730 γέρων
694 5659 1050 5728 καταισχῦναι
1098 5661 1258 5712 αὑτὸν
1310 5661 1444 5728 μηδὲ
1492 5658 1743 5726 ἐλέγξαι,

177 5753 612 5824 προσεποιήσατο
666 5754 747 5805 ὅτι
806 5751 986 5815 ἔνυξεν
1035 5750 1224 5810 ἑαυτὸν
1281 5752 1314 5820 ἡ
1363 5751 1593 5820 γαστήρ·
1651 5751 1744 5802 καὶ

1856 4570 2160 4638 aperuisset
2189 4609 2205 4635 ,
2240 4570 2390 4640 prior
2417 4574 2710 4639 prostravit
2744 4589 2804 4629 se
2829 4589 3012 4630 coram
3043 4593 3128 4634 me
3157 4580 3428 4648 pteniten-

1845 4658 1974 4710 tiam
2004 4658 2303 4726 postulans,
2328 4665 2384 4712 et
2410 4659 2596 4715 dicens
2624 4680 2637 4715 :
2679 4659 2901 4731 Ignosce
2931 4666 3086 4731 mihi,
3117 4671 3370 4736 quoniam
3398 4686 3429 4727 a

1843 4747 2183 4802 daemonibus
2216 4746 2404 4802 illusus
2434 4763 2552 4801 sum
2592 4750 2731 4804 male
2763 4753 3046 4820 suspicans
3072 4754 3138 4807 de
3164 4764 3235 4807 te.
3263 4754 3430 4813 Plane

1845 4836 2140 4905 siquidem,
2189 4837 2529 4893 illuminatns
2552 4838 2664 4906 jam
2713 4855 2745 4894 a
2790 4842 2920 4909 Deo,
2958 4856 3294 4914 perspectam
3333 4847 3429 4902 hn-

1843 4928 1948 4981 beo
1989 4927 2359 4982 innocentiam
2397 4928 2543 4983 circa
2589 4930 2694 4984 hoc
2738 4940 2907 4984 tuam.
2943 4932 3034 4988 Sic
3071 4934 3161 4989 ille
3213 4951 3301 4990 me
3327 4951 3430 4992 vo-

1846 5017 2053 5073 lentem
2116 5034 2404 5086 excusare,
2452 5031 2612 5091 prout
2662 5033 2884 5091 paratus
2941 5039 3197 5079 veneram
3249 5031 3431 5085 renuit

1847 5109 2056 5174 audire,
2087 5111 2243 5165 aiens
2270 5126 2405 5182 opus
2431 5127 2535 5168 non
2567 5128 2707 5169 esse.
2737 5113 2916 5183 Super
2945 5114 3032 5169 his
3062 5119 3430 5185 pronuntians

1846 5201 2042 5256 beatus
2086 5201 2332 5258 Zositnas
2369 5203 2503 5257 dixit
2532 5222 2547 5259 :
2576 5204 2651 5258 Eu
2691 5219 2972 5274 quousque
3022 5205 3255 5274 perpulit
3301 5221 3426 5262 vera

1847 5294 2125 5348 humilitas
2173 5309 2268 5348 cor
2309 5294 2670 5350 desiderantis
2713 5296 2910 5363 ipsam.
2947 5294 3080 5348 Cum
3129 5295 3232 5348 hoc
3275 5310 3424 5350 men-

1849 5385 2055 5439 tionem
2103 5386 2388 5454 conjunxit
2429 5387 2577 5440 senis
2618 5387 2890 5455 compilati
2946 5401 2977 5440 a
3030 5386 3251 5452 vicino,
3313 5388 3430 5455 ipso

1847 5479 2083 5544 sciente,
2115 5487 2170 5530 et
2211 5492 2317 5530 non
2364 5478 2522 5532 modo
2550 5494 2658 5534 non
2696 5487 2961 5547 querente
2989 5487 3084 5532 aut
3113 5488 3427 5542 accusante,

1849 5568 1944 5623 sed
1986 5578 2041 5621 et
2087 5570 2331 5636 impense
2378 5567 2594 5622 favente
2639 5586 2703 5624 ac
2753 5568 3126 5625 benefaciente
3170 5583 3268 5623 suo
3323 5568 3428 5623 sibi

1850 5656 2138 5711 notissimo
2163 5655 2451 5724 expilatori
2481 5673 2495 5722 ;
2527 5672 2592 5711 eo
2611 5659 2754 5727 quod
2791 5659 2966 5726 ipsum
2996 5671 3261 5712 excusans
3286 5657 3429 5724 apud

1849 5762 1907 5804 se
1946 5745 2312 5817 persuasisset
2340 5747 2467 5816 sibi,
2504 5749 2642 5803 citra
2687 5748 2897 5817 culpam
2947 5749 2999 5803 id
3030 5749 3098 5803 ab
3129 5761 3194 5802 eo
3221 5746 3427 5801 factum
