2044 3173
971 292 1012 318 ΟΕ

501 386 863 463 lSlDORI
919 358 1483 485 PELUSIO'ME

904 542 1082 601 VITA

773 654 942 684 SCRIPTIS
964 654 1011 684 ΕΤ
1032 653 1224 684 DOCTRINA

367 743 816 789 COMMENTATIO
853 742 1178 789 HISTORICA
1216 743 1620 791 THEOLOGICA.

939 860 1060 880 SCRIPSIT

617 942 883 974 HERMANNUS
904 941 1078 972 AGATHO
1100 943 1378 974 NIEMEYERUS

670 1041 755 1059 IHEOL.
774 1041 866 1059 LICENT.
886 1040 948 1058 PHIL.
965 1040 1034 1058 ποετ.
1053 1041 1106 1059 θεὶς.
1126 1042 1211 1059 THEOL.
1228 1042 1319 1061 εειειοι.

650 1121 738 1152 (Halm,
763 1120 787 1144 in
809 1119 908 1145 libraria
934 1119 1157 1151 Orphanolrophei.
1179 1120 1362 1150 MDCCCXXV.)

831 1279 1173 1325 PBJEFATIO.

205 1454 452 1483 Commentatiouis
472 1456 504 1482 de
523 1455 625 1482 Isidoro
641 1455 773 1482 Pvlusiota
789 1455 860 1489 parti
873 1455 965 1489 prima:
982 1461 1006 1482 et
1016 1455 1146 1487 secundae,
1165 1461 1223 1489 qua:
1238 1458 1300 1480 ante
1322 1453 1387 1480 duos
1413 1461 1510 1480 menses
1524 1454 1551 1480 in
1566 1453 1648 1482 lucem
1663 1454 1740 1482 edita
1754 1459 1814 1482 sunt

181 1501 288 1532 idcirco,
303 1507 334 1528 ut
352 1502 419 1529 mihi
438 1502 465 1528 in
479 1501 616 1528 academia
633 1501 816 1528 Fridericiaua
842 1501 1000 1537 theologiam
1015 1502 1123 1529 docendi
1143 1505 1256 1536 potestas
1273 1500 1464 1533 concederetur,
1482 1501 1588 1527 tertiam
1604 1505 1705 1535 partem
1721 1506 1816 1535 praeter

175 1549 334 1583 appendices
350 1549 479 1583 adjunxi.
493 1548 558 1576 Cum
572 1548 653 1582 igitur
668 1549 751 1574 omnis
766 1549 872 1583 scriptio
886 1557 955 1575 nunc
979 1549 1083 1575 domum
1097 1547 1216 1574 absoluta
1229 1547 1332 1581 judicio
1350 1547 1512 1574 eruditorum
1525 1547 1689 1581 subjicienda
1701 1548 1815 1582 mihique

177 1594 317 1621 terendum
332 1594 381 1625 sit,
396 1602 428 1620 ne
446 1594 522 1620 multi
539 1594 674 1620 mirantes.
687 1594 755 1627 quod
768 1601 813 1627 ego
828 1594 859 1620 de
878 1594 985 1620 obscuro
997 1593 1086 1620 saeculi
1105 1592 1189 1627 quinti
1205 1592 1330 1618 monacho
1349 1592 1405 1627 fuse
1425 1597 1450 1619 et
1467 1592 1567 1627 copiose
1582 1593 1710 1625 disserui,
1727 1593 1816 1628 inique

182 1640 212 1666 de
227 1649 266 1666 me
281 1641 461 1674 pra’judiceut
473 1661 479 1671 ,
497 1640 588 1674 paucis
598 1660 605 1671 ,
618 1639 662 1674 qui
673 1639 773 1674 factum
785 1640 818 1666 sit
832 1660 838 1672 ,
854 1644 881 1666 ut
894 1640 940 1666 hoc
959 1647 1013 1674 prce
1026 1639 1126 1666 cwteris
1141 1638 1263 1674 elegerint
1277 1643 1478 1674 argumentum,
1495 1643 1557 1666 ante
1571 1639 1703 1674 explicare
1718 1639 1814 1674 placet,

184 1693 258 1719 quam
272 1686 393 1712 instituti
408 1686 537 1712 rationem
549 1693 689 1719 exponam.

216 1731 284 1757 Nam
298 1731 369 1764 quod
385 1730 520 1758 Semlerus
532 1751 538 1762 ,
556 1739 631 1766 quem
645 1732 724 1758 nimis
736 1740 853 1758 severam
871 1731 902 1758 de
919 1731 1043 1758 Patribus
1066 1730 1247 1757 ecclesiasticis
1266 1738 1444 1764 swpenumero
1472 1730 1561 1757 tulisse
1581 1731 1739 1758 sententiam
1753 1739 1814 1758 con-

182 1781 251 1808 stat,
265 1777 292 1802 in
307 1776 427 1803 Selectis
444 1777 564 1803 historia:
578 1777 771 1804 ecclesiasticae
785 1777 926 1811 Capitibus
937 1798 944 1809 ,
962 1777 1012 1804 vol.
1029 1779 1053 1808 ι⁷
1067 1784 1094 1811 p.
1107 1776 1159 1803 28l
1169 1796 1176 1808 ,
1190 1776 1322 1803 lsidorum
1335 1775 1499 1803 Pclusiotam
1519 1776 1657 1809 Theophilo
1672 1784 1704 1802 ac
1719 1775 1816 1810 Cyrillo

183 1831 357 1858 repugnasse,
381 1823 493 1857 ejusque
514 1823 637 1857 epistolas
663 1824 786 1858 ingenua:
809 1823 968 1858 plerumque
991 1823 1089 1850 indolis
1106 1823 1189 1850 vastis
1215 1822 1363 1849 multorum
1391 1822 1554 1856 corporibus
1582 1822 1661 1858 longe
1694 1823 1817 1851 utiliores

185 1875 257 1900 esse,
273 1869 389 1901 tradidit,
408 1869 436 1895 id
448 1869 578 1903 imprimis
595 1877 635 1895 me
649 1869 764 1903 impulit,
777 1874 804 1896 ut
824 1870 851 1895 in
865 1869 943 1902 hujus
960 1870 1010 1896 viri
1023 1869 1115 1901 vitam,
1130 1870 1227 1904 scripta
1244 1873 1267 1894 et
1287 1868 1434 1894 doctrinam
1448 1868 1578 1903 singulari
1591 1868 1677 1895 studio
1698 1869 1817 1901 inquire-

187 1923 255 1942 rem.
268 1915 351 1950 Neque
365 1920 494 1949 susceptae
511 1924 549 1942 me
563 1916 666 1950 pozuitet
681 1923 777 1949 operte.
796 1914 867 1940 Nam
886 1923 944 1941 cum
959 1914 1076 1942 Isidorus
1087 1934 1094 1944 .
1108 1915 1148 1942 vir
1162 1920 1185 1941 et
1200 1915 1326 1941 doctrina:
1347 1914 1432 1948 copia,
1454 1918 1478 1940 et
1495 1915 1555 1941 vitae
1568 1915 1719 1951 integritate
1731 1916 1817 1943 excel-

191 1959 248 1986 lens
258 1980 265 1992 ,
280 1962 362 1987 eodem
375 1966 492 1995 tempore
513 1969 562 1996 quo
583 1961 823 1995 potentissimarum
840 1960 1019 1987 Erclesiarum
1033 1962 1165 1988 antistites
1180 1961 1248 1987 inter
1260 1968 1314 1987 sese
1333 1965 1484 1993 certarunt,
1497 1962 1602 1996 ﬂoreret
1615 1982 1621 1993 ,
1638 1963 1752 1996 primum
1764 1961 1817 1989 illis

186 2005 257 2031 inter
271 2005 384 2040 ejusdem
393 2006 528 2035 epistolas.
539 2014 570 2032 ex
579 2006 670 2040 quibus
685 2011 738 2032 tum
751 2006 814 2041 quid
825 2006 888 2040 ipse,
897 2011 952 2032 tum
962 2006 1025 2041 quid
1038 2007 1087 2033 ulii
1095 2008 1126 2033 de
1136 2007 1315 2041 episcoporum
1330 2006 1444 2033 dissidiis
1457 2007 1609 2040 statuerint,
1617 2007 1817 2042 apparet,ltaud

188 2053 263 2084 parvi
278 2053 401 2078 momenti
412 2057 482 2079 sunt.
499 2052 575 2084 Quod
589 2057 616 2078 ut
629 2053 775 2086 probemus,
789 2053 961 2087 testiﬁcantur
975 2062 1040 2088 quas
1054 2053 1124 2080 dedit
1140 2053 1184 2080 ille
1198 2055 1232 2080 ad
1249 2052 1420 2080 Theodosium
1438 2053 1624 2088 imperatorem
1639 2054 1741 2081 litteras
1754 2055 1819 2090 περὶ

186 2098 232 2125 τοῦ
257 2098 423 2133 ποιήσασθαι
444 2098 592 2132 ἀσφάλειιν
607 2098 657 2133 τῆς
685 2099 805 2130 συνόδου,
828 2099 860 2125 de
886 2099 993 2126 securitt

1007 2104 1028 2126 te
1051 2100 1159 2134 synodo.
1174 2100 1324 2133 prwstanda
1349 2099 1404 2133 (lib.
1430 2107 1450 2132 ι,
1481 2107 1521 2133 ep.
1539 2099 1600 2132 3H,
1619 2099 1654 2126 cf.
1672 2100 1814 2128 Comment.

186 2154 213 2180 p.
225 2145 282 2176 ΞΟ),
297 2146 452 2180 quibuscum
473 2154 562 2180 quam-
577 2145 712 2180 aptissime
726 2153 859 2179 conuerte,
870 2154 929 2181 qua:
943 2146 978 2172 ad
991 2145 1130 2180 Cyrillum,
1146 2154 1184 2178 eo,
1202 2155 1252 2181 quo
1266 2147 1307 2173 hic
1319 2146 1451 2181 Ephesum
1468 2147 1565 2178 adiret,
1582 2151 1697 2181 tempore
1714 2147 1820 2182 scripta:

188 2198 258 2223 sunt,
275 2193 300 2218 in
315 2193 408 2226 quibus
422 2193 579 2228 gravissima
589 2193 644 2219 ha’c
660 2197 764 2219 exstant
781 2193 857 2220 verba
873 2202 882 2220 :
899 2193 994 2220 Πολλοὶ

1012 2192 1065 2228 γάρ
1077 2201 1107 2219 σε
1122 2193 1282 2228 κωμῳδοῦσι
1293 2192 1345 2219 τῶν
1357 2192 1571 2226 συνειλεγμένων
1582 2193 1622 2223 εἰς
1639 2192 1766 2226 Ἔφεσον,
1781 2192 1819 2224 ὡς

190 2239 291 2266 οἰκείαν
303 2241 473 2274 ἀμυνόμενον
488 2239 598 2275 ἔχθραν,
613 2240 672 2266 ἀλλ’
686 2241 716 2266 οὺ
730 2240 764 2266 τὰ
782 2240 869 2275 ’ἰησθύ
885 2240 1005 2275 Χριττοῧ
1030 2240 1177 2275 ὀρθοδόξως
1197 2240 1340 2275 ζητοῦντα.
1358 2238 1525 2274 Ἀδελφιδοῢς
1538 2240 1613 2271 ἐστι,
1629 2238 1707 2273 φασὶ,
1723 2238 1818 2274 Θεοφί-

192 2285 250 2318 λου,
265 2286 429 2321 μιμηύμενος
445 2287 550 2313 ἐκείνου
568 2288 617 2322 τὴν
631 2288 754 2323 γνώμην.
772 2288 876 2323 Ὥσπερ
893 2287 947 2323 γὰρ
960 2289 1063 2319 ἐκεῖνος
1078 2287 1176 2322 μανίαν
1193 2289 1265 2323 σαφῆ
1280 2287 1466 2315 κατεσκέδασε
1481 2287 1528 2313 τοῦ
1544 2287 1675 2322 θεοφόρου
1696 2287 1744 2314 καὶ
1760 2287 1820 2315 θεο-

193 2333 284 2369 φιλοῦς
300 2335 423 2362 Ἰωάννου
434 2356 441 2368 ,
458 2334 543 2366 οὓτως
556 2335 686 2371 ἐπιθυμεῖ
701 2335 893 2370 καύχήσασθαι
913 2334 984 2370 [ι-οιΙ.
1008 2335 1072 2362 Bav.
1090 2335 1255 2370 καυχᾶσθαι]
1269 2335 1315 2362 καὶ
1331 2331 1407 2365 οὗτος
1417 2355 1424 2366 ,
1437 2335 1461 2361 ει
1477 2334 1524 2362 καὶ
1539 2333 1606 2361 πολὺ
1621 2334 1676 2361 τῶν
1690 2335 1820 2370 κρινομέ-

191 2388 246 2406 νων
259 2381 313 2407 ἐστὶ
328 2380 358 2407 τὸ
375 2380 516 2415 διὰφορθν.
529 2395 565 2400 --
579 2380 635 2407 Lib.
655 2388 673 2414 I,
688 2389 728 2416 ep.
750 2379 812 2408 310.
831 2379 872 2415 Cf.
889 2380 998 2408 Comma:

1015 2384 1033 2407 t.
1050 2388 1077 2414 p.
1092 2379 1136 2407 20.
1149 2395 1183 2400 -
1198 2380 1240 2407 Ex
1255 2380 1295 2408 his
1310 2381 1380 2407 enim
1397 2380 1525 2415 quomodo
1539 2379 1625 2411 multi,
1643 2381 1691 2407 etsi
1705 2381 1819 2409 ΝικογῙί

191 2426 334 2453 doctrinam
348 2426 506 2461 rejecerunt,
523 2425 710 2466 Αῐςιυριίονιιηι
725 2426 839 2461 episcopi
853 2434 916 2461 erga
932 2426 1098 2462 Theophilum
1109 2427 1169 2461 jam
1183 2427 1332 2461 defunctum
1350 2431 1374 2453 et
1394 2425 1521 2462 Cyrillum
1538 2426 1650 2453 animati
1664 2428 1770 2462 fuerint,
1786 2427 1820 2454 li-

193 2477 232 2498 cet
245 2473 368 2508 colligere.
384 2472 476 2507 Neque
491 2471 538 2497 hoc
553 2471 608 2498 loco
624 2473 848 2507 printer-mittenda
863 2478 923 2499 sunt
933 2472 1036 2500 silentio
1049 2493 1055 2503 .
1071 2479 1131 2508 qua!
1144 2472 1261 2499 Isidorus
1282 2473 1317 2499 ad
1338 2472 1471 2500 Simonem
1492 2473 1648 2499 ntonachum
1668 2474 1700 2500 de
1717 2473 1821 2500 Joanne

189 2518 371 2554 Chrysostomo
390 2521 497 2555 scripsit
516 2527 540 2549 et
556 2520 707 2555 Theophila.
726 2528 803 2555 quem
824 2519 957 2554 λιοομανῆ
979 2528 996 2546 κ

1012 2519 1027 2546 ,ἱ
1042 2519 1229 2554 χρυσολάτρην
1249 2519 1296 2554 (sic
1315 2520 1384 2546 enim
1396 2529 1444 2555 pro
1461 2519 1642 2555 χρυσολάτριν
1657 2521 1819 2548 scribendum

188 2566 246 2600 est).
263 2566 390 2601 appellat,
407 2568 477 2594 nihil
491 2567 566 2594 aliud
580 2568 619 2594 his
636 2566 717 2593 verbis
731 2565 940 2601 signiﬁcaturus,
956 2573 1037 2600 quam
1053 2565 1222 2600 Theophilum
1237 2566 1320 2593 nimia
1334 2565 1449 2599 aediﬁcia
1465 2566 1617 2594 exstruendi
1631 2566 1763 2600 cupidius,
1780 2566 1821 2592 ui-

185 2613 293 2648 mioque
306 2615 365 2640 auri
383 2623 477 2641 amare
492 2615 651 2650 ﬂagrantem
666 2613 746 2640 etiam
762 2613 861 2646 injuste
880 2611 956 2638 modo
976 2611 1027 2638 sibi
1049 2619 1216 2646 comparasse
1234 2611 1350 2638 divitias.
1364 2611 1421 2644 Quo
1437 2611 1535 2639 Isidori
1556 2611 1659 2646 judicio
1674 2612 1770 2639 mirum
1792 2611 1821 2637 in

186 2659 296 2686 modum
315 2659 496 2693 conﬁrmatur.
512 2660 582 2695 quod
594 2658 743 2689 Palladius,
760 2666 837 2694 quem
852 2657 928 2684 multi
941 2665 1001 2684 cum
1015 2658 1056 2684 ira
1079 2662 1103 2684 et
1119 2658 1206 2684 studio
1219 2658 1353 2691 scripsisse
1375 2658 1558 2693 afﬁrmarunt.
1574 2657 1699 2688 tradidit,
1715 2657 1821 2684 antisti-

185 2712 238 2732 tem
251 2704 466 2732 Alezandriuum
482 2706 595 2732 nimiam
610 2705 757 2732 adhibuisse
781 2705 809 2731 in
835 2704 948 2732 ecclesiis
975 2704 1139 2738 aediﬁcandis
1162 2704 1402 2739 magnificentiam,
1416 2712 1527 2740 eumque
1542 2703 1685 2730 vendidisse
1699 2703 1822 2733 sacerdo-

188 2750 263 2776 tium.
281 2748 382 2783 fDial.,
399 2749 434 2775 de
448 2749 501 2776 vita
516 2749 545 2777 S.
559 2749 673 2777 Joannis
688 2749 871 2785 Chrysostomi
885 2747 948 2785 (a).]
960 2748 1070 2784 Reliqua
1085 2756 1143 2783 qua?
1159 2749 1209 2775 huc
1226 2753 1344 2783 spectant
1358 2750 1386 2776 in
1404 2750 1491 2784 prima
1507 2749 1733 2778 commentationis
1746 2753 1823 2784 parte

187 2799 233 2822 aut
244 2795 405 2830 perstrinxi,
422 2799 470 2821 aut
485 2796 597 2830 exposui.

217 2865 254 2897 (ιι)
267 2865 331 2897 Opp.
347 2865 471 2895 Clrrysost
493 2867 582 2890 nostra
594 2865 655 2890 edit.
673 2868 731 2890 tom.
751 2866 769 2895 l,
788 2866 837 2891 col.
853 2865 892 2891 22.
909 2866 977 2892 Eon.
993 2866 1069 2891 ινιτ-ιι,

345 2909 491 2938 ΡΔτιιοιρ.
513 2907 569 2937 Gn.
592 2908 746 2940 LXXVIII.

1479 2952 1483 2956 .
1590 2906 1604 2941 ι

947 3085 1134 3146 4863
