2044 3173
207 117 234 147 3ι
771 119 1104 151 COMMENTATIOle
1122 121 1217 152 PARS
1235 121 1277 153 II.
1798 115 1832 144 32

221 193 1740 206 ____.._..___.___________________—._____._.

731 279 906 336 PARS
947 281 1301 338 SECUNDA.

697 389 740 416 DE
770 390 926 419 SCRIPTIS
955 391 1081 420 ISIDOI’tl
1106 392 1325 421 PELUSIOTE.

239 542 359 570 Isidorus
381 543 516 570 Pelusiota
537 547 636 578 przeter
667 543 805 578 epistolas.
835 545 869 573 de
891 547 991 581 quibus
1006 552 1026 579 Α
1042 548 1195 576 exstiterint
1209 548 1280 580 libri,
1298 556 1413 584 quorum
1433 548 1461 575 in
1475 548 1526 576 boc
1550 553 1645 576 contra
1668 546 1788 580 Gnaeos,
1805 546 1833 574 in

205 589 292 616 fusius
314 597 424 624 agemus
439 592 544 623 postea.
572 588 639 616 alios
663 596 781 624 quoque,
805 591 851 625 qui
874 599 929 618 non
958 592 991 620 ad

205 639 325 661 nostram
359 641 444 668 usque
471 638 655 667 pervenerunt
681 634 799 667 a-t‘atem,
828 637 992 672 conscripsit

204 679 304 711 libros;
317 680 387 714 quod
399 683 427 706 ut
439 680 585 714 probemus
601 680 634 707 ad
648 679 738 707 Suidze
760 681 796 716 (η)
815 686 843 708 et
857 682 992 716 Nicepho-

205 726 227 752 ri
243 725 278 760 (ὁ)
296 725 485 752 auctoritatem
507 724 629 760 refugere
646 733 701 752 non
720 734 833 753 necesse
847 732 899 758 est.
929 736 990 754 cum

205 773 262 807 ipse
279 773 375 800 librum
389 780 467 800 suum
483 773 607 799 adversus
623 772 725 800 Gra’cos
742 774 783 800 bis
800 781 992 802 commemora-

205 819 284 846 verit.
297 819 426 847 llermino
449 819 521 845 enim
537 819 629 846 comiti
649 819 682 853 (ο)
699 819 842 853 quaerenti,
864 821 916 854 qui‘
934 820 990 852 ﬁat,

205 870 234 891 ut
245 865 399 892 hominibus
414 864 544 899 improbis
557 867 585 890 et
598 863 720 891 scelestis
740 864 889 899 smpissime
900 866 991 892 oumia

205 911 259 938 sint
279 910 409 942 secunda,
437 910 514 945 probi
535 914 628 937 contra
656 914 684 937 et
699 910 799 944 pietate
815 910 935 945 insignes
961 912 988 938 in

204 958 384 986 acerbissimis
394 962 536 985 versentur
548 957 626 984 malis
637 961 664 984 et
675 957 885 990 calamitatibus,
899 960 993 986 reseri-

204 1004 264 1032 bit:
285 1012 314 1031 se
337 1003 470 1032 dimcilem
494 1004 564 1030 hanc
591 1003 768 1039 qua-stionem
799 1005 828 1029 ὲν
856 1004 894 1039 τῷ
925 1007 993 1039 προς

204 1050 338 1085 ’Έλληνας
368 1050 500 1085 γραφέντι
522 1049 603 1084 λόγῳ,
631 1054 762 1084 quantum
789 1049 847 1077 fieri
888 1055 990 1085 posset,

203 1097 325 1124 solvisse.
339 1096 408 1123 Eum
424 1095 518 1122 eodem
541 1096 567 1122 in
583 1095 652 1123 libro
665 1096 692 1122 in
713 1095 869 1123 Graecorum
896 1096 992 1123 vatici-

203 1142 286 1169 nandi
302 1146 387 1168 artem
404 1141 503 1168 acriter
513 1141 649 1168 invectum
665 1149 734 1172 esse.
750 1142 850 1168 scimus
869 1150 901 1168 ex
915 1142 993 1169 initio

203 1187 324 1223 epistola:
339 1187 398 1221 ejus
415 1187 449 1214 ad
473 1187 638 1220 Harpocram
655 1187 802 1220 sopbistam
827 1186 875 1222 (d),
900 1187 927 1214 in
940 1196 992 1221 qua

1045 594 1090 621 illo
1114 594 1147 621 de
1171 594 1225 621 lato
1245 595 1341 629 egerit,
1368 595 1503 629 duplicem
1542 594 1616 621 hunc
1652 594 1761 621 titulum
1785 593 1834 620 uni

1045 640 1187 675 eidemque
1212 641 1280 667 libro
1302 641 1369 668 bene
1395 641 1541 668 convenire
1558 648 1638 675 posse
1670 640 1834 673 respondeo,

1045 685 1501 719 dummodoaccipiamuslsidorum
1518 684 1596 718 λόγον
1610 683 1677 718 πρδς
1696 683 1836 716 Ἕλληνας

1045 731 1166 766 περὶτοῦ
1187 731 1222 766 μὴ
1239 730 1307 757 εἶναι
1323 731 1494 766 εἱμαρμένην
1510 730 1662 757 confecisse
1682 730 1722 763 (ἰ).
1747 730 1837 763 Atque

1045 777 1116 810 quod
1132 776 1209 802 allert
1237 775 1413 802 lloumannus
1438 775 1488 809 (ἀ),
1514 774 1559 809 qui
1582 773 1617 800 ob
1644 772 1670 799 id
1688 773 1788 806 ipsum,
1806 774 1838 798 ut

1045 821 1104 855 ejus
1123 826 1183 848 utar
1207 821 1307 852 verbis,
1324 820 1396 855 quod
1416 820 1516 846 librum
1532 819 1566 846 de
1585 818 1640 845 fato
1655 818 1773 852 λογίδιον
1786 824 1836 851 po-

1046 868 1099 894 tius
1114 874 1195 901 quam
1214 866 1292 900 λόγον
1309 865 1460 892 vocandum
1478 868 1572 892 censet
1592 863 1722 894 lsidorus.
1741 863 1775 890 ab
1791 863 1836 889 illo

1045 921 1125 948 quem
1153 917 1246 939 contra
1276 912 1383 939 (ιι-τερος
1407 911 1525 946 scripsit,
1556 911 1597 938 bis
1621 910 1700 944 λόγου
1725 910 1837 936 nomine

1045 963 1182 990 ornatum,
1202 958 1338 986 diversum
1363 965 1424 984 esse
1449 957 1554 986 statuit,
1581 963 1635 982 non
1659 955 1748 990 magni
1776 962 1837 981 mo-

1045 1004 1128 1031 menti
1154 1009 1205 1031 est.
1233 1004 1298 1030 Nam
1327 1003 1446 1030 Isidorus
1467 1002 1501 1029 ab
1527 1001 1658 1028 llermino
1672 1007 1838 1035 magnopere

1045 1051 1180 1082 laudatus,
1207 1058 1257 1085 pro
1280 1049 1389 1083 insigni,
1417 1056 1468 1083 qua
1484 1047 1620 1079 excelluit,
1637 1047 1769 1074 modestia
1788 1045 1837 1080 (It),

1046 1097 1144 1124 librum
1163 1104 1242 1124 suum
1261 1095 1311 1123 etsi
1327 1095 1406 1129 λόγου
1437 1094 1548 1121 nomine
1582 1093 1692 1128 dignum
1721 1092 1838 1126 λογίδιον

1045 1141 1183 1176 appellare
1198 1140 1295 1175 potuit.
1311 1140 1400 1172 Quare
1419 1139 1461 1166 bis
1480 1138 1609 1164 omnibus
1626 1137 1730 1171 probari
1742 1136 1839 1171 nequit

1047 1187 1140 1215 lsidori
1155 1188 1278 1214 adversus
1292 1185 1396 1212 Gnaeos
1413 1185 1590 1219 scriptioncm
1612 1192 1626 1210 a
1645 1183 1712 1210 libro
1729 1183 1766 1210 De
1781 1183 1838 1216 [an

203 1233 238 1260 de
251 1233 302 1260 bac
317 1240 346 1258 re
362 1232 469 1259 inhunc
483 1231 602 1266 loquitur
615 1232 725 1259 modum
740 1240 746 1258 :
765 1232 855 1267 ’Ότιὴ
876 1233 993 1269 μαντικὴ
1011 1231 1032 1258 Β
1045 1234 1180 1262 diversam
1204 1240 1274 1260 esse.
1297 1231 1377 1264 Quid,
1403 1231 1425 1257 si
1454 1230 1514 1264 quis
1528 1233 1681 1264 propterea,
1708 1229 1838 1263 quoniam

204 1278 282 1309 ὕθλος
293 1276 325 1312 ἦν
336 1286 371 1304 πα
377 1277 400 1313 ρ’
409 1277 522 1312 Ἕλλησι
533 1278 579 1304 καὶ
592 1278 679 1312 μάτην
690 1277 854 1313 ὲθρυ).λεῐτο,
866 1278 997 1306 δέδεικται

207 1323 257 1358 μέν
271 1332 314 1358 μοι
333 1324 362 1349 ὲν
378 1322 415 1358 τῷ
444 1323 513 1357 πρὸς
537 1322 670 1358 ’Έλληνας
684 1322 765 1358 λόγῳ.
781 1324 892 1350 Constat
917 1323 997 1359 igitur

204 1376 266 1396 eum
289 1373 383 1396 contra
411 1367 521 1396 Graecos
545 1368 602 1395 sive
629 1368 742 1403 gentiles
759 1369 947 1403 composuisse
963 1369 996 1395 li-

204 1415 294 1447 brum;
309 1414 355 1442 sed
369 1419 459 1441 utrum
471 1415 514 1441 hic
535 1414 602 1441 liber
616 1414 650 1440 ab
665 1414 710 1440 illo
728 1415 792 1448 περὶ
813 1414 860 1440 τοῦ
876 1414 912 1449 μὴ
928 1413 997 1440 εἶναι

205 1461 387 1496 εἱμαρμένην,
413 1468 493 1495 quem
517 1461 544 1487 in
563 1461 612 1487 alia
631 1460 662 1487 ad
682 1461 807 1487 eumdem
834 1460 993 1487 llerminum

205 1506 317 1540 epistola
334 1506 368 1540 (e)
383 1505 472 1537 affert,
488 1506 623 1538 diversus,
641 1513 675 1532 an
690 1506 761 1532 idem
776 1506 821 1538 sit,
833 1513 903 1533 nava
921 1506 996 1533 vide-

207 1551 381 1586 turindigere
397 1551 595 1586 disquisitione.
617 1551 748 1578 Eumdem
767 1559 827 1578 esse
847 1552 997 1579 arbitratur

206 1595 423 1623 Rittbersbusins
437 1597 486 1631 (ρ,
503 1604 621 1630 quocum
643 1597 775 1631 Dupinius
793 1596 830 1632 (ῃ)
848 1597 995 1629 consentit,

206 1641 252 1676 qui
265 1649 296 1668 ex
311 1641 396 1676 ipsius
410 1642 505 1669 isidori
520 1642 608 1669 verbis
622 1643 695 1669 hunc
711 1643 797 1670 tribus
806 1643 928 1677 epistolis
944 1643 996 1670 illis

206 1687 239 1714 de
253 1696 305 1714 uno
321 1688 442 1721 ejusdem
471 1689 623 1723 argumenti
651 1688 719 1715 libro
750 1689 837 1724 egisse
866 1689 996 1716 audacter

206 1733 304 1767 arguit.
320 1733 404 1767 Negat
422 1733 561 1760 Fabricius
577 1735 626 1767 (Ιι),
644 1734 688 1768 qui
705 1742 738 1761 ex
757 1739 916 1770 argumento
934 1735 994 1762 libri

206 1779 330 1805 adversus
365 1778 480 1812 Crrrcoa,
509 1788 523 1806 a
549 1788 602 1811 me,
636 1786 770 1814 quantum
802 1781 859 1807 ﬁeri
894 1785 994 1816 potest,

206 1823 338 1858 exposito,
355 1825 520 1851 contrarium
536 1825 682 1860 colligit.—
700 1825 753 1852 Sed
776 1825 893 1856 libellus.
915 1834 995 1860 quem

207 1868 325 1896 Isidorus
349 1869 385 1896 De
400 1869 455 1899 [ato
483 1870 602 1904 scripsit,
627 1876 721 1897 contra
737 1871 862 1898 ethnicos
879 1871 996 1905 scriptus

207 1914 266 1945 fuit,
281 1915 307 1941 in
321 1923 407 1950 eoque
429 1915 498 1942 libro
512 1921 604 1943 contra
617 1917 740 1952 gentiles,
766 1918 791 1944 in
804 1925 867 1952 quo,
887 1918 924 1944 uti
938 1918 993 1952 jam
1009 1909 1030 1938 Ο

207 1959 335 1992 diximus,
358 1961 391 1987 de
410 1961 516 1995 piorum
542 1961 682 1988 hominum
698 1962 817 1993 miseria,
833 1970 994 1997 pravorum-

207 2013 259 2040 que
275 2006 401 2033 felicitate
420 2007 562 2041 agebatur,
584 2011 696 2041 optuma
716 2008 776 2035 sine
794 2008 875 2035 dubio
891 2009 924 2035 de
940 2008 994 2035 lato

209 2050 321 2078 dicendi
344 2051 522 2078 luitoeeasio.
537 2066 572 2070 —
600 2051 690 2084 Quare
716 2060 747 2079 ex
774 2054 915 2088 utriusque
931 2054 991 2080 libri

208 2100 367 2131 argumento
395 2096 482 2131 colligi
511 2105 565 2124 non
584 2097 647 2124 licet
672 2102 817 2133 utrumque
839 2099 935 2126 librum
952 2099 992 2126 in-

209 2145 250 2168 ter
264 2149 293 2169 se
319 2141 401 2169 fuisse
426 2142 584 2175 diversum;
606 2151 695 2177 neque
715 2148 805 2170 tamen
827 2143 992 2171 eontrarimn

208 2188 272 2215 inde
283 2188 411 2222 consequi
434 2188 559 2215 lubenter
585 2189 681 2215 fateor.
702 2188 777 2222 Quod
794 2189 815 2216 si
832 2197 895 2216 vero
918 2191 993 2224 quis-

207 2233 279 2268 piam
309 2233 374 2259 mibi
389 2233 508 2268 objieiat,
533 2233 663 2260 lsidnrum
682 2233 750 2260 duos
765 2234 887 2260 attulisse
910 2234 993 2261 libro-

208 2287 268 2306 rum
292 2279 393 2312 titulos,
425 2286 489 2314 ergo
517 2287 629 2306 neCesse
659 2287 719 2306 esse
745 2283 773 2306 ut
803 2281 857 2306 duo
887 2289 995 2315 quoque

245 2367 376 2404 (aiﬁuid.
392 2367 534 2403 Ἰσίδωρος,
548 2368 644 2403 inquit,
656 2382 692 2386 ——
701 2369 847 2400 ἐπιστολὰς
859 2369 993 2404 γέγραφε,

209 2404 257 2430 καὶ
275 2402 343 2429 ἄλλα.
359 2403 428 2429 τινά.

305 2436 417 2474 Niceph.
429 2438 504 2474 flia.
522 2438 594 2474 νει-ειη
612 2438 659 2466 lib.
675 2446 729 2467 xlv.
747 2446 806 2472 cap.
822 2439 874 2466 53:
890 2439 943 2465 Καὶ
959 2439 990 2474 δὴ

209 2472 294 2509 πολλὰ
308 2473 358 2509 μὲν
370 2473 444 2509 αὑτῷ
462 2473 568 2509 ὲλράφη
581 2473 712 2508 ὠφελείας
730 2473 839 2509 ἁπάσης
860 2473 971 2509 ἕμπλεω
985 2472 990 2488 ⁵

210 2507 327 2541 μάλιστα
338 2507 366 2533 δὲ
380 2507 530 2534 ἐπιστολαί.

244 2543 278 2577 (ε)
292 2542 348 2577 Lib.
367 2550 396 2573 ιι,
412 2550 457 2577 cp.
474 2543 534 2569 187.

245 2578 283 2611 ((1)
296 2576 355 2604 Lib.
374 2585 402 2608 Il,
417 2586 460 2612 ep.
477 2578 539 2604 228.

244 2614 278 2645 (e)
300 2612 362 2639 Lib.
378 2621 419 2644 ιιι,
434 2620 477 2647 ep.
494 2612 558 2639 253.

244 2647 277 2681 (ι’)
292 2647 490 2674 Hittcrslntsius
502 2647 527 2673 in
542 2647 614 2674 notis
626 2648 659 2674 ad
675 2656 718 2682 ep.
732 2649 791 2675 157.
805 2649 850 2675 lib.
866 2657 896 2674 ιι.
913 2649 992 2675 Liber

209 2687 301 2718 contra
320 2682 427 2710 Graecos
443 2682 564 2718 fortassis
579 2683 651 2709 idem
667 2689 719 2713 est,
738 2683 836 2718 inquit,
851 2691 912 2710 eum
929 2691 989 2709 ora-

210 2716 293 2746 tione.
310 2725 390 2751 quam
409 2723 502 2745 contra
515 2717 600 2744 fatum
616 2718 738 2752 scripsit.

247 2751 284 2784 (θ)
302 2752 340 2778 Du
354 2753 403 2779 Pin
416 2753 485 2779 Bibl.
497 2753 643 2788 auctam-cl.
661 2751 726 2788 tom.
747 2752 815 2785 XII],
829 2761 855 2786 p.
872 2761 901 2783 ll,
921 2762 947 2788 p.
965 2754 990 2783 ὦ.

209 2789 267 2812 not.
289 2794 312 2817 ο.
326 2787 384 2814 base
396 2788 490 2814 scribit
505 2796 510 2814 ε
525 2787 543 2814 Il
557 2786 611 2813 cite
622 2787 646 2813 le
662 2787 752 2814 Traité
767 2788 802 2814 du
818 2788 906 2814 destin
922 2786 992 2815 dans

209 2820 234 2854 ,la
248 2820 326 2849 lettre
336 2822 397 2856 255,
409 2823 444 2850 du
458 2822 525 2852 livrc
543 2830 582 2848 ιιι.
593 2821 623 2848 Jc
634 2830 665 2849 nc
679 2822 701 2849 le
713 2823 783 2849 crois
801 2831 849 2857 pas
866 2822 991 2850 ditiorem

1048 1284 1172 1314 utraque,
1201 1287 1231 1306 ca
1259 1278 1363 1305 scilicet
1385 1284 1465 1311 quam
1491 1275 1579 1310 primo
1603 1280 1631 1302 ct
1659 1275 1740 1302 tertio
1778 1275 1840 1302 loco

1048 1325 1227 1356 laudavimus,
1250 1323 1373 1358 epistola,
1390 1322 1424 1348 ad
1448 1321 1574 1348 eumdem
1595 1320 1663 1347 data:
1679 1325 1744 1347 sunt
1767 1320 1838 1347 Her-

1048 1371 1162 1402 minum,
1176 1369 1340 1397 contrarium
1362 1367 1528 1394 contendere
1544 1370 1571 1393 et
1592 1366 1707 1401 probare
1725 1373 1838 1394 conare-

1050 1416 1111 1442 tur?
1140 1414 1235 1441 Posset
1259 1413 1331 1440 enim
1358 1420 1412 1439 non
1438 1412 1472 1438 ab
1497 1411 1572 1438 omni
1599 1411 1839 1438 verisimilitudine

1048 1461 1163 1488 alienam
1183 1460 1326 1487 instituere
1352 1457 1586 1485 ratiocinationem
1607 1457 1761 1492 bujusmodi
1778 1466 1784 1483 :
1803 1456 1839 1484 Ut

1049 1514 1112 1534 cum
1147 1514 1179 1533 ex
1198 1506 1242 1532 illa
1267 1505 1329 1531 libri
1353 1504 1462 1531 secundi
1479 1503 1512 1530 ad
1540 1503 1699 1530 llerminum
1723 1503 1839 1538 epistola

1048 1557 1185 1587 appareat.
1205 1551 1336 1578 lsidorum
1355 1550 1484 1577 llermino
1501 1549 1551 1583 ipsi
1568 1549 1749 1584 qurestionem
1770 1556 1839 1584 pro—

1048 1597 1159 1632 ponenti
1182 1596 1367 1630 respondisse,
1398 1602 1427 1621 se
1455 1594 1488 1620 de
1509 1594 1560 1621 hac
1580 1601 1609 1620 re
1633 1593 1718 1620 fusius
1734 1593 1789 1628 jam
1811 1593 1838 1620 in

1047 1643 1116 1670 libro
1144 1643 1268 1668 adrersus
1297 1641 1402 1667 Gru'ros
1431 1640 1528 1675 egisse,
1558 1639 1627 1666 nihil
1655 1639 1837 1666 verosimilius

1047 1688 1092 1720 sit,
1108 1695 1187 1722 quam
1204 1687 1289 1716 illum,
1305 1686 1347 1713 cui
1367 1690 1492 1713 accurata
1507 1685 1664 1719 qttzvstionis
1679 1685 1837 1719 dijudicatio

1048 1738 1157 1768 accepta
1173 1740 1234 1759 esse
1249 1732 1352 1760 debuit.
1370 1731 1468 1758 blande
1482 1739 1497 1758 a
1513 1731 1637 1758 familiari
1653 1739 1703 1758 suo
1717 1739 1837 1766 rogasse,

1047 1786 1078 1808 ut
1092 1781 1190 1807 librum
1206 1780 1281 1807 illtnn
1296 1780 1429 1806 mitteret.
1447 1779 1539 1813 Neque
1555 1779 1638 1808 bttnc,
1655 1782 1684 1804 ut
1699 1786 1730 1804 ex
1752 1778 1839 1804 altera

1047 1827 1080 1854 ad
1108 1826 1268 1853 llerminum
1297 1825 1411 1859 epistola
1440 1825 1610 1855 videremus,
1642 1831 1736 1858 preces
1765 1823 1841 1850 illius

1047 1872 1215 1907 repudiasse,
1237 1871 1283 1898 sed
1305 1871 1412 1898 misisse
1436 1879 1488 1898 una
1504 1878 1565 1897 cum
1582 1870 1623 1896 bis
1637 1870 1734 1896 litteris
1757 1877 1839 1904 quem

1047 1919 1091 1945 ille
1101 1918 1270 1952 postulasset
1285 1917 1432 1943 librum.-
1446 1917 1510 1949 Quae
1525 1915 1659 1943 sententia
1675 1915 1725 1942 etsi
1751 1915 1840 1949 primo

1048 1963 1156 1997 quidem
1172 1963 1267 1989 obtutu
1283 1962 1423 1996 placuerit,
1447 1965 1536 1988 tamen
1551 1961 1597 1996 qui
1621 1966 1726 1988 attento
1746 1961 1842 1987 animo

1048 2008 1108 2035 libri
1125 2008 1195 2035 tertii
1212 2008 1245 2034 ad
1267 2007 1426 2034 llerminum
1450 2007 1554 2034 litteras
1574 2007 1729 2042 perlegerit,
1748 2007 1771 2034 is
1782 2011 1840 2033 sta-

1048 2055 1095 2081 tim
1124 2054 1237 2088 rejiciet.
1269 2053 1313 2080 Eae
1341 2053 1414 2079 enim
1445 2052 1488 2080 bis
1519 2053 1696 2079 continentdr
1721 2053 1838 2079 verbis:

1050 2110 1058 2126 ι
1069 2100 1200 2133 Quoniam
1217 2099 1348 2132 scripsisti
1362 2107 1403 2125 me
1418 2107 1507 2134 nuper
1522 2099 1640 2125 libellum
1650 2099 1683 2126 de
1699 2099 1754 2125 fato
1764 2107 1842 2126 cnn-

1047 2147 1180 2180 posuisse,
1197 2147 1242 2180 qui
1265 2146 1298 2172 ab
1320 2146 1380 2172 aliis
1402 2145 1507 2180 magnis
1527 2144 1654 2171 laudibus
1680 2145 1713 2172 ad
1739 2146 1840 2172 cwlum

1047 2199 1133 2225 usque
1154 2191 1250 2221 elatus,
1275 2191 1308 2216 ab
1328 2190 1387 2216 aliis
1415 2189 1553 2220 omnibus,
1584 2189 1609 2215 in
1639 2190 1739 2223 quibus
1767 2190 1839 2216 idem

1049 2241 1178 2263 tractetur
1192 2241 1391 2271 argumentum.
1401 2235 1605 2270 seriptionibus,
1622 2225 1839 2269 sitprazpositns,

1047 2281 1176 2316 quoniam
1200 2286 1229 2308 ιιι
1249 2282 1323 2308 hunc
1344 2281 1444 2307 librum
1461 2281 1492 2307 ad
1510 2285 1535 2307 te
1556 2281 1695 2307 mitterent
1712 2285 1838 2314 precatus

1046 2369 1081 2396 du
1099 2369 1188 2396 Troile
1198 2374 1285 2396 contra
1302 2368 1339 2396 [es
1350 2368 1449 2396 (lentils
1466 2369 1519 2396 cité
1532 2369 1599 2396 dans
1614 2369 1655 2396 les
1666 2369 1760 2396 lettres
1776 2370 1836 2401 157,

1047 2409 1074 2431 et
1094 2405 1155 2435 228,
1168 2405 1202 2431 du
1217 2413 1246 2431 ιι.
1263 2404 1340 2434 lit-rc.
1356 2412 1435 2439 parce
1449 2412 1502 2439 que
1517 2411 1548 2430 re
1559 2404 1625 2439 qu‘il
1642 2412 1676 2432 en
1689 2405 1729 2432 dit
1741 2412 1776 2432 en
1791 2413 1838 2434 ces

1047 2440 1168 2466 endrnits
1185 2440 1297 2474 regarde
1309 2440 1331 2466 la
1347 2440 1434 2467 meme
1453 2439 1576 2467 matiére.

1082 2475 1118 2508 (ll)
1136 2475 1275 2501 Fabricius
1286 2475 1302 2501 I.
1318 2482 1342 2501 e.
1355 2483 1380 2508 p.
1396 2474 1459 2501 256.

1083 2510 1114 2541 (ἱ)
1133 2510 1168 2536 Ita
1185 2510 1294 2546 videtur
1307 2509 1575 2546 sensisseilbtpioius
1590 2510 1634 2546 qui
1648 2510 1746 2539 l.c.:|l
1763 2514 1837 2546 parte

1048 2544 1199 2576 lui—meme,
1218 2544 1314 2578 inquit,
1335 2545 1400 2571 d'un
1424 2545 1512 2571 Trailé
1533 2545 1569 2572 du
1588 2544 1672 2573 deum
1696 2544 1785 2574 centre
1801 2547 1836 2575 les

1084 2615 1117 2648 (jl
1136 2614 1286 2640 Heumann.
1303 2614 1371 2640 Diss.
1387 2614 1419 2641 de
1438 2614 1502 2640 Isid.
1521 2614 1576 2641 Pel.
1598 2615 1648 2677 f6,
1662 2623 1689 2649 ι).
1706 2617 1733 2644 9.

1086 2649 1121 2677 (Μ
1136 2649 1177 2676 Cf.
1188 2649 1234 2674 lib.
1248 2657 1281 2677 tv.
1294 2657 1337 2677 ep.
1348 2650 1391 2677 60.
1403 2649 1584 2677 ο.Ηϐ.1ἰι.Α
1608 2653 1644 2677 in.
1660 2651 1676 2676 8
1692 2661 1733 2677 :—

1086 2649 1121 2684 (lt‘)
1136 2649 1177 2676 Cl'.
1188 2649 1234 2674 lib.
1248 2657 1281 2677 tv.
1294 2657 1337 2682 ep.
1348 2650 1391 2679 60,
1403 2657 1428 2682 p.
1442 2649 1553 2680 “iuit.
1565 2651 1584 2676 A
1598 2649 1644 2677 lin.
1660 2651 1676 2676 8
1692 2661 1744 2677 ;-
1756 2652 1836 2683 Ἴσως

1046 2683 1100 2718 γὰρ
1110 2685 1133 2709 εἰ
1143 2684 1188 2709 καὶ
1199 2684 1227 2708 ἐν
1239 2683 1324 2718 τούτῳ
1338 2684 1574 2718 πλεονεκτολῦνται,
1585 2687 1614 2712 ὲν
1628 2686 1717 2717 ἄλλοις
1732 2687 1828 2713 πλεον-

1049 2715 1168 2750 ὲκὲοῦσι,
1197 2718 1244 2744 καί
1259 2715 1318 2745 τινά
1333 2719 1458 2753 ἐνόησαν,
1473 2715 1510 2745 ὧν
1520 2715 1601 2750 «ait;
1611 2721 1664 2747 οὐδ’
1681 2715 1720 2752 aii;
1731 2721 1835 2747 ἔννοιαν

1046 2753 1196 2790 ἀφικόμην.
1221 2752 1347 2790 Ejusdem
1376 2752 1403 2780 in
1419 2755 1563 2782 sententiis
1586 2756 1643 2782 suis
1666 2757 1834 2790 exponendis

1047 2788 1178 2850 piﬁdelsga
1191 2788 1332 2816 manifesta
1349 2793 1389 2816 est
1405 2789 1430 2816 itt
1447 2798 1491 2824 ep.
1508 2790 1551 2821 83,
1567 2790 1613 2818 lib.
1629 2798 1658 2823 tt,
1674 2788 1717 2826 cp.
1733 2791 1793 2822 “'2,
1808 2796 1836 2817 et

1065 2839 1070 2844 ι
1101 2843 1108 2850 .
1135 2831 1141 2849 t
1166 2843 1172 2850 .
1185 2831 1220 2850 tv.
1237 2838 1271 2844 -—

1065 2831 1108 2855 ιιι,
1126 2831 1172 2851 ιιι).
1185 2831 1220 2850 tv.
1237 2838 1271 2844 -—

1012 2571 1032 2598 Ῑ)
1048 2578 1146 2605 Grnlils
1156 2595 1163 2604 .
