2044 3173
269 171 302 202 39
833 163 1172 196 COMMENTATIONIS
1191 165 1287 195 PARS
1306 165 1348 196 II.
1866 171 1903 201 ιο

269 220 527 257 Possiuu5(a).libri
543 228 550 246 I
569 219 682 254 epistola
694 219 790 254 Lqute
804 219 873 246 libro
893 229 919 247 Iv
936 221 1062 253 recurrit,
1079 225 1101 252 Α
1152 222 1272 250 Primum
1298 228 1389 250 autem
1413 231 1443 250 ex
1459 232 1490 251 eo
1511 225 1582 259 quod
1600 224 1691 252 Isidur:
1705 226 1826 260 epistula:
1846 234 1903 254 ma-

269 271 297 298 in
312 276 364 304 quo
380 268 467 294 locum
487 269 562 292 tenet
588 264 649 291 195.
665 279 701 284 ——
725 264 845 299 Denique
865 266 930 292 mihi
955 266 1064 300 quidem

271 316 330 342 libri
359 322 373 340 ν
400 311 513 346 epistola
539 310 588 337 221
622 315 704 345 atque
722 311 783 338 libri
814 320 844 338 III
872 313 1063 347 epistolaﬂtﬁ.

270 358 414 393 dequibus
429 357 559 391 deinceps
577 356 664 384 fusius
677 365 797 392 agemus,
819 359 913 384 cadent
932 359 987 385 visa
1011 364 1062 386 est.

305 406 398 439 Itaque
416 403 458 430 his
473 403 603 434 omnibus
627 403 802 438 computatis,
819 403 914 430 Isidori
943 404 1065 439 epistolze

270 450 343 476 mille
358 453 505 484 nongenta:
518 447 666 483 nonaginta
683 452 787 482 septem
798 448 830 474 ad
844 453 962 475 nostram
979 456 1065 483 uSquc

269 499 378 523 :etatem
410 493 569 530 pervenisse
597 493 740 525 videntur;
770 501 888 527 cumque
912 501 1005 525 nemo,
1035 500 1065 521 nt

271 542 397 577 equidem
419 541 488 570 scio.
505 540 554 566 has
571 547 668 566 omnes
682 540 716 567 ab
734 539 836 566 Isidoro
851 540 966 575 scriptas
981 541 1065 568 addu-

271 587 410 619 bitaveritI
426 586 518 614 statim
542 586 576 612 de
591 585 732 612 codicibus
758 585 784 611 iu
801 585 901 619 quibus
918 586 999 621 hujus
1015 586 1064 613 viri

272 634 395 671 epistolae
411 633 589 660 continentur
605 639 666 666 quae
682 632 869 661 innatuerunt,
885 632 986 659 addere
1001 640 1065 666 pos-

271 688 374 712 semus,
390 678 442 706 nisi
459 678 645 708 IIeumannus.
658 684 737 711 quem
748 676 991 712 llambergerns(b)
1021 685 1064 704 se-

271 727 383 762 quitur,
414 726 559 760 plerasque
596 724 694 751 Isidori
734 725 840 752 litteras
872 724 980 751 tictitias
1005 732 1066 752 esse

274 777 414 801 censeret.
429 771 515 807 Cujus
540 773 677 800 sententia
692 775 773 806 paulo
788 771 941 798 accuratius
962 771 1066 798 exami-

271 820 359 847 nanda
375 822 427 846 est.

306 864 482 892 Heumannus
492 864 525 898 (c)
538 864 682 898 plerasque
692 862 787 889 Isidori
795 862 932 897 epistolas,
940 868 970 888 ut
982 862 1067 895 ipsius

271 915 333 938 utar
348 910 447 941 verbis,
481 909 591 936 Iictitias
607 916 669 936 esse
697 908 838 942 opinatur,
868 915 899 934 ac
928 908 1066 934 rhetorico
1084 906 1103 933 Β

274 964 350 984 more
368 955 546 990 compositas,
565 963 620 981 non
637 959 667 981 ut
684 954 702 980 ii
729 962 843 988 quorum
871 954 977 988 praefixa
1001 958 1065 981 sunt

271 1002 382 1029 nomina
399 1009 446 1028 eas
465 1001 620 1035 acciperent
650 1001 837 1035 legerentque,
854 1000 901 1026 sed
919 1005 947 1026 ut
975 1001 1065 1035 speci-

271 1049 345 1075 mina
361 1053 453 1075 essent
469 1047 633 1082 eloquentia:
648 1047 681 1074 iis
704 1047 841 1074 imitanda:
866 1055 935 1081 quos
952 1047 1066 1074 haberet

272 1094 392 1121 Isidorus
416 1094 484 1120 artis
501 1094 611 1120 dicendi
634 1093 796 1128 discipulos.
824 1093 978 1127 Antequam
1001 1100 1065 1119 vero

271 1140 353 1174 huius
367 1140 509 1167 sententire
518 1145 675 1174 argumenta
686 1139 772 1166 fusius
781 1139 902 1172 exponit,
915 1139 1006 1166 Suidte
1027 1139 1064 1174 (Δ)

271 1191 352 1221 atque
368 1186 501 1220 Ephraemi
517 1186 677 1212 Antiocheni
693 1185 726 1220 (ιι)
757 1185 790 1212 de
806 1185 910 1212 Isidoro
925 1185 1003 1212 atl'crt
1020 1185 1065 1219 ju-

272 1231 353 1260 dicia.
378 1239 411 1257 ex
429 1231 528 1265 quibus
558 1231 630 1257 hunc
655 1235 683 1257 et
699 1231 839 1258 rhetorem
855 1235 882 1257 et
904 1231 1065 1264 eloquentia!

271 1278 352 1305 laude
369 1277 503 1312 insignem
520 1277 605 1304 fuisse
623 1282 747 1311 apparet.
764 1276 832 1303 Tum
848 1284 879 1302 ex
902 1276 968 1310 ipsis
985 1277 1066 1303 Pelu-

272 1324 349 1352 siotae
367 1323 497 1359 Epistolis
523 1323 596 1350 hunc
613 1323 680 1349 artis
696 1322 839 1350 rhetorica:
865 1323 930 1349 satis
952 1331 1065 1357 gnarum

272 1370 356 1398 fuisse
371 1371 498 1401 ostendit,
514 1370 612 1404 quippe
628 1369 655 1395 in
673 1369 785 1403 epistola
795 1369 828 1395 ad
842 1368 930 1395 Nilum
954 1370 986 1404 (ft
1004 1377 1066 1396 ora-

268 1417 355 1444 tionis
380 1417 493 1443 virtutes
509 1424 540 1442 ex
557 1415 727 1450 Hermogene
746 1415 891 1446 describat,
909 1415 937 1442 in
956 1416 1008 1442 alia
1033 1416 1067 1443 ad

273 1462 417 1498 Ophelium
444 1461 650 1498 grammaticum
671 1462 706 1496 (g)
724 1462 757 1488 de
780 1462 937 1489 charactere
967 1462 1068 1496 episto-

273 1509 325 1536 lico
348 1509 473 1540 disserat,
490 1507 644 1542 scribatque
659 1507 771 1542 Elaphio
788 1508 962 1542 episcopo(h)
976 1516 1067 1534 acrem

273 1563 395 1584 amorem
418 1554 594 1588 studiumque
616 1555 781 1588 eloquentia:
810 1555 855 1581 illo
876 1563 935 1582 {evo
966 1560 1067 1582 morta-

275 1601 341 1630 lium
365 1601 496 1628 invasisse
524 1600 640 1626 animos.
666 1599 769 1632 Quibus
786 1601 948 1627 testimomis
970 1601 1068 1627 adiere

274 1648 409 1683 potuisset
425 1647 485 1674 libri
501 1646 588 1681 quinti
607 1646 748 1680 epistolam
765 1646 980 1673 ducentesimam
995 1646 1069 1674 deci—

276 1700 348 1722 mam
366 1694 519 1727 septimam,
536 1700 589 1726 qua
608 1692 736 1722 Isid0rus.
755 1700 816 1718 cum
835 1692 868 1719 de
883 1693 965 1719 variis
979 1693 1070 1720 rheto-

277 1747 336 1766 rum
355 1738 499 1775 generibus
510 1741 581 1772 agat,
597 1745 626 1764 se
643 1737 725 1770 hujus
740 1737 806 1763 artis
822 1736 942 1771 peritum
959 1744 1019 1764 esse
1029 1745 1071 1764 sa-

278 1785 312 1812 tis
331 1791 467 1820 superque
485 1784 589 1818 prohat.
616 1783 736 1816 Denique
754 1783 930 1810 [Icumannus
949 1784 1071 1811 rhetores

277 1837 332 1856 non
345 1829 431 1858 solum
448 1833 532 1854 artem
548 1827 754 1855 scribendarum
772 1827 960 1861 epistularum.
976 1835 1071 1854 verum

278 1876 360 1904 etiam
394 1875 522 1909 epistolas
535 1874 661 1909 eIIingere
675 1875 787 1908 suisque
807 1874 948 1908 diseipulis
962 1874 1072 1900 imitan-

279 1921 375 1949 tandas
385 1921 514 1948 exhibere
530 1920 716 1950 consuevisse,
730 1920 853 1954 pluribus
866 1920 963 1954 probat
977 1928 1071 1946 exem-

279 1967 340 2002 plis,
357 1975 418 2002 qua:
436 1971 560 2000 repetere
578 1966 669 1992 taedet.

314 2012 363 2048 His
375 2011 501 2039 omnibus
519 2019 582 2038 vero
599 2010 666 2037 nihil
681 2010 764 2042 aliud,
784 2015 814 2037 ut
837 2010 962 2045 equidem
981 2019 1073 2044 augu—

280 2066 336 2091 ror,
350 2058 435 2086 voluit
454 2057 654 2089 demonstrare,
674 2057 726 2084 nisi
751 2057 866 2091 potuisse
882 2057 1011 2084 Isidorum
1024 2065 1073 2091 pro

280 2105 421 2132 rhetorum
438 2104 518 2136 illius,
536 2112 590 2138 quo
608 2103 685 2134 vixit,
708 2104 757 2130 aevi
782 2103 981 2130 consuetudine
996 2103 1021 2129 in
1036 2103 1074 2129 di-

281 2150 447 2184 scipulorum
472 2157 550 2176 usum
566 2148 628 2175 talia
643 2149 723 2175 edere
739 2149 898 2182 specimina.
916 2150 955 2175 Ac
973 2156 1006 2174 ne
1024 2148 1074 2175 hoc

280 2197 390 2231 quidem
405 2194 568 2222 testimoniis
587 2195 638 2221 illis
663 2195 727 2221 satis
744 2194 887 2229 probatum
905 2198 955 2220 est.
980 2193 1073 2219 Restat

281 2242 366 2274 enim,
385 2245 414 2267 ut
428 2241 586 2268 ostendatur
602 2241 734 2267 Isidorum
752 2240 877 2267 habuisse
893 2240 958 2266 artis
970 2239 1071 2265 dicendi

282 2286 440 2321 discipulos.
470 2285 547 2318 Quod
576 2293 650 2312 Inera
672 2291 713 2312 est
733 2284 885 2311 Ileumanni
904 2283 1071 2319 hypothesis.

284 2332 338 2360 Sed
350 2340 384 2359 ne
398 2333 424 2358 in
440 2332 624 2366 suspicionem
636 2331 749 2358 nimium
765 2330 913 2358 dubitantis
925 2331 1072 2362 incurram,

282 2378 341 2406 haec:
369 2378 452 2404 missa
475 2377 606 2404 faciamus
623 2381 848 2410 transeamusque
869 2375 902 2402 ad
917 2379 1072 2402 accuratam

282 2428 514 2460 argumentorum,
537 2431 598 2457 qua:
612 2423 657 2450 ille
681 2422 804 2458 protulit,
827 2421 1025 2456 expositionem
1047 2423 1075 2447 et

283 2469 514 2505 dijudicationem.

318 2557 357 2593 (α)
380 2557 454 2584 Poss.
467 2556 564 2584 Collat.
579 2556 677 2593 Isidor.
693 2556 763 2593 p._§).

319 2588 357 2627 (11)
379 2593 578 2627 IIambergerus
589 2593 617 2619 in
633 2588 702 2618 libro
723 2590 903 2627 ZItverldssI'qe
922 2588 1071 2627 Ngacltriclt-

285 2625 329 2655 leti
349 2625 408 2654 etc.
438 2625 510 2653 toni:
534 2627 578 2657 IlI,
601 2635 626 2661 p.
659 2627 718 2653 154.
749 2626 791 2652 Cf.
820 2625 1072 2661 ejusdulibellus‘:

284 2663 372 2690 Κατ-κ
393 2662 568 2689 ΝαιΙη-ἱεΙιιωι
585 2659 634 2689 von
652 2662 702 2688 den
720 2661 901 2688 I'orneltmsten
914 2659 1076 2695 Scltriftstel-

286 2699 342 2726 Iern
359 2707 402 2724 υον
417 2698 475 2724 dem
496 2698 526 2724 16
540 2697 636 2724 Jaltrlt.
653 2705 680 2732 p.
698 2697 759 2724 889.

323 2734 356 2768 (υ)
374 2733 470 2760 lleunI.
489 2733 506 2759 l.
520 2741 543 2760 c.
561 2732 611 2767 §9,
629 2740 656 2767 ν.
674 2733 715 2759 15,

321 2764 358 2804 (if)
376 2768 474 2795 Suidas
491 2764 611 2804 appellat
629 2764 762 2795 Isidorum
788 2764 1006 2800 ἐλλογιμώτατον
1031 2773 1074 2798 φι-

285 2803 397 2836 λόσιιςόν
415 2812 441 2829 τε
456 2803 501 2829 καὶ
518 2803 631 2838 ῥήτορα.

321 2837 356 2899 ἵε)
376 2836 523 2872 Ερῐιι-ιεηιῖ
542 2836 634 2869 verba,
646 2845 706 2872 quae
723 2838 777 2865 huc
792 2836 930 2872 pertinere
948 2839 1072 2875 possent,

321 2873 358 2899 ,la
374 2873 444 2899 aund
457 2873 582 2899 Photinm
603 2873 712 2899 inveni:
736 2877 782 2899 atq
794 2880 816 2898 Ie
833 2878 928 2899 magna
945 2871 1010 2897 IIIIIII
1029 2874 1067 2896 est

284 2870 358 2901 nulla
374 2870 444 2907 apud
457 2873 582 2899 Photinm
603 2870 712 2904 inveni;
736 2877 782 2907 atq
793 2870 816 2898 ie
833 2878 928 2905 magna
945 2870 1010 2897 Inibi
1029 2874 1067 2896 est

1117 277 1195 303 gnam
1229 274 1332 304 partem
1358 270 1442 297 forma
1461 276 1556 298 carent
1572 272 1720 306 epistolica,
1739 273 1847 308 collegit
1863 275 1907 308 (ἰ),

1118 314 1260 349 plerasque
1284 322 1315 341 ex
1344 315 1460 345 oilicina.
1480 321 1510 342 ut
1533 316 1590 351 ipse
1616 317 1662 349 ait,
1688 316 1825 351 profectas
1847 326 1907 346 esse

1117 359 1264 390 rhetorica,
1282 359 1308 385 in
1322 359 1573 394 diseipulorumqne
1589 361 1702 395 gratiam
1725 362 1839 389 solerter
1850 362 1907 389 eili-

1116 408 1184 429 ctas.
1209 403 1242 430 At
1263 404 1390 438 equidem
1413 412 1508 431 vereor
1521 412 1556 431 ne
1575 405 1698 439 discipuli
1717 405 1826 432 meritas
1852 414 1907 433 non

1116 447 1222 481 egerint
1250 448 1411 482 prteceptori
1428 456 1478 475 suo
1495 449 1604 483 gratias,
1623 449 1668 482 qui
1697 449 1825 483 epistolas
1843 450 1909 484 ipsis

1117 493 1257 527 proposuit
1267 493 1420 524 imitandas,
1433 494 1519 521 forma
1533 495 1601 521 adeo
1614 495 1753 529 epistoliea
1769 499 1907 527 carentes,

1116 538 1218 565 omisso
1231 544 1257 565 et
1272 541 1350 574 χαῖρε
1371 544 1398 566 et
1421 540 1535 575 ἕῤῥωσο.
1552 540 1627 573 Quod
1641 541 1721 576 igitur
1737 542 1790 574 ille,
1806 542 1844 568 uti
1858 550 1908 568 IIo-

1117 585 1184 612 tavit
1201 585 1395 613 Schroeckhlus
1406 587 1450 622 (j),
1460 588 1603 615 sententia
1615 596 1671 615 sate
1681 588 1771 615 favere
1781 589 1909 623 opinatus

1117 634 1168 660 est,
1183 630 1274 657 obstat
1295 631 1380 658 multo
1397 632 1492 667 magis,
1513 637 1594 666 atque
1615 633 1780 660 contrarium
1800 633 1909 660 videtur

1117 675 1242 709 probare.

1155 741 1207 768 Sed
1224 749 1285 769 cum
1303 743 1382 776 infra,
1399 744 1444 771 ubi
1463 745 1631 772 Sehrmckhii
1645 745 1678 772 de
1693 746 1788 773 Isidori
1804 747 1909 781 episto-

1118 787 1150 815 lis
1173 790 1335 816 sententiam
1351 791 1502 825 explicabo,
1520 792 1596 826 plura
1624 792 1658 818 de
1671 793 1721 819 hac
1747 800 1775 819 re
1794 793 1910 819 dicenda

1118 833 1183 865 sint,
1203 842 1261 861 eam
1285 835 1394 862 missam
1423 836 1563 869 faciamus,
1581 845 1779 872 pergamusque
1795 838 1907 872 reliqua,

1117 886 1179 912 qum
1207 881 1321 914 protulit
1353 881 1531 910 Ileumannus
1561 889 1717 918 argumenta
1754 892 1909 911 recensere.

1119 924 1211 960 Pergit
1235 930 1326 953 autent
1352 927 1395 954 his
1405 928 1515 955 verbis:
1540 939 1548 953 ‹
1563 928 1621 955 IIuc
1650 929 1739 956 refero
1764 930 1910 957 nonnullas

1119 972 1240 1006 ejusdem
1267 973 1346 1007 plane
1370 974 1522 1009 argumenti
1545 975 1691 1009 epistolas;
1716 976 1788 1010 quod
1820 975 1909 1010 ipsum

1119 1023 1194 1045 certo
1206 1024 1248 1046 est
1263 1020 1373 1052 indicio,
1400 1020 1536 1047 rhetorem
1555 1025 1678 1047 nostrum
1701 1022 1844 1048 ostendere
1864 1029 1911 1048 v0-

1119 1063 1201 1091 luisse
1230 1073 1306 1092 suam
1322 1066 1429 1093 dicendi
1459 1066 1573 1100 copiam.
1595 1065 1682 1100 Hujus
1709 1067 1816 1102 generis
1847 1071 1910 1094 sunt

1119 1109 1181 1138 libri
1204 1112 1292 1146 quarti
1318 1111 1430 1145 epistola
1447 1111 1577 1143 secunda,
1601 1113 1681 1138 tertia
1702 1117 1729 1138 et
1753 1116 1859 1146 quarta,
1882 1112 1908 1138 in

1119 1157 1217 1191 quibus
1229 1157 1337 1192 quidam
1355 1158 1474 1184 Psalterii
1491 1158 1566 1184 locus
1583 1158 1677 1184 eodem
1693 1158 1801 1192 quidem
1819 1158 1908 1191 modo,

1119 1204 1167 1231 sed
1183 1205 1272 1231 verbis
1285 1208 1416 1231 tractatur
1429 1208 1487 1231 arte
1503 1205 1623 1232 variatis.
1640 1215 1650 1231 ι

1156 1271 1200 1304 At,
1219 1272 1269 1298 etsi
1285 1273 1376 1307 negari
1394 1273 1468 1300 nullo
1485 1274 1566 1300 modo
1579 1278 1668 1308 potest
1683 1274 1709 1300 in
1725 1274 1836 1308 cpistola
1855 1279 1909 1301 tcr-

1121 1317 1157 1344 tia
1178 1323 1205 1345 et
1220 1322 1315 1352 quarta
1336 1318 1458 1346 Psalterii
1482 1319 1595 1352 dictum,
1612 1319 1645 1346 de
1659 1327 1712 1354 quo
1738 1320 1764 1346 in
1791 1321 1910 1347 secunda

1119 1363 1174 1398 jam
1188 1368 1278 1391 artum
1297 1370 1350 1395 est,
1366 1372 1518 1397 recurrere,
1533 1370 1623 1392 tamen
1645 1366 1725 1392 nobis
1739 1366 1819 1400 paulo
1830 1374 1910 1393 accu-

1121 1409 1205 1436 ratius
1234 1410 1260 1436 in
1277 1418 1333 1436 rem
1355 1410 1564 1445 inquirentibus,
1581 1412 1733 1439 verosimile
1755 1413 1842 1439 visum
1858 1417 1909 1440 est.

1121 1455 1254 1482 Isidorum
1283 1456 1330 1483 has
1352 1461 1407 1483 tres
1420 1457 1548 1491 epistolas
1567 1457 1686 1490 Zosimo,
1704 1458 1782 1491 cujus
1809 1465 1910 1484 nomen

1121 1502 1248 1528 omnibus
1262 1502 1401 1536 pra-fixum
1419 1507 1470 1535 cst,
1496 1511 1590 1530 revera
1610 1504 1724 1530 misisse.
1744 1503 1772 1530 In
1797 1504 1910 1537 epistola

1121 1548 1194 1574 enim
1210 1549 1328 1575 secunda
1345 1549 1438 1576 irridet
1455 1549 1572 1576 Isidorus
1585 1550 1683 1576 Zosimi
1700 1550 1851 1581 stultitiam,
1864 1549 1909 1584 qui

1122 1595 1184 1621 vino
1210 1595 1389 1629 omnibusque
1408 1595 1593 1630 voluptatibus
1610 1596 1717 1622 deditus
1736 1595 1841 1630 precari
1861 1603 1910 1622 au-

1121 1640 1199 1667 deat:
1227 1641 1392 1674 Καῦὴὶωςον
1416 1643 1447 1667 ἐκ
1473 1641 1519 1668 τοῦ
1546 1637 1629 1676 φόϐου
1653 1651 1700 1668 σου
1727 1642 1777 1674 τὰς
1807 1642 1910 1677 σάρκας

1122 1694 1182 1720 μου.
1197 1685 1296 1712 Eorum
1313 1686 1397 1718 enim,
1413 1687 1511 1721 inquit,
1523 1687 1580 1713 hare
1590 1692 1631 1714 est
1644 1687 1762 1721 precatio
1775 1687 1819 1721 qui
1829 1691 1909 1713 teter-

1121 1739 1183 1757 uam
1204 1732 1319 1758 salutem
1352 1731 1412 1758 vita:
1438 1732 1582 1759 luxuriosae
1609 1733 1774 1767 pneferunt;
1802 1737 1830 1759 at
1854 1740 1910 1759 non

1121 1778 1249 1804 convenit
1268 1778 1318 1804 illis
1334 1779 1379 1813 qui
1409 1784 1470 1806 eutc
1491 1781 1559 1806 bene
1580 1785 1671 1806 curata
1700 1780 1773 1814 ipsos
1800 1779 1910 1806 vincunt

1121 1823 1246 1850 athletas.
1262 1823 1368 1850 Etenim
1389 1825 1501 1859 perinde.
1521 1833 1599 1860 agere
1612 1825 1711 1851 videris
1725 1833 1756 1851 ac
1771 1825 1792 1851 si
1808 1825 1835 1851 in
1856 1832 1910 1851 Ine-

1122 1869 1237 1895 rctriciis
1253 1869 1359 1896 hmrens
1372 1871 1541 1905 amplexibus
1556 1871 1692 1904 pudicitiae
1720 1878 1832 1904 compos
1853 1869 1909 1896 ﬁeri

1122 1919 1209 1949 optes.
1230 1915 1328 1942 Desine
1352 1916 1433 1950 igitur
1458 1917 1541 1943 vitam
1557 1924 1666 1943 suavem
1690 1917 1852 1950 plenamque
1865 1923 1910 1941 vo—

1123 1959 1273 1994 lnptalihus
1288 1960 1385 1994 degere
1397 1969 1403 1992 ;
1415 1961 1565 1995 comprime
1586 1961 1762 1996 cupiditatem
1778 1961 1910 1987 infinitam

1123 2011 1150 2032 et
1179 2006 1352 2033 inhonestam
1386 2007 1493 2034 assidue
1508 2008 1681 2039 convivendi,
1705 2015 1738 2034 ne
1767 2007 1912 2034 ridiculum

1124 2054 1150 2077 te.
1166 2052 1298 2084 pradicas,
1314 2059 1375 2078 cum
1391 2052 1441 2078 alia
1464 2053 1592 2087 consequi
1613 2057 1699 2088 optes,
1715 2052 1766 2079 alia
1791 2060 1862 2087 agas.
1880 2066 1914 2071 —

1124 2096 1179 2123 Iloc
1194 2101 1236 2123 est
1255 2097 1347 2132 prima:
1362 2098 1394 2124 ad
1414 2098 1551 2125 Zosimum
1567 2099 1687 2134 epistolae,
1712 2103 1911 2132 argumentum.

1123 2157 1157 2163 —-—
1174 2142 1209 2169 Ex
1235 2144 1318 2170 altera
1335 2151 1399 2170 vero
1413 2149 1527 2178 apparet
1543 2145 1681 2171 hominem
1701 2144 1776 2170 illum
1792 2150 1913 2170 voraeem

1124 2190 1300 2223 respondisse
1322 2189 1437 2221 Isidoro,
1462 2195 1490 2217 ct
1518 2190 1685 2217 defensionis
1712 2191 1782 2221 loco,
1800 2194 1831 2217 ut
1858 2189 1914 2217 ﬁeri

1125 2236 1205 2265 solet.
1229 2244 1261 2262 ex
1281 2244 1313 2262 eo
1330 2236 1497 2270 quaesivisse,
1514 2245 1658 2271 quamnam
1673 2236 1780 2263 tandem
1801 2235 1916 2270 subjice-

1126 2283 1262 2310 retverbis
1276 2283 1345 2310 illis:
1360 2282 1466 2318 Con/ige
1481 2283 1574 2310 timore
1589 2287 1632 2309 tuo
1643 2290 1734 2308 carnes
1752 2290 1836 2313 uteas,
1853 2289 1916 2308 sen-

1126 2330 1261 2357 tentiam?
1276 2329 1409 2356 Iiescribit
1421 2329 1494 2356 enim
1511 2329 1630 2356 Isidorus
1643 2338 1649 2355 :
1664 2328 1799 2360 Quoniam
1816 2335 1862 2362 per
1876 2327 1918 2353 lit-

1126 2380 1198 2402 teras
1212 2384 1243 2402 ex
1259 2383 1302 2402 me
1325 2375 1485 2410 quaesivisti,
1505 2375 1569 2410 quid
1591 2375 1642 2402 sibi
1658 2374 1725 2401 velit
1738 2374 1841 2401 dictum
1855 2372 1917 2399 illud

1127 2419 1286 2450 Psallnistze,
1311 2421 1442 2448 ausculta.
1465 2420 1562 2447 Verbis
1580 2420 1633 2446 illis
1659 2420 1717 2447 heec
1742 2420 1838 2446 subest
1854 2426 1916 2446 sen-

1127 2466 1228 2492 tentia:
1249 2464 1410 2492 Reverentia
1424 2473 1485 2501 erga
1511 2465 1596 2492 Deum
1616 2465 1715 2492 eIIiciat
1729 2469 1770 2496 ut,
1783 2463 1918 2499 cupidita-

1125 2553 1243 2588 suspicio
1259 2553 1450 2581 lleumannum
1466 2554 1598 2581 memoria
1614 2553 1720 2588 lapsum
1731 2553 1835 2580 dictum
1849 2553 1917 2581 Eva-

1127 2589 1178 2624 grii
1193 2589 1292 2615 afferre
1307 2589 1436 2616 voluisse.

1165 2625 1196 2659 (f)
1213 2624 1272 2651 Lib.
1291 2633 1323 2657 v,
1340 2632 1383 2658 cp.
1402 2624 1464 2651 HS.

1167 2662 1204 2694 (ῃ)
1222 2659 1280 2686 Lib.
1294 2668 1321 2691 v,
1337 2667 1380 2694 ep.
1398 2660 1459 2686 155.

1164 2696 1201 2728 (Ιι)
1219 2695 1276 2721 Lib.
1292 2703 1319 2726 v,
1336 2702 1380 2728 ep.
1392 2694 1455 2721 201.

1163 2730 1194 2764 (ἱ)
1212 2729 1368 2765 Heumann.
1392 2730 1409 2756 1.
1427 2737 1452 2756 c.
1467 2728 1480 2765 §
1493 2728 1584 2765 10.7p.
1603 2728 1645 2756 I6.

1161 2765 1194 2799 υ)
1225 2764 1428 2792 Schraackhius
1455 2764 1482 2791 in
1516 2764 1642 2791 Historia
1671 2765 1760 2792 coclea.
1784 2764 1921 2792 volumine

1126 2800 1208 2835 XVII,
1226 2807 1253 2834 p.
1275 2800 1337 2831 523,
1366 2800 1457 2833 paucis
1472 2799 1592 2833 quidem,
1619 2801 1665 2827 sed
1682 2800 1790 2835 egregie
1814 2800 1848 2827 de
1873 2800 1920 2825 hac

1126 2834 1278 2862 Heumanui
1292 2834 1421 2868 opinione
1433 2834 1576 2868 judicavit.
