2044 3173
139 164 176 197 4i
336 168 340 172 ’
696 168 744 197 DE
764 167 934 197 SCRIPTIS
950 167 1095 197 ISIDORI
1114 168 1244 198 PELUS.
1742 167 1778 200 (Ξ

144 220 221 249 libus
247 221 396 254 restinctis,
422 219 599 249 imminuatur
624 222 744 256 corporis
773 222 800 249 in
814 222 934 249 animum
953 230 972 254 Α
987 222 1059 249 bam.
1080 222 1124 249 Illa
1142 227 1233 249 autem
1253 221 1296 249 his
1313 221 1403 249 verbis
1421 222 1576 250 continetur
1595 231 1602 250 :
1622 223 1653 249 Et
1671 224 1718 250 καί
1737 233 1777 251 τι·

142 266 307 299 pcrniciosa
315 268 354 293 vis
363 267 412 302 (α).
427 267 539 302 Cognita
547 267 628 303 igitur
640 268 690 294 bac
699 268 841 294 verborum
856 267 940 294 inter-

142 311 306 345 pretatione
317 312 413 340 desine
426 318 472 340 aut
492 313 582 340 verbis
598 313 650 340 illis
662 313 811 340 Psalmista:
824 313 873 344 uti,
883 317 939 345 aut,

142 356 166 382 si
183 361 262 383 recte
279 358 315 384 uti
329 358 406 390 velis,
419 366 507 385 mores
522 358 670 386 dissolutos
690 359 787 393 abjice,
802 367 940 394 novosque

139 405 222 436 capta
236 423 244 433 ,
262 404 414 437 praesertim
429 411 490 430 cum
507 403 595 431 ventri
616 412 669 431 non
686 409 732 431 tuo
751 405 811 431 cibo
827 405 939 436 servias,

138 448 188 473 sed
206 447 326 475 aliorum
352 450 389 476 sis
414 449 516 476 assecla
547 458 711 477 mensarum.
735 465 770 475 —.—
795 450 941 485 Utriusque

138 493 270 527 epistolae
290 500 451 529 argumento
471 496 511 522 sic
530 496 666 530 exposito,
687 496 748 530 quis
765 502 806 523 est
824 496 868 530 qui
885 503 938 522 non

138 539 245 571 videat,
263 540 404 567 diversum
425 549 484 568 esse
499 542 593 568 harum
609 541 760 568 litterarum
776 541 940 568 consilium?

138 584 203 617 quis
233 590 279 611 est
294 585 341 619 qui
365 593 420 612 non
447 586 588 621 intelligat,
609 586 740 613 Isidorum
761 594 816 613 non
843 586 939 613 eodem

137 630 224 656 modo
241 631 390 665 verbisque
403 636 461 658 arte
481 635 585 658 lautum
599 631 726 663 variatis,
743 632 781 658 uti
800 631 940 658 contendit

139 673 338 705 Heumannus,
351 676 398 702 sed
412 676 492 703 modo
507 676 585 710 plane
601 677 710 703 diverso
724 676 826 703 dictum
839 684 853 703 e
868 676 939 703 Psal-

137 719 191 746 mis
202 721 358 754 repetitum
374 721 417 747 his
434 721 460 747 in
476 721 598 755 epistolis
614 721 799 748 tractasse?ln
812 721 855 747 illa
867 721 939 747 enitn

137 765 285 792 Zosimum
306 766 452 793 ridiculum
476 773 537 793 esse
551 766 681 798 ostendit,
701 765 728 792 in
747 766 797 793 hac
823 765 938 793 Psalmi-

137 814 188 837 stte
204 811 313 838 dictum
329 812 533 846 interpretatur.

174 855 230 883 Sed
243 858 332 884 etiam
348 857 381 884 de
396 862 490 892 quarta
503 858 582 892 hujus
597 858 659 885 libri
677 859 789 893 epistola
804 859 937 894 agendum

992 276 1035 299 va;
1050 267 1130 294 δεινοί
1146 269 1199 294 εισι
1216 268 1459 303 παραλογιζόμενοι
1476 268 1524 303 μὲν
1546 269 1646 302 λαϐεῖν,
1667 269 1776 301 ἁλόντες

990 313 1018 340 δὲ
1034 313 1293 349 παρακρούσασθαιο
1319 314 1376 340 ἀλλ’
1391 314 1405 340 ὁ
1427 317 1507 348 σοφδς
1523 315 1657 348 κρείττων
1676 314 1777 341 τούτων

990 358 1027 385 ὣν
1043 360 1162 394 φωράσει
1181 358 1230 393 μὲν
1257 358 1306 394 τὴν
1328 360 1444 394 ἀπάτην,
1459 359 1590 394 διελέγξει
1615 359 1644 386 δὲ
1658 359 1706 395 τὴν
1721 360 1776 386 δει-

991 405 1099 438 νότητα.

1027 448 1053 476 In
1074 449 1124 476 hac
1139 457 1202 476 vero
1221 449 1254 476 de
1271 450 1364 476 eadem
1384 458 1412 476 re
1431 450 1458 476 in
1478 450 1550 478 hunc
1567 451 1674 478 modum
1692 451 1777 486 loqui-

990 498 1034 521 tur
1047 494 1165 522 Isidorus
1180 504 1186 521 :
1204 495 1234 521 El
1249 496 1294 521 καὶ
1309 495 1360 521 εἰσί
1374 504 1445 527 τινες
1459 495 1540 522 δεινιιὶ
1557 496 1604 530 μὲν
1619 497 1776 528 ἀπατῶντες

989 539 1092 569 λαϐεῖν.
1118 541 1198 567 δεινοὶ
1216 541 1242 567 δὲ
1261 541 1431 575 φωραθέντες
1454 541 1701 575 παραλογίσασθαι·
1718 542 1775 570 ἀλλ’

989 587 1003 612 ὀ
1017 585 1142 621 Θεοφιλὴς
1158 586 1288 621 κρείττων
1311 586 1412 612 τούτων
1427 586 1593 620 εὑρίσκεται,
1620 587 1700 621 σοφὸς
1727 588 1774 622 μὲν

989 631 1026 658 ὢν
1042 632 1156 658 συνιδεῖν
1171 633 1220 666 τὴν
1238 632 1355 666 ἀπάτην,
1374 631 1526 667 σοφώτερος
1542 632 1570 659 δὲ
1581 632 1713 666 διελέγξαι
1726 633 1775 667 τὴν

990 678 1017 704 ἐν
1032 679 1087 708 τοῖς
1104 677 1194 711 λόγοις
1210 678 1402 713 κρυπτομένην
1415 678 1563 712 δεινότητα.

1024 722 1107 749 Nemo
1123 727 1197 750 certe
1213 723 1321 758 negabit
1337 723 1443 758 utrique
1459 723 1579 758 epistolae
1595 723 1715 751 eamdem
1731 725 1774 752 itt-

989 775 1049 793 esse
1075 768 1253 800 saltemiam;
1280 776 1311 795 ac
1336 776 1416 795 nemo
1441 769 1593 796 consentiet
1617 776 1677 796 cum
1702 770 1775 797 Heu-

989 820 1097 839 mauno.
1113 813 1158 847 qui
1174 812 1304 840 lsidorum
1319 814 1367 840 has
1381 814 1509 848 epistolas
1523 814 1684 841 scribentem
1698 823 1774 843 Suam

989 857 1095 884 dit-cudi
1117 858 1222 892 copiam
1245 859 1398 890 ostendere,
1422 867 1538 893 eumque
1559 859 1698 894 discipulis
1718 861 1774 888 suis

136 906 199 934 est;
214 910 281 935 quae
297 910 364 929 sane
386 911 509 938 magnam
531 903 613 930 habet
627 912 689 930 cum
709 904 828 931 secunda
841 905 937 931 simili-
953 910 974 936 Β
988 902 1124 936 exemplar
1140 910 1291 937 proponere
1308 903 1426 930 voluisse
1445 904 1574 931 audacter
1586 903 1712 931 allirmat.
1727 904 1774 932 In-

138 947 281 974 tudinem.
300 948 384 975 Docet
406 949 478 975 enim
496 948 616 975 Isidorus
635 949 721 976 virum
746 950 844 977 virtute
865 957 936 984 prte-

139 993 228 1019 ditum
260 999 443 1028 ornatumque
468 995 529 1028 jure
557 995 678 1022 divinum
692 1003 792 1022 numen
809 996 842 1022 ad
857 1003 936 1030 opem

135 1036 288 1065 ferendam
309 1039 456 1071 invocare;
473 1047 534 1066 cum
550 1047 614 1067 vero
637 1041 693 1074 qui,
714 1041 813 1068 virtute
831 1040 934 1072 relicta,

142 1091 308 1118 supremum
336 1085 466 1112 invocare
495 1085 592 1112 audeat
618 1094 728 1117 numen,
746 1086 789 1113 bis
811 1087 936 1121 precibus

141 1129 210 1155 nihil
231 1130 490 1160 esse_e[]'ecturum.
506 1130 572 1163 Qua:
588 1130 678 1166 igitur,
701 1131 736 1158 ita
752 1131 823 1158 enitn
839 1132 934 1166 pergit,

140 1175 200 1201 hazc
217 1180 263 1202 est
278 1176 410 1207 amentia,
420 1177 571 1210 quod,cum
586 1177 666 1203 vitam
685 1176 842 1212 ﬂagitiosam
857 1177 936 1212 degas

139 1224 168 1247 et
191 1222 354 1253 scelestam,
380 1222 485 1257 precari
521 1223 620 1250 audes:
645 1222 750 1258 Conﬁge
773 1224 869 1250 timors
892 1229 936 1251 tuo

139 1274 238 1292 carnes
269 1275 353 1293 meas.
371 1267 438 1299 Qme
459 1268 579 1302 precatio
605 1273 631 1295 te
647 1268 733 1294 virum
759 1268 934 1302 petulantem,

139 1311 329 1343 luxuriosum,
345 1313 452 1340 ebrium
474 1321 528 1340 non
552 1314 639 1340 solum
656 1321 711 1340 non
740 1314 828 1346 decet,
843 1322 936 1341 verum

141 1356 267 1389 ludibrii,
277 1357 333 1384 imo
340 1358 454 1392 periculi
464 1359 541 1393 plena
548 1363 588 1386 est
597 1359 642 1393 (b).
653 1359 765 1386 Conaris
771 1360 842 1386 enim
853 1359 935 1387 Deum

139 1402 234 1437 ipsum
253 1403 358 1431 fallere.
379 1418 415 1424 —
428 1393 471 1431 liti
491 1404 572 1438 igitur
583 1404 712 1435 Isidorus,
729 1404 772 1430 cui
793 1403 861 1430 nihil
878 1412 936 1431 ma-

140 1447 183 1484 gis
195 1448 276 1475 cordi
299 1452 358 1475 erat
382 1455 464 1482 quam
479 1449 604 1475 homines
614 1448 768 1482 petulantes
782 1449 816 1476 ad
831 1448 937 1476 sobrios

141 1501 276 1521 revocare
291 1501 392 1526 mores,
403 1494 519 1521 secunda
532 1494 560 1521 in
573 1494 685 1528 epistola
693 1494 801 1520 Zosimo
808 1494 935 1520 ostende-

143 1545 186 1567 rat
193 1548 293 1575 preces
300 1540 361 1574 ejus
370 1548 430 1567 esse
439 1540 564 1567 ridiculas
578 1544 605 1566 et
617 1540 731 1574 ineptas,
740 1539 776 1566 ita
785 1540 812 1566 in
823 1539 937 1574 epistola

986 948 1054 983 signi
1073 948 1176 975 scilicet
1193 953 1250 975 arte
1270 949 1296 975 in
1317 953 1429 984 utraque
1448 949 1560 984 epistola
1580 950 1692 976 variavit
1710 958 1774 977 ora-

987 993 1103 1024 tionem,
1117 1001 1177 1020 cum
1192 993 1262 1020 viros
1277 992 1384 1021 fallaces
1397 994 1424 1021 in
1438 995 1480 1021 illa
1493 993 1771 1029 παραλογιζομένους,

986 1038 1013 1064 in
1030 1039 1079 1065 hac
1094 1037 1264 1070 ἀπατῶντας.
1280 1046 1389 1073 eosque,
1406 1047 1520 1074 quorum
1536 1039 1644 1068 fraudes
1659 1041 1773 1068 detectae

986 1084 1054 1116 sint,
1075 1085 1101 1110 in
1122 1085 1165 1111 illa
1180 1085 1295 1119 appellet
1316 1085 1438 1118 ἁλόντας,
1460 1086 1486 1112 in
1509 1085 1560 1112 hoc
1580 1086 1770 1121 φωραθέντα;;

986 1136 1048 1156 cum
1065 1130 1177 1161 deinde,
1195 1139 1275 1165 quem
1294 1131 1320 1157 in
1339 1131 1382 1157 illa
1399 1131 1479 1164 σοφὸν
1496 1132 1658 1163 nominavit,
1678 1133 1705 1159 in
1722 1132 1773 1160 hac

986 1180 1013 1201 et
1030 1174 1155 1209 θεοφιλὴν
1169 1180 1196 1202 et
1214 1176 1303 1210 σοφὸν,
1320 1181 1399 1210 atque
1417 1176 1522 1202 illorum
1540 1176 1679 1204 hominum
1697 1177 1772 1204 frau—

987 1219 1134 1247 dulentiam
1153 1221 1350 1255 vituperantem
1368 1226 1507 1255 nuncupet
1524 1221 1691 1257 σοςεώτεροκ
1709 1230 1771 1250 cum

986 1265 1105 1299 denique
1121 1265 1147 1292 in
1163 1266 1213 1292 hac
1229 1273 1313 1300 pauca
1329 1265 1440 1292 minoris
1456 1266 1584 1292 momenti
1600 1267 1689 1293 addat.
1705 1267 1773 1299 Quis

987 1318 1051 1337 vero
1071 1315 1123 1342 est,
1142 1311 1188 1345 qui
1213 1311 1309 1337 talibus
1328 1311 1432 1337 artibus
1452 1318 1527 1338 suam
1548 1312 1645 1346 probet
1664 1311 1771 1340 dicendi

987 1355 1111 1390 copiam?
1126 1356 1187 1390 quis
1201 1360 1242 1382 est
1253 1376 1259 1386 ,
1276 1356 1320 1391 qui
1338 1356 1407 1382 hanc
1422 1356 1584 1390 probaturus
1599 1356 1709 1391 incipiat
1719 1378 1726 1387 .
1743 1362 1773 1385 ut

987 1401 1105 1429 Isidorus
1127 1402 1153 1429 in
1177 1407 1289 1436 utraque
1310 1401 1432 1436 epistola,
1451 1409 1513 1429 eum
1535 1402 1666 1436 particula
1688 1403 1773 1438 hypo—

988 1447 1104 1480 thetica;
1126 1448 1218 1483 jungat
1241 1447 1348 1478 deinde,
1369 1451 1398 1474 ut
1419 1448 1452 1474 ab
1474 1447 1577 1475 Isidoro
1598 1449 1698 1476 factum
1719 1455 1771 1481 est.

987 1494 1101 1533 primam
1118 1494 1283 1528 alteramque
1299 1494 1442 1521 verborum
1458 1495 1672 1522 enuntiationem
1687 1496 1771 1530 parti-

988 1539 1056 1566 culis
1074 1539 1122 1574 μέν
1138 1543 1163 1566 et
1178 1539 1224 1573 6i;
1241 1545 1266 1567 ct
1282 1544 1390 1575 pergat,
1408 1540 1445 1567 uti
1463 1540 1596 1572 Isidorus,
1611 1549 1672 1568 cum
1688 1542 1772 1576 parli~

144 1591 253 1621 quarta.
267 1587 348 1621 cujus
359 1591 547 1622 argumentum
563 1585 643 1613 modo
653 1585 837 1620 exposuimus,
851 1585 874 1612 ei
887 1585 936 1612 de-
950 1583 971 1611 C
987 1584 1046 1611 cula
1060 1584 1142 1611 ἀλ).ἀῖ
1157 1584 1211 1611 Iloc
1224 1590 1297 1612 certe
1313 1593 1365 1611 non
1380 1585 1497 1612 rhetoris
1510 1589 1560 1617 est,
1576 1586 1620 1620 qui
1634 1585 1772 1620 discipulis

145 1637 302 1659 monstrare
316 1636 433 1659 conatur
450 1631 646 1659 invocationem
657 1631 683 1658 in
695 1632 755 1666 ejus
767 1638 814 1658 ore
825 1630 935 1665 impiam

149 1685 214 1704 esse
228 1682 255 1704 et
270 1678 463 1712 periculosam.
482 1677 581 1710 Quare,
603 1677 653 1704 etsi
669 1677 829 1704 Ileumanno
841 1683 938 1702 conce-

147 1723 269 1750 dendum
294 1727 346 1755 est,
363 1731 488 1758 magnam
516 1723 685 1750 intercedere
704 1723 774 1749 inter
795 1725 937 1756 utramque

148 1769 295 1803 epistolam
311 1769 626 1802 similitudinem,tamcn
640 1769 781 1802 utriusque
794 1767 936 1795 consilium

149 1815 290 1842 diversum
309 1822 371 1841 esse
386 1815 458 1841 inter
475 1822 534 1842 sese
553 1814 614 1849 jure
629 1813 756 1841 contendi
771 1821 850 1848 posse
863 1813 938 1840 arbi-

150 1863 271 1891 tramur;
291 1859 382 1893 itaque
405 1858 543 1885 Zosimum
561 1859 609 1885 has
634 1858 736 1885 litteras
751 1865 843 1884 revera
860 1864 938 1884 acce-

152 1904 226 1940 pisse
242 1912 398 1931 censemus.
415 1904 464 1931 Cui
491 1903 633 1931 sententire
660 1904 687 1930 id
710 1910 819 1938 quoque
832 1902 938 1929 videtur

155 1950 258 1981 lavere,
273 1953 342 1983 quod
358 1942 448 1977 multa:
460 1950 493 1976 ad
508 1950 632 1976 eumdem
650 1950 722 1976 hunc
734 1948 871 1976 Zosimum
887 1955 936 1975 ex-

154 1999 228 2021 stant
249 1995 321 2028 apud
346 1995 480 2021 Isidorttm
497 1995 629 2029 epistola},
645 2002 677 2021 ex
694 1994 794 2028 quibus
812 1993 938 2020 omnibus

152 2044 273 2074 apparet,
296 2047 357 2066 eum
374 2040 457 2067 fuisse
481 2041 560 2067 talem
583 2040 670 2075 qualis
684 2045 710 2066 et
735 2039 763 2065 in
781 2039 823 2066 his
838 2038 938 2065 descri-

152 2083 225 2109 bitur
239 2084 337 2110 litteris
347 2086 391 2118 (c).
411 2084 468 2112 IIuc
482 2084 596 2115 accedit,
613 2083 685 2118 quod
696 2091 728 2110 ex
741 2083 862 2117 ejusdem
878 2082 937 2116 epi—

150 2129 218 2155 stula
231 2129 264 2155 ad
278 2130 456 2156 Athanasium
471 2130 656 2165 presbyterum
679 2129 739 2156 data
754 2129 791 2164 (ιι)
815 2133 936 2163 apparet,

149 2174 277 2201 vitiosam
295 2175 396 2201 Zosimi
420 2175 501 2202 vitam
525 2175 584 2202 aliis
609 2183 718 2209 quoque
738 2174 814 2206 viris,
839 2173 938 2208 quibus

150 2219 247 2254 religio
264 2220 419 2247 Christiana
434 2220 507 2247 cordi
527 2220 587 2252 fuit,
604 2220 688 2247 fuisse
705 2219 858 2247 oll‘ensioni.

187 2265 280 2300 Neque
298 2265 416 2300 reliqua,
434 2273 493 2300 qum
509 2266 542 2292 ad
558 2265 718 2292 sententiam
737 2273 812 2292 suam
830 2265 938 2292 ﬁrman—

150 2311 210 2338 dam
232 2311 325 2338 attulit
347 2311 532 2344 Heumannus,
553 2311 675 2345 exempia
694 2311 761 2338 satis
781 2314 842 2344 apta
864 2314 937 2349 sunt.

152 2355 257 2383 Etenim
275 2357 358 2388 idem,
374 2357 470 2392 inquit.
487 2357 614 2392 reperies,
630 2357 651 2384 si
667 2356 814 2384 contuleris
828 2356 855 2383 in
870 2356 938 2383 libro

155 2401 246 2435 quinto
265 2402 396 2436 epistolas
413 2403 465 2430 289
485 2408 512 2430 et
530 2403 592 2435 519,
610 2409 687 2437 quas,
707 2407 737 2429 ut
755 2402 938 2436 unusquisque

157 2445 188 2472 de
203 2447 250 2474 hac
265 2455 296 2474 re
311 2447 386 2474 facili
400 2455 481 2482 opera
493 2447 614 2483 judicare
626 2448 720 2483 possit,
735 2447 841 2475 Graecas
854 2446 938 2474 ascri-

189 2516 226 2550 (a)
237 2516 327 2544 Verba
340 2515 433 2543 Graeca
446 2521 525 2544 sunt:
542 2516 629 2551 Πῆξον
642 2515 726 2551 aii-cit;
741 2513 935 2551 (seruitium),

155 2549 287 2585 νέκρωσω
295 2572 302 2582 ,
317 2551 463 2585 ἀνικήτους
475 2549 586 2586 ποίησού
600 2551 667 2586 πρὸς
675 2550 781 2585 ἡδονὴν,
793 2549 854 2586 ᾀντὶ
865 2550 938 2586 ἧλωξι

157 2586 171 2611 ὁ
186 2584 265 2619 φῦίος
281 2587 294 2612 ὁ
309 2586 356 2617 σὸς
390 2584 520 2620 ὴηγνύτω
533 2584 628 2616 ἀύτὰέ
645 2586 691 2612 καὶ
718 2584 865 2620 νεκρᾳύτω,
891 2584 939 2610 καὶ

155 2621 300 2668 ἀκινήῖοιυς
315 2621 364 2647 καὶ
383 2621 580 2656 ἀνενεργήτους
601 2620 668 2656 πρὸς
695 2619 831 2655 ἁμαρτίαν
850 2627 940 2654 παρα-

156 2663 322 2686 σκευαςετω.

188 2690 224 2722 (b)
248 2690 336 2717 Verba
361 2689 456 2717 Graeca
476 2689 515 2716 sic
537 2697 597 2717 sese
618 2690 719 2717 habent
735 2698 741 2715 :
756 2703 790 2710 -—
804 2689 840 2715 οὐ
860 2688 938 2721 μόνον

153 2725 278 2759 ἀπρεπὴς
299 2725 371 2758 αὕτη
393 2725 409 2758 ἡ
427 2724 503 2758 εὐχὴ,
524 2725 591 2751 ἀλλὰ
607 2725 653 2751 καὶ
668 2724 817 2758 εἰρωνείας,
840 2723 938 2759 μᾶλλον

152 2759 180 2785 δὲ
196 2758 321 2786 κινδῦνου
350 2759 438 2793 μεστή
452 2768 457 2774 ’
485 2759 566 2792 quod,
582 2760 631 2786 etsi
650 2759 767 2794 genitivi
783 2759 822 2794 illi
848 2758 938 2794 aliquo

154 2795 233 2821 modo
249 2794 382 2829 explicari
398 2798 521 2829 possunt,
536 2802 550 2821 e
567 2792 661 2821 codice
675 2793 733 2829 Yat.
755 2792 817 2829 650,
836 2793 938 2829 adden-

153 2829 215 2868 durn
227 2834 268 2856 est
282 2827 342 2855 Sine
356 2828 463 2871 :Iubio‘;
477 2829 587 2871 ——.6‘r\a"_l
599 2830 653 2863 γὰρ
667 2828 712 2854 τὸν
725 2827 865 2871 ὶάκῇρῇτον
877 2827 938 2853 νοῦν

153 2863 238 2890 ταῦτα
258 2865 333 2898 αξτῇ.
355 2863 374 2889 ἃ
387 2864 476 2888 ποιεῖν
494 2862 524 2888 οὔ
546 2863 625 2894 θέλει,
640 2862 676 2884 L—
690 2863 736 2888 καὶ
753 2862 832 2889 αὑτὸν
849 2870 938 2897 παρα-

336 2910 479 2939 PA'raOL.
502 2911 558 2940 (in.
584 2909 750 2939 LXXVIII.

988 1631 1115 1666 epistolas
1131 1639 1281 1666 proponere
1294 1632 1350 1659 vult
1366 1631 1518 1658 imitandus.
1532 1647 1565 1652 --
1578 1631 1630 1658 Sed
1644 1632 1771 1666 quoniam

989 1677 1057 1704 inl'ra
1074 1677 1107 1704 ad
1124 1678 1173 1704 has
1189 1677 1253 1704 mihi
1271 1678 1466 1704 recurrendum
1481 1682 1522 1705 est
1538 1677 1681 1712 epistolas,
1700 1685 1773 1706 nunc

988 1721 1083 1748 missas
1098 1721 1186 1748 facere
1200 1726 1226 1749 et
1241 1722 1274 1749 ad
1291 1722 1429 1754 ultimum,
1444 1722 1514 1756 quod
1530 1723 1620 1749 attulit
1636 1722 1773 1750 IIeuman-

989 1775 1050 1797 nus.
1066 1767 1219 1801 exemplum
1236 1767 1350 1794 transire
1364 1767 1452 1794 liccat.

1023 1812 1113 1847 Pergit
1129 1817 1219 1839 autem
1238 1813 1280 1840 bis
1297 1813 1385 1840 verbis
1404 1822 1410 1839 :
1431 1822 1439 1838 α
1460 1812 1536 1840 IIaud
1554 1821 1616 1840 vero
1633 1813 1711 1841 facile
1729 1814 1772 1841 in-

988 1857 1096 1884 veneris
1111 1857 1252 1890 epistolam
1267 1856 1426 1883 exercitium
1444 1857 1542 1884 scbolre
1558 1857 1699 1885 rhetorica:
1713 1866 1773 1885 ma-

989 1903 1028 1938 gis
1041 1902 1201 1937 sapientem,
1215 1910 1294 1937 quam
1311 1903 1381 1929 illam
1399 1902 1458 1929 libri
1473 1903 1596 1934 secundi,
1610 1911 1670 1938 quae
1683 1903 1773 1931 locum

989 1952 1064 1975 tenet
1077 1948 1254 1974 centesimum
1267 1947 1521 1982 quinquagesimum
1536 1947 1656 1974 tertium.
1670 1947 1710 1974 En
1725 1947 1774 1974 ali-

988 1995 1058 2029 quod
1074 1995 1133 2029 ejus
1147 1994 1283 2028 specimen
1299 2002 1332 2021 ex
1347 2001 1395 2021 ore
1410 1993 1567 2029 interpretis
1583 2002 1590 2020 :
1609 1993 1655 2021 Vos
1669 2001 1773 2029 aquam

989 2038 1067 2073 fuerit
1083 2039 1211 2069 rationem
1228 2038 1303 2070 inire,
1320 2046 1370 2072 qua
1386 2039 1454 2065 hanc
1469 2039 1664 2066 insectationem
1682 2039 1773 2066 oblite-

989 2084 1067 2115 retis,‘
1081 2083 1251 2110 obliterabitis
1265 2088 1362 2116 autem,
1374 2085 1396 2111 si
1411 2084 1445 2111 ad
1460 2084 1591 2111 meliorem
1606 2089 1716 2112 mentem
1731 2092 1774 2111 re-

989 2130 1104 2162 dieritis;
1126 2130 1240 2156 redibitis
1261 2134 1359 2162 autem,
1379 2130 1401 2156 si
1421 2129 1571 2165 Scriptura:
1589 2137 1680 2157 sacras
1699 2138 1774 2157 ueras

990 2185 1043 2204 esse
1059 2177 1238 2207 credideritis;
1256 2176 1363 2203 credetis
1381 2181 1480 2206 autem,
1496 2175 1519 2202 si
1536 2176 1696 2202 continenter
1711 2176 1772 2210 ipsis

990 2222 1131 2256 fruamini;
1150 2222 1274 2256 [memini
1294 2226 1391 2252 autem.
1411 2222 1433 2248 si
1454 2230 1544 2248 carum
1565 2225 1676 2248 mentem
1696 2221 1773 2248 intel-

990 2266 1120 2298 lexeritis;
1141 2266 1289 2301 intelligetis
1309 2271 1412 2299 autem,
1434 2267 1456 2293 si
1478 2267 1612 2293 assiduam
1633 2274 1692 2293 cum
1713 2267 1774 2293 uiris

984 2312 1078 2342 ,divina
1097 2312 1225 2346 sapientia
1247 2311 1363 2346 prteditt's
1384 2311 1593 2338 consuetudinem
1614 2311 1775 2343 habueritis;

989 2356 1113 2383 habebitis
1130 2361 1226 2387 autent,
1246 2357 1267 2383 si
1284 2357 1374 2383 vilium
1396 2357 1530 2391 fugertlis;
1555 2357 1658 2392 fugietis
1675 2362 1773 2388 autem,

986 2401 1011 2426 ‘si
1025 2409 1113 2434 poenas
1125 2401 1174 2436 ipsi
1187 2401 1361 2435 impendentes
1375 2402 1528 2434 timueritis;
1542 2401 1662 2428 timebitia
1675 2406 1774 2432 autem,

989 2446 1011 2472 si
1028 2446 1111 2474 Deum
1129 2455 1182 2474 esse
1199 2447 1375 2479 credideritis;
1392 2447 1499 2474 credetis
1516 2451 1615 2477 autem,
1630 2447 1653 2474 ai
1670 2455 1684 2474 ε
1702 2451 1775 2473 tanta

991 2513 1136 2550 κρούεσβᾳι
1151 2514 1222 2550 ϐέλει
1234 2514 1279 2540 τὸν
1294 2514 1403 2549 κριτήν.

1029 2550 1062 2583 (ε)
1090 2549 1253 2584 Manendum
1270 2553 1311 2576 est
1328 2556 1375 2576 eas
1389 2556 1494 2580 omnes.
1511 2557 1571 2584 qure
1583 2553 1630 2576 aut
1644 2549 1677 2576 ad
1701 2548 1772 2584 Zosi-

992 2592 1074 2616 mum,
1091 2589 1138 2610 aut
1147 2584 1180 2610 ad
1193 2583 1330 2610 Zosimum
1349 2583 1536 2619 presbyterum
1550 2585 1620 2611 data
1631 2587 1704 2613 sunt.
1715 2583 1774 2644 egi-

993 2619 1075 2644 stolas
1092 2619 1178 2644 eidem
1195 2619 1252 2644 viro
1265 2618 1379 2644 scriotas
1391 2626 1501 2644 esse.—
1516 2619 1556 2644 Cf.
1571 2619 1619 2644 lib.
1638 2627 1655 2644 I.
1670 2626 1712 2644 eo.
1751 2618 1772 2644 Ι.

993 2619 1075 2645 stolas
1092 2619 1178 2645 eidem
1195 2619 1252 2645 viro
1265 2618 1379 2653 scriptas
1391 2618 1501 2646 esse.—
1516 2619 1556 2646 Cf.
1571 2619 1619 2645 lib.
1638 2627 1655 2646 ι.
1670 2618 1772 2653 epriil.

994 2654 1055 2684 1’28,
1079 2654 1138 2683 154,
1156 2653 1217 2685 155,
1234 2653 1293 2683 ΗΟ,
1316 2653 1376 2685 181,
1391 2653 1454 2684 225,
1471 2653 1532 2686 515,
1554 2653 1617 2684 ΞΠ,
1633 2653 1696 2683 58ὶ,
1711 2652 1773 2683 456,

992 2687 1062 2720 465;
1081 2688 1128 2715 lib.
1146 2695 1176 2719 ιι,
1193 2695 1236 2721 ep.
1256 2688 1299 2718 58,
1318 2688 1519 2721 41.4%,155,
1545 2688 1603 2718 157,
1627 2687 1688 2718 158,
1713 2686 1774 2721 ut,

995 2717 1061 2754 ne;
1081 2723 1144 2754 ese,
1170 2717 1232 2751 253.
1249 2722 1316 2754 295;
1340 2723 1388 2749 lib.
1405 2717 1446 2756 ιη’,
1459 2717 1563 2757 ep.'56,
1584 2722 1628 2757 6t,
1645 2722 1689 2753 97,
1710 2717 1775 2753 225,

991 2757 1054 2785 295.
1071 2758 1133 2789 535,
1149 2758 1211 2789 566,
1227 2757 1296 2789 406;
1320 2757 1365 2784 lib.
1391 2765 1427 2791 Iv,
1443 2756 1487 2792 ep’.
1516 2757 1584 2787 I85;
1614 2756 1661 2786 lib.
1688 2763 1717 2786 γ,
1730 2762 1776 2789 cp.

991 2793 1017 2824 ti,
1031 2798 1084 2819 etc.
1631 2823 1633 2825 _

1027 2827 1064 2863 (d)
1083 2827 1139 2854 Lib.
1156 2835 1184 2859 ll,
1201 2834 1244 2861 ep.
1260 2826 1320 2854 162.
