2044 3173
258 163 294 196 ιε
812 153 1052 185 COMMENTATI

1105 153 1150 182 iis
1168 153 1264 183 rans
1282 154 1323 183 ιι.
1851 149 1885 181 44

259 223 346 257 furore
365 220 529 246 animum“.
552 216 604 242 Sed
626 216 689 247 ohe,
712 214 749 242 sic
771 215 846 241 enim
867 214 954 249 pergit
975 213 1047 240 Ileu-
1062 215 1082 241 Α
1099 216 1143 245 pta
1168 212 1284 247 quippe,
1308 212 1345 239 uti
1371 213 1429 247 ipse
1453 213 1506 244 ait,
1532 213 1564 240 ad
1589 212 1744 240 Gmcorum
1767 211 1885 243 liberos,

259 273 385 296 manuus,
396 265 451 297 jam
468 263 533 289 satis
548 266 600 288 est.
614 261 648 288 Et
663 261 722 296 plus
736 261 821 287 altero
838 265 913 287 tanto
927 259 1050 294 sequitur

260 311 415 348 gradatione
437 309 504 344 pari.
524 307 601 340 Quis,
622 315 724 342 qmeso.
747 307 819 334 serio
840 307 876 334 ita
896 307 995 334 scribat
1016 306 1049 332 ad

260 358 436 391 quemquam?
463 364 471 378 ι
493 367 528 373 --
547 353 656 379 Nostris
677 353 845 386 temporibus
864 356 938 379 certe
957 358 1048 384 nemo,

259 402 303 436 qui
316 401 398 428 salem
413 399 502 426 habet.
515 398 571 426 Nec
583 399 667 433 magis
681 399 780 425 nostris
795 398 963 433 temporibus
976 398 1050 432 quis-

259 454 350 480 quam.
369 445 413 472 cui
430 445 573 471 subactum
591 449 632 471 est
647 443 789 478 judicium,
807 443 912 470 Veteris
929 443 1050 477 NOvique

260 490 428 517 Testamenti
449 489 520 516 dicta
541 489 580 516 sic
600 487 832 522 interpretabitur,
855 487 893 514 uti
913 487 996 514 multa
1016 487 1050 513 ab

261 536 362 564 Isidoro
381 537 514 571 explicata
533 540 606 563 sunt.
625 535 694 561 Num
715 535 777 561 inde
797 535 983 568 consequitur,
1002 533 1051 560 Isi-

259 583 355 610 dorum
370 583 556 617 epistularum,
569 581 667 616 quibus
681 581 779 615 inepta:
792 584 839 607 aut
853 580 971 607 ridicula:
984 587 1050 606 con-

262 630 384 657 tinentur
404 630 596 663 prophetarum
618 626 659 654 vel
680 626 865 660 apustolorum
887 625 1050 660 interpreta-

263 675 360 705 tiones,
385 679 522 701 auctorem
547 680 602 700 non
626 673 704 700 esse?
724 671 790 705 Quae
813 671 1011 706 argumentatio
1035 680 1051 698 a

261 728 370 748 neman
392 720 500 754 probari
523 723 627 754 potest;
649 726 730 753 quam
753 719 776 745 si
800 717 947 752 rejicimus,
970 718 1051 744 simul

261 767 339 794 cadet
353 765 504 791 llrumanni
519 764 699 791 ratiocinatio.
713 763 847 791 Caeterum
862 763 927 790 mihi
941 764 1050 798 quidem

262 815 411 846 priueeptor
422 810 500 836 talem
513 809 654 843 epistolam
667 808 806 842 discipulis
820 808 976 834 itnilaudam
990 816 1051 843 pro-

261 864 367 891 ponens
379 856 468 882 derisu
482 855 589 881 videtur
599 861 660 882 esse
671 854 787 889 dignior,
800 861 881 888 quam
896 855 940 888 qui
956 854 1050 889 hujus-

262 901 366 928 cemodi
383 901 485 927 litteras
500 900 582 926 mittit
598 899 688 926 alicui.

297 959 418 985 Alterum
443 966 505 985 vero
530 963 735 993 argumentum,
760 965 813 992 quo
838 958 944 984 ellicere
968 957 1052 985 voluit

263 1005 454 1035 Ileutnanntts,
483 1009 511 1030 ut
539 1003 596 1038 ipse
624 1003 661 1030 ait
690 1003 758 1037 (α),
787 1003 930 1038 plerasque
957 1003 1052 1030 Isidori

261 1051 389 1084 epistolas
401 1058 460 1076 esse
473 1050 590 1082 ﬁetitias,
603 1049 665 1076 inde
678 1050 821 1083 repetitum
834 1054 885 1081 est,
898 1050 969 1084 quod
982 1057 1050 1077 non-

262 1097 342 1123 nullo
361 1096 468 1130 scriptu:
486 1097 540 1123 sint
557 1096 590 1122 ad
609 1103 655 1121 eos
673 1096 717 1129 qui
737 1096 827 1122 vivere
844 1095 945 1122 dudum
964 1095 1052 1123 desie-

263 1146 324 1170 rant
341 1152 347 1169 ε
365 1142 446 1168 veluti
466 1142 526 1168 libri
544 1149 551 1167 ι
567 1141 679 1174 epistola
701 1141 758 1172 557,
774 1141 807 1168 ad
823 1141 988 1173 Oribasium,
1003 1141 1052 1168 Ju-

264 1189 326 1215 liaui
346 1189 516 1223 imperatoris
533 1189 682 1220 medicum;
701 1188 822 1222 adeoque
839 1187 952 1220 dudum,
971 1193 1000 1214 ut
1016 1188 1054 1214 ait

263 1235 322 1266 ille,
339 1235 401 1263 illuc
420 1239 544 1260 avectum
562 1234 634 1260 unde
648 1242 728 1260 neuio
745 1234 823 1259 redit.
839 1232 917 1266 Quod
931 1239 1053 1260 veterum

264 1282 426 1315 Scriptorum
446 1279 608 1306 testimoniis
625 1279 794 1314 probandum
814 1283 866 1305 est.
887 1278 952 1304 Nam
970 1278 1053 1305 Julia-

263 1334 314 1352 nus
332 1326 402 1352 dietn
422 1333 579 1359 supremum
599 1325 666 1351 obiit
686 1333 757 1351 attito
775 1324 841 1355 561,
860 1332 913 1358 quo
933 1329 1054 1358 tempore

263 1371 403 1399 Oribasius
416 1371 529 1397 forsitan
545 1370 654 1405 triginta
666 1370 708 1396 vel
721 1370 897 1404 quadraginta
910 1378 995 1397 annos
1007 1378 1053 1396 na-

265 1423 322 1447 tus.
341 1417 421 1451 hujus
435 1416 526 1443 saeculi
545 1415 625 1442 linem
641 1416 758 1449 novique
774 1416 880 1442 initium
896 1416 988 1443 videre
1004 1424 1053 1451 po-

266 1463 325 1492 luit,
342 1470 430 1497 neque
447 1462 578 1488 Isidorum
594 1461 742 1495 quidquam
757 1461 931 1496 impediebat,
947 1462 1053 1496 quomi-

265 1516 316 1534 nus
330 1508 434 1534 medieo
450 1507 487 1534 illi
504 1507 682 1534 celeberrimo
697 1507 816 1535 mitteret
831 1508 981 1542 epistolam.
1000 1507 1053 1534 Sed

1101 258 1266 292 eosdemque.
1291 267 1398 293 pueros.
1424 259 1468 294 qui
1494 259 1585 294 fugere
1608 259 1686 285 ludos
1709 258 1839 292 iubentur
1860 261 1888 283 et

1101 304 1265 338 spectacula.
1287 304 1352 331 Nam
1375 305 1396 332 si
1420 306 1490 332 hanc
1512 313 1572 332 cum
1596 312 1638 337 ea,
1660 310 1717 339 quze
1740 302 1887 334 antecedit,

1101 349 1213 383 epistola
1234 350 1391 380 contuleris,
1410 359 1463 384 quo
1484 351 1565 377 modo
1585 350 1705 377 Isidorus
1725 348 1758 375 ad
1781 347 1887 374 adoles-

1100 399 1195 422 centes
1210 395 1331 422 scribere
1345 396 1474 430 potuerit,
1489 394 1736 431 intelligesﬂerhis
1750 394 1824 420 enim
1839 393 1888 419 hu-

1098 442 1143 476 jus
1158 442 1288 476 epistolae,
1301 450 1360 476 qua:
1373 442 1434 468 data
1448 446 1488 468 est
1501 441 1534 468 ad
1548 441 1713 475 Ilarpocram
1727 439 1886 474 sophistam,

1102 487 1203 513 ultimis
1216 487 1334 514 Isidorus
1346 487 1474 517 declarat.
1487 494 1516 514 se
1529 486 1561 513 ab
1572 493 1605 512 eo
1618 489 1792 520 provocatum
1806 483 1888 510 etiam

1100 533 1134 560 ad
1152 533 1340 560 adolescentes
1357 537 1467 567 propter
1481 532 1578 559 malam
1595 530 1782 558 educationem
1799 528 1889 563 pravis

1101 579 1224 606 moribus
1236 583 1360 606 assuetos
1372 579 1514 613 scripsisse
1528 577 1573 612 (ι).
1585 576 1661 609 Quod
1675 576 1697 602 si
1711 575 1760 602 has
1774 574 1806 601 ad
1819 573 1888 600 Ilar-

1101 631 1211 659 pocram
1229 624 1332 651 litteras
1349 631 1404 651 non
1422 623 1530 650 ﬁctitias
1548 629 1608 649 esse
1625 627 1734 652 censes,
1753 625 1840 653 neque
1858 617 1890 644 il-

1100 669 1164 702 lam,
1185 678 1245 705 qua:
1266 669 1420 698 Grmeorum
1440 669 1534 696 liberis
1555 667 1654 702 scripta
1676 670 1728 698 est,
1747 664 1890 700 epistolam

1102 715 1237 742 rhetorico
1253 722 1328 741 more
1343 714 1520 749 compositam
1536 719 1596 739 esse
1611 711 1695 738 dices.

1136 772 1236 804 Quinto
1254 772 1313 799 loco
1331 771 1410 798 allert
1427 770 1603 797 Ileumannus
1633 767 1692 794 libri
1711 775 1728 793 ιι
1749 764 1889 800 epistolam

1103 816 1153 843 25I
1165 838 1171 849 ,
1189 816 1266 843 Petro
1283 817 1439 850 inscriptam
1454 815 1580 850 apostolo.
1597 812 1728 847 Inscripta
1743 814 1834 838 autem
1849 814 1891 836 est

1102 860 1191 892 Petro,
1211 862 1243 888 ad
1262 868 1342 895 quem
1362 860 1421 887 alia:
1440 866 1548 894 quoque
1567 858 1720 892 complures
1738 856 1808 883 data:
1827 858 1891 881 sunt

1103 906 1234 941 epistolre.
1248 905 1383 938 Qumritur
1393 914 1440 932 cur
1451 905 1496 932 ille
1507 903 1640 931 addiderit
1652 901 1762 937 apostoli
1779 908 1888 927 nomen.

1104 951 1260 986 Respondet
1281 952 1338 986 ipse
1357 951 1452 978 :llunc
1463 949 1624 986 signiﬁcare,
1645 957 1700 975 ιιοιι
1719 947 1800 974 alium
1820 946 1892 973 illius

1103 997 1190 1024 aetatis
1199 996 1318 1028 Petrum,
1331 997 1428 1031 partim
1443 1003 1474 1022 ex
1488 995 1651 1022 allocutione
1665 999 1829 1028 Cognoscere
1843 999 1892 1018 no-

1104 1043 1146 1070 bis
1164 1043 1286 1070 videmur
1305 1041 1433 1077 (Quonum
1456 1046 1480 1068 te
1502 1040 1606 1067 nomine
1625 1039 1768 1074 appellem,
1790 1037 1891 1072 inquit,

1104 1089 1172 1124 quod
1189 1089 1239 1115 tuis
1255 1096 1303 1124 par
1317 1089 1351 1114 sit
1368 1087 1499 1120 meritis).
1515 1086 1612 1121 par‘titn
1627 1094 1660 1112 ex
1675 1084 1795 1119 epistola:
1811 1090 1892 1117 argu-

1105 1139 1205 1161 mento.
1223 1134 1287 1161 Illud
1304 1133 1371 1160 nihil
1386 1137 1427 1159 est
1443 1132 1494 1159 nisi
1512 1131 1608 1159 blanda
1625 1138 1688 1163 vox,
1704 1129 1756 1164 qua
1773 1129 1892 1156 Isidorus

1104 1181 1185 1207 etiam
1205 1180 1232 1206 in
1252 1180 1312 1207 aliis
1330 1179 1452 1214 epistolis
1471 1178 1504 1205 ad
1523 1178 1592 1204 alios
1609 1177 1678 1204 datis
1696 1182 1891 1209 nonnunquam

1106 1215 1170 1253 usu's
1186 1231 1227 1253 est
1244 1226 1298 1260 (tl):
1315 1226 1366 1252 hoc
1383 1225 1451 1251 adeo
1467 1224 1564 1258 probat
1580 1221 1757 1250 contrarium.
1775 1221 1893 1248 Isidorus

1105 1273 1175 1298 enim
1193 1271 1307 1306 exponit
1322 1271 1404 1298 haece
1421 1271 1447 1296 in
1463 1269 1577 1304 epistola
1593 1276 1688 1295 causas
1703 1275 1751 1295 cur
1765 1275 1818 1294 tnOI
1827 1267 1893 1294 tales

1103 1317 1203 1346 Christi
1223 1322 1249 1344 et
1268 1317 1451 1351 apostolorum
1471 1315 1621 1342 doctrinam
1640 1314 1765 1341 lubenter
1783 1319 1893 1346 recepe-

1105 1364 1168 1392 rint.
1183 1363 1330 1397 statuitque
1346 1363 1395 1389 has
1410 1361 1493 1388 fuisse
1507 1361 1551 1387 τδν
1566 1361 1644 1394 λύγον
1657 1359 1803 1394 ἀξιόχρεων
1818 1359 1892 1389 ὄντα,

1094 1406 1148 1435 ’τόν
1164 1417 1192 1434 τε
1209 1409 1307 1444 τρόπον
1322 1407 1375 1434 τῶν
1391 1407 1588 1441 κηρυττόντων.
1604 1407 1685 1432 Petro
1702 1404 1823 1440 apostolo
1840 1404 1894 1431 sci-

1105 1455 1168 1482 licet
1184 1455 1241 1481 Irrc
1259 1454 1349 1480 omnia
1366 1454 1501 1488 explicare
1518 1452 1612 1479 debuit
1627 1452 1712 1486 quinti
1730 1451 1819 1478 s:cculi
1838 1459 1895 1478 uto-

1105 1502 1223 1529 naehus'.
1242 1500 1329 1533 Quid?
1341 1500 1412 1534 quod
1432 1500 1465 1526 de
1484 1498 1612 1533 apostolis
1632 1503 1758 1531 tanquam
1777 1497 1811 1523 de
1830 1496 1895 1522 viris

265 1553 353 1586 placet
373 1552 523 1578 concedere
545 1551 700 1578 Oribasiutn
720 1551 820 1578 Juliani
844 1552 978 1579 medicum
997 1553 1052 1587 jam

1105 1546 1261 1582 jamdudum
1282 1545 1410 1577 mortuis,
1427 1552 1489 1571 cum
1509 1543 1569 1570 illos
1585 1542 1700 1578 appellat
1718 1542 1895 1577 οὶρανοποὶλο

265 1602 402 1624 mortuum
426 1596 518 1624 fuisse.
543 1597 620 1624 Untle
645 1597 752 1624 tandem
775 1597 951 1625 Ileumanuus
972 1599 1054 1625 habet

266 1647 434 1676 compertum
450 1642 497 1668 has
511 1641 606 1668 Isidori
620 1642 653 1668 ad
667 1641 819 1668 Oribasituu
833 1642 966 1669 medicum
981 1642 1053 1669 litte-

266 1694 310 1713 ras
322 1688 398 1713 datas
409 1694 469 1713 esse
480 1687 513 1713 ad
525 1686 678 1713 Oribasium
689 1685 789 1713 Juliaui
802 1687 946 1712 medicum.
960 1685 1055 1713 Nonne

266 1733 333 1759 alius
357 1733 452 1760 eodem
477 1732 588 1758 nomine
613 1733 743 1766 pra-ditus
768 1731 909 1758 Pelusiotae
934 1737 1055 1766 tempore

266 1780 357 1806 vivere
372 1778 479 1812 potuit?
495 1778 571 1810 Quod
587 1778 609 1804 si
623 1778 779 1809 statuimus,
795 1777 945 1804 Ileutuanni
962 1777 1054 1804 conci-

265 1826 305 1852 dit
325 1826 468 1852 sententia.
488 1825 563 1851 Licet
582 1829 672 1851 autem
693 1829 823 1856 statuere,
843 1832 905 1851 cum
927 1824 977 1858 ipsi
998 1825 1055 1858 epi-

266 1870 341 1897 stol-ce
355 1870 458 1896 nullum
475 1869 539 1895 insit
553 1869 712 1903 vestigium,
728 1877 743 1895 e
757 1877 811 1903 quo
826 1869 952 1904 colligere
967 1869 1054 1903 possi-

266 1924 327 1943 mus
342 1917 412 1942 hanc
427 1915 458 1942 ad
473 1914 573 1941 Juliani
588 1915 721 1941 medicum
737 1915 826 1941 datam
841 1923 910 1942 esse.

302 1961 378 1993 Quod
401 1967 466 1987 vero
490 1959 664 1986 Ileumanuus
688 1960 828 1987 contendit
851 1961 970 1994 ejusdem
994 1962 1054 1988 libri

267 2004 407 2039 epistolam
420 2002 482 2035 591,
493 2004 525 2030 ad
539 2003 672 2030 medicum
685 2004 827 2037 quemdam
843 2005 970 2039 scriptam
983 2013 1052 2037 esse.

268 2050 304 2076 ita
315 2054 348 2076 ut
362 2049 443 2076 etiam
459 2048 516 2075 hzec
532 2048 567 2075 sit
581 2048 774 2075 documentum
791 2049 947 2076 variatiuuis
963 2051 1054 2077 rheto-

268 2096 339 2127 ricze,
357 2103 431 2122 error
444 2100 485 2122 est
500 2100 546 2121 aut
561 2094 655 2128 ipsius,
673 2099 719 2121 aut
733 2095 905 2129 exemplaris,
920 2104 974 2130 quo
990 2104 1054 2123 usus

267 2146 318 2168 est.
337 2141 366 2168 In
385 2149 445 2168 meo
464 2141 537 2167 enim
557 2141 614 2167 haec
633 2140 745 2174 epistola
765 2141 826 2167 data
846 2146 887 2168 est
905 2142 938 2168 ad
958 2141 1054 2169 Dome-

268 2188 349 2214 stium
358 2187 393 2221 (b)
410 2187 556 2218 medicum,
573 2193 660 2220 neque
676 2186 702 2212 in
718 2185 890 2213 Ilittershusii
907 2188 987 2219 uotis,
1004 2195 1053 2215 nec

269 2233 295 2258 in
320 2232 391 2259 Petri
413 2231 517 2258 P0ssini
531 2231 726 2258 Collationibus
739 2231 791 2258 ulla
815 2237 907 2260 notata
925 2239 975 2265 est,
995 2241 1054 2268 quae

268 2277 420 2304 Heumanni
434 2278 597 2305 sententiam
609 2278 738 2309 llrmaret,
747 2279 887 2313 scriptura:
901 2279 1053 2307 diversitas.

304 2323 370 2355 Quae
389 2331 453 2351 vero
475 2323 509 2350 de
529 2323 644 2358 epistola
665 2324 697 2351 ad
717 2324 869 2351 Oribasium
891 2324 970 2358 paulo
991 2330 1054 2352 ante

269 2370 386 2396 diximus
399 2369 451 2396 dici
467 2369 549 2396 etiam
566 2374 678 2403 possunt
695 2369 728 2396 de
742 2370 855 2404 epistola
869 2369 930 2396 libri
948 2378 969 2402 ι,
989 2370 1051 2404 108,

269 2413 303 2441 ad
318 2414 496 2441 Proaresium
512 2414 671 2448 sophistam,
686 2414 800 2442 Oribasii
817 2415 958 2449 :rqualem.

303 2458 394 2493 Neque
408 2458 560 2491 manifesto,
575 2460 612 2486 uti
625 2460 751 2494 opinatur
764 2459 951 2492 Ileumanuus,
965 2460 1052 2488 ﬁctio-

269 2511 330 2531 nem
358 2504 546 2531 scholasticam
565 2505 653 2539 prodit
670 2505 730 2532 libri
747 2514 761 2531 v
779 2505 891 2539 epistola
911 2506 969 2538 l86,
989 2507 1054 2533 seri-

303 2592 342 2627 (q)
356 2588 567 2627 Ileumanuusl.
583 2597 608 2617 ο.
627 2589 650 2625 §.
666 2589 711 2623 XI,
729 2598 755 2627 p.
778 2590 821 2622 17,
839 2590 881 2618 t8.

302 2625 340 2660 (ω
365 2625 430 2653 Cod.
449 2626 511 2653 Bav.
530 2626 665 2660 Aopsrttg;
679 2626 751 2660 quod
763 2630 877 2653 notante
890 2625 970 2653 Petro
990 2625 1054 2653 Pos-

268 2661 326 2687 ιιιιο
342 2664 369 2687 et
386 2660 411 2686 in
425 2660 474 2688 cod
500 2660 553 2686 Alt.
571 2665 668 2687 exstat.

306 2697 339 2727 (r)
355 2694 457 2727 Graeca,
486 2703 545 2730 que
565 2696 618 2722 huc
641 2700 764 2729 spectant
786 2696 877 2728 verba,
894 2695 951 2722 lucc
966 2699 1030 2722 sunt
1047 2704 1052 2721 :

276 2730 383 2764 ‘Errszl‘r,
397 2731 424 2756 δὲ
441 2731 487 2756 καὶ
503 2731 551 2765 τὴν
578 2730 647 2764 ἐμὴν
667 2731 776 2763 κινῆσιι
792 2731 915 2762 γλῶτταν
931 2731 985 2756 δεῖν
999 2730 1055 2765 ῲή-

269 2765 329 2799 οης,
346 2765 506 2816 6);};53131
526 2765 586 2791 τινὰ
603 2766 681 2800 (ὅπερ
708 2766 756 2791 οὐκ
780 2765 868 2799 οἶμαι)
891 2766 1052 2796 ἁνύσουςπν,

270 2799 309 2816 τηρ.
330 2801 365 2816 ..πμ
381 2800 392 2816 ῖ
463 2809 490 2816 μη.
509 2802 599 2816 tum?"
628 2801 670 2816 ..,.-.
691 2801 863 2816 -rzt....-.-..:.-
881 2800 1004 2816 νι.,,..μ,.

271 2800 312 2825 ἵνα
329 2801 366 2834 μὴ
381 2800 448 2832 δόξω
463 2809 491 2825 σε
506 2802 610 2831 Αυπεῐν,
628 2801 673 2826 καὶ
691 2801 756 2834 πρῦς
766 2801 863 2831 amo;
881 2800 1016 2833 γέγραφα.

305 2835 344 2868 (1!)
361 2834 426 2860 Nolo
441 2835 532 2860 laudes
548 2842 763 2861 connuemorure
778 2835 1052 2867 quibusomatlsido—

269 2876 319 2897 rus
334 2869 371 2896 lib
397 2877 425 2901 ιι,
437 2877 479 2904 ep.
496 2869 554 2901 ιδι,
573 2869 764 2903 Theophilum,
780 2869 914 2896 Timothei
928 2870 1052 2902 fratrem,

1105 1601 1164 1624 τας,
1181 1592 1306 1626 loquatur
1322 1591 1472 1622 Pclusiota;
1489 1589 1560 1624 quod
1575 1593 1648 1616 certe
1664 1596 1717 1615 non
1734 1587 1858 1618 fecisset.
1874 1587 1894 1614 si

1105 1637 1245 1672 discipulis
1259 1636 1383 1671 exemplo
1395 1635 1539 1662 ostendere
1552 1634 1691 1664 voluisset,
1704 1642 1758 1668 quo
1772 1632 1851 1659 modo
1862 1632 1897 1659 ad

1105 1682 1215 1710 Petrum
1229 1683 1381 1717 apostolum
1397 1681 1573 1709 scribendum
1588 1685 1669 1707 esset.
1686 1679 1746 1706 Ilaec
1762 1679 1818 1714 ipsa
1835 1687 1896 1705 sen-

1107 1729 1177 1756 tiens
1192 1728 1368 1756 Ileumauuus
1384 1728 1470 1763 pergit
1486 1728 1513 1753 in
1530 1727 1602 1753 hunc
1619 1726 1726 1752 modum
1745 1734 1751 1752 :
1771 1735 1780 1750 ι
1801 1724 1895 1758 Illajori

1106 1776 1267 1810 clariorique
1284 1776 1342 1809 iure
1359 1775 1430 1801 inter
1444 1774 1550 1801 lictitias
1565 1773 1694 1807 epistolas
1708 1771 1852 1798 referimus
1867 1770 1898 1796 li-

1107 1822 1148 1849 bri
1163 1830 1178 1848 v
1197 1830 1240 1856 cp.
1250 1820 1312 1852 Mil,
1322 1820 1354 1846 ad
1366 1820 1506 1847 mulierem
1518 1819 1644 1853 scriptam
1657 1817 1766 1844 notuine
1773 1816 1896 1843 Theano.

1107 1867 1159 1895 Usa
1179 1867 1288 1902 quidem
1311 1867 1362 1893 hoc
1383 1867 1493 1892 nomine
1514 1869 1555 1892 est
1574 1864 1627 1891 tilia
1647 1863 1688 1890 vel
1711 1871 1778 1889 uxor
1797 1862 1896 1897 Pytha-

1106 1921 1186 1947 gorae.
1204 1913 1269 1944 Quic
1285 1920 1346 1938 cum
1365 1911 1448 1938 fuisse
1466 1911 1570 1945 legatur
1586 1909 1765 1944 philosophiae
1781 1908 1894 1940 cultrix,

1105 1962 1198 1984 noster
1221 1957 1339 1984 Isidorus
1364 1956 1389 1983 id
1414 1956 1533 1983 nominis
1556 1956 1628 1982 haud
1652 1955 1769 1982 absurde
1793 1954 1896 1981 alliuxit

1106 2003 1211 2030 mulieri
1236 2002 1397 2029 Christian-.1:
1421 2001 1550 2036 professa:
1574 2000 1790 2035 philusophiam,
1813 2007 1894 2034 quam

1105 2051 1276 2082 exhortatur,
1292 2053 1322 2076 ut
1339 2057 1395 2076 sua:
1412 2048 1590 2083 professionis
1607 2055 1720 2079 meumr,
1737 2055 1770 2072 ne
1788 2046 1895 2073 studeat

1106 2097 1212 2132 placere
1229 2096 1305 2123 viris.
1326 2105 1335 2122 ι
1357 2095 1387 2122 In
1409 2095 1449 2121 his
1470 2094 1554 2121 multa
1574 2099 1638 2120 sunt
1655 2094 1842 2126 vituperanda.
1860 2107 1895 2112 —

1105 2143 1224 2170 Primum
1243 2143 1315 2169 enim
1336 2141 1431 2176 probet
1450 2139 1625 2167 Ileumanuus
1642 2147 1753 2166 necesse
1771 2143 1829 2171 est,
1846 2137 1894 2164 Isi-

1106 2189 1202 2216 dorutu
1230 2188 1256 2215 id
1281 2188 1398 2214 nominis
1424 2186 1553 2220 afﬁnxisse
1581 2185 1686 2212 mulieri
1711 2183 1893 2210 Christianam

1107 2234 1236 2269 professae
1257 2232 1465 2268 philosophiam.
1486 2231 1561 2258 Unde
1578 2231 1651 2258 enim
1670 2230 1750 2257 habet
1769 2237 1893 2264 comper-

1107 2285 1180 2312 tum,
1197 2279 1339 2305 Pelusiota:
1356 2282 1479 2311 tempore
1495 2277 1635 2303 mulierem
1655 2276 1704 2302 hoc
1722 2275 1832 2301 nomine
1848 2282 1893 2301 or-

1106 2331 1197 2352 natam
1214 2331 1268 2351 non
1286 2323 1405 2350 vixisse?
1421 2337 1455 2343 -
1472 2322 1576 2348 Deinde
1594 2321 1631 2347 illi
1652 2320 1894 2347 demonstrandum

1107 2374 1164 2397 erat
1178 2369 1219 2396 his
1232 2369 1259 2396 in
1272 2368 1370 2395 litteris
1383 2367 1416 2394 de
1429 2367 1541 2394 nmliere
1555 2367 1595 2402 agi
1610 2366 1760 2401 philosopha
1769 2387 1777 2399 ,
1793 2366 1819 2392 in
1833 2366 1894 2400 qui-

1107 2416 1157 2443 bus
1172 2423 1206 2441 ne
1221 2423 1304 2442 unutn
1320 2419 1360 2440 est
1375 2413 1456 2447 hujus
1470 2413 1508 2440 rei
1522 2412 1674 2447 vestigium.
1687 2427 1718 2432 —-
1733 2412 1853 2446 Denique
1869 2411 1895 2437 id

1108 2460 1225 2488 nominis
1247 2460 1317 2486 haud
1337 2459 1453 2486 absurde
1472 2458 1577 2485 mulieri
1597 2458 1758 2485 Christianae
1778 2458 1894 2484 allictum

1110 2514 1168 2534 esse
1190 2505 1297 2532 Ostendi
1317 2509 1432 2539 oportet.
1452 2504 1522 2537 Quid
1541 2504 1633 2530 enim?
1653 2504 1808 2539 Pythagora:
1831 2510 1898 2529 uxor

1108 2591 1259 2626 quibusque
1274 2590 1396 2621 fratrem,
1409 2590 1560 2626 quibusque
1573 2589 1756 2617 Theodosium
1772 2590 1894 2617 cumulat

1108 2624 1264 2660 épiscopinu
1274 2626 1320 2660 lib.
1334 2634 1364 2656 ιι,
1377 2633 1420 2660 ep.
1431 2624 1479 2652 “251
1492 2634 1498 2657 ;
1512 2625 1574 2660 nolo
1586 2632 1680 2660 eoru_m
1696 2625 1815 2655 nomina,
1827 2632 1896 2659 quos

1109 2656 1214 2688 vocavit
1230 2661 1274 2688 ille
1291 2658 1314 2687 ὦ
1328 2656 1496 2695 φιλοὰοφὶαζ
1509 2659 1628 2693 ἄγαλμα,
1645 2656 1668 2685 ὦ
1679 2656 1895 2694 φρονὴςεωξτέ-

1109 2705 1188 2730 μενος
1210 2704 1392 2725 enumerare;
1414 2695 1480 2722 satis
1497 2695 1583 2721 habeo
1610 2695 1771 2721 Sententiatu
1803 2695 1895 2728 paucis

1127 2732 1265 2758 robavisse
1277 2731 1418 2765 exemplis.
1441 2730 1541 2756 Scribit
1561 2735 1652 2756 autem
1667 2730 1896 2765 Isidorusyyrillo

1118 2766 1152 2792 ib.
1172 2775 1200 2795 ιι,
1222 2774 1265 2800 cp.
1296 2762 1405 2797 Ii7,'——
1424 2765 1472 2800 τῇς
1490 2765 1539 2798 σῆς
1556 2765 1643 2800 τὺἰνιιν
1666 2765 1750 2795 ἐστὶν,
1789 2762 1895 2800 Gratias

1106 2801 1224 2831 καλέσας
1241 2799 1327 2833 ἀξίως
1350 2799 1513 2834 προσείπω;
1549 2799 1737 2833 μεγαλονοίας·
1765 2807 1826 2833 qua:
1856 2799 1896 2824 lo-

1105 2836 1203 2868 quendi
1221 2835 1336 2862 formula
1351 2833 1467 2861 recurrit
1484 2834 1510 2860 in
1535 2833 1649 2868 epistola
1668 2833 1701 2860 ad
1721 2834 1896 2861 Ammoniutn

1106 2842 1203 2868 quemn
1221 2842 1336 2862 ιυιιιιυιει
1351 2842 1467 2861 recurrit
1484 2842 1510 2860 in
1535 2842 1550 2860 e
1571 2842 1649 2860 istum
1668 2842 1701 2860 au
1721 2842 1776 2859 mni

1106 2870 1152 2896 lib.
1171 2878 1199 2902 ιι,
1219 2878 1262 2904 cp.
1282 2870 1340 2902 I66,
1352 2875 1379 2897 et
1391 2869 1539 2896 Palladium
1553 2842 1597 2896 lib.
1617 2876 1656 2901 ιιι,
1674 2876 1716 2904 ep.
1734 2868 1776 2896 75.
