2044 3173
160 175 195 207 45
710 173 757 202 ne
778 171 946 202 SCl'ttP’I‘IS
966 169 1110 199 Ismom
1128 169 1255 199 pnus.
1739 148 1785 197 its

160 229 201 256 vel
218 228 272 255 lilia
289 227 404 254 Theano
420 227 470 254 fuit
487 227 663 262 philosopha;
682 228 753 261 quod
771 228 804 254 de
821 227 948 257 muliere,
965 228 988 255 Α
1001 225 1082 251 vitam
1104 224 1252 251 concedere
1276 223 1402 257 placeret,
1422 230 1453 249 ex
1476 222 1526 248 hac
1548 229 1576 248 re
1598 222 1711 254 nullum,
1731 230 1784 257 quo

161 275 196 302 de
209 282 263 308 qua
281 274 306 300 in
325 273 368 300 his
386 273 475 308 agitur
490 273 602 306 litteris,
621 273 658 299 uti
673 273 729 307 jam
745 273 878 304 diximus,
895 279 948 298 non

160 324 280 351 constat;
302 319 353 345 fuit
374 319 460 353 patris
480 319 657 353 philosophiae
679 319 768 346 dedita
786 319 827 345 vel
846 317 950 350 mariti;

161 365 253 392 lsiviori
274 365 388 392 Theano
405 365 505 392 Christi
524 365 664 396 doctrinm,
684 373 745 400 qua:
761 366 794 392 de
813 366 871 399 ejus
888 373 951 392 scn-

162 412 244 438 ti—ntia
262 411 365 437 nullam
383 415 458 437 certe
477 410 572 436 habuit
589 418 649 436 cum
668 409 826 445 Pythagorm
846 410 952 444 placitis

162 457 378 484 similitudinem.
404 456 492 488 Quare
518 456 634 482 absurde
659 457 759 490 egisset
785 456 904 482 Isidorus
929 456 951 482 si

163 502 291 528 The-anus
314 502 425 528 nomine
447 506 572 528 ornasset
596 501 736 528 mulierem
760 501 951 528 Christianam.

163 548 253 582 Neque
271 548 324 574 hoc
340 547 417 577 fecit,
434 547 481 573 sed
498 547 571 573 misit
587 548 655 574 hanc
670 547 811 581 epistolam
825 547 952 579 Theano.

165 593 220 619 viro
236 593 360 624 cuidam;
376 592 450 626 quod
467 600 498 618 ex
517 592 573 626 ipsa
593 592 784 627 inscriptione,
801 593 907 627 Θεανῷ,
926 597 954 619 ut

165 639 190 665 in
215 638 343 665 omnibus
369 638 444 664 libris
470 638 662 672 manuscriptis
688 639 827 672 hucusque
851 639 954 665 collatis

165 688 260 713 exstat,
274 682 365 717 colligi
380 690 459 716 posse
473 682 598 708 arbitror.
614 682 718 709 Etenim
732 683 754 709 si
768 683 800 709 ad
815 684 954 709 mulierem

165 731 224 758 data
239 735 324 760 esset,
341 731 515 757 scribendum
532 730 627 757 fuisset
642 730 752 762 Beavoi';
768 731 838 764 quod
855 735 881 757 et
898 731 955 765 ipse

166 776 343 802 lleumannus
368 775 509 807 sentiens,
538 775 743 809 inscriptionem
770 776 955 810 corrigi-udam

168 828 223 848 esse
239 823 353 852 censet,
369 828 534 855 causamque
551 821 630 854 hujus
643 821 819 847 correctionis
834 829 956 855 quzeren-

171 866 239 892 tibus
254 866 407 897 nobis,Res
423 867 491 900 ipsa,
508 865 652 900 respondet
669 865 721 898 ille,
738 866 845 898 clamat,
862 867 956 893 mulie-

169 912 243 939 brem
260 917 388 939 ornatum
408 916 471 938 nota
491 911 559 938 allici
580 911 713 938 censoria.
731 911 796 943 Quae
815 913 910 943 verba,
928 914 955 938 ni

171 959 256 990 fallor.
279 958 387 984 initium
413 958 496 992 hujus
521 958 642 992 epistolae
665 963 798 992 spectant,
820 960 891 993 quod
916 959 957 986 his

171 1003 259 1030 verbis
276 1003 434 1029 continetur
453 1011 459 1028 :
478 1003 508 1029 'H
528 1003 688 1036 φιλοκοσμίας
706 1003 753 1029 καὶ
772 1004 787 1037 ἡ
806 1003 860 1029 τῶν
877 1004 957 1030 λίθων

172 1048 248 1083 ἄνθη,
261 1049 309 1075 καὶ
324 1048 370 1074 τοῦ
386 1048 487 1083 muco}
502 1050 518 1083 ἡ
535 1049 600 1084 πρὸς
615 1048 723 1080 τιύτους
738 1049 896 1083 ἀνάκρισις,
911 1050 957 1075 καὶ

174 1093 305 1128 ﬂamini.
319 1094 430 1123 ἑλικτῡὶ,
448 1094 493 1120 καὶ
506 1094 649 1128 ὀφθαλμῶν
661 1095 828 1129 ὑπογριφαὶ,
840 1095 884 1121 καὶ
895 1095 958 1120 κάλ-

173 1139 234 1171 λους
252 1139 396 1174 σοφισμὸς.
414 1140 462 1166 καὶ
479 1141 506 1166 αἱ
524 1141 587 1174 περὶ
611 1139 697 1166 ταῦτα
718 1141 903 1174 mucis-piari,
922 1138 958 1166 ὧν

175 1192 217 1216 σε,
233 1193 260 1210 κ.
276 1192 302 1209 τ.
317 1183 341 1210 λ.
357 1184 423 1216 Quae
438 1192 502 1210 vero
520 1184 610 1211 omnia
627 1193 703 1219 mque
719 1186 784 1212 viris
800 1186 844 1219 qui
862 1186 959 1212 mulie-

175 1229 258 1260 ribus,
271 1237 303 1255 ac
319 1229 480 1256 mulieribus
493 1237 552 1263 qua:
566 1229 629 1256 viris
644 1230 752 1256 student
766 1230 881 1264 placere,
895 1238 960 1256 con-

176 1274 295 1301 veniunt.
312 1274 407 1300 Nonne
426 1274 503 1300 multi
519 1275 605 1300 nostri
622 1275 670 1301 aevi
688 1274 872 1302 adolescentes
887 1283 960 1309 gem-

177 1319 226 1347 mis
247 1328 309 1346 sese
332 1320 486 1346 exornant?
507 1328 597 1347 nonne
618 1328 736 1356 gemmas
758 1329 824 1347 auro
845 1321 961 1348 inclusas

178 1365 312 1400 gestiunt?
329 1373 421 1392 nonne
444 1366 628 1392 calamistrum
651 1366 794 1398 adhibent,
817 1367 961 1400 multisque

177 1411 244 1444 aliis,
257 1419 318 1445 qua:
331 1412 514 1438 instrumenta
528 1412 639 1438 luxuria:
652 1415 724 1443 sunt,
739 1411 961 1444 utuntur?Quare

177 1458 300 1492 equidem
315 1465 368 1484 non
381 1458 463 1484 video
477 1465 525 1484 cur
539 1457 697 1484 lleumanno
712 1457 869 1484 muliebrem
882 1465 962 1484 orna-

179 1508 233 1530 tum
245 1507 309 1529 nota
321 1503 388 1529 allici
401 1502 527 1530 censeria
538 1503 686 1529 concedere
697 1502 852 1529 debeamus.
864 1517 897 1522 —
909 1501 962 1528 Sed

178 1547 221 1574 his
241 1556 352 1583 quoque
371 1549 510 1576 concessis
530 1553 621 1575 nostra
643 1556 686 1575 res
706 1548 779 1574 salva
798 1548 864 1580 erit,
882 1548 962 1575 dum—

179 1594 257 1621 modo
271 1598 443 1625 statuamus,
468 1594 609 1620 mulierem
633 1593 813 1620 Christianam
837 1592 964 1620 Theanus

180 1640 289 1667 nomine
304 1645 429 1667 ornatam
445 1640 540 1668 lsidori
557 1640 724 1674 temporibus
736 1639 844 1666 vixisse.

215 1685 384 1720 Quapropter
398 1693 487 1720 neque
501 1686 586 1712 altero
602 1685 652 1712 hoc
666 1690 835 1720 argumento,
851 1685 894 1712 cui
910 1689 964 1712 tam

180 1732 292 1759 multum
313 1731 410 1759 tribuit
427 1731 619 1762 lleumannus.
638 1732 703 1758 satis
720 1731 838 1758 ﬁrmavit
854 1735 965 1758 senten-

181 1777 242 1803 tiam
257 1785 345 1804 suam.
359 1776 463 1810 Quibus
476 1776 605 1811 expositis
618 1776 697 1803 nobis
710 1776 743 1802 ad
757 1775 865 1802 tertium
875 1796 881 1807 ,
894 1776 965 1809 quod

179 1823 302 1857 protulit.
313 1823 428 1850 transire
438 1823 510 1850 licet.
524 1832 533 1848 ί
544 1821 752 1853 Conﬁrmamus,
763 1822 852 1855 inquit
863 1821 907 1848 ilie
917 1821 965 1855 (a),

180 1868 344 1894 sententiam
361 1872 481 1894 nostram
496 1868 575 1894 tertio
589 1872 764 1902 argumento,
780 1867 851 1902 quod
867 1874 967 1902 suppe-

183 1912 272 1938 ditant
294 1913 370 1939 nobis
392 1912 514 1946 epistola:
539 1913 619 1946 huius
641 1913 730 1947 operis
754 1913 966 1940 contumeliosam

171 1956 236 1990 ,Qui
259 1958 332 1984 enim
357 1959 491 1993 possimus
515 1959 635 1991 credere,
660 1959 784 1986 homines
809 1959 877 1990 illos,
901 1965 969 1992 quos

187 2008 238 2030 tam
256 2003 320 2035 acri,
337 2004 389 2031 imo
406 2004 538 2038 petulanti
555 2004 652 2038 sepius
669 2012 783 2031 censura
800 2003 905 2030 vexavit
922 2003 969 2031 lsi-

184 2048 279 2082 dorus,
298 2049 420 2077 omisisse
439 2049 465 2076 id
482 2042 617 2076 inultum?
633 2050 710 2082 Quod
720 2050 742 2076 si
758 2057 823 2076 vero
833 2050 925 2076 multis
941 2049 969 2075 in

183 2095 260 2121 malis
274 2103 337 2121 eum
354 2095 511 2127 multarunt,
526 2094 581 2129 qui,
596 2103 697 2129 qureso,
712 2095 811 2122 factum
826 2099 875 2125 est,
891 2099 920 2121 ut
935 2103 969 2122 ne

183 2139 320 2166 levissima
334 2140 443 2174 quidem
459 2144 584 2167 occurrat
599 2140 680 2175 hujus
698 2141 734 2167 rei
752 2140 869 2167 mentio?
884 2150 893 2165 ›
904 2139 970 2172 Quae

185 2185 264 2211 verba
279 2184 415 2219 quomodo
429 2184 604 2212 lleumannus
619 2185 737 2212 scribere
752 2185 878 2219 potuerit,
893 2184 970 2219 equi-

185 2231 244 2258 dem
262 2231 413 2265 intelligere
430 2238 541 2265 prorsus
558 2238 614 2258 non
630 2238 750 2265 possum.
766 2229 868 2256 Etenim
886 2237 918 2256 ex
936 2229 969 2256 il-

186 2276 226 2307 lis,
248 2283 316 2310 quas
342 2279 416 2309 parte
440 2275 525 2310 prima
548 2275 697 2307 attulimus,
722 2274 814 2301 lsidori
838 2274 970 2308 epistolis,

188 2319 258 2349 hunc
279 2321 315 2348 ab
336 2321 502 2352 hominibus,
523 2320 549 2347 in
570 2329 684 2355 quorum
705 2327 793 2347 mores
814 2321 911 2346 acriter
929 2319 970 2346 in—

187 2373 279 2393 \‘t-t‘tus
296 2372 353 2397 est,
370 2367 536 2399 esagitatum
553 2374 613 2393 esse
630 2358 734 2401 porcrat
751 2373 928 2401 cognOscere,
947 2365 970 2393 si

188 2411 314 2438 Cbatardi
332 2412 475 2446 epistolam
490 2411 523 2438 ad
539 2411 719 2438 Godol‘rcdum
738 2411 844 2438 Biltium
862 2419 917 2438 non
933 2411 971 2438 le-

189 2462 270 2492 gerat,
291 2457 317 2484 in
340 2465 394 2492 qua
417 2457 462 2484 ille
483 2456 646 2483 Pelusiotam
667 2457 826 2491 acerrimum
846 2457 971 2483 vitiorum

191 2503 377 2531 insectatorem
400 2503 428 2530 in
449 2503 595 2531 multorum
617 2502 762 2529 incurrisse
781 2501 883 2533 odium,
902 2501 972 2528 mul-

192 2553 281 2584 tasque
308 2549 334 2576 ei
361 2553 481 2576 structas
506 2555 567 2575 esse.
595 2547 706 2575 insidias
729 2547 771 2574 vel
798 2555 853 2574 uno
878 2547 974 2581 probat

191 2600 262 2621 eaem
266 2594 318 2629 pio.

225 2639 275 2668 Sed
288 2639 397 2668 etiamsi
411 2638 575 2666 lleumanno
589 2639 718 2665 lsidorum
733 2637 852 2672 quietam
868 2636 973 2671 degisse

225 2719 260 2751 (α)
275 2718 434 2745 Heumann.
451 2717 470 2743 l.
487 2725 512 2744 c.
528 2716 551 2751 §.
566 2715 624 2746 Xll.
642 2724 668 2750 p.
686 2715 784 2751 1849,
797 2715 841 2751 2οτ

225 2749 259 2787 (ὁ)
274 2751 433 2780 Schrmkhii
450 2749 602 2778 Histfcccl.
615 2749 682 2778 tom.
702 2749 781 2782 XVII,
795 2758 822 2784 p.
836 2749 897 2777 5'25.

225 2789 257 2822 (ε)
280 2788 339 2814 Lib.
358 2795 386 2819 v,
406 2794 452 2820 cp.
473 2787 516 2812 52'.

225 2817 260 2855 id)
279 2823 308 2848 Εἰ
327 2817 454 2857 pix/1i?
471 2819 630 2857 παρᾳῐνεσξς
648 2817 692 2857 ἦξ,
712 2819 821 2857 ἔπεμψα
837 2820 889 2857 ᾇνς
917 2817 977 2857 ὲπεξ

190 2858 215 2886 ὂὲ
227 2853 386 2894 Scip/4:16:
393 2853 407 2881 ί
419 2853 576 2890 μὸνοείδὴς,
588 2856 639 2880 οὐκ
654 2854 800 2889 ἐδοκίμασε.
811 2855 916 2888 πέμψαι
926 2861 932 2867 ·
953 2853 976 2878 εἰ

1000 269 1161 296 sententiam
1179 275 1255 295 suam
1274 268 1406 300 ﬁrmaret,
1425 271 1611 302 argumentum
1629 272 1721 301 posset
1737 268 1784 294 dc-

1000 323 1135 350 promere.
1148 314 1215 340 Nam
1231 321 1292 340 cum
1308 321 1336 340 se
1351 314 1462 340 credere
1476 321 1530 340 non
1547 320 1625 348 posse
1640 312 1720 344 dicat,
1735 312 1784 339 ho-

1001 361 1088 388 mines
1110 361 1178 392 illos,
1202 367 1269 394 quos
1291 364 1344 386 tam
1368 360 1433 391 acri,
1458 359 1512 386 imo
1534 352 1665 394 petulanti
1687 359 1785 393 sepius

1001 415 1114 434 censura
1127 406 1263 433 vexaverit
1275 405 1401 437 Isidorus,
1416 405 1441 432 id
1453 405 1577 432 omisisse
1588 405 1714 438 inultum,
1727 413 1786 432 rur-

1002 459 1048 479 sus
1064 452 1092 478 in
1109 458 1227 479 errorem
1245 449 1348 476 incidit.
1365 449 1499 484 Cogitanti
1518 449 1589 476 enim
1608 449 1671 476 mihi
1688 449 1721 476 de
1738 457 1785 476 au—

1002 498 1137 527 ctoritate,
1149 504 1229 531 quam
1243 501 1307 522 tunc
1321 495 1450 529 temporis
1461 495 1585 521 monachi
1597 499 1671 522 erant
1684 495 1785 529 adepti,

1003 548 1030 569 et
1046 543 1177 569 memoria
1194 542 1353 572 seditiones,
1370 548 1436 574 quas
1452 547 1512 566 cum
1529 539 1619 566 multis
1635 539 1661 566 in
1677 541 1788 574 provin-

1003 587 1052 613 ciis
1070 591 1125 612 tum
1144 585 1275 620 imprimis
1292 585 1319 611 in
1333 585 1448 619 .Egypto
1466 584 1571 610 illorum
1587 583 1723 610 exercitus
1740 592 1787 610 ex-

1005 632 1100 658 citasse
1114 632 1241 659 dicuntur
1253 631 1289 666 (ὁ)
1305 630 1447 664 repetenti,
1462 630 1487 656 id
1500 633 1573 656 certe
1587 629 1642 655 fieri
1657 629 1786 663 potuisse.

1004 677 1096 704 videre
1111 677 1175 703 mihi
1192 677 1293 703 videor.
1309 676 1366 702 Huc
1381 684 1402 701 a-
1413 675 1485 702 cedit
1499 675 1569 709 quod
1585 674 1713 706 Isidorus,
1730 683 1788 701 mo—

1006 722 1114 748 nasterii
1131 722 1170 748 sui
1187 721 1284 751 abbas.
1300 721 1340 747 vir
1355 720 1436 747 fuerit
1452 727 1556 746 morum
1571 719 1726 754 integritate
1740 720 1788 746 do-

1006 768 1154 802 (trina-que
1173 767 1249 801 copia
1269 767 1382 801 insignis
1393 786 1399 796 ,
1417 771 1498 800 atque
1514 765 1674 792 auctoritate
1691 766 1787 800 gravis.

1007 814 1095 846 Quare
1112 821 1160 839 nos
1177 821 1270 839 omnes
1288 820 1334 839 eas
1351 812 1487 846 epistolas,
1505 819 1564 846 quae
1581 803 1614 838 ab
1633 811 1790 838 lleumanno

1010 865 1149 894 propterea
1166 859 1237 893 quod
1252 859 1286 885 ad
1302 859 1389 887 viros.
1407 863 1435 884 ut
1452 858 1538 892 ipsius
1553 862 1613 885 utar
1628 857 1732 889 verbis,
1749 858 1789 885 vel

1009 905 1078 932 civili
1094 905 1134 931 vel
1147 903 1328 931 ecclesiastica
1341 903 1470 938 dignitate
1483 904 1633 930 eminentes
1645 904 1714 930 datae
1726 904 1789 934 sint,

1010 957 1058 983 pro
1072 949 1172 975 ﬁctitiis
1186 953 1372 979 numerantur,
1386 948 1462 979 viris,
1475 948 1506 975 ad
1520 955 1588 982 quos
1599 948 1706 983 script?
1718 954 1790 981 sunt,

1011 1002 1104 1022 revera
1120 995 1215 1021 missas
1230 1001 1289 1021 esse
1305 993 1457 1020 Statuimus.
1528 1024 1539 1034 κ

1045 1039 1096 1065 Sed
1119 1038 1284 1067 redeundum
1305 1037 1383 1064 nobis
1403 1042 1444 1064 est
1463 1037 1496 1064 ad
1517 1037 1643 1072 epistolas
1662 1045 1729 1072 quas
1750 1038 1792 1066 ille

1011 1081 1154 1115 appellavit
1170 1081 1326 1112 invectivas,
1342 1088 1462 1115 quasque
1477 1081 1621 1108 exercendi
1635 1082 1695 1117 styli
1709 1083 1792 1117 gratia

1012 1131 1134 1152 exaratas
1151 1125 1234 1153 fuisse
1253 1133 1284 1152 ex
1303 1126 1392 1160 aliqua
1410 1126 1444 1153 ad
1462 1125 1625 1160 Harpocram
1645 1121 1792 1162 sophistam

1012 1172 1126 1206 epistola
1147 1173 1179 1204 (τ)
1199 1177 1312 1198 conatur
1330 1172 1455 1206 probare.
1475 1181 1484 1196 ι
1507 1171 1575 1199 lluic
1593 1172 1678 1203 enim,
1696 1172 1793 1208 inquit,

1012 1217 1057 1251 qui
1075 1217 1184 1244 satiram
1201 1217 1251 1251 ipsi
1269 1217 1379 1244 miserat
1395 1218 1422 1244 in
1439 1217 1638 1248 Martinianum,
1658 1217 1794 1246 Zosimum

1013 1268 1040 1289 et
1056 1262 1238 1293 Eustathium,
1256 1262 1392 1295 rescribit,
1409 1270 1467 1288 eam
1484 1270 1512 1289 sc
1527 1263 1560 1289 ad
1576 1262 1635 1289 illos
1649 1263 1794 1290 missurum

1015 1307 1085 1334 haud
1100 1315 1170 1334 esse.
1182 1307 1250 1334 Cum
1265 1307 1336 1334 enim
1352 1307 1476 1334 dicantur
1490 1307 1517 1334 hi
1533 1307 1580 1334 viri
1597 1315 1656 1334 esse
1671 1308 1796 1342 implaca-

1013 1352 1081 1379 biles
1096 1351 1204 1383 bcstite,
1219 1359 1248 1378 se
1262 1359 1317 1378 non
1333 1352 1507 1384 ell‘ccturum,
1524 1356 1554 1379 ut
1568 1351 1602 1379 ab
1616 1352 1677 1379 aliis
1692 1353 1796 1388 Harpo-

1014 1405 1074 1425 cras
1090 1397 1165 1432 quasi
1183 1397 1253 1424 bello
1268 1397 1384 1432 quodam
1398 1402 1515 1432 petatur.
1529 1397 1589 1425 Jam
1604 1399 1675 1433 quod
1691 1399 1796 1434 Harpo-

1016 1451 1067 1471 Cra:
1081 1443 1202 1470 accidere
1217 1443 1305 1470 noluit
1320 1443 1451 1477 lsidorus,
1468 1444 1539 1471 idem
1554 1451 1606 1471 nec
1621 1444 1673 1471 sibi
1688 1445 1798 1472 evenire

1016 1489 1134 1516 voluisse
1147 1489 1300 1516 credendus
1314 1493 1364 1516 est.
1384 1499 1394 1515 ι

1051 1534 1116 1568 Qum
1141 1534 1293 1561 lleumanni
1315 1535 1397 1562 verba
1421 1542 1455 1562 eo
1479 1538 1584 1562 tantum
1611 1535 1723 1563 consilio
1747 1535 1799 1564 huc

1016 1580 1172 1614 transcripsi
1185 1581 1284 1612 omnia,
1297 1585 1326 1607 ut
1335 1580 1457 1615 exemplo
1468 1580 1622 1614 probarem,
1634 1581 1722 1608 virum
1731 1581 1800 1608 alio-

1015 1627 1060 1661 qui
1077 1627 1237 1662 prudentcm
1252 1631 1280 1654 et
1294 1627 1402 1654 doctum
1418 1627 1599 1662 praejudicata,
1615 1635 1696 1662 quam
1710 1629 1800 1656 animo

1016 1673 1151 1707 concepit,
1173 1673 1301 1708 opinione
1324 1674 1351 1700 in
1374 1672 1464 1700 varios
1487 1673 1544 1708 rapi
1569 1680 1648 1708 posse
1673 1681 1799 1707 errores;

1016 1719 1084 1746 adeo
1101 1723 1130 1745 ut
1146 1727 1205 1753 quze
1223 1719 1273 1753 ipsi
1289 1719 1423 1746 contraria
1439 1722 1519 1751 sunt,
1534 1719 1584 1746 sibi
1600 1718 1691 1747 favere
1705 1720 1801 1754 opine-

1018 1769 1069 1791 tur.
1088 1765 1116 1791 ld
1138 1765 1297 1792 lleumanno
1316 1764 1359 1792 bis
1377 1764 1409 1791 ad
1429 1764 1592 1799 llarpocram
1609 1765 1706 1792 litteris
1725 1773 1802 1794 suam

1019 1811 1164 1845 probatura
1176 1810 1338 1837 sententiam
1350 1809 1482 1836 accidisse
1492 1809 1617 1838 arbitror.
1630 1810 1667 1838 Ex
1679 1810 1720 1838 his
1730 1812 1803 1840 enim

1018 1861 1126 1892 apparet
1147 1856 1295 1889 lsidorum,
1313 1856 1488 1891 scriptionem
1508 1857 1559 1884 sibi
1577 1857 1611 1884 ab
1629 1857 1673 1884 illo
1693 1858 1802 1886 missam

1019 1903 1194 1934 Martiniano,
1219 1902 1325 1929 Zosimo
1351 1907 1431 1936 atque
1456 1902 1597 1930 Eustatliio
1623 1903 1728 1930 tradere
1753 1912 1804 1931 no—

1019 1949 1102 1976 luisse
1116 1954 1272 1983 propterea,
1288 1949 1415 1982 quoniam
1431 1948 1583 1975 contineret
1597 1954 1724 1984 satyram.
1739 1949 1805 1977 Ete-

1020 1995 1074 2021 nim
1091 1995 1113 2021 si
1131 2000 1170 2026 tu,
1187 1994 1283 2028 inquit,
1300 1994 1370 2020 viros
1385 1993 1444 2020 illos
1460 1994 1613 2028 petulantes
1627 1995 1740 2029 epistola
1754 1995 1805 2022 ad-

1019 2041 1137 2067 hortatus
1152 2048 1233 2072 esses,
1250 2040 1319 2066 hanc
1335 2039 1388 2066 illis
1404 2039 1537 2066 misissem
1553 2039 1608 2074 (d);
1631 2040 1679 2067 sed
1694 2041 1806 2068 satiram

1021 2084 1138 2112 retinere
1158 2085 1268 2120 placuit.
1286 2084 1408 2118 Namque
1427 2084 1597 2119 vituperandi
1615 2084 1723 2119 quidem
1742 2091 1806 2114 sunt

1020 2131 1054 2158 de
1072 2130 1164 2158 Isidori
1182 2131 1316 2158 sententia
1332 2130 1366 2164 (ε)
1381 2130 1425 2164 qui
1442 2129 1514 2157 vitiis
1531 2130 1664 2163 labomnt,
1681 2131 1729 2159 sed
1743 2139 1805 2159 ver-

1021 2177 1063 2204 bis
1087 2177 1160 2203 duris
1189 2175 1360 2202 admiscenda
1387 2180 1450 2202 sunt
1474 2175 1649 2203 immanitatis
1675 2176 1753 2211 plena
1779 2182 1808 2205 et

1022 2223 1245 2250 mansuetudinis.
1257 2222 1360 2255 Quibus
1374 2222 1503 2256 expositis
1518 2229 1572 2249 non
1588 2230 1699 2250 necesse
1713 2227 1764 2256 est,
1778 2229 1808 2252 ut

1024 2270 1057 2296 de
1075 2269 1200 2304 singulis,
1217 2276 1277 2302 quae
1293 2268 1404 2302 protulit
1421 2267 1480 2298 ille,
1495 2268 1626 2304 exemplis
1642 2269 1728 2296 fusius
1744 2277 1808 2297 sen—

1024 2315 1137 2342 tentiam
1153 2314 1283 2341 dicamus.

1059 2360 1193 2387 Cmterum
1208 2359 1326 2392 videant,
1342 2358 1387 2394 qui
1405 2358 1556 2386 lleumanni
1572 2359 1693 2394 partibus
1707 2360 1808 2392 lavent,

1024 2414 1059 2434 ne
1071 2406 1208 2441 improbos
1219 2410 1365 2440 turpesque
1379 2405 1512 2440 imputem
1523 2405 1626 2433 Isidoro
1638 2413 1737 2433 mores.
1749 2407 1809 2442 Ipse

1025 2452 1097 2479 enim
1111 2451 1214 2479 Maroni
1229 2451 1263 2487 (ι’)
1279 2451 1384 2483 scribit,
1399 2458 1429 2478 se
1443 2458 1498 2478 non
1513 2451 1583 2479 sicut
1596 2452 1695 2479 multos
1709 2453 1743 2480 de
1757 2453 1809 2480 im.

1024 2498 1170 2533 proborum
1189 2497 1277 2524 salute
1294 2498 1406 2524 omnino
1421 2497 1599 2532 desperantes
1617 2505 1680 2525 eum
1698 2499 1810 2526 irridere

1025 2545 1107 2576 velle,
1128 2544 1191 2577 sed,
1207 2551 1269 2571 cum
1287 2543 1342 2578 jam
1362 2544 1508 2571 multorum
1527 2543 1638 2571 vidisset
1655 2544 1810 2572 conversio-

1025 2597 1099 2621 nem,
1115 2589 1232 2617 oﬂicium
1251 2596 1331 2616 suum
1349 2589 1474 2616 arbitrari
1492 2589 1658 2624 petulantetn
1676 2597 1810 2624 quemque

1025 2635 1059 2663 ad
1076 2635 1182 2663 sobrios
1198 2643 1326 2663 revocare
1340 2643 1441 2663 mores.
1457 2635 1534 2668 Quod
1545 2635 1567 2663 si
1587 2635 1627 2662 vir
1639 2635 1683 2662 ille
1701 2640 1811 2664 candus

1025 2713 1047 2739 δ’
1060 2713 1141 2744 αὐτὸς
1154 2713 1238 2746 ὅντως
1254 2713 1352 2748 βούλει,
1367 2713 1484 2748 πέμψον.

1061 2749 1096 2782 (ei
1113 2748 1172 2784 Lib.
1185 2757 1222 2778 tv.
1238 2746 1282 2782 ep.
1308 2749 1367 2780 159,
1453 2748 1596 2784 τοιγμρφῦν
1618 2746 1748 2784 μιγνύνᾳι
1762 2748 1810 2784 τὴν

1026 2782 1182 2819 παρῤησίαν
1199 2782 1410 2819 τῇνςπροσηνξίςιξ
1425 2782 1471 2809 καὶ
1486 2783 1524 2816 τῷ
1537 2782 1640 2817 ἐλέγχῳ
1654 2782 1752 2819 κιρνᾷν
1763 2783 1810 2819 τὴν

1026 2818 1146 2851 ἀγάπην,
1164 2818 1210 2843 καὶ
1222 2817 1292 2843 οὕτω
1302 2817 1446 2843 νουοετεῖν.

1064 2853 1097 2887 (1')
1115 2851 1223 2888 Libntt,
1236 2860 1279 2886 cp.
1297 2851 1340 2878 16.
