2044 3173
243 143 275 172 47
785 144 1120 176 COMMENTATIONIS
1139 146 1235 177 PARS
1254 146 1296 177 ΙΙ.
1834 146 1870 177 48

242 207 335 228 revera
347 207 425 227 suum
440 199 515 227 duxit
527 206 586 226 esse
599 198 725 231 olIicium,
739 199 927 232 Heumannus,
940 202 961 228 si
977 202 1028 229 sibi
1045 206 1064 232 Α
1080 210 1140 229 esse
1160 206 1302 237 poterant,
1327 203 1353 229 in
1369 209 1448 230 suum
1471 202 1606 230 transtulit
1620 209 1697 237 opus.
1713 201 1778 230 Inde
1791 202 1870 230 facil-

240 251 364 274 constare
380 246 444 277 vult,
464 253 525 272 cum
544 245 691 280 hypocritis
707 246 824 274 ascribat
841 255 952 275 necesse
971 253 1027 281 est,

241 293 344 328 quippe‘
354 293 398 327 qui
415 291 542 326 epistolas
559 291 668 325 quidem
685 293 847 321 adhortandi
864 301 945 321 causa
962 295 1029 322 scri-

241 338 334 373 pserit,
348 337 394 364 sed
405 338 457 364 ‘has
471 345 525 363 non
540 337 644 364 miserit
657 337 710 365 illis
722 346 837 373 quorum
852 340 966 374 praeﬁxit
980 349 1029 368 no-

242 385 326 415 mina,
346 387 490 411 contentus
510 391 555 410 cas
572 384 700 412 recitasse
719 393 809 412 coram
828 386 979 421 discipulis.
999 387 1028 414 Si

241 437 304 457 vero
319 430 436 457 Isidorus
452 430 516 456 illud
531 438 610 457 suum
627 438 681 457 non
696 438 756 458 esse
771 431 888 459 ofﬁciunt
903 433 1027 465 credidit,

241 476 354 504 mendax
379 481 421 503 est
445 476 517 503 illam
543 476 578 503 ad
604 476 740 504 Maronem
768 479 944 506 conscribens
970 479 1029 514 epi-

240 522 347 549 stolam.

275 567 329 595 Nos
345 575 380 596 ne
396 568 528 596 Isidorum
546 576 594 604 pro
609 569 764 597 simulatore
780 577 811 597 ac
828 570 1028 598 dissimulatore

240 614 340 642 habere
361 615 522 647 debeamus,
540 615 573 641 ab
594 614 746 642 ileumanni
766 617 902 643 sententia
923 617 1011 644 recedi

239 670 310 694 mus,
325 667 404 696 atque
420 662 546 689 lectorem
563 670 697 697 quemque
713 668 817 697 septem
833 663 896 694 illis,
912 671 1026 698 quarum

239 709 408 735 enumeratio
423 709 554 743 sequitur,
572 709 693 743 epistolis
710 713 813 736 attento
828 710 919 736 animo
938 711 1027 744 perle-

239 755 303 786 etis,
330 755 492 782 conﬁdimus
520 754 620 781 nostris
648 754 786 782 fauturum
813 763 873 782 esse
894 756 1027 790 partibus.

241 799 306 827 Vide
341 801 420 836 igitur
451 801 497 828 lib.
531 801 552 827 ll
578 809 622 835 ep.
645 801 690 833 “2!,
715 801 871 836 Ilermngcni
891 802 1026 836 episcopo,-

239 846 285 874 lib.
306 847 338 873 Ill
357 855 400 882 ep.
421 847 464 878 35,
487 847 592 873 llieraci
613 847 778 881 presbytero;
798 847 844 874 lib.
865 847 897 874 lll
917 856 960 882 cp.
983 849 1025 882 70,

1081 247 1143 274 lime
1155 248 1287 282 quispiam
1302 248 1426 283 colligere
1440 249 1538 282 pessit,
1560 247 1689 277 lrcnreum
1712 247 1780 273 nihil
1795 247 1868 274 aliud

1080 292 1169 319 dict-re
1184 293 1318 325 voluisse,
1336 293 1388 319 nisi
1404 301 1433 320 se
1453 301 1468 320 e
1488 293 1578 319 multis
1595 292 1735 319 Pelusiotae
1748 293 1869 328 epistolis

1079 339 1208 372 quasdam
1237 347 1293 366 suae
1326 339 1447 373 opinioni
1480 339 1602 366 faventes
1627 338 1738 373 elegisse
1767 345 1869 373 easque

1080 384 1258 411 transtulisse.
1287 385 1413 411 Attamen
1436 388 1492 411 tum
1518 383 1626 415 verbis,
1654 387 1712 410 tum
1734 383 1772 410 rei
1800 383 1867 410 mihi

1079 430 1187 464 quidem
1201 431 1307 458 videtur
1330 438 1390 458 esse
1413 431 1500 464 aptior
1515 430 1598 457 altera
1614 431 1710 457 horum
1723 431 1867 457 verborum

1078 475 1230 509 explicandi
1247 476 1326 502 ratio.
1350 475 1445 502 Statuo
1455 476 1527 502 enim
1540 495 1548 507 ,
1561 475 1689 502 lrena-um
1710 475 1798 501 verbis
1815 474 1868 501 illis

1080 521 1149 547 hanc
1163 521 1310 556 subjecisse
1324 522 1486 548 sententiam
1500 530 1507 547 :
1528 520 1580 547 llas
1594 528 1689 547 omnes
1701 520 1794 547 Isidori
1809 520 1867 554 epi-

1079 566 1161 592 stolas
1178 573 1231 594 uon
1252 566 1284 592 ad
1302 566 1415 592 verbum
1429 565 1560 599 descripsi
1571 584 1578 595 ,
1595 565 1642 592 sed
1656 565 1776 599 excerpsi
1787 584 1795 596 ,
1817 572 1864 592 ex-

1078 615 1239 646 cerptasque
1254 611 1280 637 in
1297 618 1385 638 meum
1400 611 1523 638 transtuli
1537 618 1614 645 opus.
1626 625 1660 631 -—
1674 610 1706 638 Et
1719 615 1791 638 certe
1802 618 1868 645 ope-

1079 664 1135 684 ram
1149 657 1327 691 perdidisset,
1343 657 1396 684 nisi
1412 665 1442 684 ea
1458 661 1562 683 tantum
1579 656 1672 683 lsidori
1689 657 1768 683 verba
1780 677 1787 688 ,
1803 656 1866 691 qui-

1078 701 1128 728 lius
1143 702 1305 729 sententiam
1321 709 1398 728 suam
1419 701 1527 736 probari
1548 708 1628 736 posse
1642 701 1799 735 judicabat.
1818 708 1866 728 ve-

1079 755 1138 774 rum
1163 748 1244 774 etiam
1266 755 1326 782 qua:
1344 748 1376 774 ad
1398 755 1454 774 rem
1478 755 1591 781 prorsus
1612 754 1666 773 non
1682 746 1864 781 pertinebant,

1077 792 1167 819 omnia
1193 800 1291 827 nempe
1312 800 1372 827 quae
1397 792 1510 818 formam
1536 796 1660 827 spectant
1686 791 1864 826 epistolicam,

1077 838 1254 865 salutationes
1276 838 1380 872 aliaque
1405 837 1552 872 ejusmodi,
1568 837 1764 871 descripsisset.
1786 837 1864 870 Quod

239 893 344 926 Opltt‘lio
360 894 546 927 grammatico;
563 893 608 919 lib.
625 892 657 920 Ill
674 901 716 927 ep.
732 893 798 926 270,
815 893 951 929 Lampetie
968 896 1021 929 epi-

1075 891 1137 910 cum
1153 887 1207 910 tam
1221 883 1298 910 facile
1319 884 1354 910 sit
1367 883 1504 910 intellectu
1519 903 1526 915 ,
1548 891 1603 910 non
1617 883 1703 910 solum
1720 884 1863 916 Irenaeum,

237 947 328 973 scopo;
344 940 390 965 lib.
407 939 439 966 Ill
456 947 498 974 ep.
514 939 577 969 282,
593 939 732 965 Archonu'o
751 949 831 974 remp.
848 942 963 975 gerenti;
980 942 1026 969 lib.

239 984 270 1010 IV
289 994 331 1020 ep.
353 986 415 1017 205,
435 985 556 1019 Olympio
575 985 732 1020 presbytero,
751 986 921 1020 scholastica;
942 987 987 1014 lib.
1008 987 1028 1013 V

237 1038 281 1065 ep.
299 1031 361 1063 2l9,
378 1030 507 1057 Theodoro
522 1032 640 1058 diacono.

271 1078 340 1105 Cum
355 1079 398 1106 his
421 1079 519 1106 litteris
535 1078 653 1105 conferri
674 1082 786 1113 possunt
799 1078 857 1105 alia:
875 1079 1026 1113 permultze,

237 1125 335 1160 quibus
354 1125 471 1152 lsidorus
483 1145 490 1157 ,
514 1131 544 1152 se
559 1124 624 1150 viris
638 1124 690 1151 illis
711 1124 895 1158 petulantibus
911 1130 937 1152 et
953 1125 1029 1152 luxu-

200 1178 204 1182 ·
238 1171 318 1198 riosis
342 1170 468 1205 epistolas
497 1170 597 1204 swpius
625 1169 730 1196 misisse
747 1188 754 1199 .
787 1169 866 1203 plane
887 1170 1026 1203 declarat;

238 1216 321 1247 velut,
337 1217 383 1243 lib.
402 1224 431 1243 ιιι
455 1223 499 1250 ep.
515 1215 559 1248 67,
575 1215 619 1247 90,
637 1215 698 1247 5‘23,
722 1214 789 1247 597;
810 1214 856 1242 lib.
874 1223 906 1248 v,
921 1223 964 1250 ep.
981 1216 1025 1249 84,

237 1261 300 1294 210,
317 1262 380 1294 285,
399 1262 460 1289 56.5.

272 1306 339 1334 Cum
360 1307 442 1341 igitur
463 1306 581 1334 Isidorus
601 1307 658 1342 ipse
684 1307 774 1334 multis
790 1307 854 1334 locis
869 1306 1026 1333 declarave-

237 1353 286 1386 rit,
309 1361 339 1380 se
355 1353 471 1380 Eusebio
486 1353 630 1387 episcopo,
647 1352 770 1386 Zosimo,
793 1351 894 1379 Maroni
908 1373 915 1385 ,
936 1351 1025 1379 Marti-

236 1399 319 1426 niano
336 1403 363 1426 et
379 1399 519 1425 Eustathio
540 1398 703 1432 presbyteris
721 1398 823 1425 litteras
843 1398 949 1425 misisse
961 1419 967 1431 ,
982 1399 1026 1426 vix

238 1445 350 1479 intelligi
380 1449 470 1479 potest
489 1444 624 1478 quomodo
640 1443 814 1471 lleumannus
832 1452 927 1471 omnes
942 1465 948 1476 ,
966 1452 1025 1478 qua:

236 1489 270 1517 ad
295 1490 419 1516 homines
443 1489 508 1516 istos
531 1489 600 1516 data:
627 1494 705 1521 sunt,
730 1489 857 1524 epistolas
880 1490 907 1516 in
931 1490 1024 1516 umbra

237 1535 412 1566 scholastica,
428 1539 457 1561 ut
483 1535 541 1569 ipse
555 1535 607 1566 ait,
624 1535 786 1569 compositas
799 1554 805 1566 ,
823 1541 910 1569 neque
932 1535 965 1562 ad
978 1542 1024 1562 eos

236 1589 351 1615 quorum
367 1580 474 1616 puellm
488 1585 550 1607 sunt
562 1580 669 1607 nomina
686 1580 781 1607 missas
795 1579 887 1612 fuisse,
904 1584 1023 1607 statuere

237 1626 354 1660 potuerit
366 1634 373 1658 ;
390 1625 537 1660 praesertim
547 1633 607 1652 cum
622 1625 678 1659 ipse
691 1633 717 1660 p.
737 1624 768 1651 15
779 1632 807 1651 se
821 1624 913 1651 Isidori
929 1625 1024 1659 episto-

236 1673 275 1698 las
289 1671 450 1706 perlegisse,
466 1671 592 1706 justaqne
614 1670 734 1698 adhibita
759 1670 907 1697 attentione
932 1671 1023 1705 perlu-

235 1723 335 1745 strasse
350 1717 532 1744 allirmaverit.

270 1763 304 1789 At
317 1770 370 1789 non
383 1762 481 1789 sullieit
494 1762 607 1788 aliorum
620 1762 762 1796 opiniones
775 1761 916 1794 refutasse,
929 1769 1022 1789 verum

235 1817 322 1835 meam
349 1808 382 1835 de
414 1807 508 1834 Isidori
536 1807 657 1842 epistolis
684 1807 846 1834 sententiam
871 1807 1019 1842 explicabo,

233 1862 331 1889 quam,
352 1855 372 1881 si
391 1854 446 1880 ﬁeri
463 1857 567 1888 potest,
585 1858 704 1880 veterum
719 1853 878 1887 scriptorum
898 1854 1020 1880 testimo-

235 1901 286 1928 niis
305 1901 458 1934 iirmisque,
480 1908 539 1934 qua:
559 1907 589 1926 ex
611 1900 676 1933 ipsis
698 1899 778 1934 hujus
795 1900 842 1926 viri
861 1900 956 1926 litteris
972 1900 1020 1927 de-

235 1948 358 1980 prompta
376 1949 453 1976 sunt,
482 1944 666 1978 argumentis,
689 1944 797 1978 probari
823 1949 939 1978 oportet.
966 1945 1020 1979 Ego

234 1996 324 2016 autent
345 1997 437 2016 verum
467 1989 584 2016 sensisse
602 1989 717 2016 arbitror
740 1989 944 2016 Schrmckhium
968 1990 1018 2024 ((ι),

233 2035 278 2069 qui
299 2034 428 2069 plurimas
441 2033 534 2061 Isidori
554 2034 681 2068 epistolas
705 2041 757 2060 non
776 2042 806 2060 ea
824 2034 907 2061 forma
924 2043 974 2069 qua
991 2035 1018 2062 in
1033 2053 1037 2058 .

232 2080 314 2107 editis
324 2087 427 2106 excusa:
441 2079 496 2106 sint
505 2079 704 2114 exemplaribus
714 2100 720 2110 ,
737 2079 770 2106 ab
784 2085 894 2106 auctore
906 2081 1019 2115 scriptas

232 2133 310 2157 esse,
331 2125 376 2152 sed
399 2133 415 2152 a
434 2125 574 2152 monachis
593 2130 732 2159 excerptas
752 2125 783 2151 ad
800 2130 917 2152 nostram
936 2134 1019 2160 usque

232 2176 338 2198 aetatem
355 2171 510 2206 pervenisse
521 2192 528 2203 ,
545 2175 623 2198 acute
643 2171 767 2205 conj-cit.
792 2170 859 2197 Cum
882 2179 946 2198 vero
961 2172 1018 2206 ipse

232 2215 397 2250 argumentis
415 2215 483 2242 hanc
497 2222 572 2242 suam
585 2215 745 2242 sententiain
763 2215 875 2249 probare
890 2216 924 2242 ali
939 2216 1015 2243 insti-

233 2260 280 2287 tuti
302 2260 406 2288 ratione
421 2260 538 2287 alienum
564 2268 624 2287 esse
639 2260 791 2292 censuerit,
810 2260 889 2287 nobis
903 2261 960 2288 lucc
975 2269 1016 2289 re-

231 2306 293 2332 licta
310 2310 351 2332 est
366 2305 514 2340 provincia.

267 2351 348 2378 Favet
368 2355 459 2378 autem
473 2370 479 2382 ,
503 2355 531 2376 ut
545 2350 668 2384 equidem
693 2349 822 2381 arbitror,
848 2349 1015 2377 Schrwckhii

231 2395 392 2429 conjectum
416 2394 479 2421 illud
502 2394 594 2421 lrenmi
620 2394 741 2426 dictum,
764 2393 836 2428 quod
850 2394 936 2428 prima
960 2394 1015 2428 jnm

230 2441 369 2468 attulimus
391 2441 472 2475 hujus
497 2440 732 2467 eommentationis
760 2444 854 2474 parte,
885 2439 1017 2474 cujusque

229 2486 311 2513 verba
327 2486 380 2513 huc
402 2486 550 2521 spectantia
572 2486 630 2512 haec
646 2489 727 2512 sunt:
752 2484 819 2512 cllas
832 2492 926 2512 omnes
940 2485 1011 2512 beati

229 2531 323 2558 Isidori
341 2531 488 2566 (epistolas)
504 2546 536 2551 -—
550 2530 670 2564 exeerpsi
685 2535 712 2557 et
727 2530 851 2557 transtuli
867 2538 898 2557 ex
910 2531 1011 2564 episto-

228 2577 269 2604 lis.
282 2577 341 2612 ejus
361 2577 467 2604 duobus
490 2576 633 2603 millibus.»
658 2575 723 2608 ουκ
739 2576 820 2603 verba
836 2576 936 2610 duplici
951 2575 1010 2610 qui-

228 2624 288 2651 dem
302 2623 383 2650 mndo
402 2623 528 2657 explicari
543 2627 665 2657 possunt.
687 2622 753 2649 Nam
766 2622 892 2654 lrenzeus,
909 2622 946 2649 uti
959 2622 1012 2649 Lu-

228 2676 279 2703 pus
296 2668 422 2702 praeclare
446 2667 566 2699 notavit,
588 2675 642 2694 non
663 2675 758 2694 onmcs
777 2667 870 2694 Isidori
885 2667 1012 2702 epistolas

228 2713 255 2739 in
276 2712 467 2740 vetustissimis
483 2711 533 2738 illis
552 2712 747 2739 Acmmetensis
764 2712 919 2739 monasterii
935 2713 1011 2739 codi-

228 2758 303 2785 cibus
318 2758 497 2793 perscriptas,
514 2765 607 2784 verum
628 2765 674 2785 eas
689 2762 792 2785 tantum
808 2766 867 2792 quae
883 2758 932 2792 ipsi
950 2758 1010 2784 usui

262 2834 302 2869 (α)
314 2834 473 2864 ΞηὴτωςῐίΙι.
497 2834 566 2862 Hist.
584 2835 644 2861 ι’τεΙ.
660 2835 711 2861 vol.
728 2833 804 2861 XVII.
816 2843 843 2868 p.
865 2834 924 2860 5'25.

1080 937 1172 956 verum
1190 929 1287 956 multos
1301 929 1396 955 harum
1411 929 1583 963 epistularum
1595 929 1775 964 descriptores
1792 930 1863 957 idem

1079 974 1196 1000 sensisse
1219 974 1343 1000 arbitror.
1360 974 1451 1008 Neque
1469 975 1515 1008 qui
1535 974 1627 1001 Isidori
1644 975 1746 1002 litteras
1759 984 1819 1010 qua;
1835 976 1863 1003 in

1079 1019 1158 1046 editis
1173 1019 1281 1046 l’atrum
1298 1024 1403 1046 exstant
1416 1019 1518 1046 catenis
1528 1039 1535 1051 ,
1551 1027 1611 1046 cum
1628 1019 1679 1046 illis
1693 1028 1752 1055 qua:
1766 1020 1793 1047 in
1803 1021 1862 1048 edi-

1080 1064 1151 1091 tione
1169 1064 1314 1091 Parisiensi
1333 1073 1438 1092 excusa:
1455 1069 1535 1097 sunt,
1559 1065 1696 1096 conferet.
1713 1067 1783 1094 hanc
1798 1075 1864 1094 sen-

1078 1109 1189 1135 tentiam
1202 1116 1250 1143 pro
1265 1117 1339 1136 mera
1355 1109 1464 1136 habebit
1482 1110 1635 1145 hypothesi.
1652 1112 1757 1138 Etenim
1771 1121 1803 1139 ex
1819 1113 1863 1139 iu-

1078 1154 1170 1182 stituta
1186 1155 1386 1190 comparatione
1401 1160 1558 1183 catenarum
1577 1162 1702 1184 auctores
1721 1157 1863 1185 Pelusiotae

1077 1202 1204 1236 epistolas
1219 1209 1273 1228 non
1288 1202 1410 1237 religiose
1422 1202 1600 1236 descripsisse
1622 1203 1746 1230 facillime
1762 1204 1863 1230 intelli-

1077 1248 1158 1282 gitur.
1172 1247 1249 1280 Quod
1264 1248 1314 1274 etsi
1329 1247 1459 1282 exelnplis
1473 1248 1634 1282 quibusdam
1654 1249 1744 1275 statim
1761 1249 1861 1284 possim

1076 1294 1219 1321 ostendere
1235 1314 1241 1326 ,
1261 1298 1369 1326 tamen,
1385 1301 1447 1320 cum
1466 1294 1499 1320 ab
1521 1294 1638 1320 instituti
1655 1295 1739 1321 nostri
1760 1295 1862 1322 ratione

1076 1347 1129 1366 non
1143 1339 1260 1366 alienum
1281 1340 1330 1370 sit,
1347 1340 1437 1366 omnia
1456 1347 1515 1373 qua:
1535 1345 1645 1366 catenas
1663 1347 1725 1367 cum
1738 1340 1836 1368 litteris
1847 1350 1861 1368 a

1075 1383 1211 1411 Chatardo
1222 1405 1229 1416 ,
1244 1383 1425 1411 Rittershusio
1442 1388 1470 1411 et
1483 1384 1594 1412 Sehotto
1611 1386 1691 1412 editis
1705 1393 1863 1420 comparan-

1077 1435 1117 1457 tes
1133 1430 1286 1462 notavimus
1296 1451 1303 1462 ,
1320 1438 1381 1457 cum
1396 1431 1496 1457 lectore
1504 1432 1705 1458 communicare
1720 1431 1860 1464 benevolo,

1075 1481 1102 1502 et
1121 1482 1182 1502 eum
1196 1496 1202 1508 ,
1218 1475 1330 1510 probata
1352 1476 1411 1502 aliis
1422 1483 1529 1510 quoque
1549 1476 1715 1511 argumentis
1728 1477 1866 1504 Schroeck-

1076 1520 1114 1546 hii
1130 1521 1279 1554 sententia,
1296 1521 1329 1548 ad
1351 1521 1421 1548 hanc
1450 1529 1506 1548 rem
1526 1522 1718 1549 rccurrendum
1745 1521 1778 1550 sit
1792 1543 1799 1555 ,
1818 1523 1862 1550 hic

1076 1567 1153 1594 nobis
1171 1567 1261 1593 omnia
1277 1568 1320 1594 illa
1337 1567 1416 1594 liceat
1429 1567 1566 1596 omittere.

1111 1624 1211 1652 Deinde
1225 1629 1314 1651 autem
1331 1632 1362 1652 ex
1375 1633 1407 1652 eo
1419 1625 1489 1660 quod
1503 1626 1729 1660 plurimaelsidori
1741 1627 1860 1661 epistolae

1075 1670 1148 1697 omni
1177 1675 1269 1697 carent
1287 1670 1371 1698 forma
1395 1672 1551 1706 epistolica,
1572 1679 1617 1699 eas
1634 1679 1687 1699 non
1711 1673 1750 1700 sic
1774 1673 1811 1699 uti
1832 1672 1859 1700 in

1074 1716 1191 1743 editione
1206 1716 1350 1743 Parisiensi
1365 1721 1483 1749 exstant,
1504 1718 1537 1745 ab
1550 1723 1660 1745 auctore
1675 1719 1788 1752 scriptas
1798 1727 1860 1746 esse

1071 1762 1133 1796 jure
1147 1762 1292 1797 colligitur.
1313 1762 1353 1789 (ιι.
1377 1763 1424 1789 lib.
1441 1771 1458 1795 ι,
1479 1770 1524 1798 ep.
1543 1763 1609 1796 t05.
1624 1765 1691 1796 161,
1707 1764 1776 1798 228,
1795 1765 1858 1798 εδδ,

1072 1807 1125 1835 258
1136 1828 1142 1839 ,
1159 1807 1228 1840 ΞΗ,
1245 1809 1298 1835 2Ἰ9
1309 1828 1315 1840 ,
1331 1808 1399 1840 294,
1415 1809 1481 1840 ι295,
1499 1808 1566 1839 9.96.
1588 1814 1638 1837 etc.

1108 1864 1227 1892 Tertium
1244 1870 1269 1892 et
1283 1866 1391 1900 quidem
1401 1867 1587 1901 gravissimum
1598 1887 1605 1899 ,
1619 1875 1672 1902 quo
1681 1867 1749 1896 hanc
1764 1868 1796 1896 de
1811 1868 1858 1896 Isi-

1071 1911 1129 1937 dori
1141 1911 1263 1945 epistolis
1279 1912 1440 1938 sententiam
1450 1920 1580 1939 conamur
1589 1914 1702 1947 probare
1712 1921 1856 1949 argumen-

1073 1959 1127 1981 tum
1137 1955 1170 1981 λι)
1178 1956 1297 1990 epistolis
1306 1964 1366 1990 qua:
1372 1956 1412 1983 bis
1422 1957 1446 1982 in
1459 1957 1538 1983 editis
1546 1961 1651 1983 exstant
1659 1957 1857 1991 exemplaribus

1071 2002 1183 2036 petitum
1198 2007 1247 2028 est.
1268 2001 1296 2028 lu
1318 2002 1360 2028 his
1374 2002 1445 2028 enim
1462 2003 1606 2029 maximam
1625 2008 1727 2037 partem
1742 2003 1774 2029 ad
1793 2011 1854 2029 vcr-

1071 2047 1133 2074 bum
1154 2048 1204 2074 sibi
1223 2048 1448 2082 respondentibus
1477 2048 1610 2075 interdum
1636 2048 1678 2080 Iit,
1703 2052 1731 2074 ut
1755 2056 1798 2075 res
1827 2048 1854 2075 iu

1070 2094 1153 2120 altera
1169 2094 1260 2120 multis
1276 2095 1364 2121 verbis
1378 2094 1497 2128 exposita
1508 2115 1514 2125 ,
1528 2093 1554 2120 in
1570 2094 1652 2120 altera
1666 2093 1854 2128 paucisabsol-

1071 2146 1165 2172 \atur;
1190 2145 1219 2167 ut
1243 2141 1389 2175 cogitatum
1414 2140 1441 2166 in
1463 2140 1514 2166 hac
1533 2147 1644 2174 prorsus
1671 2140 1801 2166 omissum
1826 2139 1854 2166 in

1070 2185 1112 2211 illa
1129 2185 1286 2220 adjiciatur,
1303 2191 1331 2212 ut
1344 2185 1461 2220 denique
1485 2185 1560 2212 mira:
1576 2185 1745 2219 reperiantur
1757 2189 1854 2211 manto.

1033 2234 1126 2262 vrum
1153 2232 1299 2258 verborum
1331 2231 1561 2266 transpositiones.
1593 2231 1657 2263 Quae
1685 2230 1796 2261 omnia.
1825 2235 1855 2258 ut

1068 2275 1193 2309 equidem
1208 2276 1324 2302 arbitror
1336 2297 1342 2308 ,
1361 2281 1417 2303 tum
1433 2276 1541 2302 deruunt
1561 2280 1631 2302 recte
1656 2275 1789 2310 explicate
1804 2283 1853 2310 po-

1069 2321 1150 2354 teris,
1167 2322 1188 2348 si
1198 2322 1372 2349 Schroeckhii
1386 2322 1488 2350 favebis
1499 2322 1648 2349 sententim.
1664 2321 1716 2348 Sed
1729 2326 1757 2348 ut
1769 2322 1854 2348 lector

1067 2368 1182 2402 quisque
1196 2368 1229 2395 de
1245 2368 1294 2395 hac
1308 2376 1337 2395 re
1348 2368 1470 2402 judicare
1483 2368 1579 2402 possit,
1592 2368 1716 2402 exempla
1731 2368 1852 2403 quaedam

1068 2414 1216 2441 afferuntur
1236 2421 1346 2440 necesse
1360 2418 1410 2440 est.

1137 2471 1193 2497 Lm.
1204 2470 1236 2500 ll.
1247 2479 1288 2497 Ειι.
1308 2470 1366 2496 162.
1547 2468 1602 2496 LIB.
1616 2467 1649 2503 ν,
1663 2477 1705 2496 EP.
1719 2469 1780 2497 Ηϐ.

1106 2527 1214 2562 Ἐπειδὴ
1222 2528 1363 2562 γέγραφας
1376 2526 1440 2552 θαυ-
1515 2526 1624 2561 Ἐπειδὴ
1633 2527 1773 2563 γέγραφας
1786 2527 1851 2554 6a.»-

1067 2575 1173 2609 μάζειν,
1187 2575 1260 2605 ὅπως
1274 2573 1304 2599 τὸ
1316 2572 1439 2608 ἱερᾶσθαι
1477 2571 1582 2606 μάζειν,
1600 2573 1673 2604 ὅπως
1688 2573 1718 2599 τὸ
1727 2574 1851 2607 ἱερᾶσθαι

1065 2619 1188 2655 Ζώσιμον
1202 2619 1246 2646 τὸν
1260 2618 1389 2645 δοκοῦντα
1401 2616 1440 2644 εῐ-
1474 2617 1599 2651 Ζώσιμον
1627 2618 1714 2644 δεινὸν
1746 2619 1786 2650 ὃν,
1820 2620 1850 2645 οὐ

1064 2666 1297 2701 ναιπρεσεὺτερον
1305 2664 1437 2695 δεινὸνόν,
1474 2663 1558 2689 δεινὸν
1577 2661 1646 2690 εἶναι
1664 2664 1736 2690 δοκεῖ
1747 2665 1786 2700 τῷ
1800 2674 1852 2691 πα-

1475 2711 1598 2746 ρανόμως
1615 2714 1832 2748 χειροτονήσαντι
1841 2721 1849 2729 ’

1473 2759 1672 2786 ἀντεπιστέλλω
1692 2760 1732 2786 ὅτι
1752 2760 1784 2787 σὺ
1799 2759 1849 2796 μὲν

1062 2713 1092 2739 οὑ
1114 2712 1198 2738 δεινὸν
1222 2711 1290 2738 εἶναι
1314 2712 1387 2738 δοκεῖ
1400 2711 1437 2746 τῷ

1063 2757 1227 2792 παρωόμως
1241 2758 1321 2784 αὑτὸν
1333 2758 1368 2793 (b)
1383 2766 1438 2792 χει-

1102 2835 1136 2869 (ετ)
1153 2834 1228 2869 Αὐτῷ
1245 2835 1323 2861 codd.
1337 2834 1396 2862 Vat.
1411 2835 1473 2868 649,
1484 2840 1510 2862 et
1527 2835 1578 2862 Alt.
