  <div class='ocr_page' id='page_1' title='image "/cluster/home/n/w/nwhite01/storage/ocr_20150623/78/njp.32101077772794/036.png"; bbox 0 0 2044 3173; ppageno 0'>
   <div class='ocr_carea' id='block_1_1' title="bbox 155 183 1788 222">
    <p class='ocr_par' dir='ltr' id='par_1_1' title="bbox 155 183 1788 222">
     <span class='ocr_line' id='line_1_1' title="bbox 155 183 1788 222; baseline 0.007 -13"><span class='ocrx_word' id='word_1_1' title='bbox 155 183 187 214; x_wconf 77' lang='lat'><strong>57</strong></span> <span class='ocrx_word' id='word_1_2' title='bbox 719 184 919 222; x_wconf 76' lang='lat' dir='ltr'><strong>APPENDIX.</strong></span> <span class='ocrx_word' id='word_1_3' title='bbox 928 184 1124 215; x_wconf 81' lang='lat' dir='ltr'><strong>-COD1CES</strong></span> <span class='ocrx_word' id='word_1_4' title='bbox 1142 186 1222 216; x_wconf 84' lang='lat' dir='ltr'><strong>MSS.</strong></span> <span class='ocrx_word' id='word_1_5' title='bbox 1753 189 1788 220; x_wconf 81' lang='grc'><strong>58</strong></span> 
     </span>
    </p>
   </div>
   <div class='ocr_carea' id='block_1_2' title="bbox 155 239 946 277">
    <p class='ocr_par' dir='ltr' id='par_1_2' title="bbox 155 239 944 274">
     <span class='ocr_line' id='line_1_2' title="bbox 155 239 944 274; baseline -0.003 -7"><span class='ocrx_word' id='word_1_6' title='bbox 155 239 292 271; x_wconf 74' lang='lat' dir='ltr'><strong>scriptam.</strong></span> <span class='ocrx_word' id='word_1_7' title='bbox 304 239 381 273; x_wconf 81' lang='lat' dir='ltr'><strong>cujus</strong></span> <span class='ocrx_word' id='word_1_8' title='bbox 397 240 506 267; x_wconf 88' lang='lat' dir='ltr'><strong>initium</strong></span> <span class='ocrx_word' id='word_1_9' title='bbox 521 248 527 266; x_wconf 74' lang='grc' dir='ltr'><strong>ε</strong></span> <span class='ocrx_word' id='word_1_10' title='bbox 547 239 607 266; x_wconf 83' lang='grc' dir='ltr'><strong>Ὅτι</strong></span> <span class='ocrx_word' id='word_1_11' title='bbox 619 240 659 266; x_wconf 76' lang='grc' dir='ltr'><strong>δεῖ</strong></span> <span class='ocrx_word' id='word_1_12' title='bbox 671 239 807 274; x_wconf 80' lang='grc' dir='ltr'><strong>ὲπιμόνως</strong></span> <span class='ocrx_word' id='word_1_13' title='bbox 823 239 896 274; x_wconf 73' lang='grc' dir='ltr'>ἔχειν</span> <span class='ocrx_word' id='word_1_14' title='bbox 913 241 944 274; x_wconf 80' lang='grc' dir='ltr'><strong>τῇ</strong></span> 
     </span>
    </p>
   </div>
   <div class='ocr_carea' id='block_1_3' title="bbox 996 239 1785 277">
    <p class='ocr_par' dir='ltr' id='par_1_3' title="bbox 998 240 1785 277">
     <span class='ocr_line' id='line_1_3' title="bbox 998 240 1785 277; baseline 0.004 -11"><span class='ocrx_word' id='word_1_15' title='bbox 998 248 1062 266; x_wconf 89' lang='lat' dir='ltr'><strong>num</strong></span> <span class='ocrx_word' id='word_1_16' title='bbox 1081 240 1139 275; x_wconf 83' lang='lat' dir='ltr'><strong>(lib.</strong></span> <span class='ocrx_word' id='word_1_17' title='bbox 1159 249 1199 272; x_wconf 86' lang='grc' dir='ltr'>ιιι,</span> <span class='ocrx_word' id='word_1_18' title='bbox 1217 249 1260 275; x_wconf 88' lang='lat' dir='ltr'><strong>ep.</strong></span> <span class='ocrx_word' id='word_1_19' title='bbox 1280 241 1354 276; x_wconf 77' lang='grc'>210),</span> <span class='ocrx_word' id='word_1_20' title='bbox 1368 242 1461 268; x_wconf 86' lang='lat' dir='ltr'><strong>ultima</strong></span> <span class='ocrx_word' id='word_1_21' title='bbox 1483 246 1575 269; x_wconf 86' lang='lat' dir='ltr'><strong>autem</strong></span> <span class='ocrx_word' id='word_1_22' title='bbox 1593 242 1625 269; x_wconf 85' lang='lat' dir='ltr'><strong>ad</strong></span> <span class='ocrx_word' id='word_1_23' title='bbox 1645 242 1785 277; x_wconf 72' lang='lat' dir='ltr'><strong>Lycmnam</strong></span> 
     </span>
    </p>
   </div>
   <div class='ocr_carea' id='block_1_4' title="bbox 158 286 947 322">
    <p class='ocr_par' dir='ltr' id='par_1_4' title="bbox 158 286 947 322">
     <span class='ocr_line' id='line_1_4' title="bbox 158 286 947 322; baseline 0 -10"><span class='ocrx_word' id='word_1_24' title='bbox 158 286 399 322; x_wconf 67' lang='grc' dir='ltr'><strong>μελέτῃ-υνίοτοε</strong></span> <span class='ocrx_word' id='word_1_25' title='bbox 407 286 486 318; x_wconf 64' lang='lat'><strong>48-5.,</strong></span> <span class='ocrx_word' id='word_1_26' title='bbox 495 286 534 313; x_wconf 90' lang='lat' dir='ltr'><strong>sic</strong></span> <span class='ocrx_word' id='word_1_27' title='bbox 543 286 640 312; x_wconf 87' lang='lat' dir='ltr'><strong>deinde</strong></span> <span class='ocrx_word' id='word_1_28' title='bbox 652 287 746 321; x_wconf 69' lang='lat' dir='ltr'><strong>pergit,</strong></span> <span class='ocrx_word' id='word_1_29' title='bbox 757 286 897 312; x_wconf 83' lang='lat' dir='ltr'><strong>continent</strong></span> <span class='ocrx_word' id='word_1_30' title='bbox 905 293 947 312; x_wconf 87' lang='lat' dir='ltr'><strong>sa-</strong></span> 
     </span>
    </p>
   </div>
   <div class='ocr_carea' id='block_1_5' title="bbox 157 331 946 367">
    <p class='ocr_par' dir='ltr' id='par_1_5' title="bbox 157 331 946 367">
     <span class='ocr_line' id='line_1_5' title="bbox 157 331 946 367; baseline -0.001 -8"><span class='ocrx_word' id='word_1_31' title='bbox 157 340 208 360; x_wconf 64' lang='lat' dir='ltr'><strong>crae</strong></span> <span class='ocrx_word' id='word_1_32' title='bbox 220 332 368 367; x_wconf 70' lang='lat' dir='ltr'><strong>Scriptum:</strong></span> <span class='ocrx_word' id='word_1_33' title='bbox 379 331 621 367; x_wconf 82' lang='lat' dir='ltr'><strong>interpretationes</strong></span> <span class='ocrx_word' id='word_1_34' title='bbox 633 341 638 358; x_wconf 88' lang='lat'>:</span> <span class='ocrx_word' id='word_1_35' title='bbox 651 336 795 366; x_wconf 84' lang='lat' dir='ltr'><strong>sequentes</strong></span> <span class='ocrx_word' id='word_1_36' title='bbox 807 332 867 363; x_wconf 77' lang='grc'>175,</span> <span class='ocrx_word' id='word_1_37' title='bbox 875 332 946 358; x_wconf 85' lang='lat' dir='ltr'><strong>circa</strong></span> 
     </span>
    </p>
   </div>
   <div class='ocr_carea' id='block_1_6' title="bbox 157 379 947 415">
    <p class='ocr_par' dir='ltr' id='par_1_6' title="bbox 157 379 947 415">
     <span class='ocr_line' id='line_1_6' title="bbox 157 379 947 415; baseline -0.003 -9"><span class='ocrx_word' id='word_1_38' title='bbox 157 380 228 406; x_wconf 71' lang='lat' dir='ltr'><strong>varia</strong></span> <span class='ocrx_word' id='word_1_39' title='bbox 251 385 411 415; x_wconf 78' lang='lat' dir='ltr'><strong>argumenta</strong></span> <span class='ocrx_word' id='word_1_40' title='bbox 435 384 579 406; x_wconf 81' lang='lat' dir='ltr'><strong>versamur</strong></span> <span class='ocrx_word' id='word_1_41' title='bbox 596 389 603 406; x_wconf 93' lang='lat'><strong>:</strong></span> <span class='ocrx_word' id='word_1_42' title='bbox 624 384 767 413; x_wconf 69' lang='lat' dir='ltr'><strong>postrema:</strong></span> <span class='ocrx_word' id='word_1_43' title='bbox 793 379 844 405; x_wconf 69' lang='grc'><strong>489</strong></span> <span class='ocrx_word' id='word_1_44' title='bbox 862 379 947 405; x_wconf 81' lang='lat' dir='ltr'><strong>titulis</strong></span> 
     </span>
    </p>
   </div>
   <div class='ocr_carea' id='block_1_7' title="bbox 157 424 946 460">
    <p class='ocr_par' dir='ltr' id='par_1_7' title="bbox 157 424 946 460">
     <span class='ocr_line' id='line_1_7' title="bbox 157 424 946 460; baseline -0.001 -8"><span class='ocrx_word' id='word_1_45' title='bbox 157 430 259 457; x_wconf 86' lang='lat' dir='ltr'><strong>carent,</strong></span> <span class='ocrx_word' id='word_1_46' title='bbox 281 431 308 452; x_wconf 88' lang='lat' dir='ltr'><strong>et</strong></span> <span class='ocrx_word' id='word_1_47' title='bbox 331 426 387 453; x_wconf 83' lang='lat' dir='ltr'><strong>fere</strong></span> <span class='ocrx_word' id='word_1_48' title='bbox 414 433 511 453; x_wconf 86' lang='lat' dir='ltr'><strong>omnes</strong></span> <span class='ocrx_word' id='word_1_49' title='bbox 533 425 560 452; x_wconf 94' lang='lat' dir='ltr'><strong>in</strong></span> <span class='ocrx_word' id='word_1_50' title='bbox 584 424 670 460; x_wconf 87' lang='lat' dir='ltr'><strong>primo</strong></span> <span class='ocrx_word' id='word_1_51' title='bbox 689 429 717 452; x_wconf 88' lang='lat' dir='ltr'><strong>et</strong></span> <span class='ocrx_word' id='word_1_52' title='bbox 741 425 862 452; x_wconf 87' lang='lat' dir='ltr'><strong>secundo</strong></span> <span class='ocrx_word' id='word_1_53' title='bbox 879 425 946 451; x_wconf 81' lang='lat' dir='ltr'><strong>libro</strong></span> 
     </span>
    </p>
   </div>
   <div class='ocr_carea' id='block_1_8' title="bbox 158 471 947 507">
    <p class='ocr_par' dir='ltr' id='par_1_8' title="bbox 158 471 947 507">
     <span class='ocr_line' id='line_1_8' title="bbox 158 471 947 507; baseline -0.001 -9"><span class='ocrx_word' id='word_1_54' title='bbox 158 472 292 506; x_wconf 67' lang='lat' dir='ltr'><strong>praedicta:</strong></span> <span class='ocrx_word' id='word_1_55' title='bbox 316 472 448 499; x_wconf 82' lang='lat' dir='ltr'><strong>editionis</strong></span> <span class='ocrx_word' id='word_1_56' title='bbox 470 472 657 507; x_wconf 89' lang='lat' dir='ltr'><strong>reperiuntur;</strong></span> <span class='ocrx_word' id='word_1_57' title='bbox 677 472 810 506; x_wconf 71' lang='lat' dir='ltr'><strong>pleneque</strong></span> <span class='ocrx_word' id='word_1_58' title='bbox 833 471 947 498; x_wconf 74' lang='lat' dir='ltr'><strong>diversis</strong></span> 
     </span>
    </p>
   </div>
   <div class='ocr_carea' id='block_1_9' title="bbox 157 518 742 553">
    <p class='ocr_par' dir='ltr' id='par_1_9' title="bbox 157 518 742 553">
     <span class='ocr_line' id='line_1_9' title="bbox 157 518 742 553; baseline -0.002 -8"><span class='ocrx_word' id='word_1_59' title='bbox 157 526 188 545; x_wconf 74' lang='lat' dir='ltr'><strong>ac</strong></span> <span class='ocrx_word' id='word_1_60' title='bbox 204 518 231 544; x_wconf 92' lang='lat' dir='ltr'><strong>in</strong></span> <span class='ocrx_word' id='word_1_61' title='bbox 247 519 330 545; x_wconf 78' lang='lat' dir='ltr'><strong>editis</strong></span> <span class='ocrx_word' id='word_1_62' title='bbox 343 519 501 545; x_wconf 85' lang='lat' dir='ltr'><strong>nominibus</strong></span> <span class='ocrx_word' id='word_1_63' title='bbox 516 519 654 553; x_wconf 72' lang='lat' dir='ltr'><strong>inscriptre</strong></span> <span class='ocrx_word' id='word_1_64' title='bbox 669 521 742 544; x_wconf 89' lang='lat' dir='ltr'><strong>sunt.</strong></span> 
     </span>
    </p>
   </div>
   <div class='ocr_carea' id='block_1_10' title="bbox 191 563 945 600">
    <p class='ocr_par' dir='ltr' id='par_1_10' title="bbox 191 563 945 600">
     <span class='ocr_line' id='line_1_10' title="bbox 191 563 945 600; baseline 0.003 -10"><span class='ocrx_word' id='word_1_65' title='bbox 191 563 223 591; x_wconf 91' lang='grc'><strong>11.</strong></span> <span class='ocrx_word' id='word_1_66' title='bbox 242 565 342 592; x_wconf 80' lang='lat' dir='ltr'><strong>Eodem</strong></span> <span class='ocrx_word' id='word_1_67' title='bbox 362 565 511 593; x_wconf 85' lang='lat' dir='ltr'><strong>Laurentio</strong></span> <span class='ocrx_word' id='word_1_68' title='bbox 534 565 676 600; x_wconf 87' lang='lat' dir='ltr'><strong>Theupulo</strong></span> <span class='ocrx_word' id='word_1_69' title='bbox 698 570 767 592; x_wconf 86' lang='lat' dir='ltr'><strong>teste</strong></span> <span class='ocrx_word' id='word_1_70' title='bbox 784 581 815 586; x_wconf 84' lang='grc'><strong><em>-</em></strong></span> <span class='ocrx_word' id='word_1_71' title='bbox 830 565 865 592; x_wconf 81' lang='lat' dir='ltr'><strong>cf.</strong></span> <span class='ocrx_word' id='word_1_72' title='bbox 889 565 908 592; x_wconf 91' lang='grc'><strong>1.</strong></span> <span class='ocrx_word' id='word_1_73' title='bbox 927 565 945 598; x_wconf 87' lang='grc'>1,</span> 
     </span>
    </p>
   </div>
   <div class='ocr_carea' id='block_1_11' title="bbox 159 611 945 646">
    <p class='ocr_par' dir='ltr' id='par_1_11' title="bbox 159 611 945 646">
     <span class='ocr_line' id='line_1_11' title="bbox 159 611 945 646; baseline 0.001 -8"><span class='ocrx_word' id='word_1_74' title='bbox 159 619 185 646; x_wconf 88' lang='lat' dir='ltr'><strong>p.</strong></span> <span class='ocrx_word' id='word_1_75' title='bbox 203 611 267 638; x_wconf 74' lang='lat'><strong>285.</strong></span> <span class='ocrx_word' id='word_1_76' title='bbox 282 626 315 630; x_wconf 92' lang='lat'><strong>—</strong></span> <span class='ocrx_word' id='word_1_77' title='bbox 327 611 395 638; x_wconf 81' lang='lat' dir='ltr'><strong>Cod.</strong></span> <span class='ocrx_word' id='word_1_78' title='bbox 419 619 489 639; x_wconf 65' lang='grc' dir='ltr'><strong>νην</strong></span> <span class='ocrx_word' id='word_1_79' title='bbox 504 612 625 639; x_wconf 85' lang='lat' dir='ltr'><strong>continet</strong></span> <span class='ocrx_word' id='word_1_80' title='bbox 645 612 739 638; x_wconf 86' lang='lat' dir='ltr'><strong>lsidori</strong></span> <span class='ocrx_word' id='word_1_81' title='bbox 758 612 886 646; x_wconf 81' lang='lat' dir='ltr'><strong>epistolas</strong></span> <span class='ocrx_word' id='word_1_82' title='bbox 904 611 945 639; x_wconf 84' lang='grc'><strong>15.</strong></span> 
     </span>
    </p>
   </div>
   <div class='ocr_carea' id='block_1_12' title="bbox 192 657 946 693">
    <p class='ocr_par' dir='ltr' id='par_1_12' title="bbox 192 657 946 693">
     <span class='ocr_line' id='line_1_12' title="bbox 192 657 946 693; baseline 0.001 -10"><span class='ocrx_word' id='word_1_83' title='bbox 192 657 218 692; x_wconf 84' lang='grc'><strong>1)</strong></span> <span class='ocrx_word' id='word_1_84' title='bbox 234 657 355 684; x_wconf 88' lang='lat' dir='ltr'><strong>Zosimo.</strong></span> <span class='ocrx_word' id='word_1_85' title='bbox 371 658 425 685; x_wconf 86' lang='lat' dir='ltr'><strong>inc.</strong></span> <span class='ocrx_word' id='word_1_86' title='bbox 443 659 503 685; x_wconf 83' lang='grc' dir='ltr'>Τῶν</span> <span class='ocrx_word' id='word_1_87' title='bbox 519 658 696 693; x_wconf 71' lang='grc' dir='ltr'><strong>ἀνθρωπίνων</strong></span> <span class='ocrx_word' id='word_1_88' title='bbox 711 658 852 693; x_wconf 71' lang='grc' dir='ltr'><strong>ἁμαρτιῶν</strong></span> <span class='ocrx_word' id='word_1_89' title='bbox 865 674 900 678; x_wconf 85' lang='lat'><strong>——</strong></span> <span class='ocrx_word' id='word_1_90' title='bbox 918 657 946 691; x_wconf 80' lang='lat'><strong>‘2)</strong></span> 
     </span>
    </p>
   </div>
   <div class='ocr_carea' id='block_1_13' title="bbox 160 703 945 738">
    <p class='ocr_par' dir='ltr' id='par_1_13' title="bbox 160 703 945 738">
     <span class='ocr_line' id='line_1_13' title="bbox 160 703 945 738; baseline 0.004 -9"><span class='ocrx_word' id='word_1_91' title='bbox 160 703 197 730; x_wconf 80' lang='lat' dir='ltr'><strong>Ad</strong></span> <span class='ocrx_word' id='word_1_92' title='bbox 218 708 324 730; x_wconf 85' lang='lat' dir='ltr'><strong>ascetas</strong></span> <span class='ocrx_word' id='word_1_93' title='bbox 348 704 513 738; x_wconf 85' lang='lat' dir='ltr'><strong>jejunantes.</strong></span> <span class='ocrx_word' id='word_1_94' title='bbox 539 705 591 731; x_wconf 91' lang='lat' dir='ltr'><strong>ine.</strong></span> <span class='ocrx_word' id='word_1_95' title='bbox 608 704 721 736; x_wconf 72' lang='grc' dir='ltr'><strong>εὐθύνας</strong></span> <span class='ocrx_word' id='word_1_96' title='bbox 744 705 850 738; x_wconf 68' lang='grc' dir='ltr'>ὑφέξων</span> <span class='ocrx_word' id='word_1_97' title='bbox 869 720 901 724; x_wconf 88' lang='lat'><strong>—-—</strong></span> <span class='ocrx_word' id='word_1_98' title='bbox 918 705 945 738; x_wconf 73' lang='grc' dir='ltr'>ὃ)</span> 
     </span>
    </p>
   </div>
   <div class='ocr_carea' id='block_1_14' title="bbox 161 749 946 785">
    <p class='ocr_par' dir='ltr' id='par_1_14' title="bbox 161 749 946 785">
     <span class='ocr_line' id='line_1_14' title="bbox 161 749 946 785; baseline 0.004 -10"><span class='ocrx_word' id='word_1_99' title='bbox 161 749 263 776; x_wconf 81' lang='lat' dir='ltr'><strong>Ilieraci</strong></span> <span class='ocrx_word' id='word_1_100' title='bbox 278 750 439 777; x_wconf 87' lang='lat' dir='ltr'><strong>clarissimo.</strong></span> <span class='ocrx_word' id='word_1_101' title='bbox 454 751 508 777; x_wconf 87' lang='lat' dir='ltr'><strong>inc.</strong></span> <span class='ocrx_word' id='word_1_102' title='bbox 528 751 583 785; x_wconf 78' lang='grc' dir='ltr'>βίος</span> <span class='ocrx_word' id='word_1_103' title='bbox 602 751 664 777; x_wconf 79' lang='grc' dir='ltr'><strong>ἄνευ</strong></span> <span class='ocrx_word' id='word_1_104' title='bbox 685 751 763 784; x_wconf 75' lang='grc' dir='ltr'>λόγου</span> <span class='ocrx_word' id='word_1_105' title='bbox 777 767 808 770; x_wconf 90' lang='lat'><strong>——</strong></span> <span class='ocrx_word' id='word_1_106' title='bbox 823 751 849 784; x_wconf 73' lang='grc'><strong>1)</strong></span> <span class='ocrx_word' id='word_1_107' title='bbox 864 750 946 778; x_wconf 79' lang='lat' dir='ltr'><strong>Eulo—</strong></span> 
     </span>
    </p>
   </div>
   <div class='ocr_carea' id='block_1_15' title="bbox 158 796 944 832">
    <p class='ocr_par' dir='ltr' id='par_1_15' title="bbox 158 796 944 832">
     <span class='ocr_line' id='line_1_15' title="bbox 158 796 944 832; baseline 0.001 -9"><span class='ocrx_word' id='word_1_108' title='bbox 158 796 202 823; x_wconf 84' lang='lat' dir='ltr'><strong>nio</strong></span> <span class='ocrx_word' id='word_1_109' title='bbox 211 796 397 824; x_wconf 78' lang='lat' dir='ltr'><strong>diacono......</strong></span> <span class='ocrx_word' id='word_1_110' title='bbox 409 797 498 824; x_wconf 80' lang='grc' dir='ltr'><strong>πάντα</strong></span> <span class='ocrx_word' id='word_1_111' title='bbox 509 797 654 824; x_wconf 72' lang='grc' dir='ltr'>ποιούντων</span> <span class='ocrx_word' id='word_1_112' title='bbox 665 797 750 832; x_wconf 82' lang='grc' dir='ltr'>ἡμῶν.</span> <span class='ocrx_word' id='word_1_113' title='bbox 761 812 795 817; x_wconf 87' lang='lat'><strong>—</strong></span> <span class='ocrx_word' id='word_1_114' title='bbox 803 797 829 832; x_wconf 82' lang='grc'><strong>5)</strong></span> <span class='ocrx_word' id='word_1_115' title='bbox 843 797 944 824; x_wconf 78' lang='lat' dir='ltr'><strong>Eidem.</strong></span> 
     </span>
    </p>
   </div>
   <div class='ocr_carea' id='block_1_16' title="bbox 158 842 945 879">
    <p class='ocr_par' dir='ltr' id='par_1_16' title="bbox 158 842 945 879">
     <span class='ocr_line' id='line_1_16' title="bbox 158 842 945 879; baseline 0.003 -11"><span class='ocrx_word' id='word_1_116' title='bbox 158 842 210 869; x_wconf 88' lang='lat' dir='ltr'><strong>inc.</strong></span> <span class='ocrx_word' id='word_1_117' title='bbox 227 843 284 874; x_wconf 79' lang='grc' dir='ltr'><strong>τοῖς</strong></span> <span class='ocrx_word' id='word_1_118' title='bbox 300 843 398 874; x_wconf 77' lang='grc' dir='ltr'>δεινοῖς</span> <span class='ocrx_word' id='word_1_119' title='bbox 418 843 530 879; x_wconf 65' lang='grc' dir='ltr'><strong>ἀνδράσι</strong></span> <span class='ocrx_word' id='word_1_120' title='bbox 545 859 580 863; x_wconf 83' lang='lat'><strong><em>—</em></strong></span> <span class='ocrx_word' id='word_1_121' title='bbox 592 843 618 877; x_wconf 84' lang='lat'><strong>6)</strong></span> <span class='ocrx_word' id='word_1_122' title='bbox 636 843 785 870; x_wconf 77' lang='lat' dir='ltr'><strong>Arclmntio</strong></span> <span class='ocrx_word' id='word_1_123' title='bbox 802 844 945 870; x_wconf 76' lang='lat' dir='ltr'><strong>monacho.</strong></span> 
     </span>
    </p>
   </div>
   <div class='ocr_carea' id='block_1_17' title="bbox 157 888 946 924">
    <p class='ocr_par' dir='ltr' id='par_1_17' title="bbox 157 888 946 924">
     <span class='ocr_line' id='line_1_17' title="bbox 157 888 946 924; baseline 0.003 -10"><span class='ocrx_word' id='word_1_124' title='bbox 157 888 209 915; x_wconf 88' lang='lat' dir='ltr'><strong>inc.</strong></span> <span class='ocrx_word' id='word_1_125' title='bbox 220 890 255 924; x_wconf 79' lang='grc' dir='ltr'><strong>τῇ</strong></span> <span class='ocrx_word' id='word_1_126' title='bbox 273 888 363 916; x_wconf 72' lang='grc' dir='ltr'>λαῦἱδι</span> <span class='ocrx_word' id='word_1_127' title='bbox 380 889 514 917; x_wconf 78' lang='grc' dir='ltr'><strong>λαῦὼν-</strong></span> <span class='ocrx_word' id='word_1_128' title='bbox 525 891 550 924; x_wconf 85' lang='lat'><strong>7)</strong></span> <span class='ocrx_word' id='word_1_129' title='bbox 569 889 689 916; x_wconf 85' lang='lat' dir='ltr'><strong>Ermino.</strong></span> <span class='ocrx_word' id='word_1_130' title='bbox 707 889 760 916; x_wconf 92' lang='lat' dir='ltr'><strong>inc.</strong></span> <span class='ocrx_word' id='word_1_131' title='bbox 784 889 883 921; x_wconf 78' lang='grc' dir='ltr'>ὑποοὲς</span> <span class='ocrx_word' id='word_1_132' title='bbox 897 891 946 924; x_wconf 77' lang='grc' dir='ltr'><strong>τὴν</strong></span> 
     </span>
    </p>
   </div>
   <div class='ocr_carea' id='block_1_18' title="bbox 156 935 946 972">
    <p class='ocr_par' dir='ltr' id='par_1_18' title="bbox 156 935 946 972">
     <span class='ocr_line' id='line_1_18' title="bbox 156 935 946 972; baseline 0.004 -12"><span class='ocrx_word' id='word_1_133' title='bbox 156 935 234 969; x_wconf 73' lang='grc' dir='ltr'>χεῖρά</span> <span class='ocrx_word' id='word_1_134' title='bbox 252 943 299 961; x_wconf 80' lang='grc' dir='ltr'><strong>σου</strong></span> <span class='ocrx_word' id='word_1_135' title='bbox 317 950 352 954; x_wconf 93' lang='grc'><strong><em>-</em></strong></span> <span class='ocrx_word' id='word_1_136' title='bbox 366 936 393 970; x_wconf 89' lang='lat'><strong>8)</strong></span> <span class='ocrx_word' id='word_1_137' title='bbox 409 936 547 971; x_wconf 78' lang='lat' dir='ltr'><strong>Epagatho</strong></span> <span class='ocrx_word' id='word_1_138' title='bbox 562 936 727 970; x_wconf 79' lang='lat' dir='ltr'><strong>presbytero.</strong></span> <span class='ocrx_word' id='word_1_139' title='bbox 738 936 791 962; x_wconf 92' lang='lat' dir='ltr'><strong>inc.</strong></span> <span class='ocrx_word' id='word_1_140' title='bbox 802 937 946 972; x_wconf 67' lang='grc' dir='ltr'><strong>ἐπεγράφη</strong></span> 
     </span>
    </p>
   </div>
   <div class='ocr_carea' id='block_1_19' title="bbox 155 981 945 1018">
    <p class='ocr_par' dir='ltr' id='par_1_19' title="bbox 155 981 945 1018">
     <span class='ocr_line' id='line_1_19' title="bbox 155 981 945 1018; baseline 0.004 -12"><span class='ocrx_word' id='word_1_141' title='bbox 155 982 170 1006; x_wconf 86' lang='grc' dir='ltr'><strong><em>ὁ</em></strong></span> <span class='ocrx_word' id='word_1_142' title='bbox 188 981 290 1016; x_wconf 79' lang='grc' dir='ltr'>Κύριος</span> <span class='ocrx_word' id='word_1_143' title='bbox 304 983 332 1008; x_wconf 80' lang='grc' dir='ltr'>ὲν</span> <span class='ocrx_word' id='word_1_144' title='bbox 349 983 382 1017; x_wconf 85' lang='grc' dir='ltr'><strong>τῇ</strong></span> <span class='ocrx_word' id='word_1_145' title='bbox 409 983 501 1018; x_wconf 74' lang='grc' dir='ltr'><strong>μήτρᾳ</strong></span> <span class='ocrx_word' id='word_1_146' title='bbox 517 998 550 1002; x_wconf 93' lang='lat'><strong>——</strong></span> <span class='ocrx_word' id='word_1_147' title='bbox 561 982 587 1016; x_wconf 80' lang='grc'>9)</span> <span class='ocrx_word' id='word_1_148' title='bbox 604 982 686 1008; x_wconf 85' lang='lat' dir='ltr'><strong>Paulo</strong></span> <span class='ocrx_word' id='word_1_149' title='bbox 708 983 945 1011; x_wconf 66' lang='lat' dir='ltr'><strong>Archiniandritze.</strong></span> 
     </span>
    </p>
   </div>
   <div class='ocr_carea' id='block_1_20' title="bbox 155 1027 946 1064">
    <p class='ocr_par' dir='ltr' id='par_1_20' title="bbox 155 1027 946 1064">
     <span class='ocr_line' id='line_1_20' title="bbox 155 1027 946 1064; baseline 0.004 -11"><span class='ocrx_word' id='word_1_150' title='bbox 155 1027 208 1054; x_wconf 88' lang='lat' dir='ltr'><strong>inc.</strong></span> <span class='ocrx_word' id='word_1_151' title='bbox 223 1028 327 1064; x_wconf 77' lang='grc' dir='ltr'>πολλὴν</span> <span class='ocrx_word' id='word_1_152' title='bbox 339 1028 378 1060; x_wconf 85' lang='grc' dir='ltr'><strong>ὡς</strong></span> <span class='ocrx_word' id='word_1_153' title='bbox 397 1029 483 1062; x_wconf 81' lang='grc' dir='ltr'>ἔγνων</span> <span class='ocrx_word' id='word_1_154' title='bbox 499 1044 533 1049; x_wconf 83' lang='grc'><strong>-</strong></span> <span class='ocrx_word' id='word_1_155' title='bbox 545 1028 588 1062; x_wconf 87' lang='grc'>10)</span> <span class='ocrx_word' id='word_1_156' title='bbox 609 1028 752 1064; x_wconf 82' lang='lat' dir='ltr'><strong>Strategio.</strong></span> <span class='ocrx_word' id='word_1_157' title='bbox 775 1029 828 1055; x_wconf 92' lang='lat' dir='ltr'><strong>inc.</strong></span> <span class='ocrx_word' id='word_1_158' title='bbox 850 1029 946 1064; x_wconf 69' lang='grc' dir='ltr'><strong>ῥάϐδον</strong></span> 
     </span>
    </p>
   </div>
   <div class='ocr_carea' id='block_1_21' title="bbox 154 1074 946 1111">
    <p class='ocr_par' dir='ltr' id='par_1_21' title="bbox 154 1074 946 1111">
     <span class='ocr_line' id='line_1_21' title="bbox 154 1074 946 1111; baseline 0.003 -11"><span class='ocrx_word' id='word_1_159' title='bbox 154 1074 299 1110; x_wconf 73' lang='grc' dir='ltr'>καρυῖνην.</span> <span class='ocrx_word' id='word_1_160' title='bbox 314 1089 350 1095; x_wconf 87' lang='grc'><strong><em>-</em></strong></span> <span class='ocrx_word' id='word_1_161' title='bbox 366 1075 409 1109; x_wconf 92' lang='grc'><strong>11)</strong></span> <span class='ocrx_word' id='word_1_162' title='bbox 432 1074 627 1109; x_wconf 86' lang='lat' dir='ltr'><strong>Theopempto.</strong></span> <span class='ocrx_word' id='word_1_163' title='bbox 646 1075 699 1102; x_wconf 89' lang='lat' dir='ltr'><strong>inc.</strong></span> <span class='ocrx_word' id='word_1_164' title='bbox 723 1075 773 1109; x_wconf 80' lang='grc' dir='ltr'><strong>τὴν</strong></span> <span class='ocrx_word' id='word_1_165' title='bbox 794 1077 880 1110; x_wconf 82' lang='grc' dir='ltr'>συκῆν</span> <span class='ocrx_word' id='word_1_166' title='bbox 898 1077 946 1111; x_wconf 76' lang='grc' dir='ltr'><strong>οὐχ</strong></span> 
     </span>
    </p>
   </div>
   <div class='ocr_carea' id='block_1_22' title="bbox 155 1112 945 1157">
    <p class='ocr_par' dir='ltr' id='par_1_22' title="bbox 155 1112 945 1157">
     <span class='ocr_line' id='line_1_22' title="bbox 155 1112 945 1157; baseline 0.003 -11"><span class='ocrx_word' id='word_1_167' title='bbox 155 1120 247 1152; x_wconf 78' lang='grc' dir='ltr'>ἁπλῶς</span> <span class='ocrx_word' id='word_1_168' title='bbox 264 1135 299 1141; x_wconf 78' lang='lat'><strong>——</strong></span> <span class='ocrx_word' id='word_1_169' title='bbox 313 1121 357 1155; x_wconf 74' lang='grc'><strong>12)</strong></span> <span class='ocrx_word' id='word_1_170' title='bbox 373 1121 519 1156; x_wconf 84' lang='lat' dir='ltr'><strong>Lampecio</strong></span> <span class='ocrx_word' id='word_1_171' title='bbox 532 1121 674 1147; x_wconf 82' lang='lat' dir='ltr'><strong>monacho.</strong></span> <span class='ocrx_word' id='word_1_172' title='bbox 689 1121 743 1148; x_wconf 89' lang='lat' dir='ltr'><strong>inc.</strong></span> <span class='ocrx_word' id='word_1_173' title='bbox 764 1112 860 1148; x_wconf 56' lang='lat' dir='ltr'><strong>mihi.</strong></span> <span class='ocrx_word' id='word_1_174' title='bbox 876 1130 945 1157; x_wconf 75' lang='grc' dir='ltr'>προ-</span> 
     </span>
    </p>
   </div>
   <div class='ocr_carea' id='block_1_23' title="bbox 155 1167 944 1204">
    <p class='ocr_par' dir='ltr' id='par_1_23' title="bbox 155 1167 944 1204">
     <span class='ocr_line' id='line_1_23' title="bbox 155 1167 944 1204; baseline 0.001 -11"><span class='ocrx_word' id='word_1_175' title='bbox 155 1167 252 1200; x_wconf 73' lang='grc' dir='ltr'><strong>φάσεις</strong></span> <span class='ocrx_word' id='word_1_176' title='bbox 275 1167 329 1194; x_wconf 70' lang='grc' dir='ltr'><strong>εἰσὶ</strong></span> <span class='ocrx_word' id='word_1_177' title='bbox 341 1182 377 1187; x_wconf 93' lang='lat'><strong>—-</strong></span> <span class='ocrx_word' id='word_1_178' title='bbox 390 1167 433 1202; x_wconf 78' lang='grc'><strong>15)</strong></span> <span class='ocrx_word' id='word_1_179' title='bbox 449 1167 646 1194; x_wconf 85' lang='lat' dir='ltr'><strong>Theodulo.....</strong></span> <span class='ocrx_word' id='word_1_180' title='bbox 669 1167 834 1204; x_wconf 72' lang='grc' dir='ltr'><strong>σκανδαλίζῃ</strong></span> <span class='ocrx_word' id='word_1_181' title='bbox 850 1168 898 1194; x_wconf 73' lang='grc' dir='ltr'><strong>ἐπὶ</strong></span> <span class='ocrx_word' id='word_1_182' title='bbox 912 1169 944 1204; x_wconf 82' lang='grc' dir='ltr'><strong>τῇ</strong></span> 
     </span>
    </p>
   </div>
   <div class='ocr_carea' id='block_1_24' title="bbox 155 1212 945 1248">
    <p class='ocr_par' dir='ltr' id='par_1_24' title="bbox 155 1212 945 1248">
     <span class='ocr_line' id='line_1_24' title="bbox 155 1212 945 1248; baseline 0 -8"><span class='ocrx_word' id='word_1_183' title='bbox 155 1212 227 1240; x_wconf 71' lang='grc' dir='ltr'>κόνει</span> <span class='ocrx_word' id='word_1_184' title='bbox 241 1229 276 1234; x_wconf 93' lang='grc'><strong>-</strong></span> <span class='ocrx_word' id='word_1_185' title='bbox 289 1214 332 1247; x_wconf 81' lang='grc'><strong>15)</strong></span> <span class='ocrx_word' id='word_1_186' title='bbox 353 1213 500 1248; x_wconf 76' lang='lat' dir='ltr'><strong>Gorgonio.</strong></span> <span class='ocrx_word' id='word_1_187' title='bbox 515 1213 568 1240; x_wconf 90' lang='lat' dir='ltr'><strong>inc.</strong></span> <span class='ocrx_word' id='word_1_188' title='bbox 587 1212 772 1248; x_wconf 74' lang='grc' dir='ltr'>πολυδύναμον</span> <span class='ocrx_word' id='word_1_189' title='bbox 791 1215 838 1240; x_wconf 61' lang='grc' dir='ltr'>κκὶ</span> <span class='ocrx_word' id='word_1_190' title='bbox 864 1214 945 1240; x_wconf 68' lang='grc' dir='ltr'>πολυ-</span> 
     </span>
    </p>
   </div>
   <div class='ocr_carea' id='block_1_25' title="bbox 157 1259 353 1295">
    <p class='ocr_par' dir='ltr' id='par_1_25' title="bbox 157 1259 353 1295">
     <span class='ocr_line' id='line_1_25' title="bbox 157 1259 353 1295; baseline 0.005 -10"><span class='ocrx_word' id='word_1_191' title='bbox 157 1259 303 1295; x_wconf 75' lang='grc' dir='ltr'><strong>θρύλλητον</strong></span> <span class='ocrx_word' id='word_1_192' title='bbox 319 1274 353 1279; x_wconf 80' lang='lat'><strong>~—</strong></span> 
     </span>
    </p>
   </div>
   <div class='ocr_carea' id='block_1_26' title="bbox 380 1317 717 1345">
    <p class='ocr_par' dir='ltr' id='par_1_26' title="bbox 380 1317 717 1345">
     <span class='ocr_line' id='line_1_26' title="bbox 380 1317 717 1345; baseline 0 -1"><span class='ocrx_word' id='word_1_193' title='bbox 380 1317 487 1345; x_wconf 71' lang='lat' dir='ltr'><strong>Codiccs</strong></span> <span class='ocrx_word' id='word_1_194' title='bbox 504 1318 717 1344; x_wconf 74' lang='lat' dir='ltr'><strong>l&#39;indobonenscs.</strong></span> 
     </span>
    </p>
   </div>
   <div class='ocr_carea' id='block_1_27' title="bbox 193 1374 944 1402">
    <p class='ocr_par' dir='ltr' id='par_1_27' title="bbox 193 1374 944 1402">
     <span class='ocr_line' id='line_1_27' title="bbox 193 1374 944 1402; baseline 0 -1"><span class='ocrx_word' id='word_1_195' title='bbox 193 1374 211 1402; x_wconf 90' lang='grc'><strong>1.</strong></span> <span class='ocrx_word' id='word_1_196' title='bbox 229 1374 389 1402; x_wconf 79' lang='lat' dir='ltr'><strong>Lambecius</strong></span> <span class='ocrx_word' id='word_1_197' title='bbox 408 1375 434 1401; x_wconf 91' lang='lat' dir='ltr'><strong>in</strong></span> <span class='ocrx_word' id='word_1_198' title='bbox 452 1375 654 1402; x_wconf 88' lang='lat' dir='ltr'><strong>commentariis</strong></span> <span class='ocrx_word' id='word_1_199' title='bbox 666 1375 699 1401; x_wconf 90' lang='lat' dir='ltr'><strong>dc</strong></span> <span class='ocrx_word' id='word_1_200' title='bbox 716 1375 782 1401; x_wconf 85' lang='lat' dir='ltr'><strong>bibl.</strong></span> <span class='ocrx_word' id='word_1_201' title='bbox 798 1374 944 1402; x_wconf 70' lang='lat' dir='ltr'><strong>Cms.Vin-</strong></span> 
     </span>
    </p>
   </div>
   <div class='ocr_carea' id='block_1_28' title="bbox 153 1421 944 1456">
    <p class='ocr_par' dir='ltr' id='par_1_28' title="bbox 153 1421 944 1456">
     <span class='ocr_line' id='line_1_28' title="bbox 153 1421 944 1456; baseline -0.001 -8"><span class='ocrx_word' id='word_1_202' title='bbox 153 1421 216 1449; x_wconf 86' lang='lat' dir='ltr'><strong>dob.</strong></span> <span class='ocrx_word' id='word_1_203' title='bbox 232 1421 280 1448; x_wconf 89' lang='lat' dir='ltr'><strong>lib.</strong></span> <span class='ocrx_word' id='word_1_204' title='bbox 295 1429 321 1453; x_wconf 73' lang='grc' dir='ltr'><strong>ν,</strong></span> <span class='ocrx_word' id='word_1_205' title='bbox 338 1429 366 1456; x_wconf 89' lang='lat' dir='ltr'><strong>p.</strong></span> <span class='ocrx_word' id='word_1_206' title='bbox 383 1421 446 1448; x_wconf 65' lang='lat'><strong>245&#39;.</strong></span> <span class='ocrx_word' id='word_1_207' title='bbox 467 1431 477 1447; x_wconf 69' lang='grc' dir='ltr'><strong><em>ε</em></strong></span> <span class='ocrx_word' id='word_1_208' title='bbox 498 1421 563 1448; x_wconf 90' lang='lat' dir='ltr'><strong>Cod.</strong></span> <span class='ocrx_word' id='word_1_209' title='bbox 579 1429 652 1448; x_wconf 75' lang='lat' dir='ltr'><strong>ccxcr</strong></span> <span class='ocrx_word' id='word_1_210' title='bbox 675 1428 725 1453; x_wconf 81' lang='lat' dir='ltr'><strong>est,</strong></span> <span class='ocrx_word' id='word_1_211' title='bbox 746 1421 846 1455; x_wconf 84' lang='lat' dir='ltr'><strong>inquit,</strong></span> <span class='ocrx_word' id='word_1_212' title='bbox 863 1421 944 1447; x_wconf 89' lang='lat' dir='ltr'><strong>char-</strong></span> 
     </span>
    </p>
   </div>
   <div class='ocr_carea' id='block_1_29' title="bbox 154 1466 942 1502">
    <p class='ocr_par' dir='ltr' id='par_1_29' title="bbox 154 1466 942 1502">
     <span class='ocr_line' id='line_1_29' title="bbox 154 1466 942 1502; baseline -0.001 -8"><span class='ocrx_word' id='word_1_213' title='bbox 154 1473 258 1496; x_wconf 83' lang='lat' dir='ltr'><strong>taceus.</strong></span> <span class='ocrx_word' id='word_1_214' title='bbox 280 1467 410 1501; x_wconf 85' lang='lat' dir='ltr'><strong>antiquus</strong></span> <span class='ocrx_word' id='word_1_215' title='bbox 434 1471 462 1494; x_wconf 88' lang='lat' dir='ltr'><strong>et</strong></span> <span class='ocrx_word' id='word_1_216' title='bbox 485 1468 562 1495; x_wconf 58' lang='lat' dir='ltr'><strong>bona:</strong></span> <span class='ocrx_word' id='word_1_217' title='bbox 581 1473 653 1494; x_wconf 67' lang='lat' dir='ltr'><strong>nota:</strong></span> <span class='ocrx_word' id='word_1_218' title='bbox 672 1468 698 1494; x_wconf 97' lang='lat' dir='ltr'><strong>in</strong></span> <span class='ocrx_word' id='word_1_219' title='bbox 720 1472 826 1502; x_wconf 83' lang='lat' dir='ltr'><strong>quarto,</strong></span> <span class='ocrx_word' id='word_1_220' title='bbox 849 1467 895 1494; x_wconf 82' lang='lat' dir='ltr'><strong>sed</strong></span> <span class='ocrx_word' id='word_1_221' title='bbox 915 1466 942 1494; x_wconf 87' lang='lat' dir='ltr'><strong>in</strong></span> 
     </span>
    </p>
   </div>
   <div class='ocr_carea' id='block_1_30' title="bbox 155 1511 943 1547">
    <p class='ocr_par' dir='ltr' id='par_1_30' title="bbox 155 1511 943 1547">
     <span class='ocr_line' id='line_1_30' title="bbox 155 1511 943 1547; baseline 0.001 -9"><span class='ocrx_word' id='word_1_222' title='bbox 155 1511 288 1546; x_wconf 81' lang='lat' dir='ltr'><strong>principio</strong></span> <span class='ocrx_word' id='word_1_223' title='bbox 304 1518 332 1538; x_wconf 69' lang='lat' dir='ltr'><strong>et</strong></span> <span class='ocrx_word' id='word_1_224' title='bbox 347 1513 401 1539; x_wconf 79' lang='lat' dir='ltr'><strong>fine</strong></span> <span class='ocrx_word' id='word_1_225' title='bbox 413 1513 533 1546; x_wconf 88' lang='lat' dir='ltr'><strong>mutilus,</strong></span> <span class='ocrx_word' id='word_1_226' title='bbox 545 1517 704 1547; x_wconf 82' lang='lat' dir='ltr'><strong>constatque</strong></span> <span class='ocrx_word' id='word_1_227' title='bbox 716 1521 790 1540; x_wconf 90' lang='lat' dir='ltr'><strong>nunc</strong></span> <span class='ocrx_word' id='word_1_228' title='bbox 802 1513 874 1540; x_wconf 80' lang='lat' dir='ltr'><strong>foliis</strong></span> <span class='ocrx_word' id='word_1_229' title='bbox 889 1518 943 1540; x_wconf 86' lang='lat' dir='ltr'><strong>tre-</strong></span> 
     </span>
    </p>
   </div>
   <div class='ocr_carea' id='block_1_31' title="bbox 154 1559 766 1588">
    <p class='ocr_par' dir='ltr' id='par_1_31' title="bbox 154 1559 766 1588">
     <span class='ocr_line' id='line_1_31' title="bbox 154 1559 766 1588; baseline -0.002 -1"><span class='ocrx_word' id='word_1_230' title='bbox 154 1560 238 1588; x_wconf 78' lang='lat' dir='ltr'><strong>centis</strong></span> <span class='ocrx_word' id='word_1_231' title='bbox 257 1561 396 1588; x_wconf 85' lang='lat' dir='ltr'><strong>undecim.</strong></span> <span class='ocrx_word' id='word_1_232' title='bbox 418 1570 427 1584; x_wconf 79' lang='grc'><strong>1</strong></span> <span class='ocrx_word' id='word_1_233' title='bbox 451 1559 630 1586; x_wconf 83' lang='lat' dir='ltr'><strong>Coatinentur</strong></span> <span class='ocrx_word' id='word_1_234' title='bbox 642 1567 675 1585; x_wconf 91' lang='lat' dir='ltr'><strong>eo</strong></span> <span class='ocrx_word' id='word_1_235' title='bbox 688 1559 766 1586; x_wconf 63' lang='lat' dir='ltr'><strong>haec:</strong></span> 
     </span>
    </p>
   </div>
   <div class='ocr_carea' id='block_1_32' title="bbox 190 1597 978 1639">
    <p class='ocr_par' dir='ltr' id='par_1_32' title="bbox 190 1597 978 1639">
     <span class='ocr_line' id='line_1_32' title="bbox 190 1597 978 1639; baseline -0.001 -7"><span class='ocrx_word' id='word_1_236' title='bbox 190 1615 199 1631; x_wconf 74' lang='grc' dir='ltr'><strong>ε</strong></span> <span class='ocrx_word' id='word_1_237' title='bbox 218 1605 320 1636; x_wconf 85' lang='lat' dir='ltr'><strong>Primo,</strong></span> <span class='ocrx_word' id='word_1_238' title='bbox 339 1610 367 1632; x_wconf 93' lang='lat' dir='ltr'><strong>et</strong></span> <span class='ocrx_word' id='word_1_239' title='bbox 391 1605 500 1639; x_wconf 82' lang='lat' dir='ltr'><strong>quidem</strong></span> <span class='ocrx_word' id='word_1_240' title='bbox 515 1612 529 1631; x_wconf 80' lang='lat' dir='ltr'><strong>a</strong></span> <span class='ocrx_word' id='word_1_241' title='bbox 549 1604 594 1631; x_wconf 81' lang='lat' dir='ltr'><strong>fol.</strong></span> <span class='ocrx_word' id='word_1_242' title='bbox 612 1613 631 1636; x_wconf 81' lang='grc' dir='ltr'>ι,</span> <span class='ocrx_word' id='word_1_243' title='bbox 648 1613 674 1639; x_wconf 89' lang='lat' dir='ltr'><strong>p.</strong></span> <span class='ocrx_word' id='word_1_244' title='bbox 687 1613 711 1636; x_wconf 90' lang='grc' dir='ltr'>ι,</span> <span class='ocrx_word' id='word_1_245' title='bbox 733 1613 820 1639; x_wconf 84' lang='lat' dir='ltr'><strong>usque</strong></span> <span class='ocrx_word' id='word_1_246' title='bbox 841 1605 873 1631; x_wconf 85' lang='lat' dir='ltr'><strong>ad</strong></span> <span class='ocrx_word' id='word_1_247' title='bbox 895 1605 941 1631; x_wconf 80' lang='lat' dir='ltr'><strong>fol.</strong></span> <span class='ocrx_word' id='word_1_248' title='bbox 958 1597 978 1624; x_wconf 57' lang='grc' dir='ltr'><strong>(ἶ</strong></span> 
     </span>
    </p>
   </div>
   <div class='ocr_carea' id='block_1_33' title="bbox 154 1650 941 1686">
    <p class='ocr_par' dir='ltr' id='par_1_33' title="bbox 154 1650 941 1686">
     <span class='ocr_line' id='line_1_33' title="bbox 154 1650 941 1686; baseline -0.003 -8"><span class='ocrx_word' id='word_1_249' title='bbox 154 1651 215 1682; x_wconf 80' lang='grc'>500,</span> <span class='ocrx_word' id='word_1_250' title='bbox 227 1660 254 1686; x_wconf 93' lang='lat' dir='ltr'><strong>p.</strong></span> <span class='ocrx_word' id='word_1_251' title='bbox 272 1652 298 1683; x_wconf 88' lang='lat' dir='ltr'><strong>l,</strong></span> <span class='ocrx_word' id='word_1_252' title='bbox 313 1651 342 1678; x_wconf 89' lang='lat' dir='ltr'><strong>S.</strong></span> <span class='ocrx_word' id='word_1_253' title='bbox 360 1650 456 1678; x_wconf 88' lang='lat' dir='ltr'><strong>lsidori</strong></span> <span class='ocrx_word' id='word_1_254' title='bbox 478 1650 621 1677; x_wconf 68' lang='lat' dir='ltr'><strong>Pelusiotae</strong></span> <span class='ocrx_word' id='word_1_255' title='bbox 643 1659 705 1686; x_wconf 87' lang='lat' dir='ltr'><strong>epp.</strong></span> <span class='ocrx_word' id='word_1_256' title='bbox 720 1651 787 1678; x_wconf 88' lang='grc'>1000</span> <span class='ocrx_word' id='word_1_257' title='bbox 802 1651 836 1678; x_wconf 85' lang='lat' dir='ltr'><strong>de</strong></span> <span class='ocrx_word' id='word_1_258' title='bbox 857 1651 941 1677; x_wconf 85' lang='lat' dir='ltr'><strong>inter-</strong></span> 
     </span>
    </p>
   </div>
   <div class='ocr_carea' id='block_1_34' title="bbox 154 1697 944 1732">
    <p class='ocr_par' dir='ltr' id='par_1_34' title="bbox 154 1697 944 1732">
     <span class='ocr_line' id='line_1_34' title="bbox 154 1697 944 1732; baseline -0.001 -8"><span class='ocrx_word' id='word_1_259' title='bbox 154 1698 306 1732; x_wconf 83' lang='lat' dir='ltr'><strong>pretatione</strong></span> <span class='ocrx_word' id='word_1_260' title='bbox 319 1705 405 1725; x_wconf 59' lang='lat' dir='ltr'><strong>sacrae</strong></span> <span class='ocrx_word' id='word_1_261' title='bbox 417 1697 572 1732; x_wconf 68' lang='lat' dir='ltr'><strong>Scriptum,</strong></span> <span class='ocrx_word' id='word_1_262' title='bbox 583 1705 697 1732; x_wconf 86' lang='lat' dir='ltr'><strong>quarum</strong></span> <span class='ocrx_word' id='word_1_263' title='bbox 709 1698 828 1732; x_wconf 83' lang='lat' dir='ltr'><strong>quinque</strong></span> <span class='ocrx_word' id='word_1_264' title='bbox 840 1697 944 1732; x_wconf 85' lang='lat' dir='ltr'><strong>priores</strong></span> 
     </span>
    </p>
   </div>
   <div class='ocr_carea' id='block_1_35' title="bbox 153 1743 944 1778">
    <p class='ocr_par' dir='ltr' id='par_1_35' title="bbox 153 1743 944 1778">
     <span class='ocr_line' id='line_1_35' title="bbox 153 1743 944 1778; baseline 0 -8"><span class='ocrx_word' id='word_1_265' title='bbox 153 1744 264 1771; x_wconf 79' lang='lat' dir='ltr'><strong>omnino</strong></span> <span class='ocrx_word' id='word_1_266' title='bbox 279 1744 390 1774; x_wconf 86' lang='lat' dir='ltr'><strong>desunt,</strong></span> <span class='ocrx_word' id='word_1_267' title='bbox 406 1749 480 1770; x_wconf 76' lang='lat' dir='ltr'><strong>sexta</strong></span> <span class='ocrx_word' id='word_1_268' title='bbox 497 1748 587 1770; x_wconf 77' lang='lat' dir='ltr'><strong>autem</strong></span> <span class='ocrx_word' id='word_1_269' title='bbox 603 1744 634 1770; x_wconf 92' lang='lat' dir='ltr'><strong>ad</strong></span> <span class='ocrx_word' id='word_1_270' title='bbox 646 1744 849 1778; x_wconf 74' lang='lat' dir='ltr'><strong>Arsenuphium</strong></span> <span class='ocrx_word' id='word_1_271' title='bbox 864 1743 944 1770; x_wconf 90' lang='lat' dir='ltr'><strong>dimi-</strong></span> 
     </span>
    </p>
   </div>
   <div class='ocr_carea' id='block_1_36' title="bbox 152 1790 944 1825">
    <p class='ocr_par' dir='ltr' id='par_1_36' title="bbox 152 1790 944 1825">
     <span class='ocr_line' id='line_1_36' title="bbox 152 1790 944 1825; baseline 0 -9"><span class='ocrx_word' id='word_1_272' title='bbox 152 1790 193 1816; x_wconf 84' lang='lat' dir='ltr'><strong>dia</strong></span> <span class='ocrx_word' id='word_1_273' title='bbox 214 1794 294 1825; x_wconf 88' lang='lat' dir='ltr'><strong>parte</strong></span> <span class='ocrx_word' id='word_1_274' title='bbox 313 1790 395 1824; x_wconf 87' lang='lat' dir='ltr'><strong>priori</strong></span> <span class='ocrx_word' id='word_1_275' title='bbox 416 1794 458 1816; x_wconf 81' lang='lat' dir='ltr'><strong>est</strong></span> <span class='ocrx_word' id='word_1_276' title='bbox 480 1790 583 1820; x_wconf 80' lang='lat' dir='ltr'><strong>mutila.</strong></span> <span class='ocrx_word' id='word_1_277' title='bbox 608 1794 688 1824; x_wconf 86' lang='lat' dir='ltr'><strong>atque</strong></span> <span class='ocrx_word' id='word_1_278' title='bbox 709 1790 804 1824; x_wconf 90' lang='lat' dir='ltr'><strong>incipit</strong></span> <span class='ocrx_word' id='word_1_279' title='bbox 823 1790 879 1816; x_wconf 73' lang='lat' dir='ltr'><strong>luce</strong></span> <span class='ocrx_word' id='word_1_280' title='bbox 903 1790 944 1816; x_wconf 86' lang='lat' dir='ltr'><strong>his</strong></span> 
     </span>
    </p>
   </div>
   <div class='ocr_carea' id='block_1_37' title="bbox 151 1835 944 1871">
    <p class='ocr_par' dir='ltr' id='par_1_37' title="bbox 151 1835 944 1871">
     <span class='ocr_line' id='line_1_37' title="bbox 151 1835 944 1871; baseline -0.003 -8"><span class='ocrx_word' id='word_1_281' title='bbox 151 1836 241 1863; x_wconf 72' lang='lat' dir='ltr'><strong>verbis</strong></span> <span class='ocrx_word' id='word_1_282' title='bbox 258 1845 264 1862; x_wconf 89' lang='lat'>:</span> <span class='ocrx_word' id='word_1_283' title='bbox 280 1836 338 1862; x_wconf 78' lang='grc' dir='ltr'><strong>ἀλλ’</strong></span> <span class='ocrx_word' id='word_1_284' title='bbox 353 1836 397 1862; x_wconf 76' lang='grc' dir='ltr'>ἴνα</span> <span class='ocrx_word' id='word_1_285' title='bbox 413 1836 450 1871; x_wconf 75' lang='grc' dir='ltr'><strong>μὴ</strong></span> <span class='ocrx_word' id='word_1_286' title='bbox 466 1836 604 1867; x_wconf 68' lang='grc' dir='ltr'><strong>παντελῶς</strong></span> <span class='ocrx_word' id='word_1_287' title='bbox 614 1835 812 1870; x_wconf 72' lang='grc' dir='ltr'><strong>φα·ιτ;ισοὦμεν</strong></span> <span class='ocrx_word' id='word_1_288' title='bbox 825 1851 858 1855; x_wconf 87' lang='lat'><strong>—-</strong></span> <span class='ocrx_word' id='word_1_289' title='bbox 874 1835 944 1862; x_wconf 74' lang='lat' dir='ltr'><strong>Ulti-</strong></span> 
     </span>
    </p>
   </div>
   <div class='ocr_carea' id='block_1_38' title="bbox 149 1882 943 1917">
    <p class='ocr_par' dir='ltr' id='par_1_38' title="bbox 149 1882 943 1917">
     <span class='ocr_line' id='line_1_38' title="bbox 149 1882 943 1917; baseline -0.003 -8"><span class='ocrx_word' id='word_1_290' title='bbox 149 1890 194 1909; x_wconf 84' lang='lat' dir='ltr'><strong>ma</strong></span> <span class='ocrx_word' id='word_1_291' title='bbox 211 1883 324 1910; x_wconf 88' lang='lat' dir='ltr'><strong>demum</strong></span> <span class='ocrx_word' id='word_1_292' title='bbox 335 1883 391 1909; x_wconf 81' lang='lat' dir='ltr'><strong>sive</strong></span> <span class='ocrx_word' id='word_1_293' title='bbox 402 1882 545 1909; x_wconf 83' lang='lat' dir='ltr'><strong>millesima</strong></span> <span class='ocrx_word' id='word_1_294' title='bbox 557 1883 588 1910; x_wconf 90' lang='lat' dir='ltr'><strong>ad</strong></span> <span class='ocrx_word' id='word_1_295' title='bbox 603 1882 774 1917; x_wconf 87' lang='lat' dir='ltr'><strong>Lampecium</strong></span> <span class='ocrx_word' id='word_1_296' title='bbox 787 1883 943 1916; x_wconf 87' lang='lat' dir='ltr'><strong>episcopum</strong></span> 
     </span>
    </p>
   </div>
   <div class='ocr_carea' id='block_1_39' title="bbox 151 1928 945 1963">
    <p class='ocr_par' dir='ltr' id='par_1_39' title="bbox 151 1928 945 1963">
     <span class='ocr_line' id='line_1_39' title="bbox 151 1928 945 1963; baseline -0.001 -8"><span class='ocrx_word' id='word_1_297' title='bbox 151 1929 323 1960; x_wconf 84' lang='lat' dir='ltr'><strong>inscribitur,</strong></span> <span class='ocrx_word' id='word_1_298' title='bbox 334 1933 413 1963; x_wconf 86' lang='lat' dir='ltr'><strong>atque</strong></span> <span class='ocrx_word' id='word_1_299' title='bbox 429 1928 525 1963; x_wconf 78' lang='lat' dir='ltr'><strong>incipit</strong></span> <span class='ocrx_word' id='word_1_300' title='bbox 539 1928 590 1955; x_wconf 91' lang='lat' dir='ltr'><strong>hoc</strong></span> <span class='ocrx_word' id='word_1_301' title='bbox 604 1928 683 1955; x_wconf 90' lang='lat' dir='ltr'><strong>modo</strong></span> <span class='ocrx_word' id='word_1_302' title='bbox 695 1937 702 1955; x_wconf 86' lang='lat'><strong>:</strong></span> <span class='ocrx_word' id='word_1_303' title='bbox 720 1928 868 1963; x_wconf 78' lang='grc' dir='ltr'><strong>Λαμπετίῳ</strong></span> <span class='ocrx_word' id='word_1_304' title='bbox 886 1929 945 1954; x_wconf 79' lang='grc' dir='ltr'><strong>ὲπι-</strong></span> 
     </span>
    </p>
   </div>
   <div class='ocr_carea' id='block_1_40' title="bbox 153 1974 945 2011">
    <p class='ocr_par' dir='ltr' id='par_1_40' title="bbox 153 1974 945 2011">
     <span class='ocr_line' id='line_1_40' title="bbox 153 1974 945 2011; baseline 0 -10"><span class='ocrx_word' id='word_1_305' title='bbox 153 1975 263 2010; x_wconf 78' lang='grc' dir='ltr'><strong>σκόπῳ.</strong></span> <span class='ocrx_word' id='word_1_306' title='bbox 290 1975 340 2001; x_wconf 70' lang='grc' dir='ltr'><strong>Διὰ</strong></span> <span class='ocrx_word' id='word_1_307' title='bbox 360 1975 393 2002; x_wconf 84' lang='grc' dir='ltr'><strong>τὰ</strong></span> <span class='ocrx_word' id='word_1_308' title='bbox 412 1976 478 2011; x_wconf 71' lang='grc' dir='ltr'>περὶ</span> <span class='ocrx_word' id='word_1_309' title='bbox 504 1974 637 2009; x_wconf 75' lang='grc' dir='ltr'><strong>Ζώσιμον.</strong></span> <span class='ocrx_word' id='word_1_310' title='bbox 653 1990 688 1994; x_wconf 95' lang='grc'><strong><em>-</em></strong></span> <span class='ocrx_word' id='word_1_311' title='bbox 708 1974 796 2009; x_wconf 80' lang='grc' dir='ltr'><strong>Ἀλγῶ</strong></span> <span class='ocrx_word' id='word_1_312' title='bbox 821 1975 871 2009; x_wconf 79' lang='grc' dir='ltr'><strong>μὲν</strong></span> <span class='ocrx_word' id='word_1_313' title='bbox 897 1974 945 2001; x_wconf 72' lang='grc' dir='ltr'><strong>καὶ</strong></span> 
     </span>
    </p>
   </div>
   <div class='ocr_carea' id='block_1_41' title="bbox 150 2020 945 2056">
    <p class='ocr_par' dir='ltr' id='par_1_41' title="bbox 150 2020 945 2056">
     <span class='ocr_line' id='line_1_41' title="bbox 150 2020 945 2056; baseline 0.001 -8"><span class='ocrx_word' id='word_1_314' title='bbox 150 2021 234 2053; x_wconf 74' lang='grc' dir='ltr'><strong>αὐτὸς</strong></span> <span class='ocrx_word' id='word_1_315' title='bbox 257 2021 404 2056; x_wconf 74' lang='grc' dir='ltr'><strong>κομιόἦ-</strong></span> <span class='ocrx_word' id='word_1_316' title='bbox 418 2020 514 2056; x_wconf 69' lang='lat' dir='ltr'><strong>Operae</strong></span> <span class='ocrx_word' id='word_1_317' title='bbox 534 2021 651 2056; x_wconf 83' lang='lat' dir='ltr'><strong>pretium</strong></span> <span class='ocrx_word' id='word_1_318' title='bbox 678 2027 769 2048; x_wconf 88' lang='lat' dir='ltr'><strong>autem</strong></span> <span class='ocrx_word' id='word_1_319' title='bbox 793 2022 876 2048; x_wconf 79' lang='lat' dir='ltr'><strong>fuerit</strong></span> <span class='ocrx_word' id='word_1_320' title='bbox 895 2022 945 2050; x_wconf 90' lang='lat' dir='ltr'><strong>has</strong></span> 
     </span>
    </p>
   </div>
   <div class='ocr_carea' id='block_1_42' title="bbox 127 2061 943 2103">
    <p class='ocr_par' dir='ltr' id='par_1_42' title="bbox 127 2061 943 2103">
     <span class='ocr_line' id='line_1_42' title="bbox 127 2061 943 2103; baseline -0.001 -8"><span class='ocrx_word' id='word_1_321' title='bbox 127 2061 134 2069; x_wconf 78' lang='grc'><em>’</em></span> <span class='ocrx_word' id='word_1_322' title='bbox 151 2068 247 2096; x_wconf 90' lang='lat' dir='ltr'><strong>lsidori</strong></span> <span class='ocrx_word' id='word_1_323' title='bbox 263 2076 327 2103; x_wconf 88' lang='lat' dir='ltr'><strong>epp.</strong></span> <span class='ocrx_word' id='word_1_324' title='bbox 343 2073 469 2095; x_wconf 84' lang='lat' dir='ltr'><strong>accurate</strong></span> <span class='ocrx_word' id='word_1_325' title='bbox 485 2067 609 2095; x_wconf 78' lang='lat' dir='ltr'><strong>conferre</strong></span> <span class='ocrx_word' id='word_1_326' title='bbox 626 2076 687 2095; x_wconf 90' lang='lat' dir='ltr'><strong>cum</strong></span> <span class='ocrx_word' id='word_1_327' title='bbox 708 2069 875 2096; x_wconf 85' lang='lat' dir='ltr'><strong>cditionibus</strong></span> <span class='ocrx_word' id='word_1_328' title='bbox 892 2069 943 2095; x_wconf 87' lang='lat' dir='ltr'><strong>im-</strong></span> 
     </span>
    </p>
   </div>
   <div class='ocr_carea' id='block_1_43' title="bbox 151 2113 945 2148">
    <p class='ocr_par' dir='ltr' id='par_1_43' title="bbox 151 2113 945 2148">
     <span class='ocr_line' id='line_1_43' title="bbox 151 2113 945 2148; baseline 0.001 -8"><span class='ocrx_word' id='word_1_329' title='bbox 151 2114 265 2148; x_wconf 81' lang='lat' dir='ltr'><strong>pressis.</strong></span> <span class='ocrx_word' id='word_1_330' title='bbox 280 2114 383 2141; x_wconf 81' lang='lat' dir='ltr'><strong>Forsan</strong></span> <span class='ocrx_word' id='word_1_331' title='bbox 399 2114 470 2140; x_wconf 92' lang='lat' dir='ltr'><strong>enim</strong></span> <span class='ocrx_word' id='word_1_332' title='bbox 483 2113 509 2140; x_wconf 94' lang='lat' dir='ltr'><strong>in</strong></span> <span class='ocrx_word' id='word_1_333' title='bbox 525 2113 576 2141; x_wconf 89' lang='lat' dir='ltr'><strong>hoc</strong></span> <span class='ocrx_word' id='word_1_334' title='bbox 591 2114 684 2141; x_wconf 89' lang='lat' dir='ltr'><strong>codice</strong></span> <span class='ocrx_word' id='word_1_335' title='bbox 698 2114 820 2148; x_wconf 68' lang='lat' dir='ltr'><strong>quzedam</strong></span> <span class='ocrx_word' id='word_1_336' title='bbox 835 2119 945 2141; x_wconf 77' lang='lat' dir='ltr'><strong>exstant</strong></span> 
     </span>
    </p>
   </div>
   <div class='ocr_carea' id='block_1_44' title="bbox 151 2160 942 2195">
    <p class='ocr_par' dir='ltr' id='par_1_44' title="bbox 151 2160 942 2195">
     <span class='ocr_line' id='line_1_44' title="bbox 151 2160 942 2195; baseline -0.001 -7"><span class='ocrx_word' id='word_1_337' title='bbox 151 2162 272 2189; x_wconf 89' lang='lat' dir='ltr'><strong>nondum</strong></span> <span class='ocrx_word' id='word_1_338' title='bbox 286 2161 370 2189; x_wconf 88' lang='lat' dir='ltr'><strong>edita.</strong></span> <span class='ocrx_word' id='word_1_339' title='bbox 388 2171 397 2186; x_wconf 80' lang='grc' dir='ltr'><strong>ι</strong></span> <span class='ocrx_word' id='word_1_340' title='bbox 411 2176 445 2181; x_wconf 89' lang='grc'><strong><em>-</em></strong></span> <span class='ocrx_word' id='word_1_341' title='bbox 456 2160 541 2194; x_wconf 86' lang='lat' dir='ltr'><strong>Quam</strong></span> <span class='ocrx_word' id='word_1_342' title='bbox 560 2168 623 2188; x_wconf 80' lang='lat' dir='ltr'><strong>vero</strong></span> <span class='ocrx_word' id='word_1_343' title='bbox 638 2160 771 2188; x_wconf 77' lang='lat' dir='ltr'><strong>Lambecii</strong></span> <span class='ocrx_word' id='word_1_344' title='bbox 787 2161 942 2195; x_wconf 87' lang='lat' dir='ltr'><strong>opinionem</strong></span> 
     </span>
    </p>
   </div>
   <div class='ocr_carea' id='block_1_45' title="bbox 153 2206 942 2235">
    <p class='ocr_par' dir='ltr' id='par_1_45' title="bbox 153 2206 942 2235">
     <span class='ocr_line' id='line_1_45' title="bbox 153 2206 942 2235; baseline -0.001 -1"><span class='ocrx_word' id='word_1_345' title='bbox 153 2208 247 2235; x_wconf 77' lang='lat' dir='ltr'><strong>falsam</strong></span> <span class='ocrx_word' id='word_1_346' title='bbox 262 2215 326 2235; x_wconf 86' lang='lat' dir='ltr'><strong>esse</strong></span> <span class='ocrx_word' id='word_1_347' title='bbox 337 2207 479 2235; x_wconf 87' lang='lat' dir='ltr'><strong>contendit</strong></span> <span class='ocrx_word' id='word_1_348' title='bbox 490 2207 625 2234; x_wconf 85' lang='lat' dir='ltr'><strong>Kollarius</strong></span> <span class='ocrx_word' id='word_1_349' title='bbox 640 2207 667 2234; x_wconf 93' lang='lat' dir='ltr'><strong>in</strong></span> <span class='ocrx_word' id='word_1_350' title='bbox 684 2206 748 2234; x_wconf 87' lang='lat' dir='ltr'><strong>edit.</strong></span> <span class='ocrx_word' id='word_1_351' title='bbox 765 2207 831 2234; x_wconf 86' lang='lat' dir='ltr'><strong>bibl.</strong></span> <span class='ocrx_word' id='word_1_352' title='bbox 849 2207 942 2234; x_wconf 85' lang='lat' dir='ltr'><strong>Lamb.</strong></span> 
     </span>
    </p>
   </div>
   <div class='ocr_carea' id='block_1_46' title="bbox 153 2253 982 2290">
    <p class='ocr_par' dir='ltr' id='par_1_46' title="bbox 153 2253 982 2290">
     <span class='ocr_line' id='line_1_46' title="bbox 153 2253 982 2290; baseline -0.001 -10"><span class='ocrx_word' id='word_1_353' title='bbox 153 2258 217 2281; x_wconf 84' lang='lat' dir='ltr'><strong>tom.</strong></span> <span class='ocrx_word' id='word_1_354' title='bbox 242 2254 277 2286; x_wconf 66' lang='grc' dir='ltr'><strong>Υ,</strong></span> <span class='ocrx_word' id='word_1_355' title='bbox 295 2262 323 2288; x_wconf 87' lang='lat' dir='ltr'><strong>p.</strong></span> <span class='ocrx_word' id='word_1_356' title='bbox 339 2254 401 2286; x_wconf 76' lang='lat'><strong>509,</strong></span> <span class='ocrx_word' id='word_1_357' title='bbox 418 2253 462 2280; x_wconf 84' lang='lat' dir='ltr'><strong>ubi</strong></span> <span class='ocrx_word' id='word_1_358' title='bbox 489 2253 548 2280; x_wconf 76' lang='lat' dir='ltr'><strong>haec</strong></span> <span class='ocrx_word' id='word_1_359' title='bbox 566 2258 672 2280; x_wconf 80' lang='lat' dir='ltr'><strong>exstant</strong></span> <span class='ocrx_word' id='word_1_360' title='bbox 690 2253 812 2288; x_wconf 76' lang='lat' dir='ltr'><strong>ejusdem</strong></span> <span class='ocrx_word' id='word_1_361' title='bbox 835 2253 916 2280; x_wconf 80' lang='lat' dir='ltr'><strong>verba</strong></span> <span class='ocrx_word' id='word_1_362' title='bbox 935 2262 941 2280; x_wconf 75' lang='grc' dir='ltr'>ε</span> <span class='ocrx_word' id='word_1_363' title='bbox 961 2263 982 2290; x_wconf 75' lang='grc' dir='ltr'>υ</span> 
     </span>
    </p>
   </div>
   <div class='ocr_carea' id='block_1_47' title="bbox 156 2299 944 2335">
    <p class='ocr_par' dir='ltr' id='par_1_47' title="bbox 156 2299 944 2335">
     <span class='ocr_line' id='line_1_47' title="bbox 156 2299 944 2335; baseline 0.001 -10"><span class='ocrx_word' id='word_1_364' title='bbox 156 2310 165 2325; x_wconf 83' lang='grc'><strong><em>‹</em></strong></span> <span class='ocrx_word' id='word_1_365' title='bbox 186 2300 323 2327; x_wconf 69' lang='grc' dir='ltr'><strong>(Σιριεηιιη</strong></span> <span class='ocrx_word' id='word_1_366' title='bbox 341 2300 484 2335; x_wconf 78' lang='lat' dir='ltr'><strong>diligenter</strong></span> <span class='ocrx_word' id='word_1_367' title='bbox 499 2299 595 2326; x_wconf 89' lang='lat' dir='ltr'><strong>collato</strong></span> <span class='ocrx_word' id='word_1_368' title='bbox 610 2300 694 2326; x_wconf 84' lang='lat' dir='ltr'><strong>hocce</strong></span> <span class='ocrx_word' id='word_1_369' title='bbox 707 2299 801 2326; x_wconf 79' lang='lat' dir='ltr'><strong>codice</strong></span> <span class='ocrx_word' id='word_1_370' title='bbox 816 2307 878 2326; x_wconf 90' lang='lat' dir='ltr'><strong>cum</strong></span> <span class='ocrx_word' id='word_1_371' title='bbox 893 2299 944 2326; x_wconf 91' lang='lat' dir='ltr'><strong>lsi-</strong></span> 
     </span>
    </p>
   </div>
   <div class='ocr_carea' id='block_1_48' title="bbox 153 2344 943 2380">
    <p class='ocr_par' dir='ltr' id='par_1_48' title="bbox 153 2344 943 2380">
     <span class='ocr_line' id='line_1_48' title="bbox 153 2344 943 2380; baseline -0.003 -8"><span class='ocrx_word' id='word_1_372' title='bbox 153 2346 210 2372; x_wconf 88' lang='lat' dir='ltr'><strong>dori</strong></span> <span class='ocrx_word' id='word_1_373' title='bbox 220 2345 345 2380; x_wconf 83' lang='lat' dir='ltr'><strong>epistolis</strong></span> <span class='ocrx_word' id='word_1_374' title='bbox 356 2345 467 2371; x_wconf 77' lang='lat' dir='ltr'><strong>Parisiis</strong></span> <span class='ocrx_word' id='word_1_375' title='bbox 480 2353 551 2372; x_wconf 90' lang='lat' dir='ltr'><strong>anno</strong></span> <span class='ocrx_word' id='word_1_376' title='bbox 566 2345 643 2377; x_wconf 78' lang='grc'>1658,</span> <span class='ocrx_word' id='word_1_377' title='bbox 655 2347 672 2371; x_wconf 78' lang='lat' dir='ltr'><strong>a‘</strong></span> <span class='ocrx_word' id='word_1_378' title='bbox 685 2344 804 2371; x_wconf 85' lang='lat' dir='ltr'><strong>Morellio</strong></span> <span class='ocrx_word' id='word_1_379' title='bbox 818 2344 943 2379; x_wconf 75' lang='lat' dir='ltr'><strong>vulgatis,</strong></span> 
     </span>
    </p>
   </div>
   <div class='ocr_carea' id='block_1_49' title="bbox 155 2391 944 2426">
    <p class='ocr_par' dir='ltr' id='par_1_49' title="bbox 155 2391 944 2426">
     <span class='ocr_line' id='line_1_49' title="bbox 155 2391 944 2426; baseline -0.001 -8"><span class='ocrx_word' id='word_1_380' title='bbox 155 2399 188 2419; x_wconf 84' lang='lat' dir='ltr'><strong>ne</strong></span> <span class='ocrx_word' id='word_1_381' title='bbox 202 2400 283 2418; x_wconf 82' lang='lat' dir='ltr'><strong>unam</strong></span> <span class='ocrx_word' id='word_1_382' title='bbox 295 2391 407 2426; x_wconf 84' lang='lat' dir='ltr'><strong>quidem</strong></span> <span class='ocrx_word' id='word_1_383' title='bbox 424 2391 563 2424; x_wconf 84' lang='lat' dir='ltr'><strong>ineditam,</strong></span> <span class='ocrx_word' id='word_1_384' title='bbox 579 2391 634 2418; x_wconf 92' lang='lat' dir='ltr'><strong>imo</strong></span> <span class='ocrx_word' id='word_1_385' title='bbox 646 2396 700 2418; x_wconf 86' lang='lat' dir='ltr'><strong>tres</strong></span> <span class='ocrx_word' id='word_1_386' title='bbox 715 2391 801 2417; x_wconf 78' lang='lat' dir='ltr'><strong>editas</strong></span> <span class='ocrx_word' id='word_1_387' title='bbox 813 2391 840 2417; x_wconf 90' lang='lat' dir='ltr'><strong>in</strong></span> <span class='ocrx_word' id='word_1_388' title='bbox 851 2391 944 2417; x_wconf 82' lang='lat' dir='ltr'><strong>codice</strong></span> 
     </span>
    </p>
   </div>
   <div class='ocr_carea' id='block_1_50' title="bbox 156 2437 943 2472">
    <p class='ocr_par' dir='ltr' id='par_1_50' title="bbox 156 2437 943 2472">
     <span class='ocr_line' id='line_1_50' title="bbox 156 2437 943 2472; baseline -0.003 -8"><span class='ocrx_word' id='word_1_389' title='bbox 156 2443 245 2464; x_wconf 86' lang='lat' dir='ltr'><strong>nostro</strong></span> <span class='ocrx_word' id='word_1_390' title='bbox 275 2437 437 2470; x_wconf 84' lang='lat' dir='ltr'><strong>desiderari,</strong></span> <span class='ocrx_word' id='word_1_391' title='bbox 459 2438 596 2472; x_wconf 86' lang='lat' dir='ltr'><strong>comperi;</strong></span> <span class='ocrx_word' id='word_1_392' title='bbox 621 2437 724 2464; x_wconf 88' lang='lat' dir='ltr'><strong>scilicet</strong></span> <span class='ocrx_word' id='word_1_393' title='bbox 749 2445 795 2464; x_wconf 87' lang='lat' dir='ltr'><strong>eas</strong></span> <span class='ocrx_word' id='word_1_394' title='bbox 829 2445 890 2471; x_wconf 81' lang='lat' dir='ltr'><strong>quae</strong></span> <span class='ocrx_word' id='word_1_395' title='bbox 917 2437 943 2463; x_wconf 90' lang='lat' dir='ltr'><strong>in</strong></span> 
     </span>
    </p>
   </div>
   <div class='ocr_carea' id='block_1_51' title="bbox 155 2482 943 2517">
    <p class='ocr_par' dir='ltr' id='par_1_51' title="bbox 155 2482 943 2517">
     <span class='ocr_line' id='line_1_51' title="bbox 155 2482 943 2517; baseline -0.003 -7"><span class='ocrx_word' id='word_1_396' title='bbox 155 2483 232 2511; x_wconf 66' lang='lat' dir='ltr'><strong>(ditis</strong></span> <span class='ocrx_word' id='word_1_397' title='bbox 247 2484 296 2510; x_wconf 89' lang='lat' dir='ltr'><strong>lib.</strong></span> <span class='ocrx_word' id='word_1_398' title='bbox 317 2492 347 2517; x_wconf 88' lang='grc' dir='ltr'>ιι,</span> <span class='ocrx_word' id='word_1_399' title='bbox 366 2492 395 2510; x_wconf 90' lang='lat' dir='ltr'><strong>n.</strong></span> <span class='ocrx_word' id='word_1_400' title='bbox 410 2484 468 2514; x_wconf 71' lang='lat' dir='ltr'><strong>i28.</strong></span> <span class='ocrx_word' id='word_1_401' title='bbox 483 2483 535 2509; x_wconf 72' lang='lat'><strong>277</strong></span> <span class='ocrx_word' id='word_1_402' title='bbox 551 2487 577 2510; x_wconf 79' lang='lat' dir='ltr'><strong>et</strong></span> <span class='ocrx_word' id='word_1_403' title='bbox 594 2483 656 2515; x_wconf 67' lang='lat'><strong>297,</strong></span> <span class='ocrx_word' id='word_1_404' title='bbox 676 2483 812 2517; x_wconf 72' lang='lat' dir='ltr'><strong>leguntur.</strong></span> <span class='ocrx_word' id='word_1_405' title='bbox 830 2482 943 2514; x_wconf 80' lang='lat' dir='ltr'><strong>Deinde,</strong></span> 
     </span>
    </p>
   </div>
   <div class='ocr_carea' id='block_1_52' title="bbox 155 2529 945 2564">
    <p class='ocr_par' dir='ltr' id='par_1_52' title="bbox 155 2529 945 2564">
     <span class='ocr_line' id='line_1_52' title="bbox 155 2529 945 2564; baseline -0.001 -8"><span class='ocrx_word' id='word_1_406' title='bbox 155 2530 194 2557; x_wconf 64' lang='lat' dir='ltr'><strong>:ic</strong></span> <span class='ocrx_word' id='word_1_407' title='bbox 208 2531 281 2557; x_wconf 85' lang='lat' dir='ltr'><strong>enim</strong></span> <span class='ocrx_word' id='word_1_408' title='bbox 296 2530 395 2564; x_wconf 81' lang='lat' dir='ltr'><strong>pergit,</strong></span> <span class='ocrx_word' id='word_1_409' title='bbox 412 2530 439 2556; x_wconf 91' lang='lat' dir='ltr'><strong>in</strong></span> <span class='ocrx_word' id='word_1_410' title='bbox 455 2530 540 2556; x_wconf 88' lang='lat' dir='ltr'><strong>libros</strong></span> <span class='ocrx_word' id='word_1_411' title='bbox 557 2529 730 2564; x_wconf 83' lang='lat' dir='ltr'><strong>partitionem</strong></span> <span class='ocrx_word' id='word_1_412' title='bbox 748 2529 832 2556; x_wconf 78' lang='lat' dir='ltr'><strong>codex</strong></span> <span class='ocrx_word' id='word_1_413' title='bbox 853 2533 945 2555; x_wconf 89' lang='lat' dir='ltr'><strong>noster</strong></span> 
     </span>
    </p>
   </div>
   <div class='ocr_carea' id='block_1_53' title="bbox 156 2575 946 2611">
    <p class='ocr_par' dir='ltr' id='par_1_53' title="bbox 156 2575 946 2611">
     <span class='ocr_line' id='line_1_53' title="bbox 156 2575 946 2611; baseline 0 -9"><span class='ocrx_word' id='word_1_414' title='bbox 156 2584 208 2602; x_wconf 91' lang='lat' dir='ltr'><strong>non</strong></span> <span class='ocrx_word' id='word_1_415' title='bbox 223 2576 356 2611; x_wconf 81' lang='lat' dir='ltr'><strong>agnoscit.</strong></span> <span class='ocrx_word' id='word_1_416' title='bbox 375 2584 465 2611; x_wconf 86' lang='lat' dir='ltr'><strong>neque</strong></span> <span class='ocrx_word' id='word_1_417' title='bbox 482 2576 551 2602; x_wconf 83' lang='lat' dir='ltr'><strong>ultra</strong></span> <span class='ocrx_word' id='word_1_418' title='bbox 568 2583 636 2606; x_wconf 88' lang='lat' dir='ltr'><strong>eam,</strong></span> <span class='ocrx_word' id='word_1_419' title='bbox 653 2583 713 2610; x_wconf 73' lang='lat' dir='ltr'><strong>qua:</strong></span> <span class='ocrx_word' id='word_1_420' title='bbox 729 2575 756 2602; x_wconf 91' lang='lat' dir='ltr'><strong>in</strong></span> <span class='ocrx_word' id='word_1_421' title='bbox 775 2575 890 2610; x_wconf 83' lang='lat' dir='ltr'><strong>vulgatis</strong></span> <span class='ocrx_word' id='word_1_422' title='bbox 905 2581 946 2602; x_wconf 89' lang='lat' dir='ltr'><strong>est</strong></span> 
     </span>
    </p>
   </div>
   <div class='ocr_carea' id='block_1_54' title="bbox 156 2621 644 2657">
    <p class='ocr_par' dir='ltr' id='par_1_54' title="bbox 156 2621 644 2657">
     <span class='ocr_line' id='line_1_54' title="bbox 156 2621 644 2657; baseline -0.002 -10"><span class='ocrx_word' id='word_1_423' title='bbox 156 2621 272 2653; x_wconf 88' lang='lat' dir='ltr'><strong>librom,</strong></span> <span class='ocrx_word' id='word_1_424' title='bbox 287 2630 332 2657; x_wconf 86' lang='lat' dir='ltr'><strong>ep.</strong></span> <span class='ocrx_word' id='word_1_425' title='bbox 352 2621 415 2653; x_wconf 70' lang='lat'><strong>200,</strong></span> <span class='ocrx_word' id='word_1_426' title='bbox 433 2621 612 2656; x_wconf 81' lang='lat' dir='ltr'><strong>progreditur.</strong></span> <span class='ocrx_word' id='word_1_427' title='bbox 635 2630 644 2646; x_wconf 84' lang='grc' dir='ltr'><strong>ι</strong></span> 
     </span>
    </p>
   </div>
   <div class='ocr_carea' id='block_1_55' title="bbox 189 2667 945 2702">
    <p class='ocr_par' dir='ltr' id='par_1_55' title="bbox 189 2667 945 2702">
     <span class='ocr_line' id='line_1_55' title="bbox 189 2667 945 2702; baseline 0.001 -9"><span class='ocrx_word' id='word_1_428' title='bbox 189 2667 219 2694; x_wconf 85' lang='lat' dir='ltr'><strong>ll.</strong></span> <span class='ocrx_word' id='word_1_429' title='bbox 231 2668 322 2696; x_wconf 83' lang='lat' dir='ltr'><strong>Codex</strong></span> <span class='ocrx_word' id='word_1_430' title='bbox 337 2677 433 2701; x_wconf 65' lang='lat' dir='ltr'><strong>ccxcn,</strong></span> <span class='ocrx_word' id='word_1_431' title='bbox 449 2668 569 2702; x_wconf 84' lang='lat' dir='ltr'><strong>ejusdem</strong></span> <span class='ocrx_word' id='word_1_432' title='bbox 583 2667 751 2695; x_wconf 63' lang='lat' dir='ltr'><strong>bibliotheca;</strong></span> <span class='ocrx_word' id='word_1_433' title='bbox 767 2673 816 2699; x_wconf 83' lang='lat' dir='ltr'><strong>cst,</strong></span> <span class='ocrx_word' id='word_1_434' title='bbox 831 2667 945 2695; x_wconf 82' lang='lat' dir='ltr'><strong>Lambe-</strong></span> 
     </span>
    </p>
   </div>
   <div class='ocr_carea' id='block_1_56' title="bbox 158 2713 945 2749">
    <p class='ocr_par' dir='ltr' id='par_1_56' title="bbox 158 2713 945 2749">
     <span class='ocr_line' id='line_1_56' title="bbox 158 2713 945 2749; baseline 0.004 -11"><span class='ocrx_word' id='word_1_435' title='bbox 158 2714 197 2740; x_wconf 73' lang='lat' dir='ltr'><strong>rio</strong></span> <span class='ocrx_word' id='word_1_436' title='bbox 210 2714 227 2740; x_wconf 94' lang='grc' dir='ltr'>Ι.</span> <span class='ocrx_word' id='word_1_437' title='bbox 243 2715 262 2741; x_wconf 90' lang='grc'><strong>1.</strong></span> <span class='ocrx_word' id='word_1_438' title='bbox 278 2723 304 2749; x_wconf 90' lang='lat' dir='ltr'><strong>p.</strong></span> <span class='ocrx_word' id='word_1_439' title='bbox 326 2714 394 2747; x_wconf 58' lang='lat'><strong>246;</strong></span> <span class='ocrx_word' id='word_1_440' title='bbox 411 2719 438 2742; x_wconf 84' lang='lat' dir='ltr'><strong>et</strong></span> <span class='ocrx_word' id='word_1_441' title='bbox 455 2713 573 2740; x_wconf 80' lang='lat' dir='ltr'><strong>Kollario</strong></span> <span class='ocrx_word' id='word_1_442' title='bbox 596 2714 612 2740; x_wconf 92' lang='lat' dir='ltr'><strong>l.</strong></span> <span class='ocrx_word' id='word_1_443' title='bbox 634 2714 650 2740; x_wconf 95' lang='grc'><strong>1.</strong></span> <span class='ocrx_word' id='word_1_444' title='bbox 669 2722 695 2748; x_wconf 91' lang='lat' dir='ltr'><strong>p.</strong></span> <span class='ocrx_word' id='word_1_445' title='bbox 723 2714 784 2746; x_wconf 68' lang='lat'><strong>520,</strong></span> <span class='ocrx_word' id='word_1_446' title='bbox 796 2714 856 2746; x_wconf 67' lang='grc'>521,</span> <span class='ocrx_word' id='word_1_447' title='bbox 870 2715 945 2741; x_wconf 86' lang='lat' dir='ltr'><strong>testi-</strong></span> 
     </span>
    </p>
   </div>
   <div class='ocr_carea' id='block_1_57' title="bbox 159 2759 946 2795">
    <p class='ocr_par' dir='ltr' id='par_1_57' title="bbox 159 2759 946 2795">
     <span class='ocr_line' id='line_1_57' title="bbox 159 2759 946 2795; baseline 0.001 -9"><span class='ocrx_word' id='word_1_448' title='bbox 159 2759 217 2792; x_wconf 85' lang='lat' dir='ltr'><strong>bus,</strong></span> <span class='ocrx_word' id='word_1_449' title='bbox 235 2760 412 2791; x_wconf 82' lang='lat' dir='ltr'><strong>cbartaceus.</strong></span> <span class='ocrx_word' id='word_1_450' title='bbox 439 2761 578 2795; x_wconf 83' lang='lat' dir='ltr'><strong>antiquus,</strong></span> <span class='ocrx_word' id='word_1_451' title='bbox 603 2760 765 2794; x_wconf 77' lang='lat' dir='ltr'><strong>in—quarto,</strong></span> <span class='ocrx_word' id='word_1_452' title='bbox 786 2766 946 2795; x_wconf 84' lang='lat' dir='ltr'><strong>constatque</strong></span> 
     </span>
    </p>
   </div>
   <div class='ocr_carea' id='block_1_58' title="bbox 160 2804 947 2834">
    <p class='ocr_par' dir='ltr' id='par_1_58' title="bbox 160 2804 947 2834">
     <span class='ocr_line' id='line_1_58' title="bbox 160 2804 947 2834; baseline 0.003 -3"><span class='ocrx_word' id='word_1_453' title='bbox 160 2804 226 2832; x_wconf 70' lang='lat' dir='ltr'><strong>foliis</strong></span> <span class='ocrx_word' id='word_1_454' title='bbox 241 2807 371 2834; x_wconf 86' lang='lat' dir='ltr'><strong>trecentis</strong></span> <span class='ocrx_word' id='word_1_455' title='bbox 384 2807 558 2834; x_wconf 89' lang='lat' dir='ltr'><strong>sedecim.—</strong></span> <span class='ocrx_word' id='word_1_456' title='bbox 569 2805 748 2833; x_wconf 83' lang='lat' dir='ltr'><strong>Contmentur</strong></span> <span class='ocrx_word' id='word_1_457' title='bbox 762 2814 794 2833; x_wconf 89' lang='lat' dir='ltr'><strong>eo</strong></span> <span class='ocrx_word' id='word_1_458' title='bbox 811 2816 817 2832; x_wconf 75' lang='grc' dir='ltr'>ς</span> <span class='ocrx_word' id='word_1_459' title='bbox 839 2817 846 2832; x_wconf 80' lang='grc' dir='ltr'><strong>ι</strong></span> <span class='ocrx_word' id='word_1_460' title='bbox 861 2807 889 2833; x_wconf 85' lang='lat' dir='ltr'><strong>S.</strong></span> <span class='ocrx_word' id='word_1_461' title='bbox 903 2807 947 2833; x_wconf 80' lang='lat' dir='ltr'><strong>lsi-</strong></span> 
     </span>
    </p>
   </div>
   <div class='ocr_carea' id='block_1_59' title="bbox 161 2851 945 2888">
    <p class='ocr_par' dir='ltr' id='par_1_59' title="bbox 161 2851 945 2888">
     <span class='ocr_line' id='line_1_59' title="bbox 161 2851 945 2888; baseline 0.005 -12"><span class='ocrx_word' id='word_1_462' title='bbox 161 2851 214 2878; x_wconf 87' lang='lat' dir='ltr'><strong>dori</strong></span> <span class='ocrx_word' id='word_1_463' title='bbox 230 2852 370 2881; x_wconf 69' lang='lat' dir='ltr'><strong>Pelusium:</strong></span> <span class='ocrx_word' id='word_1_464' title='bbox 389 2861 452 2888; x_wconf 80' lang='lat' dir='ltr'><strong>epp.</strong></span> <span class='ocrx_word' id='word_1_465' title='bbox 467 2852 502 2880; x_wconf 79' lang='grc'><strong>95</strong></span> <span class='ocrx_word' id='word_1_466' title='bbox 520 2853 553 2880; x_wconf 83' lang='lat' dir='ltr'><strong>de</strong></span> <span class='ocrx_word' id='word_1_467' title='bbox 570 2852 790 2887; x_wconf 84' lang='lat' dir='ltr'><strong>interpretatione</strong></span> <span class='ocrx_word' id='word_1_468' title='bbox 809 2861 945 2880; x_wconf 84' lang='lat' dir='ltr'><strong>sacrarum</strong></span> 
     </span>
    </p>
   </div>
   <div class='ocr_carea' id='block_1_60' title="bbox 163 2896 945 2934">
    <p class='ocr_par' dir='ltr' id='par_1_60' title="bbox 163 2896 945 2934">
     <span class='ocr_line' id='line_1_60' title="bbox 163 2896 945 2934; baseline 0.001 -11"><span class='ocrx_word' id='word_1_469' title='bbox 163 2896 370 2932; x_wconf 72' lang='lat' dir='ltr'><strong>Scripturarum,</strong></span> <span class='ocrx_word' id='word_1_470' title='bbox 387 2907 504 2934; x_wconf 83' lang='lat' dir='ltr'><strong>quarum</strong></span> <span class='ocrx_word' id='word_1_471' title='bbox 527 2899 611 2933; x_wconf 88' lang='lat' dir='ltr'><strong>prima</strong></span> <span class='ocrx_word' id='word_1_472' title='bbox 633 2899 665 2926; x_wconf 84' lang='lat' dir='ltr'><strong>ad</strong></span> <span class='ocrx_word' id='word_1_473' title='bbox 685 2898 833 2927; x_wconf 81' lang='lat' dir='ltr'><strong>Palladium</strong></span> <span class='ocrx_word' id='word_1_474' title='bbox 854 2900 945 2927; x_wconf 76' lang='lat' dir='ltr'><strong>diaco-</strong></span> 
     </span>
    </p>
   </div>
   <div class='ocr_carea' id='block_1_61' title="bbox 999 286 1785 323">
    <p class='ocr_par' dir='ltr' id='par_1_61' title="bbox 999 286 1785 323">
     <span class='ocr_line' id='line_1_61' title="bbox 999 286 1785 323; baseline 0.004 -11"><span class='ocrx_word' id='word_1_475' title='bbox 999 286 1054 320; x_wconf 92' lang='lat' dir='ltr'><strong>(lib.</strong></span> <span class='ocrx_word' id='word_1_476' title='bbox 1070 294 1087 319; x_wconf 89' lang='grc' dir='ltr'>ι,</span> <span class='ocrx_word' id='word_1_477' title='bbox 1104 294 1147 321; x_wconf 90' lang='lat' dir='ltr'><strong>ep.</strong></span> <span class='ocrx_word' id='word_1_478' title='bbox 1170 287 1241 321; x_wconf 80' lang='grc'>179.)</span> <span class='ocrx_word' id='word_1_479' title='bbox 1265 288 1326 314; x_wconf 87' lang='lat' dir='ltr'><strong>data</strong></span> <span class='ocrx_word' id='word_1_480' title='bbox 1348 293 1398 315; x_wconf 85' lang='lat' dir='ltr'><strong>est.</strong></span> <span class='ocrx_word' id='word_1_481' title='bbox 1423 288 1575 315; x_wconf 79' lang='lat' dir='ltr'><strong>Notandum</strong></span> <span class='ocrx_word' id='word_1_482' title='bbox 1597 293 1725 323; x_wconf 59' lang='lat' dir='ltr'><strong>praeterea</strong></span> <span class='ocrx_word' id='word_1_483' title='bbox 1744 292 1785 315; x_wconf 90' lang='lat' dir='ltr'><strong>est</strong></span> 
     </span>
    </p>
   </div>
   <div class='ocr_carea' id='block_1_62' title="bbox 998 331 1784 369">
    <p class='ocr_par' dir='ltr' id='par_1_62' title="bbox 998 331 1784 369">
     <span class='ocr_line' id='line_1_62' title="bbox 998 331 1784 369; baseline 0.004 -11"><span class='ocrx_word' id='word_1_484' title='bbox 998 331 1068 359; x_wconf 85' lang='lat' dir='ltr'><strong>inter</strong></span> <span class='ocrx_word' id='word_1_485' title='bbox 1085 333 1212 367; x_wconf 85' lang='lat' dir='ltr'><strong>epistolas</strong></span> <span class='ocrx_word' id='word_1_486' title='bbox 1232 341 1311 359; x_wconf 89' lang='lat' dir='ltr'><strong>uuam</strong></span> <span class='ocrx_word' id='word_1_487' title='bbox 1326 341 1395 365; x_wconf 62' lang='lat' dir='ltr'><strong>esse,</strong></span> <span class='ocrx_word' id='word_1_488' title='bbox 1415 342 1495 368; x_wconf 89' lang='lat' dir='ltr'><strong>quam</strong></span> <span class='ocrx_word' id='word_1_489' title='bbox 1522 335 1593 361; x_wconf 86' lang='lat' dir='ltr'><strong>inter</strong></span> <span class='ocrx_word' id='word_1_490' title='bbox 1605 343 1667 369; x_wconf 89' lang='lat' dir='ltr'><strong>epp.</strong></span> <span class='ocrx_word' id='word_1_491' title='bbox 1689 343 1703 361; x_wconf 82' lang='lat' dir='ltr'><strong>a</strong></span> <span class='ocrx_word' id='word_1_492' title='bbox 1725 334 1784 362; x_wconf 79' lang='lat' dir='ltr'><strong>llit-</strong></span> 
     </span>
    </p>
   </div>
   <div class='ocr_carea' id='block_1_63' title="bbox 999 379 1784 416">
    <p class='ocr_par' dir='ltr' id='par_1_63' title="bbox 999 379 1784 416">
     <span class='ocr_line' id='line_1_63' title="bbox 999 379 1784 416; baseline 0.003 -12"><span class='ocrx_word' id='word_1_493' title='bbox 999 379 1132 405; x_wconf 70' lang='lat' dir='ltr'><strong>tcrshusio</strong></span> <span class='ocrx_word' id='word_1_494' title='bbox 1146 384 1173 406; x_wconf 80' lang='lat' dir='ltr'><strong>et</strong></span> <span class='ocrx_word' id='word_1_495' title='bbox 1187 379 1300 406; x_wconf 75' lang='lat' dir='ltr'><strong>Schotto</strong></span> <span class='ocrx_word' id='word_1_496' title='bbox 1313 380 1400 406; x_wconf 68' lang='lat' dir='ltr'><strong>editas</strong></span> <span class='ocrx_word' id='word_1_497' title='bbox 1417 388 1470 406; x_wconf 89' lang='lat' dir='ltr'><strong>non</strong></span> <span class='ocrx_word' id='word_1_498' title='bbox 1485 382 1581 415; x_wconf 80' lang='lat' dir='ltr'><strong>reperi,</strong></span> <span class='ocrx_word' id='word_1_499' title='bbox 1600 389 1697 416; x_wconf 74' lang='lat' dir='ltr'><strong>netnpe</strong></span> <span class='ocrx_word' id='word_1_500' title='bbox 1715 382 1784 407; x_wconf 86' lang='lat' dir='ltr'><strong>duo-</strong></span> 
     </span>
    </p>
   </div>
   <div class='ocr_carea' id='block_1_64' title="bbox 998 424 1785 460">
    <p class='ocr_par' dir='ltr' id='par_1_64' title="bbox 998 424 1785 460">
     <span class='ocr_line' id='line_1_64' title="bbox 998 424 1785 460; baseline 0.004 -10"><span class='ocrx_word' id='word_1_501' title='bbox 998 424 1128 451; x_wconf 80' lang='lat' dir='ltr'><strong>dceimam</strong></span> <span class='ocrx_word' id='word_1_502' title='bbox 1151 426 1184 452; x_wconf 78' lang='lat' dir='ltr'><strong>ad</strong></span> <span class='ocrx_word' id='word_1_503' title='bbox 1207 425 1370 452; x_wconf 63' lang='lat' dir='ltr'><strong>&#39;l‘halclteum</strong></span> <span class='ocrx_word' id='word_1_504' title='bbox 1392 427 1564 452; x_wconf 66' lang='lat' dir='ltr'><strong>monachum.</strong></span> <span class='ocrx_word' id='word_1_505' title='bbox 1589 427 1666 460; x_wconf 70' lang='lat' dir='ltr'><strong>cujus</strong></span> <span class='ocrx_word' id='word_1_506' title='bbox 1691 427 1785 454; x_wconf 87' lang='lat' dir='ltr'><strong>titulus</strong></span> 
     </span>
    </p>
   </div>
   <div class='ocr_carea' id='block_1_65' title="bbox 997 471 1785 508">
    <p class='ocr_par' dir='ltr' id='par_1_65' title="bbox 997 471 1785 508">
     <span class='ocr_line' id='line_1_65' title="bbox 997 471 1785 508; baseline 0.001 -11"><span class='ocrx_word' id='word_1_507' title='bbox 997 475 1023 497; x_wconf 86' lang='lat' dir='ltr'><strong>et</strong></span> <span class='ocrx_word' id='word_1_508' title='bbox 1035 471 1193 506; x_wconf 72' lang='lat' dir='ltr'><strong>principium</strong></span> <span class='ocrx_word' id='word_1_509' title='bbox 1208 482 1214 498; x_wconf 74' lang='grc' dir='ltr'><strong>ι</strong></span> <span class='ocrx_word' id='word_1_510' title='bbox 1231 472 1370 506; x_wconf 59' lang='grc' dir='ltr'><strong>Θιλεὶαίῳ</strong></span> <span class='ocrx_word' id='word_1_511' title='bbox 1384 471 1500 505; x_wconf 52' lang='lat' dir='ltr'><strong>paul/gf).</strong></span> <span class='ocrx_word' id='word_1_512' title='bbox 1514 472 1562 497; x_wconf 75' lang='grc' dir='ltr'>Ἂν</span> <span class='ocrx_word' id='word_1_513' title='bbox 1629 475 1714 508; x_wconf 65' lang='grc' dir='ltr'><strong>σκη</strong></span> <span class='ocrx_word' id='word_1_514' title='bbox 1733 474 1785 499; x_wconf 64' lang='grc' dir='ltr'><strong>τῶν</strong></span> 
     </span>
    </p>
   </div>
   <div class='ocr_carea' id='block_1_66' title="bbox 999 517 1782 552">
    <p class='ocr_par' dir='ltr' id='par_1_66' title="bbox 999 517 1782 552">
     <span class='ocr_line' id='line_1_66' title="bbox 999 517 1782 552; baseline 0.004 -11"><span class='ocrx_word' id='word_1_515' title='bbox 999 517 1118 551; x_wconf 73' lang='grc' dir='ltr'>ῠεάῖρων</span> <span class='ocrx_word' id='word_1_516' title='bbox 1137 518 1273 552; x_wconf 63' lang='grc' dir='ltr'><strong>ἁρμόδιον,</strong></span> <span class='ocrx_word' id='word_1_517' title='bbox 1300 518 1343 548; x_wconf 79' lang='grc' dir='ltr'><strong>τίς</strong></span> <span class='ocrx_word' id='word_1_518' title='bbox 1365 526 1393 543; x_wconf 78' lang='grc' dir='ltr'><strong>σε</strong></span> <span class='ocrx_word' id='word_1_519' title='bbox 1411 518 1439 543; x_wconf 67' lang='grc' dir='ltr'>οὐ</span> <span class='ocrx_word' id='word_1_520' title='bbox 1459 518 1620 552; x_wconf 66' lang='grc' dir='ltr'><strong>κωμῳδήςει</strong></span> <span class='ocrx_word' id='word_1_521' title='bbox 1639 528 1665 545; x_wconf 83' lang='grc' dir='ltr'>κ.</span> <span class='ocrx_word' id='word_1_522' title='bbox 1683 528 1708 546; x_wconf 83' lang='grc' dir='ltr'>τ.</span> <span class='ocrx_word' id='word_1_523' title='bbox 1729 519 1753 545; x_wconf 77' lang='grc' dir='ltr'><strong>λ.</strong></span> <span class='ocrx_word' id='word_1_524' title='bbox 1773 529 1782 544; x_wconf 75' lang='grc' dir='ltr'><strong>ι</strong></span> 
     </span>
    </p>
   </div>
   <div class='ocr_carea' id='block_1_67' title="bbox 998 562 1536 598">
    <p class='ocr_par' dir='ltr' id='par_1_67' title="bbox 998 562 1536 598">
     <span class='ocr_line' id='line_1_67' title="bbox 998 562 1536 598; baseline 0.004 -9"><span class='ocrx_word' id='word_1_525' title='bbox 998 562 1038 589; x_wconf 74' lang='lat' dir='ltr'><strong>Cf.</strong></span> <span class='ocrx_word' id='word_1_526' title='bbox 1055 563 1205 590; x_wconf 76' lang='lat' dir='ltr'><strong>Montefale.</strong></span> <span class='ocrx_word' id='word_1_527' title='bbox 1222 563 1289 590; x_wconf 81' lang='lat' dir='ltr'><strong>Bibl.</strong></span> <span class='ocrx_word' id='word_1_528' title='bbox 1305 564 1366 590; x_wconf 74' lang='lat' dir='ltr'><strong>bibl.</strong></span> <span class='ocrx_word' id='word_1_529' title='bbox 1386 572 1411 598; x_wconf 93' lang='lat' dir='ltr'><strong>p.</strong></span> <span class='ocrx_word' id='word_1_530' title='bbox 1429 564 1491 591; x_wconf 72' lang='lat'><strong>550.</strong></span> <span class='ocrx_word' id='word_1_531' title='bbox 1508 565 1536 591; x_wconf 68' lang='lat' dir='ltr'><strong>ll.</strong></span> 
     </span>
    </p>
   </div>
   <div class='ocr_carea' id='block_1_68' title="bbox 1034 609 1785 645">
    <p class='ocr_par' dir='ltr' id='par_1_68' title="bbox 1034 609 1785 645">
     <span class='ocr_line' id='line_1_68' title="bbox 1034 609 1785 645; baseline 0.004 -11"><span class='ocrx_word' id='word_1_532' title='bbox 1034 609 1075 635; x_wconf 90' lang='grc'>111.</span> <span class='ocrx_word' id='word_1_533' title='bbox 1093 610 1182 636; x_wconf 70' lang='lat' dir='ltr'><strong>Codex</strong></span> <span class='ocrx_word' id='word_1_534' title='bbox 1216 619 1305 637; x_wconf 77' lang='lat' dir='ltr'><strong>ccxtn.</strong></span> <span class='ocrx_word' id='word_1_535' title='bbox 1328 610 1471 636; x_wconf 79' lang='lat' dir='ltr'><strong>duodecim</strong></span> <span class='ocrx_word' id='word_1_536' title='bbox 1486 610 1606 637; x_wconf 80' lang='lat' dir='ltr'><strong>continet</strong></span> <span class='ocrx_word' id='word_1_537' title='bbox 1629 611 1692 637; x_wconf 66' lang='lat' dir='ltr'><strong>[ait].</strong></span> <span class='ocrx_word' id='word_1_538' title='bbox 1711 619 1785 645; x_wconf 79' lang='lat' dir='ltr'><strong>epp.,</strong></span> 
     </span>
    </p>
   </div>
   <div class='ocr_carea' id='block_1_69' title="bbox 997 655 1786 691">
    <p class='ocr_par' dir='ltr' id='par_1_69' title="bbox 997 655 1786 691">
     <span class='ocr_line' id='line_1_69' title="bbox 997 655 1786 691; baseline 0.003 -10"><span class='ocrx_word' id='word_1_539' title='bbox 997 663 1110 689; x_wconf 85' lang='lat' dir='ltr'><strong>quarum</strong></span> <span class='ocrx_word' id='word_1_540' title='bbox 1128 657 1213 691; x_wconf 81' lang='lat' dir='ltr'><strong>prima</strong></span> <span class='ocrx_word' id='word_1_541' title='bbox 1230 657 1262 683; x_wconf 84' lang='lat' dir='ltr'><strong>ad</strong></span> <span class='ocrx_word' id='word_1_542' title='bbox 1278 655 1459 683; x_wconf 67' lang='lat' dir='ltr'><strong>Theodosium</strong></span> <span class='ocrx_word' id='word_1_543' title='bbox 1474 657 1664 683; x_wconf 81' lang='lat' dir='ltr'><strong>scholasticuni</strong></span> <span class='ocrx_word' id='word_1_544' title='bbox 1685 657 1723 683; x_wconf 84' lang='lat' dir='ltr'><strong>sic</strong></span> <span class='ocrx_word' id='word_1_545' title='bbox 1743 657 1786 683; x_wconf 88' lang='lat' dir='ltr'><strong>in-</strong></span> 
     </span>
    </p>
   </div>
   <div class='ocr_carea' id='block_1_70' title="bbox 998 702 1784 737">
    <p class='ocr_par' dir='ltr' id='par_1_70' title="bbox 998 702 1784 737">
     <span class='ocr_line' id='line_1_70' title="bbox 998 702 1784 737; baseline 0.003 -9"><span class='ocrx_word' id='word_1_546' title='bbox 998 702 1063 735; x_wconf 71' lang='lat' dir='ltr'><strong>cipit</strong></span> <span class='ocrx_word' id='word_1_547' title='bbox 1077 711 1082 728; x_wconf 91' lang='lat'>:</span> <span class='ocrx_word' id='word_1_548' title='bbox 1098 703 1133 728; x_wconf 78' lang='grc' dir='ltr'><strong>Τὸ</strong></span> <span class='ocrx_word' id='word_1_549' title='bbox 1160 703 1288 735; x_wconf 74' lang='grc' dir='ltr'><strong>περισσὸν</strong></span> <span class='ocrx_word' id='word_1_550' title='bbox 1306 703 1322 736; x_wconf 85' lang='grc' dir='ltr'>ἢ</span> <span class='ocrx_word' id='word_1_551' title='bbox 1344 702 1494 737; x_wconf 76' lang='grc' dir='ltr'>ἀλλότριον.</span> <span class='ocrx_word' id='word_1_552' title='bbox 1519 718 1553 723; x_wconf 89' lang='grc'><strong>-</strong></span> <span class='ocrx_word' id='word_1_553' title='bbox 1570 703 1610 729; x_wconf 73' lang='lat' dir='ltr'><strong>(1f.</strong></span> <span class='ocrx_word' id='word_1_554' title='bbox 1633 702 1784 730; x_wconf 79' lang='lat' dir='ltr'><strong>Montcialc.</strong></span> 
     </span>
    </p>
   </div>
   <div class='ocr_carea' id='block_1_71' title="bbox 998 747 1303 784">
    <p class='ocr_par' dir='ltr' id='par_1_71' title="bbox 998 747 1303 784">
     <span class='ocr_line' id='line_1_71' title="bbox 998 747 1303 784; baseline 0.013 -11"><span class='ocrx_word' id='word_1_555' title='bbox 998 747 1064 774; x_wconf 70' lang='lat' dir='ltr'><strong>mu.</strong></span> <span class='ocrx_word' id='word_1_556' title='bbox 1078 749 1138 776; x_wconf 82' lang='lat' dir='ltr'><strong>bibl.</strong></span> <span class='ocrx_word' id='word_1_557' title='bbox 1158 758 1184 784; x_wconf 87' lang='lat' dir='ltr'><strong>p.</strong></span> <span class='ocrx_word' id='word_1_558' title='bbox 1200 750 1260 779; x_wconf 68' lang='grc' dir='ltr'><strong>διε,</strong></span> <span class='ocrx_word' id='word_1_559' title='bbox 1274 749 1303 777; x_wconf 82' lang='lat' dir='ltr'><strong>u.</strong></span> 
     </span>
    </p>
   </div>
   <div class='ocr_carea' id='block_1_72' title="bbox 1035 795 1786 827">
    <p class='ocr_par' dir='ltr' id='par_1_72' title="bbox 1035 795 1786 827">
     <span class='ocr_line' id='line_1_72' title="bbox 1035 795 1786 827; baseline 0.004 -8"><span class='ocrx_word' id='word_1_560' title='bbox 1035 795 1077 821; x_wconf 84' lang='lat' dir='ltr'><strong>IV.</strong></span> <span class='ocrx_word' id='word_1_561' title='bbox 1091 796 1179 822; x_wconf 58' lang='lat' dir='ltr'><strong>leth&#39;</strong></span> <span class='ocrx_word' id='word_1_562' title='bbox 1193 803 1246 822; x_wconf 73' lang='grc' dir='ltr'>ειν.</span> <span class='ocrx_word' id='word_1_563' title='bbox 1259 801 1300 822; x_wconf 83' lang='lat' dir='ltr'><strong>est</strong></span> <span class='ocrx_word' id='word_1_564' title='bbox 1312 795 1429 822; x_wconf 81' lang='lat' dir='ltr'><strong>Kollario</strong></span> <span class='ocrx_word' id='word_1_565' title='bbox 1445 801 1513 823; x_wconf 81' lang='lat' dir='ltr'><strong>teste</strong></span> <span class='ocrx_word' id='word_1_566' title='bbox 1527 796 1696 827; x_wconf 81' lang='lat' dir='ltr'><strong>chartaeeus,</strong></span> <span class='ocrx_word' id='word_1_567' title='bbox 1709 796 1786 822; x_wconf 80' lang='lat' dir='ltr'><strong>folio-</strong></span> 
     </span>
    </p>
   </div>
   <div class='ocr_carea' id='block_1_73' title="bbox 999 841 1785 873">
    <p class='ocr_par' dir='ltr' id='par_1_73' title="bbox 999 841 1785 873">
     <span class='ocr_line' id='line_1_73' title="bbox 999 841 1785 873; baseline 0.003 -7"><span class='ocrx_word' id='word_1_568' title='bbox 999 848 1058 866; x_wconf 86' lang='lat' dir='ltr'><strong>rum</strong></span> <span class='ocrx_word' id='word_1_569' title='bbox 1072 846 1255 868; x_wconf 82' lang='lat' dir='ltr'><strong>trecentorum</strong></span> <span class='ocrx_word' id='word_1_570' title='bbox 1281 846 1306 867; x_wconf 81' lang='lat' dir='ltr'><strong>et</strong></span> <span class='ocrx_word' id='word_1_571' title='bbox 1322 842 1451 873; x_wconf 79' lang='lat' dir='ltr'><strong>sedecim,</strong></span> <span class='ocrx_word' id='word_1_572' title='bbox 1468 851 1532 870; x_wconf 69' lang='lat' dir='ltr'><strong>saec.</strong></span> <span class='ocrx_word' id='word_1_573' title='bbox 1546 841 1603 868; x_wconf 69' lang='lat' dir='ltr'><strong>XV.</strong></span> <span class='ocrx_word' id='word_1_574' title='bbox 1619 842 1697 869; x_wconf 93' lang='lat' dir='ltr'><strong>initio</strong></span> <span class='ocrx_word' id='word_1_575' title='bbox 1717 842 1785 869; x_wconf 88' lang='lat' dir='ltr'><strong>scri-</strong></span> 
     </span>
    </p>
   </div>
   <div class='ocr_carea' id='block_1_74' title="bbox 998 888 1786 923">
    <p class='ocr_par' dir='ltr' id='par_1_74' title="bbox 998 888 1786 923">
     <span class='ocr_line' id='line_1_74' title="bbox 998 888 1786 923; baseline 0.003 -11"><span class='ocrx_word' id='word_1_576' title='bbox 998 891 1070 920; x_wconf 70' lang='lat' dir='ltr'><strong>ptus.</strong></span> <span class='ocrx_word' id='word_1_577' title='bbox 1088 888 1268 914; x_wconf 79' lang='lat' dir='ltr'><strong>Continentur</strong></span> <span class='ocrx_word' id='word_1_578' title='bbox 1284 893 1384 918; x_wconf 79' lang='lat' dir='ltr'><strong>autem.</strong></span> <span class='ocrx_word' id='word_1_579' title='bbox 1403 893 1432 915; x_wconf 86' lang='lat' dir='ltr'><strong>ut</strong></span> <span class='ocrx_word' id='word_1_580' title='bbox 1449 889 1519 915; x_wconf 72' lang='lat' dir='ltr'><strong>item</strong></span> <span class='ocrx_word' id='word_1_581' title='bbox 1540 889 1566 914; x_wconf 94' lang='lat' dir='ltr'><strong>in</strong></span> <span class='ocrx_word' id='word_1_582' title='bbox 1582 888 1786 923; x_wconf 80' lang='lat' dir='ltr'><strong>supplemento-</strong></span> 
     </span>
    </p>
   </div>
   <div class='ocr_carea' id='block_1_75' title="bbox 999 934 1784 969">
    <p class='ocr_par' dir='ltr' id='par_1_75' title="bbox 999 934 1784 969">
     <span class='ocr_line' id='line_1_75' title="bbox 999 934 1784 969; baseline 0.004 -11"><span class='ocrx_word' id='word_1_583' title='bbox 999 941 1056 959; x_wconf 88' lang='lat' dir='ltr'><strong>rnm</strong></span> <span class='ocrx_word' id='word_1_584' title='bbox 1070 935 1103 960; x_wconf 88' lang='lat' dir='ltr'><strong>ad</strong></span> <span class='ocrx_word' id='word_1_585' title='bbox 1121 934 1256 961; x_wconf 74' lang='lat' dir='ltr'><strong>Lauibccii</strong></span> <span class='ocrx_word' id='word_1_586' title='bbox 1273 935 1482 961; x_wconf 85' lang='lat' dir='ltr'><strong>commentarios</strong></span> <span class='ocrx_word' id='word_1_587' title='bbox 1497 935 1565 961; x_wconf 87' lang='lat' dir='ltr'><strong>libro</strong></span> <span class='ocrx_word' id='word_1_588' title='bbox 1579 935 1666 969; x_wconf 86' lang='lat' dir='ltr'><strong>primo</strong></span> <span class='ocrx_word' id='word_1_589' title='bbox 1678 943 1705 969; x_wconf 88' lang='lat' dir='ltr'><strong>p.</strong></span> <span class='ocrx_word' id='word_1_590' title='bbox 1722 935 1756 961; x_wconf 64' lang='lat'><strong>04</strong></span> <span class='ocrx_word' id='word_1_591' title='bbox 1764 935 1784 967; x_wconf 78' lang='grc'><strong>1,</strong></span> 
     </span>
    </p>
   </div>
   <div class='ocr_carea' id='block_1_76' title="bbox 998 979 1785 1012">
    <p class='ocr_par' dir='ltr' id='par_1_76' title="bbox 998 979 1785 1012">
     <span class='ocr_line' id='line_1_76' title="bbox 998 979 1785 1012; baseline 0.003 -7"><span class='ocrx_word' id='word_1_592' title='bbox 998 979 1050 1006; x_wconf 74' lang='grc'><strong>615</strong></span> <span class='ocrx_word' id='word_1_593' title='bbox 1065 981 1154 1012; x_wconf 85' lang='lat' dir='ltr'><strong>tradit,</strong></span> <span class='ocrx_word' id='word_1_594' title='bbox 1170 980 1196 1007; x_wconf 91' lang='lat' dir='ltr'><strong>in</strong></span> <span class='ocrx_word' id='word_1_595' title='bbox 1213 989 1244 1006; x_wconf 86' lang='lat' dir='ltr'><strong>eo</strong></span> <span class='ocrx_word' id='word_1_596' title='bbox 1262 980 1323 1007; x_wconf 84' lang='lat' dir='ltr'><strong>inde</strong></span> <span class='ocrx_word' id='word_1_597' title='bbox 1338 989 1352 1006; x_wconf 92' lang='lat' dir='ltr'><strong>a</strong></span> <span class='ocrx_word' id='word_1_598' title='bbox 1373 981 1436 1007; x_wconf 87' lang='lat' dir='ltr'><strong>l&#39;olio</strong></span> <span class='ocrx_word' id='word_1_599' title='bbox 1459 981 1506 1008; x_wconf 73' lang='lat' dir='ltr'><strong>&#39;28l</strong></span> <span class='ocrx_word' id='word_1_600' title='bbox 1526 981 1619 1008; x_wconf 84' lang='lat' dir='ltr'><strong>lsidori</strong></span> <span class='ocrx_word' id='word_1_601' title='bbox 1644 981 1785 1008; x_wconf 51' lang='lat' dir='ltr'><strong>Pelusiotae</strong></span> 
     </span>
    </p>
   </div>
   <div class='ocr_carea' id='block_1_77' title="bbox 997 1026 1786 1062">
    <p class='ocr_par' dir='ltr' id='par_1_77' title="bbox 997 1026 1786 1062">
     <span class='ocr_line' id='line_1_77' title="bbox 997 1026 1786 1062; baseline 0 -10"><span class='ocrx_word' id='word_1_602' title='bbox 997 1033 1060 1059; x_wconf 86' lang='lat' dir='ltr'><strong>epp.</strong></span> <span class='ocrx_word' id='word_1_603' title='bbox 1077 1026 1184 1053; x_wconf 73' lang='lat' dir='ltr'><strong>M4.—</strong></span> <span class='ocrx_word' id='word_1_604' title='bbox 1197 1036 1205 1052; x_wconf 85' lang='grc' dir='ltr'><strong>ι</strong></span> <span class='ocrx_word' id='word_1_605' title='bbox 1223 1027 1349 1054; x_wconf 77' lang='lat' dir='ltr'><strong>Auctoris</strong></span> <span class='ocrx_word' id='word_1_606' title='bbox 1364 1027 1482 1061; x_wconf 84' lang='lat' dir='ltr'><strong>quidem,</strong></span> <span class='ocrx_word' id='word_1_607' title='bbox 1503 1027 1538 1053; x_wconf 88' lang='lat' dir='ltr'><strong>ita</strong></span> <span class='ocrx_word' id='word_1_608' title='bbox 1558 1028 1646 1062; x_wconf 80' lang='lat' dir='ltr'><strong>pergit</strong></span> <span class='ocrx_word' id='word_1_609' title='bbox 1660 1027 1715 1058; x_wconf 86' lang='lat' dir='ltr'><strong>ille,</strong></span> <span class='ocrx_word' id='word_1_610' title='bbox 1737 1035 1786 1054; x_wconf 87' lang='lat' dir='ltr'><strong>no-</strong></span> 
     </span>
    </p>
   </div>
   <div class='ocr_carea' id='block_1_78' title="bbox 997 1072 1785 1108">
    <p class='ocr_par' dir='ltr' id='par_1_78' title="bbox 997 1072 1785 1108">
     <span class='ocr_line' id='line_1_78' title="bbox 997 1072 1785 1108; baseline 0.003 -10"><span class='ocrx_word' id='word_1_611' title='bbox 997 1080 1058 1099; x_wconf 86' lang='lat' dir='ltr'><strong>men</strong></span> <span class='ocrx_word' id='word_1_612' title='bbox 1073 1072 1100 1099; x_wconf 87' lang='lat' dir='ltr'><strong>in</strong></span> <span class='ocrx_word' id='word_1_613' title='bbox 1112 1073 1226 1108; x_wconf 78' lang='lat' dir='ltr'><strong>exempli</strong></span> <span class='ocrx_word' id='word_1_614' title='bbox 1240 1073 1327 1100; x_wconf 81' lang='lat' dir='ltr'><strong>fronte</strong></span> <span class='ocrx_word' id='word_1_615' title='bbox 1339 1081 1392 1099; x_wconf 88' lang='lat' dir='ltr'><strong>non</strong></span> <span class='ocrx_word' id='word_1_616' title='bbox 1409 1076 1557 1107; x_wconf 82' lang='lat' dir='ltr'><strong>comparet,</strong></span> <span class='ocrx_word' id='word_1_617' title='bbox 1570 1073 1616 1100; x_wconf 90' lang='lat' dir='ltr'><strong>sed</strong></span> <span class='ocrx_word' id='word_1_618' title='bbox 1633 1081 1695 1100; x_wconf 88' lang='lat' dir='ltr'><strong>cum</strong></span> <span class='ocrx_word' id='word_1_619' title='bbox 1707 1073 1785 1106; x_wconf 86' lang='lat' dir='ltr'><strong>illud,</strong></span> 
     </span>
    </p>
   </div>
   <div class='ocr_carea' id='block_1_79' title="bbox 998 1119 1786 1154">
    <p class='ocr_par' dir='ltr' id='par_1_79' title="bbox 998 1119 1786 1154">
     <span class='ocr_line' id='line_1_79' title="bbox 998 1119 1786 1154; baseline 0.003 -10"><span class='ocrx_word' id='word_1_620' title='bbox 998 1123 1054 1145; x_wconf 88' lang='lat' dir='ltr'><strong>tum</strong></span> <span class='ocrx_word' id='word_1_621' title='bbox 1065 1119 1145 1146; x_wconf 85' lang='lat' dir='ltr'><strong>etiam</strong></span> <span class='ocrx_word' id='word_1_622' title='bbox 1157 1119 1330 1154; x_wconf 83' lang='lat' dir='ltr'><strong>epistolarum</strong></span> <span class='ocrx_word' id='word_1_623' title='bbox 1345 1127 1488 1145; x_wconf 85' lang='lat' dir='ltr'><strong>numerqu</strong></span> <span class='ocrx_word' id='word_1_624' title='bbox 1501 1119 1666 1146; x_wconf 78' lang='lat' dir='ltr'><strong>indicaverat</strong></span> <span class='ocrx_word' id='word_1_625' title='bbox 1680 1120 1720 1146; x_wconf 70' lang='lat' dir='ltr'><strong>(ll.</strong></span> <span class='ocrx_word' id='word_1_626' title='bbox 1733 1119 1786 1146; x_wconf 86' lang='lat' dir='ltr'><strong>Te-</strong></span> 
     </span>
    </p>
   </div>
   <div class='ocr_carea' id='block_1_80' title="bbox 997 1165 1785 1200">
    <p class='ocr_par' dir='ltr' id='par_1_80' title="bbox 997 1165 1785 1200">
     <span class='ocr_line' id='line_1_80' title="bbox 997 1165 1785 1200; baseline 0.003 -10"><span class='ocrx_word' id='word_1_627' title='bbox 997 1165 1144 1199; x_wconf 78' lang='lat' dir='ltr'><strong>gnagelius,</strong></span> <span class='ocrx_word' id='word_1_628' title='bbox 1159 1166 1315 1200; x_wconf 67' lang='lat' dir='ltr'><strong>prmscripto</strong></span> <span class='ocrx_word' id='word_1_629' title='bbox 1331 1173 1381 1192; x_wconf 87' lang='lat' dir='ltr'><strong>suo</strong></span> <span class='ocrx_word' id='word_1_630' title='bbox 1396 1173 1477 1191; x_wconf 89' lang='lat' dir='ltr'><strong>manu</strong></span> <span class='ocrx_word' id='word_1_631' title='bbox 1495 1165 1547 1192; x_wconf 89' lang='lat' dir='ltr'><strong>hoc</strong></span> <span class='ocrx_word' id='word_1_632' title='bbox 1568 1165 1645 1192; x_wconf 88' lang='lat' dir='ltr'><strong>titulo</strong></span> <span class='ocrx_word' id='word_1_633' title='bbox 1663 1175 1669 1192; x_wconf 93' lang='lat'>:</span> <span class='ocrx_word' id='word_1_634' title='bbox 1686 1166 1714 1192; x_wconf 88' lang='lat' dir='ltr'><strong>S.</strong></span> <span class='ocrx_word' id='word_1_635' title='bbox 1732 1165 1785 1192; x_wconf 90' lang='lat' dir='ltr'><strong>lsi-</strong></span> 
     </span>
    </p>
   </div>
   <div class='ocr_carea' id='block_1_81' title="bbox 995 1210 1784 1246">
    <p class='ocr_par' dir='ltr' id='par_1_81' title="bbox 995 1210 1784 1246">
     <span class='ocr_line' id='line_1_81' title="bbox 995 1210 1784 1246; baseline 0.003 -9"><span class='ocrx_word' id='word_1_636' title='bbox 995 1210 1054 1237; x_wconf 89' lang='lat' dir='ltr'><strong>dori</strong></span> <span class='ocrx_word' id='word_1_637' title='bbox 1076 1211 1217 1238; x_wconf 68' lang='lat' dir='ltr'><strong>Pelusiotae</strong></span> <span class='ocrx_word' id='word_1_638' title='bbox 1229 1219 1290 1246; x_wconf 85' lang='lat' dir='ltr'><strong>epp.</strong></span> <span class='ocrx_word' id='word_1_639' title='bbox 1308 1211 1513 1246; x_wconf 86' lang='lat' dir='ltr'><strong>quatuordecim</strong></span> <span class='ocrx_word' id='word_1_640' title='bbox 1528 1216 1556 1238; x_wconf 86' lang='lat' dir='ltr'><strong>et</strong></span> <span class='ocrx_word' id='word_1_641' title='bbox 1570 1212 1784 1246; x_wconf 69' lang='lat' dir='ltr'><strong>quadringentae.</strong></span> 
     </span>
    </p>
   </div>
   <div class='ocr_carea' id='block_1_82' title="bbox 995 1256 1785 1292">
    <p class='ocr_par' dir='ltr' id='par_1_82' title="bbox 995 1256 1785 1292">
     <span class='ocr_line' id='line_1_82' title="bbox 995 1256 1785 1292; baseline 0.003 -10"><span class='ocrx_word' id='word_1_642' title='bbox 995 1256 1056 1283; x_wconf 67' lang='grc'>411.</span> <span class='ocrx_word' id='word_1_643' title='bbox 1072 1257 1135 1284; x_wconf 71' lang='grc' dir='ltr'>11ωε</span> <span class='ocrx_word' id='word_1_644' title='bbox 1149 1258 1202 1284; x_wconf 88' lang='lat' dir='ltr'><strong>ille.</strong></span> <span class='ocrx_word' id='word_1_645' title='bbox 1217 1257 1305 1285; x_wconf 85' lang='lat' dir='ltr'><strong>Prima</strong></span> <span class='ocrx_word' id='word_1_646' title='bbox 1322 1258 1381 1285; x_wconf 84' lang='lat' dir='ltr'><strong>sine</strong></span> <span class='ocrx_word' id='word_1_647' title='bbox 1394 1258 1542 1292; x_wconf 80' lang='lat' dir='ltr'><strong>epigrapbe</strong></span> <span class='ocrx_word' id='word_1_648' title='bbox 1557 1257 1652 1292; x_wconf 84' lang='lat' dir='ltr'><strong>incipit</strong></span> <span class='ocrx_word' id='word_1_649' title='bbox 1666 1267 1671 1284; x_wconf 91' lang='lat'>:</span> <span class='ocrx_word' id='word_1_650' title='bbox 1688 1258 1719 1284; x_wconf 82' lang='grc' dir='ltr'>Οἱ</span> <span class='ocrx_word' id='word_1_651' title='bbox 1736 1258 1785 1292; x_wconf 76' lang='grc' dir='ltr'><strong>μὲν</strong></span> 
     </span>
    </p>
   </div>
   <div class='ocr_carea' id='block_1_83' title="bbox 996 1302 1785 1339">
    <p class='ocr_par' dir='ltr' id='par_1_83' title="bbox 996 1302 1785 1339">
     <span class='ocr_line' id='line_1_83' title="bbox 996 1302 1785 1339; baseline 0 -10"><span class='ocrx_word' id='word_1_652' title='bbox 996 1302 1067 1336; x_wconf 77' lang='grc' dir='ltr'>ἅγιοι</span> <span class='ocrx_word' id='word_1_653' title='bbox 1084 1303 1132 1338; x_wconf 82' lang='grc' dir='ltr'><strong>τῆς</strong></span> <span class='ocrx_word' id='word_1_654' title='bbox 1151 1304 1299 1339; x_wconf 79' lang='grc' dir='ltr'>μοναχικῆς</span> <span class='ocrx_word' id='word_1_655' title='bbox 1318 1303 1474 1338; x_wconf 71' lang='grc' dir='ltr'><strong>φιλοσοφίας</strong></span> <span class='ocrx_word' id='word_1_656' title='bbox 1493 1305 1634 1338; x_wconf 65' lang='grc' dir='ltr'>κορυφαῖοι</span> <span class='ocrx_word' id='word_1_657' title='bbox 1652 1303 1699 1330; x_wconf 70' lang='grc' dir='ltr'>καὶ</span> <span class='ocrx_word' id='word_1_658' title='bbox 1720 1305 1785 1338; x_wconf 76' lang='grc' dir='ltr'>ἡγε-</span> 
     </span>
    </p>
   </div>
   <div class='ocr_carea' id='block_1_84' title="bbox 997 1347 1784 1382">
    <p class='ocr_par' dir='ltr' id='par_1_84' title="bbox 997 1347 1784 1382">
     <span class='ocr_line' id='line_1_84' title="bbox 997 1347 1784 1382; baseline 0.001 -9"><span class='ocrx_word' id='word_1_659' title='bbox 997 1347 1076 1381; x_wconf 74' lang='grc' dir='ltr'>μόνες</span> <span class='ocrx_word' id='word_1_660' title='bbox 1091 1363 1124 1367; x_wconf 92' lang='grc'><strong><em>-</em></strong></span> <span class='ocrx_word' id='word_1_661' title='bbox 1141 1347 1206 1373; x_wconf 87' lang='lat' dir='ltr'><strong>Data</strong></span> <span class='ocrx_word' id='word_1_662' title='bbox 1235 1347 1286 1374; x_wconf 80' lang='lat' dir='ltr'><strong>fuit</strong></span> <span class='ocrx_word' id='word_1_663' title='bbox 1307 1347 1340 1374; x_wconf 85' lang='lat' dir='ltr'><strong>ad</strong></span> <span class='ocrx_word' id='word_1_664' title='bbox 1358 1347 1447 1373; x_wconf 82' lang='lat' dir='ltr'><strong>Nilum</strong></span> <span class='ocrx_word' id='word_1_665' title='bbox 1471 1347 1650 1379; x_wconf 86' lang='lat' dir='ltr'><strong>monachum,</strong></span> <span class='ocrx_word' id='word_1_666' title='bbox 1673 1355 1732 1382; x_wconf 67' lang='lat' dir='ltr'><strong>qua:</strong></span> <span class='ocrx_word' id='word_1_667' title='bbox 1756 1348 1784 1375; x_wconf 94' lang='lat' dir='ltr'><strong>in</strong></span> 
     </span>
    </p>
   </div>
   <div class='ocr_carea' id='block_1_85' title="bbox 996 1393 1783 1429">
    <p class='ocr_par' dir='ltr' id='par_1_85' title="bbox 996 1393 1783 1429">
     <span class='ocr_line' id='line_1_85' title="bbox 996 1393 1783 1429; baseline 0.004 -10"><span class='ocrx_word' id='word_1_668' title='bbox 996 1393 1135 1427; x_wconf 87' lang='lat' dir='ltr'><strong>impressis</strong></span> <span class='ocrx_word' id='word_1_669' title='bbox 1152 1394 1234 1420; x_wconf 85' lang='lat' dir='ltr'><strong>etiam</strong></span> <span class='ocrx_word' id='word_1_670' title='bbox 1256 1394 1387 1428; x_wconf 78' lang='lat' dir='ltr'><strong>exemplis</strong></span> <span class='ocrx_word' id='word_1_671' title='bbox 1408 1394 1526 1428; x_wconf 91' lang='lat' dir='ltr'><strong>primum</strong></span> <span class='ocrx_word' id='word_1_672' title='bbox 1549 1394 1638 1421; x_wconf 84' lang='lat' dir='ltr'><strong>locum</strong></span> <span class='ocrx_word' id='word_1_673' title='bbox 1658 1399 1783 1429; x_wconf 80' lang='lat' dir='ltr'><strong>occupat.</strong></span> 
     </span>
    </p>
   </div>
   <div class='ocr_carea' id='block_1_86' title="bbox 995 1439 1783 1475">
    <p class='ocr_par' dir='ltr' id='par_1_86' title="bbox 995 1439 1783 1475">
     <span class='ocr_line' id='line_1_86' title="bbox 995 1439 1783 1475; baseline 0.003 -9"><span class='ocrx_word' id='word_1_674' title='bbox 995 1439 1128 1466; x_wconf 74' lang='lat' dir='ltr'><strong>Cmterum</strong></span> <span class='ocrx_word' id='word_1_675' title='bbox 1149 1440 1183 1467; x_wconf 92' lang='lat' dir='ltr'><strong>de</strong></span> <span class='ocrx_word' id='word_1_676' title='bbox 1205 1440 1256 1467; x_wconf 89' lang='lat' dir='ltr'><strong>hoc</strong></span> <span class='ocrx_word' id='word_1_677' title='bbox 1280 1440 1373 1467; x_wconf 85' lang='lat' dir='ltr'><strong>codice</strong></span> <span class='ocrx_word' id='word_1_678' title='bbox 1395 1440 1523 1468; x_wconf 68' lang='lat' dir='ltr'><strong>Forlosize</strong></span> <span class='ocrx_word' id='word_1_679' title='bbox 1544 1441 1629 1467; x_wconf 87' lang='lat' dir='ltr'><strong>nostri</strong></span> <span class='ocrx_word' id='word_1_680' title='bbox 1652 1441 1783 1475; x_wconf 88' lang='lat' dir='ltr'><strong>judicium</strong></span> 
     </span>
    </p>
   </div>
   <div class='ocr_carea' id='block_1_87' title="bbox 995 1484 1797 1521">
    <p class='ocr_par' dir='ltr' id='par_1_87' title="bbox 995 1484 1797 1521">
     <span class='ocr_line' id='line_1_87' title="bbox 995 1484 1797 1521; baseline 0.002 -9"><span class='ocrx_word' id='word_1_681' title='bbox 995 1490 1053 1512; x_wconf 84' lang='lat' dir='ltr'><strong>erat</strong></span> <span class='ocrx_word' id='word_1_682' title='bbox 1069 1486 1137 1512; x_wconf 87' lang='lat' dir='ltr'><strong>hoc:</strong></span> <span class='ocrx_word' id='word_1_683' title='bbox 1155 1485 1344 1520; x_wconf 82' lang='lat' dir='ltr'><strong>Epistolarum,</strong></span> <span class='ocrx_word' id='word_1_684' title='bbox 1362 1487 1458 1521; x_wconf 86' lang='lat' dir='ltr'><strong>inquit,</strong></span> <span class='ocrx_word' id='word_1_685' title='bbox 1474 1487 1540 1513; x_wconf 85' lang='lat' dir='ltr'><strong>ordo</strong></span> <span class='ocrx_word' id='word_1_686' title='bbox 1556 1487 1625 1514; x_wconf 89' lang='lat' dir='ltr'><strong>idem</strong></span> <span class='ocrx_word' id='word_1_687' title='bbox 1644 1487 1722 1521; x_wconf 86' lang='lat' dir='ltr'><strong>plane</strong></span> <span class='ocrx_word' id='word_1_688' title='bbox 1733 1484 1797 1521; x_wconf 68' lang='lat' dir='ltr'><strong>cst,’</strong></span> 
     </span>
    </p>
   </div>
   <div class='ocr_carea' id='block_1_88' title="bbox 995 1532 1784 1567">
    <p class='ocr_par' dir='ltr' id='par_1_88' title="bbox 995 1532 1784 1567">
     <span class='ocr_line' id='line_1_88' title="bbox 995 1532 1784 1567; baseline 0.003 -8"><span class='ocrx_word' id='word_1_689' title='bbox 995 1541 1026 1559; x_wconf 83' lang='lat' dir='ltr'><strong>ac</strong></span> <span class='ocrx_word' id='word_1_690' title='bbox 1047 1533 1079 1564; x_wconf 87' lang='lat' dir='ltr'><strong>is,</strong></span> <span class='ocrx_word' id='word_1_691' title='bbox 1097 1533 1141 1567; x_wconf 82' lang='lat' dir='ltr'><strong>qui</strong></span> <span class='ocrx_word' id='word_1_692' title='bbox 1165 1532 1190 1559; x_wconf 84' lang='lat' dir='ltr'><strong>iu</strong></span> <span class='ocrx_word' id='word_1_693' title='bbox 1211 1532 1275 1559; x_wconf 86' lang='lat' dir='ltr'><strong>edit.</strong></span> <span class='ocrx_word' id='word_1_694' title='bbox 1292 1532 1352 1558; x_wconf 81' lang='lat' dir='ltr'><strong>Par.</strong></span> <span class='ocrx_word' id='word_1_695' title='bbox 1371 1532 1464 1559; x_wconf 81' lang='lat' dir='ltr'><strong>Jacobi</strong></span> <span class='ocrx_word' id='word_1_696' title='bbox 1485 1532 1554 1559; x_wconf 83' lang='lat' dir='ltr'><strong>Billii</strong></span> <span class='ocrx_word' id='word_1_697' title='bbox 1576 1538 1717 1566; x_wconf 70' lang='lat' dir='ltr'><strong>servatur;</strong></span> <span class='ocrx_word' id='word_1_698' title='bbox 1738 1534 1784 1561; x_wconf 88' lang='lat' dir='ltr'><strong>sed</strong></span> 
     </span>
    </p>
   </div>
   <div class='ocr_carea' id='block_1_89' title="bbox 996 1579 1785 1608">
    <p class='ocr_par' dir='ltr' id='par_1_89' title="bbox 996 1579 1785 1608">
     <span class='ocr_line' id='line_1_89' title="bbox 996 1579 1785 1608; baseline 0.004 -3"><span class='ocrx_word' id='word_1_699' title='bbox 996 1579 1094 1606; x_wconf 85' lang='lat' dir='ltr'><strong>multas</strong></span> <span class='ocrx_word' id='word_1_700' title='bbox 1109 1579 1245 1606; x_wconf 71' lang='lat' dir='ltr'><strong>variantes</strong></span> <span class='ocrx_word' id='word_1_701' title='bbox 1262 1580 1296 1606; x_wconf 79' lang='lat' dir='ltr'><strong>ab</strong></span> <span class='ocrx_word' id='word_1_702' title='bbox 1318 1579 1362 1606; x_wconf 86' lang='lat' dir='ltr'><strong>illa</strong></span> <span class='ocrx_word' id='word_1_703' title='bbox 1384 1579 1514 1606; x_wconf 84' lang='lat' dir='ltr'><strong>lectiones</strong></span> <span class='ocrx_word' id='word_1_704' title='bbox 1531 1579 1621 1606; x_wconf 86' lang='lat' dir='ltr'><strong>obiter</strong></span> <span class='ocrx_word' id='word_1_705' title='bbox 1640 1580 1785 1608; x_wconf 82' lang='lat' dir='ltr'><strong>observare</strong></span> 
     </span>
    </p>
   </div>
   <div class='ocr_carea' id='block_1_90' title="bbox 997 1626 1784 1661">
    <p class='ocr_par' dir='ltr' id='par_1_90' title="bbox 997 1626 1784 1661">
     <span class='ocr_line' id='line_1_90' title="bbox 997 1626 1784 1661; baseline 0.004 -9"><span class='ocrx_word' id='word_1_706' title='bbox 997 1627 1074 1653; x_wconf 82' lang='lat' dir='ltr'><strong>nobis</strong></span> <span class='ocrx_word' id='word_1_707' title='bbox 1089 1627 1210 1661; x_wconf 76' lang='lat' dir='ltr'><strong>contigit.</strong></span> <span class='ocrx_word' id='word_1_708' title='bbox 1227 1636 1235 1651; x_wconf 74' lang='grc' dir='ltr'><strong>ι</strong></span> <span class='ocrx_word' id='word_1_709' title='bbox 1252 1642 1285 1646; x_wconf 93' lang='grc'><strong><em>-</em></strong></span> <span class='ocrx_word' id='word_1_710' title='bbox 1299 1627 1340 1653; x_wconf 73' lang='lat' dir='ltr'><strong>Cl&quot;.</strong></span> <span class='ocrx_word' id='word_1_711' title='bbox 1351 1627 1461 1654; x_wconf 79' lang='lat' dir='ltr'><strong>Montei.</strong></span> <span class='ocrx_word' id='word_1_712' title='bbox 1474 1626 1543 1654; x_wconf 82' lang='lat' dir='ltr'><strong>Bibl.</strong></span> <span class='ocrx_word' id='word_1_713' title='bbox 1556 1627 1619 1653; x_wconf 83' lang='lat' dir='ltr'><strong>bibl.</strong></span> <span class='ocrx_word' id='word_1_714' title='bbox 1633 1635 1660 1661; x_wconf 91' lang='lat' dir='ltr'><strong>p.</strong></span> <span class='ocrx_word' id='word_1_715' title='bbox 1677 1628 1739 1660; x_wconf 66' lang='lat'><strong>56:2,</strong></span> <span class='ocrx_word' id='word_1_716' title='bbox 1752 1629 1784 1655; x_wconf 75' lang='grc' dir='ltr'>Α.</span> 
     </span>
    </p>
   </div>
   <div class='ocr_carea' id='block_1_91' title="bbox 1031 1671 1784 1709">
    <p class='ocr_par' dir='ltr' id='par_1_91' title="bbox 1031 1671 1784 1709">
     <span class='ocr_line' id='line_1_91' title="bbox 1031 1671 1784 1709; baseline 0.005 -12"><span class='ocrx_word' id='word_1_717' title='bbox 1031 1671 1105 1705; x_wconf 83' lang='lat' dir='ltr'><strong>Quod</strong></span> <span class='ocrx_word' id='word_1_718' title='bbox 1132 1680 1196 1700; x_wconf 80' lang='lat' dir='ltr'><strong>vero</strong></span> <span class='ocrx_word' id='word_1_719' title='bbox 1218 1674 1358 1700; x_wconf 81' lang='lat' dir='ltr'><strong>contendit</strong></span> <span class='ocrx_word' id='word_1_720' title='bbox 1379 1673 1521 1700; x_wconf 82' lang='lat' dir='ltr'><strong>Fabricius</strong></span> <span class='ocrx_word' id='word_1_721' title='bbox 1544 1674 1609 1700; x_wconf 87' lang='lat' dir='ltr'><strong>bibl.</strong></span> <span class='ocrx_word' id='word_1_722' title='bbox 1628 1682 1667 1709; x_wconf 81' lang='lat' dir='ltr'><strong>gr.</strong></span> <span class='ocrx_word' id='word_1_723' title='bbox 1687 1674 1734 1700; x_wconf 85' lang='lat' dir='ltr'><strong>lib.</strong></span> <span class='ocrx_word' id='word_1_724' title='bbox 1758 1683 1784 1701; x_wconf 89' lang='grc' dir='ltr'>ν.</span> 
     </span>
    </p>
   </div>
   <div class='ocr_carea' id='block_1_92' title="bbox 995 1719 1785 1756">
    <p class='ocr_par' dir='ltr' id='par_1_92' title="bbox 995 1719 1785 1756">
     <span class='ocr_line' id='line_1_92' title="bbox 995 1719 1785 1756; baseline 0.004 -11"><span class='ocrx_word' id='word_1_725' title='bbox 995 1727 1054 1754; x_wconf 84' lang='lat' dir='ltr'><strong>cap.</strong></span> <span class='ocrx_word' id='word_1_726' title='bbox 1069 1720 1113 1751; x_wconf 81' lang='grc'><strong>57,</strong></span> <span class='ocrx_word' id='word_1_727' title='bbox 1126 1719 1151 1755; x_wconf 85' lang='lat'><strong>§.</strong></span> <span class='ocrx_word' id='word_1_728' title='bbox 1169 1721 1195 1751; x_wconf 82' lang='grc'>5,</span> <span class='ocrx_word' id='word_1_729' title='bbox 1215 1728 1240 1754; x_wconf 87' lang='lat' dir='ltr'><strong>p.</strong></span> <span class='ocrx_word' id='word_1_730' title='bbox 1261 1721 1324 1751; x_wconf 67' lang='grc'><strong>255.</strong></span> <span class='ocrx_word' id='word_1_731' title='bbox 1340 1720 1375 1748; x_wconf 80' lang='lat' dir='ltr'><strong>cf.</strong></span> <span class='ocrx_word' id='word_1_732' title='bbox 1399 1721 1442 1747; x_wconf 88' lang='lat' dir='ltr'><strong>ed.</strong></span> <span class='ocrx_word' id='word_1_733' title='bbox 1468 1721 1540 1748; x_wconf 88' lang='lat' dir='ltr'><strong>llarl.</strong></span> <span class='ocrx_word' id='word_1_734' title='bbox 1560 1721 1609 1748; x_wconf 76' lang='lat' dir='ltr'><strong>vol.</strong></span> <span class='ocrx_word' id='word_1_735' title='bbox 1630 1730 1656 1753; x_wconf 80' lang='lat' dir='ltr'><strong>x,</strong></span> <span class='ocrx_word' id='word_1_736' title='bbox 1673 1730 1700 1756; x_wconf 87' lang='lat' dir='ltr'><strong>p.</strong></span> <span class='ocrx_word' id='word_1_737' title='bbox 1715 1721 1785 1753; x_wconf 71' lang='lat'><strong>480,</strong></span> 
     </span>
    </p>
   </div>
   <div class='ocr_carea' id='block_1_93' title="bbox 996 1765 1785 1802">
    <p class='ocr_par' dir='ltr' id='par_1_93' title="bbox 996 1765 1785 1802">
     <span class='ocr_line' id='line_1_93' title="bbox 996 1765 1785 1802; baseline 0.003 -10"><span class='ocrx_word' id='word_1_738' title='bbox 996 1765 1168 1793; x_wconf 76' lang='lat' dir='ltr'><strong>Lambecium</strong></span> <span class='ocrx_word' id='word_1_739' title='bbox 1178 1767 1246 1793; x_wconf 89' lang='lat' dir='ltr'><strong>libro</strong></span> <span class='ocrx_word' id='word_1_740' title='bbox 1258 1775 1275 1799; x_wconf 86' lang='grc' dir='ltr'>ι,</span> <span class='ocrx_word' id='word_1_741' title='bbox 1290 1775 1316 1801; x_wconf 89' lang='lat' dir='ltr'><strong>p.</strong></span> <span class='ocrx_word' id='word_1_742' title='bbox 1329 1767 1378 1794; x_wconf 76' lang='grc'>119</span> <span class='ocrx_word' id='word_1_743' title='bbox 1400 1767 1492 1793; x_wconf 80' lang='lat' dir='ltr'><strong>testari</strong></span> <span class='ocrx_word' id='word_1_744' title='bbox 1503 1767 1624 1794; x_wconf 65' lang='lat' dir='ltr'><strong>codicem</strong></span> <span class='ocrx_word' id='word_1_745' title='bbox 1637 1776 1699 1802; x_wconf 86' lang='lat' dir='ltr'><strong>epp.</strong></span> <span class='ocrx_word' id='word_1_746' title='bbox 1715 1768 1785 1794; x_wconf 71' lang='lat'><strong>2000</strong></span> 
     </span>
    </p>
   </div>
   <div class='ocr_carea' id='block_1_94' title="bbox 994 1812 1786 1848">
    <p class='ocr_par' dir='ltr' id='par_1_94' title="bbox 994 1812 1786 1848">
     <span class='ocr_line' id='line_1_94' title="bbox 994 1812 1786 1848; baseline 0.006 -12"><span class='ocrx_word' id='word_1_747' title='bbox 994 1819 1109 1846; x_wconf 72' lang='lat' dir='ltr'><strong>gra&#39;cmn</strong></span> <span class='ocrx_word' id='word_1_748' title='bbox 1127 1812 1153 1838; x_wconf 89' lang='lat' dir='ltr'><strong>in</strong></span> <span class='ocrx_word' id='word_1_749' title='bbox 1165 1812 1229 1839; x_wconf 87' lang='lat' dir='ltr'><strong>bibl.</strong></span> <span class='ocrx_word' id='word_1_750' title='bbox 1244 1812 1360 1839; x_wconf 83' lang='lat' dir='ltr'><strong>Vindob.</strong></span> <span class='ocrx_word' id='word_1_751' title='bbox 1375 1817 1491 1843; x_wconf 77' lang='lat' dir='ltr'><strong>exstare,</strong></span> <span class='ocrx_word' id='word_1_752' title='bbox 1509 1813 1573 1839; x_wconf 83' lang='lat' dir='ltr'><strong>mihi</strong></span> <span class='ocrx_word' id='word_1_753' title='bbox 1587 1813 1694 1847; x_wconf 89' lang='lat' dir='ltr'><strong>quidem</strong></span> <span class='ocrx_word' id='word_1_754' title='bbox 1709 1822 1786 1848; x_wconf 77' lang='lat' dir='ltr'><strong>egre-</strong></span> 
     </span>
    </p>
   </div>
   <div class='ocr_carea' id='block_1_95' title="bbox 995 1858 1784 1893">
    <p class='ocr_par' dir='ltr' id='par_1_95' title="bbox 995 1858 1784 1893">
     <span class='ocr_line' id='line_1_95' title="bbox 995 1858 1784 1893; baseline 0.004 -10"><span class='ocrx_word' id='word_1_755' title='bbox 995 1858 1030 1891; x_wconf 78' lang='lat' dir='ltr'><strong>gii</strong></span> <span class='ocrx_word' id='word_1_756' title='bbox 1044 1858 1123 1892; x_wconf 76' lang='lat' dir='ltr'><strong>lmjus</strong></span> <span class='ocrx_word' id='word_1_757' title='bbox 1136 1858 1184 1884; x_wconf 83' lang='lat' dir='ltr'><strong>viri</strong></span> <span class='ocrx_word' id='word_1_758' title='bbox 1201 1866 1275 1885; x_wconf 90' lang='lat' dir='ltr'><strong>error</strong></span> <span class='ocrx_word' id='word_1_759' title='bbox 1290 1858 1398 1885; x_wconf 69' lang='lat' dir='ltr'><strong>videtur</strong></span> <span class='ocrx_word' id='word_1_760' title='bbox 1417 1866 1486 1885; x_wconf 80' lang='lat' dir='ltr'><strong>esse.</strong></span> <span class='ocrx_word' id='word_1_761' title='bbox 1506 1859 1610 1893; x_wconf 77' lang='lat' dir='ltr'><strong>Nempe</strong></span> <span class='ocrx_word' id='word_1_762' title='bbox 1626 1858 1784 1887; x_wconf 83' lang='lat' dir='ltr'><strong>Lambecius</strong></span> 
     </span>
    </p>
   </div>
   <div class='ocr_carea' id='block_1_96' title="bbox 996 1904 1784 1941">
    <p class='ocr_par' dir='ltr' id='par_1_96' title="bbox 996 1904 1784 1941">
     <span class='ocr_line' id='line_1_96' title="bbox 996 1904 1784 1941; baseline 0.003 -10"><span class='ocrx_word' id='word_1_763' title='bbox 996 1904 1058 1931; x_wconf 85' lang='lat' dir='ltr'><strong>inde</strong></span> <span class='ocrx_word' id='word_1_764' title='bbox 1082 1913 1096 1931; x_wconf 90' lang='lat' dir='ltr'><strong>a</strong></span> <span class='ocrx_word' id='word_1_765' title='bbox 1115 1913 1141 1939; x_wconf 91' lang='lat' dir='ltr'><strong>p.</strong></span> <span class='ocrx_word' id='word_1_766' title='bbox 1174 1905 1222 1932; x_wconf 80' lang='lat' dir='ltr'><strong>H7</strong></span> <span class='ocrx_word' id='word_1_767' title='bbox 1243 1905 1435 1932; x_wconf 82' lang='lat' dir='ltr'><strong>bibliothecam</strong></span> <span class='ocrx_word' id='word_1_768' title='bbox 1456 1905 1784 1941; x_wconf 88' lang='lat' dir='ltr'><strong>Constantinopolitanam</strong></span> 
     </span>
    </p>
   </div>
   <div class='ocr_carea' id='block_1_97' title="bbox 995 1952 1785 1987">
    <p class='ocr_par' dir='ltr' id='par_1_97' title="bbox 995 1952 1785 1987">
     <span class='ocr_line' id='line_1_97' title="bbox 995 1952 1785 1987; baseline 0.004 -9"><span class='ocrx_word' id='word_1_769' title='bbox 995 1952 1029 1978; x_wconf 89' lang='lat' dir='ltr'><strong>ab</strong></span> <span class='ocrx_word' id='word_1_770' title='bbox 1043 1952 1163 1979; x_wconf 83' lang='lat' dir='ltr'><strong>Antonio</strong></span> <span class='ocrx_word' id='word_1_771' title='bbox 1179 1952 1310 1980; x_wconf 78' lang='lat' dir='ltr'><strong>Verderio</strong></span> <span class='ocrx_word' id='word_1_772' title='bbox 1327 1953 1411 1980; x_wconf 84' lang='lat' dir='ltr'><strong>etiam</strong></span> <span class='ocrx_word' id='word_1_773' title='bbox 1428 1953 1551 1987; x_wconf 86' lang='lat' dir='ltr'><strong>pluribus</strong></span> <span class='ocrx_word' id='word_1_774' title='bbox 1561 1958 1666 1980; x_wconf 81' lang='lat' dir='ltr'><strong>scatere</strong></span> <span class='ocrx_word' id='word_1_775' title='bbox 1680 1954 1785 1981; x_wconf 86' lang='lat' dir='ltr'><strong>mendis</strong></span> 
     </span>
    </p>
   </div>
   <div class='ocr_carea' id='block_1_98' title="bbox 995 1998 1784 2035">
    <p class='ocr_par' dir='ltr' id='par_1_98' title="bbox 995 1998 1784 2035">
     <span class='ocr_line' id='line_1_98' title="bbox 995 1998 1784 2035; baseline 0.003 -10"><span class='ocrx_word' id='word_1_776' title='bbox 995 2003 1109 2025; x_wconf 87' lang='lat' dir='ltr'><strong>conatur</strong></span> <span class='ocrx_word' id='word_1_777' title='bbox 1126 2000 1250 2034; x_wconf 85' lang='lat' dir='ltr'><strong>probare.</strong></span> <span class='ocrx_word' id='word_1_778' title='bbox 1269 1998 1353 2032; x_wconf 86' lang='lat' dir='ltr'><strong>Quem</strong></span> <span class='ocrx_word' id='word_1_779' title='bbox 1375 2000 1408 2026; x_wconf 89' lang='lat' dir='ltr'><strong>ad</strong></span> <span class='ocrx_word' id='word_1_780' title='bbox 1428 2000 1508 2026; x_wconf 78' lang='lat' dir='ltr'><strong>tinem</strong></span> <span class='ocrx_word' id='word_1_781' title='bbox 1533 2000 1682 2035; x_wconf 76' lang='lat' dir='ltr'><strong>catalogum</strong></span> <span class='ocrx_word' id='word_1_782' title='bbox 1701 2000 1784 2027; x_wconf 87' lang='lat' dir='ltr'><strong>libro-</strong></span> 
     </span>
    </p>
   </div>
   <div class='ocr_carea' id='block_1_99' title="bbox 995 2045 1785 2080">
    <p class='ocr_par' dir='ltr' id='par_1_99' title="bbox 995 2045 1785 2080">
     <span class='ocr_line' id='line_1_99' title="bbox 995 2045 1785 2080; baseline 0.004 -9"><span class='ocrx_word' id='word_1_783' title='bbox 995 2051 1054 2071; x_wconf 92' lang='lat' dir='ltr'><strong>rum</strong></span> <span class='ocrx_word' id='word_1_784' title='bbox 1072 2045 1131 2076; x_wconf 72' lang='lat' dir='ltr'><strong>l&#39;H,</strong></span> <span class='ocrx_word' id='word_1_785' title='bbox 1146 2053 1160 2072; x_wconf 66' lang='grc' dir='ltr'><strong>ιι</strong></span> <span class='ocrx_word' id='word_1_786' title='bbox 1179 2046 1355 2080; x_wconf 74' lang='lat' dir='ltr'><strong>grammatico</strong></span> <span class='ocrx_word' id='word_1_787' title='bbox 1371 2046 1487 2080; x_wconf 83' lang='lat' dir='ltr'><strong>quodam</strong></span> <span class='ocrx_word' id='word_1_788' title='bbox 1504 2046 1665 2078; x_wconf 76' lang='lat' dir='ltr'><strong>exhibitum,</strong></span> <span class='ocrx_word' id='word_1_789' title='bbox 1678 2047 1785 2079; x_wconf 85' lang='lat' dir='ltr'><strong>eodem,</strong></span> 
     </span>
    </p>
   </div>
   <div class='ocr_carea' id='block_1_100' title="bbox 995 2081 1783 2125">
    <p class='ocr_par' dir='ltr' id='par_1_100' title="bbox 995 2081 1783 2125">
     <span class='ocr_line' id='line_1_100' title="bbox 995 2081 1783 2125; baseline 0.003 -8"><span class='ocrx_word' id='word_1_790' title='bbox 995 2098 1048 2124; x_wconf 86' lang='lat' dir='ltr'><strong>quo</strong></span> <span class='ocrx_word' id='word_1_791' title='bbox 1073 2091 1147 2118; x_wconf 91' lang='lat' dir='ltr'><strong>illum</strong></span> <span class='ocrx_word' id='word_1_792' title='bbox 1171 2092 1267 2119; x_wconf 81' lang='lat' dir='ltr'><strong>excudi</strong></span> <span class='ocrx_word' id='word_1_793' title='bbox 1291 2092 1393 2119; x_wconf 71' lang='lat' dir='ltr'><strong>curavit</strong></span> <span class='ocrx_word' id='word_1_794' title='bbox 1414 2092 1570 2124; x_wconf 83' lang='lat' dir='ltr'><strong>Verderius,</strong></span> <span class='ocrx_word' id='word_1_795' title='bbox 1590 2081 1783 2125; x_wconf 50' lang='lat' dir='ltr'><strong>modo\refert,</strong></span> 
     </span>
    </p>
   </div>
   <div class='ocr_carea' id='block_1_101' title="bbox 995 2137 1784 2174">
    <p class='ocr_par' dir='ltr' id='par_1_101' title="bbox 995 2137 1784 2174">
     <span class='ocr_line' id='line_1_101' title="bbox 995 2137 1784 2174; baseline 0.003 -11"><span class='ocrx_word' id='word_1_796' title='bbox 995 2137 1127 2171; x_wconf 85' lang='lat' dir='ltr'><strong>simulque</strong></span> <span class='ocrx_word' id='word_1_797' title='bbox 1145 2147 1160 2165; x_wconf 88' lang='lat' dir='ltr'><strong>a</strong></span> <span class='ocrx_word' id='word_1_798' title='bbox 1175 2138 1297 2165; x_wconf 67' lang='lat' dir='ltr'><strong>Caesareo</strong></span> <span class='ocrx_word' id='word_1_799' title='bbox 1313 2138 1396 2172; x_wconf 84' lang='lat' dir='ltr'><strong>hujus</strong></span> <span class='ocrx_word' id='word_1_800' title='bbox 1407 2138 1520 2174; x_wconf 81' lang='lat' dir='ltr'><strong>calalogi</strong></span> <span class='ocrx_word' id='word_1_801' title='bbox 1536 2138 1629 2166; x_wconf 85' lang='lat' dir='ltr'><strong>codice</strong></span> <span class='ocrx_word' id='word_1_802' title='bbox 1644 2138 1784 2166; x_wconf 76' lang='lat' dir='ltr'><strong>meliorem</strong></span> 
     </span>
    </p>
   </div>
   <div class='ocr_carea' id='block_1_102' title="bbox 995 2183 1784 2219">
    <p class='ocr_par' dir='ltr' id='par_1_102' title="bbox 995 2183 1784 2219">
     <span class='ocr_line' id='line_1_102' title="bbox 995 2183 1784 2219; baseline 0.001 -9"><span class='ocrx_word' id='word_1_803' title='bbox 995 2183 1086 2218; x_wconf 88' lang='lat' dir='ltr'><strong>adjicit</strong></span> <span class='ocrx_word' id='word_1_804' title='bbox 1105 2184 1278 2219; x_wconf 83' lang='lat' dir='ltr'><strong>scripturam.</strong></span> <span class='ocrx_word' id='word_1_805' title='bbox 1292 2183 1384 2219; x_wconf 84' lang='lat' dir='ltr'><strong>Itaque</strong></span> <span class='ocrx_word' id='word_1_806' title='bbox 1407 2185 1496 2211; x_wconf 84' lang='lat' dir='ltr'><strong>allatis</strong></span> <span class='ocrx_word' id='word_1_807' title='bbox 1512 2185 1707 2219; x_wconf 88' lang='lat' dir='ltr'><strong>compluribus,</strong></span> <span class='ocrx_word' id='word_1_808' title='bbox 1720 2185 1784 2219; x_wconf 91' lang='lat' dir='ltr'><strong>qui-</strong></span> 
     </span>
    </p>
   </div>
   <div class='ocr_carea' id='block_1_103' title="bbox 995 2229 1783 2265">
    <p class='ocr_par' dir='ltr' id='par_1_103' title="bbox 995 2229 1783 2265">
     <span class='ocr_line' id='line_1_103' title="bbox 995 2229 1783 2265; baseline 0.001 -9"><span class='ocrx_word' id='word_1_809' title='bbox 995 2229 1045 2257; x_wconf 90' lang='lat' dir='ltr'><strong>bus</strong></span> <span class='ocrx_word' id='word_1_810' title='bbox 1056 2231 1217 2257; x_wconf 86' lang='lat' dir='ltr'><strong>sententiam</strong></span> <span class='ocrx_word' id='word_1_811' title='bbox 1229 2230 1263 2257; x_wconf 77' lang='lat' dir='ltr'><strong>de</strong></span> <span class='ocrx_word' id='word_1_812' title='bbox 1273 2229 1394 2257; x_wconf 80' lang='lat' dir='ltr'><strong>Verdcrii</strong></span> <span class='ocrx_word' id='word_1_813' title='bbox 1412 2231 1574 2257; x_wconf 87' lang='lat' dir='ltr'><strong>bibliotheca</strong></span> <span class='ocrx_word' id='word_1_814' title='bbox 1589 2238 1665 2257; x_wconf 86' lang='lat' dir='ltr'><strong>suam</strong></span> <span class='ocrx_word' id='word_1_815' title='bbox 1678 2231 1783 2265; x_wconf 89' lang='lat' dir='ltr'><strong>probet,</strong></span> 
     </span>
    </p>
   </div>
   <div class='ocr_carea' id='block_1_104' title="bbox 996 2277 1783 2311">
    <p class='ocr_par' dir='ltr' id='par_1_104' title="bbox 996 2277 1783 2311">
     <span class='ocr_line' id='line_1_104' title="bbox 996 2277 1783 2311; baseline 0.004 -10"><span class='ocrx_word' id='word_1_816' title='bbox 996 2277 1126 2310; x_wconf 78' lang='lat' dir='ltr'><strong>exemplis</strong></span> <span class='ocrx_word' id='word_1_817' title='bbox 1141 2285 1167 2311; x_wconf 92' lang='lat' dir='ltr'><strong>p.</strong></span> <span class='ocrx_word' id='word_1_818' title='bbox 1182 2277 1240 2308; x_wconf 74' lang='lat' dir='ltr'><strong>HE),</strong></span> <span class='ocrx_word' id='word_1_819' title='bbox 1255 2277 1282 2303; x_wconf 88' lang='lat' dir='ltr'><strong>in</strong></span> <span class='ocrx_word' id='word_1_820' title='bbox 1294 2277 1366 2303; x_wconf 89' lang='lat' dir='ltr'><strong>hunc</strong></span> <span class='ocrx_word' id='word_1_821' title='bbox 1380 2277 1468 2311; x_wconf 80' lang='lat' dir='ltr'><strong>pergit</strong></span> <span class='ocrx_word' id='word_1_822' title='bbox 1479 2277 1588 2304; x_wconf 91' lang='lat' dir='ltr'><strong>modum</strong></span> <span class='ocrx_word' id='word_1_823' title='bbox 1601 2286 1608 2303; x_wconf 92' lang='lat'><strong>:</strong></span> <span class='ocrx_word' id='word_1_824' title='bbox 1625 2287 1634 2302; x_wconf 85' lang='grc'><strong><em>‹</em></strong></span> <span class='ocrx_word' id='word_1_825' title='bbox 1647 2277 1783 2311; x_wconf 71' lang='lat' dir='ltr'><strong>Epistolae,</strong></span> 
     </span>
    </p>
   </div>
   <div class='ocr_carea' id='block_1_105' title="bbox 997 2321 1785 2350">
    <p class='ocr_par' dir='ltr' id='par_1_105' title="bbox 997 2321 1785 2350">
     <span class='ocr_line' id='line_1_105' title="bbox 997 2321 1785 2350; baseline 0.003 -2"><span class='ocrx_word' id='word_1_826' title='bbox 997 2321 1092 2348; x_wconf 82' lang='lat' dir='ltr'><strong>lsidori</strong></span> <span class='ocrx_word' id='word_1_827' title='bbox 1108 2323 1163 2349; x_wconf 85' lang='lat' dir='ltr'><strong>Pel.</strong></span> <span class='ocrx_word' id='word_1_828' title='bbox 1179 2330 1293 2349; x_wconf 88' lang='lat' dir='ltr'><strong>numero</strong></span> <span class='ocrx_word' id='word_1_829' title='bbox 1310 2323 1381 2349; x_wconf 91' lang='lat' dir='ltr'><strong>mille</strong></span> <span class='ocrx_word' id='word_1_830' title='bbox 1397 2327 1423 2349; x_wconf 85' lang='lat' dir='ltr'><strong>et</strong></span> <span class='ocrx_word' id='word_1_831' title='bbox 1438 2324 1502 2350; x_wconf 88' lang='lat' dir='ltr'><strong>duo.</strong></span> <span class='ocrx_word' id='word_1_832' title='bbox 1515 2323 1542 2350; x_wconf 95' lang='lat' dir='ltr'><strong>In</strong></span> <span class='ocrx_word' id='word_1_833' title='bbox 1557 2323 1651 2350; x_wconf 87' lang='lat' dir='ltr'><strong>codice</strong></span> <span class='ocrx_word' id='word_1_834' title='bbox 1662 2322 1785 2350; x_wconf 68' lang='lat' dir='ltr'><strong>Caesareo</strong></span> 
     </span>
    </p>
   </div>
   <div class='ocr_carea' id='block_1_106' title="bbox 997 2368 1781 2403">
    <p class='ocr_par' dir='ltr' id='par_1_106' title="bbox 997 2368 1781 2403">
     <span class='ocr_line' id='line_1_106' title="bbox 997 2368 1781 2403; baseline 0 -9"><span class='ocrx_word' id='word_1_835' title='bbox 997 2368 1122 2395; x_wconf 88' lang='lat' dir='ltr'><strong>scribitur</strong></span> <span class='ocrx_word' id='word_1_836' title='bbox 1136 2369 1253 2403; x_wconf 74' lang='grc' dir='ltr'>χιλιάδες</span> <span class='ocrx_word' id='word_1_837' title='bbox 1276 2368 1323 2394; x_wconf 78' lang='grc' dir='ltr'><strong>δύο</strong></span> <span class='ocrx_word' id='word_1_838' title='bbox 1340 2369 1381 2395; x_wconf 74' lang='lat' dir='ltr'><strong>bis</strong></span> <span class='ocrx_word' id='word_1_839' title='bbox 1402 2369 1491 2401; x_wconf 87' lang='lat' dir='ltr'><strong>mille,</strong></span> <span class='ocrx_word' id='word_1_840' title='bbox 1510 2369 1568 2396; x_wconf 86' lang='lat' dir='ltr'><strong>sive</strong></span> <span class='ocrx_word' id='word_1_841' title='bbox 1590 2369 1645 2396; x_wconf 90' lang='lat' dir='ltr'><strong>duo</strong></span> <span class='ocrx_word' id='word_1_842' title='bbox 1662 2369 1754 2396; x_wconf 82' lang='lat' dir='ltr'><strong>millia.</strong></span> <span class='ocrx_word' id='word_1_843' title='bbox 1771 2378 1781 2394; x_wconf 76' lang='grc' dir='ltr'><strong>ι</strong></span> 
     </span>
    </p>
   </div>
   <div class='ocr_carea' id='block_1_107' title="bbox 1155 2425 1623 2454">
    <p class='ocr_par' dir='ltr' id='par_1_107' title="bbox 1155 2425 1623 2454">
     <span class='ocr_line' id='line_1_107' title="bbox 1155 2425 1623 2454; baseline 0.002 -1"><span class='ocrx_word' id='word_1_844' title='bbox 1155 2425 1259 2453; x_wconf 78' lang='lat' dir='ltr'><strong>Codices</strong></span> <span class='ocrx_word' id='word_1_845' title='bbox 1281 2426 1439 2453; x_wconf 72' lang='lat' dir='ltr'><strong>bibliotheca:</strong></span> <span class='ocrx_word' id='word_1_846' title='bbox 1458 2426 1623 2454; x_wconf 78' lang='lat' dir='ltr'><strong>Parisieusis.</strong></span> 
     </span>
    </p>
   </div>
   <div class='ocr_carea' id='block_1_108' title="bbox 1031 2483 1783 2518">
    <p class='ocr_par' dir='ltr' id='par_1_108' title="bbox 1031 2483 1783 2518">
     <span class='ocr_line' id='line_1_108' title="bbox 1031 2483 1783 2518; baseline 0.003 -9"><span class='ocrx_word' id='word_1_847' title='bbox 1031 2483 1096 2509; x_wconf 86' lang='lat' dir='ltr'><strong>Cod.</strong></span> <span class='ocrx_word' id='word_1_848' title='bbox 1115 2491 1272 2510; x_wconf 73' lang='lat' dir='ltr'><strong>uoeccxxxn</strong></span> <span class='ocrx_word' id='word_1_849' title='bbox 1289 2484 1410 2510; x_wconf 88' lang='lat' dir='ltr'><strong>continet</strong></span> <span class='ocrx_word' id='word_1_850' title='bbox 1427 2492 1490 2518; x_wconf 86' lang='lat' dir='ltr'><strong>epp.</strong></span> <span class='ocrx_word' id='word_1_851' title='bbox 1510 2484 1589 2516; x_wconf 70' lang='lat' dir='ltr'><strong>12l5,</strong></span> <span class='ocrx_word' id='word_1_852' title='bbox 1606 2484 1682 2518; x_wconf 87' lang='lat' dir='ltr'><strong>isque</strong></span> <span class='ocrx_word' id='word_1_853' title='bbox 1699 2485 1783 2512; x_wconf 74' lang='lat' dir='ltr'><strong>codex</strong></span> 
     </span>
    </p>
   </div>
   <div class='ocr_carea' id='block_1_109' title="bbox 996 2529 1783 2558">
    <p class='ocr_par' dir='ltr' id='par_1_109' title="bbox 996 2529 1783 2558">
     <span class='ocr_line' id='line_1_109' title="bbox 996 2529 1783 2558; baseline 0.003 -3"><span class='ocrx_word' id='word_1_854' title='bbox 996 2529 1094 2556; x_wconf 78' lang='lat' dir='ltr'><strong>szceuio</strong></span> <span class='ocrx_word' id='word_1_855' title='bbox 1124 2529 1181 2556; x_wconf 66' lang='lat' dir='ltr'><strong>Xlll</strong></span> <span class='ocrx_word' id='word_1_856' title='bbox 1197 2534 1322 2557; x_wconf 78' lang='lat' dir='ltr'><strong>exaratus</strong></span> <span class='ocrx_word' id='word_1_857' title='bbox 1335 2529 1441 2557; x_wconf 88' lang='lat' dir='ltr'><strong>dicitur.</strong></span> <span class='ocrx_word' id='word_1_858' title='bbox 1453 2545 1487 2550; x_wconf 84' lang='lat'><strong>———</strong></span> <span class='ocrx_word' id='word_1_859' title='bbox 1499 2529 1540 2558; x_wconf 83' lang='lat' dir='ltr'><strong>Cf.</strong></span> <span class='ocrx_word' id='word_1_860' title='bbox 1555 2530 1706 2558; x_wconf 75' lang='lat' dir='ltr'><strong>Montefalc.</strong></span> <span class='ocrx_word' id='word_1_861' title='bbox 1716 2530 1783 2557; x_wconf 81' lang='lat' dir='ltr'><strong>Bibl.</strong></span> 
     </span>
    </p>
   </div>
   <div class='ocr_carea' id='block_1_110' title="bbox 997 2575 1390 2610">
    <p class='ocr_par' dir='ltr' id='par_1_110' title="bbox 997 2575 1390 2610">
     <span class='ocr_line' id='line_1_110' title="bbox 997 2575 1390 2610; baseline 0 -8"><span class='ocrx_word' id='word_1_862' title='bbox 997 2575 1056 2602; x_wconf 83' lang='lat' dir='ltr'><strong>bibl.</strong></span> <span class='ocrx_word' id='word_1_863' title='bbox 1076 2584 1100 2610; x_wconf 90' lang='lat' dir='ltr'><strong>p.</strong></span> <span class='ocrx_word' id='word_1_864' title='bbox 1116 2576 1177 2606; x_wconf 75' lang='lat'><strong>752,</strong></span> <span class='ocrx_word' id='word_1_865' title='bbox 1193 2575 1224 2607; x_wconf 89' lang='lat' dir='ltr'><strong>A,</strong></span> <span class='ocrx_word' id='word_1_866' title='bbox 1238 2583 1265 2609; x_wconf 81' lang='grc' dir='ltr'><strong>ι).</strong></span> <span class='ocrx_word' id='word_1_867' title='bbox 1283 2576 1342 2607; x_wconf 77' lang='lat'><strong>775,</strong></span> <span class='ocrx_word' id='word_1_868' title='bbox 1360 2575 1390 2601; x_wconf 84' lang='grc' dir='ltr'><strong>Ι).</strong></span> 
     </span>
    </p>
   </div>
   <div class='ocr_carea' id='block_1_111' title="bbox 1031 2621 1784 2657">
    <p class='ocr_par' dir='ltr' id='par_1_111' title="bbox 1031 2621 1784 2657">
     <span class='ocr_line' id='line_1_111' title="bbox 1031 2621 1784 2657; baseline 0.001 -10"><span class='ocrx_word' id='word_1_869' title='bbox 1031 2622 1097 2648; x_wconf 86' lang='lat' dir='ltr'><strong>Cod.</strong></span> <span class='ocrx_word' id='word_1_870' title='bbox 1106 2629 1274 2653; x_wconf 79' lang='lat' dir='ltr'><strong>occcccxux,</strong></span> <span class='ocrx_word' id='word_1_871' title='bbox 1287 2630 1348 2656; x_wconf 89' lang='lat' dir='ltr'><strong>epp.</strong></span> <span class='ocrx_word' id='word_1_872' title='bbox 1358 2622 1510 2657; x_wconf 86' lang='lat' dir='ltr'><strong>aliquot.—</strong></span> <span class='ocrx_word' id='word_1_873' title='bbox 1519 2622 1560 2650; x_wconf 77' lang='lat' dir='ltr'><strong>Cf.</strong></span> <span class='ocrx_word' id='word_1_874' title='bbox 1572 2621 1722 2650; x_wconf 79' lang='lat' dir='ltr'><strong>Montefalc.</strong></span> <span class='ocrx_word' id='word_1_875' title='bbox 1733 2621 1750 2648; x_wconf 93' lang='lat' dir='ltr'><strong>l.</strong></span> <span class='ocrx_word' id='word_1_876' title='bbox 1764 2630 1784 2648; x_wconf 84' lang='grc' dir='ltr'>ι.</span> 
     </span>
    </p>
   </div>
   <div class='ocr_carea' id='block_1_112' title="bbox 997 2669 1147 2702">
    <p class='ocr_par' dir='ltr' id='par_1_112' title="bbox 997 2669 1147 2702">
     <span class='ocr_line' id='line_1_112' title="bbox 997 2669 1147 2702; baseline 0 -8"><span class='ocrx_word' id='word_1_877' title='bbox 997 2676 1024 2702; x_wconf 87' lang='lat' dir='ltr'><strong>p.</strong></span> <span class='ocrx_word' id='word_1_878' title='bbox 1040 2669 1147 2700; x_wconf 74' lang='lat' dir='ltr'><strong>731,A.</strong></span> 
     </span>
    </p>
   </div>
   <div class='ocr_carea' id='block_1_113' title="bbox 1031 2714 1485 2749">
    <p class='ocr_par' dir='ltr' id='par_1_113' title="bbox 1031 2714 1485 2749">
     <span class='ocr_line' id='line_1_113' title="bbox 1031 2714 1485 2749; baseline 0.002 -9"><span class='ocrx_word' id='word_1_879' title='bbox 1031 2714 1095 2740; x_wconf 59' lang='lat' dir='ltr'><strong>Cod.</strong></span> <span class='ocrx_word' id='word_1_880' title='bbox 1111 2722 1272 2745; x_wconf 70' lang='lat' dir='ltr'><strong>nccccuvn.</strong></span> <span class='ocrx_word' id='word_1_881' title='bbox 1287 2723 1316 2742; x_wconf 91' lang='lat' dir='ltr'><strong>n.</strong></span> <span class='ocrx_word' id='word_1_882' title='bbox 1333 2723 1367 2741; x_wconf 72' lang='lat' dir='ltr'><strong>lx.</strong></span> <span class='ocrx_word' id='word_1_883' title='bbox 1381 2722 1443 2749; x_wconf 87' lang='lat' dir='ltr'><strong>epp.</strong></span> <span class='ocrx_word' id='word_1_884' title='bbox 1460 2715 1485 2741; x_wconf 89' lang='lat'><strong>7.</strong></span> 
     </span>
    </p>
   </div>
   <div class='ocr_carea' id='block_1_114' title="bbox 1031 2758 1770 2795">
    <p class='ocr_par' dir='ltr' id='par_1_114' title="bbox 1031 2758 1770 2795">
     <span class='ocr_line' id='line_1_114' title="bbox 1031 2758 1770 2795; baseline -0.003 -8"><span class='ocrx_word' id='word_1_885' title='bbox 1031 2760 1098 2787; x_wconf 83' lang='lat' dir='ltr'><strong>Cod.</strong></span> <span class='ocrx_word' id='word_1_886' title='bbox 1113 2768 1217 2791; x_wconf 75' lang='lat' dir='ltr'><strong>nccux,</strong></span> <span class='ocrx_word' id='word_1_887' title='bbox 1233 2759 1324 2787; x_wconf 88' lang='lat' dir='ltr'><strong>lsidori</strong></span> <span class='ocrx_word' id='word_1_888' title='bbox 1342 2760 1520 2795; x_wconf 81' lang='lat' dir='ltr'><strong>fragmentum</strong></span> <span class='ocrx_word' id='word_1_889' title='bbox 1541 2760 1574 2786; x_wconf 90' lang='lat' dir='ltr'><strong>de</strong></span> <span class='ocrx_word' id='word_1_890' title='bbox 1597 2758 1673 2785; x_wconf 89' lang='lat' dir='ltr'><strong>libris</strong></span> <span class='ocrx_word' id='word_1_891' title='bbox 1697 2765 1770 2785; x_wconf 86' lang='lat' dir='ltr'><strong>cano</strong></span> 
     </span>
    </p>
   </div>
   <div class='ocr_carea' id='block_1_115' title="bbox 997 2803 1783 2841">
    <p class='ocr_par' dir='ltr' id='par_1_115' title="bbox 997 2803 1783 2841">
     <span class='ocr_line' id='line_1_115' title="bbox 997 2803 1783 2841; baseline -0.004 -7"><span class='ocrx_word' id='word_1_892' title='bbox 997 2807 1073 2834; x_wconf 84' lang='lat' dir='ltr'><strong>nicis.</strong></span> <span class='ocrx_word' id='word_1_893' title='bbox 1104 2806 1137 2834; x_wconf 80' lang='lat' dir='ltr'><strong>cf.</strong></span> <span class='ocrx_word' id='word_1_894' title='bbox 1157 2806 1297 2841; x_wconf 73' lang='lat' dir='ltr'><strong>Appendix</strong></span> <span class='ocrx_word' id='word_1_895' title='bbox 1313 2806 1346 2834; x_wconf 88' lang='lat' dir='ltr'><strong>ad</strong></span> <span class='ocrx_word' id='word_1_896' title='bbox 1364 2806 1535 2833; x_wconf 76' lang='lat' dir='ltr'><strong>Catal.cooo.</strong></span> <span class='ocrx_word' id='word_1_897' title='bbox 1562 2803 1647 2831; x_wconf 78' lang='lat' dir='ltr'><strong>Paris.</strong></span> <span class='ocrx_word' id='word_1_898' title='bbox 1675 2803 1728 2830; x_wconf 86' lang='lat' dir='ltr'><strong>vol.</strong></span> <span class='ocrx_word' id='word_1_899' title='bbox 1753 2811 1783 2837; x_wconf 83' lang='lat' dir='ltr'><strong>ll,</strong></span> 
     </span>
    </p>
   </div>
   <div class='ocr_carea' id='block_1_116' title="bbox 998 2854 1103 2888">
    <p class='ocr_par' dir='ltr' id='par_1_116' title="bbox 998 2854 1103 2888">
     <span class='ocr_line' id='line_1_116' title="bbox 998 2854 1103 2888; baseline 0 -9"><span class='ocrx_word' id='word_1_900' title='bbox 998 2861 1024 2888; x_wconf 85' lang='lat' dir='ltr'><strong>p.</strong></span> <span class='ocrx_word' id='word_1_901' title='bbox 1041 2854 1103 2880; x_wconf 69' lang='grc' dir='ltr'>διο.</span> 
     </span>
    </p>
   </div>
   <div class='ocr_carea' id='block_1_117' title="bbox 1033 2895 1680 2932">
    <p class='ocr_par' dir='ltr' id='par_1_117' title="bbox 1033 2895 1680 2932">
     <span class='ocr_line' id='line_1_117' title="bbox 1033 2895 1680 2932; baseline -0.008 -6"><span class='ocrx_word' id='word_1_902' title='bbox 1033 2900 1099 2926; x_wconf 82' lang='lat' dir='ltr'><strong>Cod.</strong></span> <span class='ocrx_word' id='word_1_903' title='bbox 1117 2907 1264 2931; x_wconf 71' lang='lat' dir='ltr'><strong>uccctxxn,</strong></span> <span class='ocrx_word' id='word_1_904' title='bbox 1282 2907 1309 2925; x_wconf 82' lang='grc' dir='ltr'>η.</span> <span class='ocrx_word' id='word_1_905' title='bbox 1326 2898 1370 2930; x_wconf 75' lang='lat'><strong>28,</strong></span> <span class='ocrx_word' id='word_1_906' title='bbox 1385 2905 1427 2932; x_wconf 81' lang='lat' dir='ltr'><strong>ep.</strong></span> <span class='ocrx_word' id='word_1_907' title='bbox 1445 2897 1514 2928; x_wconf 71' lang='lat'><strong>5,11.</strong></span> <span class='ocrx_word' id='word_1_908' title='bbox 1536 2897 1580 2929; x_wconf 77' lang='grc'><strong>55,</strong></span> <span class='ocrx_word' id='word_1_909' title='bbox 1594 2904 1637 2930; x_wconf 78' lang='lat' dir='ltr'><strong>ep.</strong></span> <span class='ocrx_word' id='word_1_910' title='bbox 1656 2895 1680 2922; x_wconf 84' lang='grc'><strong>1.</strong></span> 
     </span>
    </p>
   </div>
  </div>
