2044 3173
223 139 259 169 ει
772 139 1107 170 COMMENTATIONIS
1124 139 1220 169 PARS
1235 139 1293 171 III.
1817 136 1852 170 81

227 196 352 224 tnstltnta
369 195 540 223 ethnicorum
559 196 625 222 deos
649 195 704 222 risu
727 195 833 231 dignos,
861 204 1012 232 eorumque
1028 199 1050 226 Α
1101 196 1221 224 Primum
1248 198 1345 232 igitur,
1372 196 1535 232 quibusnam
1565 199 1732 233 argumentis
1756 202 1851 225 contra

225 243 328 270 cultum
341 241 439 269 rationi
454 249 507 268 non
522 245 735 268 consentaneum
747 249 807 270 esse
822 247 936 269 conatur
947 250 1011 277 pro-

226 287 302 315 bare.
332 286 400 313 Cum
431 285 504 313 enim
536 293 569 312 ex
607 294 640 314 eo
681 287 820 322 quzesierit
849 287 1013 324 Theologius

226 331 415 363 scholasticus,
433 339 499 358 num
522 331 610 359 Graeci
628 333 741 360 deorum
764 337 878 360 matrem
893 335 1014 361 colentes

225 378 297 405 aliud
319 377 384 412 quid
406 378 548 410 docerent,
567 387 647 413 quam
663 379 823 412 Christiani,
836 381 883 416 qui
902 380 1012 408 Mariam

226 425 273 452 Dei
292 424 406 452 Matrem
430 426 585 458 crederent,
612 427 638 453 in
667 427 781 462 epistola
803 428 837 455 ad
857 429 931 456 hunc
952 429 1014 456 data

226 477 353 505 magnum
363 471 534 498 intercedere
542 472 672 499 audacter
685 472 802 500 allirmat
818 473 890 500 inter
906 478 1013 501 utrum-

226 522 278 550 que
293 514 390 551 dogma
410 516 568 544 diserimcn.
590 517 707 549 Etenim,
725 517 823 552 inquit,
845 518 932 545 Graeci
946 518 1013 546 deo-

226 567 286 587 rum
301 565 416 588 malrem
436 561 539 594 colunt,
557 569 616 596 quae
638 562 750 590 libidine
768 562 932 590 inflammata
946 571 1013 591 con-

227 605 301 640 cepit
319 609 346 633 et
360 606 475 641 peperit.
491 606 525 634 At
536 614 617 641 quam
633 615 684 634 nos
701 608 864 635 contitemur
880 608 1013 636 incarnati

230 650 277 678 Dei
294 650 418 685 Matrem,
436 660 468 679 ea
491 652 530 679 sic
548 653 684 688 concepit,
701 658 731 681 ut
745 661 796 681 nec
815 654 892 681 virile
908 662 1012 688 semen,

228 705 280 725 nec
302 697 377 725 labes
399 699 452 724 ulla
476 698 662 726 intercesserit
682 699 731 734 (a).
759 699 837 733 Quod
860 699 956 727 lsidori
981 701 1015 728 de

227 741 384 775 Graecorum
405 743 570 778 mythologia
589 743 733 778 judicium,
759 744 810 771 etsi
830 752 885 771 non
902 745 1015 772 omnino

229 792 318 823 potest
335 789 454 824 probari,
470 793 561 816 tamen
582 789 700 824 aliquam
718 797 784 817 sane
804 790 887 818 habet
900 798 1015 818 excusa-

231 834 342 862 tionem.
358 834 387 862 ld
398 843 473 868 vero,
485 836 557 870 quod
571 835 768 869 Christianum,
783 841 878 871 poetas
891 841 918 864 et
928 837 1016 865 histo-

229 879 300 907 ricos
308 880 454 916 legentem,
466 880 559 908 derisu
571 881 682 917 dignum
690 889 750 910 esse
757 882 905 910 arbitratur
916 883 960 911 ille
968 883 1014 919 (ὁ),
1033 871 1053 898 Β

228 923 289 951 duri
306 927 347 950 est
361 924 492 959 parvique
505 925 617 960 ingenii.

263 968 357 1004 Neque
381 969 537 997 Graecorum
560 971 772 1007 philosophiam,
791 973 825 1001 de
852 981 904 1008 qua
931 973 1018 1002 altero

228 1015 290 1042 loco
313 1016 448 1051 agendum
472 1021 529 1051 est,
549 1018 640 1053 magni
662 1019 778 1047 aestimat
798 1019 853 1047 ille.
872 1019 940 1047 Nam
965 1020 1017 1047 etsi

230 1062 370 1097 complura
393 1063 524 1098 Socratis,
545 1064 703 1101 Pythagora:
723 1070 751 1093 et
768 1066 888 1094 Platonis
905 1066 1017 1102 placita,

234 1111 264 1135 ut
284 1108 415 1144 deinceps
433 1110 477 1138 vel
504 1118 560 1138 uno
582 1112 708 1147 exemplo
725 1113 886 1144 ostendam,
915 1113 1018 1148 optima

231 1161 292 1181 esse
311 1155 447 1187 concedit,
466 1159 556 1184 tamen
571 1165 677 1191 omnes,
693 1157 739 1193 qui
759 1158 1016 1186 ratiocinationibus

231 1203 259 1226 et
283 1200 455 1235 syllogismis,
470 1202 535 1236 quid
550 1200 694 1230 honestum
710 1204 746 1231 sit
767 1208 795 1230 et
808 1204 885 1234 utile,
899 1211 960 1231 sese
977 1204 1019 1231 in-

232 1249 363 1274 venturos
385 1247 564 1280 arbitrentur,
586 1249 720 1284 ψυχικοὺς
742 1257 804 1277 esse
825 1250 945 1277 declarat
969 1250 1017 1285 (c).

232 1289 326 1326 Itaque
343 1293 463 1321 studium
477 1294 586 1329 quidem
603 1295 781 1330 philosophiae
795 1300 823 1323 et
848 1296 980 1324 librorum
1004 1304 1019 1324 a

233 1336 405 1373 philosophis
429 1339 646 1375 conscriptorum
674 1349 735 1368 cum
762 1349 846 1369 sacra}
872 1341 1020 1377 Scriptum

232 1381 350 1410 lectione
363 1388 436 1412 recte
450 1386 577 1422 conjungi
594 1394 673 1422 posse
697 1387 745 1421 (Δ),
769 1391 860 1414 tamen
882 1388 1020 1415 neminem

235 1435 362 1464 magnam
387 1436 420 1457 ex
443 1430 489 1457 illo
505 1435 698 1466 percepturum
721 1440 781 1459 esse
799 1433 943 1460 utilitatem
962 1433 1022 1460 fru-

235 1478 363 1509 ctumque
373 1476 418 1511 (e),
429 1481 503 1504 recte
517 1477 599 1505 statui
615 1486 695 1513 posse
706 1479 845 1514 opinatur.
857 1479 1020 1507 Auctoritati

1064 248 1121 274 eos,
1137 242 1183 276 qui
1199 241 1282 269 fatum
1298 242 1424 274 credunt,
1441 249 1507 269 usus
1526 242 1572 274 sit,
1590 242 1781 277 exponendum
1796 246 1848 269 est.

1064 287 1110 315 lsti
1126 295 1192 314 vero
1200 287 1364 323 philosophi,
1378 292 1408 315 ut
1420 289 1568 321 existimat,
1584 288 1679 315 falsam
1692 288 1726 315 de
1741 287 1853 314 numine

1064 334 1157 361 divino
1171 334 1271 362 habent
1284 335 1422 361 notionem
1434 342 1441 367 ;
1458 338 1581 361 statuunt
1595 334 1679 366 enim,
1695 334 1794 368 inquit,
1806 338 1854 360 aut

1065 379 1150 406 Deum
1162 387 1215 406 non
1227 387 1302 412 esse;
1317 384 1364 406 aut
1375 387 1436 407 esse
1446 379 1567 414 quidem,
1583 379 1630 406 sed
1643 387 1704 406 eum
1719 379 1850 406 mundum

1065 433 1120 452 non
1134 426 1301 458 condidisse,
1322 430 1380 457 aut,
1394 426 1416 453 si
1432 425 1596 459 condiderit,
1611 433 1664 451 non
1683 425 1851 460 gubernare;

1065 476 1122 503 aut,
1141 471 1163 498 si
1184 471 1327 507 gubernet,
1350 471 1424 499 vitiis
1440 470 1587 502 obiectari;
1614 475 1671 502 aut,
1698 470 1721 497 si
1735 477 1789 497 non
1804 470 1852 497 de-

1065 517 1191 550 lectetur,
1212 517 1357 552 imperium
1380 517 1440 544 aliis
1463 516 1647 549 concessisse;
1675 519 1732 547 aut,
1750 515 1773 542 si
1795 523 1852 542 non

1065 563 1241 595 concesserit,
1272 563 1357 590 invito
1371 567 1496 597 ereptum
1518 562 1620 594 fuisse;
1639 566 1695 594 aut,
1717 561 1739 588 si
1758 562 1782 588 ei
1798 568 1853 587 non

1066 613 1189 644 ereptum
1206 609 1252 641 sit,
1269 609 1408 644 improbos
1433 609 1525 636 ulcisci
1542 608 1631 640 nolle;
1649 611 1704 639 aut,
1727 607 1749 634 si
1777 607 1852 637 velit,

1066 662 1120 681 non
1135 661 1233 689 posse;
1254 659 1312 684 aut,
1325 653 1463 688 si‘possit,
1481 653 1567 680 otium
1589 652 1699 680 charius
1714 651 1815 678 habere
1828 655 1855 677 ct

1066 701 1222 736 antiquius;
1250 705 1307 734 aut,
1333 702 1356 728 si
1377 701 1428 728 hoc
1456 699 1567 728 charius
1597 706 1651 726 non
1680 698 1788 730 haheat,
1819 698 1854 724 ab

1067 752 1203 775 astrorum
1227 752 1302 775 motu
1324 747 1466 783 superari;
1488 750 1545 779 aut,
1571 745 1593 773 si
1618 752 1673 771 non
1699 748 1853 778 superetur,

1069 794 1184 821 inertem
1210 801 1242 820 ac
1256 794 1375 821 desidem
1404 800 1465 820 esse
1490 792 1559 820 velle
1580 807 1615 812 -—
1639 791 1746 825 aliaque
1771 790 1855 817 multa

1069 847 1145 875 aque
1158 839 1270 868 ridicula
1286 843 1313 867 et
1330 839 1432 874 inepta.
1445 853 1479 858 —
1497 838 1608 871 Verum,
1627 841 1657 864 ut
1678 837 1773 872 pergit,
1792 844 1856 863 cum

1069 885 1103 912 de
1127 885 1220 912 divino
1246 885 1359 911 numine
1382 884 1448 911 talia
1475 883 1651 919 praecipiant,
1678 882 1857 917 rejiciantquo

1069 938 1163 958 sanam
1180 935 1207 958 et
1218 938 1278 966 quae
1293 929 1392 957 rationi
1413 929 1539 957 convenit
1554 929 1587 955 de
1601 935 1634 956 eo
1645 933 1672 955 et
1682 927 1856 963 providentia

1069 976 1162 1004 divina
1177 975 1340 1007 doctrinam,
1357 983 1403 1002 eos
1418 974 1500 1002 etiam
1526 981 1623 1001 omnes
1646 972 1804 1007 disciplinas
1828 977 1857 999 et

1069 1025 1142 1048 artes
1157 1027 1372 1056 supervacancas
1390 1019 1499 1050 docere.
1519 1023 1600 1053 atque
1614 1026 1695 1045 omne
1715 1018 1785 1045 inter
1799 1017 1858 1044 vir-

1069 1071 1155 1094 tutem
1179 1071 1207 1094 et
1222 1065 1318 1093 vitium
1335 1065 1430 1092 tollere
1449 1068 1557 1099 oportet
1573 1063 1728 1091 discrimen.
1746 1063 1854 1090 Etenim

1070 1112 1092 1139 si
1107 1112 1192 1139 fatum
1215 1115 1323 1147 regnat,
1339 1118 1390 1138 nec
1407 1109 1588 1146 philosophiae
1605 1116 1685 1143 opera
1704 1108 1790 1136 danda
1804 1112 1857 1140 est,

1070 1166 1122 1186 nec
1142 1158 1215 1193 leges
1235 1157 1394 1189 condendae,
1417 1164 1468 1184 nec
1492 1156 1631 1191 iudicandi
1649 1163 1748 1182 munus
1769 1154 1853 1182 susci-

1070 1204 1210 1240 piendum,
1226 1211 1278 1231 nec
1292 1203 1402 1231 colenda
1416 1202 1559 1235 medicina,
1569 1209 1658 1236 neque
1674 1201 1859 1236 amplectenda

1071 1252 1167 1285 virtus,
1194 1259 1245 1279 nec
1269 1251 1364 1278 vitium
1390 1250 1557 1286 fugiendum.
1571 1264 1606 1269 —
1623 1249 1690 1282 Quis
1704 1253 1795 1276 autem
1812 1256 1860 1275 eo-

1072 1305 1143 1328 rum,
1161 1297 1208 1332 qui
1225 1297 1326 1324 mentis
1341 1299 1481 1331 compotes
1504 1300 1569 1323 sunt
1582 1299 1610 1322 et
1627 1293 1790 1330 prudentiae,
1807 1293 1860 1320 hoc

1072 1343 1159 1370 ferat?
1180 1342 1243 1377 quis
1270 1342 1380 1370 tandem
1408 1346 1462 1373 est.
1488 1341 1535 1376 qui
1560 1340 1679 1372 feminze,
1705 1348 1774 1374 qum,
1796 1346 1859 1366 cum

1071 1389 1162 1417 clavos
1177 1389 1203 1415 in
1219 1388 1345 1415 manibus
1357 1391 1444 1422 gerat.
1459 1386 1486 1414 in
1502 1387 1581 1422 globo
1597 1391 1658 1418 stet,
1673 1393 1762 1420 neque
1774 1385 1861 1412 oculis

1072 1436 1128 1463 suis
1144 1435 1183 1462 uti
1198 1434 1293 1469 possit,
1308 1434 1510 1465 crudelitatem,
1529 1433 1678 1460 cmcitatem
1692 1439 1748 1466 pra:
1761 1439 1790 1458 se
1808 1431 1862 1458 fert

1072 1484 1099 1507 et
1113 1479 1335 1511 inconstantiam,
1352 1478 1413 1513 quis
1433 1481 1483 1511 est,
1514 1478 1637 1512 inquam,
1654 1477 1698 1511 qui
1721 1477 1803 1511 hujus
1819 1475 1860 1502 fe-

235 1520 310 1547 enim
324 1521 559 1558 philosophorum,
571 1525 616 1553 ubi
632 1526 783 1554 doctrinam
802 1527 829 1554 in
845 1527 939 1554 Bibiiis
955 1535 1020 1562 pro-
1034 1542 1057 1573 ρ
1074 1526 1155 1553 ιιιίιιω
1178 1524 1291 1552 arbitrio
1312 1532 1356 1552 res
1382 1531 1445 1551 suas
1467 1523 1627 1558 permittat?
1642 1522 1718 1556 Quod
1737 1529 1799 1549 cum
1819 1521 1861 1548 vir

237 1566 351 1600 positam
374 1569 512 1604 rejiciunt,
527 1579 582 1598 non
598 1572 725 1605 multum,
745 1572 780 1600 de
800 1573 859 1608 eius
873 1573 1018 1606 sententia.

238 1611 412 1641 tribuendum
426 1620 468 1642 est
482 1617 524 1652 (Γ).

273 1657 410 1693 Imprimis
424 1668 488 1696 vero
504 1661 558 1689 duo
571 1667 635 1689 sunt
648 1662 806 1691 Graecorum
818 1663 916 1699 placita
928 1663 1024 1691 lsidori

240 1703 384 1732 Pelusiotae
407 1710 529 1741 tempore
550 1708 644 1735 multis
665 1713 788 1744 accepta,
812 1718 872 1744 qum
893 1710 975 1744 impia
998 1714 1025 1736 et

240 1757 371 1784 perquam
396 1754 478 1780 noxia
503 1754 643 1782 aestimans
671 1755 717 1782 ille
740 1756 869 1783 omnibus
900 1755 1025 1783 refellere

240 1799 356 1822 conatur
369 1796 490 1831 viribus;
513 1805 612 1833 nempe
625 1799 659 1826 de
679 1799 734 1827 fato
749 1804 777 1827 et
789 1801 888 1827 animae
902 1799 1024 1827 mortali-

240 1845 295 1868 tate
311 1842 472 1870 doetrinam.
490 1844 617 1879 Exposita
631 1851 721 1873 autem
742 1846 774 1873 de
794 1847 836 1873 his
853 1846 948 1873 lsidori
962 1853 1026 1873 sen-

242 1887 338 1919 tentia,
362 1895 486 1922 quaenam
502 1889 561 1924 ejus
576 1889 656 1918 fuerit
671 1896 766 1918 contra
788 1891 943 1918 Graecorum
968 1890 1027 1925 phi-

241 1931 370 1967 losophos
385 1933 541 1968 disputandi
555 1935 634 1968 ratio,
653 1936 761 1963 abunde
781 1936 833 1963 erit
850 1936 1026 1964 declaratum.

242 2008 298 2045 ιζτε
320 2009 352 2034 ἑκ
370 2009 416 2045 τοῦ
433 2009 514 2045 σοφος
529 2024 565 2029 -
588 2009 648 2038 cod.
678 2009 739 2037 Vat.
763 2011 825 2042 650,
852 2011 1028 2045 μουσικὸς-

244 2040 586 2079 cl\1at,:zu18uvartbraro;
605 2045 659 2070 τῶν
678 2045 776 2079 ταῦτα,
793 2040 830 2077 ὥξς
848 2040 926 2079 (pars,
945 2040 1028 2071 κάτοι-

246 2078 435 2115 σκξυςιζόντων
447 2079 463 2114 ἢ
483 2079 679 2113 σημαινόντων,
691 2080 774 2115 ἐχρῆν
786 2078 867 2107 αὑτὸν
878 2080 988 2115 ειδέναι.
997 2079 1028 2105 Et

245 2112 274 2150 ξὲ
284 2113 329 2150 βιὰ
344 2113 450 2150 πάντων
456 2112 575 2150 inin/ctu
582 2112 858 2150 δυστυχῶἶὲῲωράθη
866 2123 872 2130 ·
886 2114 1038 2145 παύσασθε,

244 2144 268 2174 ὦ
281 2147 438 2184 δεινρτστοι,
453 2144 535 2175 δι’⁷ὦν
551 2157 628 2183 φατε,
639 2144 929 2184 ὲᾰύτοὺέὲὶῖέγχόντες.

282 2183 393 2220 (a)_Lib.
409 2192 428 2215 ι,
445 2191 499 2220 ep.
514 2184 557 2211 54.
575 2185 606 2210 Tt
630 2185 760 2219 περισσὸν
778 2185 794 2220 ἢ
815 2183 955 2220 ἀλλότριον
979 2183 1029 2216 τῆς

245 2213 399 2259 ἠμίεέέρίξιςι
409 2213 633 2259 Emi-Lyncum;
647 2213 802 2259 δοξάζουσιν
812 2221 837 2246 ot
851 2213 1029 2259 nofurrlanvsjé
1045 2213 1066 2240 Ῑ)

247 2252 306 2288 καὶ
317 2252 443 2279 πολύθεοι
459 2252 600 2286 "arma,
612 2270 623 2275 -
641 2269 645 2274 -
659 2254 714 2288 jam
731 2255 855 2282 inserunt
871 2254 930 2282 Vat.
962 2254 1029 2285 649;

247 2292 276 2314 et
292 2287 356 2324 Bav.
373 2289 445 2324 εἱη-
459 2288 564 2324 μητέρα
578 2289 646 2315 Θεῶν
660 2287 872 2324 ἀναγράφουσιν,
888 2289 969 2316 ὁπότε
984 2289 1031 2315 καὶ

247 2323 536 2363 ἡμεῖς-Θεοῦ-μητξρσί
562 2323 737 2363 mare-30pm;
763 2339 799 2345 —-
817 2324 952 2363 ΔἝλληνες
982 2324 1031 2363 μὲν

247 2359 296 2394 τῂν
312 2357 365 2383 τῶν
379 2357 448 2394 θεῶν
465 2357 554 2385 αὐξῶν
561 2360 615 2394 γιεαὶ
629 2357 739 2385 ὑπάτων
756 2360 870 2394 μητέρα,
884 2360 914 2392 ἐξ
930 2359 1030 2386 ἀκολα-

249 2392 359 2433 σίας-τ
373 2393 437 2433 C0_d._
451 2393 503 2433 Alt_.
518 2392 622 2433 et‘vat.
644 2392 878 2433 649,_dxcldt_3j:uiv
888 2409 922 2414 —
934 2393 1031 2433 κα)...-

248 2427 320 2465 quod
335 2427 439 2465 Possini
451 2429 511 2455 cod.
522 2429 619 2463 aliquis
629 2429 772 2457 omittit—
783 2430 911 2465 ἀῤῥήτων
925 2428 1029 2465 παθῶν,

250 2461 296 2488 καὶ
314 2463 507 2498 συνειληφυῖαν
522 2461 724 2491 καῖ-τετοκυῖαν
737 2461 900 2499 ἐγνώρισαν,
921 2478 953 2484 -—
968 2464 1030 2490 cod.

248 2496 311 2523 Vat.
342 2496 403 2532 649.
432 2503 460 2525 el.
484 2499 536 2525 Alt.
566 2499 740 2532 ἀνέγνωσαν,
761 2515 795 2521 —
817 2500 893 2526 οὐδὲν
917 2499 958 2525 ὃτι
983 2492 1030 2524 λῖκ-

250 2520 460 2568 «έιῖεἲαξὲῗδὸςνῆ
474 2520 672 2568 ἀὶἦῖἇήςῖοὶἔᾶᾀῖ
671 2520 845 2570 ἧᾟπὲρᾲκτᾶᾇ
850 2520 1030 2560 12131156-

251 2574 311 2600 σαν,
335 2567 382 2594 fita
401 2567 529 2595 τοιούτων
560 2569 676 2604 μητέρα.
697 2570 729 2605 ἥν
754 2571 782 2596 δὲ
807 2570 887 2603 ἡμεῖς
906 2583 941 2589 -
968 2567 1029 2595 cod.

250 2599 315 2629 Bav.
336 2603 450 2629 μητέρα.
474 2604 568 2629 Ἡμεῖς
591 2605 620 2629 δὲ
641 2618 676 2624 --
693 2605 739 2629 τοῦ
763 2603 949 2629 σαοκωθέντοε
963 2601 1030 2629 Θεοῦ

250 2603 315 2629 Bav.
335 2603 450 2638 μητέρα.
474 2604 568 2638 Ἡμεῖς
591 2605 620 2630 δὲ
633 2603 676 2624 ⁷--
693 2603 739 2631 τοῦ
763 2603 949 2639 σαρκωθέντος
963 2603 1030 2629 Θεοῦ

249 2636 329 2681 ﬂ???
343 2638 691 2681 ιξνομένηνὲμολογοῦμεγ
712 2639 980 2681 μητέροῑωὶίονξξγξνῆ
997 2652 1031 2657 -

250 2677 301 2706 pro
317 2673 418 2716 quibus
433 2674 560 2714 omnibus
576 2679 665 2714 exstat
680 2673 718 2702 in'
731 2673 793 2702 cod.
813 2674 873 2701 Vat.
896 2673 958 2703 649,
970 2681 1032 2713 μη-

250 2705 327 2744 τέρα.
350 2707 405 2744 Την
421 2709 449 2735 δὲ
463 2717 510 2736 του
527 2710 593 2736 Θεου
611 2710 689 2744 ἡμῶν
714 2710 832 2744 μητέρα,
848 2709 986 2743 Μονογενη
998 2722 1032 2744 τ-

253 2716 327 2741 ςερσ..
354 2716 405 2743 ιην
421 2716 449 2735 οε
463 2717 510 2736 του
527 2716 593 2736 υεου
611 2716 689 2744 ημων
714 2717 832 2745 μητερα,
848 2716 986 2743 Μονογενη
998 2722 1030 2728 -—-

253 2742 300 2785 f3).
315 2743 479 2785 povd‘rpoxov
494 2744 799 2785 σρλλῃιξιν-δεξαμιξνην,
817 2744 903 2785 eradat
922 2756 958 2785 :-
968 2742 1030 2785 cod.

253 2774 320 2803 Dav.
337 2774 420 2805 πάλὰι
441 2794 476 2799 -
488 2779 541 2806 τῶν
555 2774 742 2813 ἅνδρὼπὼνάἱ
753 2774 844 2812 faveat
858 2779 906 2805 σὺν
919 2778 1033 2813 ἀληθείᾳ

253 2810 421 2846 ὶπέγνωσαν,
450 2813 511 2842 οὔτε
527 2815 631 2846 σπορᾶς
653 2814 813 2846 γενομένης,
840 2813 902 2840 οὔτε
929 2813 1031 2846 φθορᾶς

255 2820 421 2846 ιπεγνωσαν,
450 2820 511 2842 oon
527 2820 631 2850 σπορᾶς
653 2820 813 2875 γενομενᾎς,
840 2820 902 2840 olm
929 2820 1028 2848 φυορας

255 2848 461 2885 μεσιτιυσάσης.
477 2865 509 2870 -—
524 2849 589 2878 Cod.
605 2849 669 2878 Bav.
681 2848 741 2876 οὔτε
755 2858 778 2884 φη
791 2849 854 2885 opai;
873 2847 1028 2884 γενομένης,

1074 1577 1158 1598 sanus
1171 1569 1261 1597 facere
1276 1569 1400 1604 profecto
1414 1569 1493 1601 nolit,
1513 1568 1732 1596 Christianorum
1751 1568 1784 1595 de
1797 1575 1862 1602 pio-

1074 1616 1193 1643 videntia
1214 1615 1310 1651 dogma
1331 1615 1402 1642 haud
1431 1614 1512 1642 dubie
1535 1613 1736 1648 suscipiendum
1761 1617 1812 1640 cst.
1830 1626 1863 1632 —

1074 1661 1135 1689 lstis
1148 1669 1211 1688 vero
1225 1661 1418 1696 quaerentibus,
1443 1661 1482 1687 sic
1498 1660 1571 1687 enim
1589 1659 1686 1693 pergit,
1704 1660 1747 1694 qui
1762 1658 1816 1690 ﬁat,
1833 1662 1864 1685 ut

1075 1707 1197 1734 nonnulli
1213 1707 1287 1735 vitiis
1306 1707 1462 1734 laborantes
1478 1706 1584 1740 magnis
1601 1705 1700 1740 opibus
1717 1705 1862 1740 gaudeant,

1075 1751 1208 1787 multique
1228 1753 1329 1779 virtute
1353 1752 1517 1779 excellentes
1537 1751 1704 1787 gravissimis
1729 1754 1864 1778 vexentur

1076 1799 1286 1831 calamitatibus,
1302 1799 1453 1833 respondeo
1477 1798 1590 1829 multos,
1600 1798 1646 1832 qui
1659 1797 1775 1824 crimina
1789 1804 1865 1824 com-

1079 1844 1212 1876 miserint,
1226 1844 1282 1879 jam
1307 1844 1359 1870 hac
1373 1844 1399 1870 in
1414 1848 1486 1870 terra
1510 1843 1609 1877 pmnis,
1626 1843 1781 1877 multosque
1806 1841 1863 1868 vir-

1078 1895 1135 1918 tute
1152 1891 1271 1924 insignes
1286 1890 1405 1925 prazmiis
1425 1889 1511 1922 allici,
1537 1889 1667 1916 scelestos
1683 1896 1747 1916 vero
1761 1887 1863 1922 judicia

1078 1936 1107 1963 in
1122 1936 1172 1963 hac
1187 1936 1243 1963 vita
1266 1935 1438 1971 etlugientes,
1454 1935 1481 1962 in
1500 1934 1591 1962 futura
1610 1942 1718 1970 poenam
1739 1934 1862 1964 daturos,

1076 2009 1138 2036 οὔτε
1152 2010 1266 2045 σπορᾶς.

1120 2045 1156 2079 (b)
1175 2042 1233 2071 Lib.
1252 2054 1270 2077 I,
1286 2053 1329 2080 ep.
1351 2045 1385 2071 63
1402 2054 1407 2071 :
1425 2046 1472 2076 Τις
1492 2054 1521 2071 σε
1536 2046 1567 2072 οὐ
1587 2042 1862 2080 κωμῳδήσξιςγτὶς-σε

1077 2079 1130 2116 0'th
1140 2079 1256 2116 Elaﬁum,
1274 2078 1310 2116 ὲν
1323 2080 1427 2116 γαλήνῃ
1443 2080 1600 2116 φιλοσοφξας
1621 2079 1675 2116 τῶν
1690 2079 1735 2116 τοῦ
1760 2078 1862 2116 Κυριορδ

1081 2113 1209 2149 μαθητῶν
1226 2129 1260 2134 —-
1274 2115 1353 2142 Chal.
1373 2113 1479 2141 τδεῖτοῦ
1494 2115 1596 2149 Κυρίου
1620 2113 1742 2149 μαθητὴν
1755 2127 1787 2132 --
1802 2113 1865 2138 καθ.

1079 2148 1216 2185 ὲζόμὲνον,
1233 2151 1280 2176 καὶ
1291 2150 1404 2185 θόρυϐον
1418 2150 1466 2176 καὶ
1481 2148 1602 2184 βρασμὸν
1621 2148 1782 2184 Ἑλληνικῶν
1798 2156 1864 2185 σογτ

1080 2184 1205 2219 γραφέων
1220 2185 1267 2211 καὶ
1287 2183 1407 2220 ποιητῶν
1430 2183 1630 2219 ὲςρελᾷιόμενονς
1656 2185 1687 2211 Τί
1712 2184 1776 2219 γὰρ,
1804 2183 1864 2220 εἰπέ

1103 2228 1137 2250 οι,
1152 2221 1217 2253 παρ’
1240 2218 1354 2251 ὲκείνοιξ
1373 2220 1499 2246 τῶνκαθ’
1517 2221 1590 2254 ἡμᾶς
1610 2218 1822 2254 προτιμοτέρον;
1837 2218 1864 2244 τί

1081 2228 1137 2280 ἔοι,
1152 2228 1216 2253 παρ
1240 2228 1354 2251 εκεινοις
1373 2228 1426 2246 των
1439 2228 1490 2246 xw
1517 2228 1590 2254 τ,μας
1610 2228 1822 2253 προτιμοτερον;
1837 2228 1864 2244 τι

1097 2255 1109 2280 ὲ
1124 2255 1153 2280 οὐ
1168 2254 1282 2288 ψεύδους
1305 2255 1385 2288 γέμει
1409 2255 1457 2281 καὶ
1472 2254 1599 2288 γέλωτος,
1616 2253 1653 2281 ὧν
1668 2256 1765 2280 ἐκεῖνοι
1779 2261 1864 2279 σπου-

1080 2288 1222 2320 δάζουσιν;
1239 2290 1293 2324 οὐχ
1303 2290 1330 2316 αἱ
1342 2290 1467 2324 θεότητες
1478 2291 1509 2316 ἐκ
1520 2289 1613 2316 παθῶν
1623 2299 1629 2321 ς
1638 2291 1686 2323 οὐχ
1701 2290 1728 2315 αἱ
1744 2288 1864 2322 ἀνδρεῖαι

1081 2324 1152 2359 ὑπὲρ
1165 2323 1333 2359 παθῶνςούχ
1343 2325 1368 2350 οἱ
1379 2325 1484 2358 ἀγῶνες
1492 2324 1562 2359 ῥπὲρ
1576 2325 1682 2352 —cod.
1697 2324 1748 2350 Alt.
1767 2323 1865 2359 αἰῶνες

1080 2359 1124 2392 δεὰ
1136 2357 1168 2379 '—
1184 2358 1295 2392 παθῶν;
1312 2357 1378 2387 Cod.
1395 2359 1456 2386 Bav.
1472 2358 1509 2387 Οὖ
1520 2357 1707 2392 κάὶνθεότητες
1717 2360 1748 2384 ὲκ
1759 2357 1864 2389 παθῶν,

1080 2389 1111 2420 οὗ
1128 2393 1175 2429 μεᾳὶ
1189 2389 1310 2428 ἀνδρεῐὰι
1331 2395 1400 2429 ὑπὲρ
1426 2395 1529 2424 παθῶν,
1552 2391 1582 2420 οὗ
1600 2395 1646 2421 καὶ
1656 2389 1685 2420 ὀἱ
1698 2389 1804 2426 ἆγῶνες
1821 2392 1866 2429 διὰ

1082 2428 1186 2464 παθῶν.
1204 2443 1239 2448 -
1257 2429 1342 2463 Φεῧγε
1367 2428 1457 2455 τοίνυν
1480 2431 1527 2464 καὶ
1553 2430 1603 2464 τὴν
1632 2430 1785 2464 ἀνάγνωσιν
1815 2428 1865 2464 τῆς

1081 2463 1269 2498 αἱσχρότητος.
1293 2464 1392 2496 Δεινῶς
1410 2465 1463 2499 γὰρ
1476 2463 1546 2490 οἶδεν
1567 2463 1738 2498 ἀεναστομοῦν
1753 2477 1788 2483 ——
1801 2463 1863 2499 cod.

1081 2497 1315 2534 ΛΙι.⁷⁷ἁνασῖομεῖν
1335 2513 1370 2519 -
1388 2497 1454 2530 τοὺέ
1467 2499 1522 2525 τῶν
1540 2497 1704 2534 τραυμάτὼν
1732 2497 1864 2534 σρνουλῲ-

1083 2541 1182 2564 adv-cat;
1197 2532 1334 2567 μώλὼπας
1346 2541 1352 2547 ·
1368 2534 1472 2569 μήποτε
1484 2532 1639 2569 ὑποσέρέᾇῃ
1654 2534 1684 2560 τὸ
1697 2532 1805 2569 πνεῦμ-οι
1816 2533 1866 2567 τῆς

1082 2566 1214 2604 πονηρίας
1228 2566 1421 2604 σψοδρότερον,
1439 2569 1493 2604 νκαὶ
1520 2566 1686 2604 χείρονζῖσοι
1707 2568 1756 2603 τὴν
1780 2566 1864 2603 ἧτταν

1082 2603 1131 2637 τῆς
1145 2602 1282 2665 ipa-telae;
1297 2602 1409 2638 ἀγνοίας
1431 2603 1446 2638 ἢ
1464 2602 1599 2639 egeam;
1613 2605 1775 2639 ἐργάσηται.

1117 2637 1152 2672 (c)
1191 2639 1226 2666 ib.
1242 2646 1278 2670 IV,
1293 2647 1337 2672 ep.
1355 2639 1416 2666 127.
1635 2671 1639 2672 γ

1129 2639 1152 2670 ε)
1168 2639 1226 2666 Lib.
1242 2646 1278 2670 IV,
1293 2647 1337 2670 ep.
1355 2639 1416 2666 127.

1118 2637 1152 2699 (9
1168 2637 1278 2679 Li'b.'tv,
1293 2647 1337 2673 ep.
1355 2639 1416 2666 127.
1442 2637 1446 2638 ⁷
1465 2637 1469 2639 ⁷
1485 2637 1491 2639 ⁷
1536 2637 1541 2638 ⁷
1632 2637 1635 2638 ⁷
1713 2637 1717 2639 ⁷

1118 2675 1126 2707 (
1147 2674 1156 2709 )
1173 2673 1232 2701 Lib.
1249 2681 1279 2704 ιι.
1294 2682 1338 2709 ep.
1354 2674 1372 2702 5
1390 2682 1397 2700 :
1412 2673 1538 2709 έ-Ὂσον
1555 2673 1603 2708 μὲν
1617 2671 1663 2700 οὖν
1677 2673 1810 2709 χρήσιμον
1825 2671 1866 2703 εις

1082 2707 1130 2744 ’ξῆν
1144 2707 1204 2735 ὀιαθ¹
1220 2709 1291 2744 ἡμᾶς
1309 2707 1465 2743 ᾣιλοσοφίαν
1477 2709 1507 2734 ὲκ
1515 2707 1564 2743 τῆξ
1578 2708 1677 2741 ἔξωθεν
1687 2707 1864 2744 παιδεύσεωί,

1082 2741 1204 2778 ὥσπερὴ
1229 2741 1340 2777 (iisiis-Eat
1364 2741 1549 2778 δρεψάμενοςλ
1574 2743 1658 2770 πολλὰ
1680 2743 1744 2777 γὰρ,
1762 2743 1786 2768 ει
1812 2741 1865 2778 χρὴ

1082 2776 1183 2814 τάληθῆ
1195 2776 1293 2812 λέῇειν,
1302 2776 1400 2814 ἀρετῆς
1414 2776 1506 2806 Evr.er
1513 2776 1755 2814 πεφιλοσοφήκασι,
1765 2785 1790 2804 κ.
1803 2785 1827 2804 τ.
1838 2776 1864 2803 λέ

1118 2788 1183 2847 i3“?
1195 2788 1293 2840 ié’i‘vv'
1301 2788 1424 2848 ἕξετιηὶοε

1120 2844 1152 2884 (ί)
1168 2847 1227 2876 Lib.
1244 2844 1284 2881 nt,
1306 2844 1348 2883 e'p.
1368 2847 1411 2875 57.
