2044 3173
167 158 202 189 89
807 162 952 195 ISIDORI
973 166 1172 198 DOCTRINA.
1763 174 1797 204 90

167 213 304 246 Aristidis,
320 213 514 248 Epaminondae
526 234 533 247 ,
548 214 647 248 Cratis,
667 215 821 250 Phocionis,
837 219 957 247 Platonis
971 222 995 250 Α
1007 222 1127 249 minibus
1152 222 1342 251 demandatam
1353 245 1360 257 ,
1388 224 1464 252 brevi
1488 226 1618 261 temporis
1634 227 1721 262 spatio
1744 228 1796 257 late

166 260 335 294 aliorumque
345 260 540 288 auctoritatem
554 262 676 296 opponit.

203 305 288 332 Simili
311 305 391 332 modo
416 310 515 333 contra
539 313 586 334 eos
608 307 678 342 agit,
703 309 749 343 qui
772 310 957 344 apostolorum

168 352 318 379 doctrinam
340 358 395 378 non
416 351 539 379 divinam
560 360 619 381 esse
643 361 675 381 ex
692 355 766 382 tenui
792 356 898 384 illorum
914 365 958 393 ge-

168 404 232 424 nere
242 396 379 424 scribendi
393 396 573 432 collegarum.
594 398 625 425 Hi
640 399 723 432 enim,
736 400 769 428 de
787 401 881 428 lsidori
895 410 958 430 sen-

169 442 260 474 tentia,
273 450 334 469 eum
358 442 532 477 philosophis
546 447 574 470 et
596 444 700 478 poetis,
721 445 819 480 quibus
842 447 957 475 maxima

167 484 237 520 apud
260 483 368 512 Graecos
383 484 468 519 gloria
485 489 528 512 est
542 489 569 512 et
583 487 740 518 auctoritas,
759 487 872 516 minime
884 497 954 516 con-

168 529 308 563 sentiunt;
329 537 392 556 cum
415 529 544 558 Socrates
562 531 634 565 apud
657 530 797 560 Platonem
818 539 956 569 comptam

167 575 316 602 orationem
341 574 507 610 philosopho
530 575 666 611 indignam
691 585 752 605 esse
780 584 908 613 censeat,
930 585 958 608 et

169 620 301 648 llomerus
314 625 394 655 poeta
405 621 516 649 divinus
527 629 579 649 non
589 629 650 650 esse
660 630 773 651 necesse
786 624 915 659 declaret,
928 631 958 654 ut

167 674 258 694 rerum
273 666 427 694 divinarum
442 667 569 695 doctores
582 667 624 695 vel
640 668 690 695 viri
701 668 816 704 alicujus
831 670 958 706 discipuli

166 712 230 745 sint,
240 713 283 739 vel
300 712 450 740 humanam
462 713 597 748 cognitam
611 713 729 741 habeant
738 715 897 750 sapientiam
907 717 956 752 (a).

200 766 254 794 Sed
268 767 314 802 qui
329 775 384 794 non
400 772 456 795 tam
474 772 568 795 contra
583 769 776 797 celeberrimos
794 776 880 805 agunt
894 779 959 807 poe-

167 817 208 841 tas
231 818 258 841 et
279 814 478 849 philosophos,
502 822 582 849 quam
608 819 702 842 contra
724 823 785 843 sese
811 817 960 852 loquuntur

165 861 232 897 ipsi,
256 861 318 896 jure
336 861 498 889 deridentur
518 863 552 890 ab
566 863 703 890 omnibus.
726 863 766 891 Ita
791 864 819 891 in
842 865 955 900 epistola

164 907 199 935 ad
224 907 413 943 Esculapium
436 908 584 943 sophistam
601 909 637 944 (ὁ)
660 914 754 937 narrat
776 909 911 942 Isidorus,
927 919 956 939 se

165 953 310 988 aliquando
335 961 397 980 cum
423 953 588 989 philosopho
612 954 722 989 Graeco,
750 963 874 991 magnam
899 957 956 984 elo-

163 997 283 1032 quentiae
305 997 420 1032 gloriam
438 998 551 1032 adepto,
570 998 665 1027 iniisse
681 1005 838 1034 certamen;
856 1009 955 1036 seque,

165 1050 226 1070 cum
242 1043 287 1069 ille
302 1043 380 1077 plura
394 1043 429 1070 de
441 1043 506 1070 Jesu
520 1043 622 1072 Christi
645 1046 810 1074 cruciatibus
824 1050 852 1074 et
868 1052 956 1075 morte

164 1088 252 1123 palam
263 1087 387 1120 dixisset,
403 1088 609 1124 orationemque
623 1090 695 1118 illius
710 1099 824 1127 magnus
835 1092 955 1119 omnium

164 1137 331 1161 consecutus
345 1138 419 1161 ess-1
439 1134 520 1167 risus,
537 1135 658 1163 modeste
675 1141 701 1163 et
723 1137 866 1172 tranquille
882 1145 957 1172 quaa-

166 1179 263 1207 sivisse
285 1187 319 1206 ex
335 1187 385 1212 eo,
411 1187 465 1213 quo
488 1181 569 1208 modo
584 1181 678 1208 Jesum
700 1189 796 1209 revera
819 1188 956 1210 mortuum

165 1223 295 1258 crucique
310 1231 371 1251 esse
393 1224 503 1252 aﬂixum
524 1230 616 1260 posset
630 1227 756 1261 probare.
777 1227 847 1255 Tum
863 1228 908 1256 ille
928 1229 955 1256 in

167 1269 321 1305 Evangeliis
341 1271 475 1305 scriptum
491 1279 551 1299 esse
566 1273 724 1308 respondit,
741 1274 831 1309 itaque
849 1275 956 1302 illorum

168 1317 275 1352 agnm'it
294 1317 497 1345 auctoritatem.
511 1317 546 1344 At
560 1318 611 1345 hoc
633 1326 683 1354 ego
700 1319 738 1346 illi
755 1320 845 1347 statim
871 1328 957 1356 oppo-

168 1365 284 1395 nebam,
306 1364 333 1391 in
352 1365 449 1392 iisdem
474 1366 703 1394 resurrectionem
720 1375 827 1402 quoque
850 1368 956 1395 Domini

165 1411 251 1438 nostri
274 1410 338 1437 Jesu
353 1411 455 1438 Christi
477 1411 604 1438 traditam
627 1419 697 1444 esse,
718 1413 830 1448 ejusque
850 1413 885 1440 ad
909 1413 958 1440 Pa-

165 1461 235 1484 trem
250 1457 379 1483 reditum.
393 1456 473 1489 Quod
488 1457 510 1483 si
525 1457 698 1491 evangelistis
711 1457 789 1485 fidem
806 1459 957 1486 habendam

165 1508 226 1528 esse
246 1509 355 1535 censes,
369 1506 400 1529 ut
422 1506 502 1529 antea
518 1503 648 1530 censuisti
661 1523 669 1535 ,
686 1503 708 1530 si
722 1503 860 1530 Christum
887 1512 958 1531 mor-

1008 272 1193 303 propagatam,
1206 269 1351 304 multisque
1366 275 1444 297 antea
1460 271 1631 300 ethnicorum
1644 273 1696 300 fide
1707 273 1797 301 imbu-

1009 313 1043 339 tis
1054 312 1093 348 (ἀ)
1113 319 1173 340 esse
1187 318 1336 348 acceptam.
1354 314 1423 342 Hine
1438 316 1501 343 solis
1515 316 1575 343 luce
1598 317 1697 345 clarius
1712 326 1796 353 appa-

1008 363 1069 384 rere
1079 357 1200 384 cmlestia
1213 358 1395 392 apostolorum
1406 359 1540 394 dogmata,
1553 361 1682 395 majorem
1696 362 1796 390 habere

1009 401 1036 429 in
1053 403 1207 430 mortalium
1223 403 1327 430 animos
1341 403 1393 430 vim
1409 408 1436 431 et
1448 404 1609 438 efﬁcaciam,
1624 414 1705 441 quam
1719 407 1794 435 Grai-

1009 455 1102 475 corum
1127 448 1161 475 de
1181 449 1233 476 diis
1245 449 1360 476 fabulas.
1385 450 1451 481 Quae
1464 458 1525 477 cum
1545 451 1581 478 ita
1601 452 1664 482 sint.
1680 453 1796 480 miratur

1008 493 1127 521 Isidorus
1141 493 1187 529 (ε),
1205 494 1251 529 qui
1269 494 1323 527 fiat,
1343 495 1415 529 quod
1435 502 1488 522 non
1504 497 1591 523 solum
1604 499 1696 531 rudes,
1711 500 1796 534 ignari

1009 544 1037 567 et
1062 540 1176 575 impoliti
1207 541 1378 576 polytheismi
1399 542 1573 575 defensores,
1595 552 1690 572 verum
1712 547 1795 574 etiam

1008 585 1162 620 philosophi
1179 585 1278 621 alioqui
1302 586 1449 621 prudentes
1469 591 1497 614 et
1521 595 1632 623 sagaces
1649 596 1704 616 non
1731 598 1796 618 sen-

1009 631 1077 659 tiant
1094 639 1123 658 se
1139 631 1231 659 Jesum
1256 631 1407 665 Christum,
1422 633 1569 667 apostolos,
1587 641 1735 669 eorumque
1748 636 1796 662 do-

1008 675 1122 702 ctrinam
1137 675 1281 703 irridentes
1291 677 1452 711 semetipsos
1466 677 1566 704 habere
1579 678 1707 706 ludibrio.
1728 679 1795 707 Nam

1009 720 1181 749 Servatorem
1199 726 1322 749 nostrum
1343 723 1416 750 cruci
1438 723 1547 750 alllxum
1567 729 1774 752 contemnentes
1786 747 1795 759 ,

1009 767 1138 800 fatentur,
1155 775 1184 795 se
1195 768 1229 795 ab
1244 768 1355 795 homine
1370 773 1527 804 contemptu
1549 770 1630 806 digno
1644 771 1730 798 victos
1740 790 1747 802 ,
1768 775 1796 798 et

1010 813 1078 840 adeo
1095 818 1252 848 contemptu
1276 821 1336 841 esse
1355 814 1491 849 digniores
1502 835 1509 846 ,
1531 816 1713 849 apostolorum
1730 823 1794 843 vero

1010 855 1144 883 inscitiam
1176 857 1344 891 gravissimis
1368 858 1458 885 verbis
1484 860 1715 893 reprehendentes
1743 861 1794 893 sibi

1006 899 1172 933 exprobrant
1192 900 1346 927 vecordiam
1358 920 1365 932 ,
1379 908 1440 928 cum
1461 910 1476 929 a
1492 903 1604 931 rudibus
1618 904 1682 930 viris
1704 912 1734 931 se
1748 913 1794 932 su-

1007 950 1117 979 peratos
1129 952 1189 972 esse
1205 946 1356 973 concedant
1374 954 1486 974 necesse
1505 948 1548 975 sit.
1565 963 1600 968 —
1620 948 1648 976 Si
1669 956 1748 983 vero,
1765 954 1794 977 ut

1007 990 1103 1024 pergit,
1117 990 1301 1024 petulantibus
1313 990 1377 1018 Jesu
1390 991 1490 1020 Christi
1502 993 1642 1020 cachinnis
1655 993 1794 1028 excipiunt

1007 1035 1178 1069 sepulcrum,
1196 1036 1310 1063 illustria
1333 1037 1452 1071 ipsorum
1471 1038 1568 1072 templa
1588 1039 1706 1066 reddunt
1727 1040 1793 1067 ridi-

1007 1082 1078 1114 cula,
1089 1081 1189 1116 quippe
1202 1090 1261 1117 quae
1274 1083 1364 1110 deriso
1379 1084 1412 1111 ab
1432 1084 1496 1119 ipsis
1509 1085 1642 1112 cesserint
1656 1087 1792 1121 sepulcro.

1008 1126 1037 1154 Si
1049 1127 1164 1161 denique
1178 1127 1351 1163 Evangelium
1365 1134 1394 1156 ut
1408 1137 1463 1156 rem
1479 1130 1556 1157 vilem
1572 1131 1706 1165 rejiciunt.
1718 1131 1795 1166 quid-

1007 1173 1071 1207 quid
1094 1173 1165 1207 apud
1186 1181 1233 1201 eos
1254 1174 1358 1202 illustre
1380 1179 1420 1202 est
1439 1179 1467 1202 et
1489 1176 1648 1210 praeclarum
1670 1177 1795 1203 derident

1008 1217 1058 1252 ipsi
1070 1238 1076 1250 ,
1092 1218 1220 1253 quoniam
1233 1227 1323 1247 rerum
1339 1220 1431 1248 vilium
1445 1226 1549 1249 natura:
1560 1222 1744 1250 succubuerit.
1758 1235 1795 1243 -—-

1007 1263 1070 1291 Hzec
1086 1261 1226 1291 hactenus.

1045 1341 1058 1376 §
1088 1341 1114 1368 ἓ.
1134 1341 1172 1368 De
1191 1342 1285 1369 Isidori
1300 1350 1357 1369 cum
1368 1343 1467 1370 Judwis
1480 1343 1627 1371 altercandi
1640 1348 1751 1372 ratione;

1043 1418 1277 1451 Quemadmodum
1292 1420 1412 1448 Isidorus
1437 1421 1554 1449 ethnicis
1577 1422 1731 1457 philosophi
1752 1423 1796 1450 vel

1007 1469 1095 1499 poeta:
1110 1465 1250 1500 cujusdam
1270 1466 1458 1493 auctoritatem
1475 1467 1676 1501 profcrentibus
1688 1467 1796 1501 aliquod

1008 1509 1187 1544 autcjusdem
1204 1515 1251 1537 aut
1265 1511 1335 1538 alius
1346 1512 1486 1546 scriptoris
1496 1513 1610 1546 opponit
1624 1511 1745 1544 eﬂ‘atum,
1759 1512 1795 1539 ita

166 1552 243 1573 tuum
257 1554 317 1574 esse
332 1547 422 1574 credis
432 1567 439 1579 ,
459 1551 485 1575 te
505 1547 627 1582 ejusdem
646 1551 674 1575 et
689 1549 915 1577 resurrectionem
932 1554 957 1577 et

1009 1559 1103 1583 contra
1118 1556 1226 1585 .ludaaos
1247 1557 1436 1592 disputaturus
1455 1566 1510 1585 non
1527 1557 1614 1584 solum
1632 1557 1728 1585 Vetere
1742 1557 1762 1584 T
1781 1572 1795 1578 -

167 1593 200 1620 ad
215 1592 324 1620 Patrem
340 1593 457 1620 reditum
471 1594 582 1621 credere
597 1599 713 1628 oportet.

204 1649 328 1684 Denique
346 1649 463 1677 ethnicis
489 1650 626 1685 religionis
649 1649 810 1677 Christianae
826 1655 960 1686 pratstan-

167 1694 232 1722 tiam
246 1695 411 1729 probaturus
426 1699 587 1730 argumento
599 1696 685 1723 utitur
697 1696 836 1723 historico.
852 1697 958 1724 Etenim

167 1747 201 1769 ex
229 1741 263 1768 iis
286 1749 348 1776 qua:
361 1741 416 1776 jam
440 1741 591 1773 evenerint,
615 1742 717 1776 majora
739 1742 855 1776 perspici
877 1743 959 1770 licere

168 1787 311 1814 contendit
325 1786 373 1821 (ε),
398 1786 567 1821 atIirmatque
588 1787 743 1814 Grmcorum
758 1787 959 1822 philosophiam

168 1830 339 1865 deorumque
360 1831 462 1858 cultum
485 1839 500 1858 a
514 1831 704 1865 prudentibus
727 1832 867 1866 doctisque
894 1832 959 1859 viris

169 1876 313 1904 defensum
335 1881 362 1904 et
385 1877 620 1908 commendatum,
637 1877 699 1905 inde
714 1877 747 1904 ab
761 1878 958 1912 antiquissimis

169 1923 340 1957 temporibus
354 1923 482 1950 traditum
497 1923 666 1954 hominibus,
681 1928 764 1958 atque
778 1923 959 1950 inveteratum

169 1968 269 2002 opibus
283 1967 421 2003 armisque
435 1972 574 2003 potentem
587 1989 593 2001 ,
607 1969 692 2003 magis
705 1969 844 2004 magisque
859 1976 890 1995 ex
903 1969 962 1995 ani-

169 2014 222 2041 mis
246 2015 401 2041 mortalium
423 2015 556 2042 removeri
577 2019 604 2042 et
624 2015 725 2048 deleri,
743 2014 959 2042 Christianorum

169 2067 238 2087 vero
250 2060 402 2088 doctrinam
414 2060 537 2095 plebeiis,
553 2060 718 2095 pauperibus
731 2064 759 2088 et
778 2060 892 2096 abjectis
909 2061 960 2088 ho-

206 2168 247 2202 ta)
260 2169 320 2204 Lib.
338 2177 374 2202 Iv,
388 2176 431 2204 ep.
450 2168 495 2196 50.

206 2203 244 2238 (bl
261 2203 318 2230 Lib.
335 2211 370 2235 Iv,
384 2203 426 2238 ep.
441 2204 486 2232 51.

207 2239 243 2272 (c)
261 2238 320 2266 Lib.
334 2247 353 2271 I,
368 2247 411 2273 ep.
429 2239 492 2266 2⁸10.
822 2258 825 2259 ν

207 2273 246 2308 (ά)
339 2282 375 2306 Iv,
389 2281 431 2310 ep.
447 2274 480 2300 76
495 2283 502 2300 :
515 2289 544 2294 —
564 2275 644 2302 Πόσοι
655 2275 709 2310 γὰρ
720 2274 901 2309 Πυθαγόρειοι
914 2274 957 2301 τύ-

171 2309 287 2344 φουνκαὶ
299 2308 449 2342 ὑπεροψίας
471 2309 620 2343 πεφηνότες
641 2308 812 2342 διδάσκαλοι,
831 2308 956 2344 φοιτηταὶ

170 2343 302 2380 γεγόνᾳᾳι
315 2344 363 2380 τῷ
379 2343 457 2380 λόγργυ
471 2352 478 2376 ;
493 2344 570 2370 πόσοι
580 2344 607 2371 δὲ
618 2345 794 2377 Πλατωνικοὶ,
811 2344 858 2379 τὴν
872 2343 957 2380 ὀφρὺν

170 2378 231 2418 τὴν·
247 2379 305 2418 duo
322 2378 372 2418 τῇς
384 2378 561 2418 ξαλλεεπείας
577 2379 800 2418 κατασπᾴταντες
810 2378 893 2418 ,ᾧπᾲ
908 2378 957 2418 λιτὴν

173 2413 253 2449 ςκιὰν
275 2413 359 2449 adeo?)
384 2413 560 2449 ἱδρύνθησαη
588 2415 665 2441 πόσοι
688 2415 895 2449 ’Δριστοτελικοὶ
911 2415 958 2442 καὶ

173 2448 298 2485 Στωῖξιοὶ,
313 2448 373 2484 τὴν,
385 2446 427 2482 ἐφ’
444 2446 677 2485 ἦς’ὲσξμνύνοντο,
695 2446 788 2485 σόφζαν
805 2450 957 2485 ἀτιμάσανα

171 2490 228 2520 τίς.
243 2483 390 2520 ὴζᾴπησαν
405 2484 434 2510 ἐν
450 2483 505 2520 co};
519 2484 649 2518 ὑπηκόοις
663 2484 806 2520 τετάχθιι;

208 2519 243 2549 (e)
260 2518 322 2553 Lib.
337 2527 374 2547 Iv.
395 2526 439 2553 ep.
456 2518 500 2544 27.

210 2553 240 2588 (ft
260 2552 320 2580 Lib.
338 2561 375 2586 Iv,
392 2552 435 2587 ep.
453 2553 528 2586 225.,
546 2553 573 2580 in
593 2561 646 2588 qua
669 2553 778 2588 Iosephi
797 2554 830 2581 de
849 2554 958 2581 Christo

173 2587 359 2623 tcSIimonium
377 2603 412 2608 —
432 2588 565 2615 Archceol.
582 2587 629 2616 lib.
648 2587 803 2623 xvut,’cap.
819 2589 845 2615 5.
862 2590 910 2623 (4.)
924 2603 959 2608 -

172 2622 216 2648 his
231 2623 320 2650 verbis
332 2623 573 2657 comprehenditur
594 2633 599 2650 :
617 2624 721 2657 γίνεται
734 2623 762 2649 δὲ
777 2622 812 2644 L—
827 2623 857 2650 V.
878 2624 909 2658 δὴ
924 2638 958 2643 -—

174 2658 233 2682 κατ’
249 2659 354 2684 ἐκεῖνον
372 2673 407 2677 -
424 2658 454 2684 V.
470 2659 502 2684 H.
520 2658 590 2685 κατὰ
602 2659 696 2685 τοῦτον
707 2673 741 2678 -
755 2658 801 2685 τὸν
816 2658 909 2692 χρόνον
925 2673 960 2678 -

174 2692 233 2728 cod.
250 2691 308 2719 Vat.
326 2692 389 2720 630.
413 2693 512 2728 καιρὸν
520 2707 554 2712 -
576 2693 688 2728 Ἰησοῦς,
704 2693 783 2727 σοφὸς
798 2691 877 2728 ἀνὴρ,
902 2693 959 2728 εἴγε

175 2726 253 2770 ili-arb»;
267 2727 400 2770 ἄνδρῇ-
421 2726 554 2770 ξίζᾶνδρα
576 2726 657 2769 ab.st
677 2726 805 2770 735151.31
822 2726 959 2770 xpﬂ._'l'lv

176 2762 226 2796 γὰρ
243 2762 403 2798 πᾳραδόξων
419 2762 509 2798 ἔργων
525 2762 637 2798 ποιητὴς
649 2784 657 2795 ,
676 2762 834 2798 διδάσκαλος
854 2762 959 2798 ἀνθρώ-

177 2797 298 2833 ρων-τῶν
319 2798 402 2833 ἡδονῇ
417 2797 521 2833 τάληθῆ
536 2797 696 2833 δεχομένων.
715 2797 896 2833 [Cati-immovit;
908 2797 959 2833 μὲν

182 2830 460 2867 ξιουδαεουςξπᾳὶλοὺς
472 2832 501 2858 δὲ
512 2830 557 2858 ita".
566 2830 611 2859 ἑοῦ
630 2832 784 2866 Ἐλληνικοῦ
793 2830 957 2867 ὲπηγάγέτο.

183 2865 209 2892 ὐ
223 2867 339 2902 Χριστὸς
353 2865 434 2899 οὗτος
445 2866 488 2903 ἦν.
499 2867 554 2894 Καὶ
568 2867 646 2894 αὐτὸν
660 2865 766 2900 hostis:
778 2867 830 2894 τῶν
840 2865 958 2903 Ἲτὶρώτων

1011 1605 1157 1633 stamento,
1176 1610 1269 1629 verum
1283 1607 1310 1629 et
1329 1602 1450 1630 Philonis
1470 1609 1497 1630 et
1516 1602 1628 1637 Josephi
1653 1602 1744 1634 dictis,
1769 1607 1798 1629 ut

1011 1647 1118 1675 illorum
1131 1648 1299 1683 objectiones
1310 1648 1419 1680 refutet,
1433 1649 1517 1675 utitur
1529 1656 1727 1683 saepenumero.
1742 1649 1797 1676 Ita-

1011 1701 1064 1729 que
1077 1693 1184 1721 Judaeos
1197 1693 1262 1721 Jesu
1274 1694 1375 1721 Christi
1391 1694 1561 1722 divinitatem
1574 1700 1706 1729 negantes
1720 1695 1799 1722 refel-

1011 1739 1043 1766 lit
1054 1740 1215 1766 auctoritate
1228 1739 1339 1774 Josephi
1351 1740 1394 1775 (Ῑ),
1407 1739 1453 1774 qui
1466 1740 1516 1767 etsi
1533 1740 1798 1775 acerrimnsreligio-

1013 1785 1056 1812 nis
1077 1785 1199 1812 Mosaicaa
1217 1790 1413 1820 propugnator,
1437 1789 1464 1811 et
1480 1790 1608 1812 strenuus
1626 1786 1798 1820 popularium

1013 1830 1093 1858 fuerit
1105 1831 1243 1862 defensor,
1258 1835 1347 1857 tamen
1361 1830 1482 1858 veritatis
1493 1838 1584 1857 amore
1600 1831 1698 1857 ductus
1716 1831 1799 1857 Chri-

1010 1882 1082 1904 stum
1106 1876 1235 1903 miracula
1261 1876 1396 1908 edidisse.
1419 1884 1534 1910 eumque
1556 1876 1668 1903 humani
1691 1877 1798 1911 generis

1010 1926 1205 1957 praeceptorem
1227 1922 1357 1949 divinitus
1374 1922 1488 1949 missum
1505 1921 1589 1949 fuisse
1614 1921 1796 1949 atlirmaverit.

1010 1983 1046 1988 —
1067 1967 1220 2003 Eademque
1235 1968 1339 1996 ratione
1360 1968 1412 1995 alia
1428 1969 1454 1995 In
1470 1968 1585 2003 epistola
1605 1967 1642 2003 (g)
1657 1967 1797 1994 Philonem

1011 2013 1049 2050 τῷ
1061 2014 1141 2050 Λόγῳ
1154 2014 1273 2041 divinam
1294 2014 1423 2042 tribuisse
1445 2018 1568 2041 naturam
1591 2013 1796 2048 compluribusI

1011 2069 1072 2096 quae
1086 2069 1119 2089 ex
1135 2061 1208 2090 illius
1219 2061 1326 2097 scriptis
1342 2061 1457 2097 repetita
1472 2065 1552 2094 sunt,
1569 2060 1732 2088 testimoniis
1749 2067 1798 2088 co-

1012 2171 1116 2211 ὰνδρῷν
1131 2171 1196 2211 τξαρ“
1213 2172 1282 2211 ἡμῖν
1293 2170 1641 2211 στμυρῷ-ὲπιτετιμηῗιότος
1660 2168 1775 2210 Πιλάεου
1786 2190 1795 2203 ,

976 2212 997 2240 D
1012 2204 1072 2251 063x;
1085 2204 1284 2251 ὲπαύεῖἆντόιοὶ
1306 2205 1336 2231 τὸ
1361 2204 1469 2251 ἂιρέτρν
1489 2204 1581 2251 ~—'LH.
1607 2204 1666 2251 ρῖγξ
1688 2204 1798 2251 arpi?th

1011 2241 1145 2279 gﬁrovA-f
1159 2241 1358 2279 dyawljgav‘rfs.
1386 2239 1495 2279 'l‘ljpdtyq
1511 2239 1566 2274 γὰρ
1587 2240 1678 2279 αὐτοῖς
1703 2239 1798 2279 τριξην

1009 2275 1078 2310 ἔχων
1092 2274 1199 2310 ἡμέραν
1216 2275 1298 2302 πάλιν
1309 2275 1373 2306 ζῶν,
1389 2274 1442 2300 τῶν
1455 2274 1694 2310 θείωνῗπροφητῶν
1711 2274 1798 2301 ταῦτά

1009 2276 1078 2310 ἔχων
1092 2276 1199 2336 Ἱμέραν
1207 2276 1298 2315 ,πάλιν
1309 2276 1373 2306 ζῶν,
1389 2276 1442 2300 τῶν
1455 2276 1533 2301 θείων
1548 2276 1694 2309 προφητῶν
1711 2276 1798 2301 ταῦτά,

1009 2319 1039 2350 te
1052 2319 1104 2350 περ
1139 2311 1221 2337 αὐτου
1235 2325 1269 2350 ἢ
1283 2317 1343 2350 quin
1365 2310 1445 2350 verba
1470 2310 1504 2350 ab
1527 2309 1798 2350 ll..p0|iuntur_ante

1010 2344 1160 2380 εἰρηκότων
1174 2360 1205 2365 ——
1222 2345 1269 2371 καὶ
1288 2344 1354 2371 ἄλλα
1370 2344 1454 2379 μυρία
1477 2344 1614 2384 Θαυμάσιρι
1634 2344 1794 2378 εἰρηκότων.

1011 2380 1065 2407 Ἴδε
1075 2380 1338 2407 τοίνυν-ουᾱ.νιιῑ.
1352 2379 1413 2406 650.
1424 2376 1462 2410 εἷς
1475 2379 1501 2404 δὲ
1510 2388 1562 2405 των
1576 2389 1655 2405 νυν...
1668 2379 1700 2405 H.
1710 2379 1748 2409 εις
1757 2378 1797 2404 ἔτι

1011 2382 1065 2407 Ἴδε
1075 2382 1271 2407 τοίνυν-ουᾱ.
1280 2382 1338 2407 Vat.
1352 2382 1413 2406 650.
1424 2382 1462 2410 εἰς
1475 2382 1501 2404 δὲ
1510 2382 1562 2405 τῶν
1576 2382 1655 2405 νῦν...
1668 2382 1700 2405 H.
1710 2382 1748 2409 εις
1757 2382 1797 2404 ἔτι

1009 2415 1100 2453 νιξν-
1110 2415 1164 2442 τῶν
1178 2414 1423 2453 Χρισξιανᾶζνεηάτξξ)
1435 2414 1511 2453 Ἒρῦᾷε
1523 2413 1798 2453 ᾠνομασμένωνιιοὺκ

1010 2450 1116 2489 egeam:
1129 2465 1161 2469 —
1172 2448 1232 2489 coit.
1247 2449 1306 2489 vat.
1442 2449 1599 2489 ll._é1=é).ms
1612 2463 1645 2468 ——
1662 2448 1796 2489 152mm.

1010 2484 1096 2522 Quam
1112 2485 1264 2522 notavimus
1278 2484 1369 2522 littera
1384 2483 1408 2522 _H
1431 2485 1608 2522 scripturam,
1622 2483 1798 2522 ea_t_n.llave_r-

1009 2520 1133 2554 campius
1157 2520 1184 2546 in
1209 2528 1258 2557 sua
1279 2519 1390 2553 Iosephi
1414 2518 1610 2557 antiquitatum
1628 2518 1745 2557 editione
1769 2518 1796 2543 in

1009 2553 1114 2582 textum
1138 2555 1256 2589 recepit;
1274 2562 1334 2589 quae
1355 2562 1422 2591 vero
1437 2554 1533 2591 littera
1550 2553 1580 2581 V.
1604 2553 1730 2591 insignita
1748 2556 1795 2591 est

1009 2597 1069 2616 eam
1091 2597 1122 2616 ex
1148 2588 1290 2626 collatione
1311 2589 1414 2626 codicis
1437 2588 1655 2626 Vindobonensis
1671 2588 1795 2626 repetivi-

1011 2632 1070 2652 mus
1085 2633 1164 2664 quam
1182 2624 1444 2664 instituitdfollnrius
1466 2624 1554 2664 insita
1568 2622 1704 2664 Lan’ich‘ili
1719 2627 1794 2664 coni-

1009 2655 1204 2721 mciziita'gigrnm
1219 2660 1252 2687 de
1274 2659 1340 2686 bibl.
1363 2658 1441 2686 Vind.
1457 2659 1585 2686 editione.
1597 2657 1638 2684 Ct.
1660 2655 1717 2681 Lib.
1734 2662 1793 2685 vin,

1010 2698 1061 2729 P-h
1088 2709 1101 2714 ‘
1142 2713 1148 2721 -
1533 2727 1537 2729 _
1568 2727 1601 2729 ﬂ
1746 2723 1752 2729 ,

1017 2724 1019 2728 λ
1046 2729 1082 2764 (9)
1099 2730 1158 2757 Lib.
1186 2736 1216 2760 Il,
1236 2736 1280 2764 ep.
1300 2730 1351 2757 145
1364 2738 1371 2756 :
1384 2744 1419 2749 —
1437 2729 1475 2759 ὡς
1496 2727 1544 2754 καὶ
1563 2727 1682 2755 Φίλωνα,
1707 2723 1795 2750 καίτοι

1017 2765 1140 2791 Ἰουδαῖον
1159 2764 1222 2790 ὕντα
1238 2765 1284 2790 καὶ
1301 2764 1434 2800 ζηλωτὴν,
1450 2763 1483 2789 δι’
1499 2759 1710 2800 ᾦνῌὰπρλέλοιτξε
1727 2766 1792 2800 oxy-

1009 2800 1180 2835 γραμμάτων
1194 2792 1468 2860 ᾲπομαχῗλὰασθάίτῇ
1481 2798 1569 2832 οἰκείᾳ
1585 2793 1728 2830 θρησκείᾳ.
1744 2792 1796 2819 Βα-

1012 2835 1127 2867 σανιζων
1141 2834 1212 2870 γὰρ,
1227 2842 1254 2861 κ.
1271 2842 1297 2861 τ.
1333 2853 1340 2862 .

1146 2853 1212 2869 μη,
1228 2853 1254 2861 η.
1277 2853 1297 2861 ι.
1316 2853 1340 2862 ι..
