2044 3173
243 175 280 209 99
762 177 1029 209 COMMENTATIO

1079 178 1097 208 S
1115 177 1211 208 PARS
1230 177 1286 208 ΙῙῘ.

1808 173 1859 207 100

236 237 380 270 mansisse.
397 236 541 265 ostendere
569 238 682 263 conatur
706 233 823 262 diversis
851 233 950 262 modis.
973 233 1021 261 Et-
1037 237 1057 264 Α
1072 232 1127 260 cies
1141 241 1195 260 non
1213 232 1386 269 explicaverit
1399 253 1406 266 ,
1421 233 1468 261 sed
1489 233 1582 262 decem
1594 231 1762 269 argumentis
1781 231 1858 267 Apo-

238 284 311 311 enim
327 283 404 318 ἔκτῃ,
418 281 517 316 inquit,
534 280 593 316 ὥρᾳ
607 280 657 315 τῆς
672 280 848 316 παρασκευῆς
863 279 1022 316 ἐσταυρώθη

237 331 252 358 ὁ
268 329 369 364 Κύριος
383 348 390 360 ,
405 327 459 354 ἀπὸ
473 327 575 361 ταύτης
590 326 643 357 ἕως
657 326 770 361 ἑννάτης
786 326 880 358 σκότος
903 326 1023 360 ἐγένετο,

238 373 316 400 τοῦτο
330 372 414 398 νύκτα
436 379 481 406 μοι
498 371 594 406 νόησον
605 378 612 386 '
628 371 708 398 πάλιν
725 371 779 397 ἀπὸ
793 371 842 406 τῆς
859 371 897 404 (a)
911 370 1024 405 ἐννάτης

239 419 312 453 φῶς,
328 417 408 444 τοῦτο
422 417 501 443 πάλιν
516 418 623 453 ἡμέραν
635 426 642 433 ·
665 417 682 452 ἡ
699 417 747 449 νὺξ
761 415 839 448 αὖθις
863 417 914 451 τῆς
936 425 1025 452 παρα-

239 463 354 497 σκευῆς·
371 462 401 488 τὸ
419 462 553 489 σάϐϐατον
570 463 650 490 πάλιν
666 463 760 498 ἡμέρα
772 470 779 478 ·
797 463 814 497 ἡ
827 463 875 495 νὺξ
891 462 938 488 τοῦ
958 461 1024 488 σασ-

237 509 321 536 εάτου
332 509 346 534 ὁ
356 509 405 544 τῆς
420 510 560 544 Κυριακῆς
572 509 679 545 ὄρθρος.
691 509 761 536 κατὰ
772 510 817 536 τὸν
832 510 1026 546 εὐαγγελιστὴν

241 554 355 588 λέγοντα
369 574 376 586 ,
393 556 425 590 τῇ
455 555 648 590 ἐπιφωσκούσῃ
666 556 705 586 εἰς
723 556 786 591 μίαν
799 555 853 582 τῶν
872 555 1023 583 σαϐϐάτων.

239 600 331 634 Itaque
341 601 455 635 primatu
470 605 577 627 noctem
589 609 603 628 e
617 601 702 628 tribus
717 602 872 629 constitisse
887 602 977 634 horis,
993 602 1025 629 ad

240 653 307 680 quas
322 645 412 672 Marco
426 651 495 673 teste
511 646 547 680 (ιι)
563 646 621 673 ista:
639 646 807 674 duraverunt
827 647 954 680 tenebrae,
971 652 1027 674 sla-

241 691 292 717 tuit
308 695 403 718 acutus
422 691 472 718 iste
488 691 633 726 interpres.
650 691 725 724 Quod
746 700 825 727 quam
841 693 875 720 sit
895 693 1025 720 insulsum

240 737 298 772 ipse
312 737 420 764 videtur
433 737 560 769 sensisse,
571 745 632 764 cum
642 738 722 764 aliam
732 738 796 765 dicti
811 739 883 765 illius
894 743 1027 773 proponat

239 783 458 817 explicationem.
489 783 570 810 Jesus
587 783 658 810 enim
672 804 678 816 ,
706 784 813 818 inquit,
829 785 858 810 ἐν
877 785 909 819 τῇ
936 793 1025 817 παρα-

241 829 324 862 σκευῇ
337 828 410 855 cruci
420 828 525 860 nlIixus,
539 833 673 858 mortuus.
687 829 838 863 eodemque
847 829 891 855 die
903 829 1026 863 sepultus

240 879 290 900 est.
308 873 397 906 Quare
414 874 458 900 hic
475 874 578 908 primus
591 893 598 906 ,
615 873 758 901 sabbatum
782 881 858 905 vero.
878 874 951 908 quod
967 869 1026 900 ὃλόν

240 919 369 953 ἐποίησεν
387 919 416 944 ἐν
431 918 469 953 τῷ
482 919 560 954 τάφῳ
574 919 588 944 ό
608 918 726 953 Κύριος,
739 920 884 951 secundus,
895 924 923 946 et
938 919 1026 946 domi-
1042 911 1062 938 Β

239 963 311 994 nica,
331 971 383 997 qua
403 963 559 990 lucescente
574 963 745 995 resurrexit,
764 964 824 991 dies
838 965 935 991 tertius
954 970 1026 992 recte

240 1013 406 1035 numeratur.
427 1009 602 1043 Κακομάχοις
617 1015 698 1040 vero,
717 1009 753 1036 ita
769 1009 841 1036 enim
867 1010 968 1045 pergit,
986 1018 1027 1037 me

240 1059 321 1087 neque
331 1058 397 1079 totos
413 1053 467 1080 dies
480 1074 487 1086 ,
504 1061 549 1079 nec
565 1058 616 1080 tres
631 1058 715 1080 noctes
734 1061 900 1081 enumerasse
917 1055 1028 1081 dicenti-

240 1097 287 1124 bus
298 1118 305 1130 ,
323 1099 349 1124 iu
366 1098 440 1125 hunc
455 1099 632 1133 respondens
647 1099 757 1126 modum
775 1107 781 1124 :
798 1099 957 1134 imperator.
981 1100 1026 1135 qui

239 1143 292 1170 etsi
305 1144 429 1178 captivis,
447 1151 476 1171 se
493 1146 543 1172 eos
557 1150 618 1180 post
638 1149 693 1173 tres
708 1146 766 1173 dies
778 1153 793 1172 ο
807 1146 931 1173 custodia
946 1146 1028 1174 emis-

239 1195 334 1215 surum
348 1196 419 1220 esse,
437 1189 571 1224 promisit,
583 1198 630 1217 eos
642 1195 730 1217 tamen
744 1196 807 1217 ante
821 1191 930 1223 emittit,
945 1199 1026 1225 quam

241 1233 300 1261 dies
313 1234 380 1261 abiit
397 1235 581 1267 constitutus,
607 1244 661 1262 non
686 1236 773 1263 solum
793 1236 926 1263 mendacii
951 1236 1027 1270 argui

241 1280 356 1314 nequit,
375 1288 468 1308 verum
488 1289 663 1316 summopere
685 1282 838 1310 laudandus
859 1287 901 1310 est
915 1302 922 1315 ,
937 1283 1028 1318 itaque

243 1324 373 1352 Dominus
391 1331 485 1354 noster
498 1326 577 1354 Iesus
593 1328 720 1356 Christus
729 1329 817 1362 citius,
835 1337 916 1364 quam
928 1330 1028 1364 promi.

240 1375 323 1404 serat,
343 1379 490 1406 resurgens
503 1372 538 1399 ab
558 1373 686 1400 omnibus
696 1373 794 1401 merito
812 1374 949 1402 adoratur.
965 1374 1029 1407 Qui-

241 1415 294 1442 bns
309 1416 399 1443 verbis
415 1425 478 1444 cum
501 1423 596 1444 auctor
608 1438 615 1450 ,
632 1418 805 1446 Servatorem
824 1421 899 1454 τρεῖς
921 1420 1029 1455 ἡμέρας

241 1460 289 1486 καὶ
302 1462 376 1496 τρεῖς
391 1461 490 1493 νύκτας
510 1463 536 1489 in
559 1464 684 1498 sepulcro
699 1472 754 1491 nou
772 1466 945 1498 remansisse,
962 1473 1029 1493 con-

241 1507 338 1540 cedat,
354 1514 415 1534 eum
428 1508 520 1535 omnia
533 1528 540 1541 ,
555 1509 589 1536 ab
602 1509 662 1544 ipso
677 1510 709 1537 ad
722 1510 906 1538 difﬁcultatem
921 1513 1029 1539 solven-

242 1552 303 1579 dam
316 1553 396 1587 paulo
411 1557 473 1580 ante
489 1553 580 1587 allata,
596 1562 704 1583 rursum
720 1556 824 1588 tollere,
839 1557 899 1591 quis
915 1561 967 1589 est,
983 1557 1028 1592 qui

243 1607 297 1627 non
321 1599 429 1627 videat?
443 1615 477 1620 -—
493 1599 608 1627 Omnem
630 1609 695 1629 vero
715 1610 823 1637 operam
843 1602 981 1637 perdidit.
1000 1606 1030 1629 ut
1044 1599 1063 1608 “’

242 1645 323 1671 etiam
341 1653 355 1671 a
372 1644 598 1672 Roseumuellero
616 1647 652 1681 (ε)
668 1647 842 1675 observatum
853 1652 913 1680 est,
934 1656 965 1676 ea
982 1656 1030 1675 ex-

243 1689 400 1725 plicaturus,
415 1698 475 1725 quae
490 1690 523 1717 de
532 1690 644 1718 Joannis
655 1691 782 1727 Baptista:
790 1693 851 1720 cibo
862 1693 1031 1721 tradiderunt

242 1736 425 1771 evangelistre.
452 1737 579 1773 Ἀκρίδας
595 1737 668 1764 enim
691 1746 746 1764 non
769 1738 888 1765 locustas
906 1747 967 1766 esse
980 1760 986 1771 ,
1004 1739 1030 1766 in

242 1781 355 1815 epistola
371 1781 403 1807 ad
420 1781 507 1808 Nilum
525 1783 564 1817 (ά)
581 1782 643 1809 data
660 1783 803 1817 opinatur,
818 1784 865 1811 sed
878 1784 1031 1819 plantarum

241 1831 378 1854 extremas
393 1832 496 1862 partes;
510 1828 600 1862 itaque
613 1829 724 1855 verbum
738 1829 818 1864 ἄχρις
832 1835 1030 1865 paroxytonon,

244 1875 272 1898 et
288 1872 367 1906 ἀκρίς
385 1877 523 1908 oxytonon
543 1874 722 1900 commutavit
741 1874 811 1901 inter
836 1882 907 1901 sese.
924 1890 960 1895 —
978 1875 1032 1903 Ne-

240 1923 313 1949 que,
327 1917 348 1943 si
365 1925 458 1944 verum
475 1922 564 1949 esset,
580 1918 652 1951 quod
671 1923 749 1952 putat
761 1919 896 1953 Dupinius
913 1919 960 1955 (e),
980 1920 1031 1947 Isi-

243 1962 339 1990 dorum
352 1962 379 1989 in
397 1970 450 1989 una
465 1963 617 1998 eademque
634 1964 749 1998 epistola
772 1964 804 1999 (ι’)
821 1965 930 1999 aliquod
954 1965 1030 1993 Pauli

244 2009 357 2043 apostoli
373 2009 474 2035 dictum
492 2008 602 2036 diverso
620 2009 701 2036 modo
715 2009 805 2037 decies
821 2011 981 2045 explicasse,
999 2020 1032 2039 eo

244 2055 366 2090 ejusdem
388 2054 498 2089 probari
523 2059 616 2089 posset
637 2055 666 2082 in
685 2054 823 2090 Scriptura
847 2065 923 2085 sacra
939 2058 1032 2092 expla-

245 2101 335 2127 nanda
348 2099 458 2126 solertia
470 2121 477 2133 ,
493 2101 557 2135 quin
583 2101 673 2135 potius
688 2108 737 2128 nos
755 2101 805 2129 hoc
823 2102 848 2129 ei
864 2108 1032 2131 verteremus

244 2145 320 2176 vitio,
337 2146 379 2172 cui
395 2149 485 2172 tamen
500 2154 553 2173 non
565 2150 607 2173 est
619 2146 763 2179 obnoxius,
776 2155 838 2174 cum
854 2148 881 2175 in
910 2149 953 2175 illa
973 2149 1032 2184 epi-

250 2191 320 2217 stola
337 2190 413 2217 Pauli
435 2192 517 2219 Verba
536 2201 542 2218 :
568 2192 625 2219 Πᾶν
642 2193 809 2228 ἁμάρτημα,
829 2194 843 2220 ὃ
865 2194 913 2220 ἐὰν
931 2196 1031 2231 ποιήσῃ

1074 279 1174 306 stolum
1187 287 1248 306 vera
1265 279 1409 314 scripsisse
1420 279 1586 314 probaverit.

1107 325 1228 360 Apparet
1241 325 1323 360 igitur
1333 333 1366 352 ex
1377 325 1504 353 omnibus
1518 325 1561 353 his
1574 325 1715 360 exemplis,
1726 324 1860 352 Isidorum

1073 370 1268 405 interpretandi
1278 379 1391 398 munere
1402 371 1537 398 interdum
1544 372 1614 398 bene
1626 371 1748 398 functum
1760 370 1859 403 fuisse;

1075 417 1201 444 eumdem
1226 425 1292 444 vero
1319 417 1469 444 difﬁciliora
1493 417 1595 444 Christi
1619 422 1647 444 et
1673 417 1859 452 apostolorum

1074 462 1146 489 dicta
1170 462 1383 497 explicaturum,
1405 467 1452 490 aut
1471 463 1586 490 aliorum
1608 462 1720 489 Patrum
1744 461 1859 496 vestigia

1075 512 1198 534 secutum
1215 515 1285 540 esse,
1302 513 1348 535 aut
1364 516 1458 543 parum
1473 512 1608 540 accurate,
1624 515 1750 542 quzenam
1768 507 1861 535 verbis

1076 553 1140 580 insit
1154 553 1288 580 sententia
1297 574 1303 586 ,
1315 553 1481 588 exposuisse.
1493 553 1673 580 Nihilominus
1688 556 1778 579 tamen
1790 552 1861 579 inter

1077 599 1205 634 optimos,
1218 599 1263 633 qui
1273 599 1317 626 illo
1326 603 1446 634 tempore
1459 598 1617 630 ﬂoruerunt,
1632 598 1796 632 interpretes
1809 605 1861 626 nos

1076 651 1184 679 quoque
1200 651 1261 670 enm
1281 652 1503 676 numer-aremus,
1528 645 1550 671 si
1570 649 1628 671 arte
1651 644 1744 671 critica
1764 643 1863 671 melius

1078 694 1210 722 uteretur,
1233 693 1259 716 et
1281 689 1385 716 insanis
1401 690 1492 718 minus
1508 690 1690 718 delectaretur
1713 689 1861 725 allegoriis.

1078 736 1182 762 I'Itcnim
1203 745 1218 763 a
1239 736 1359 770 partibus
1377 736 1593 764 Rosenmuclleri
1607 757 1614 770 ,
1631 736 1676 771 qui
1696 743 1811 768 omnes,
1832 735 1859 762 in

1076 782 1175 816 quibus
1191 781 1297 809 Veteris
1313 783 1434 816 Novique
1449 782 1614 810 Testameuti
1640 782 1698 810 loca
1713 782 1747 808 ab
1761 781 1863 808 Isidoro

1079 827 1221 862 allegorice
1236 828 1366 863 explicata
1382 833 1460 861 sunt,
1478 836 1531 854 non
1547 836 1607 855 esse
1621 828 1655 855 ab
1675 828 1733 863 ipso
1746 827 1863 860 scriptas

1077 873 1232 908 suspicatur
1240 878 1311 901 stare
1318 882 1372 901 non
1384 881 1546 909 possumus;
1559 874 1620 908 quia
1628 874 1655 900 in
1669 878 1794 909 promptu
1803 881 1834 903 es
1842 880 1862 905 ι,

1078 918 1162 950 illum,
1175 918 1347 954 alioquisatis
1356 923 1476 951 cautum,
1488 924 1611 953 aut,qu$
1621 917 1772 945 Ileumanui
1783 917 1866 944 fuerit

1077 962 1222 994 sententia,
1240 971 1292 990 non
1308 963 1482 995 intellexisse,
1506 968 1553 990 ant
1568 963 1690 997 ejusdem
1708 963 1741 989 de
1760 961 1865 988 Isidoro

1077 1009 1190 1043 ejusque
1205 1009 1312 1044 scriptis
1323 1009 1581 1036 commentationem
1595 1016 1628 1035 ne
1636 1008 1734 1043 legisse
1745 1007 1864 1042 quidem.

1077 1053 1176 1081 Scribit
1192 1054 1265 1081 enim
1282 1062 1288 1080 :
1306 1053 1540 1088 Interpretationes
1556 1053 1712 1088 allegorica;
1727 1059 1864 1087 gramma-

1079 1100 1135 1127 tica:
1150 1099 1375 1134 interpretationis
1389 1099 1583 1126 sludiasissimo
1599 1099 1665 1125 adeo
1682 1098 1798 1132 indignae
1811 1103 1866 1123 esse

1077 1145 1210 1178 uidentur,
1226 1150 1253 1171 ut
1273 1153 1324 1171 non
1338 1153 1406 1171 vana
1430 1145 1464 1171 sit
1478 1145 1603 1179 suspicio,
1622 1152 1672 1170 non
1687 1143 1790 1178 quidem
1808 1141 1866 1177 ple-

1078 1198 1183 1225 rasque,
1201 1195 1228 1216 ut
1241 1191 1325 1217 visum
1340 1194 1378 1216 est
1396 1189 1438 1217 .Io.
1452 1190 1521 1225 Aug.
1537 1191 1704 1220 Ileumamto,
1717 1188 1814 1230 multa:
1828 1191 1866 1213 ta-

1078 1243 1146 1267 men,
1166 1243 1224 1270 qua:
1241 1235 1264 1261 ei
1281 1236 1441 1267 tribuuntur,
1455 1235 1576 1270 epistolas
1593 1234 1712 1262 sublesta:
1722 1241 1777 1260 esse
1792 1232 1863 1268 ﬁdei.

1077 1297 1113 1302 —
1129 1281 1224 1316 Neque
1239 1285 1340 1313 tamen,
1355 1281 1465 1316 quinam
1485 1281 1577 1314 fuerit,
1599 1281 1654 1313 illo,
1669 1288 1724 1316 quo
1744 1279 1866 1306 Isidorus

1078 1326 1160 1359 vixit,
1174 1334 1232 1354 :evo
1252 1327 1317 1354 artis
1337 1327 1548 1354 hermeneuticre
1562 1326 1705 1361 omnisque
1721 1325 1865 1360 theologia:

1079 1377 1175 1406 status,
1199 1372 1225 1399 in
1243 1373 1400 1400 memoriam
1421 1377 1581 1400 revocantes
1596 1372 1756 1399 IIeumanno
1767 1378 1866 1406 possu-

1079 1426 1140 1445 mus
1155 1419 1299 1451 assentiri,
1316 1419 1362 1453 qui
1388 1419 1466 1446 malis
1485 1418 1616 1446 Isidorum
1630 1417 1867 1445 annumerandum

1079 1471 1138 1490 esse
1150 1464 1299 1491 arbitratur
1313 1464 1521 1500 interpretibus,
1535 1463 1582 1491 sed
1596 1471 1656 1498 qua:
1667 1463 1693 1490 in
1708 1462 1798 1490 medio
1815 1461 1867 1489 sita

1080 1513 1122 1536 est
1143 1509 1296 1542 sententia,
1320 1517 1381 1536 eam
1405 1513 1539 1536 tenemus.
1558 1508 1594 1535 De
1615 1509 1693 1544 cujus
1709 1509 1824 1535 veritate
1839 1511 1869 1534 ut

1083 1553 1176 1580 lectori
1193 1554 1291 1589 cuique
1303 1555 1527 1590 persuadeamus,
1539 1560 1633 1587 restat,
1648 1555 1765 1590 primum
1781 1557 1810 1581 ut
1823 1561 1868 1580 ar-

1082 1603 1136 1626 tem
1151 1599 1272 1626 criticam
1286 1600 1320 1627 ab
1335 1600 1437 1628 Isidoro
1449 1600 1544 1628 leviter
1559 1608 1619 1628 esse
1641 1600 1788 1628 factitalam
1804 1607 1868 1635 pro-

1082 1645 1173 1676 betur,
1193 1645 1292 1672 dcinde
1320 1651 1350 1673 ut
1369 1646 1500 1681 exemplis
1522 1647 1685 1682 quihusdam
1710 1645 1870 1674 ostendatur

1082 1689 1257 1722 Pelusiotam,
1270 1694 1299 1717 ut
1315 1691 1382 1718 alios
1391 1692 1514 1726 ejusdem
1530 1692 1580 1720 aevi
1596 1692 1870 1728 interpretes,iuepto

1081 1736 1273 1771 allegoriarum
1291 1737 1380 1764 studio
1395 1737 1477 1766 nimis
1492 1739 1576 1766 fuisse
1595 1738 1726 1766 deditum.

1117 1781 1278 1816 Etprimum
1292 1781 1402 1816 quidem
1415 1786 1510 1809 notatu
1524 1783 1591 1810 satis
1604 1782 1715 1818 dignum
1731 1786 1781 1814 est,
1796 1781 1868 1817 quod

1082 1825 1146 1852 alibi
1163 1826 1218 1861 jam
1233 1827 1374 1861 tetigimus
1397 1827 1446 1863 (Il),
1462 1835 1524 1855 eum
1545 1828 1730 1862 statuisse;sz
1747 1827 1811 1854 Υἱὸν
1822 1827 1869 1854 τοῦ

1082 1871 1149 1898 Θεοῦ
1173 1879 1188 1899 a
1212 1871 1295 1899 Paulo
1319 1880 1375 1900 non
1409 1874 1592 1909 πρωτότοκον,
1621 1874 1668 1902 sed
1698 1873 1870 1909 πρωτοτόκον

1082 1918 1247 1952 appellatum
1276 1926 1348 1946 esse.
1368 1935 1404 1940 -—
1428 1920 1529 1948 Deinde
1554 1920 1581 1948 in
1605 1920 1724 1948 medium
1747 1919 1870 1956 proferre

1082 1963 1171 1999 placet
1192 1964 1335 1999 epistolam
1360 1965 1462 1993 Uranio
1485 1967 1600 1994 diacono
1621 1966 1749 2001 scriptam
1774 1966 1814 2002 (i),
1841 1964 1869 1993 in

1082 2018 1134 2045 qua
1149 2010 1193 2037 ille
1218 2010 1294 2038 Pauli
1308 2012 1391 2039 verba
1408 2012 1440 2047 (j)
1465 2021 1471 2040 :
1492 2012 1612 2048 Διαθήκη
1628 2012 1681 2049 γὰρ
1700 2012 1746 2039 ἐπὶ
1762 2012 1868 2047 νεκροῖς

1083 2055 1180 2090 βεϐαία
1195 2076 1202 2088 ,
1221 2056 1283 2082 ἐπεὶ
1299 2057 1403 2092 μήποτε
1433 2058 1518 2093 ἰσχύει
1536 2059 1580 2085 ὅτε
1597 2058 1629 2094 ζῇ
1653 2060 1667 2085 ὁ
1688 2058 1845 2093 διαθέμενος
1859 2076 1868 2089 ,

1082 2102 1210 2136 explicari
1225 2103 1335 2138 quidem
1349 2111 1427 2138 posse
1438 2104 1571 2138 concedit,
1588 2105 1634 2132 sed
1647 2104 1748 2132 rectius
1759 2104 1796 2139 μὴ
1808 2103 1869 2130 τότε

1083 2154 1132 2182 pro
1147 2148 1251 2183 μήποτε
1266 2149 1346 2175 scribi
1357 2149 1481 2181 alﬁrmat,
1491 2150 1516 2176 in
1528 2150 1600 2177 hunc
1613 2150 1722 2177 modum
1735 2159 1742 2177 :
1761 2147 1870 2185 Ἐπείδὴ

1082 2192 1222 2227 γέγραφας
1238 2193 1355 2228 νομίζων
1377 2194 1414 2229 ίΙς)
1432 2196 1470 2226 είς
1501 2195 1654 2222 τούναντίον
1677 2192 1708 2222 οὗ
1730 2195 1871 2231 προῄρητο

249 2236 405 2272 ἄνθρωπος,
419 2238 497 2269 ἐκτὸς
510 2237 556 2264 τοῦ
576 2238 701 2272 σώματός
716 2239 805 2265 ἐστιν·
821 2240 834 2265 ὸ
848 2239 877 2265 δὲ
893 2240 1031 2275 πορνεύων
1049 2247 1069 2274 ι)
1084 2239 1170 2265 εἰπεῖν
1185 2239 1214 2274 (l)
1236 2240 1450 2276 περιτετράφθαι
1464 2241 1511 2268 τὴν
1530 2242 1645 2274 Παῦλον,
1662 2242 1688 2268 τί
1713 2243 1780 2269 ἐστι.
1808 2242 1872 2267 Ata-

245 2280 284 2312 εις
299 2281 329 2307 τὸ
346 2281 410 2307 ἴδιον
432 2281 511 2317 σῶμα
528 2281 679 2316 ἁμαρτάνει
698 2282 735 2317 (g)
753 2283 861 2310 diverso
882 2284 961 2311 modo
981 2284 1029 2312 de-

281 2390 319 2426 (a)
335 2390 390 2425 Τῆς
406 2390 477 2425 quod
491 2391 571 2426 vulgo
583 2391 728 2425 omittitur,
740 2400 755 2420 e
769 2393 828 2422 cod.
848 2393 912 2422 Bav.
930 2395 1033 2422 adden-

246 2426 310 2453 dum
327 2428 386 2452 cs‘se
400 2433 508 2453 censeo.

281 2461 317 2495 (b')
329 2460 436 2496 iEvang.
455 2460 538 2488 Marc.
553 2470 598 2492 xv,
616 2462 660 2489 55.

282 2496 316 2534 (c_)
329 2495 562 2534 Boseltmucllerl.
581 2504 620 2534 c2
632 2505 660 2532 p.
677 2497 739 2534 QII.
752 2497 792 2525 Cf.
811 2498 945 2534 Dupinius
959 2499 977 2527 I.
995 2508 1032 2534 c.,

245 2540 272 2568 Ρ.
294 2532 320 2568 ti,
336 2531 388 2568 col.
406 2530 433 2563 2,
451 2535 478 2557 et
493 2531 571 2568 Rich.
594 2530 733 2568 Simon.rl.
754 2541 790 2565 c.,
811 2541 838 2568 p.
854 2530 918 2566 '508,
936 2535 989 2562 col.
1008 2530 1032 2562 ιζ

336 2565 394 2592 Lib.
413 2573 438 2604 _t,
454 2573 497 2599 ep.
514 2567 555 2604 75.,
577 2582 612 2604 _——
631 2568 655 2604 εί
671 2567 759 2604 τοίνυν
775 2565 822 2595 καῖ
841 2569 972 2604 βρώματα
987 2571 1034 2597 καὶ

246 2601 389 2640 ὲςθή-ματα
396 2600 445 2640 τῆς
457 2603 526 2640 κατὰ
536 2601 604 2640 fisci;
611 2602 668 2628 τελε
674 2603 715 2640 ia;
728 2600 868 2640 ἁ-ακήᾳεὼξ
880 2600 908 2631 ἐν
925 2605 1034 2640 ‘Imdvvn

245 2636 294 2676 edn
307 2636 444 2676 Βαπτιστῇ
460 2636 677 2676 ⁴ι-ἱτταιιῗὶεύθιιμεν,
694 2637 766 2676 Θριιξὶ
783 2636 841 2676 μὲν,
867 2639 892 2676 si
913 2638 967 2676 οἶόν
993 2636 1032 2670 τέξ

248 2671 316 2706 πρὸς
332 2670 444 2710 σκέπην
455 2670 681 2713 ἁρκερθησόμεθα
695 2681 700 2688 -
713 2670 857 2708 ’ἁκρέμοσι
870 2673 897 2699 δὲ
916 2674 1034 2708 βοτανῶν

247 2707 407 2743 καὶῌφυτων
431 2706 498 2740 πρὸς
513 2713 599 2743 »Λιτην
622 2708 788 2743 τροφὴνγκαὶ
806 2708 961 2743 ἀπέριττον.
986 2709 1031 2737 Sic

247 2726 419 2779 ἔὲἐίυξῇαρἶη
426 2726 689 2779 έὲξῖεὶίὲῖιᾏῖξξηῑὶὲἶέ
694 2726 935 2779 ἓᾷἀῗῖἱιῖῖἵιῗιζὸἶ
941 2726 1030 2779 ’ἆκέὲῖ

249 2783 313 2817 ppu
328 2775 356 2800 δὲ
371 2775 489 2809 βοτανῶν
505 2777 552 2817 καὶ
563 2777 668 2817 φύρων
684 2777 754 2817 τερδὲ
764 2778 857 2817 ὀλίγῃν
869 2775 971 2813 τροφὴν
985 2775 1031 2817 κα).

198 2841 208 2848 .
247 2810 361 2848 ὀξύναμιν
378 2825 411 2830 -
426 2819 489 2848 ί]υὲ
504 2811 584 2838 etiam
607 2812 633 2848 in
653 2812 713 2848 cod.
735 2811 800 2840 Bav.
817 2810 966 2840 desuut'é-
982 2815 1028 2840 καὶ

249 2844 402 2883 etcepit-rev.
413 2844 496 2872 40f.
511 2853 592 2881 porro
609 2847 732 2883 ejusdem
744 2847 805 2875 libri
825 2848 939 2883 epistola
957 2849 1028 2881 £62..

249 2878 276 2906 in
290 2885 342 2913 qua
356 2879 425 2907 hanc
437 2878 516 2907 suam
532 2878 693 2908 sententiam
709 2882 787 2916 plane
804 2887 830 2910 et
842 2878 968 2910 distincte
980 2878 1028 2910 de;

1084 2284 1155 2319 θήκη
1167 2285 1220 2320 γὰρ
1232 2285 1277 2312 ἐπὶ
1291 2287 1397 2322 νεκροῖς
1411 2287 1517 2321 βεϐαία,
1529 2288 1590 2314 ἐπεὶ
1606 2288 1709 2324 μήποτε
1727 2287 1813 2323 ἰσχύει
1825 2287 1870 2314 ὅτε

1087 2398 1197 2460 obliga-it
1215 2399 1343 2428 Isidorus.
1360 2417 1393 2422 —
1406 2401 1448 2428 Ci.
1470 2401 1624 2428 Comment.

1087 2441 1113 2460 ι).
1168 2455 1174 2460 .

1087 2441 1277 2505 μ’(ῗῗῡυρὶη.
1297 2470 1314 2497 I.
1334 2479 1370 2501 c.,
1386 2479 1413 2505 ι).
1430 2471 1456 2503 8,
1473 2471 1526 2498 col.
1548 2470 1572 2497 I.
1591 2470 1662 2497 Pour
1680 2445 1780 2504 preti-ve
1797 2470 1830 2497 de
1843 2477 1872 2498 sa

1087 2503 1256 2537 pénétration
1267 2510 1294 2532 et
1310 2505 1342 2533 de
1358 2503 1406 2533 son
1426 2505 1544 2532 habileté
1561 2505 1628 2532 dans
1646 2503 1872 2539 l'iuterpre'tation

1087 2538 1121 2575 de
1136 2539 1277 2567 I'Ecriture
1297 2541 1383 2567 sainte
1396 2562 1404 2572 ,
1423 2541 1440 2567 il
1461 2541 1534 2568 sullit
1563 2541 1597 2568 de
1620 2538 1778 2575 remarquer
1803 2540 1869 2575 qu‘il

1082 2572 1179 2611 donne_
1189 2575 1233 2611 dix
1245 2575 1421 2610 explications
1434 2575 1449 2602 a
1464 2584 1498 2602 un
1511 2582 1624 2611 passage
1637 2574 1671 2602 de
1682 2572 1800 2602 SfPaul.

1120 2609 1151 2645 if)
1171 2609 1229 2645 Lib.
1247 2617 1282 2645 Iv.
1301 2618 1345 2645 ep.
1361 2611 1421 2638 I29.

1118 2644 1155 2678 (gl
1173 2644 1247 2672 I’aul.
1263 2643 1273 2670 I
1289 2643 1334 2678 ep.
1350 2645 1383 2672 ad
1395 2646 1457 2672 |lor.
1475 2653 1512 2678 vt,
1530 2644 1572 2672 I8.

1121 2679 1158 2712 (It)
1172 2680 1217 2714 VCI'.
1232 2688 1258 2714 p.
1276 2679 1339 2707 206.

1122 2714 1151 2747 ti)
1170 2713 1279 2746 Lib.'tv,
1297 2723 1342 2749 ep.
1355 2715 1416 2741 I15.

1119 2748 1152 2783 (j)
1169 2749 1246 2777 Paul.
1264 2748 1358 2783 epﬁad
1375 2749 1458 2777 Hebr.
1475 2757 1511 2781 Ix,
1528 2749 1570 2776 i7.

1120 2784 1157 2817 (It)
1175 2784 1249 2812 Ilanc
1269 2784 1445 2811 Rittershusii
1468 2785 1653 2819 conjecturam
1670 2787 1784 2815 tutatur,
1806 2787 1876 2811 teste

1083 2817 1207 2851 Possino,
1220 2819 1280 2847 cod.
1296 2819 1358 2846 Vat.
1373 2820 1436 2847 650.
1453 2817 1531 2854 νυιεξ.
1546 2819 1660 2854 νομίζω.

1119 2853 1149 2888 (Ι)
1167 2854 1211 2881 Sic
1230 2855 1290 2882 cod.
1306 2854 1366 2881 Vat.
1388 2855 1450 2882 650.
1467 2850 1594 2889 —'Vulg'.
1611 2850 1771 2889 τεροείρηται
1785 2850 1874 2880 εἶπον.

1648 2408 1675 2435 p.
1695 2407 1731 2431 tt,
1749 2400 1820 2435 App.
1845 2401 1872 2432 I.
