  <div class='ocr_page' id='page_1' title='image "/cluster/home/n/w/nwhite01/storage/ocr_20150623/78/njp.32101077772794/059.png"; bbox 0 0 2044 3173; ppageno 0'>
   <div class='ocr_carea' id='block_1_1' title="bbox 229 161 1858 201">
    <p class='ocr_par' dir='ltr' id='par_1_1' title="bbox 229 161 1858 201">
     <span class='ocr_line' id='line_1_1' title="bbox 229 161 1858 201; baseline 0 -7"><span class='ocrx_word' id='word_1_1' title='bbox 229 165 280 201; x_wconf 76' lang='lat'><strong>103</strong></span> <span class='ocrx_word' id='word_1_2' title='bbox 770 164 1050 196; x_wconf 81' lang='lat' dir='ltr'><strong>PROLEGOMENA</strong></span> <span class='ocrx_word' id='word_1_3' title='bbox 1071 163 1171 194; x_wconf 87' lang='lat' dir='ltr'><strong>EDIT.</strong></span> <span class='ocrx_word' id='word_1_4' title='bbox 1191 162 1313 192; x_wconf 75' lang='lat' dir='ltr'><strong>PARIS.</strong></span> <span class='ocrx_word' id='word_1_5' title='bbox 1807 161 1858 194; x_wconf 69' lang='lat' dir='ltr'><strong>1M</strong></span> 
     </span>
    </p>
   </div>
   <div class='ocr_carea' id='block_1_2' title="bbox 251 238 1850 250">
    <p class='ocr_par' dir='ltr' id='par_1_2' title="bbox 251 238 1850 250">
     <span class='ocr_line' id='line_1_2' title="bbox 251 238 1850 250; baseline 0 -2"><span class='ocrx_word' id='word_1_6' title='bbox 251 238 1850 250; x_wconf 67' lang='lat' dir='ltr'><strong>—-—————-———I—————-—————_—_———_</strong></span> 
     </span>
    </p>
   </div>
   <div class='ocr_carea' id='block_1_3' title="bbox 751 321 1338 387">
    <p class='ocr_par' dir='ltr' id='par_1_3' title="bbox 751 321 1338 387">
     <span class='ocr_line' id='line_1_3' title="bbox 751 321 1338 387; baseline -0.005 -1"><span class='ocrx_word' id='word_1_7' title='bbox 751 321 1338 387; x_wconf 81' lang='lat' dir='ltr'><strong>PROLEGOMENA</strong></span> 
     </span>
    </p>
   </div>
   <div class='ocr_carea' id='block_1_4' title="bbox 507 453 1582 488">
    <p class='ocr_par' dir='ltr' id='par_1_4' title="bbox 507 453 1582 488">
     <span class='ocr_line' id='line_1_4' title="bbox 507 453 1582 488; baseline -0.003 0"><span class='ocrx_word' id='word_1_8' title='bbox 507 455 697 488; x_wconf 72' lang='lat' dir='ltr'><strong>PREFIXA</strong></span> <span class='ocrx_word' id='word_1_9' title='bbox 725 453 908 486; x_wconf 83' lang='lat' dir='ltr'><strong>EDITIONI</strong></span> <span class='ocrx_word' id='word_1_10' title='bbox 937 453 1135 484; x_wconf 76' lang='lat' dir='ltr'><strong>PARISINE</strong></span> <span class='ocrx_word' id='word_1_11' title='bbox 1163 453 1260 484; x_wconf 76' lang='lat' dir='ltr'><strong>ANNI</strong></span> <span class='ocrx_word' id='word_1_12' title='bbox 1287 453 1539 485; x_wconf 77' lang='lat' dir='ltr'><strong>MDCXXXVIH</strong></span> <span class='ocrx_word' id='word_1_13' title='bbox 1559 459 1582 486; x_wconf 87' lang='lat'><strong>&#39;.</strong></span> 
     </span>
    </p>
   </div>
   <div class='ocr_carea' id='block_1_5' title="bbox 648 621 1447 670">
    <p class='ocr_par' dir='ltr' id='par_1_5' title="bbox 648 621 1447 670">
     <span class='ocr_line' id='line_1_5' title="bbox 648 621 1447 670; baseline -0.003 -1"><span class='ocrx_word' id='word_1_14' title='bbox 648 622 937 670; x_wconf 86' lang='lat' dir='ltr'><strong>EPISTOLA</strong></span> <span class='ocrx_word' id='word_1_15' title='bbox 975 621 1447 669; x_wconf 81' lang='lat' dir='ltr'><strong>NUNCUPATORIA</strong></span> 
     </span>
    </p>
   </div>
   <div class='ocr_carea' id='block_1_6' title="bbox 897 727 1187 751">
    <p class='ocr_par' dir='ltr' id='par_1_6' title="bbox 897 727 1187 751">
     <span class='ocr_line' id='line_1_6' title="bbox 897 727 1187 751; baseline -0.003 -1"><span class='ocrx_word' id='word_1_16' title='bbox 897 727 1088 750; x_wconf 70' lang='lat' dir='ltr'><strong>AMPLISSIMO</strong></span> <span class='ocrx_word' id='word_1_17' title='bbox 1112 727 1187 751; x_wconf 71' lang='lat' dir='ltr'><strong>VIRO</strong></span> 
     </span>
    </p>
   </div>
   <div class='ocr_carea' id='block_1_7' title="bbox 545 799 1549 835">
    <p class='ocr_par' dir='ltr' id='par_1_7' title="bbox 545 799 1549 835">
     <span class='ocr_line' id='line_1_7' title="bbox 545 799 1549 835; baseline -0.005 0"><span class='ocrx_word' id='word_1_18' title='bbox 545 812 669 835; x_wconf 77' lang='lat' dir='ltr'><strong>DOMINO</strong></span> <span class='ocrx_word' id='word_1_19' title='bbox 691 811 723 834; x_wconf 82' lang='lat' dir='ltr'><strong>D.</strong></span> <span class='ocrx_word' id='word_1_20' title='bbox 744 810 846 832; x_wconf 77' lang='lat' dir='ltr'><strong>PETRO</strong></span> <span class='ocrx_word' id='word_1_21' title='bbox 871 809 1006 832; x_wconf 75' lang='lat' dir='ltr'><strong>SEGUIER</strong></span> <span class='ocrx_word' id='word_1_22' title='bbox 1028 809 1138 831; x_wconf 74' lang='lat' dir='ltr'><strong>MAGNO</strong></span> <span class='ocrx_word' id='word_1_23' title='bbox 1158 809 1306 831; x_wconf 68' lang='lat' dir='ltr'><strong>FRANCIE</strong></span> <span class='ocrx_word' id='word_1_24' title='bbox 1320 799 1549 831; x_wconf 73' lang='grc' dir='ltr'><strong>ὀΑΝοΕιιΔιιια</strong></span> 
     </span>
    </p>
   </div>
   <div class='ocr_carea' id='block_1_8' title="bbox 266 902 1862 941">
    <p class='ocr_par' dir='ltr' id='par_1_8' title="bbox 266 902 1862 941">
     <span class='ocr_line' id='line_1_8' title="bbox 266 902 1862 941; baseline -0.001 -7"><span class='ocrx_word' id='word_1_25' title='bbox 266 908 304 935; x_wconf 84' lang='lat' dir='ltr'><strong>Ea</strong></span> <span class='ocrx_word' id='word_1_26' title='bbox 321 913 430 941; x_wconf 81' lang='lat' dir='ltr'><strong>semper</strong></span> <span class='ocrx_word' id='word_1_27' title='bbox 441 906 562 933; x_wconf 93' lang='lat' dir='ltr'><strong>virorum</strong></span> <span class='ocrx_word' id='word_1_28' title='bbox 579 905 678 932; x_wconf 90' lang='lat' dir='ltr'><strong>animis</strong></span> <span class='ocrx_word' id='word_1_29' title='bbox 688 904 794 941; x_wconf 79' lang='lat' dir='ltr'><strong>egregia</strong></span> <span class='ocrx_word' id='word_1_30' title='bbox 809 904 899 932; x_wconf 86' lang='lat' dir='ltr'><strong>indole</strong></span> <span class='ocrx_word' id='word_1_31' title='bbox 916 903 1093 940; x_wconf 68' lang='lat' dir='ltr'><strong>praeditorum</strong></span> <span class='ocrx_word' id='word_1_32' title='bbox 1110 902 1209 930; x_wconf 89' lang='lat' dir='ltr'><strong>insedit</strong></span> <span class='ocrx_word' id='word_1_33' title='bbox 1221 902 1313 938; x_wconf 93' lang='lat' dir='ltr'><strong>opinio</strong></span> <span class='ocrx_word' id='word_1_34' title='bbox 1323 923 1330 936; x_wconf 86' lang='lat'><strong>,</strong></span> <span class='ocrx_word' id='word_1_35' title='bbox 1345 903 1384 930; x_wconf 84' lang='lat' dir='ltr'><strong>vir</strong></span> <span class='ocrx_word' id='word_1_36' title='bbox 1397 903 1569 938; x_wconf 79' lang='lat' dir='ltr'><strong>amplissime,</strong></span> <span class='ocrx_word' id='word_1_37' title='bbox 1589 908 1618 931; x_wconf 93' lang='lat' dir='ltr'><strong>ut</strong></span> <span class='ocrx_word' id='word_1_38' title='bbox 1633 903 1701 932; x_wconf 83' lang='lat' dir='ltr'><strong>nihil</strong></span> <span class='ocrx_word' id='word_1_39' title='bbox 1712 905 1862 940; x_wconf 79' lang='lat' dir='ltr'><strong>pulchrius,</strong></span> 
     </span>
    </p>
   </div>
   <div class='ocr_carea' id='block_1_9' title="bbox 232 955 1863 995">
    <p class='ocr_par' dir='ltr' id='par_1_9' title="bbox 232 955 1863 995">
     <span class='ocr_line' id='line_1_9' title="bbox 232 955 1863 995; baseline -0.001 -8"><span class='ocrx_word' id='word_1_40' title='bbox 232 967 322 995; x_wconf 87' lang='lat' dir='ltr'><strong>neque</strong></span> <span class='ocrx_word' id='word_1_41' title='bbox 333 959 365 986; x_wconf 87' lang='lat' dir='ltr'><strong>ad</strong></span> <span class='ocrx_word' id='word_1_42' title='bbox 379 958 491 994; x_wconf 75' lang='lat' dir='ltr'><strong>gloriam</strong></span> <span class='ocrx_word' id='word_1_43' title='bbox 507 957 640 985; x_wconf 74' lang='lat' dir='ltr'><strong>illustrius</strong></span> <span class='ocrx_word' id='word_1_44' title='bbox 651 964 712 984; x_wconf 87' lang='lat' dir='ltr'><strong>esse</strong></span> <span class='ocrx_word' id='word_1_45' title='bbox 727 956 934 988; x_wconf 81' lang='lat' dir='ltr'><strong>existimarent,</strong></span> <span class='ocrx_word' id='word_1_46' title='bbox 952 963 1032 990; x_wconf 88' lang='lat' dir='ltr'><strong>quam</strong></span> <span class='ocrx_word' id='word_1_47' title='bbox 1051 956 1072 982; x_wconf 95' lang='lat' dir='ltr'><strong>si</strong></span> <span class='ocrx_word' id='word_1_48' title='bbox 1086 955 1219 990; x_wconf 84' lang='lat' dir='ltr'><strong>majorum</strong></span> <span class='ocrx_word' id='word_1_49' title='bbox 1241 963 1353 982; x_wconf 91' lang='lat' dir='ltr'><strong>suorum</strong></span> <span class='ocrx_word' id='word_1_50' title='bbox 1369 955 1493 988; x_wconf 77' lang='lat' dir='ltr'><strong>virtutes,</strong></span> <span class='ocrx_word' id='word_1_51' title='bbox 1512 957 1662 991; x_wconf 85' lang='lat' dir='ltr'><strong>eorumque</strong></span> <span class='ocrx_word' id='word_1_52' title='bbox 1677 959 1806 992; x_wconf 59' lang='lat' dir='ltr'><strong>praeclara</strong></span> <span class='ocrx_word' id='word_1_53' title='bbox 1822 959 1863 986; x_wconf 72' lang='lat' dir='ltr'><strong>l‘a-</strong></span> 
     </span>
    </p>
   </div>
   <div class='ocr_carea' id='block_1_10' title="bbox 232 1007 1863 1046">
    <p class='ocr_par' dir='ltr' id='par_1_10' title="bbox 232 1007 1863 1046">
     <span class='ocr_line' id='line_1_10' title="bbox 232 1007 1863 1046; baseline 0 -7"><span class='ocrx_word' id='word_1_54' title='bbox 232 1013 326 1040; x_wconf 87' lang='lat' dir='ltr'><strong>cinora</strong></span> <span class='ocrx_word' id='word_1_55' title='bbox 344 1011 400 1038; x_wconf 88' lang='lat' dir='ltr'><strong>suis</strong></span> <span class='ocrx_word' id='word_1_56' title='bbox 413 1010 594 1037; x_wconf 71' lang='lat' dir='ltr'><strong>imitarentur.</strong></span> <span class='ocrx_word' id='word_1_57' title='bbox 608 1009 637 1036; x_wconf 86' lang='lat' dir='ltr'><strong>in</strong></span> <span class='ocrx_word' id='word_1_58' title='bbox 656 1016 708 1044; x_wconf 91' lang='lat' dir='ltr'><strong>qua</strong></span> <span class='ocrx_word' id='word_1_59' title='bbox 721 1008 830 1043; x_wconf 80' lang='lat' dir='ltr'><strong>quidem</strong></span> <span class='ocrx_word' id='word_1_60' title='bbox 845 1007 980 1035; x_wconf 84' lang='lat' dir='ltr'><strong>sententia</strong></span> <span class='ocrx_word' id='word_1_61' title='bbox 992 1016 1054 1035; x_wconf 86' lang='lat' dir='ltr'><strong>cum</strong></span> <span class='ocrx_word' id='word_1_62' title='bbox 1070 1016 1120 1044; x_wconf 85' lang='lat' dir='ltr'><strong>ego</strong></span> <span class='ocrx_word' id='word_1_63' title='bbox 1131 1008 1186 1043; x_wconf 88' lang='lat' dir='ltr'><strong>jam</strong></span> <span class='ocrx_word' id='word_1_64' title='bbox 1201 1008 1265 1035; x_wconf 89' lang='lat' dir='ltr'><strong>inde</strong></span> <span class='ocrx_word' id='word_1_65' title='bbox 1277 1009 1310 1035; x_wconf 92' lang='lat' dir='ltr'><strong>ab</strong></span> <span class='ocrx_word' id='word_1_66' title='bbox 1324 1009 1435 1035; x_wconf 80' lang='lat' dir='ltr'><strong>ineunte</strong></span> <span class='ocrx_word' id='word_1_67' title='bbox 1448 1013 1527 1036; x_wconf 62' lang='lat' dir='ltr'><strong>aelate</strong></span> <span class='ocrx_word' id='word_1_68' title='bbox 1541 1008 1649 1042; x_wconf 83' lang='lat' dir='ltr'><strong>fuerim,</strong></span> <span class='ocrx_word' id='word_1_69' title='bbox 1669 1018 1785 1046; x_wconf 88' lang='lat' dir='ltr'><strong>cumque</strong></span> <span class='ocrx_word' id='word_1_70' title='bbox 1805 1019 1863 1039; x_wconf 85' lang='lat' dir='ltr'><strong>ma-</strong></span> 
     </span>
    </p>
   </div>
   <div class='ocr_carea' id='block_1_11' title="bbox 232 1061 1865 1100">
    <p class='ocr_par' dir='ltr' id='par_1_11' title="bbox 232 1061 1865 1100">
     <span class='ocr_line' id='line_1_11' title="bbox 232 1061 1865 1100; baseline 0.001 -9"><span class='ocrx_word' id='word_1_71' title='bbox 232 1065 320 1091; x_wconf 78' lang='lat' dir='ltr'><strong>ximos</strong></span> <span class='ocrx_word' id='word_1_72' title='bbox 336 1063 458 1098; x_wconf 86' lang='lat' dir='ltr'><strong>parentis</strong></span> <span class='ocrx_word' id='word_1_73' title='bbox 473 1063 526 1089; x_wconf 86' lang='lat' dir='ltr'><strong>mei</strong></span> <span class='ocrx_word' id='word_1_74' title='bbox 548 1062 657 1089; x_wconf 81' lang='lat' dir='ltr'><strong>labores</strong></span> <span class='ocrx_word' id='word_1_75' title='bbox 679 1066 759 1096; x_wconf 91' lang='lat' dir='ltr'><strong>atque</strong></span> <span class='ocrx_word' id='word_1_76' title='bbox 774 1061 902 1088; x_wconf 71' lang='lat' dir='ltr'><strong>eximiam</strong></span> <span class='ocrx_word' id='word_1_77' title='bbox 919 1061 1038 1088; x_wconf 88' lang='lat' dir='ltr'><strong>melioris</strong></span> <span class='ocrx_word' id='word_1_78' title='bbox 1052 1066 1124 1088; x_wconf 81' lang='lat' dir='ltr'><strong>not-.e</strong></span> <span class='ocrx_word' id='word_1_79' title='bbox 1145 1062 1302 1089; x_wconf 84' lang='lat' dir='ltr'><strong>auctoribus</strong></span> <span class='ocrx_word' id='word_1_80' title='bbox 1316 1062 1428 1089; x_wconf 84' lang='lat' dir='ltr'><strong>edendis</strong></span> <span class='ocrx_word' id='word_1_81' title='bbox 1450 1068 1576 1089; x_wconf 89' lang='lat' dir='ltr'><strong>navatam</strong></span> <span class='ocrx_word' id='word_1_82' title='bbox 1593 1071 1714 1098; x_wconf 84' lang='lat' dir='ltr'><strong>operam,</strong></span> <span class='ocrx_word' id='word_1_83' title='bbox 1729 1072 1865 1100; x_wconf 86' lang='lat' dir='ltr'><strong>quamque</strong></span> 
     </span>
    </p>
   </div>
   <div class='ocr_carea' id='block_1_12' title="bbox 235 1114 1865 1152">
    <p class='ocr_par' dir='ltr' id='par_1_12' title="bbox 235 1114 1865 1152">
     <span class='ocr_line' id='line_1_12' title="bbox 235 1114 1865 1152; baseline 0.001 -9"><span class='ocrx_word' id='word_1_84' title='bbox 235 1117 297 1143; x_wconf 89' lang='lat' dir='ltr'><strong>inde</strong></span> <span class='ocrx_word' id='word_1_85' title='bbox 313 1115 432 1142; x_wconf 85' lang='lat' dir='ltr'><strong>nominis</strong></span> <span class='ocrx_word' id='word_1_86' title='bbox 448 1114 545 1141; x_wconf 80' lang='lat' dir='ltr'><strong>famam</strong></span> <span class='ocrx_word' id='word_1_87' title='bbox 559 1119 586 1140; x_wconf 83' lang='lat' dir='ltr'><strong>et</strong></span> <span class='ocrx_word' id='word_1_88' title='bbox 602 1114 708 1141; x_wconf 88' lang='lat' dir='ltr'><strong>laudem</strong></span> <span class='ocrx_word' id='word_1_89' title='bbox 725 1114 782 1149; x_wconf 91' lang='lat' dir='ltr'><strong>ipse</strong></span> <span class='ocrx_word' id='word_1_90' title='bbox 799 1118 840 1141; x_wconf 86' lang='lat' dir='ltr'><strong>est</strong></span> <span class='ocrx_word' id='word_1_91' title='bbox 855 1117 1027 1145; x_wconf 64' lang='lat' dir='ltr'><strong>cons¢3cutus,</strong></span> <span class='ocrx_word' id='word_1_92' title='bbox 1042 1114 1133 1142; x_wconf 89' lang='lat' dir='ltr'><strong>animo</strong></span> <span class='ocrx_word' id='word_1_93' title='bbox 1148 1115 1357 1150; x_wconf 81' lang='lat' dir='ltr'><strong>perpenderem,</strong></span> <span class='ocrx_word' id='word_1_94' title='bbox 1371 1120 1445 1142; x_wconf 89' lang='lat' dir='ltr'><strong>tanto</strong></span> <span class='ocrx_word' id='word_1_95' title='bbox 1461 1115 1561 1149; x_wconf 85' lang='lat' dir='ltr'><strong>studio,</strong></span> <span class='ocrx_word' id='word_1_96' title='bbox 1577 1120 1706 1152; x_wconf 88' lang='lat' dir='ltr'><strong>tantaque</strong></span> <span class='ocrx_word' id='word_1_97' title='bbox 1716 1118 1865 1152; x_wconf 79' lang='lat' dir='ltr'><strong>cupiditate</strong></span> 
     </span>
    </p>
   </div>
   <div class='ocr_carea' id='block_1_13' title="bbox 235 1167 1865 1206">
    <p class='ocr_par' dir='ltr' id='par_1_13' title="bbox 235 1167 1865 1206">
     <span class='ocr_line' id='line_1_13' title="bbox 235 1167 1865 1206; baseline 0.001 -10"><span class='ocrx_word' id='word_1_98' title='bbox 235 1169 268 1196; x_wconf 88' lang='lat' dir='ltr'><strong>ad</strong></span> <span class='ocrx_word' id='word_1_99' title='bbox 287 1169 402 1196; x_wconf 77' lang='lat' dir='ltr'><strong>similem</strong></span> <span class='ocrx_word' id='word_1_100' title='bbox 418 1169 547 1196; x_wconf 86' lang='lat' dir='ltr'><strong>virtutem</strong></span> <span class='ocrx_word' id='word_1_101' title='bbox 568 1168 737 1203; x_wconf 83' lang='lat' dir='ltr'><strong>similemque</strong></span> <span class='ocrx_word' id='word_1_102' title='bbox 759 1168 870 1204; x_wconf 77' lang='lat' dir='ltr'><strong>gloriam</strong></span> <span class='ocrx_word' id='word_1_103' title='bbox 886 1175 945 1194; x_wconf 92' lang='lat' dir='ltr'><strong>sum</strong></span> <span class='ocrx_word' id='word_1_104' title='bbox 963 1167 1108 1200; x_wconf 88' lang='lat' dir='ltr'><strong>incitatus,</strong></span> <span class='ocrx_word' id='word_1_105' title='bbox 1125 1171 1155 1194; x_wconf 91' lang='lat' dir='ltr'><strong>ut</strong></span> <span class='ocrx_word' id='word_1_106' title='bbox 1167 1175 1221 1202; x_wconf 90' lang='lat' dir='ltr'><strong>quo</strong></span> <span class='ocrx_word' id='word_1_107' title='bbox 1239 1167 1295 1202; x_wconf 87' lang='lat' dir='ltr'><strong>jam</strong></span> <span class='ocrx_word' id='word_1_108' title='bbox 1316 1168 1422 1202; x_wconf 87' lang='lat' dir='ltr'><strong>pridem</strong></span> <span class='ocrx_word' id='word_1_109' title='bbox 1437 1168 1470 1195; x_wconf 93' lang='lat' dir='ltr'><strong>de</strong></span> <span class='ocrx_word' id='word_1_110' title='bbox 1493 1169 1630 1206; x_wconf 84' lang='lat' dir='ltr'><strong>republica</strong></span> <span class='ocrx_word' id='word_1_111' title='bbox 1644 1170 1775 1197; x_wconf 90' lang='lat' dir='ltr'><strong>litteraria</strong></span> <span class='ocrx_word' id='word_1_112' title='bbox 1795 1171 1865 1198; x_wconf 85' lang='lat' dir='ltr'><strong>bene</strong></span> 
     </span>
    </p>
   </div>
   <div class='ocr_carea' id='block_1_14' title="bbox 234 1220 1865 1257">
    <p class='ocr_par' dir='ltr' id='par_1_14' title="bbox 234 1220 1865 1257">
     <span class='ocr_line' id='line_1_14' title="bbox 234 1220 1865 1257; baseline 0.002 -9"><span class='ocrx_word' id='word_1_113' title='bbox 234 1221 356 1249; x_wconf 81' lang='lat' dir='ltr'><strong>mercudi</strong></span> <span class='ocrx_word' id='word_1_114' title='bbox 372 1221 507 1249; x_wconf 86' lang='lat' dir='ltr'><strong>desiderio</strong></span> <span class='ocrx_word' id='word_1_115' title='bbox 521 1222 672 1256; x_wconf 87' lang='lat' dir='ltr'><strong>ﬁagrarem,</strong></span> <span class='ocrx_word' id='word_1_116' title='bbox 690 1221 755 1248; x_wconf 91' lang='lat' dir='ltr'><strong>illud</strong></span> <span class='ocrx_word' id='word_1_117' title='bbox 776 1220 877 1248; x_wconf 85' lang='lat' dir='ltr'><strong>diutius</strong></span> <span class='ocrx_word' id='word_1_118' title='bbox 889 1221 915 1247; x_wconf 91' lang='lat' dir='ltr'><strong>in</strong></span> <span class='ocrx_word' id='word_1_119' title='bbox 931 1223 1122 1255; x_wconf 81' lang='lat' dir='ltr'><strong>peclore&#39;meo</strong></span> <span class='ocrx_word' id='word_1_120' title='bbox 1141 1221 1275 1248; x_wconf 81' lang='lat' dir='ltr'><strong>inclusum</strong></span> <span class='ocrx_word' id='word_1_121' title='bbox 1299 1221 1439 1249; x_wconf 85' lang='lat' dir='ltr'><strong>continere</strong></span> <span class='ocrx_word' id='word_1_122' title='bbox 1453 1230 1507 1249; x_wconf 93' lang='lat' dir='ltr'><strong>non</strong></span> <span class='ocrx_word' id='word_1_123' title='bbox 1522 1223 1667 1257; x_wconf 86' lang='lat' dir='ltr'><strong>potuerim,</strong></span> <span class='ocrx_word' id='word_1_124' title='bbox 1683 1224 1730 1251; x_wconf 90' lang='lat' dir='ltr'><strong>sed</strong></span> <span class='ocrx_word' id='word_1_125' title='bbox 1746 1225 1808 1252; x_wconf 91' lang='lat' dir='ltr'><strong>totis</strong></span> <span class='ocrx_word' id='word_1_126' title='bbox 1823 1225 1865 1252; x_wconf 89' lang='lat' dir='ltr'><strong>vi-</strong></span> 
     </span>
    </p>
   </div>
   <div class='ocr_carea' id='block_1_15' title="bbox 233 1273 1863 1311">
    <p class='ocr_par' dir='ltr' id='par_1_15' title="bbox 233 1273 1863 1311">
     <span class='ocr_line' id='line_1_15' title="bbox 233 1273 1863 1311; baseline 0.002 -10"><span class='ocrx_word' id='word_1_127' title='bbox 233 1274 309 1301; x_wconf 88' lang='lat' dir='ltr'><strong>ribus</strong></span> <span class='ocrx_word' id='word_1_128' title='bbox 336 1273 364 1299; x_wconf 93' lang='lat' dir='ltr'><strong>in</strong></span> <span class='ocrx_word' id='word_1_129' title='bbox 391 1273 417 1301; x_wconf 96' lang='lat' dir='ltr'><strong>id</strong></span> <span class='ocrx_word' id='word_1_130' title='bbox 446 1274 512 1301; x_wconf 88' lang='lat' dir='ltr'><strong>mibi</strong></span> <span class='ocrx_word' id='word_1_131' title='bbox 543 1273 754 1300; x_wconf 88' lang='lat' dir='ltr'><strong>incumbendum</strong></span> <span class='ocrx_word' id='word_1_132' title='bbox 773 1278 896 1308; x_wconf 89' lang='lat' dir='ltr'><strong>putarem</strong></span> <span class='ocrx_word' id='word_1_133' title='bbox 909 1293 916 1306; x_wconf 92' lang='lat'><strong>,</strong></span> <span class='ocrx_word' id='word_1_134' title='bbox 937 1276 967 1299; x_wconf 91' lang='lat' dir='ltr'><strong>ut</strong></span> <span class='ocrx_word' id='word_1_135' title='bbox 989 1280 1148 1308; x_wconf 75' lang='lat' dir='ltr'><strong>quacunque</strong></span> <span class='ocrx_word' id='word_1_136' title='bbox 1164 1273 1270 1300; x_wconf 92' lang='lat' dir='ltr'><strong>ratione</strong></span> <span class='ocrx_word' id='word_1_137' title='bbox 1285 1281 1404 1308; x_wconf 88' lang='lat' dir='ltr'><strong>possem,</strong></span> <span class='ocrx_word' id='word_1_138' title='bbox 1424 1274 1545 1301; x_wconf 91' lang='lat' dir='ltr'><strong>animum</strong></span> <span class='ocrx_word' id='word_1_139' title='bbox 1560 1283 1650 1302; x_wconf 87' lang='lat' dir='ltr'><strong>meum</strong></span> <span class='ocrx_word' id='word_1_140' title='bbox 1671 1276 1863 1311; x_wconf 82' lang='lat' dir='ltr'><strong>patefacerem.</strong></span> 
     </span>
    </p>
   </div>
   <div class='ocr_carea' id='block_1_16' title="bbox 232 1326 1864 1363">
    <p class='ocr_par' dir='ltr' id='par_1_16' title="bbox 232 1326 1864 1363">
     <span class='ocr_line' id='line_1_16' title="bbox 232 1326 1864 1363; baseline 0 -6"><span class='ocrx_word' id='word_1_141' title='bbox 232 1330 300 1358; x_wconf 88' lang='lat' dir='ltr'><strong>Cum</strong></span> <span class='ocrx_word' id='word_1_142' title='bbox 317 1334 409 1356; x_wconf 87' lang='lat' dir='ltr'><strong>autem</strong></span> <span class='ocrx_word' id='word_1_143' title='bbox 426 1329 453 1355; x_wconf 95' lang='lat' dir='ltr'><strong>in</strong></span> <span class='ocrx_word' id='word_1_144' title='bbox 468 1335 498 1355; x_wconf 85' lang='lat' dir='ltr'><strong>ea</strong></span> <span class='ocrx_word' id='word_1_145' title='bbox 515 1326 678 1362; x_wconf 80' lang='lat' dir='ltr'><strong>cogitatione</strong></span> <span class='ocrx_word' id='word_1_146' title='bbox 693 1330 766 1353; x_wconf 90' lang='lat' dir='ltr'><strong>totus</strong></span> <span class='ocrx_word' id='word_1_147' title='bbox 781 1334 912 1358; x_wconf 82' lang='lat' dir='ltr'><strong>versarer,</strong></span> <span class='ocrx_word' id='word_1_148' title='bbox 930 1330 1011 1357; x_wconf 84' lang='lat' dir='ltr'><strong>atque</strong></span> <span class='ocrx_word' id='word_1_149' title='bbox 1025 1326 1053 1353; x_wconf 93' lang='lat' dir='ltr'><strong>in</strong></span> <span class='ocrx_word' id='word_1_150' title='bbox 1081 1327 1171 1362; x_wconf 88' lang='lat' dir='ltr'><strong>aliquo</strong></span> <span class='ocrx_word' id='word_1_151' title='bbox 1198 1327 1340 1362; x_wconf 79' lang='lat' dir='ltr'><strong>deligendo</strong></span> <span class='ocrx_word' id='word_1_152' title='bbox 1354 1335 1435 1362; x_wconf 88' lang='lat' dir='ltr'><strong>opere</strong></span> <span class='ocrx_word' id='word_1_153' title='bbox 1448 1327 1618 1362; x_wconf 86' lang='lat' dir='ltr'><strong>potissimum</strong></span> <span class='ocrx_word' id='word_1_154' title='bbox 1644 1329 1748 1356; x_wconf 80' lang='lat' dir='ltr'><strong>deﬁxus</strong></span> <span class='ocrx_word' id='word_1_155' title='bbox 1763 1337 1864 1363; x_wconf 87' lang='lat' dir='ltr'><strong>essem,</strong></span> 
     </span>
    </p>
   </div>
   <div class='ocr_carea' id='block_1_17' title="bbox 232 1379 1867 1416">
    <p class='ocr_par' dir='ltr' id='par_1_17' title="bbox 232 1379 1867 1416">
     <span class='ocr_line' id='line_1_17' title="bbox 232 1379 1867 1416; baseline -0.002 -4"><span class='ocrx_word' id='word_1_156' title='bbox 232 1385 302 1412; x_wconf 90' lang='lat' dir='ltr'><strong>nihil</strong></span> <span class='ocrx_word' id='word_1_157' title='bbox 319 1383 433 1411; x_wconf 89' lang='lat' dir='ltr'><strong>eruditis</strong></span> <span class='ocrx_word' id='word_1_158' title='bbox 449 1381 515 1409; x_wconf 87' lang='lat' dir='ltr'><strong>viris</strong></span> <span class='ocrx_word' id='word_1_159' title='bbox 527 1381 631 1416; x_wconf 82' lang='lat' dir='ltr'><strong>gratius</strong></span> <span class='ocrx_word' id='word_1_160' title='bbox 647 1384 728 1415; x_wconf 89' lang='lat' dir='ltr'><strong>atque</strong></span> <span class='ocrx_word' id='word_1_161' title='bbox 741 1380 879 1415; x_wconf 80' lang='lat' dir='ltr'><strong>acceptius</strong></span> <span class='ocrx_word' id='word_1_162' title='bbox 895 1379 952 1407; x_wconf 82' lang='lat' dir='ltr'><strong>fore</strong></span> <span class='ocrx_word' id='word_1_163' title='bbox 963 1379 1080 1415; x_wconf 86' lang='lat' dir='ltr'><strong>judicavi</strong></span> <span class='ocrx_word' id='word_1_164' title='bbox 1092 1401 1099 1412; x_wconf 82' lang='lat'><strong>,</strong></span> <span class='ocrx_word' id='word_1_165' title='bbox 1115 1387 1197 1414; x_wconf 89' lang='lat' dir='ltr'><strong>quam</strong></span> <span class='ocrx_word' id='word_1_166' title='bbox 1213 1379 1234 1407; x_wconf 92' lang='lat' dir='ltr'><strong>si</strong></span> <span class='ocrx_word' id='word_1_167' title='bbox 1250 1381 1375 1415; x_wconf 83' lang='lat' dir='ltr'><strong>Magnam</strong></span> <span class='ocrx_word' id='word_1_168' title='bbox 1394 1379 1506 1407; x_wconf 78' lang='lat' dir='ltr'><strong>Patrum</strong></span> <span class='ocrx_word' id='word_1_169' title='bbox 1528 1385 1551 1407; x_wconf 86' lang='lat' dir='ltr'><strong>et</strong></span> <span class='ocrx_word' id='word_1_170' title='bbox 1566 1381 1723 1415; x_wconf 78' lang='lat' dir='ltr'><strong>scriptorum</strong></span> <span class='ocrx_word' id='word_1_171' title='bbox 1743 1382 1867 1409; x_wconf 72' lang='lat' dir='ltr'><strong>eet-lesio-</strong></span> 
     </span>
    </p>
   </div>
   <div class='ocr_carea' id='block_1_18' title="bbox 232 1432 1864 1469">
    <p class='ocr_par' dir='ltr' id='par_1_18' title="bbox 232 1432 1864 1469">
     <span class='ocr_line' id='line_1_18' title="bbox 232 1432 1864 1469; baseline -0.002 -5"><span class='ocrx_word' id='word_1_172' title='bbox 232 1438 357 1465; x_wconf 81' lang='lat' dir='ltr'><strong>sticornm</strong></span> <span class='ocrx_word' id='word_1_173' title='bbox 375 1434 563 1462; x_wconf 83' lang='lat' dir='ltr'><strong>Bibliothecam</strong></span> <span class='ocrx_word' id='word_1_174' title='bbox 582 1433 652 1469; x_wconf 80' lang='lat' dir='ltr'><strong>typis</strong></span> <span class='ocrx_word' id='word_1_175' title='bbox 665 1433 832 1460; x_wconf 83' lang='lat' dir='ltr'><strong>mandarem.</strong></span> <span class='ocrx_word' id='word_1_176' title='bbox 846 1433 927 1468; x_wconf 84' lang='lat' dir='ltr'><strong>Atqui</strong></span> <span class='ocrx_word' id='word_1_177' title='bbox 943 1441 975 1460; x_wconf 85' lang='lat' dir='ltr'><strong>eo</strong></span> <span class='ocrx_word' id='word_1_178' title='bbox 987 1432 1118 1460; x_wconf 87' lang='lat' dir='ltr'><strong>libentius</strong></span> <span class='ocrx_word' id='word_1_179' title='bbox 1133 1437 1214 1467; x_wconf 87' lang='lat' dir='ltr'><strong>atque</strong></span> <span class='ocrx_word' id='word_1_180' title='bbox 1228 1432 1344 1460; x_wconf 78' lang='lat' dir='ltr'><strong>alacrius</strong></span> <span class='ocrx_word' id='word_1_181' title='bbox 1362 1432 1394 1460; x_wconf 90' lang='lat' dir='ltr'><strong>ad</strong></span> <span class='ocrx_word' id='word_1_182' title='bbox 1419 1432 1485 1460; x_wconf 86' lang='lat' dir='ltr'><strong>illud</strong></span> <span class='ocrx_word' id='word_1_183' title='bbox 1513 1441 1582 1468; x_wconf 88' lang='lat' dir='ltr'><strong>opus</strong></span> <span class='ocrx_word' id='word_1_184' title='bbox 1610 1433 1731 1460; x_wconf 89' lang='lat' dir='ltr'><strong>animum</strong></span> <span class='ocrx_word' id='word_1_185' title='bbox 1758 1434 1845 1469; x_wconf 88' lang='lat' dir='ltr'><strong>adjeci</strong></span> <span class='ocrx_word' id='word_1_186' title='bbox 1857 1456 1864 1468; x_wconf 93' lang='lat'><strong>,</strong></span> 
     </span>
    </p>
   </div>
   <div class='ocr_carea' id='block_1_19' title="bbox 233 1485 1866 1526">
    <p class='ocr_par' dir='ltr' id='par_1_19' title="bbox 233 1485 1866 1526">
     <span class='ocr_line' id='line_1_19' title="bbox 233 1485 1866 1526; baseline -0.002 -9"><span class='ocrx_word' id='word_1_187' title='bbox 233 1490 304 1526; x_wconf 91' lang='lat' dir='ltr'><strong>quod</strong></span> <span class='ocrx_word' id='word_1_188' title='bbox 325 1489 445 1516; x_wconf 82' lang='lat' dir='ltr'><strong>futurum</strong></span> <span class='ocrx_word' id='word_1_189' title='bbox 460 1495 597 1522; x_wconf 79' lang='lat' dir='ltr'><strong>sperarem</strong></span> <span class='ocrx_word' id='word_1_190' title='bbox 614 1491 644 1513; x_wconf 93' lang='lat' dir='ltr'><strong>ut</strong></span> <span class='ocrx_word' id='word_1_191' title='bbox 657 1486 746 1521; x_wconf 92' lang='lat' dir='ltr'><strong>ipsum</strong></span> <span class='ocrx_word' id='word_1_192' title='bbox 759 1493 855 1513; x_wconf 91' lang='lat' dir='ltr'><strong>omnes</strong></span> <span class='ocrx_word' id='word_1_193' title='bbox 870 1490 1003 1521; x_wconf 85' lang='lat' dir='ltr'><strong>quotquot</strong></span> <span class='ocrx_word' id='word_1_194' title='bbox 1017 1490 1081 1513; x_wconf 90' lang='lat' dir='ltr'><strong>sunt</strong></span> <span class='ocrx_word' id='word_1_195' title='bbox 1095 1485 1122 1513; x_wconf 90' lang='lat' dir='ltr'><strong>in</strong></span> <span class='ocrx_word' id='word_1_196' title='bbox 1137 1490 1193 1513; x_wconf 90' lang='lat' dir='ltr'><strong>toto</strong></span> <span class='ocrx_word' id='word_1_197' title='bbox 1206 1485 1273 1513; x_wconf 88' lang='lat' dir='ltr'><strong>orbe</strong></span> <span class='ocrx_word' id='word_1_198' title='bbox 1293 1485 1449 1513; x_wconf 84' lang='lat' dir='ltr'><strong>Christiano</strong></span> <span class='ocrx_word' id='word_1_199' title='bbox 1467 1486 1596 1513; x_wconf 74' lang='lat' dir='ltr'><strong>Ecclesia:</strong></span> <span class='ocrx_word' id='word_1_200' title='bbox 1615 1487 1725 1514; x_wconf 89' lang='lat' dir='ltr'><strong>Patrum</strong></span> <span class='ocrx_word' id='word_1_201' title='bbox 1740 1487 1866 1515; x_wconf 89' lang='lat' dir='ltr'><strong>lectionis</strong></span> 
     </span>
    </p>
   </div>
   <div class='ocr_carea' id='block_1_20' title="bbox 233 1538 1867 1576">
    <p class='ocr_par' dir='ltr' id='par_1_20' title="bbox 233 1538 1867 1576">
     <span class='ocr_line' id='line_1_20' title="bbox 233 1538 1867 1576; baseline -0.001 -6"><span class='ocrx_word' id='word_1_202' title='bbox 233 1548 357 1571; x_wconf 82' lang='lat' dir='ltr'><strong>amantes</strong></span> <span class='ocrx_word' id='word_1_203' title='bbox 383 1548 555 1576; x_wconf 88' lang='lat' dir='ltr'><strong>summopere</strong></span> <span class='ocrx_word' id='word_1_204' title='bbox 579 1539 835 1575; x_wconf 87' lang='lat' dir='ltr'><strong>complecterentur,</strong></span> <span class='ocrx_word' id='word_1_205' title='bbox 854 1547 915 1566; x_wconf 91' lang='lat' dir='ltr'><strong>cum</strong></span> <span class='ocrx_word' id='word_1_206' title='bbox 932 1539 1083 1574; x_wconf 79' lang='lat' dir='ltr'><strong>praesertim</strong></span> <span class='ocrx_word' id='word_1_207' title='bbox 1100 1547 1130 1566; x_wconf 89' lang='lat' dir='ltr'><strong>ea</strong></span> <span class='ocrx_word' id='word_1_208' title='bbox 1145 1546 1225 1574; x_wconf 89' lang='lat' dir='ltr'><strong>quam</strong></span> <span class='ocrx_word' id='word_1_209' title='bbox 1242 1538 1394 1566; x_wconf 87' lang='lat' dir='ltr'><strong>meditabar</strong></span> <span class='ocrx_word' id='word_1_210' title='bbox 1413 1539 1497 1566; x_wconf 86' lang='lat' dir='ltr'><strong>editio</strong></span> <span class='ocrx_word' id='word_1_211' title='bbox 1518 1539 1651 1572; x_wconf 90' lang='lat' dir='ltr'><strong>omnium,</strong></span> <span class='ocrx_word' id='word_1_212' title='bbox 1666 1544 1798 1575; x_wconf 89' lang='lat' dir='ltr'><strong>quotquot</strong></span> <span class='ocrx_word' id='word_1_213' title='bbox 1813 1548 1867 1568; x_wconf 86' lang='lat' dir='ltr'><strong>un—</strong></span> 
     </span>
    </p>
   </div>
   <div class='ocr_carea' id='block_1_21' title="bbox 233 1590 1866 1631">
    <p class='ocr_par' dir='ltr' id='par_1_21' title="bbox 233 1590 1866 1631">
     <span class='ocr_line' id='line_1_21' title="bbox 233 1590 1866 1631; baseline -0.002 -8"><span class='ocrx_word' id='word_1_214' title='bbox 233 1604 314 1631; x_wconf 89' lang='lat' dir='ltr'><strong>quam</strong></span> <span class='ocrx_word' id='word_1_215' title='bbox 333 1595 360 1622; x_wconf 93' lang='lat' dir='ltr'><strong>in</strong></span> <span class='ocrx_word' id='word_1_216' title='bbox 374 1596 462 1622; x_wconf 89' lang='lat' dir='ltr'><strong>lucem</strong></span> <span class='ocrx_word' id='word_1_217' title='bbox 478 1594 651 1630; x_wconf 86' lang='lat' dir='ltr'><strong>prodierunt,</strong></span> <span class='ocrx_word' id='word_1_218' title='bbox 667 1593 824 1620; x_wconf 88' lang='lat' dir='ltr'><strong>auctissima</strong></span> <span class='ocrx_word' id='word_1_219' title='bbox 841 1597 922 1628; x_wconf 90' lang='lat' dir='ltr'><strong>atque</strong></span> <span class='ocrx_word' id='word_1_220' title='bbox 938 1592 1138 1620; x_wconf 86' lang='lat' dir='ltr'><strong>absolutissima</strong></span> <span class='ocrx_word' id='word_1_221' title='bbox 1154 1591 1244 1618; x_wconf 84' lang='lat' dir='ltr'><strong>futura</strong></span> <span class='ocrx_word' id='word_1_222' title='bbox 1266 1596 1348 1618; x_wconf 79' lang='lat' dir='ltr'><strong>esset.</strong></span> <span class='ocrx_word' id='word_1_223' title='bbox 1363 1590 1502 1626; x_wconf 87' lang='lat' dir='ltr'><strong>Siquidem</strong></span> <span class='ocrx_word' id='word_1_224' title='bbox 1517 1590 1689 1619; x_wconf 74' lang='lat' dir='ltr'><strong>Cdloniensis</strong></span> <span class='ocrx_word' id='word_1_225' title='bbox 1702 1592 1796 1625; x_wconf 89' lang='lat' dir='ltr'><strong>editio,</strong></span> <span class='ocrx_word' id='word_1_226' title='bbox 1812 1600 1866 1627; x_wconf 88' lang='lat' dir='ltr'><strong>qua</strong></span> 
     </span>
    </p>
   </div>
   <div class='ocr_carea' id='block_1_22' title="bbox 233 1643 1864 1684">
    <p class='ocr_par' dir='ltr' id='par_1_22' title="bbox 233 1643 1864 1684">
     <span class='ocr_line' id='line_1_22' title="bbox 233 1643 1864 1684; baseline -0.002 -9"><span class='ocrx_word' id='word_1_227' title='bbox 233 1657 283 1684; x_wconf 88' lang='lat' dir='ltr'><strong>pro</strong></span> <span class='ocrx_word' id='word_1_228' title='bbox 297 1647 445 1682; x_wconf 79' lang='lat' dir='ltr'><strong>exemplari</strong></span> <span class='ocrx_word' id='word_1_229' title='bbox 463 1647 501 1674; x_wconf 91' lang='lat' dir='ltr'><strong>uti</strong></span> <span class='ocrx_word' id='word_1_230' title='bbox 528 1646 645 1679; x_wconf 86' lang='lat' dir='ltr'><strong>decrevi,</strong></span> <span class='ocrx_word' id='word_1_231' title='bbox 664 1646 727 1673; x_wconf 88' lang='lat' dir='ltr'><strong>licet</strong></span> <span class='ocrx_word' id='word_1_232' title='bbox 741 1645 798 1681; x_wconf 90' lang='lat' dir='ltr'><strong>ipsa</strong></span> <span class='ocrx_word' id='word_1_233' title='bbox 814 1645 906 1680; x_wconf 85' lang='lat' dir='ltr'><strong>plures</strong></span> <span class='ocrx_word' id='word_1_234' title='bbox 920 1649 1045 1672; x_wconf 89' lang='lat' dir='ltr'><strong>auctores</strong></span> <span class='ocrx_word' id='word_1_235' title='bbox 1059 1652 1140 1680; x_wconf 90' lang='lat' dir='ltr'><strong>quam</strong></span> <span class='ocrx_word' id='word_1_236' title='bbox 1165 1649 1271 1671; x_wconf 70' lang='lat' dir='ltr'><strong>uetera:</strong></span> <span class='ocrx_word' id='word_1_237' title='bbox 1296 1643 1446 1675; x_wconf 84' lang='lat' dir='ltr'><strong>contineat.</strong></span> <span class='ocrx_word' id='word_1_238' title='bbox 1461 1649 1555 1672; x_wconf 87' lang='lat' dir='ltr'><strong>nostra</strong></span> <span class='ocrx_word' id='word_1_239' title='bbox 1572 1650 1663 1671; x_wconf 90' lang='lat' dir='ltr'><strong>tamen</strong></span> <span class='ocrx_word' id='word_1_240' title='bbox 1677 1645 1729 1672; x_wconf 87' lang='lat' dir='ltr'><strong>erit</strong></span> <span class='ocrx_word' id='word_1_241' title='bbox 1741 1644 1864 1677; x_wconf 82' lang='lat' dir='ltr'><strong>inferior,</strong></span> 
     </span>
    </p>
   </div>
   <div class='ocr_carea' id='block_1_23' title="bbox 233 1697 1866 1736">
    <p class='ocr_par' dir='ltr' id='par_1_23' title="bbox 233 1697 1866 1736">
     <span class='ocr_line' id='line_1_23' title="bbox 233 1697 1866 1736; baseline -0.001 -8"><span class='ocrx_word' id='word_1_242' title='bbox 233 1701 305 1736; x_wconf 90' lang='lat' dir='ltr'><strong>quod</strong></span> <span class='ocrx_word' id='word_1_243' title='bbox 320 1701 345 1727; x_wconf 93' lang='lat' dir='ltr'><strong>in</strong></span> <span class='ocrx_word' id='word_1_244' title='bbox 361 1708 392 1727; x_wconf 93' lang='lat' dir='ltr'><strong>ea</strong></span> <span class='ocrx_word' id='word_1_245' title='bbox 409 1700 564 1727; x_wconf 75' lang='lat' dir='ltr'><strong>Grzecorum</strong></span> <span class='ocrx_word' id='word_1_246' title='bbox 581 1703 722 1726; x_wconf 84' lang='lat' dir='ltr'><strong>auctorum</strong></span> <span class='ocrx_word' id='word_1_247' title='bbox 738 1706 793 1726; x_wconf 93' lang='lat' dir='ltr'><strong>non</strong></span> <span class='ocrx_word' id='word_1_248' title='bbox 808 1698 899 1725; x_wconf 85' lang='lat' dir='ltr'><strong>nativa</strong></span> <span class='ocrx_word' id='word_1_249' title='bbox 915 1703 942 1725; x_wconf 90' lang='lat' dir='ltr'><strong>et</strong></span> <span class='ocrx_word' id='word_1_250' title='bbox 953 1705 1078 1734; x_wconf 86' lang='lat' dir='ltr'><strong>germana</strong></span> <span class='ocrx_word' id='word_1_251' title='bbox 1094 1698 1195 1733; x_wconf 78' lang='lat' dir='ltr'><strong>lingua,</strong></span> <span class='ocrx_word' id='word_1_252' title='bbox 1210 1697 1258 1724; x_wconf 88' lang='lat' dir='ltr'><strong>sed</strong></span> <span class='ocrx_word' id='word_1_253' title='bbox 1275 1697 1370 1724; x_wconf 88' lang='lat' dir='ltr'><strong>Latina</strong></span> <span class='ocrx_word' id='word_1_254' title='bbox 1382 1697 1514 1724; x_wconf 79' lang='lat' dir='ltr'><strong>duntaxat</strong></span> <span class='ocrx_word' id='word_1_255' title='bbox 1529 1698 1620 1725; x_wconf 84' lang='lat' dir='ltr'><strong>versio</strong></span> <span class='ocrx_word' id='word_1_256' title='bbox 1633 1698 1796 1733; x_wconf 85' lang='lat' dir='ltr'><strong>reperiatur.</strong></span> <span class='ocrx_word' id='word_1_257' title='bbox 1810 1699 1866 1734; x_wconf 81' lang='lat' dir='ltr'><strong>Ego</strong></span> 
     </span>
    </p>
   </div>
   <div class='ocr_carea' id='block_1_24' title="bbox 234 1750 1866 1787">
    <p class='ocr_par' dir='ltr' id='par_1_24' title="bbox 234 1750 1866 1787">
     <span class='ocr_line' id='line_1_24' title="bbox 234 1750 1866 1787; baseline -0.001 -7"><span class='ocrx_word' id='word_1_258' title='bbox 234 1762 299 1780; x_wconf 90' lang='lat' dir='ltr'><strong>vero</strong></span> <span class='ocrx_word' id='word_1_259' title='bbox 312 1757 414 1780; x_wconf 76' lang='lat' dir='ltr'><strong>textum</strong></span> <span class='ocrx_word' id='word_1_260' title='bbox 429 1752 552 1780; x_wconf 74' lang='lat' dir='ltr'><strong>Gnecum</strong></span> <span class='ocrx_word' id='word_1_261' title='bbox 569 1751 595 1778; x_wconf 95' lang='lat' dir='ltr'><strong>in</strong></span> <span class='ocrx_word' id='word_1_262' title='bbox 610 1751 681 1778; x_wconf 85' lang='lat' dir='ltr'><strong>dicta</strong></span> <span class='ocrx_word' id='word_1_263' title='bbox 695 1751 851 1778; x_wconf 89' lang='lat' dir='ltr'><strong>Coloniensi</strong></span> <span class='ocrx_word' id='word_1_264' title='bbox 866 1751 986 1778; x_wconf 90' lang='lat' dir='ltr'><strong>editione</strong></span> <span class='ocrx_word' id='word_1_265' title='bbox 1002 1750 1186 1778; x_wconf 88' lang='lat' dir='ltr'><strong>desideratum</strong></span> <span class='ocrx_word' id='word_1_266' title='bbox 1202 1758 1255 1778; x_wconf 87' lang='lat' dir='ltr'><strong>una</strong></span> <span class='ocrx_word' id='word_1_267' title='bbox 1274 1759 1336 1778; x_wconf 92' lang='lat' dir='ltr'><strong>cum</strong></span> <span class='ocrx_word' id='word_1_268' title='bbox 1354 1751 1580 1786; x_wconf 88' lang='lat' dir='ltr'><strong>interpretatione</strong></span> <span class='ocrx_word' id='word_1_269' title='bbox 1590 1751 1685 1779; x_wconf 87' lang='lat' dir='ltr'><strong>Latina</strong></span> <span class='ocrx_word' id='word_1_270' title='bbox 1700 1751 1866 1787; x_wconf 82' lang='lat' dir='ltr'><strong>conjungere</strong></span> 
     </span>
    </p>
   </div>
   <div class='ocr_carea' id='block_1_25' title="bbox 234 1802 1866 1840">
    <p class='ocr_par' dir='ltr' id='par_1_25' title="bbox 234 1802 1866 1840">
     <span class='ocr_line' id='line_1_25' title="bbox 234 1802 1866 1840; baseline -0.001 -7"><span class='ocrx_word' id='word_1_271' title='bbox 234 1806 260 1834; x_wconf 91' lang='lat' dir='ltr'><strong>in</strong></span> <span class='ocrx_word' id='word_1_272' title='bbox 277 1806 367 1833; x_wconf 92' lang='lat' dir='ltr'><strong>animo</strong></span> <span class='ocrx_word' id='word_1_273' title='bbox 383 1805 480 1838; x_wconf 86' lang='lat' dir='ltr'><strong>habeo,</strong></span> <span class='ocrx_word' id='word_1_274' title='bbox 500 1809 528 1832; x_wconf 86' lang='lat' dir='ltr'><strong>ut</strong></span> <span class='ocrx_word' id='word_1_275' title='bbox 541 1804 587 1840; x_wconf 90' lang='lat' dir='ltr'><strong>qui</strong></span> <span class='ocrx_word' id='word_1_276' title='bbox 604 1804 719 1839; x_wconf 84' lang='lat' dir='ltr'><strong>hujusce</strong></span> <span class='ocrx_word' id='word_1_277' title='bbox 735 1804 858 1831; x_wconf 92' lang='lat' dir='ltr'><strong>omnium</strong></span> <span class='ocrx_word' id='word_1_278' title='bbox 872 1803 1081 1839; x_wconf 57' lang='lat' dir='ltr'><strong>elegantissima</strong></span> <span class='ocrx_word' id='word_1_279' title='bbox 1098 1802 1196 1837; x_wconf 82' lang='lat' dir='ltr'><strong>linguae</strong></span> <span class='ocrx_word' id='word_1_280' title='bbox 1221 1802 1332 1835; x_wconf 70' lang='lat' dir='ltr'><strong>Graecae,</strong></span> <span class='ocrx_word' id='word_1_281' title='bbox 1359 1802 1479 1837; x_wconf 84' lang='lat' dir='ltr'><strong>inquam,</strong></span> <span class='ocrx_word' id='word_1_282' title='bbox 1497 1803 1588 1830; x_wconf 85' lang='lat' dir='ltr'><strong>studio</strong></span> <span class='ocrx_word' id='word_1_283' title='bbox 1617 1808 1753 1836; x_wconf 88' lang='lat' dir='ltr'><strong>tenentur,</strong></span> <span class='ocrx_word' id='word_1_284' title='bbox 1772 1803 1825 1831; x_wconf 88' lang='lat' dir='ltr'><strong>sibi</strong></span> <span class='ocrx_word' id='word_1_285' title='bbox 1850 1811 1866 1831; x_wconf 86' lang='lat' dir='ltr'><strong>a</strong></span> 
     </span>
    </p>
   </div>
   <div class='ocr_carea' id='block_1_26' title="bbox 234 1855 1866 1892">
    <p class='ocr_par' dir='ltr' id='par_1_26' title="bbox 234 1855 1866 1892">
     <span class='ocr_line' id='line_1_26' title="bbox 234 1855 1866 1892; baseline 0 -8"><span class='ocrx_word' id='word_1_286' title='bbox 234 1858 314 1885; x_wconf 88' lang='lat' dir='ltr'><strong>nobis</strong></span> <span class='ocrx_word' id='word_1_287' title='bbox 326 1859 375 1885; x_wconf 92' lang='lat' dir='ltr'><strong>hac</strong></span> <span class='ocrx_word' id='word_1_288' title='bbox 388 1857 414 1884; x_wconf 94' lang='lat' dir='ltr'><strong>in</strong></span> <span class='ocrx_word' id='word_1_289' title='bbox 429 1862 504 1892; x_wconf 87' lang='lat' dir='ltr'><strong>parte</strong></span> <span class='ocrx_word' id='word_1_290' title='bbox 518 1864 681 1892; x_wconf 78' lang='lat' dir='ltr'><strong>magnopere</strong></span> <span class='ocrx_word' id='word_1_291' title='bbox 696 1856 850 1884; x_wconf 92' lang='lat' dir='ltr'><strong>consultum</strong></span> <span class='ocrx_word' id='word_1_292' title='bbox 866 1863 927 1884; x_wconf 91' lang='lat' dir='ltr'><strong>esse</strong></span> <span class='ocrx_word' id='word_1_293' title='bbox 942 1855 1102 1890; x_wconf 77' lang='lat' dir='ltr'><strong>intelligant.</strong></span> <span class='ocrx_word' id='word_1_294' title='bbox 1117 1855 1252 1883; x_wconf 70' lang='lat' dir='ltr'><strong>Praeterea</strong></span> <span class='ocrx_word' id='word_1_295' title='bbox 1267 1856 1368 1883; x_wconf 90' lang='lat' dir='ltr'><strong>multos</strong></span> <span class='ocrx_word' id='word_1_296' title='bbox 1381 1860 1508 1884; x_wconf 86' lang='lat' dir='ltr'><strong>auctores</strong></span> <span class='ocrx_word' id='word_1_297' title='bbox 1519 1856 1627 1884; x_wconf 61' lang='lat' dir='ltr'><strong>Graecos</strong></span> <span class='ocrx_word' id='word_1_298' title='bbox 1645 1865 1782 1892; x_wconf 88' lang='lat' dir='ltr'><strong>nunquam</strong></span> <span class='ocrx_word' id='word_1_299' title='bbox 1799 1857 1866 1885; x_wconf 90' lang='lat' dir='ltr'><strong>bac-</strong></span> 
     </span>
    </p>
   </div>
   <div class='ocr_carea' id='block_1_27' title="bbox 237 1907 1867 1946">
    <p class='ocr_par' dir='ltr' id='par_1_27' title="bbox 237 1907 1867 1946">
     <span class='ocr_line' id='line_1_27' title="bbox 237 1907 1867 1946; baseline -0.001 -8"><span class='ocrx_word' id='word_1_300' title='bbox 237 1915 316 1938; x_wconf 88' lang='lat' dir='ltr'><strong>Ienus</strong></span> <span class='ocrx_word' id='word_1_301' title='bbox 339 1918 387 1938; x_wconf 90' lang='lat' dir='ltr'><strong>sua</strong></span> <span class='ocrx_word' id='word_1_302' title='bbox 411 1911 500 1946; x_wconf 80' lang='lat' dir='ltr'><strong>lingua</strong></span> <span class='ocrx_word' id='word_1_303' title='bbox 517 1910 544 1937; x_wconf 83' lang='lat' dir='ltr'><strong>in</strong></span> <span class='ocrx_word' id='word_1_304' title='bbox 558 1910 647 1938; x_wconf 86' lang='lat' dir='ltr'><strong>lucem</strong></span> <span class='ocrx_word' id='word_1_305' title='bbox 664 1909 752 1937; x_wconf 88' lang='lat' dir='ltr'><strong>editos</strong></span> <span class='ocrx_word' id='word_1_306' title='bbox 767 1918 799 1937; x_wconf 80' lang='lat' dir='ltr'><strong>ex</strong></span> <span class='ocrx_word' id='word_1_307' title='bbox 812 1909 905 1937; x_wconf 87' lang='lat' dir='ltr'><strong>multis</strong></span> <span class='ocrx_word' id='word_1_308' title='bbox 922 1907 1093 1936; x_wconf 81' lang='lat' dir='ltr'><strong>bibliothecis</strong></span> <span class='ocrx_word' id='word_1_309' title='bbox 1107 1908 1225 1936; x_wconf 79' lang='lat' dir='ltr'><strong>maximo</strong></span> <span class='ocrx_word' id='word_1_310' title='bbox 1240 1908 1333 1936; x_wconf 90' lang='lat' dir='ltr'><strong>labore</strong></span> <span class='ocrx_word' id='word_1_311' title='bbox 1357 1908 1535 1944; x_wconf 79' lang='lat' dir='ltr'><strong>maximisque</strong></span> <span class='ocrx_word' id='word_1_312' title='bbox 1551 1909 1683 1944; x_wconf 86' lang='lat' dir='ltr'><strong>impensis</strong></span> <span class='ocrx_word' id='word_1_313' title='bbox 1699 1909 1867 1944; x_wconf 86' lang='lat' dir='ltr'><strong>conquisitos</strong></span> 
     </span>
    </p>
   </div>
   <div class='ocr_carea' id='block_1_28' title="bbox 235 1961 1868 1998">
    <p class='ocr_par' dir='ltr' id='par_1_28' title="bbox 235 1961 1868 1998">
     <span class='ocr_line' id='line_1_28' title="bbox 235 1961 1868 1998; baseline 0 -8"><span class='ocrx_word' id='word_1_314' title='bbox 235 1967 316 1998; x_wconf 87' lang='lat' dir='ltr'><strong>atque</strong></span> <span class='ocrx_word' id='word_1_315' title='bbox 327 1963 455 1990; x_wconf 77' lang='lat' dir='ltr'><strong>COllCClOS</strong></span> <span class='ocrx_word' id='word_1_316' title='bbox 471 1963 497 1990; x_wconf 91' lang='lat' dir='ltr'><strong>in</strong></span> <span class='ocrx_word' id='word_1_317' title='bbox 512 1963 610 1990; x_wconf 87' lang='lat' dir='ltr'><strong>dictam</strong></span> <span class='ocrx_word' id='word_1_318' title='bbox 625 1961 734 1989; x_wconf 81' lang='lat' dir='ltr'><strong>Patrum</strong></span> <span class='ocrx_word' id='word_1_319' title='bbox 747 1962 943 1990; x_wconf 85' lang='lat' dir='ltr'><strong>Bibliothecam</strong></span> <span class='ocrx_word' id='word_1_320' title='bbox 959 1962 1094 1997; x_wconf 76' lang='lat' dir='ltr'><strong>congessi,</strong></span> <span class='ocrx_word' id='word_1_321' title='bbox 1112 1970 1166 1998; x_wconf 90' lang='lat' dir='ltr'><strong>quo</strong></span> <span class='ocrx_word' id='word_1_322' title='bbox 1183 1961 1228 1990; x_wconf 92' lang='lat' dir='ltr'><strong>ﬁet</strong></span> <span class='ocrx_word' id='word_1_323' title='bbox 1245 1966 1275 1990; x_wconf 89' lang='lat' dir='ltr'><strong>ut</strong></span> <span class='ocrx_word' id='word_1_324' title='bbox 1287 1962 1380 1998; x_wconf 78' lang='lat' dir='ltr'><strong>viginti</strong></span> <span class='ocrx_word' id='word_1_325' title='bbox 1401 1962 1522 1997; x_wconf 88' lang='lat' dir='ltr'><strong>quinque</strong></span> <span class='ocrx_word' id='word_1_326' title='bbox 1537 1962 1674 1990; x_wconf 79' lang='lat' dir='ltr'><strong>volumina</strong></span> <span class='ocrx_word' id='word_1_327' title='bbox 1689 1961 1722 1998; x_wconf 91' lang='lat' dir='ltr'><strong>(si</strong></span> <span class='ocrx_word' id='word_1_328' title='bbox 1734 1962 1806 1990; x_wconf 87' lang='lat' dir='ltr'><strong>Deus</strong></span> <span class='ocrx_word' id='word_1_329' title='bbox 1815 1969 1868 1990; x_wconf 87' lang='lat' dir='ltr'><strong>no-</strong></span> 
     </span>
    </p>
   </div>
   <div class='ocr_carea' id='block_1_29' title="bbox 235 2013 1867 2050">
    <p class='ocr_par' dir='ltr' id='par_1_29' title="bbox 235 2013 1867 2050">
     <span class='ocr_line' id='line_1_29' title="bbox 235 2013 1867 2050; baseline -0.001 -7"><span class='ocrx_word' id='word_1_330' title='bbox 235 2016 298 2043; x_wconf 90' lang='lat' dir='ltr'><strong>stris</strong></span> <span class='ocrx_word' id='word_1_331' title='bbox 311 2016 455 2043; x_wconf 87' lang='lat' dir='ltr'><strong>conatibus</strong></span> <span class='ocrx_word' id='word_1_332' title='bbox 475 2015 581 2050; x_wconf 77' lang='lat' dir='ltr'><strong>taverit)</strong></span> <span class='ocrx_word' id='word_1_333' title='bbox 600 2016 658 2050; x_wconf 85' lang='lat' dir='ltr'><strong>ipsa</strong></span> <span class='ocrx_word' id='word_1_334' title='bbox 678 2015 713 2042; x_wconf 91' lang='lat' dir='ltr'><strong>sit</strong></span> <span class='ocrx_word' id='word_1_335' title='bbox 728 2015 912 2050; x_wconf 86' lang='lat' dir='ltr'><strong>complexura.</strong></span> <span class='ocrx_word' id='word_1_336' title='bbox 931 2014 1046 2048; x_wconf 82' lang='lat' dir='ltr'><strong>Quantae</strong></span> <span class='ocrx_word' id='word_1_337' title='bbox 1064 2018 1157 2041; x_wconf 86' lang='lat' dir='ltr'><strong>autem</strong></span> <span class='ocrx_word' id='word_1_338' title='bbox 1181 2014 1260 2041; x_wconf 90' lang='lat' dir='ltr'><strong>molis</strong></span> <span class='ocrx_word' id='word_1_339' title='bbox 1272 2021 1304 2041; x_wconf 90' lang='lat' dir='ltr'><strong>ac</strong></span> <span class='ocrx_word' id='word_1_340' title='bbox 1317 2013 1483 2042; x_wconf 86' lang='lat' dir='ltr'><strong>ditlicultatis</strong></span> <span class='ocrx_word' id='word_1_341' title='bbox 1500 2022 1544 2042; x_wconf 91' lang='lat' dir='ltr'><strong>res</strong></span> <span class='ocrx_word' id='word_1_342' title='bbox 1558 2014 1602 2042; x_wconf 91' lang='lat' dir='ltr'><strong>illa</strong></span> <span class='ocrx_word' id='word_1_343' title='bbox 1616 2014 1705 2042; x_wconf 81' lang='lat' dir='ltr'><strong>futura</strong></span> <span class='ocrx_word' id='word_1_344' title='bbox 1721 2014 1766 2047; x_wconf 85' lang='lat' dir='ltr'><strong>sit,</strong></span> <span class='ocrx_word' id='word_1_345' title='bbox 1779 2021 1867 2050; x_wconf 85' lang='lat' dir='ltr'><strong>quan-</strong></span> 
     </span>
    </p>
   </div>
   <div class='ocr_carea' id='block_1_30' title="bbox 237 2058 1868 2103">
    <p class='ocr_par' dir='ltr' id='par_1_30' title="bbox 237 2058 1868 2103">
     <span class='ocr_line' id='line_1_30' title="bbox 237 2058 1868 2103; baseline -0.001 -7"><span class='ocrx_word' id='word_1_346' title='bbox 237 2058 350 2103; x_wconf 88' lang='lat' dir='ltr'><strong>tumque</strong></span> <span class='ocrx_word' id='word_1_347' title='bbox 362 2068 464 2095; x_wconf 87' lang='lat' dir='ltr'><strong>laboris</strong></span> <span class='ocrx_word' id='word_1_348' title='bbox 478 2072 559 2103; x_wconf 87' lang='lat' dir='ltr'><strong>atque</strong></span> <span class='ocrx_word' id='word_1_349' title='bbox 575 2069 668 2096; x_wconf 91' lang='lat' dir='ltr'><strong>oneris</strong></span> <span class='ocrx_word' id='word_1_350' title='bbox 682 2067 709 2094; x_wconf 92' lang='lat' dir='ltr'><strong>in</strong></span> <span class='ocrx_word' id='word_1_351' title='bbox 725 2068 777 2095; x_wconf 92' lang='lat' dir='ltr'><strong>hoc</strong></span> <span class='ocrx_word' id='word_1_352' title='bbox 792 2075 875 2102; x_wconf 87' lang='lat' dir='ltr'><strong>opere</strong></span> <span class='ocrx_word' id='word_1_353' title='bbox 892 2067 1058 2095; x_wconf 90' lang='lat' dir='ltr'><strong>elaborando</strong></span> <span class='ocrx_word' id='word_1_354' title='bbox 1072 2071 1100 2094; x_wconf 90' lang='lat' dir='ltr'><strong>et</strong></span> <span class='ocrx_word' id='word_1_355' title='bbox 1118 2067 1150 2094; x_wconf 88' lang='lat' dir='ltr'><strong>ad</strong></span> <span class='ocrx_word' id='word_1_356' title='bbox 1171 2066 1253 2094; x_wconf 90' lang='lat' dir='ltr'><strong>ﬁnem</strong></span> <span class='ocrx_word' id='word_1_357' title='bbox 1274 2074 1360 2102; x_wconf 90' lang='lat' dir='ltr'><strong>usque</strong></span> <span class='ocrx_word' id='word_1_358' title='bbox 1375 2067 1550 2102; x_wconf 88' lang='lat' dir='ltr'><strong>perducendo</strong></span> <span class='ocrx_word' id='word_1_359' title='bbox 1563 2067 1704 2095; x_wconf 86' lang='lat' dir='ltr'><strong>subiturus</strong></span> <span class='ocrx_word' id='word_1_360' title='bbox 1717 2067 1780 2100; x_wconf 90' lang='lat' dir='ltr'><strong>sim,</strong></span> <span class='ocrx_word' id='word_1_361' title='bbox 1793 2067 1868 2102; x_wconf 79' lang='lat' dir='ltr'><strong>quis-</strong></span> 
     </span>
    </p>
   </div>
   <div class='ocr_carea' id='block_1_31' title="bbox 235 2120 1866 2156">
    <p class='ocr_par' dir='ltr' id='par_1_31' title="bbox 235 2120 1866 2156">
     <span class='ocr_line' id='line_1_31' title="bbox 235 2120 1866 2156; baseline 0 -8"><span class='ocrx_word' id='word_1_362' title='bbox 235 2121 296 2156; x_wconf 82' lang='lat' dir='ltr'><strong>quis</strong></span> <span class='ocrx_word' id='word_1_363' title='bbox 312 2128 403 2148; x_wconf 90' lang='lat' dir='ltr'><strong>rerum</strong></span> <span class='ocrx_word' id='word_1_364' title='bbox 418 2128 468 2148; x_wconf 89' lang='lat' dir='ltr'><strong>usu</strong></span> <span class='ocrx_word' id='word_1_365' title='bbox 483 2125 564 2155; x_wconf 89' lang='lat' dir='ltr'><strong>atque</strong></span> <span class='ocrx_word' id='word_1_366' title='bbox 576 2120 743 2155; x_wconf 77' lang='lat' dir='ltr'><strong>experientia</strong></span> <span class='ocrx_word' id='word_1_367' title='bbox 755 2120 796 2148; x_wconf 90' lang='lat' dir='ltr'><strong>vel</strong></span> <span class='ocrx_word' id='word_1_368' title='bbox 810 2120 985 2148; x_wconf 86' lang='lat' dir='ltr'><strong>mediocriter</strong></span> <span class='ocrx_word' id='word_1_369' title='bbox 995 2120 1126 2156; x_wconf 63' lang='lat' dir='ltr'><strong>praeditus</strong></span> <span class='ocrx_word' id='word_1_370' title='bbox 1139 2125 1191 2153; x_wconf 85' lang='lat' dir='ltr'><strong>est,</strong></span> <span class='ocrx_word' id='word_1_371' title='bbox 1207 2120 1334 2148; x_wconf 81' lang='lat' dir='ltr'><strong>facillime</strong></span> <span class='ocrx_word' id='word_1_372' title='bbox 1346 2121 1470 2156; x_wconf 84' lang='lat' dir='ltr'><strong>judicare</strong></span> <span class='ocrx_word' id='word_1_373' title='bbox 1485 2125 1584 2156; x_wconf 89' lang='lat' dir='ltr'><strong>potest.</strong></span> <span class='ocrx_word' id='word_1_374' title='bbox 1602 2120 1679 2155; x_wconf 88' lang='lat' dir='ltr'><strong>Quod</strong></span> <span class='ocrx_word' id='word_1_375' title='bbox 1694 2129 1757 2148; x_wconf 94' lang='lat' dir='ltr'><strong>cum</strong></span> <span class='ocrx_word' id='word_1_376' title='bbox 1770 2121 1807 2148; x_wconf 88' lang='lat' dir='ltr'><strong>ita</strong></span> <span class='ocrx_word' id='word_1_377' title='bbox 1820 2121 1866 2154; x_wconf 90' lang='lat' dir='ltr'><strong>sit,</strong></span> 
     </span>
    </p>
   </div>
   <div class='ocr_carea' id='block_1_32' title="bbox 235 2172 1868 2210">
    <p class='ocr_par' dir='ltr' id='par_1_32' title="bbox 235 2172 1868 2210">
     <span class='ocr_line' id='line_1_32' title="bbox 235 2172 1868 2210; baseline 0.001 -10"><span class='ocrx_word' id='word_1_378' title='bbox 235 2181 271 2200; x_wconf 90' lang='lat' dir='ltr'><strong>ne</strong></span> <span class='ocrx_word' id='word_1_379' title='bbox 290 2181 362 2200; x_wconf 67' lang='lat' dir='ltr'><strong>cmeo</strong></span> <span class='ocrx_word' id='word_1_380' title='bbox 378 2173 494 2207; x_wconf 89' lang='lat' dir='ltr'><strong>quodam</strong></span> <span class='ocrx_word' id='word_1_381' title='bbox 510 2180 542 2200; x_wconf 91' lang='lat' dir='ltr'><strong>ac</strong></span> <span class='ocrx_word' id='word_1_382' title='bbox 564 2172 709 2199; x_wconf 90' lang='lat' dir='ltr'><strong>temerario</strong></span> <span class='ocrx_word' id='word_1_383' title='bbox 724 2172 808 2200; x_wconf 90' lang='lat' dir='ltr'><strong>animi</strong></span> <span class='ocrx_word' id='word_1_384' title='bbox 826 2173 928 2207; x_wconf 87' lang='lat' dir='ltr'><strong>impetu</strong></span> <span class='ocrx_word' id='word_1_385' title='bbox 949 2180 1006 2200; x_wconf 91' lang='lat' dir='ltr'><strong>rem</strong></span> <span class='ocrx_word' id='word_1_386' title='bbox 1022 2173 1090 2200; x_wconf 91' lang='lat' dir='ltr'><strong>tanti</strong></span> <span class='ocrx_word' id='word_1_387' title='bbox 1105 2173 1236 2202; x_wconf 88' lang='lat' dir='ltr'><strong>momenti</strong></span> <span class='ocrx_word' id='word_1_388' title='bbox 1261 2173 1370 2210; x_wconf 84' lang='lat' dir='ltr'><strong>aggredi</strong></span> <span class='ocrx_word' id='word_1_389' title='bbox 1386 2173 1488 2207; x_wconf 88' lang='lat' dir='ltr'><strong>videar,</strong></span> <span class='ocrx_word' id='word_1_390' title='bbox 1509 2173 1741 2209; x_wconf 88' lang='lat' dir='ltr'><strong>sapientissimum</strong></span> <span class='ocrx_word' id='word_1_391' title='bbox 1755 2181 1786 2202; x_wconf 89' lang='lat' dir='ltr'><strong>ac</strong></span> <span class='ocrx_word' id='word_1_392' title='bbox 1801 2181 1868 2209; x_wconf 90' lang='lat' dir='ltr'><strong>pru-</strong></span> 
     </span>
    </p>
   </div>
   <div class='ocr_carea' id='block_1_33' title="bbox 235 2225 1867 2262">
    <p class='ocr_par' dir='ltr' id='par_1_33' title="bbox 235 2225 1867 2262">
     <span class='ocr_line' id='line_1_33' title="bbox 235 2225 1867 2262; baseline 0 -8"><span class='ocrx_word' id='word_1_393' title='bbox 235 2227 426 2254; x_wconf 85' lang='lat' dir='ltr'><strong>dentissimum</strong></span> <span class='ocrx_word' id='word_1_394' title='bbox 438 2227 556 2261; x_wconf 87' lang='lat' dir='ltr'><strong>aliquem</strong></span> <span class='ocrx_word' id='word_1_395' title='bbox 573 2226 669 2254; x_wconf 86' lang='lat' dir='ltr'><strong>ducem</strong></span> <span class='ocrx_word' id='word_1_396' title='bbox 687 2225 754 2253; x_wconf 91' lang='lat' dir='ltr'><strong>mihi</strong></span> <span class='ocrx_word' id='word_1_397' title='bbox 766 2225 941 2261; x_wconf 87' lang='lat' dir='ltr'><strong>deligendum</strong></span> <span class='ocrx_word' id='word_1_398' title='bbox 961 2233 1022 2254; x_wconf 89' lang='lat' dir='ltr'><strong>esse</strong></span> <span class='ocrx_word' id='word_1_399' title='bbox 1040 2226 1150 2262; x_wconf 88' lang='lat' dir='ltr'><strong>putavi,</strong></span> <span class='ocrx_word' id='word_1_400' title='bbox 1167 2226 1245 2261; x_wconf 86' lang='lat' dir='ltr'><strong>cujus</strong></span> <span class='ocrx_word' id='word_1_401' title='bbox 1264 2227 1395 2262; x_wconf 70' lang='lat' dir='ltr'><strong>auspicii:</strong></span> <span class='ocrx_word' id='word_1_402' title='bbox 1408 2226 1441 2254; x_wconf 91' lang='lat' dir='ltr'><strong>ad</strong></span> <span class='ocrx_word' id='word_1_403' title='bbox 1453 2226 1572 2254; x_wconf 80' lang='lat' dir='ltr'><strong>faustum</strong></span> <span class='ocrx_word' id='word_1_404' title='bbox 1588 2226 1751 2262; x_wconf 83' lang='lat' dir='ltr'><strong>felicemque</strong></span> <span class='ocrx_word' id='word_1_405' title='bbox 1763 2228 1867 2254; x_wconf 74' lang='lat' dir='ltr'><strong>exitum</strong></span> 
     </span>
    </p>
   </div>
   <div class='ocr_carea' id='block_1_34' title="bbox 236 2277 1868 2316">
    <p class='ocr_par' dir='ltr' id='par_1_34' title="bbox 236 2277 1868 2316">
     <span class='ocr_line' id='line_1_34' title="bbox 236 2277 1868 2316; baseline 0.002 -11"><span class='ocrx_word' id='word_1_406' title='bbox 236 2283 359 2305; x_wconf 78' lang='lat' dir='ltr'><strong>nostrum</strong></span> <span class='ocrx_word' id='word_1_407' title='bbox 386 2286 456 2313; x_wconf 89' lang='lat' dir='ltr'><strong>opus</strong></span> <span class='ocrx_word' id='word_1_408' title='bbox 478 2278 620 2314; x_wconf 75' lang='lat' dir='ltr'><strong>pervenire</strong></span> <span class='ocrx_word' id='word_1_409' title='bbox 643 2280 738 2314; x_wconf 89' lang='lat' dir='ltr'><strong>possit.</strong></span> <span class='ocrx_word' id='word_1_410' title='bbox 756 2278 824 2305; x_wconf 88' lang='lat' dir='ltr'><strong>Nam</strong></span> <span class='ocrx_word' id='word_1_411' title='bbox 848 2277 870 2306; x_wconf 88' lang='lat' dir='ltr'><strong>si</strong></span> <span class='ocrx_word' id='word_1_412' title='bbox 896 2278 933 2305; x_wconf 92' lang='lat' dir='ltr'><strong>illi</strong></span> <span class='ocrx_word' id='word_1_413' title='bbox 959 2277 1004 2313; x_wconf 92' lang='lat' dir='ltr'><strong>qui</strong></span> <span class='ocrx_word' id='word_1_414' title='bbox 1023 2278 1197 2314; x_wconf 84' lang='lat' dir='ltr'><strong>longinquam</strong></span> <span class='ocrx_word' id='word_1_415' title='bbox 1213 2279 1414 2315; x_wconf 75' lang='lat' dir='ltr'><strong>navigationem</strong></span> <span class='ocrx_word' id='word_1_416' title='bbox 1432 2279 1578 2313; x_wconf 83' lang='lat' dir='ltr'><strong>adornant,</strong></span> <span class='ocrx_word' id='word_1_417' title='bbox 1595 2288 1650 2308; x_wconf 94' lang='lat' dir='ltr'><strong>non</strong></span> <span class='ocrx_word' id='word_1_418' title='bbox 1666 2280 1742 2316; x_wconf 88' lang='lat' dir='ltr'><strong>prius</strong></span> <span class='ocrx_word' id='word_1_419' title='bbox 1759 2287 1789 2308; x_wconf 89' lang='lat' dir='ltr'><strong>se</strong></span> <span class='ocrx_word' id='word_1_420' title='bbox 1800 2279 1868 2307; x_wconf 90' lang='lat' dir='ltr'><strong>mari</strong></span> 
     </span>
    </p>
   </div>
   <div class='ocr_carea' id='block_1_35' title="bbox 235 2331 1869 2368">
    <p class='ocr_par' dir='ltr' id='par_1_35' title="bbox 235 2331 1869 2368">
     <span class='ocr_line' id='line_1_35' title="bbox 235 2331 1869 2368; baseline 0.001 -8"><span class='ocrx_word' id='word_1_421' title='bbox 235 2331 418 2364; x_wconf 86' lang='lat' dir='ltr'><strong>committunt,</strong></span> <span class='ocrx_word' id='word_1_422' title='bbox 435 2339 515 2367; x_wconf 88' lang='lat' dir='ltr'><strong>quam</strong></span> <span class='ocrx_word' id='word_1_423' title='bbox 529 2332 721 2367; x_wconf 91' lang='lat' dir='ltr'><strong>peritissimum</strong></span> <span class='ocrx_word' id='word_1_424' title='bbox 741 2332 859 2367; x_wconf 89' lang='lat' dir='ltr'><strong>aliquem</strong></span> <span class='ocrx_word' id='word_1_425' title='bbox 883 2333 1094 2368; x_wconf 86' lang='lat' dir='ltr'><strong>gubernatorem</strong></span> <span class='ocrx_word' id='word_1_426' title='bbox 1111 2332 1267 2365; x_wconf 85' lang='lat' dir='ltr'><strong>habuerint,</strong></span> <span class='ocrx_word' id='word_1_427' title='bbox 1283 2333 1361 2367; x_wconf 86' lang='lat' dir='ltr'><strong>cujus</strong></span> <span class='ocrx_word' id='word_1_428' title='bbox 1374 2333 1517 2368; x_wconf 88' lang='lat' dir='ltr'><strong>prudentia</strong></span> <span class='ocrx_word' id='word_1_429' title='bbox 1533 2333 1600 2361; x_wconf 90' lang='lat' dir='ltr'><strong>salvi</strong></span> <span class='ocrx_word' id='word_1_430' title='bbox 1616 2337 1698 2368; x_wconf 88' lang='lat' dir='ltr'><strong>atque</strong></span> <span class='ocrx_word' id='word_1_431' title='bbox 1713 2333 1869 2361; x_wconf 82' lang='lat' dir='ltr'><strong>incolumes</strong></span> 
     </span>
    </p>
   </div>
   <div class='ocr_carea' id='block_1_36' title="bbox 235 2383 1870 2421">
    <p class='ocr_par' dir='ltr' id='par_1_36' title="bbox 235 2383 1870 2421">
     <span class='ocr_line' id='line_1_36' title="bbox 235 2383 1870 2421; baseline 0 -9"><span class='ocrx_word' id='word_1_432' title='bbox 235 2385 327 2412; x_wconf 90' lang='lat' dir='ltr'><strong>omnia</strong></span> <span class='ocrx_word' id='word_1_433' title='bbox 343 2385 426 2412; x_wconf 86' lang='lat' dir='ltr'><strong>maris</strong></span> <span class='ocrx_word' id='word_1_434' title='bbox 439 2385 558 2420; x_wconf 84' lang='lat' dir='ltr'><strong>pericula</strong></span> <span class='ocrx_word' id='word_1_435' title='bbox 574 2385 677 2413; x_wconf 85' lang='lat' dir='ltr'><strong>evitare</strong></span> <span class='ocrx_word' id='word_1_436' title='bbox 696 2385 803 2421; x_wconf 85' lang='lat' dir='ltr'><strong>possint</strong></span> <span class='ocrx_word' id='word_1_437' title='bbox 819 2394 826 2412; x_wconf 89' lang='lat'><strong>:</strong></span> <span class='ocrx_word' id='word_1_438' title='bbox 841 2385 927 2413; x_wconf 93' lang='lat' dir='ltr'><strong>multo</strong></span> <span class='ocrx_word' id='word_1_439' title='bbox 941 2385 1025 2420; x_wconf 85' lang='lat' dir='ltr'><strong>magis</strong></span> <span class='ocrx_word' id='word_1_440' title='bbox 1038 2384 1065 2412; x_wconf 90' lang='lat' dir='ltr'><strong>id</strong></span> <span class='ocrx_word' id='word_1_441' title='bbox 1081 2384 1146 2412; x_wconf 92' lang='lat' dir='ltr'><strong>mihi</strong></span> <span class='ocrx_word' id='word_1_442' title='bbox 1166 2383 1319 2411; x_wconf 79' lang='lat' dir='ltr'><strong>faciendum</strong></span> <span class='ocrx_word' id='word_1_443' title='bbox 1334 2388 1385 2416; x_wconf 84' lang='lat' dir='ltr'><strong>est,</strong></span> <span class='ocrx_word' id='word_1_444' title='bbox 1398 2384 1443 2419; x_wconf 92' lang='lat' dir='ltr'><strong>qui</strong></span> <span class='ocrx_word' id='word_1_445' title='bbox 1457 2392 1511 2411; x_wconf 92' lang='lat' dir='ltr'><strong>non</strong></span> <span class='ocrx_word' id='word_1_446' title='bbox 1525 2385 1594 2412; x_wconf 90' lang='lat' dir='ltr'><strong>viles</strong></span> <span class='ocrx_word' id='word_1_447' title='bbox 1609 2385 1716 2420; x_wconf 85' lang='lat' dir='ltr'><strong>aliquas</strong></span> <span class='ocrx_word' id='word_1_448' title='bbox 1736 2393 1767 2413; x_wconf 89' lang='lat' dir='ltr'><strong>ac</strong></span> <span class='ocrx_word' id='word_1_449' title='bbox 1783 2390 1870 2413; x_wconf 87' lang='lat' dir='ltr'><strong>terre-</strong></span> 
     </span>
    </p>
   </div>
   <div class='ocr_carea' id='block_1_37' title="bbox 235 2436 1870 2473">
    <p class='ocr_par' dir='ltr' id='par_1_37' title="bbox 235 2436 1870 2473">
     <span class='ocr_line' id='line_1_37' title="bbox 235 2436 1870 2473; baseline -0.001 -8"><span class='ocrx_word' id='word_1_450' title='bbox 235 2445 286 2465; x_wconf 88' lang='lat' dir='ltr'><strong>nas</strong></span> <span class='ocrx_word' id='word_1_451' title='bbox 299 2445 413 2471; x_wconf 82' lang='lat' dir='ltr'><strong>merces,</strong></span> <span class='ocrx_word' id='word_1_452' title='bbox 429 2438 474 2465; x_wconf 90' lang='lat' dir='ltr'><strong>sed</strong></span> <span class='ocrx_word' id='word_1_453' title='bbox 490 2438 699 2473; x_wconf 77' lang='lat' dir='ltr'><strong>pretiosissimas</strong></span> <span class='ocrx_word' id='word_1_454' title='bbox 713 2439 833 2467; x_wconf 59' lang='lat' dir='ltr'><strong>caelestis</strong></span> <span class='ocrx_word' id='word_1_455' title='bbox 849 2438 982 2466; x_wconf 68' lang='lat' dir='ltr'><strong>doctrina:</strong></span> <span class='ocrx_word' id='word_1_456' title='bbox 995 2438 1138 2465; x_wconf 86' lang='lat' dir='ltr'><strong>thesauros</strong></span> <span class='ocrx_word' id='word_1_457' title='bbox 1152 2437 1185 2464; x_wconf 87' lang='lat' dir='ltr'><strong>ad</strong></span> <span class='ocrx_word' id='word_1_458' title='bbox 1206 2441 1314 2471; x_wconf 90' lang='lat' dir='ltr'><strong>portum</strong></span> <span class='ocrx_word' id='word_1_459' title='bbox 1331 2437 1431 2464; x_wconf 88' lang='lat' dir='ltr'><strong>vehere</strong></span> <span class='ocrx_word' id='word_1_460' title='bbox 1445 2436 1591 2464; x_wconf 84' lang='lat' dir='ltr'><strong>contendo.</strong></span> <span class='ocrx_word' id='word_1_461' title='bbox 1609 2437 1761 2470; x_wconf 86' lang='lat' dir='ltr'><strong>Quemnam</strong></span> <span class='ocrx_word' id='word_1_462' title='bbox 1777 2442 1870 2465; x_wconf 87' lang='lat' dir='ltr'><strong>autem</strong></span> 
     </span>
    </p>
   </div>
   <div class='ocr_carea' id='block_1_38' title="bbox 235 2489 1870 2526">
    <p class='ocr_par' dir='ltr' id='par_1_38' title="bbox 235 2489 1870 2526">
     <span class='ocr_line' id='line_1_38' title="bbox 235 2489 1870 2526; baseline 0.001 -10"><span class='ocrx_word' id='word_1_463' title='bbox 235 2490 451 2525; x_wconf 64' lang='lat' dir='ltr'><strong>praestantiorem</strong></span> <span class='ocrx_word' id='word_1_464' title='bbox 469 2495 522 2517; x_wconf 88' lang='lat' dir='ltr'><strong>tam</strong></span> <span class='ocrx_word' id='word_1_465' title='bbox 545 2491 702 2525; x_wconf 63' lang='lat' dir='ltr'><strong>periculosa:</strong></span> <span class='ocrx_word' id='word_1_466' title='bbox 720 2491 901 2526; x_wconf 81' lang='lat' dir='ltr'><strong>navigationis</strong></span> <span class='ocrx_word' id='word_1_467' title='bbox 914 2490 1115 2518; x_wconf 87' lang='lat' dir='ltr'><strong>moderatorem</strong></span> <span class='ocrx_word' id='word_1_468' title='bbox 1140 2497 1222 2524; x_wconf 74' lang='lat' dir='ltr'><strong>quam</strong></span> <span class='ocrx_word' id='word_1_469' title='bbox 1248 2493 1275 2517; x_wconf 88' lang='lat' dir='ltr'><strong>te</strong></span> <span class='ocrx_word' id='word_1_470' title='bbox 1287 2509 1294 2522; x_wconf 87' lang='lat'><strong>,</strong></span> <span class='ocrx_word' id='word_1_471' title='bbox 1310 2489 1356 2524; x_wconf 90' lang='lat' dir='ltr'><strong>qui</strong></span> <span class='ocrx_word' id='word_1_472' title='bbox 1373 2490 1523 2517; x_wconf 86' lang='lat' dir='ltr'><strong>litterarum</strong></span> <span class='ocrx_word' id='word_1_473' title='bbox 1539 2490 1624 2518; x_wconf 87' lang='lat' dir='ltr'><strong>decus</strong></span> <span class='ocrx_word' id='word_1_474' title='bbox 1637 2498 1667 2517; x_wconf 87' lang='lat' dir='ltr'><strong>es</strong></span> <span class='ocrx_word' id='word_1_475' title='bbox 1681 2494 1709 2518; x_wconf 90' lang='lat' dir='ltr'><strong>et</strong></span> <span class='ocrx_word' id='word_1_476' title='bbox 1723 2498 1870 2518; x_wconf 88' lang='lat' dir='ltr'><strong>ornamen-</strong></span> 
     </span>
    </p>
   </div>
   <div class='ocr_carea' id='block_1_39' title="bbox 236 2544 1870 2582">
    <p class='ocr_par' dir='ltr' id='par_1_39' title="bbox 236 2544 1870 2582">
     <span class='ocr_line' id='line_1_39' title="bbox 236 2544 1870 2582; baseline 0.001 -10"><span class='ocrx_word' id='word_1_477' title='bbox 236 2549 304 2578; x_wconf 89' lang='lat' dir='ltr'><strong>tum,</strong></span> <span class='ocrx_word' id='word_1_478' title='bbox 320 2544 385 2572; x_wconf 91' lang='lat' dir='ltr'><strong>mihi</strong></span> <span class='ocrx_word' id='word_1_479' title='bbox 400 2545 500 2581; x_wconf 87' lang='lat' dir='ltr'><strong>eligere</strong></span> <span class='ocrx_word' id='word_1_480' title='bbox 517 2546 718 2574; x_wconf 83' lang='lat' dir='ltr'><strong>conveniebat?</strong></span> <span class='ocrx_word' id='word_1_481' title='bbox 741 2546 872 2582; x_wconf 86' lang='lat' dir='ltr'><strong>Equidem</strong></span> <span class='ocrx_word' id='word_1_482' title='bbox 889 2554 1051 2582; x_wconf 86' lang='lat' dir='ltr'><strong>quocunque</strong></span> <span class='ocrx_word' id='word_1_483' title='bbox 1064 2545 1157 2573; x_wconf 86' lang='lat' dir='ltr'><strong>oculos</strong></span> <span class='ocrx_word' id='word_1_484' title='bbox 1175 2549 1315 2575; x_wconf 88' lang='lat' dir='ltr'><strong>converto.</strong></span> <span class='ocrx_word' id='word_1_485' title='bbox 1330 2553 1411 2580; x_wconf 89' lang='lat' dir='ltr'><strong>quem</strong></span> <span class='ocrx_word' id='word_1_486' title='bbox 1434 2549 1524 2572; x_wconf 86' lang='lat' dir='ltr'><strong>tecum</strong></span> <span class='ocrx_word' id='word_1_487' title='bbox 1547 2546 1672 2573; x_wconf 80' lang='lat' dir='ltr'><strong>conferre</strong></span> <span class='ocrx_word' id='word_1_488' title='bbox 1689 2546 1802 2580; x_wconf 88' lang='lat' dir='ltr'><strong>possim,</strong></span> <span class='ocrx_word' id='word_1_489' title='bbox 1819 2553 1870 2573; x_wconf 90' lang='lat' dir='ltr'><strong>ne-</strong></span> 
     </span>
    </p>
   </div>
   <div class='ocr_carea' id='block_1_40' title="bbox 235 2597 1870 2637">
    <p class='ocr_par' dir='ltr' id='par_1_40' title="bbox 235 2597 1870 2637">
     <span class='ocr_line' id='line_1_40' title="bbox 235 2597 1870 2637; baseline 0.002 -14"><span class='ocrx_word' id='word_1_490' title='bbox 235 2597 336 2624; x_wconf 90' lang='lat' dir='ltr'><strong>minem</strong></span> <span class='ocrx_word' id='word_1_491' title='bbox 365 2597 453 2624; x_wconf 86' lang='lat' dir='ltr'><strong>video.</strong></span> <span class='ocrx_word' id='word_1_492' title='bbox 469 2597 535 2625; x_wconf 84' lang='lat' dir='ltr'><strong>Nam</strong></span> <span class='ocrx_word' id='word_1_493' title='bbox 563 2606 625 2626; x_wconf 88' lang='lat' dir='ltr'><strong>cum</strong></span> <span class='ocrx_word' id='word_1_494' title='bbox 650 2606 746 2626; x_wconf 89' lang='lat' dir='ltr'><strong>omnes</strong></span> <span class='ocrx_word' id='word_1_495' title='bbox 769 2599 884 2627; x_wconf 87' lang='lat' dir='ltr'><strong>virtutes</strong></span> <span class='ocrx_word' id='word_1_496' title='bbox 910 2599 937 2626; x_wconf 93' lang='lat' dir='ltr'><strong>in</strong></span> <span class='ocrx_word' id='word_1_497' title='bbox 954 2604 979 2626; x_wconf 90' lang='lat' dir='ltr'><strong>te</strong></span> <span class='ocrx_word' id='word_1_498' title='bbox 995 2607 1072 2626; x_wconf 88' lang='lat' dir='ltr'><strong>suam</strong></span> <span class='ocrx_word' id='word_1_499' title='bbox 1088 2598 1180 2625; x_wconf 84' lang='lat' dir='ltr'><strong>sedem</strong></span> <span class='ocrx_word' id='word_1_500' title='bbox 1197 2598 1366 2631; x_wconf 86' lang='lat' dir='ltr'><strong>collocarint,</strong></span> <span class='ocrx_word' id='word_1_501' title='bbox 1381 2602 1437 2625; x_wconf 92' lang='lat' dir='ltr'><strong>tum</strong></span> <span class='ocrx_word' id='word_1_502' title='bbox 1455 2599 1672 2637; x_wconf 73' lang='lat' dir='ltr'><strong>veroprtecipue</strong></span> <span class='ocrx_word' id='word_1_503' title='bbox 1685 2599 1801 2634; x_wconf 86' lang='lat' dir='ltr'><strong>justitia,</strong></span> <span class='ocrx_word' id='word_1_504' title='bbox 1826 2598 1870 2626; x_wconf 92' lang='lat' dir='ltr'><strong>cui</strong></span> 
     </span>
    </p>
   </div>
   <div class='ocr_carea' id='block_1_41' title="bbox 235 2649 1871 2687">
    <p class='ocr_par' dir='ltr' id='par_1_41' title="bbox 235 2649 1871 2687">
     <span class='ocr_line' id='line_1_41' title="bbox 235 2649 1871 2687; baseline 0.001 -11"><span class='ocrx_word' id='word_1_505' title='bbox 235 2649 455 2678; x_wconf 65' lang='lat' dir='ltr'><strong>administrandae</strong></span> <span class='ocrx_word' id='word_1_506' title='bbox 474 2651 619 2685; x_wconf 64' lang='lat' dir='ltr'><strong>pratiectus</strong></span> <span class='ocrx_word' id='word_1_507' title='bbox 629 2659 669 2684; x_wconf 89' lang='lat' dir='ltr'><strong>es,</strong></span> <span class='ocrx_word' id='word_1_508' title='bbox 684 2659 792 2678; x_wconf 91' lang='lat' dir='ltr'><strong>necnon</strong></span> <span class='ocrx_word' id='word_1_509' title='bbox 808 2655 835 2679; x_wconf 90' lang='lat' dir='ltr'><strong>et</strong></span> <span class='ocrx_word' id='word_1_510' title='bbox 852 2651 948 2686; x_wconf 83' lang='lat' dir='ltr'><strong>pietas.</strong></span> <span class='ocrx_word' id='word_1_511' title='bbox 967 2659 1048 2687; x_wconf 84' lang='lat' dir='ltr'><strong>quam</strong></span> <span class='ocrx_word' id='word_1_512' title='bbox 1065 2659 1079 2679; x_wconf 91' lang='lat' dir='ltr'><strong>e</strong></span> <span class='ocrx_word' id='word_1_513' title='bbox 1091 2656 1246 2678; x_wconf 86' lang='lat' dir='ltr'><strong>sanctorum</strong></span> <span class='ocrx_word' id='word_1_514' title='bbox 1263 2651 1373 2678; x_wconf 83' lang='lat' dir='ltr'><strong>Patrum</strong></span> <span class='ocrx_word' id='word_1_515' title='bbox 1388 2651 1496 2679; x_wconf 86' lang='lat' dir='ltr'><strong>assidua</strong></span> <span class='ocrx_word' id='word_1_516' title='bbox 1514 2651 1633 2679; x_wconf 91' lang='lat' dir='ltr'><strong>lectione</strong></span> <span class='ocrx_word' id='word_1_517' title='bbox 1649 2651 1775 2684; x_wconf 88' lang='lat' dir='ltr'><strong>hausisti,</strong></span> <span class='ocrx_word' id='word_1_518' title='bbox 1791 2651 1827 2679; x_wconf 90' lang='lat' dir='ltr'><strong>ita</strong></span> <span class='ocrx_word' id='word_1_519' title='bbox 1842 2651 1871 2678; x_wconf 90' lang='lat' dir='ltr'><strong>in</strong></span> 
     </span>
    </p>
   </div>
   <div class='ocr_carea' id='block_1_42' title="bbox 236 2702 1871 2741">
    <p class='ocr_par' dir='ltr' id='par_1_42' title="bbox 236 2702 1871 2741">
     <span class='ocr_line' id='line_1_42' title="bbox 236 2702 1871 2741; baseline 0.002 -13"><span class='ocrx_word' id='word_1_520' title='bbox 236 2705 262 2729; x_wconf 90' lang='lat' dir='ltr'><strong>te</strong></span> <span class='ocrx_word' id='word_1_521' title='bbox 276 2702 394 2734; x_wconf 85' lang='lat' dir='ltr'><strong>elucent.</strong></span> <span class='ocrx_word' id='word_1_522' title='bbox 408 2708 438 2730; x_wconf 91' lang='lat' dir='ltr'><strong>ut</strong></span> <span class='ocrx_word' id='word_1_523' title='bbox 449 2703 540 2730; x_wconf 92' lang='lat' dir='ltr'><strong>nullus</strong></span> <span class='ocrx_word' id='word_1_524' title='bbox 555 2703 582 2730; x_wconf 88' lang='lat' dir='ltr'><strong>in</strong></span> <span class='ocrx_word' id='word_1_525' title='bbox 600 2707 656 2730; x_wconf 91' lang='lat' dir='ltr'><strong>toto</strong></span> <span class='ocrx_word' id='word_1_526' title='bbox 671 2703 819 2731; x_wconf 87' lang='lat' dir='ltr'><strong>Christiani</strong></span> <span class='ocrx_word' id='word_1_527' title='bbox 834 2704 953 2732; x_wconf 92' lang='lat' dir='ltr'><strong>nominis</strong></span> <span class='ocrx_word' id='word_1_528' title='bbox 965 2705 1031 2732; x_wconf 87' lang='lat' dir='ltr'><strong>orbe</strong></span> <span class='ocrx_word' id='word_1_529' title='bbox 1047 2706 1122 2733; x_wconf 90' lang='lat' dir='ltr'><strong>locus</strong></span> <span class='ocrx_word' id='word_1_530' title='bbox 1138 2706 1183 2738; x_wconf 86' lang='lat' dir='ltr'><strong>sit,</strong></span> <span class='ocrx_word' id='word_1_531' title='bbox 1194 2713 1249 2741; x_wconf 88' lang='lat' dir='ltr'><strong>quo</strong></span> <span class='ocrx_word' id='word_1_532' title='bbox 1261 2713 1315 2733; x_wconf 90' lang='lat' dir='ltr'><strong>non</strong></span> <span class='ocrx_word' id='word_1_533' title='bbox 1332 2705 1438 2732; x_wconf 81' lang='lat' dir='ltr'><strong>illarum</strong></span> <span class='ocrx_word' id='word_1_534' title='bbox 1455 2705 1584 2740; x_wconf 88' lang='lat' dir='ltr'><strong>splendor</strong></span> <span class='ocrx_word' id='word_1_535' title='bbox 1594 2706 1756 2740; x_wconf 87' lang='lat' dir='ltr'><strong>pervaserit.</strong></span> <span class='ocrx_word' id='word_1_536' title='bbox 1767 2705 1871 2738; x_wconf 85' lang='lat' dir='ltr'><strong>Quam-</strong></span> 
     </span>
    </p>
   </div>
   <div class='ocr_carea' id='block_1_43' title="bbox 250 2801 1873 2837">
    <p class='ocr_par' dir='ltr' id='par_1_43' title="bbox 250 2801 1873 2837">
     <span class='ocr_line' id='line_1_43' title="bbox 250 2801 1873 2837; baseline 0.002 -10"><span class='ocrx_word' id='word_1_537' title='bbox 250 2832 256 2837; x_wconf 85' lang='lat'>_</span> <span class='ocrx_word' id='word_1_538' title='bbox 266 2802 275 2811; x_wconf 86' lang='lat'><strong><em>‘</em></strong></span> <span class='ocrx_word' id='word_1_539' title='bbox 293 2803 323 2837; x_wconf 92' lang='lat' dir='ltr'><strong>S._</strong></span> <span class='ocrx_word' id='word_1_540' title='bbox 334 2801 570 2837; x_wconf 60' lang='lat' dir='ltr'><strong>Isidoril’glusiolte</strong></span> <span class='ocrx_word' id='word_1_541' title='bbox 581 2803 610 2828; x_wconf 81' lang='lat' dir='ltr'><strong>de</strong></span> <span class='ocrx_word' id='word_1_542' title='bbox 622 2801 819 2836; x_wconf 82' lang='lat' dir='ltr'><strong>interpretatione</strong></span> <span class='ocrx_word' id='word_1_543' title='bbox 829 2804 921 2837; x_wconf 69' lang='lat' dir='ltr'><strong>divina:</strong></span> <span class='ocrx_word' id='word_1_544' title='bbox 942 2804 1079 2837; x_wconf 70' lang='lat' dir='ltr'><strong>Scriptura;</strong></span> <span class='ocrx_word' id='word_1_545' title='bbox 1098 2804 1261 2837; x_wconf 81' lang='lat' dir='ltr'><strong>Epistolarum</strong></span> <span class='ocrx_word' id='word_1_546' title='bbox 1275 2804 1332 2831; x_wconf 80' lang='lat' dir='ltr'><strong>libri</strong></span> <span class='ocrx_word' id='word_1_547' title='bbox 1346 2806 1377 2834; x_wconf 82' lang='grc' dir='ltr'><strong>γ,</strong></span> <span class='ocrx_word' id='word_1_548' title='bbox 1389 2812 1492 2837; x_wconf 80' lang='lat' dir='ltr'><strong>quarunt</strong></span> <span class='ocrx_word' id='word_1_549' title='bbox 1509 2808 1558 2830; x_wconf 80' lang='lat' dir='ltr'><strong>tres</strong></span> <span class='ocrx_word' id='word_1_550' title='bbox 1570 2805 1666 2836; x_wconf 81' lang='lat' dir='ltr'><strong>priores</strong></span> <span class='ocrx_word' id='word_1_551' title='bbox 1677 2804 1873 2837; x_wconf 17' lang='lat' dir='ltr'><strong>rexrinterprclap</strong></span> 
     </span>
    </p>
   </div>
   <div class='ocr_carea' id='block_1_44' title="bbox 235 2833 1872 2885">
    <p class='ocr_par' dir='ltr' id='par_1_44' title="bbox 235 2833 1872 2885">
     <span class='ocr_line' id='line_1_44' title="bbox 235 2833 1872 2885; baseline 0.003 -28"><span class='ocrx_word' id='word_1_552' title='bbox 235 2833 362 2868; x_wconf 52' lang='lat' dir='ltr'><strong>tioanac.</strong></span> <span class='ocrx_word' id='word_1_553' title='bbox 379 2833 446 2869; x_wconf 60' lang='lat' dir='ltr'><strong>uiuit</strong></span> <span class='ocrx_word' id='word_1_554' title='bbox 459 2833 567 2869; x_wconf 69' lang='lat' dir='ltr'><strong>Prumei,</strong></span> <span class='ocrx_word' id='word_1_555' title='bbox 579 2833 770 2866; x_wconf 77' lang='lat' dir='ltr'><strong>quartus&#39;autem</strong></span> <span class='ocrx_word' id='word_1_556' title='bbox 779 2843 794 2860; x_wconf 88' lang='lat' dir='ltr'><strong>a</strong></span> <span class='ocrx_word' id='word_1_557' title='bbox 805 2836 920 2861; x_wconf 83' lang='lat' dir='ltr'><strong>Cunrado</strong></span> <span class='ocrx_word' id='word_1_558' title='bbox 934 2833 1092 2870; x_wconf 60' lang='lat' dir='ltr'><strong>Rittershusio</strong></span> <span class='ocrx_word' id='word_1_559' title='bbox 1111 2833 1157 2861; x_wconf 72' lang='lat'><strong>.70.</strong></span> <span class='ocrx_word' id='word_1_560' title='bbox 1181 2837 1222 2885; x_wconf 62' lang='grc' dir='ltr'><strong>φιίὶ</strong></span> <span class='ocrx_word' id='word_1_561' title='bbox 1233 2840 1256 2862; x_wconf 89' lang='lat' dir='ltr'><strong>et</strong></span> <span class='ocrx_word' id='word_1_562' title='bbox 1267 2840 1336 2863; x_wconf 85' lang='lat' dir='ltr'><strong>notas</strong></span> <span class='ocrx_word' id='word_1_563' title='bbox 1347 2833 1469 2871; x_wconf 66' lang='lat' dir='ltr'><strong>uberiores</strong></span> <span class='ocrx_word' id='word_1_564' title='bbox 1481 2839 1502 2871; x_wconf 67' lang='lat' dir='ltr'><strong>et</strong></span> <span class='ocrx_word' id='word_1_565' title='bbox 1517 2833 1623 2871; x_wconf 62' lang='lat' dir='ltr'><strong>sianum:</strong></span> <span class='ocrx_word' id='word_1_566' title='bbox 1639 2839 1661 2862; x_wconf 81' lang='lat' dir='ltr'><strong>et</strong></span> <span class='ocrx_word' id='word_1_567' title='bbox 1674 2836 1766 2862; x_wconf 78' lang='lat' dir='ltr'><strong>indices</strong></span> <span class='ocrx_word' id='word_1_568' title='bbox 1780 2833 1872 2869; x_wconf 51' lang='lat' dir='ltr'><strong>priori-</strong></span> 
     </span>
     <span class='ocr_line' id='line_1_45' title="bbox 236 2863 1868 2885; baseline 0 0"><span class='ocrx_word' id='word_1_569' title='bbox 236 2863 279 2885; x_wconf 68' lang='lat' dir='ltr'><strong>bus</strong></span> <span class='ocrx_word' id='word_1_570' title='bbox 289 2863 357 2885; x_wconf 71' lang='lat' dir='ltr'><strong>ltbrlx</strong></span> <span class='ocrx_word' id='word_1_571' title='bbox 367 2865 454 2885; x_wconf 77' lang='lat' dir='ltr'><strong>ndwnl</strong></span> <span class='ocrx_word' id='word_1_572' title='bbox 482 2867 504 2885; x_wconf 76' lang='grc' dir='ltr'><strong>ρι</strong></span> <span class='ocrx_word' id='word_1_573' title='bbox 513 2869 610 2885; x_wconf 66' lang='lat' dir='ltr'><strong>nuinhu</strong></span> <span class='ocrx_word' id='word_1_574' title='bbox 627 2865 656 2885; x_wconf 77' lang='lat' dir='ltr'><strong>nl)</strong></span> <span class='ocrx_word' id='word_1_575' title='bbox 681 2867 772 2885; x_wconf 70' lang='lat' dir='ltr'><strong>Anth-nn</strong></span> <span class='ocrx_word' id='word_1_576' title='bbox 786 2867 882 2885; x_wconf 69' lang='grc' dir='ltr'><strong>ςμιιιιηη</strong></span> <span class='ocrx_word' id='word_1_577' title='bbox 903 2870 1022 2885; x_wconf 67' lang='lat' dir='ltr'><strong>munitum</strong></span> <span class='ocrx_word' id='word_1_578' title='bbox 1044 2869 1104 2885; x_wconf 75' lang='lat' dir='ltr'><strong>me</strong></span> <span class='ocrx_word' id='word_1_579' title='bbox 1125 2873 1180 2885; x_wconf 68' lang='lat' dir='ltr'><strong>nrnc</strong></span> <span class='ocrx_word' id='word_1_580' title='bbox 1190 2870 1265 2885; x_wconf 66' lang='grc' dir='ltr'><strong>κήαι-ιι</strong></span> <span class='ocrx_word' id='word_1_581' title='bbox 1291 2875 1352 2885; x_wconf 71' lang='grc' dir='ltr'><strong>ηιηιιι</strong></span> <span class='ocrx_word' id='word_1_582' title='bbox 1364 2874 1469 2885; x_wconf 76' lang='lat' dir='ltr'><strong>nrunum</strong></span> <span class='ocrx_word' id='word_1_583' title='bbox 1483 2874 1507 2885; x_wconf 84' lang='lat' dir='ltr'><strong>m</strong></span> <span class='ocrx_word' id='word_1_584' title='bbox 1518 2867 1599 2885; x_wconf 77' lang='lat' dir='ltr'><strong>Cnllm</strong></span> <span class='ocrx_word' id='word_1_585' title='bbox 1613 2867 1733 2885; x_wconf 68' lang='lat' dir='ltr'><strong>m-mlmmt</strong></span> <span class='ocrx_word' id='word_1_586' title='bbox 1758 2868 1868 2885; x_wconf 65' lang='lat' dir='ltr'><strong>Pan-nua,</strong></span> 
     </span>
    </p>
   </div>
   <div class='ocr_carea' id='block_1_45' title="bbox 236 2863 1870 2899">
    <p class='ocr_par' dir='ltr' id='par_1_45' title="bbox 236 2863 1870 2899">
     <span class='ocr_line' id='line_1_46' title="bbox 236 2863 1870 2899; baseline 0.004 -11"><span class='ocrx_word' id='word_1_587' title='bbox 236 2863 279 2888; x_wconf 79' lang='lat' dir='ltr'><strong>bus</strong></span> <span class='ocrx_word' id='word_1_588' title='bbox 289 2863 357 2899; x_wconf 61' lang='lat' dir='ltr'><strong>tiaris</strong></span> <span class='ocrx_word' id='word_1_589' title='bbox 367 2863 610 2899; x_wconf 55' lang='lat' dir='ltr'><strong>adiecit,etquiutus</strong></span> <span class='ocrx_word' id='word_1_590' title='bbox 626 2865 773 2899; x_wconf 24' lang='lat' dir='ltr'><strong>abiAmirea</strong></span> <span class='ocrx_word' id='word_1_591' title='bbox 785 2867 890 2899; x_wconf 62' lang='lat' dir='ltr'><strong>Sig/ioue,</strong></span> <span class='ocrx_word' id='word_1_592' title='bbox 903 2866 1022 2899; x_wconf 72' lang='lat' dir='ltr'><strong>societatis</strong></span> <span class='ocrx_word' id='word_1_593' title='bbox 1043 2869 1104 2892; x_wconf 76' lang='lat' dir='ltr'><strong>Jesu</strong></span> <span class='ocrx_word' id='word_1_594' title='bbox 1116 2863 1274 2899; x_wconf 65' lang='lat' dir='ltr'><strong>pres/uitem,</strong></span> <span class='ocrx_word' id='word_1_595' title='bbox 1291 2875 1352 2894; x_wconf 80' lang='lat' dir='ltr'><strong>nunc</strong></span> <span class='ocrx_word' id='word_1_596' title='bbox 1363 2867 1470 2899; x_wconf 74' lang='lat' dir='ltr'><strong>primum</strong></span> <span class='ocrx_word' id='word_1_597' title='bbox 1483 2867 1507 2892; x_wconf 88' lang='lat' dir='ltr'><strong>in</strong></span> <span class='ocrx_word' id='word_1_598' title='bbox 1518 2866 1599 2899; x_wconf 77' lang='lat' dir='ltr'><strong>Gallia</strong></span> <span class='ocrx_word' id='word_1_599' title='bbox 1613 2867 1740 2899; x_wconf 72' lang='lat' dir='ltr'><strong>prodeunt.</strong></span> <span class='ocrx_word' id='word_1_600' title='bbox 1755 2863 1870 2896; x_wconf 68' lang='grc' dir='ltr'><strong>Ρὶινὶιὶἱδρ</strong></span> 
     </span>
    </p>
   </div>
   <div class='ocr_carea' id='block_1_46' title="bbox 236 2871 1561 2931">
    <p class='ocr_par' dir='ltr' id='par_1_46' title="bbox 236 2871 1561 2931">
     <span class='ocr_line' id='line_1_47' title="bbox 236 2871 1561 2899; baseline 0.003 -12"><span class='ocrx_word' id='word_1_601' title='bbox 236 2871 357 2898; x_wconf 70' lang='lat' dir='ltr'><strong>vastioris</strong></span> <span class='ocrx_word' id='word_1_602' title='bbox 367 2871 397 2889; x_wconf 86' lang='lat' dir='ltr'><strong>aa</strong></span> <span class='ocrx_word' id='word_1_603' title='bbox 410 2871 454 2889; x_wconf 78' lang='lat' dir='ltr'><strong>em</strong></span> <span class='ocrx_word' id='word_1_604' title='bbox 463 2884 469 2895; x_wconf 88' lang='grc'>,</span> <span class='ocrx_word' id='word_1_605' title='bbox 482 2871 503 2889; x_wconf 84' lang='grc' dir='ltr'><strong>ει</strong></span> <span class='ocrx_word' id='word_1_606' title='bbox 513 2871 610 2897; x_wconf 72' lang='lat' dir='ltr'><strong>quintus</strong></span> <span class='ocrx_word' id='word_1_607' title='bbox 627 2871 656 2890; x_wconf 87' lang='lat' dir='ltr'><strong>ao</strong></span> <span class='ocrx_word' id='word_1_608' title='bbox 676 2871 773 2891; x_wconf 78' lang='lat' dir='ltr'><strong>Andrea</strong></span> <span class='ocrx_word' id='word_1_609' title='bbox 785 2871 890 2894; x_wconf 83' lang='lat' dir='ltr'><strong>Schotto,</strong></span> <span class='ocrx_word' id='word_1_610' title='bbox 903 2871 1022 2892; x_wconf 77' lang='lat' dir='ltr'><strong>societatis</strong></span> <span class='ocrx_word' id='word_1_611' title='bbox 1043 2871 1104 2892; x_wconf 65' lang='grc' dir='ltr'><strong>περι</strong></span> <span class='ocrx_word' id='word_1_612' title='bbox 1143 2871 1274 2898; x_wconf 59' lang='lat' dir='ltr'><strong>resin/tera,</strong></span> <span class='ocrx_word' id='word_1_613' title='bbox 1291 2875 1352 2894; x_wconf 80' lang='lat' dir='ltr'><strong>nunc</strong></span> <span class='ocrx_word' id='word_1_614' title='bbox 1363 2874 1470 2899; x_wconf 76' lang='lat' dir='ltr'><strong>prmium</strong></span> <span class='ocrx_word' id='word_1_615' title='bbox 1483 2874 1507 2892; x_wconf 90' lang='lat' dir='ltr'><strong>m</strong></span> <span class='ocrx_word' id='word_1_616' title='bbox 1518 2871 1561 2892; x_wconf 69' lang='lat' dir='ltr'><strong>cat</strong></span> 
     </span>
     <span class='ocr_line' id='line_1_48' title="bbox 236 2871 1561 2931; baseline 0.002 -12"><span class='ocrx_word' id='word_1_617' title='bbox 236 2895 369 2925; x_wconf 76' lang='lat' dir='ltr'><strong>suntplilms</strong></span> <span class='ocrx_word' id='word_1_618' title='bbox 383 2871 475 2928; x_wconf 60' lang='lat' dir='ltr'><strong>.J’Zgidii</strong></span> <span class='ocrx_word' id='word_1_619' title='bbox 489 2895 594 2928; x_wconf 79' lang='lat' dir='ltr'><strong>Morelti,</strong></span> <span class='ocrx_word' id='word_1_620' title='bbox 606 2897 646 2921; x_wconf 79' lang='lat' dir='ltr'><strong>via</strong></span> <span class='ocrx_word' id='word_1_621' title='bbox 657 2897 771 2923; x_wconf 74' lang='lat' dir='ltr'><strong>Jacobrea</strong></span> <span class='ocrx_word' id='word_1_622' title='bbox 782 2897 814 2922; x_wconf 81' lang='lat' dir='ltr'><strong>ad</strong></span> <span class='ocrx_word' id='word_1_623' title='bbox 826 2896 920 2930; x_wconf 74' lang='lat' dir='ltr'><strong>insigne</strong></span> <span class='ocrx_word' id='word_1_624' title='bbox 935 2897 1017 2924; x_wconf 78' lang='lat' dir='ltr'><strong>Fontis</strong></span> <span class='ocrx_word' id='word_1_625' title='bbox 1041 2873 1175 2923; x_wconf 64' lang='lat' dir='ltr'><strong>MDCAPXX</strong></span> <span class='ocrx_word' id='word_1_626' title='bbox 1182 2899 1257 2923; x_wconf 72' lang='lat' dir='ltr'><strong><em>VIII.</em></strong></span> <span class='ocrx_word' id='word_1_627' title='bbox 1273 2901 1332 2924; x_wconf 87' lang='lat' dir='ltr'><strong>Cum</strong></span> <span class='ocrx_word' id='word_1_628' title='bbox 1342 2897 1474 2931; x_wconf 76' lang='lat' dir='ltr'><strong>privilegio</strong></span> <span class='ocrx_word' id='word_1_629' title='bbox 1487 2897 1561 2930; x_wconf 75' lang='lat' dir='ltr'><strong>regis.</strong></span> 
     </span>
    </p>
   </div>
  </div>
