2044 3173
120 198 165 233 105
685 209 965 240 PROLEGOMENA
984 210 1084 240 EDlT.
1104 210 1227 241 PARIS.
1718 213 1768 246 106

118 257 204 284 obrem
219 257 245 284 si
263 261 292 285 te
306 258 399 295 hujus
416 261 511 297 operis
523 262 619 290 ducem
634 268 714 298 atque
727 264 866 299 auspieem
880 265 1001 299 praebere
1018 264 1146 298 volueris,
1175 273 1230 292 non
1250 266 1362 294 dubium
1383 272 1426 295 est
1443 268 1507 303 quin
1531 276 1594 296 eum
1608 276 1689 304 quem
1704 275 1769 306 opto

118 314 272 336 successum
290 317 508 341 consecuturus
522 314 583 342 sim.
596 313 655 347 Quo
669 320 759 342 autem
776 321 850 343 tuam
868 315 936 343 mihi
952 316 1170 344 benevolemiam
1186 318 1272 352 magis
1286 318 1437 352 demerear,
1453 320 1569 356 hujusce
1588 321 1689 349 laboris
1711 323 1768 357 pri-

117 360 199 387 mitias
213 361 265 388 tibi
291 362 403 392 dedico
425 370 510 402 atque
531 366 628 400 ofl‘ero,
651 367 794 400 Isidorum,
816 368 939 403 inquam,
955 367 1130 401 Pelusiotam,
1152 376 1233 404 quem
1246 369 1347 398 idcirco
1362 371 1480 405 primum
1497 373 1619 400 omnium
1635 374 1662 401 in
1679 374 1767 402 lucem

115 411 215 446 pmdire
232 413 327 448 volui,
344 417 426 451 quod
439 425 503 446 eum
522 423 661 446 auctorem
676 427 732 455 prae
745 420 852 448 exteris
869 419 987 448 maxime
1008 421 1043 448 ab
1060 422 1188 449 omnibus
1200 423 1290 457 expeti
1306 424 1492 459 cognoverim.
1509 424 1586 458 Quod
1604 427 1626 454 si
1642 427 1694 455 hoc
1707 436 1769 456 mu-

112 469 157 491 nus
170 472 185 490 a
203 469 231 492 te
247 466 384 503 benigne
398 474 551 505 exceptum
565 471 795 505 animadvertere,
811 472 970 500 alacriorem
984 481 1029 500 me
1040 474 1075 502 ad
1089 475 1223 509 reliquum
1235 483 1305 510 opus
1326 477 1544 512 persequendum
1556 479 1716 508 reddideris.
1731 481 1769 510 Te

109 517 231 546 autemid
241 526 311 548 esse
326 520 490 556 facturum,
506 530 538 551 ea
552 531 613 558 quae
622 523 651 551 in
666 527 694 552 te
708 529 752 552 est
766 525 933 559 humanitas,
946 530 977 553 ut
988 525 1133 560 conﬁdam,
1148 526 1239 554 efIicit.
1253 527 1327 555 Vale.

352 587 424 615 Tum
440 587 633 622 Amplitudim‘:

1314 657 1479 685 humillimus
1495 667 1594 691 sort-ua,

1382 709 1507 738 Ᾰίοωιυε
1526 711 1656 739 MOREL.

126 807 1768 834 MM

153 894 201 929 Cl.
229 895 306 928 viro
339 897 430 928 Jano
458 898 616 929 Gaurano
643 900 695 930 JC.
725 904 757 930 et
787 900 950 939 philologo
983 902 1247 940 praestantissimo
1276 903 1389 935 histor.
1419 904 1593 943 professori
1625 905 1737 944 elect.,

700 951 868 983 Cunradus
895 954 1161 992 Ilia-Teumesius,
1187 956 1217 987 S.

172 1044 309 1080 Olympius
323 1045 441 1080 quidem
462 1045 510 1073 ille
525 1045 630 1079 doctor,
645 1053 727 1081 quem
742 1050 806 1079 tuaz,
822 1046 870 1074 V'ir
883 1046 929 1079 cl.,
944 1045 1041 1074 littera:
1054 1046 1132 1074 nobis
1143 1049 1385 1083 commendabant,
1401 1051 1436 1078 ad
1451 1059 1501 1079 nos
1514 1053 1605 1082 nullus
1619 1055 1704 1082 venit.
1718 1053 1772 1082 Sed

132 1091 286 1120 fasciculum
303 1097 398 1120 tamen
412 1097 491 1121 recte
504 1093 611 1121 curavit
621 1091 798 1128 Norimberga
811 1100 860 1127 per
872 1097 930 1127 opt.
947 1096 975 1120 et
983 1093 1210 1122 ofIiciosissimum
1224 1100 1349 1123 nostrum
1364 1097 1444 1124 Bern.
1454 1100 1611 1133 praetorium
1628 1110 1634 1128 :
1646 1109 1700 1136 quo
1710 1100 1773 1128 resi-

131 1141 210 1173 gnato
234 1141 262 1165 et
284 1146 414 1169 excusso.
431 1141 552 1167 libenter
574 1139 630 1166 vidi
655 1140 795 1175 specimen
821 1139 1044 1175 typographicum
1069 1141 1167 1169 Isidori
1182 1142 1326 1171 Pelusiotae
1343 1145 1407 1177 mei,
1425 1146 1497 1180 quod
1513 1147 1622 1179 misisti,
1638 1155 1694 1174 non
1714 1147 1773 1175 sine

131 1184 284 1212 oetensione
299 1186 370 1219 spei.
387 1185 459 1218 fore,
477 1194 508 1213 ut
523 1186 596 1220 quod
610 1185 726 1221 proximi
741 1186 856 1222 catalogi
872 1186 1057 1220 minabantur,
1079 1188 1131 1215 hoc
1152 1189 1262 1216 demum
1290 1192 1439 1218 autumnali
1455 1197 1575 1219 mercatu
1595 1193 1713 1228 scriptor
1728 1193 1773 1220 ille

133 1230 414 1260 Commelinianorum
431 1234 561 1261 comitate
575 1234 602 1261 in
616 1234 704 1261 lucem
719 1235 924 1269 reproducatur.
940 1235 1048 1263 Bonum
1073 1236 1185 1270 factum,
1201 1242 1228 1264 et
1244 1237 1369 1271 feliciter,
1385 1247 1401 1266 a
1412 1240 1505 1268 multis
1522 1241 1601 1268 bonis
1615 1241 1772 1276 superdice—

142 1280 199 1310 tur,
215 1278 269 1305 imo
282 1279 337 1314 iam
353 1287 430 1306 nunc
442 1280 625 1314 snperdicitur
638 1280 703 1307 huic
718 1280 842 1308 editioni.
858 1281 900 1308 Me
914 1282 1024 1316 quidem
1040 1282 1111 1310 bona
1131 1291 1194 1318 spes
1208 1283 1300 1317 habet,
1318 1292 1378 1312 eam
1393 1293 1449 1312 non
1476 1286 1534 1313 fore
1551 1286 1638 1314 fraudi
1667 1287 1710 1314 his
1726 1288 1773 1321 qui

137 1323 169 1351 in
187 1324 260 1351 illam
273 1329 400 1360 sumptus
421 1325 558 1352 fecerunt.
575 1325 632 1353 Etsi
655 1326 728 1353 enim
747 1334 803 1353 non
817 1330 858 1353 est
875 1326 990 1361 amplius
1018 1327 1046 1354 in
1065 1327 1158 1355 multis
1171 1332 1263 1356 tantus
1277 1329 1428 1356 animorum
1444 1330 1526 1357 ardor
1538 1331 1572 1358 ad
1586 1332 1774 1366 cognoscenda

126 1372 368 1407 comparandaque
380 1373 526 1400 vetustatis
540 1373 654 1400 eruditae
670 1379 857 1407 monumenta,
876 1373 971 1402 Graeca
986 1375 1139 1411 praesertim
1160 1376 1232 1412 (sine
1254 1377 1353 1411 quibus
1371 1381 1461 1405 tamen
1477 1379 1563 1406 solide
1576 1379 1674 1406 doctus
1691 1387 1773 1406 nemo

126 1416 211 1446 facile
237 1428 358 1454 unquam
378 1420 504 1456 exstitit),
533 1425 652 1455 quantus
682 1421 710 1447 in
738 1421 841 1448 nostris
871 1421 1030 1449 hominibus
1050 1422 1102 1450 fuit
1128 1431 1241 1451 avorum
1263 1429 1310 1452 aut
1331 1432 1495 1459 proavorum
1520 1431 1680 1454 nostrorum
1705 1435 1774 1457 aevo.

125 1472 193 1494 cum
211 1467 366 1495 litterarum
392 1473 421 1496 et
442 1469 596 1504 linguarum
609 1469 699 1496 studia
714 1469 834 1504 primum
854 1469 881 1495 in
897 1469 1043 1497 Germania
1062 1470 1246 1499 excitarentur
1271 1477 1298 1499 et
1323 1472 1453 1499 illustrari
1481 1472 1635 1508 inciperent
1662 1482 1776 1509 magno-

125 1522 190 1541 rum
209 1518 292 1549 atque
304 1514 497 1542 excellentium
510 1515 631 1542 virorum
646 1523 699 1549 qua
710 1523 788 1547 voce,
807 1523 859 1550 qua
873 1516 982 1550 scriptis
1000 1525 1006 1543 :
1024 1521 1113 1544 tamen
1128 1525 1163 1544 ne
1182 1517 1234 1545 hoc
1254 1518 1363 1552 quidem
1376 1518 1506 1546 saeculum
1525 1518 1707 1556 (ἐπευφημεῖν
1721 1522 1775 1558 γὰρ

124 1561 182 1596 χρὴ
202 1561 314 1596 μᾶλλον)
332 1570 417 1596 usque
430 1562 498 1589 adeo
514 1566 555 1589 est
570 1561 664 1588 infelix
685 1567 732 1588 aut
751 1562 875 1596 eertum,
907 1563 974 1598 quin
992 1564 1074 1590 etiam
1090 1572 1162 1591 nunc
1176 1565 1274 1593 habeat
1289 1565 1448 1592 Graecorum
1464 1565 1628 1601 scriptorum
1641 1574 1776 1594 amatorrs

125 1608 274 1641 maximos,
307 1607 439 1642 quidquid
454 1608 534 1643 vulgo
545 1608 578 1635 de
589 1608 632 1635 his
647 1607 780 1641 videatur,
797 1609 843 1643 qui
859 1609 901 1636 vel
917 1609 951 1636 ad
972 1609 1088 1642 lucrum,
1105 1610 1148 1637 vel
1163 1611 1196 1637 ad
1208 1611 1380 1638 ambitiosam
1396 1611 1610 1639 ostentationem
1628 1620 1676 1639 sua
1693 1612 1777 1640 refert

125 1653 235 1686 omnia,
250 1662 365 1689 qumque
376 1654 410 1681 ad
428 1655 525 1681 horum
536 1654 697 1681 alterutrum
710 1655 869 1682 conducunt
880 1663 986 1690 parum,
1001 1656 1027 1682 in
1043 1656 1095 1683 illis
1111 1657 1193 1684 studii
1210 1657 1286 1691 ponit
1303 1656 1381 1684 nihil.
1398 1657 1642 1686 Vcrumenintvero
1653 1659 1720 1686 tales
1731 1666 1776 1695 qui

126 1707 207 1735 sunt,
215 1703 326 1738 quando
340 1703 379 1730 illi
389 1711 439 1730 nos
447 1711 510 1730 cum
522 1703 620 1729 talibus
632 1703 728 1730 studiis
739 1711 833 1738 parum
844 1708 939 1730 curant
949 1709 995 1731 aut
1003 1708 1153 1737 morantur,
1163 1712 1212 1731 nos
1221 1712 1329 1739 quoque
1341 1705 1415 1739 ipsos
1426 1713 1523 1740 parum
1534 1706 1712 1738 morabimur,
1721 1706 1777 1733 ἀλλ’

126 1751 212 1786 ἡμεῖς
225 1752 319 1783 αὐτοῖς
341 1751 371 1778 οὺ
395 1750 598 1786 διαμειψόμεθα
623 1750 670 1785 τῆς
697 1751 798 1786 ἀρετῆς
822 1751 867 1777 τὸν
887 1751 933 1778 πλε

969 1760 1014 1783 τον,
1044 1756 1074 1778 ut
1090 1751 1172 1779 Solon
1187 1752 1307 1779 eecinil:
1323 1760 1354 1779 ac
1369 1752 1460 1787 potius
1476 1757 1533 1780 tum
1550 1753 1584 1780 ad
1606 1754 1776 1781 honestatem

128 1798 350 1833 dignitatemque
367 1798 482 1824 istarum
494 1796 658 1827 litterarum,
675 1801 731 1823 tum
746 1797 779 1824 ad
797 1797 932 1832 majorum
952 1797 1075 1832 exempla
1089 1819 1095 1829 ,
1111 1802 1139 1824 et
1156 1797 1276 1832 priscum
1293 1798 1378 1829 illum,
1396 1806 1477 1832 quem
1493 1798 1559 1831 dixi,
1575 1798 1698 1825 ardorem
1717 1799 1778 1825 ani-

127 1853 252 1877 morum,
267 1853 323 1880 quo
342 1845 393 1880 ipsi
410 1852 473 1879 erga
494 1852 542 1871 eas
560 1844 716 1879 flagrarunt,
731 1849 847 1878 utroque
860 1845 940 1872 oculo
959 1845 1146 1879 respiciemus.
1164 1843 1270 1871 Recens
1285 1843 1340 1876 jam
1361 1852 1421 1871 sum
1439 1852 1453 1870 a
1468 1844 1585 1872 lectione
1602 1845 1776 1880 epistolarum

128 1893 247 1921 Joannis
259 1891 420 1925 Reuchlini,
435 1899 504 1926 quas
518 1891 545 1917 in
558 1890 724 1917 bibliotheca
739 1890 865 1917 Bilibaldi
884 1890 1065 1925 l‘irckeylneri
1087 1898 1133 1925 per
1150 1890 1231 1917 hasce
1246 1889 1328 1916 ferias
1343 1888 1527 1924 Norimbergte
1541 1889 1612 1924 apud
1633 1890 1776 1924 patricium

129 1939 222 1968 virum
238 1937 374 1965 Joannem
397 1936 448 1963 lm.
465 1935 586 1967 Holium,
602 1935 674 1963 illius
692 1940 884 1970 pronepotem,
905 1935 998 1962 inverti
1021 1935 1186 1970 complures.
1202 1935 1323 1962 Narrabo
1346 1935 1403 1967 tibi,
1421 1935 1456 1961 mi
1475 1935 1591 1962 Grutere
1603 1956 1609 1967 ,
1627 1937 1669 1963 vcl
1687 1938 1776 1970 potius

129 1984 364 2014 adulescentibus,
378 1982 401 2009 si
418 1982 464 2016 qui
480 1982 538 2008 lucc
554 1985 600 2008 tuo
615 1981 749 2008 beneficio
764 1986 897 2016 praiterea
917 1981 988 2008 forte
1005 1981 1101 2008 lecturi
1116 1986 1197 2014 sunt,
1218 1986 1248 2008 ut
1263 1981 1415 2016 exemplum
1436 1981 1499 2007 inde
1515 1982 1623 2015 capiant
1636 2001 1643 2012 ,
1659 1982 1722 2017 quid
1748 1983 1775 2010 in

129 2041 227 2062 earum
247 2040 301 2059 una
318 2037 399 2066 atque
414 2031 501 2058 altera
517 2035 656 2065 repertum
681 2030 717 2057 sit
742 2029 820 2057 mihi.
838 2029 941 2056 Scribit
962 2030 1133 2057 Reuchlinus
1161 2029 1301 2065 Anglopoli
1332 2029 1382 2064 (sic
1397 2033 1475 2056 vocat
1504 2029 1706 2065 lngolstatlium,
1723 2039 1776 2064 quo

131 2078 291 2114 Stutgardia
308 2077 344 2104 ob
358 2081 449 2104 motus
466 2076 599 2103 Suevicos
612 2084 627 2102 a
646 2076 761 2102 summis
786 2076 937 2103 honoribus
952 2075 1047 2103 aulicis
1070 2079 1167 2110 sponte
1183 2076 1336 2102 exsulatum
1358 2075 1476 2110 juvcrat)
1491 2083 1563 2102 anno
1579 2084 1647 2102 nnxx
1663 2076 1696 2102 ad
1713 2076 1777 2102 Bili-

130 2125 243 2153 baldum
263 2125 339 2152 illum
350 2144 357 2156 ,
372 2131 453 2159 quem
467 2123 524 2151 disi
536 2143 542 2154 ,
556 2122 707 2157 principem
722 2122 810 2149 virum
827 2127 854 2149 et
867 2122 893 2148 in
908 2122 1061 2149 litterarum
1075 2122 1279 2149 reconditarum
1293 2122 1408 2149 scientia
1419 2143 1426 2154 ,
1442 2121 1609 2156 omninoque
1624 2122 1774 2148 multorum

132 2174 262 2208 opinione
276 2173 425 2208 majorem,
441 2171 476 2199 de
490 2179 539 2198 sua
550 2171 705 2206 linguarum
722 2169 910 2205 professione,
928 2178 1008 2205 quam
1027 2170 1053 2197 in
1076 2171 1119 2197 illa
1135 2171 1311 2198 celeberrima
1329 2170 1405 2197 acad.
1419 2169 1496 2197 ducis
1511 2169 1631 2197 Bavaria:
1651 2170 1776 2197 Gulielmi

134 2219 264 2254 auspiciis
284 2225 311 2246 et
327 2219 442 2246 honesto
460 2217 600 2252 slipendio
617 2217 727 2252 publico
742 2217 898 2244 instituerat
913 2217 1060 2253 geminam,
1077 2225 1157 2252 quam
1174 2217 1303 2252 frequens
1320 2217 1418 2244 habeat
1436 2216 1610 2244 auditorium.
1634 2216 1686 2243 Sed
1699 2217 1776 2251 juvat

135 2265 187 2293 hoc
201 2266 346 2300 ipsiusmct
361 2264 452 2292 verbis
469 2272 645 2300 cognoscere,
664 2272 725 2299 quae
740 2264 854 2299 proinde
873 2272 904 2291 ex
921 2264 1090 2299 autographo
1107 2264 1168 2291 ﬁdei
1189 2272 1270 2291 causa
1293 2263 1436 2298 subjiciam
1449 2283 1456 2294 ,
1473 2267 1608 2298 quatenus
1622 2263 1675 2290 huc
1690 2263 1775 2297 perti-

135 2317 211 2339 nent.
231 2311 357 2345 Quando,
373 2311 474 2346 inquit,
490 2319 533 2339 me
544 2319 620 2338 nunc
638 2311 690 2338 isto
708 2319 780 2338 anno
801 2311 1009 2337 elementarium
1028 2310 1120 2337 effecit
1138 2310 1267 2337 δέσποινα
1283 2309 1351 2345 τύχη
1362 2330 1368 2340 ,
1385 2309 1507 2344 quotidie
1521 2309 1554 2336 de
1569 2310 1667 2336 throno
1681 2309 1776 2336 docto-

135 2365 206 2389 rum,
223 2358 360 2392 frequenti
372 2357 523 2387 auditorio.
543 2357 651 2391 publice
666 2356 856 2391 prrelegendus
868 2359 909 2383 est
926 2364 941 2383 a
955 2363 998 2383 nte
1010 2356 1036 2382 in
1051 2356 1141 2392 lingua
1156 2355 1286 2389 lleb_raica
1301 2363 1381 2382 mane
1396 2355 1463 2382 Rabi
1482 2355 1555 2382 Mose
1573 2355 1673 2384 Iiinihi.
1689 2359 1717 2382 et
1729 2362 1776 2381 ve-

137 2405 208 2439 speri
222 2404 250 2431 in
263 2404 357 2439 lingua
371 2404 465 2431 Graeca
479 2402 575 2429 Plutus
587 2401 779 2437 Aristophanis
792 2401 935 2436 discipulis
951 2401 1082 2428 trecentis
1095 2405 1123 2428 et
1135 2401 1231 2433 multo,
1251 2400 1373 2435 inquam,
1391 2400 1461 2434 plus.
1479 2399 1555 2433 Quod
1568 2399 1641 2432 felix,
1658 2399 1777 2427 faustum

138 2449 361 2486 fortunatumque
387 2450 457 2478 fuat.
471 2449 530 2482 Tu,
549 2449 609 2476 vale
633 2449 760 2482 feliciter,
774 2454 802 2476 et
823 2457 867 2476 me
893 2448 1046 2484 principem
1068 2448 1170 2476 Sicilire
1188 2448 1347 2483 Dionysium
1363 2447 1488 2475 Corinthi
1503 2447 1617 2482 puerilia
1633 2447 1776 2475 docentem

137 2501 269 2532 spectato.
284 2496 348 2524 Hrcc
360 2499 415 2529 ille,
430 2497 543 2524 biennio
556 2503 619 2524 ante
637 2497 746 2524 beatum
765 2496 826 2524 vita:
849 2505 1011 2524 atrumnosaz
1041 2496 1120 2523 simul
1152 2500 1180 2523 et
1206 2496 1329 2531 gloriosa:
1346 2495 1459 2526 exitum,
1477 2499 1555 2521 actate
1572 2495 1613 2521 vir
1627 2494 1727 2529 gravis,
1750 2494 1776 2520 iu

136 2544 219 2572 rebus
238 2544 331 2571 arduis
348 2548 481 2578 spectata:
498 2545 559 2572 fidei
573 2565 580 2577 ,
599 2545 816 2580 auctoritateque
837 2551 970 2580 pra-stans
981 2566 988 2578 ,
1005 2545 1036 2572 ad
1052 2545 1171 2572 amicum
1184 2564 1191 2577 ,
1213 2551 1267 2579 quo
1283 2543 1413 2578 majorem
1433 2547 1497 2570 tunc
1513 2543 1699 2577 Norimbcrgte
1723 2549 1778 2569 non

137 2593 265 2624 habebat,
279 2592 322 2619 cui
336 2591 428 2619 omnia
444 2599 494 2619 sua
507 2592 620 2620 minima
633 2593 749 2620 maxima
764 2593 957 2625 concredebat,
968 2600 1076 2628 quoque
1086 2592 1232 2628 plurimum
1246 2592 1382 2622 utebatur,
1397 2590 1430 2617 de
1448 2589 1584 2616 auditorio
1597 2597 1657 2620 suo,
1674 2593 1698 2616 cl
1718 2588 1779 2622 qui'

135 2641 196 2668 dem
211 2641 317 2667 calamo
333 2640 458 2672 minime.
477 2639 547 2667 sicut
562 2641 710 2673 credimus,
728 2649 798 2668 vano
812 2645 839 2668 et
854 2641 981 2676 glorioso,
999 2641 1175 2677 przedicabat.
1190 2639 1256 2672 Quis
1270 2647 1336 2667 vero
1355 2640 1405 2667 hac
1428 2642 1600 2673 tempestate,
1618 2645 1671 2665 non
1690 2637 1777 2662 dicam

136 2694 163 2714 m
185 2686 238 2714 ulla
265 2685 420 2713 Germaniae
447 2686 526 2713 acad.
544 2686 590 2714 sed
608 2687 692 2714 totius
708 2687 824 2722 Europa:
839 2688 880 2714 vel
894 2687 1073 2715 celeberrimo
1095 2686 1242 2722 Gymnasio
1253 2706 1260 2718 ,
1274 2686 1332 2721 ipse
1354 2686 1417 2712 licet
1435 2684 1597 2714 lleuchlino,
1613 2682 1656 2711 cui
1673 2688 1777 2708 summa

136 2733 227 2761 omnia
243 2733 402 2765 tribuimus,
417 2737 449 2759 ut
462 2733 569 2768 parenti
583 2738 638 2769 opt.
652 2734 805 2761 studiorum
819 2754 825 2764 .
839 2734 963 2761 doctrina
984 2734 1070 2761 nihilo
1085 2733 1207 2766 inferior,
1223 2738 1298 2760 tanto
1319 2732 1473 2759 auditorum
1493 2734 1576 2761 coetu,
1595 2728 1650 2755 imo
1665 2726 1705 2754 νς]
1729 2726 1777 2777 de-

137 2782 207 2809 cima
224 2782 285 2816 eius
299 2786 376 2816 parte
391 2780 573 2812 circumfluit,
588 2782 705 2808 maxime
718 2782 764 2816 qui
782 2782 816 2809 sit
833 2782 859 2809 in
879 2782 972 2809 talium
989 2781 1171 2817 explicatione
1193 2785 1336 2808 auctorum
1352 2784 1380 2806 et
1396 2778 1495 2806 Graeca:
1515 2777 1674 2803 litteraturae
1693 2772 1778 2822 tradi-

137 2830 212 2856 tione
225 2828 398 2864 occupatus?
417 2828 441 2855 0
457 2827 618 2862 mirandam,
633 2836 667 2855 ne
685 2828 773 2856 dicam
794 2829 988 2862 miserandam,
1010 2821 1174 2863 temporum,
1190 2826 1343 2854 animorum
1370 2830 1397 2852 et
1411 2823 1564 2851 studiorum
1586 2821 1778 2869 commutatio-

135 2878 218 2904 neml
233 2876 317 2911 Cujus
329 2884 428 2904 causas
443 2875 507 2902 alibi
526 2875 688 2910 investigare
702 2875 795 2903 licebit
807 2877 988 2912 opportunius
1003 2883 1034 2902 ac
1044 2873 1252 2903 liberius.Nunc
1264 2877 1355 2899 autem
1367 2869 1510 2905 segnitiem
1525 2871 1607 2915 atque
1624 2864 1776 2915 socordiam

130 2927 258 2951 nostram
273 2926 380 2950 tantum
397 2921 542 2956 deplorare
558 2921 646 2952 liccat,
664 2921 685 2948 si
703 2921 744 2948 vel
767 2922 818 2949 hac
839 2911 943 2950 ratione
963 2923 989 2949 in
1005 2922 1150 2957 iuventute
1163 2923 1266 2956 nostra,
1295 2925 1352 2951 quae
1365 2917 1390 2943 in
1405 2914 1502 2942 litteris
1516 2913 1549 2940 ad
1568 2920 1643 2948 spem
1660 2911 1777 2946 aliquam

260 2970 400 3001 Parum.
422 2969 482 2998 (in.
506 2967 669 2998 LXXl'lll.
1573 2960 1590 2990 ’4.
