2044 3173
288 202 338 234 ιοτ
832 192 1113 224 PROLEGOMENA
1133 191 1234 222 EDlT.
1249 191 1370 220 unus.
1868 187 1923 220 108

287 258 391 293 rcipub.
408 261 434 283 et
454 254 579 282 Ecclesia:
601 253 742 282 educatur,
756 251 862 286 aliquos
883 250 990 285 pristini
1013 248 1117 275 ardoris
1135 247 1268 283 igniculos
1287 247 1460 279 resuscitare,
1476 247 1532 275 sive
1549 253 1579 275 ut
1595 248 1752 275 Graecorum
1766 247 1922 283 elegantis—

287 306 356 332 simo
374 309 434 331 utar
448 302 541 333 verbo,
558 299 893 335 ἁναζωπυρεῖνμοεείιιιιιε.
909 297 946 323 De
970 304 1032 323 meo
1053 304 1094 332 erg

1110 305 1116 322 ι
1137 296 1202 323 istas
1215 295 1331 327 litteras,
1347 295 1446 330 quibus
1460 295 1615 322 humanitas
1635 295 1724 322 omnis
1749 299 1917 326 continetur,

286 356 379 378 amore
401 352 534 384 perpetuo
557 347 646 374 dicam
671 346 789 381 parcius.
812 344 926 371 Multum
943 342 1031 375 volui;
1058 349 1153 377 parum
1170 341 1246 376 pottti
1260 341 1293 368 ad
1308 341 1413 368 illarum
1431 341 1650 375 propagatiouem
1666 340 1801 368 conferre.
1816 340 1919 367 Partim

291 397 364 425 enim
381 395 481 432 ingenii
499 400 526 422 et
539 394 702 422 valetudinis
715 393 899 424 mediocritas,
917 391 959 418 vel
977 390 1068 426 potius
1083 390 1224 424 tttrittsqtte
1241 389 1368 421 tenuitas,
1383 389 1526 416 conatibus
1545 388 1668 416 honestis
1689 389 1804 420 obstitit,
1821 388 1920 422 partim

292 442 451 471 occasiones
463 441 620 471 defuerunt.
635 439 733 475 partim
751 438 867 473 denique
877 437 929 464 alia
946 436 1046 468 studia,
1063 436 1096 463 ab
1119 435 1172 462 illis
1186 443 1241 462 non
1255 442 1350 470 paruut
1364 439 1467 462 remota
1481 439 1562 470 atque
1585 442 1679 461 aversa
1703 442 1747 461 me
1763 434 1837 461 velut
1857 434 1922 461 abs-

288 492 440 517 traxerunt.
453 488 486 515 Et
498 487 536 515 vel
553 487 592 514 sic
606 491 696 514 tamen
706 493 760 512 non
770 484 885 520 poenitet
897 487 1158 519 prorsus,quantum
1174 482 1219 510 ltic
1233 489 1325 517 operte
1339 481 1430 516 posui,
1442 481 1527 508 sinon
1544 486 1569 508 et
1581 489 1670 515 operae
1678 481 1795 515 pretium
1812 481 1922 516 aliquod

288 536 349 563 feci.
360 535 481 562 Isidorus
496 533 646 560 Pelusiotes
663 531 772 566 quidem
787 530 852 565 quid
863 534 1031 565 quantumve
1050 529 1130 556 nobis
1141 529 1248 560 debeat,
1261 528 1319 562 ipse
1336 528 1428 564 potius
1443 529 1580 563 loquatur.
1595 528 1626 555 Et
1641 528 1768 562 loquetur
1782 536 1849 556 sane
1870 529 1923 555 hoc

287 581 377 616 ipsum
402 580 514 610 diserte,
529 579 551 606 si
568 579 626 605 bare
640 582 732 604 nostra
747 576 832 602 editio
848 571 909 602 cuin
928 575 1049 603 Parisina
1065 574 1208 603 clarissimi
1222 574 1290 601 Billii
1306 573 1471 602 conferatur.
1487 574 1565 602 Dicet
1582 574 1665 606 cuitu,
1683 581 1712 601 se
1725 582 1783 601 utea
1800 574 1921 609 primum

289 626 456 662 benignitate
471 625 531 660 plus
545 632 624 660 qttant
639 622 767 650 ducentis
781 622 875 657 viginti
891 622 1012 656 epistolis
1026 623 1133 656 prodire
1147 621 1311 653 auctiorem;
1329 620 1410 653 dicet,
1424 620 1548 654 plurimis
1561 620 1682 655 priorum
1693 619 1774 646 etiant
1790 619 1923 646 librorum

289 672 355 700 locis
374 673 474 699 factum
491 670 703 698 emendatiorem
728 673 807 703 atque
824 667 1013 702 integriorent;
1029 668 1110 699 dicet,
1125 667 1351 702 interpretatione
1369 667 1464 694 Latina
1481 671 1509 694 et
1532 666 1605 694 notis
1621 673 1729 701 qttoque
1751 673 1782 692 ac
1795 664 1923 700 perocbis

288 720 424 748 redditum
437 719 588 755 planiorem
605 718 636 744 ad
648 715 868 751 intelligendum;
882 714 965 747 dicet,
980 715 1116 742 indicibus
1132 715 1233 742 nostris
1248 715 1308 742 usui
1323 715 1425 742 factum
1445 714 1577 750 aptiorem
1595 718 1623 741 et
1642 713 1812 740 habiliorem.
1829 712 1868 738 Ae
1888 719 1924 738 ne

288 768 349 800 quis
367 775 416 801 per
429 774 478 793 ttos
492 774 539 792 sua
551 765 630 792 laude
649 769 675 791 et
690 763 773 798 gloria
791 762 976 792 tlcl'ratnletur,
995 769 1045 788 nec
1061 761 1097 788 illi
1119 761 1162 788 hic
1183 762 1313 789 reticendi
1335 767 1410 793 sunt,
1436 769 1551 797 quorum
1572 760 1704 788 beneﬁcio
1722 757 1924 792 manuscriptus

290 814 334 842 ille
359 813 444 839 codex
468 811 640 838 bibliotheca:
656 808 771 844 princip.
791 807 887 834 Bavar.
911 807 1012 834 nostris
1028 807 1122 833 usibus
1146 807 1305 841 impoti-atus
1329 813 1379 835 est.
1397 808 1422 834 ld
1444 813 1471 834 tu
1489 808 1608 842 quidem,
1623 807 1737 833 Grutere
1761 803 1922 832 clarissime.

289 860 344 893 jam
358 857 438 888 nosti,
465 860 565 883 norunt
583 855 665 882 etiarn
680 854 834 888 complures
849 853 928 879 amici
948 852 1002 879 alii.
1017 851 1069 879 Sed
1091 853 1200 887 quando
1222 853 1278 880 lucc
1293 853 1417 888 cpistola,
1433 860 1494 888 qua:
1507 857 1534 880 ct
1557 851 1683 879 amicitia:
1698 855 1797 878 nostrte
1813 854 1841 877 et
1855 849 1924 884 grati

292 911 354 938 erga
370 902 512 937 εὐεργέται
532 900 616 928 animi
634 899 686 927 mei
705 899 780 926 testis
793 907 853 926 esse
865 898 956 928 debet.
975 906 990 925 a
1007 898 1140 933 pluribus,
1156 899 1385 932 quemadmodum
1413 907 1502 934 spero.
1519 899 1622 934 legetur
1644 906 1698 925 una
1713 905 1774 925 cttnt
1791 897 1851 931 ipso
1874 896 1924 923 lsi-

289 949 371 980 doro;
387 948 474 974 sciant
493 947 530 973 illi
548 954 665 981 quoque,
681 945 726 980 qui
739 950 818 972 atttea
840 945 1009 978 nesciebant,
1027 945 1099 979 qttod
1113 952 1160 972 eos
1176 945 1245 972 scire
1264 946 1377 973 interest
1395 954 1461 973 mea:
1475 945 1535 972 ﬁdei
1549 949 1576 972 et
1588 943 1811 979 εὐγνωμοσύνης,
1830 941 1925 969 deberi

290 996 369 1022 istius
385 994 510 1022 beneﬁcii
524 994 638 1030 gratiam
654 994 720 1021 viris
736 993 886 1028 magnificis
900 997 980 1027 atque
995 993 1184 1027 amplissimis,
1200 993 1290 1020 Marco
1308 994 1428 1024 Vclsero.
1444 994 1511 1029 reip.
1525 993 1640 1028 August.
1655 993 1688 1024 ll,
1705 992 1774 1023 viro,
1789 989 1925 1018 etloattni

289 1041 404 1076 Georgio
419 1040 572 1068 llervttarto
588 1040 622 1067 ab
639 1039 818 1074 llohenburg,
834 1039 997 1066 cancellario
1010 1039 1149 1073 Bavarieo,
1167 1041 1212 1075 qui
1229 1045 1256 1068 et
1271 1049 1319 1076 per
1340 1041 1444 1067 litteras
1459 1045 1486 1067 et
1503 1048 1551 1075 per
1567 1040 1744 1074 interpretem
1769 1045 1801 1065 ac
1825 1043 1927 1071 proxe-

290 1091 381 1115 netam
395 1091 452 1122 opt.
469 1094 500 1114 ac
516 1086 667 1122 gratiosiss.
682 1086 810 1113 Davidcm
838 1085 1024 1113 Hmscbclium
1055 1091 1177 1113 nostrum
1205 1095 1220 1114 a
1248 1094 1291 1114 tne
1317 1086 1401 1122 rogati
1424 1094 1502 1113 usum
1528 1085 1705 1120 pulcherrimi
1722 1084 1794 1110 illius
1810 1082 1924 1112 codicis.

289 1143 370 1170 quetn
388 1133 493 1161 Monaei
521 1137 628 1160 exstare
657 1132 856 1164 inaudiveram,
881 1140 934 1158 non
950 1131 1072 1159 diﬂiciles
1085 1139 1144 1158 sese
1161 1132 1227 1159 tuibi
1245 1132 1430 1166 prtebuerunt,
1450 1131 1514 1165 quin
1536 1138 1598 1156 cum
1616 1130 1681 1156 tnilti
1698 1129 1731 1156 ab
1747 1128 1878 1155 screniss.
1900 1131 1928 1154 et

289 1181 394 1208 celsiss.
412 1180 507 1206 Bavar.
527 1178 644 1214 princip.
661 1178 849 1212 impetrarent,
875 1177 979 1212 μεγάλη
1003 1177 1083 1212 χάρις

1117 1178 1209 1209 ιὺτοῖς,
1225 1181 1254 1203 ιιι
1269 1177 1408 1204 Theocriti
1424 1177 1506 1203 verba
1527 1177 1572 1204 ltic
1588 1176 1684 1203 faciant
1703 1182 1772 1202 mea.
1792 1173 1865 1201 idem
1882 1172 1924 1199 tli-

290 1232 364 1254 ctum
377 1226 438 1252 volo
451 1230 477 1252 et
496 1223 658 1260 prothymim
674 1223 777 1250 elariss.
797 1228 823 1249 et
836 1223 958 1250 nobiliss.
976 1223 1027 1250 viri
1045 1223 1129 1258 Marq.
1147 1223 1258 1250 Frcbcri
1275 1232 1281 1250 :
1299 1223 1344 1258 qui
1359 1231 1420 1250 cum
1435 1223 1622 1254 intellexisset,
1637 1230 1651 1248 a
1667 1229 1709 1248 nte
1718 1221 1833 1248 alterum
1845 1219 1928 1246 etiam

289 1273 438 1301 desiderari
454 1272 593 1306 exemplar
609 1270 737 1298 editionis
748 1269 888 1303 Parisinae,
903 1271 1159 1305 quod-variantibus
1183 1271 1346 1298 lectionibus
1361 1279 1375 1298 a
1397 1278 1440 1298 me
1467 1270 1695 1297 conscribillatum
1716 1277 1795 1296 novae
1812 1268 1930 1303 impres-

289 1319 358 1347 sioni
377 1318 532 1347 subservire
551 1317 694 1352 iuberem,
712 1316 783 1343 ultro
801 1315 838 1347 id,
855 1324 907 1350 qtta
925 1320 966 1343 est
979 1316 1020 1343 vir
1033 1316 1131 1343 eximia
1147 1316 1328 1351 benignitate,
1345 1316 1502 1351 prolixeque
1518 1316 1585 1344 mihi
1601 1316 1700 1343 obtulit
1718 1320 1800 1350 atque
1814 1321 1930 1342 conces-

289 1366 325 1393 sit
343 1366 436 1392 usibus
452 1364 530 1391 meis.
545 1363 614 1390 Sunt
629 1362 710 1390 etiam
729 1362 774 1397 qui
793 1362 899 1398 signum
922 1361 1002 1388 nobis
1019 1366 1111 1396 postea
1126 1361 1300 1388 subtuleruut
1317 1361 1350 1388 ad
1366 1362 1436 1388 bene
1450 1362 1614 1396 sperandum
1629 1362 1662 1388 de
1680 1361 1757 1388 novis
1773 1360 1883 1387 auxiliis
1897 1367 1930 1386 ex

290 1412 419 1438 Vaticana
436 1409 600 1437 bibliotheca
618 1407 869 1436 subministrandis.
886 1406 923 1434 lbi
937 1407 1009 1434 enim
1024 1407 1155 1439 plurimas
1177 1407 1258 1434 etiam
1281 1407 1443 1440 ἀνεκδότους
1460 1408 1545 1435 nostri
1562 1408 1680 1436 auctoris
1696 1407 1826 1442 epistolas
1847 1407 1932 1435 latere

290 1459 437 1493 perltibent
450 1457 595 1489 αὐτόπται,
607 1463 659 1483 nec
674 1464 770 1483 vanam
788 1455 891 1482 faciunt
906 1455 995 1482 ﬁdem.
1012 1453 1071 1482 1am
1083 1455 1155 1481 enim
1173 1455 1350 1489 quarumdam
1363 1455 1478 1482 vidimus
1492 1455 1581 1486 initia,
1596 1463 1655 1490 qua:
1669 1455 1732 1481 inde
1742 1455 1814 1481 And.
1830 1454 1932 1482 Scitot-

293 1509 346 1534 tus,
365 1504 405 1530 vir
420 1503 544 1533 doctiss.,
561 1501 595 1529 de.
607 1502 769 1536 antiquitate
787 1502 862 1528 onmi
880 1506 907 1529 et
924 1502 958 1528 de
975 1502 1055 1529 rectis
1071 1502 1169 1529 studiis
1186 1506 1243 1536 opt.
1260 1510 1328 1528 mer.
1359 1502 1512 1537 (notissima
1532 1502 1579 1529 tibi
1596 1502 1723 1537 prmdico)
1739 1502 1932 1536 exscripserat.

292 1549 332 1576 llli
347 1557 466 1584 quoque,
483 1548 528 1575 ttbi
548 1548 680 1582 promissa
697 1547 882 1582 itnplcvcriut,
901 1548 940 1574 uti
957 1555 1098 1582 speramus
1113 1547 1270 1582 propediem
1289 1547 1418 1578 facturos.
1435 1553 1462 1575 et
1481 1556 1546 1574 vero
1562 1556 1623 1575 ctttn
1640 1547 1701 1575 ﬁdei
1717 1556 1773 1575 sua:
1786 1551 1842 1574 tum
1867 1547 1933 1574 boni

292 1597 392 1632 publici
409 1605 491 1623 causa
508 1596 597 1623 facere
615 1595 727 1627 debent,
745 1595 836 1622 debita
858 1595 935 1622 laude
951 1595 1092 1630 gratiaque
1110 1595 1222 1622 tninime
1238 1595 1446 1623 l‘taudabuutur.
1464 1596 1556 1630 Neque
1580 1595 1654 1630 ipsos
1669 1596 1727 1623 brae
1738 1595 1833 1627 editio,
1850 1602 1933 1629 quam

291 1642 499 1670 Contnteliniani
514 1642 572 1668 sine
588 1649 685 1677 magno
698 1649 748 1668 suo
763 1642 946 1674 ittcomtnodo,
963 1646 992 1669 ut
1012 1643 1074 1671 scis.
1091 1642 1196 1669 diutius
1218 1642 1330 1669 (ΠαριὙο
1355 1651 1408 1669 non
1432 1647 1589 1677 potuerunt,
1604 1643 1751 1674 retardare,
1770 1642 1818 1669 sed
1841 1642 1934 1676 potius

294 1691 408 1718 ittvitarc
423 1691 514 1719 debet.
531 1695 559 1716 ut
575 1698 634 1724 quae
649 1689 721 1716 ultro
737 1690 902 1725 perbenigne
921 1695 985 1717 sunt
1008 1690 1132 1724 polliciti,
1146 1698 1200 1717 non
1218 1695 1271 1716 tant
1295 1690 1372 1717 nobis
1388 1699 1468 1724 quam
1486 1690 1590 1725 reipub.
1606 1690 1766 1717 Christiana:
1780 1696 1935 1724 repraesen-

295 1741 362 1764 tent.
376 1736 501 1771 Accipies
517 1745 578 1763 cum
599 1737 640 1763 ltis
652 1736 750 1762 litteris
760 1741 788 1763 et
799 1736 889 1770 operis
906 1736 1024 1763 universi
1049 1736 1155 1763 tilttlttm
1168 1756 1174 1766 ,
1193 1741 1220 1763 et
1235 1737 1337 1771 aliqttot
1356 1736 1548 1763 cncontiastica
1568 1737 1665 1771 partint
1679 1736 1798 1763 carmina
1812 1756 1819 1768 ,
1835 1735 1934 1770 partim

292 1781 418 1816 epistolia
435 1782 569 1809 clarorum
587 1781 717 1813 virorum,
734 1789 794 1816 qua:
808 1790 886 1808 sttunt
905 1782 930 1807 in
945 1781 1033 1808 locttnt
1053 1782 1086 1808 ab
1098 1782 1188 1816 operis
1202 1782 1402 1817 typograplticis
1417 1782 1511 1809 rcl‘crri
1524 1783 1646 1817 jttbebis.

329 1828 432 1855 Caetera
447 1835 507 1862 qua:
522 1828 555 1854 ad
573 1828 704 1855 lsidorum
722 1828 822 1856 idoneo
836 1829 1071 1856 cohonestandum
1090 1830 1222 1864 promntio
1237 1830 1390 1864 pertinent,
1403 1830 1480 1856 vobis
1495 1838 1568 1857 curre
1582 1835 1672 1857 erunt.
1691 1831 1837 1858 Meministi
1854 1839 1934 1858 nam-

294 1884 348 1912 que
367 1884 449 1903 omne
477 1876 648 1910 pontiﬁcium
664 1877 885 1912 προσφωνήσεως
903 1876 1127 1904 Commelinianis
1147 1886 1161 1904 a
1178 1885 1222 1904 tne
1239 1878 1435 1912 transcriptum
1454 1885 1524 1904 esse.
1540 1877 1633 1905 Errata
1651 1878 1778 1913 colligere
1797 1882 1825 1905 et
1847 1878 1935 1906 corri-

294 1932 358 1959 gere
374 1925 400 1951 in
413 1924 484 1951 foliis
502 1924 685 1964 transmissis,
696 1932 851 1959 qttanquam
871 1925 961 1952 statim
978 1925 1066 1960 aliqua
1081 1925 1188 1960 agnovi,
1210 1933 1263 1951 non
1277 1925 1395 1957 libebat,
1411 1933 1472 1952 cum
1486 1926 1634 1960 prtescrtitn
1651 1934 1705 1952 non
1722 1926 1814 1953 omnia
1829 1927 1862 1953 ad
1876 1934 1935 1953 ma-

295 1979 362 1998 nutn
384 1970 524 1997 haberent.
545 1970 637 2005 Itaque
661 1971 838 2006 ἁναγνώστης
855 1977 882 1998 ct
896 1972 1102 2007 ὲπανορῦωτῆςῑ

1127 1976 1150 1999 ta
1167 1972 1285 1999 viderint
1300 1980 1354 2006 quo
1371 1977 1450 2006 pacto
1465 1974 1648 2000 emendentur
1660 1994 1666 2004 .
1684 1978 1711 2000 et
1726 1981 1803 2001 tnore
1819 1974 1934 2002 solemni

297 2016 329 2043 ad
345 2016 446 2043 calcem
464 2017 554 2051 operis
569 2017 736 2050 rejiciantur.
748 2017 803 2046 Nec
813 2017 900 2052 plura,
920 2025 993 2044 nunc
1005 2018 1135 2052 quidem,
1150 2018 1184 2045 de
1198 2017 1300 2045 lsidoro
1314 2023 1419 2045 nostro.
1437 2018 1554 2045 Tantum
1569 2018 1649 2045 bouis
1660 2019 1756 2046 avibus
1770 2019 1892 2053 prodeat,
1908 2024 1936 2046 et

297 2061 369 2089 bene
386 2063 495 2098 publico
511 2063 612 2098 pariter
627 2070 659 2090 ac
681 2063 803 2091 Bonutiis
817 2064 943 2099 privatitn
963 2065 1048 2099 prosit
1068 2065 1225 2099 plurimum.
1241 2065 1390 2099 Exspectas
1404 2065 1498 2099 procul
1512 2065 1594 2092 dttbio
1611 2065 1674 2091 dttttt
1691 2065 1807 2092 scribant
1824 2066 1934 2092 tandem

297 2109 379 2135 etiam
392 2109 426 2135 de
441 2108 585 2143 suppetiis,
603 2117 672 2144 quas
688 2109 720 2136 ad
737 2115 827 2137 vetera
843 2110 1006 2137 numisntata
1024 2116 1125 2140 vestra.
1139 2111 1237 2145 quibus
1250 2111 1346 2146 ingens
1359 2111 1424 2138 illud
1439 2116 1466 2138 et
1490 2112 1643 2138 itttmortale
1670 2120 1738 2146 optts
1757 2112 1935 2146 Antiquarum

299 2155 497 2189 inscriptionum
518 2156 684 2191 locupletare
710 2157 830 2191 cngitas,
846 2157 991 2192 aliquando
1012 2166 1055 2185 me
1077 2159 1124 2185 tibi
1148 2158 1333 2193 Noritnbergm
1354 2164 1562 2193 procuraturum
1577 2159 1698 2193 promisi.
1719 2159 1776 2192 Qua
1800 2159 1834 2186 de
1850 2167 1879 2185 re
1895 2159 1935 2186 sic

297 2201 398 2228 habeto
413 2202 493 2233 serio,
511 2207 617 2228 exstare
637 2202 690 2229 sibi
707 2202 777 2237 apud
796 2202 870 2228 illum
887 2211 968 2237 quem
986 2211 1067 2238 supra
1088 2204 1194 2230 lattdavi
1218 2202 1360 2238 patricittttt
1383 2204 1470 2230 virum
1489 2203 1647 2230 thesaurum
1664 2204 1776 2231 tuinitne
1794 2204 1933 2238 vulgarent

298 2247 496 2274 numismatum
524 2253 647 2276 veterum
675 2248 764 2276 ontttis
793 2249 900 2284 generis
928 2249 1114 2282 llebrreorutn,
1136 2249 1303 2281 Graecorum,
1318 2249 1486 2281 Latinorum,
1500 2249 1653 2281 consulum,
1667 2258 1822 2281 censorum,
1840 2249 1936 2276 trium-

298 2294 430 2327 virorum,
449 2294 654 2329 imperatorum,
671 2296 827 2327 Caesarum;
843 2296 961 2330 denique
978 2304 1122 2322 auteorutn
1134 2317 1140 2327 ,
1155 2301 1344 2331 argenteorum
1356 2317 1362 2327 ,
1379 2303 1526 2322 :cneorum.
1544 2295 1665 2329 Cumque
1687 2296 1877 2330 superioribus
1895 2296 1935 2322 fc-

301 2339 347 2366 riis
362 2340 464 2366 nostris
480 2340 513 2368 ad
527 2340 609 2368 ﬁnem
626 2341 802 2376 vergentibus
818 2341 1023 2376 Norimbcrgatn
1041 2350 1083 2369 me
1103 2342 1278 2368 contulissent
1292 2362 1298 2371 ,
1321 2346 1348 2368 et
1364 2343 1435 2368 ultro
1449 2342 1552 2377 aliquot
1567 2342 1663 2369 diebus
1677 2342 1792 2377 (dcectn,
1809 2341 1861 2368 nisi
1883 2341 1933 2368 fal-

300 2385 350 2419 lor)
368 2393 411 2412 me.
423 2386 498 2420 quasi
520 2387 657 2421 captivutn
675 2388 700 2413 in
715 2387 786 2413 illam
806 2387 1045 2414 instructiSsiutatn
1075 2387 1268 2414 bibliothecam
1285 2388 1431 2423 benigniss.
1446 2388 1502 2415 lteri
1519 2388 1578 2422 eius
1592 2390 1728 2423 permissu
1751 2388 1934 2417 inclusissent,

300 2437 361 2466 post
380 2431 450 2458 banc
468 2432 674 2466 perlustratant,
689 2433 732 2459 illa
749 2433 829 2459 ctiatu
847 2433 974 2467 pleraque
989 2433 1079 2460 omnia
1096 2434 1122 2460 in
1138 2441 1234 2459 manus
1248 2434 1350 2467 sumpsi
1365 2439 1392 2460 et
1405 2434 1525 2468 inspexi;
1550 2434 1700 2468 periculum
1718 2442 1825 2469 quoque
1840 2431 1891 2458 {cci
1908 2431 1935 2458 in

300 2477 486 2506 describendis
509 2481 704 2505 numisntatunt
732 2479 900 2513 singulorum
919 2479 1086 2514 epigrapbis,
1103 2480 1135 2505 ad
1151 2487 1212 2506 cum
1228 2479 1283 2507 fere
1297 2480 1417 2510 modum,
1432 2488 1513 2514 quem
1529 2480 1563 2508 cl.
1577 2479 1609 2506 V.
1625 2480 1764 2513 Adolpbus
1778 2477 1851 2504 Occo
1865 2477 1934 2504 Med.

304 2524 370 2559 Aug.
387 2525 490 2551 amicus
506 2530 599 2551 ttoster
622 2525 649 2551 itt
669 2533 718 2551 suo
735 2525 779 2550 illo
800 2525 966 2551 celebratiss.
983 2533 1066 2560 opere
1090 2526 1217 2552 servavit.
1232 2526 1404 2560 Depreltendi
1425 2531 1515 2552 autem
1535 2526 1652 2552 laborent
1673 2524 1755 2556 hunc,
1780 2524 1875 2558 siquis
1894 2529 1936 2550 to-

303 2576 368 2601 tum,
384 2575 474 2605 utpar
486 2574 537 2601 est,
558 2571 701 2597 absolvere
720 2570 793 2601 velit,
809 2577 862 2596 non
879 2578 1025 2604 paucorum
1043 2570 1159 2601 dierum,
1179 2570 1225 2597 sed
1240 2571 1343 2605 aliquot
1357 2571 1490 2597 tncnsiutn
1506 2571 1573 2597 fore.
1589 2569 1644 2595 Nec
1657 2569 1752 2595 inutile
1767 2569 1859 2601 fuerit,
1874 2576 1936 2596 meo

302 2618 414 2655 judicio,
430 2618 547 2652 aliquettt
565 2617 693 2652 pingendi
711 2617 842 2643 artilicetn
856 2617 995 2649 adbibere,
1006 2618 1052 2652 qui
1070 2618 1232 2645 utttuisntata
1245 2618 1349 2653 singula
1367 2618 1437 2653 (qua:
1454 2617 1562 2652 quidem
1586 2616 1705 2642 nondum
1716 2616 1750 2642 ab
1761 2615 1821 2642 aliis
1837 2623 1936 2645 excusa

303 2663 377 2697 sunt)
394 2664 427 2691 ad
443 2664 546 2695 vivum,
565 2667 769 2698 quantaquanta
785 2668 859 2695 sunt,
875 2663 1024 2690 delinearet
1036 2669 1118 2699 atqt'e
1140 2665 1314 2699 exprimeret.
1335 2664 1420 2697 Quam
1438 2663 1547 2698 quidem
1563 2662 1595 2689 ad
1617 2669 1674 2688 rem
1690 2666 1717 2688 et
1734 2666 1862 2696 sumptus
1882 2670 1938 2688 non

310 2719 420 2745 parvus,
434 2715 462 2737 et
477 2715 585 2744 tctnpus
599 2717 653 2735 non
669 2709 807 2744 exiguum,
823 2713 851 2736 et
867 2715 948 2741 totus.
962 2714 991 2736 ιιι
1007 2710 1046 2737 sic
1067 2711 1154 2738 dicam
1167 2731 1174 2742 ,
1188 2711 1268 2738 homo
1283 2710 1476 2744 reqttirerctur.
1494 2707 1557 2735 Mihi
1577 2715 1642 2734 vero
1656 2715 1707 2734 nec
1728 2707 1884 2734 consultum
1898 2707 1939 2733 vi-

313 2757 427 2784 debatur
440 2778 447 2789 ,
467 2757 526 2783 sine
539 2755 666 2782 tnandato
679 2761 770 2782 vestro
785 2757 810 2783 in
831 2757 857 2783 id
874 2761 1010 2792 sumplutn
1025 2757 1123 2791 facere,
1142 2763 1169 2785 ct
1183 2759 1214 2785 ad
1226 2758 1353 2785 familiam
1363 2761 1444 2791 atque
1458 2763 1554 2790 operas
1565 2754 1733 2781 academicas
1746 2755 1939 2781 revertendum

306 2807 374 2830 erat.
391 2801 418 2828 Si
431 2802 495 2836 quid
510 2806 599 2828 tanton
615 2801 642 2827 in
657 2806 795 2836 posterum
814 2802 855 2828 vel
870 2803 940 2837 apttd
960 2803 1034 2829 illum
1051 2803 1186 2838 hospitem
1203 2811 1292 2830 meum
1316 2801 1472 2832 lmhoiium,
1485 2801 1528 2828 vel
1543 2801 1614 2835 apud
1626 2800 1727 2827 Bcned.
1743 2799 1938 2831 Ammannttm,

307 2850 408 2876 aiiosve
423 2849 496 2884 (sunt
510 2849 582 2875 enim
603 2849 693 2883 plures
711 2849 737 2875 itt
757 2849 969 2884 locupletissima
985 2850 1094 2877 civitate
1111 2851 1205 2877 talittm
1221 2849 1371 2885 κειμηλίων
1385 2855 1567 2884 possessores,
1584 2847 1710 2882 quamvis
1726 2847 1796 2875 alius
1812 2848 1865 2875 alio
1892 2856 1938 2882 pe-

308 2896 466 2930 cuniosior),
480 2900 525 2922 ttto
537 2895 661 2922 institttto
673 2896 826 2924 subservire
844 2901 939 2932 potero
953 2897 1035 2925 etiam
1050 2898 1159 2930 absens,
1175 2905 1228 2924 tton
1242 2904 1351 2932 parcam
1367 2903 1456 2931 opera:
1472 2903 1554 2927 mete;
1569 2901 1619 2921 nec
1630 2901 1717 2926 suam,
1733 2894 1843 2929 opinor,
1857 2894 1942 2920 deuc-
