2044 3173
150 181 200 214 109
591 206 594 208 -
712 186 957 216 PROLEGOMEF

984 195 993 215 λ
1013 186 1112 215 EDIT.
1133 185 1256 216 PARIS.
1739 188 1791 220 110

148 237 220 273 gabit
246 237 395 272 praetorius
421 242 528 271 hoster,
553 246 633 274 quem
651 240 738 267 viru-m
761 245 787 267 et
813 240 851 268 tui
871 247 932 268 cum
955 240 1052 275 primis
1069 240 1221 267 studiosum
1241 243 1322 274 atque
1345 244 1492 273 amantem,
1510 245 1538 269 et
1559 241 1678 278 alioquin
1699 243 1790 271 omnis

147 283 228 311 cilicii
249 283 370 318 ﬁdeique
387 285 636 321 plenumcognovi.
655 287 720 314 Vale
731 307 737 318 ,
753 291 780 314 et
795 287 881 314 saluta
896 287 986 314 verbis
1010 287 1080 314 meis
1099 286 1246 314 Bonutium
1262 290 1289 314 et
1302 286 1547 322 Commelinianos,
1561 288 1718 324 amicosque
1736 296 1790 317 cab-

148 334 230 357 ιρι-ος.

183 374 287 402 Altorﬂi
301 375 329 402 in
338 375 416 403 acad.
431 376 667 412 Norimbergensi,
683 385 778 409 mense
787 379 908 414 Augusto
925 379 988 406 anni
1000 387 1079 407 uvcv.

145 546 373 582 lllustr‘issimo,
404 546 717 586 clementissimoque
746 546 818 577 duci
841 555 877 577 ac
913 547 1055 584 domino,
1082 549 1252 582 anmuco
1277 548 1411 586 Juniori,
1441 550 1548 581 comiti
1575 551 1716 584 Palatino
1747 554 1788 586 ad

492 595 652 633 Rhenum,
666 596 752 626 bono
767 596 904 636 reipubl.
921 600 1005 632 nato,
1017 596 1192 636 juventutis
1206 597 1343 638 principi
1353 597 1459 630 unico.

180 677 336 712 Opportune
356 678 457 705 Isidoro
481 678 604 704 ultimam
633 678 769 712 important
785 686 894 704 manum
909 678 1073 713 tupographi,
1091 687 1142 712 quo
1166 683 1222 710 post
1242 679 1339 706 biennii
1357 687 1493 713 secessum,
1509 688 1523 707 e
1534 680 1629 715 ﬁnibus
1644 681 1737 710 Gallice
1753 684 1787 710 ad

144 729 201 751 tuos
225 726 309 756 redis,
333 725 560 752 desideratissime
583 723 740 758 principum.
768 722 869 758 Nempe
892 732 951 750 cum
970 724 1053 750 omnis
1068 729 1143 756 mtas,
1156 725 1239 751 omnis
1254 727 1317 752 ordo
1332 726 1359 752 in
1384 727 1515 760 publicum
1529 728 1632 762 effusus,
1648 729 1789 756 adventum

145 775 228 802 tuum,
245 776 377 807 tanquam
393 771 458 798 clari
476 780 509 798 ac
529 771 656 798 salutaris
666 770 770 802 sideris,
785 770 848 796 bene
862 771 987 796 ominatis
999 770 1221 805 gratulationibus
1238 776 1316 807 atque
1327 772 1564 801 declamationibus
1581 776 1710 809 excipiat,
1725 776 1789 810 jure

143 822 167 843 et
183 825 227 843 nos
238 825 343 852 quoque
354 817 534 844 submittimus
549 817 632 843 animi
643 817 725 843 nostri
739 816 888 851 lretitiwque
907 817 1029 850 indicem,
1046 817 1206 845 Pelusiotam
1222 819 1290 846 hunc
1306 821 1471 855 episcopum;
1493 822 1538 856 qui
1556 822 1615 856 jam
1639 831 1707 850 nunc
1730 823 1788 858 pri—

145 872 216 890 mum
235 868 314 897 parte
336 865 378 890 sui
400 869 498 899 quarta
514 865 650 900 integrior,
664 867 768 890 tantum
784 871 835 889 non
848 863 984 894 vosnliter,
1003 869 1026 890 et
1043 865 1260 898 florentissimum
1272 865 1418 900 juventutis
1432 867 1576 902 principem
1589 869 1684 903 faustis
1697 877 1788 903 prose-

144 917 243 946 quatur
257 912 401 945 ominibus,
421 916 445 938 et
461 912 553 940 erca
580 917 707 946 prteterea
723 910 881 942 vernilitate,
900 911 1010 945 desuper
1025 912 1053 937 in
1076 911 1191 945 lepidum
1218 917 1297 946 caput
1319 913 1376 947 ejus
1391 922 1423 939 ac
1443 915 1530 941 sinum
1543 916 1662 950 invergat
1683 916 1789 943 uberem

144 964 391 986 coronantemon
409 959 524 992 copiam.
541 957 674 984 Nimirum
689 956 743 983 viso
760 960 867 982 caeteros
883 956 1029 990 (occasione
1041 959 1115 984 verni
1129 958 1252 993 auspicii)
1270 959 1339 986 inter
1359 959 1414 986 alia
1435 964 1533 988 devotw
1548 962 1642 988 mentis
1665 971 1787 996 munera,

144 1015 268 1040 oggerere
284 1006 365 1032 etiam
380 1005 533 1039 ep/temeras
547 1005 641 1039 ﬂorum
655 1003 774 1035 delicias,
806 1004 899 1030 merito
915 1004 1062 1031 arbitratur
1077 1010 1166 1039 gratos
1185 1006 1231 1032 tibi
1251 1006 1311 1032 item
1326 1012 1494 1042 acceptosque
1505 1008 1560 1042 fore
1576 1008 1673 1034 colores
1682 1009 1789 1036 odores-

144 1059 194 1086 qne
218 1053 386 1086 depromptos
409 1060 422 1077 e
434 1059 519 1078 sacra:
538 1050 674 1085 sapientia:
689 1050 771 1076 hortis
783 1071 790 1082 ,
808 1050 954 1084 praesertim
972 1058 1031 1077 cum
1048 1052 1105 1085 ejus
1118 1052 1170 1078 sint
1184 1052 1264 1087 genii,
1280 1058 1307 1079 ut
1328 1061 1380 1079 non
1394 1054 1470 1080 modo
1488 1062 1539 1080 non
1554 1054 1716 1089 obsolefiant,
1736 1063 1789 1082 non

145 1102 320 1129 marcescant,
338 1102 384 1123 aut
401 1105 448 1123 usu
465 1101 511 1123 aut
524 1101 650 1131 tempore.
665 1096 710 1123 sed
725 1096 785 1123 inde
798 1096 964 1130 potissimum
987 1101 1094 1124 sumant
1119 1098 1213 1125 coloris
1238 1099 1376 1134 aderisque
1396 1101 1584 1135 fragrantioris
1599 1107 1789 1137 augmentum;

144 1142 252 1178 ejusque
271 1148 398 1178 p’a’lereu
419 1143 530 1178 ingenii,
554 1147 581 1169 ut
605 1151 656 1169 non
682 1142 836 1176 simpliciter
852 1147 957 1170 tantum
972 1142 1146 1170 blandiantur
1160 1145 1252 1178 oculis,
1270 1145 1449 1173 lenocinentur
1463 1148 1582 1180 naribus,
1595 1156 1682 1174 verum
1694 1152 1718 1175 et
1738 1146 1789 1184 ipsi

145 1190 236 1216 animo
252 1194 275 1215 et
292 1189 342 1223 ipsi
355 1189 454 1223 pectori
466 1189 614 1216 salutarem
629 1189 681 1215 vim
699 1189 891 1215 communicent
904 1209 911 1221 ,
924 1197 976 1223 quo
991 1189 1068 1216 citius
1082 1190 1139 1225 quis
1157 1199 1189 1217 ac
1209 1191 1291 1218 tutius
1307 1197 1451 1227 grassetur,
1466 1201 1512 1227 per
1527 1194 1632 1220 virtutis
1647 1198 1726 1229 atque
1740 1195 1787 1221 ho-

146 1237 216 1263 noris
229 1237 337 1272 templa,
347 1240 382 1263 ad
394 1237 571 1263 (vternitatem
586 1244 595 1263 :
610 1245 668 1271 quin
678 1237 748 1271 ipsa,
760 1235 886 1271 quonia'm
899 1235 966 1263 nulli
977 1244 1027 1263 non
1035 1237 1108 1264 relati
1116 1242 1240 1272 perpetuo
1250 1246 1305 1265 esse
1319 1238 1391 1265 debet
1402 1243 1464 1265 ante
1474 1240 1576 1272 oculos;
1590 1241 1688 1275 fecerit,
1701 1249 1786 1275 spero,

146 1291 224 1310 sene:
234 1283 281 1309 iste
295 1288 382 1309 naster
397 1282 514 1317 pretium
524 1289 579 1308 sure
592 1289 676 1315 operte
692 1289 701 1307 :
717 1285 791 1307 tanto
808 1280 912 1315 quidem
927 1281 1022 1316 magis,
1040 1281 1109 1315 quod
1120 1285 1145 1307 et
1164 1282 1186 1308 is
1200 1282 1306 1316 insuper
1322 1290 1349 1308 se
1361 1286 1444 1309 totum
1460 1282 1505 1309 tibi
1521 1288 1611 1310 voveat
1624 1284 1787 1319 dedicetque.

148 1331 227 1357 unius
243 1331 279 1357 tui
292 1329 461 1357 contubernio
485 1329 662 1356 ad/twrescere
684 1328 804 1363 deinceps
824 1328 1019 1363 cupidissimus.
1035 1328 1119 1363 quue
1145 1337 1174 1354 eo
1198 1329 1261 1364 facit
1277 1330 1457 1364 confidentius,
1477 1331 1546 1366 quod
1564 1331 1711 1358 meminerit
1727 1337 1789 1359 ante

146 1387 248 1413 paucas
261 1386 389 1405 annorum
402 1377 591 1406 hebdomadas,
605 1376 676 1403 haud
688 1376 787 1411 frustra
803 1376 1014 1402 commendatum
1026 1376 1106 1411 fuisse
1123 1376 1271 1410 patrocinio
1284 1377 1374 1412 magni
1391 1377 1464 1404 illius
1481 1380 1621 1413 propatrui
1649 1380 1688 1406 tui
1708 1380 1788 1407 Joan-

146 1428 187 1453 nis
201 1425 334 1456 Casimiri,
350 1425 477 1459 principis
494 1423 626 1450 memoria:
638 1431 773 1458 nunquam
791 1423 940 1450 interiturae
951 1442 957 1454 ,
973 1428 1161 1456 prwceptorem
1181 1430 1259 1449 suum
1278 1423 1312 1449 Ι).
1329 1424 1551 1459 Chrysostomum.
1567 1424 1678 1460 Quippe,
1693 1426 1716 1452 si
1736 1434 1788 1454 non

145 1471 294 1497 indecenter
308 1474 409 1504 pntrcm
432 1469 557 1504 sequitur
574 1476 623 1494 sua
643 1468 741 1502 proles,
759 1468 850 1494 decore
866 1467 947 1494 etiam
969 1467 1104 1495 allubescit
1128 1469 1238 1504 familia:
1262 1469 1285 1496 ei
1302 1469 1456 1504 discipulus,
1472 1471 1500 1496 in
1514 1479 1566 1506 qua
1582 1475 1606 1497 et
1622 1471 1788 1505 splendorem

145 1515 242 1543 invenit
257 1520 281 1542 et
296 1515 404 1542 tutelam
422 1515 549 1549 magister
561 1521 634 1540 suus.
647 1512 729 1544 Quem
746 1516 772 1538 ut
788 1517 812 1539 ct
828 1513 883 1547 ipse
907 1512 1022 1547 alicujus
1045 1512 1142 1540 habeas
1154 1514 1288 1545 momenti,
1302 1514 1422 1548 princeps
1437 1514 1625 1548 illustrissime,
1641 1516 1709 1544 scias
1723 1524 1788 1551 pro-

144 1561 186 1588 cul
198 1562 311 1588 abesset:
328 1565 438 1595 contage
454 1563 478 1585 et
497 1559 537 1586 sui
551 1558 614 1584 olim
629 1557 729 1588 srecuti,
744 1561 768 1583 et
783 1557 858 1583 istius
873 1557 971 1587 nostri;
991 1556 1071 1583 talem
1096 1556 1194 1584 scilicet
1213 1558 1258 1593 qui
1282 1558 1351 1585 dicta
1365 1567 1414 1585 sua
1430 1560 1518 1586 omnia
1533 1560 1610 1595 factis
1626 1560 1786 1600 cohonestet,

146 1615 227 1644 neque
243 1608 322 1634 aliter
332 1607 401 1634 vivat
417 1614 498 1639 quam
513 1605 649 1640 loquatur;
666 1605 711 1639 qui
727 1608 862 1631 aversatus
878 1603 984 1630 inutiles
999 1612 1087 1631 omnes
1103 1612 1182 1639 super
1192 1605 1317 1640 religione
1328 1606 1543 1640 qucestiunculas,
1558 1607 1593 1634 ad
1614 1607 1698 1634 solam
1712 1609 1788 1636 auri-

145 1662 219 1692 gctur
232 1656 355 1690 pietatem
366 1663 398 1681 ac
409 1655 548 1685 virtutem;
563 1653 608 1688 qui
624 1661 761 1679 sacrarum
779 1651 942 1678 Litterarum
966 1651 1023 1678 loca
1040 1652 1190 1679 obscuriora
1207 1653 1324 1687 infinita,
1339 1654 1427 1681 sobria
1442 1654 1516 1681 bonte
1531 1656 1624 1682 mentis
1639 1661 1663 1683 et
1675 1657 1786 1684 rationis

145 1703 201 1730 luce
214 1704 344 1730 uberrime
356 1701 516 1737 perfundat;
531 1701 626 1736 quique
644 1701 701 1727 ideo
718 1700 866 1735 longissime
881 1700 1008 1726 dissideat
1026 1700 1058 1726 ab
1072 1700 1120 1732 eis,
1137 1700 1181 1732 qui
1198 1701 1283 1728 nescio
1298 1701 1391 1736 quibus
1403 1703 1598 1729 contentionum
1611 1704 1724 1738 strophis
1738 1705 1786 1732 de-

145 1749 203 1781 diti,
215 1757 297 1784 neque
313 1748 428 1775 contenti
444 1747 533 1774 ludere
547 1747 577 1773 de
592 1754 638 1772 suo
652 1746 731 1777 corio,
751 1745 790 1772 ita
807 1753 879 1781 reges
892 1751 914 1773 et
926 1746 1057 1780 principes
1069 1746 1137 1772 inter
1145 1753 1171 1772 se
1188 1746 1364 1778 committunt,
1381 1747 1500 1773 nationes
1518 1752 1542 1773 et
1557 1748 1715 1781 respublicas
1725 1757 1786 1784 per-

145 1800 257 1827 vertunt,
270 1801 298 1822 ut
314 1795 346 1822 de
358 1802 410 1821 uno
427 1793 525 1828 populo
542 1801 601 1819 mox
617 1793 668 1818 duo
685 1796 732 1818 aut
747 1792 813 1818 adeo
828 1791 905 1826 plura
917 1792 981 1826 ﬁant
990 1800 1111 1826 corpora,
1127 1796 1152 1818 et
1167 1792 1200 1818 ab
1217 1792 1330 1818 externis
1352 1792 1381 1818 in
1395 1797 1522 1819 atomum
1537 1793 1682 1820 Christiani
1698 1795 1785 1822 nomi-

146 1843 184 1870 nis
206 1843 306 1869 hostem
330 1841 415 1871 bellis.
432 1841 461 1867 in
486 1848 534 1866 sua
551 1840 648 1866 viscera
665 1843 811 1870 armentur,
828 1839 1022 1874 furentiumquc
1044 1838 1162 1873 exemplo
1183 1845 1277 1864 manus
1301 1842 1327 1864 ct
1354 1837 1471 1865 membra
1486 1847 1535 1865 sua
1555 1839 1606 1873 ipsi
1620 1839 1722 1866 credant
1734 1848 1743 1867 :
1756 1841 1785 1868 in

145 1897 258 1920 summa,
280 1888 324 1923 qui
336 1887 402 1914 nihil
414 1895 551 1914 commune
570 1895 645 1921 geras
662 1894 720 1912 cum
736 1885 803 1917 istis,
820 1885 864 1920 qui
879 1885 916 1911 sic
933 1893 950 1911 a
963 1893 992 1911 se
1006 1889 1171 1919 segregatum
1183 1883 1278 1910 habent
1297 1885 1447 1916 candorem,
1462 1884 1551 1919 ﬁdem,
1571 1887 1736 1920 modestiam,
1754 1892 1784 1915 ut

144 1939 166 1965 si
185 1946 198 1964 e
227 1941 280 1963 toto
301 1935 361 1962 urbe
383 1935 517 1970 diligenda
535 1935 652 1961 venirent
665 1937 783 1959 monstra
797 1932 933 1959 hominum
954 1931 1069 1966 conﬂata
1090 1939 1104 1958 e
1122 1931 1293 1964 contentione,
1314 1930 1472 1965 pervicacia,
1490 1931 1685 1964 maledicentia,
1697 1934 1786 1968 suspi-

145 1985 227 2015 sione,
243 1983 369 2016 avaritia,
382 1983 472 2012 livore,
488 1982 619 2016 superbia,
636 1981 755 2013 lascivia,
779 1988 811 2008 ex
828 1980 922 2007 horum
947 1980 1112 2014 potissimum
1124 1980 1215 2006 ordine
1238 1984 1322 2006 essent
1343 1980 1487 2014 promenda
1506 1988 1538 2007 ac
1559 1981 1738 2014 producenda.
1761 1981 1784 2010 0

145 2031 244 2058 rerum!
259 2030 282 2058 0
293 2030 394 2056 mores!
407 2027 436 2055 Si
453 2028 524 2055 enim
539 2028 599 2054 huic
616 2033 702 2054 nostra
717 2027 781 2061 ﬁdes
792 2046 799 2058 ,
816 2031 921 2053 tantum
937 2026 1008 2054 inter
1024 2026 1192 2054 sacerdotem
1209 2030 1236 2054 et
1250 2026 1400 2061 quemlibet
1412 2026 1527 2062 probum
1543 2027 1632 2054 virum
1648 2027 1783 2055 interesse

144 2079 234 2110 debet,
245 2081 377 2113 quantum
392 2077 466 2103 inter
484 2076 582 2103 caelum
596 2080 623 2102 et
640 2079 739 2102 terram
755 2075 920 2112 discriminis
942 2079 993 2107 est,
1013 2075 1091 2110 plura
1107 2082 1240 2109 possemus
1257 2082 1304 2109 pro
1328 2074 1396 2106 ista;
1416 2075 1461 2101 sed
1483 2083 1515 2101 ex
1534 2083 1706 2110 supervacuo,
1719 2075 1783 2102 illu-

143 2127 267 2154 strissime
280 2125 409 2160 princeps,
428 2122 495 2149 adeo
519 2122 610 2148 statim
621 2123 749 2156 optimum
763 2130 849 2149 senem
865 2126 976 2156 utraque
999 2121 1121 2148 invasiin
1133 2129 1225 2152 manu,
1242 2129 1274 2147 ac
1292 2121 1360 2147 serio
1376 2120 1516 2155 polliceris,
1531 2121 1574 2147 ubi
1598 2126 1678 2148 atate
1700 2122 1783 2156 fueris

143 2174 267 2205 adultior,
283 2172 438 2199 habiturum
452 2171 479 2196 in
492 2170 637 2196 amicorum
648 2170 751 2196 cohorte
764 2170 850 2204 primu
862 2170 988 2204 primum,
1004 2169 1120 2204 nihilque
1136 2177 1188 2196 non
1202 2168 1235 2195 de
1249 2168 1307 2203 ejus
1320 2169 1449 2195 sententia
1463 2169 1597 2202 facturum
1610 2170 1712 2205 publice
1725 2171 1782 2204 pri-

143 2221 283 2255 vatimque.
301 2219 390 2246 Macte
403 2218 454 2244 hac
470 2216 563 2248 indole,
582 2217 628 2242 hoc
642 2217 785 2251 proposito,
801 2216 924 2242 maxima:
939 2215 1140 2250 exspectationis
1156 2216 1291 2250 princeps,
1306 2219 1391 2241 certus
1412 2214 1440 2241 id
1453 2214 1539 2249 ipsum
1551 2223 1716 2242 accessurum
1730 2223 1783 2242 non

143 2269 222 2294 solum
238 2266 387 2293 incredibili
403 2265 516 2301 familia:
527 2264 661 2291 Palatina:
676 2265 846 2296 incremento,
858 2269 881 2290 et
897 2272 999 2290 summo
1015 2263 1076 2297 Opt.
1096 2264 1172 2290 Max.
1194 2267 1336 2298 parentum
1349 2262 1446 2297 gaudia
1456 2282 1463 2294 ,
1478 2263 1524 2289 sed
1536 2266 1561 2289 et
1580 2263 1783 2298 incomparabili

143 2314 288 2349 reipublicae
301 2313 465 2340 Christiana:
478 2312 554 2343 bono,
575 2316 669 2346 tuaque
684 2311 775 2337 honori
796 2319 827 2337 ac
842 2311 933 2346 gloriae
952 2311 1129 2344 sempiternce.
1144 2309 1208 2342 Quae
1226 2313 1254 2336 ut
1278 2309 1347 2336 brevi
1363 2309 1540 2343 consequaris,
1555 2316 1707 2343 supremum
1722 2308 1782 2335 Nu-

142 2370 196 2388 men
209 2362 339 2396 supplices
353 2368 525 2392 verterentur,
540 2359 683 2386 clementia:
698 2367 752 2385 sua:
767 2358 817 2385 alis
832 2363 856 2385 te
870 2363 1004 2393 perpetuo,
1019 2366 1066 2384 ccu
1082 2357 1232 2385 Germanice
1251 2357 1330 2384 totius
1341 2356 1464 2382 delicium
1479 2360 1503 2383 et
1513 2363 1616 2383 amores
1642 2363 1719 2390 porro
1734 2355 1781 2382 ob-

141 2408 259 2434 umbrare
272 2408 410 2442 dignetur.
552 2433 559 2439 ,

242 2454 384 2482 Neostadii
401 2460 461 2480 χχιι
478 2452 625 2484 Februarii,
638 2453 704 2479 veris
717 2453 799 2487 ipsius
814 2453 856 2480 die
869 2452 1008 2487 auspicali.

1097 2498 1235 2526 Illustriss.
1250 2497 1346 2524 Vestrtc
1357 2497 1508 2524 Clementiae
1521 2498 1655 2524 addictiss.

1187 2543 1374 2571 COMMELINIANI
1391 2548 1418 2571 et
1430 2543 1586 2571 BONUTIANI.

135 2712 429 2746 Reverendissimis
447 2712 589 2742 Patribus
613 2712 648 2742 P.
668 2709 800 2741 Andreae
826 2710 986 2742 SCIIOTTO.
1016 2711 1046 2738 et
1074 2708 1109 2738 P.
1134 2706 1301 2738 Heriberto
1318 2707 1499 2744 Roswnmo,
1521 2704 1678 2736 societatis
1702 2704 1778 2734 Jesu

562 2760 753 2801 presbyteris
770 2760 802 2790 in
819 2759 954 2798 collegio
970 2758 1202 2798 Antwerpiano,
1217 2758 1247 2788 S.
1271 2758 1305 2788 P.
1322 2758 1358 2788 D.

162 2847 243 2875 Redit
260 2847 295 2874 ad
313 2852 353 2876 te,
368 2844 455 2871 Pater
466 2843 586 2877 Sclmtte,
598 2843 720 2870 Isidorus
738 2847 799 2870 tuus
814 2846 875 2877 post
897 2842 967 2868 bene
989 2841 1097 2876 longam
1119 2840 1318 2875 captivitatem,
1336 2840 1363 2866 in
1379 2847 1431 2874 qua
1446 2845 1507 2865 eum
1524 2843 1615 2864 carcer
1633 2835 1693 2862 Jani
1710 2835 1779 2863 Gru-

126 2898 188 2930 ιω,
200 2895 288 2922 veimi
307 2891 486 2926 mancipium
503 2891 648 2926 quoddam,
665 2899 726 2918 cum
745 2891 803 2917 aliis
819 2891 844 2917 id
860 2898 946 2925 genus
961 2889 1080 2916 liberalis
1103 2892 1174 2915 notae
1187 2887 1381 2919 monumentis,
1399 2890 1496 2920 praeter
1515 2888 1603 2911 votum
1621 2887 1696 2909 tuum
1712 2883 1778 2912 bac-
