2044 3173
256 179 307 211 111
816 177 1097 206 PROLEGOMENA
1115 177 1215 207 EDlT.
1236 178 1357 207 PARIS.
1836 178 1888 209 112

258 242 338 266 tenus
355 237 516 264 detinuerat.
540 235 638 262 Verum
654 234 788 262 Suﬁ‘ridus
803 235 925 262 Sixtinus
941 234 1241 268 Ambstelrodamcnsis,
1258 237 1304 271 qui
1322 236 1451 271 optimam
1469 236 1626 264 Gruterante
1641 233 1814 262 bibliotheca:
1825 240 1888 267 par—

257 287 312 311 tem
331 284 358 310 in
377 290 453 310 usum
471 290 502 308 ac
516 282 716 316 possessionem
727 289 805 308 suam
822 281 934 316 redegit,
951 288 1004 308 non
1021 286 1063 308 est
1081 289 1176 316 passus
1188 287 1242 309 tam
1262 287 1395 315 sanetum,
1410 287 1464 310 tam
1478 283 1563 317 pium,
1584 287 1636 310 tam
1650 281 1811 316 sapientem,
1830 283 1886 305 tam

256 331 386 358 disertum
401 329 562 363 scriptorem
577 329 680 356 diutinus
697 329 723 356 in
739 329 826 357 isthoc
841 329 985 357 tenebroso
1000 336 1107 356 carcere
1121 329 1296 359 delitesrere:
1322 331 1368 357 sed
1383 331 1446 358 inde
1460 336 1609 358 extractum
1626 328 1729 356 liberali
1747 335 1828 354 manu
1843 333 1887 353 as-

255 374 350 406 seruit,
363 373 489 407 haudque
505 373 635 408 gravatim
650 373 802 406 consensit,
826 379 856 400 ut
873 374 900 401 in
917 373 976 401 dias
997 373 1109 401 luminis
1129 382 1201 406 oras,
1219 380 1264 402 tuo
1283 375 1397 402 vestitus
1421 384 1453 403 ac
1467 376 1613 411 splendens
1627 379 1736 406 ornatu,
1753 381 1768 399 a
1781 372 1886 398 Fitzeto

256 426 350 448 nostro
364 421 571 455 produceretur,
587 421 677 448 ethoc
692 426 771 456 pacto
782 421 809 448 in
825 421 976 448 libertatem
991 428 1066 448 suam
1083 422 1237 449 restitutum
1254 423 1292 449 ire
1305 423 1414 457 juberct
1428 431 1482 458 quo
1498 423 1588 451 vellet.
1605 423 1662 456 Qua
1678 423 1705 449 in
1731 429 1760 448 re
1787 424 1814 447 et
1835 418 1885 446 tibi

256 471 285 493 ut
298 466 495 502 gratiﬁcaretur
507 465 616 501 sategit,
630 471 658 494 et
669 467 758 498 simul,
775 474 809 494 ne
825 471 878 493 tam
898 466 1025 501 prmclara
1040 474 1120 501 opera
1135 468 1238 494 auctori
1255 477 1304 495 suo
1327 469 1472 504 deperiret,
1485 477 1638 504 prmcavere
1651 467 1744 495 voluit.
1762 467 1832 493 Sane
1856 469 1885 491 ut

255 513 327 540 bono
341 513 503 540 Christiana!
518 513 681 547 reipublicze,
705 513 748 540 cui
773 513 893 548 juvando
918 513 1165 548 promovendoque,
1189 515 1216 542 in
1243 515 1404 543 exulceratis
1422 515 1563 542 hominum
1580 513 1759 549 quorumdam
1776 510 1886 547 iudiciis

255 561 435 594 persanandis
457 565 485 587 et
502 560 567 588 feris
584 560 705 587 moribus
729 559 894 595 mitigandis,
911 560 990 587 unice
1013 560 1102 587 facere
1130 561 1174 588 hic
1201 562 1318 597 scriptor
1331 568 1359 590 et
1381 567 1469 598 potest
1487 566 1513 589 et
1533 560 1623 594 debet,
1640 559 1682 587 vel
1699 560 1748 586 hac
1764 559 1791 585 in
1807 561 1885 592 parte

255 606 411 633 consultura
425 606 482 633 ivit.
498 606 591 641 Neque
609 614 659 641 ego
684 606 794 633 interim
809 605 897 632 ollicio
922 613 983 632 meo
1000 606 1083 638 defui,
1102 607 1204 634 veritus
1217 615 1251 634 ne
1268 613 1315 635 aut
1330 607 1547 642 manuscriptum
1563 606 1589 633 in
1609 605 1768 633 azmnlorum
1786 610 1885 630 manus

256 653 363 680 invidus
376 653 525 685 deveniret,
540 656 587 679 aut
601 660 644 679 res
660 659 766 678 rursum
782 651 978 686 procrastinata
1002 660 1102 679 novum
1118 653 1145 679 in
1170 653 1319 688 periculum
1345 661 1377 681 ex
1406 659 1560 681 transverso
1582 651 1725 679 incideret.
1739 649 1797 676 Non
1822 655 1884 675 sum

256 703 375 734 ignarus,
397 699 444 726 sed
466 698 538 725 domi
554 698 650 725 doctus
672 701 780 732 meopte
796 697 919 732 exemplo
936 697 1029 731 didici,
1051 703 1158 733 quanta:
1172 699 1249 726 molis
1273 699 1308 726 sit
1332 700 1412 726 talem
1429 704 1536 734 partum
1552 697 1722 733 progignere,
1748 699 1885 730 quantave

256 744 356 772 dividia
372 748 490 771 tuentem
505 747 609 778 premat
625 747 652 769 et
670 741 796 769 conﬁciat
809 741 845 768 ob
860 741 1015 776 deperditas
1038 742 1106 769 forte
1125 747 1171 770 attt
1193 743 1382 770 manticulatas
1403 743 1555 779 vigiliarum
1581 746 1736 768 nostrarum
1752 739 1883 766 lucubra—

257 790 355 816 tiones.
371 789 425 815 Nec
439 788 533 815 dubito
559 787 623 822 quin
651 787 728 822 plura
752 786 777 812 id
802 793 887 821 genus
913 791 1088 814 monumenta
1102 794 1186 822 penes
1203 791 1228 814 te
1241 791 1358 822 exstent,
1375 788 1417 815 vel
1439 788 1487 815 abs
1510 792 1536 815 te
1554 787 1614 822 ipso
1633 786 1730 814 aﬁecta
1751 790 1778 812 et
1792 784 1885 819 profe-

258 840 300 863 cta
313 856 320 868 ,
338 835 379 862 vel
396 835 430 861 ab
445 834 538 861 amicis
559 838 611 860 tum
624 833 685 859 ﬁdei
710 832 899 859 commendata
913 853 919 864 ,
937 840 997 867 quae
1013 833 1106 868 cupias
1124 840 1185 860 cum
1207 833 1348 860 industriis
1366 838 1391 861 et
1415 833 1532 861 assiduis
1553 832 1707 867 bibliopolis
1730 830 1884 858 communi-

257 889 330 908 care.
345 881 383 907 Ad
406 888 465 907 eam
484 887 540 906 rem
563 878 584 906 si
609 878 657 905 tibi
680 885 762 913 opera
776 885 835 906 mea
856 878 930 905 utilis
943 883 970 905 et
990 879 1110 913 proﬁcua
1127 886 1187 906 esse
1201 879 1310 914 poterit,
1328 880 1478 913 mandabis,
1494 880 1558 915 quid
1573 879 1630 907 ﬁeri
1645 879 1721 911 velis,
1737 884 1764 906 et
1780 878 1882 905 factum

259 931 363 962 putato.

290 974 332 1000 Ad
350 978 376 1000 te
391 980 508 1008 quoque,
524 972 603 1000 Pater
618 971 777 1007 Rosvveyde,
791 980 845 1000 non
862 972 951 999 minus
969 973 1073 1000 curatio
1094 973 1177 1008 hujus
1189 973 1354 1000 sanctissimi
1378 973 1467 1001 Patris
1484 973 1579 1001 lsidori
1594 978 1717 1009 spectare
1734 973 1814 1001 debet
1827 994 1834 1004 .
1853 978 1882 1000 ut

256 1029 336 1055 quem
352 1020 432 1048 Pater
447 1020 576 1047 Schottus
593 1020 709 1055 eleganti
725 1019 874 1054 festivoque
896 1020 1033 1047 schemate
1049 1024 1102 1047 tam
1123 1020 1269 1048 liberaliter
1282 1020 1435 1048 honestavit
1446 1041 1452 1053 ,
1470 1021 1494 1048 ei
1509 1025 1537 1048 tu
1552 1021 1633 1048 vitam
1649 1021 1733 1055 ipsam
1749 1020 1881 1047 redonarc

257 1077 310 1095 non
326 1069 498 1103 neglecturus
513 1068 551 1094 sis
567 1067 593 1094 in
608 1067 659 1094 illis
672 1067 705 1094 de
727 1066 884 1094 Sanctorum
907 1068 1024 1094 historiis
1047 1068 1304 1095 conunentariorum
1321 1068 1408 1095 libris.
1423 1069 1460 1095 Ita
1473 1076 1536 1103 spes
1551 1077 1602 1096 nos
1613 1069 1682 1096 bona
1700 1069 1782 1100 fovet,
1797 1076 1880 1102 quam

257 1117 290 1144 de
307 1121 333 1143 te
345 1124 438 1143 omnes
450 1116 548 1143 eruditi
562 1119 588 1142 et
604 1116 734 1142 bonarum
748 1115 898 1142 litterarum
919 1115 1032 1143 studiosi
1054 1120 1246 1150 conceperant.
1266 1115 1360 1150 Neque
1377 1124 1427 1144 nos
1441 1116 1494 1143 falli
1511 1122 1557 1143 aut
1571 1124 1618 1151 spe
1632 1120 1726 1143 nostra
1739 1116 1794 1150 jam
1805 1115 1882 1142 diur—

257 1168 338 1190 trante
353 1162 475 1190 frustrari
491 1161 612 1197 patieris,
626 1162 648 1189 si
673 1161 818 1196 ingenuum
834 1161 970 1196 ingenium
989 1165 1063 1188 tuum
1082 1165 1154 1188 recte
1169 1162 1304 1194 novimus,
1322 1166 1349 1189 et
1364 1167 1585 1197 perseverantem
1601 1162 1683 1189 animi
1702 1162 1881 1192 voluntatem,

256 1217 336 1244 quam
354 1208 492 1242 sapientes
505 1207 683 1235 constantiam
701 1207 727 1233 in
741 1207 881 1241 promissis
896 1207 1047 1241 appellant,
1064 1206 1114 1233 rite
1128 1206 1325 1242 perspeximus.

292 1257 358 1283 Cum
373 1264 437 1289 ergo
452 1259 597 1289 utrumque
609 1258 730 1281 vestrum
749 1253 881 1281 Pelusiota
901 1259 1000 1286 vester,
1024 1254 1078 1281 imo
1094 1262 1124 1281 ex
1142 1259 1218 1289 parte
1231 1259 1258 1281 et
1273 1259 1374 1286 noster,
1392 1258 1482 1290 tangat
1495 1275 1502 1287 .
1519 1259 1590 1282 recte
1609 1259 1690 1289 atque
1705 1255 1798 1281 ordine
1815 1254 1881 1281 mihi

251 1301 379 1329 "facturus
393 1301 514 1333 videbar,
530 1300 552 1327 si
571 1307 632 1327 eum
649 1300 682 1327 ad
700 1304 844 1334 utrumque
860 1300 960 1334 pariter
974 1299 1149 1332 destinarem,
1166 1300 1212 1334 qui
1227 1307 1319 1327 aurem
1335 1300 1412 1327 vobis
1431 1300 1552 1333 vellerct,
1570 1305 1599 1328 ut
1615 1301 1768 1336 conjunctis
1784 1301 1883 1335 opibus

256 1354 339 1384 atque
360 1349 501 1376 industriis
522 1349 654 1383 integram
669 1347 813 1382 aliquando
825 1351 851 1374 et
866 1347 992 1374 onmibus
1007 1347 1128 1374 numeris
1144 1347 1295 1375 absolutam
1312 1347 1407 1375 lsidori
1423 1355 1536 1382 operum
1549 1348 1696 1375 editionem
1712 1348 1884 1375 adornaretis

255 1402 284 1425 et
299 1397 490 1432 procuraretis.
505 1395 686 1431 Dignissimus
699 1403 763 1422 sane
779 1395 904 1430 scriptor,
922 1395 949 1422 in
965 1402 1019 1429 quo
1035 1403 1146 1430 operam
1174 1395 1244 1422 hanc
1269 1399 1395 1422 cunctam
1411 1395 1590 1428 culloearetis,
1607 1395 1648 1422 vel
1665 1395 1772 1430 egregio
1791 1394 1881 1428 reipu-

254 1442 344 1474 blicze,
362 1442 390 1469 in
405 1449 457 1476 qua
473 1446 500 1468 et
516 1441 567 1468 sub
592 1449 644 1475 qua
666 1441 748 1468 vitam
771 1448 942 1468 communem
965 1440 1066 1475 degunt
1080 1439 1198 1476 religiosi
1218 1447 1280 1467 cum
1296 1440 1427 1475 profanis,
1454 1441 1580 1467 catholici
1606 1448 1667 1468 cum
1684 1439 1879 1468 schismaticis.

250 1487 320 1515 ‘boni
337 1494 397 1514 cum
416 1486 502 1513 malis.
518 1485 611 1520 Neque
622 1485 694 1512 enim
712 1485 883 1512 sanctissimo
895 1484 959 1512 huic
974 1484 1046 1512 Patri
1066 1485 1178 1518 Isidoro,
1198 1485 1240 1512 vel
1251 1485 1380 1521 magistro
1398 1486 1456 1520 ejus
1478 1485 1507 1512 Β.
1523 1487 1724 1521 Chrysostomo,
1740 1489 1785 1512 aut
1801 1489 1881 1511 crete-

256 1534 293 1560 ris
307 1534 366 1567 ejus
376 1533 424 1559 aevi
436 1532 536 1559 sanctis
549 1536 575 1558 et
585 1531 725 1559 catholicis
739 1532 874 1564 Patribus,
892 1531 988 1559 Basilio
1001 1531 1107 1567 Magno,
1117 1531 1247 1566 Gregorio
1264 1531 1447 1564 Nazianzeno,
1464 1531 1593 1564 Cmsario,
1612 1537 1676 1563 etc.,
1696 1538 1754 1558 mos
1771 1530 1815 1556 ille
1827 1537 1882 1564 quo

252 1587 335 1606 ~nnnc
343 1579 423 1613 vulgo
436 1579 534 1606 vivitur
547 1579 670 1614 cognitus
680 1583 747 1610 erat,
764 1583 791 1605 at
803 1578 927 1606 homines
944 1586 1031 1613 teque,
1047 1586 1078 1605 ac
1090 1578 1148 1613 ipsa
1164 1577 1238 1610 vitia,
1253 1578 1405 1605 odissemus
1420 1582 1447 1605 et
1464 1577 1622 1605 vitarcmuS.
1635 1577 1735 1605 Contra
1752 1584 1781 1603 ea
1795 1575 1879 1603 sancti

252 1624 294 1652 'illi
313 1624 406 1651 Patres
415 1624 477 1651 vitia
490 1625 630 1651 hominum
642 1624 734 1660 iugere
752 1632 784 1652 ac
798 1624 926 1652 detestari
941 1632 991 1652 nos
1003 1624 1145 1659 jubebant.
1159 1631 1214 1650 non
1229 1623 1436 1658 hominesipsos
1447 1624 1492 1650 Dei
1511 1623 1654 1658 imaginem
1669 1627 1803 1658 gerentes,
1813 1629 1881 1655 quos

253 1670 388 1697 Dominus
401 1675 493 1698 noster
508 1671 586 1699 Iesus
597 1671 722 1698 Christus
740 1672 878 1706 proximos
894 1676 1001 1699 nostros
1014 1679 1074 1700 esse
1089 1672 1190 1704 docuit,
1208 1676 1235 1699 et
1249 1671 1359 1707 diligere
1375 1671 1513 1706 praecepit.
1528 1671 1581 1698 Sed
1596 1671 1654 1698 haec
1669 1675 1709 1698 est
1722 1669 1812 1697 surculi
1831 1677 1881 1695 no-

256 1715 304 1741 stri
320 1715 390 1742 haud
412 1716 468 1743 scio
484 1716 636 1748 infelicitas,
654 1717 752 1748 dicam,
769 1725 802 1744 an
816 1716 942 1749 fatalitas,
959 1725 992 1744 an
1007 1717 1097 1751 potius
1113 1717 1278 1749 immanitas,
1296 1725 1376 1751 quam
1393 1721 1533 1751 tantopere
1553 1716 1689 1751 quondam
1706 1713 1881 1742 illustrissimi

254 1760 407 1789 cardinales
416 1761 535 1788 Bembns
545 1767 572 1789 et
584 1761 726 1789 Sadoletus
741 1762 925 1796 deplorabant.
945 1761 1030 1789 Dicite
1045 1762 1128 1794 mihi,
1140 1762 1186 1788 sed
1199 1767 1287 1788 vestra
1305 1762 1373 1793 ﬁde,
1392 1761 1413 1788 si
1435 1761 1514 1788 istam
1539 1768 1644 1788 morum
1669 1760 1830 1795 rigiditatem
1853 1759 1880 1785 in

255 1805 440 1839 expungendis
456 1805 673 1832 dissentientium
698 1806 854 1832 nominibus
878 1814 932 1832 non
953 1807 1033 1833 modo
1048 1814 1079 1833 ex
1096 1806 1232 1841 diptychis
1253 1805 1389 1839 Ecclesire,
1407 1814 1501 1833 verum
1518 1813 1550 1833 ex
1575 1806 1635 1840 ipso
1654 1806 1735 1833 etiam
1756 1805 1817 1832 albo
1831 1806 1882 1839 τῆς

254 1848 309 1882 {Eoi
325 1851 414 1884 φιλίας
427 1852 473 1878 καὶ
485 1852 593 1887 ὁμιλίας
608 1851 797 1879 indifferenter
815 1851 989 1879 adrniltemus
1000 1872 1006 1884 ,
1021 1861 1057 1880 nu

1074 1860 1160 1887 [quam
1175 1852 1218 1879 vel
1241 1852 1472 1879 sanctissimorum
1497 1851 1608 1879 Patrum
1625 1855 1760 1878 exsortem
1774 1850 1808 1877 ab
1831 1850 1881 1876 hac

255 1895 357 1923 invidia
373 1897 582 1931 praestabimus?
606 1897 664 1924 Non
681 1902 754 1925 certe
770 1905 817 1924 vos
835 1897 916 1924 istum
935 1898 1023 1932 ipsum
1051 1898 1182 1926 lsidorum
1197 1903 1336 1930 vestrum,
1354 1906 1407 1924 non
1435 1899 1495 1933 ejus
1519 1898 1676 1932 magiSIrum
1701 1896 1730 1923 Β.
1748 1896 1880 1924 Joannem

253 1942 480 1978 Chrysostomum
491 1963 498 1975 ,
516 1951 569 1971 non
585 1944 712 1978 Magnum
734 1943 862 1970 Basilium
874 1964 881 1976 ,
894 1951 949 1970 non
963 1943 1195 1980 Thaumaturgum
1224 1944 1435 1976 Nazianzenum,
1453 1952 1508 1971 non
1524 1943 1690 1979 Thcologum
1718 1943 1880 1977 Nyssenum,

257 1997 315 2017 'nOn
333 1989 458 2023 Ephraam
471 1989 697 2020 Theodidactum,
709 1997 763 2016 non
781 1988 932 2025 Syncsium,
946 1997 1000 2016 non
1023 1990 1214 2026 Epiphanium,
1228 1990 1440 2023 Theodoretum,
1465 1998 1518 2017 non
1536 1990 1619 2016 ut-lum
1647 1990 1706 2024 ejus
1721 1989 1809 2016 :ctatis
1824 1994 1880 2015 tra-

256 2039 389 2064 etatorem
414 2040 538 2063 sanctum
561 2036 595 2062 ab
620 2035 728 2070 injuriae
751 2035 834 2070 hujus
854 2044 924 2063 nexu
947 2036 1093 2064 defendere
1109 2037 1174 2065 mihi
1191 2045 1310 2072 unquam
1328 2036 1464 2071 poteritis,
1480 2041 1527 2062 aut
1543 2036 1569 2062 in
1588 2040 1645 2062 tuto
1660 2035 1804 2062 collocare.
1823 2033 1880 2061 Viri

257 2082 360 2109 cordati
383 2083 478 2109 beatos
499 2091 547 2110 vos
569 2090 628 2110 esse
649 2083 808 2118 przedicant,
832 2083 930 2117 quibus
954 2083 1045 2110 datum
1063 2089 1144 2119 atque
1166 2091 1327 2112 concessum
1343 2083 1409 2110 site
1426 2087 1479 2108 tam
1496 2082 1581 2117 rigido
1599 2090 1704 2114 eorum,
1725 2088 1793 2116 quos
1812 2080 1879 2111 dixi,

257 2125 383 2154 instituto
405 2127 520 2154 seorsim
540 2127 652 2154 sentire.
678 2126 723 2154 Sic
744 2127 816 2154 enim
840 2127 954 2154 alienam
976 2128 1143 2163 religionem,
1160 2132 1187 2155 et
1200 2128 1336 2155 humanos
1351 2127 1507 2154 mortalium
1530 2128 1611 2154 lmsns
1636 2127 1698 2153 odio
1718 2126 1836 2156 habetis,
1853 2129 1883 2151 nt

257 2176 348 2199 tamen
365 2172 443 2199 dotes
457 2173 627 2207 ingeniorum
645 2173 836 2205 humanorum,
853 2181 953 2208 easque
968 2179 1050 2207 artes,
1069 2182 1135 2209 quas
1147 2175 1186 2202 eis
1196 2174 1312 2209 przebuit
1327 2173 1446 2201 thbus
1459 2174 1566 2209 Apollo,
1582 2178 1612 2200 ut
1625 2173 1776 2200 Homericis
1790 2171 1884 2199 verbis

255 2219 414 2253 exprimam,
432 2219 564 2246 a‘stimare
578 2225 604 2245 et
618 2219 744 2246 admirari
761 2219 920 2245 didiceritis.
937 2219 1022 2246 Macte
1038 2219 1088 2246 hac
1104 2220 1206 2247 virtute
1217 2240 1223 2250 ,
1245 2228 1261 2247 o
1279 2219 1428 2247 venerandi
1449 2219 1572 2246 seniores
1584 2238 1591 2249 .
1606 2226 1658 2253 qua
1675 2218 1702 2244 in
1720 2217 1786 2244 orbe
1799 2218 1882 2244 Cirri-

257 2263 344 2290 stiano
371 2262 481 2289 nomina
496 2266 586 2289 vestra
613 2263 770 2297 prteclivent
787 2270 820 2289 ae
842 2263 1027 2290 celebrantur.
1047 2263 1130 2291 Vobis
1143 2265 1192 2299 ipsi
1208 2265 1290 2291 etiam
1315 2263 1462 2292 adversarii
1487 2263 1748 2298 hanejustissimam
1774 2263 1882 2290 laudem

254 2307 328 2336 xeris
343 2307 453 2334 calculis
472 2307 620 2342 assignant.
634 2307 705 2342 quod
730 2307 790 2342 plus
812 2307 999 2335 moderatione
1016 2313 1104 2335 vestra
1125 2309 1195 2344 apud
1211 2309 1406 2336 dissentientes
1419 2308 1576 2344 proﬁciatis,
1591 2316 1673 2343 quarti
1686 2308 1734 2340 illi,
1749 2316 1817 2343 quos
1833 2309 1884 2335 mi~

255 2359 308 2379 nus
320 2351 421 2379 dudum
438 2352 595 2384 memoravi,
616 2360 677 2379 cum
691 2353 819 2379 omnibus
844 2353 901 2379 suis
917 2354 1030 2380 armatis
1047 2354 1132 2388 copiis
1147 2355 1179 2381 ad
1204 2355 1301 2390 vigoris
1314 2359 1404 2382 cotem
1420 2355 1564 2386 sanciatis,
1579 2354 1677 2388 quibus
1695 2354 1827 2388 saepeﬁeri
1844 2355 1884 2382 af-

255 2398 374 2430 ﬁrmant,
387 2401 416 2424 ut
435 2397 521 2431 magis
534 2398 692 2430 destruant,
709 2406 790 2432 quam
805 2398 949 2430 aediﬁcent.
963 2399 1081 2431 cadant,
1093 2408 1173 2434 quam
1189 2400 1311 2428 vincant.
1326 2400 1419 2428 Valete
1430 2421 1437 2433 ,
1453 2404 1480 2427 et
1497 2400 1653 2427 comitatem
1670 2407 1758 2426 meam
1768 2421 1774 2432 ,
1799 2408 1884 2434 quam

255 2442 359 2470 Isidoro
368 2447 458 2470 vestro
474 2443 617 2473 servando,
632 2447 659 2470 et
673 2443 749 2470 vobis
762 2444 789 2469 in
805 2443 856 2470 hoc
870 2443 1008 2471 schemate
1023 2445 1245 2478 reptarsentando
1259 2445 1376 2472 libenter
1391 2446 1521 2480 impendi,
1538 2446 1602 2473 boui
1617 2445 1766 2479 consulite;
1780 2447 1882 2479 majora

255 2497 270 2516 a
285 2497 328 2516 me
343 2489 532 2524 prtcstolaturi,
549 2490 571 2516 si
581 2488 658 2516 vobis
671 2489 791 2516 studium
815 2494 897 2524 atque
919 2491 1036 2517 ofﬁcium
1054 2499 1144 2518 meum
1170 2491 1197 2517 in
1211 2491 1291 2518 rebus
1306 2491 1406 2519 vestris
1420 2491 1558 2520 litterariis
1571 2492 1707 2527 juvandis,
1725 2496 1751 2519 et
1770 2498 1819 2525 pro
1838 2499 1881 2523 ea,

253 2543 307 2570 qua
319 2536 408 2563 valere
424 2541 504 2570 atque
518 2543 597 2570 posse
611 2535 762 2569 existimor,
779 2537 942 2564 auctoritate
956 2537 1158 2571 promovendis.
1175 2537 1283 2571 placere
1299 2537 1467 2565 intellexero.

293 2582 451 2609 Scribebam
470 2582 669 2610 Francofordite
686 2590 700 2609 a
715 2583 743 2610 d.
758 2591 800 2610 xvi
815 2582 874 2610 Kal.
895 2583 1014 2610 Martiar.
1031 2584 1063 2610 Α.
1077 2583 1098 2610 C

532 2582 669 2610 icofordite
686 2590 700 2609 a
715 2583 743 2610 d.
758 2591 800 2610 xvi
815 2582 874 2610 Kal.
895 2583 1014 2610 Martiar.
1031 2584 1063 2610 Α.
1077 2583 1110 2611 C.
1126 2583 1157 2610 N.
1177 2593 1207 2610 οο
1226 2591 1339 2612 ιοεηιι.

266 2669 1874 2686 wh

658 2732 911 2761 TYPOGRAPIIUS
935 2734 1104 2767 ANTIQUIE
1129 2735 1312 2764 EDITIONIS
1339 2737 1434 2764 LIBRI
1451 2737 1469 2764 γ

966 2781 1114 2809 LECTORI
1137 2782 1165 2809 S.

291 2856 363 2884 Duos
377 2859 477 2893 quidem
493 2858 605 2886 Isidoro:
622 2859 684 2886 locis
701 2861 908 2895 temporibusque
924 2861 1038 2895 dissitas,
1061 2864 1147 2896 patria
1162 2871 1262 2898 quoque
1281 2864 1402 2897 diter-sos,
1418 2863 1462 2892 sed
1475 2864 1648 2892 sanctimonia
1667 2863 1750 2891 socios
1765 2864 1878 2899 jumlim
