2044 3173
229 169 278 202 127

262 225 324 252 271.
342 225 412 253 Vitia
423 225 523 252 homini
533 232 583 250 non
599 224 682 259 inesse
692 231 736 259 per
751 228 885 251 naturam.
912 224 1008 259 Confer

228 260 300 294 infra
317 269 356 295 ep.
379 260 441 291 505,
462 267 520 295 quce
539 259 588 295 hac
605 263 643 284 est
656 258 757 291 plenior
772 259 859 295 :‘sicut
876 260 955 286 etiam
983 260 1010 286 in

230 293 279 322 ms.
297 293 354 321 cod.
373 294 466 320 Baoar.
484 294 538 320 haec
551 293 635 319 altero
648 298 721 319 tanta
732 298 769 319 est
785 293 897 328 longior.

263 329 316 356 272
334 329 409 361 Quod
428 329 527 362 primus
545 328 631 355 Adam
646 328 773 362 perdidit,
790 328 919 355 secundus
934 329 1010 356 resti-

228 365 289 392 tuit.

262 398 315 425 275
331 398 369 425 De
382 406 441 425 vero
456 397 503 424 Dei
519 396 602 424 cultu.

261 433 313 460 276
330 433 428 460 Contra
441 441 533 460 vanam
547 432 681 466 fugacium
692 440 770 466 opum
784 432 919 466 fiduciam.

262 468 315 494 275
332 468 431 495 Contra
446 469 583 503 ingratum
598 475 628 493 ac
637 467 787 502 degenerem
798 467 895 502 reipub.
916 467 1008 494 alum-

227 511 300 531 num.

261 538 314 566 ‘276
327 538 426 565 Contra
444 546 522 573 opum
537 541 562 564 et
579 536 664 563 inanis
680 535 770 573 gloria!
780 537 907 563 studium.

262 574 315 600 277
331 572 429 600 Contra
445 571 597 600 ebrietatem
611 576 635 598 et
648 571 797 606 crapulam.

262 609 315 635 278
328 608 398 635 Laus
409 609 466 635 vine
480 607 639 633 monasticas.

262 644 314 670 279
328 643 426 670 Contra
441 643 601 669 ebrietatem.

261 679 314 705 280
329 679 426 704 Contra
438 677 614 704 iracundiam.
633 686 642 693 -

261 713 309 740 281
329 713 364 740 De
376 712 561 747 Cappadocum
575 711 688 746 pessima
705 712 952 746 perversissinmque
967 712 1006 738 in-

227 748 295 775 dole.

264 783 317 810 282
330 782 368 809 De
385 782 536 816 expulsione
549 789 581 808 ex
595 781 731 816 paradiso,
747 786 772 808 et
791 783 827 816 ini
837 781 955 807 eumdem
968 789 1007 807 re-

226 818 370 845 stitutione.
396 817 582 850 Interpretatio
598 816 662 842 dicti
687 815 797 847 Christi,
818 815 914 842 Matth.
941 823 1005 842 xxv.

261 853 313 879 285
329 852 365 878 De
381 852 539 886 dispuritate
555 851 730 876 humanorum
744 851 902 877 studiorum.

259 887 312 914 234
328 887 364 913 De
377 885 561 913 resurrectione
572 890 733 912 mortuorum
751 893 829 912 etiam
841 886 867 911 in
881 885 1004 918 stirpibus

225 922 404 956 pwe/ignrata.

260 957 313 983 283
328 956 463 990 Expositio
480 956 543 982 dicti
559 954 658 981 Christi
672 954 704 981 de
714 955 816 982 duabus
835 954 1002 982 molentibus.

231 990 289 1017 Vita
300 991 353 1017 halr
370 996 406 1018 est
421 991 571 1024 pistrinum.

259 1026 310 1052 286
328 1026 426 1053 Contra
441 1035 494 1057 eas,
512 1026 557 1060 qui
573 1024 630 1051 sola
646 1025 805 1058 virginitatis
827 1024 1004 1051 observatione

224 1061 382 1095 gloriantur.
407 1069 464 1087 cum
490 1062 589 1087 interea
612 1060 736 1086 virtutum
762 1060 907 1090 variarum,
923 1065 948 1086 et
976 1060 1004 1086 in

223 1097 316 1129 primis
328 1096 486 1122 humilitatis
501 1095 588 1121 studio
605 1095 793 1121 destituuntur.

258 1131 310 1156 287
330 1130 431 1156 Talenti
443 1131 504 1157 bene
516 1129 635 1156 collocati
651 1129 786 1163 pra'mizun
802 1129 912 1156 caeleste.

255 1166 307 1191 288
323 1165 416 1192 Ocinm
429 1170 453 1191 et
468 1166 600 1190 hircorum
621 1164 648 1190 in
670 1168 784 1190 extremo
802 1165 843 1191 die
858 1164 1001 1198 separatio.

258 1201 310 1225 289
324 1199 359 1226 De
378 1200 476 1226 Christi
493 1208 552 1226 vera
564 1199 727 1225 [inmanitate
737 1219 744 1228 .
760 1199 875 1225 etiamin
889 1199 1003 1233 infirmi-

223 1240 311 1261 tatum
327 1240 476 1261 nostrarum
494 1235 655 1268 susceptione
669 1233 816 1260 declarata.

224 1303 246 1329 D
258 1270 310 1297 200
329 1269 536 1296 Firmamentum
551 1269 719 1303 imperiorum
743 1273 781 1302 est
807 1268 926 1295 amicitia
943 1276 1002 1294 cum

247 1312 286 1329 eo.

247 1312 286 1330 eo.

256 1339 302 1365 201
325 1338 418 1365 Petrus
440 1346 513 1366 servo
532 1338 628 1364 summi
648 1338 792 1365 sacerdotis
808 1337 914 1364 Malcho
928 1337 1002 1364 auri-

221 1375 309 1400 culam
322 1379 472 1408 amputans,
486 1374 548 1408 quid
563 1374 671 1407 mystice
685 1373 800 1408 denotet.

220 1443 238 1469 ἀ
255 1408 307 1435 2J2
322 1407 456 1435 Barrabos
472 1408 535 1434 liber
550 1408 706 1440 dimittitur,
719 1407 838 1435 Christus
853 1408 888 1434 ad
899 1415 1001 1434 crucem

239 1448 373 1469 tunrmtur.

239 1452 316 1469 «intra
321 1448 328 1468 ι
333 1451 373 1469 ur.

220 1512 238 1538 ά
253 1478 306 1538 295
324 1478 412 1538 Jluda'i
429 1477 563 1505 Christum
586 1477 648 1513 felle
671 1482 792 1512 potantes
816 1477 880 1512 quid
894 1477 1001 1511 mystice

240 1521 286 1538 eno
300 1521 330 1538 en
346 1532 353 1538 .

240 1517 353 1539 euotent.

255 1547 308 1573 201
324 1547 473 1574 Admonitio
494 1547 525 1573 de
549 1547 685 1573 uirtutibus
699 1547 760 1572 duci
775 1547 903 1573 exercitus
915 1554 1002 1572 neces-

221 1583 310 1612 sariis.
324 1587 392 1608 metu
405 1582 451 1608 Dei
464 1587 487 1608 et
497 1582 606 1616 justitia
617 1593 623 1609 :
635 1582 727 1616 quibus
743 1582 848 1608 remotis
863 1581 1002 1615 infeliciter-

221 1625 278 1652 cum
293 1617 363 1643 hoste
371 1622 512 1652 pugnatur.

252 1651 305 1677 2J5
325 1662 333 1677 ‹
355 1652 471 1678 Oderunt
486 1659 592 1685 peccare
603 1651 666 1678 mali
677 1651 818 1685 formidine
828 1659 920 1686 pmnce.
937 1660 946 1677 ι

253 1685 307 1712 296
319 1686 419 1713 Contra
432 1686 565 1712 libidines.

256 1721 308 1747 297
325 1721 472 1755 Increpatio
482 1721 618 1748 homicida!
632 1721 744 1754 superbi.

255 1755 307 1783 298
327 1756 365 1783 De
385 1757 474 1783 inutili
493 1759 517 1782 et
539 1757 625 1782 otiosa
644 1756 831 1782 monachorum
853 1756 929 1782 turba
951 1755 1002 1782 mi-

220 1792 333 1817 nuenda.

252 1825 304 1861 21151
317 1826 471 1858 Deprecatio
482 1834 529 1861 pro
547 1825 677 1860 naufrago
696 1825 861 1860 reliquatore.

328 1859 486 1896 liepro'catio
492 1869 538 1896 pro
554 1861 695 1894 naufrago.

251 1894 300 1921 501
328 1893 511 1929 lnterpretatio
530 1896 594 1922 dicti
609 1893 658 1922 rexi
670 1895 772 1929 psalmo
791 1902 872 1927 unt,
889 1903 899 1920 1
923 1893 1002 1930 Virga

219 1933 265 1955 tua
276 1935 300 1956 et
314 1930 422 1956 baculus
440 1935 512 1962 tuus,
534 1939 543 1956 ι
561 1934 614 1957 etc.

255 1963 307 1991 502
332 1964 497 1999 Prceceptum
522 1964 697 1991 monasticunt
719 1963 751 1990 de
770 1964 957 1991 exercitatione
977 1969 1001 1991 et

219 2000 361 2026 certamine
377 2005 438 2026 ante
452 2008 562 2026 coronas
574 1999 748 2032 suscipiendo.

255 2033 308 2061 505
324 2033 394 2066 Vitia
409 2035 508 2060 homini
524 2035 606 2060 inesse
619 2041 664 2068 per
676 2038 797 2059 naturam
808 2041 817 2059 :
829 2041 906 2068 quam
923 2032 1001 2060 Chri-

218 2071 276 2094 stus
291 2069 317 2095 in
329 2070 457 2096 unitatem
480 2077 597 2103 persona:
615 2074 778 2102 assumptam
797 2068 878 2094 saluti
892 2068 1002 2101 integri-

219 2103 318 2138 tatique
334 2104 456 2130 asseruit.
481 2103 602 2131 Christus
621 2103 691 2130 Deus
708 2108 730 2130 et
747 2103 824 2129 homo
844 2104 870 2130 iu
897 2104 1000 2130 unitate

218 2145 336 2171 personae
350 2139 582 2166 incommutabilis.

253 2171 315 2200 504.
331 2173 467 2208 Impuram
479 2179 589 2200 mentem
606 2181 658 2200 non
673 2180 728 2199 esse
740 2172 851 2199 caelestis
864 2173 1000 2207 sapientia,-

217 2214 341 2241 capacem
358 2214 404 2235 aut
423 2209 534 2236 docilem
545 2228 552 2241 ,
570 2214 597 2235 ut
619 2208 705 2242 lippus
730 2209 820 2234 acutus
837 2208 1000 2241 splendorem

218 2242 283 2278 solis
293 2244 393 2278 intueri
407 2245 506 2278 nequit.

253 2277 306 2314 505
321 2278 397 2305 Nova
411 2275 591 2313 interpretatio
609 2275 690 2314 ῥητοῦ
707 2276 802 2311 psalmi
816 2284 879 2304 cxtx
894 2286 900 2304 :
919 2287 928 2303 ι
944 2277 997 2303 Ad-

218 2311 293 2340 hwsit
308 2314 453 2345 pavimento
468 2311 556 2340 anima
570 2311 640 2340 mea.
658 2322 667 2338 ι

255 2347 307 2375 506
323 2348 412 2375 Etiam
434 2350 460 2375 in
479 2349 568 2376 servili
585 2348 734 2374 conditione
753 2351 836 2381 potest
855 2348 913 2382 quis
933 2346 998 2373 libe-

218 2390 276 2408 rum
297 2387 374 2418 atque
398 2384 537 2418 ingenuum
561 2384 677 2410 animum
703 2391 799 2416 gerere.
830 2381 864 2408 In
891 2381 997 2408 Christo

216 2417 286 2453 enim
303 2417 376 2444 nulla
391 2417 590 2453 est’di/ferentia
607 2417 682 2444 liberi
693 2418 806 2443 hominis
821 2421 845 2443 et
856 2417 934 2443 servi.

252 2452 303 2478 507
322 2453 472 2480 Gratulatio
487 2454 606 2487 episcopo
618 2461 650 2479 ea:
664 2453 779 2486 periculo
796 2456 909 2478 servato.

253 2486 305 2514 508
322 2487 383 2515 Vita
399 2489 544 2515 monastica
557 2486 595 2514 est
609 2487 717 2514 militia.

253 2522 305 2558 509
322 2522 477 2550 Exhortatio
488 2523 521 2549 ad
530 2523 626 2558 [iugum
634 2522 809 2558 petulantiam
817 2520 995 2558 coercendum.

249 2556 302 2583 510
317 2558 466 2584 Admonitio
489 2555 636 2585 necessaria
651 2557 682 2582 de
701 2555 839 2590 affectibus
857 2561 880 2581 et
898 2556 998 2590 prarju-

217 2590 295 2627 ditiis
321 2593 451 2620 cavendis.
481 2593 566 2627 Deque
593 2592 733 2625 Theophila
754 2590 849 2625 Cyrilli
869 2591 998 2618 avunculo

216 2624 328 2662 Joannis
343 2624 528 2662 C/tt'ysoslontl
537 2624 699 2654 adversario.

249 2661 297 2697 511
318 2662 354 2689 De
367 2660 478 2690 concilio
492 2663 585 2697 Ephes.
603 2665 669 2689 recte
681 2660 841 2688 instituendo
853 2661 888 2687 ad
906 2662 998 2696 imper.

219 2694 404 2725 Theodosium.

252 2731 303 2758 512
322 2731 403 2759 Ficus
416 2733 511 2759 sterilis
526 2731 712 2760 exscindenda.

251 2766 304 2800 515
317 2767 469 2794 Dehortatio
483 2768 514 2794 ab
528 2769 651 2794 ebrietate
667 2771 689 2792 et
705 2765 790 2791 abusu
807 2767 870 2795 vini.
884 2775 915 2793 ex
925 2775 1000 2800 cupis

217 2801 340 2833 primitiis
364 2801 478 2835 Spiritus
502 2804 606 2829 divinus
628 2801 782 2835 smiguinem
799 2801 897 2827 Christi
913 2802 999 2834 efficit.

229 2870 234 2875 .
252 2836 304 2862 514
320 2836 476 2875 Oltjurgutio
498 2838 617 2864 monachi
637 2835 722 2871 gulosi
741 2843 770 2861 ac
796 2837 861 2871 vagi,
883 2838 1000 2870 quamvis

220 2872 280 2903 jam
297 2872 373 2897 annis
387 2872 484 2906 gravis.

789 168 1070 199 PROLEGOMEN’A
1088 167 1188 198 EDIT.
1208 167 1331 197 PARIS.

1797 163 1848 197 123

1099 223 1153 250 515
1168 222 1268 249 Contra
1283 223 1432 256 episcopum
1449 220 1641 248 Simoniacum.

1096 257 1148 285 516
1169 257 1205 284 De
1217 262 1288 284 recta
1307 257 1450 284 liberorum
1462 257 1618 283 educatione
1629 260 1653 282 et
1670 255 1846 284 institutione.

1096 298 1147 324 517
1165 297 1335 324 Collaudatio
1368 296 1491 324 solventis
1521 296 1656 330 primitias
1680 300 1704 322 et
1729 295 1852 324 decimas

1075 337 1206 359 ructuum.

1061 332 1318 400 fngilsmsizprecatio
1333 374 1379 400 pro
1399 365 1525 392 monac/10
1540 365 1662 400 fugitivo.

1096 402 1148 429 519
1162 398 1337 433 Ατιὶηοηίιὶοί
1356 406 1384 427 ut
1413 398 1545 427 sacerdos»
1563 398 1655 434 typum
1680 407 1708 425 se
1731 398 1847 434 prwbeat

1079 445 1156 463 recns.

1059 445 1230 499 grggfi'Cula
1240 477 1277 498 est
1291 479 1366 498 soror
1381 470 1418 497 vel
1437 471 1523 504 potius
1538 468 1761 504 mater-libidinis.

1096 507 1143 534 521
1170 507 1274 533 Dictum
1308 505 1403 541 psalmi
1418 502 1443 532 ci
1466 505 1650 540 exponimus
1676 502 1709 530 In
1731 505 1847 531 matuti-

1060 550 1104 573 no,
1121 551 1130 566 ι
1147 547 1200 568 elo.

1095 580 1148 606 522
1165 581 1200 607 De
1214 580 1361 606 hominibus
1389 578 1513 610 indoctis,
1529 578 1637 605 insulsis
1649 583 1671 604 et
1687 578 1846 610 temerariis,

1058 616 1102 649 qui
1114 616 1203 641 omnia
1223 617 1250 642 in
1278 614 1404 645 Ecclesia,
1421 615 1509 648 repub.
1531 619 1554 640 et
1574 613 1677 647 imperii
1694 616 1766 639 statu
1778 621 1840 647 pcr-

1060 650 1215 681 surbarunt,
1234 651 1363 684 patienter
1377 649 1502 683 ferendis.
1871 675 1879 683 ι

1092 689 1144 715 525
1159 689 1194 715 De
1214 689 1290 715 Verbi
1312 688 1359 715 Dei
1383 689 1574 714 incarnatione.
1600 686 1670 713 Laus
1693 687 1844 714 Athanasii.

1092 724 1145 750 524
1162 723 1344 750 lnconslantia
1355 728 1379 749 et
1397 722 1532 754 κενοδοξία
1546 722 1640 756 Cyrilli
1657 727 1775 749 taxatur.

1094 759 1147 785 525
1162 758 1264 792 Lingua
1281 759 1450 792 refrenanda.

1091 793 1143 819 526
1158 793 1283 820 Militaris
1297 791 1437 820 insolentia
1450 793 1476 818 in
1493 793 1610 818 ordinem
1626 791 1766 826 redigitur.

1091 828 1143 854 527
1160 828 1198 854 De
1207 828 1378 855 concussione
1391 827 1514 853 militari.

1094 863 1146 898 528
1162 862 1207 889 Ira
1221 864 1326 898 gravior
1339 862 1510 898 blasphemia.

1092 897 1144 924 529
1163 898 1198 923 De
1212 895 1416 932 intemperantia
1431 896 1528 932 lingua
1542 895 1695 922 coercenda.

1090 932 1143 959 550
1160 932 1228 958 Dicti
1241 931 1307 966 psal.
1333 939 1406 964 CXIX,
1422 941 1431 956 ι
1450 931 1508 957 Non
1518 936 1555 958 est
1572 931 1760 963 occultatum.)
1775 935 1843 963 (δια,

1055 967 1185 1001 expositio
1202 976 1268 994 nova
1285 972 1309 993 et
1325 967 1402 993 mira.

1090 1007 1138 1034 551
1157 1007 1295 1042 Expositio
1310 1007 1375 1033 dicti
1389 1006 1504 1041 ejusdem
1519 1006 1628 1042 psalmi.

1089 1043 1142 1069 552
1159 1040 1308 1076 Increpatio
1320 1040 1423 1076 imperii
1441 1041 1633 1076 perturbatoris
1652 1040 1787 1068 Ecclesia.

1089 1082 1141 1108 555
1155 1081 1304 1108 Admonitio
1318 1081 1349 1108 de
1362 1080 1571 1115 futurojudicio,
1587 1080 1612 1106 in
1626 1088 1677 1114 quo
1702 1079 1845 1106 reddenda!

1056 1121 1117 1142 sunt
1145 1117 1261 1143 rationes
1280 1124 1369 1143 eorum
1387 1115 1506 1142 omnibus
1527 1115 1626 1149 angelis
1641 1120 1665 1141 et
1683 1115 1842 1141 hominibus.

1087 1156 1138 1181 551
1150 1155 1264 1188 Quinam
1284 1156 1381 1182 mortui
1396 1155 1448 1181 sint
1470 1155 1586 1189 lugendi.
1607 1153 1683 1181 Nova
1710 1155 1844 1189 expositio

1053 1191 1139 1216 dicti:
1158 1200 1166 1215 ι
1180 1189 1265 1224 Super
1279 1196 1408 1216 mortuum
1423 1189 1510 1224 plora,
1531 1199 1540 1215 ι
1558 1193 1610 1216 etc.

1089 1225 1141 1252 555
1169 1225 1287 1252 Consilia
1312 1234 1363 1252 non
1388 1229 1450 1252 sunt
1474 1233 1505 1251 ea:
1525 1225 1620 1250 eventis
1646 1224 1777 1250 metienda
1794 1227 1842 1250 aut

1053 1261 1234 1293 ponderanda.

1088 1295 1139 1321 536
1151 1295 1301 1321 Admonitio
1315 1294 1428 1320 hominis
1443 1294 1528 1329 gulosi
1540 1300 1653 1321 ventrem
1667 1301 1715 1328 pro
1728 1294 1836 1320 numine

1053 1333 1171 1363 colentis.
1186 1339 1213 1360 ut
1227 1335 1372 1367 resipiscat.

1088 1369 1138 1395 557
1159 1369 1296 1402 Expositio
1320 1368 1503 1403 grammatica
1526 1367 1578 1394 loci
1597 1376 1629 1395 ea;
1651 1367 1724 1394 Actis
1754 1374 1843 1401 apost.

1053 1411 1111 1436 cap.
1139 1411 1234 1434 xxvm.
1261 1404 1304 1436 15,
1324 1411 1404 1438 usque
1421 1404 1455 1430 ad
1473 1412 1482 1428 ι
1505 1403 1583 1437 Appii
1612 1403 1711 1438 forum,
1735 1407 1759 1430 et
1787 1408 1841 1430 tres

1054 1438 1185 1466 tabernas.
1208 1448 1217 1463 ι

1087 1477 1138 1504 558
1158 1477 1193 1504 De
1208 1479 1359 1505 remissione
1373 1481 1540 1510 peccatorum
1551 1481 1643 1504 contra
1662 1476 1842 1504 Novatianos.

1090 1512 1142 1539 559
1162 1512 1261 1539 Rursus
1276 1513 1308 1539 de
1322 1513 1421 1540 eadem.

1090 1547 1143 1573 5m
1159 1547 1195 1574 De
1213 1553 1310 1574 a'terno
1333 1556 1474 1574 avarorum
1494 1553 1518 1575 et
1540 1547 1686 1574 crudelium
1705 1546 1846 1574 hominum

1057 1582 1195 1616 supplicio.

1093 1617 1141 1643 5M
1160 1617 1310 1652 increpatio
1328 1616 1441 1643 hominis
1457 1617 1564 1652 perditi.

1089 1651 1142 1678 562
1155 1651 1190 1687 Re
1199 1653 1287 1686 potius
1301 1660 1380 1687 quam
1391 1660 1508 1679 sermone
1520 1651 1769 1686 philosophandum.

1088 1687 1141 1713 515
1155 1686 1192 1713 De
1206 1687 1358 1721 angelorum
1373 1688 1514 1719 creatione,
1533 1694 1586 1714 etc.

1090 1721 1143 1747 514
1160 1721 1195 1748 De
1210 1722 1435 1749 animadversione
1447 1722 1546 1753 divina,
1562 1721 1631 1756 quod
1643 1721 1676 1748 sit
1693 1721 1845 1748 admonitio

1053 1756 1141 1788 patius
1157 1757 1312 1783 emendandi
1337 1758 1420 1782 nostri
1440 1765 1522 1783 causa
1540 1761 1672 1791 suscepta,
1694 1765 1772 1791 quam
1792 1757 1840 1783 ira

1053 1791 1091 1817 vel
1109 1791 1295 1824 indignationis
1309 1792 1395 1826 signifi
1400 1792 1479 1819 cutio.

1089 1825 1140 1852 545
1155 1825 1311 1860 Objurgutio
1324 1827 1436 1852 hominis
1452 1826 1546 1860 gulosi.

1089 1861 1140 1888 516
1156 1861 1192 1888 De
1209 1861 1288 1887 Pauli
1301 1861 1474 1888 conversione.

1089 1896 1141 1923 547
1157 1896 1308 1923 Admonitio
1325 1896 1460 1922 hominum
1473 1896 1679 1932 ﬂagitiosorum,
1694 1901 1721 1924 ut
1736 1896 1770 1923 ad
1785 1896 1840 1930 οῇἰρ

1053 1931 1121 1957 cium
1136 1931 1255 1958 redeant.

1089 1966 1141 1993 518
1159 1965 1274 2001 panaria
1290 1966 1346 1992 sine
1359 1966 1456 2000 pietate
1473 1966 1563 1993 oblata
1581 1967 1646 1993 nihil
1663 1970 1784 2001 prosunt.

1085 2001 1136 2027 549
1153 1999 1281 2027 Sacerdos
1292 2001 1371 2036 etiam
1387 2001 1520 2035 improbus
1535 2006 1633 2028 nonest
1645 1999 1837 2036 aspernandus,

1053 2036 1114 2070 quia
1129 2040 1167 2062 est
1183 2036 1291 2069 angelus
1308 2035 1355 2061 Dei
1371 2036 1566 2070 omnipotentis.

1085 2070 1139 2097 550
1156 2070 1306 2096 Admonitio
1320 2070 1432 2096 hominis
1448 2071 1618 2104 voluptuarii.
1642 2075 1669 2097 ut
1689 2071 1836 2105 resipiscat.

1155 2105 1311 2141 ijurgatio
1323 2105 1435 2141 hominis
1450 2106 1671 2141 pravorsodailitio
1687 2106 1836 2141 gaudentis.

1087 2139 1139 2166 552
1155 2139 1191 2166 De
1211 2140 1310 2166 sanctis
1335 2139 1469 2172 l’atribus,
1491 2140 1536 2175 qui
1548 2149 1579 2167 ea;
1600 2139 1768 2175 Cappadocia
1779 2140 1838 2174 fue-

1052 2175 1104 2201 rint
1117 2175 1232 2201 oriundi.
1252 2175 1286 2202 Et
1308 2175 1377 2209 quod
1393 2175 1484 2201 vitiant
1510 2180 1587 2209 atque
1609 2176 1763 2209 improbitas
1786 2183 1839 2201 non

1051 2210 1085 2236 sit
1100 2218 1116 2236 a
1132 2214 1238 2239 natura.
1255 2209 1299 2235 sed
1314 2218 1328 2234 a
1343 2209 1474 2236 voluntate
1492 2215 1514 2236 et
1531 2210 1613 2236 animi
1628 2211 1760 2237 instituto.

1087 2245 1138 2272 555
1154 2243 1242 2271 Patris
1263 2249 1287 2270 et
1303 2243 1368 2270 Filii
1387 2245 1455 2271 sicut
1474 2252 1527 2271 una
1542 2249 1580 2271 est
1604 2245 1728 2278 essentia,
1752 2244 1789 2272 sic
1811 2249 1838 2271 et

1051 2280 1182 2306 uoluntas.

1087 2314 1140 2340 554
1155 2314 1211 2346 Quo
1226 2314 1277 2348 fine
1288 2322 1397 2347 magnus
1419 2313 1520 2341 Elimas
1532 2315 1560 2341 in
1572 2314 1646 2342 Actis
1658 2314 1839 2350 apostolorum

1050 2350 1169 2376 ca'citate
1186 2349 1267 2383 fuerit
1282 2350 1400 2382 punitus.

1085 2384 1138 2411 555'
1170 2384 1319 2418 Allegnriea
1343 2385 1526 2417 interpretatio
1556 2384 1623 2411 dicti
1653 2383 1742 2411 Exod.
1777 2391 1838 2417 nx,

1050 2419 1083 2446 10
1098 2427 1104 2445 :
1126 2429 1134 2444 ι
1155 2419 1267 2444 Abluant
1281 2419 1432 2445 vestimenta
1442 2427 1491 2445 sua
1502 2419 1589 2451 hodie,
1612 2428 1620 2444 ι
1637 2423 1690 2446 etc.

1084 2454 1136 2481 556
1154 2453 1193 2488 De
1205 2453 1273 2480 trina
1287 2454 1457 2488 abnegatione
1484 2453 1568 2487 Petri,
1581 2458 1604 2481 et
1618 2455 1688 2481 trina
1702 2454 1763 2480 item
1775 2461 1839 2480 con-

1050 2489 1168 2524 fessione?
1179 2487 1290 2524 Christi.

1050 2522 1069 2584 ὲ.
1157 2523 1193 2550 De
1209 2523 1283 2549 Petri
1296 2524 1461 2550 conversione
1475 2528 1500 2550 et
1520 2524 1702 2558 resipiscentia
1724 2523 1759 2551 ad
1776 2522 1837 2558 gal-

1061 2567 1181 2584 lClItHlm.

1061 2567 1181 2585 1611111011.

1085 2593 1138 2630 558
1167 2592 1204 2630 De
1230 2593 1315 2630 ﬁcua
1337 2592 1442 2620 Christo
1469 2593 1624 2627 maledicta,
1642 2593 1707 2630 quid
1725 2592 1838 2628 mystica

1052 2629 1153 2654 ratione
1167 2628 1309 2654 denotarit.

1086 2663 1138 2690 559
1157 2661 1238 2689 Trina
1257 2663 1372 2696 rejectio,
1396 2671 1448 2697 qua
1468 2670 1528 2697 gens
1549 2662 1678 2695 Iudaica,
1703 2667 1837 2696 totumque

1052 2699 1116 2724 adeo
1130 2705 1209 2732 genus
1221 2698 1363 2724 [tumtutum
1377 2697 1522 2731 repudiavit
1534 2698 1657 2725 salutem.

1088 2734 1140 2760 560
1158 2732 1212 2759 Cur
1226 2732 1347 2759 Christus
1363 2740 1417 2758 sese
1427 2740 1521 2765 panem
1533 2733 1685 2767 appellarit.

1089 2768 1136 2794 501
1155 2767 1305 2802 Dehortatio
1321 2776 1337 2793 a
1351 2767 1501 2802 gulositute.

1085 2803 1138 2829 562
1154 2801 1249 2835 Τνρὶση
1266 2802 1408 2828 benedictio
1430 2801 1555 2835 Ephraim
1569 2807 1592 2828 et
1605 2802 1740 2831 Manasse.

1088 2837 1140 2864 505
1156 2837 1192 2872 De
1206 2837 1328 2863 vaticinia
1356 2836 1526 2869 l‘I/izuhetluv,
1550 2838 1643 2864 matris
1665 2838 1835 2872 Joan.Bnpl.

1087 2872 1138 2899 561
1157 2870 1231 2897 Νηιά
1252 2877 1275 2897 et
1293 2872 1433 2906 allegorica
1451 2872 1579 2905 expositio
1595 2872 1660 2900 dicti
1669 2874 1767 2909 psalmi
1783 2870 1836 2902 CL:
