  <div class='ocr_page' id='page_1' title='image "/cluster/home/n/w/nwhite01/storage/ocr_20150623/78/njp.32101077772794/072.png"; bbox 0 0 2044 3173; ppageno 0'>
   <div class='ocr_carea' id='block_1_1' title="bbox 190 184 242 217">
    <p class='ocr_par' dir='ltr' id='par_1_1' title="bbox 190 184 242 217">
     <span class='ocr_line' id='line_1_1' title="bbox 190 184 242 217; baseline 0 0"><span class='ocrx_word' id='word_1_1' title='bbox 190 184 242 217; x_wconf 76' lang='lat'><strong><em>129</em></strong></span> 
     </span>
    </p>
   </div>
   <div class='ocr_carea' id='block_1_2' title="bbox 206 235 836 270">
    <p class='ocr_par' dir='ltr' id='par_1_2' title="bbox 206 235 836 270">
     <span class='ocr_line' id='line_1_2' title="bbox 206 235 836 270; baseline 0.002 -8"><span class='ocrx_word' id='word_1_2' title='bbox 206 238 342 266; x_wconf 65' lang='lat' dir='ltr'><strong><em>«Laudate</em></strong></span> <span class='ocrx_word' id='word_1_3' title='bbox 357 245 416 264; x_wconf 80' lang='lat' dir='ltr'><strong><em>eum</em></strong></span> <span class='ocrx_word' id='word_1_4' title='bbox 433 237 459 262; x_wconf 92' lang='lat' dir='ltr'><strong><em>in</em></strong></span> <span class='ocrx_word' id='word_1_5' title='bbox 471 241 594 270; x_wconf 80' lang='lat' dir='ltr'><strong><em>tympano</em></strong></span> <span class='ocrx_word' id='word_1_6' title='bbox 609 240 632 270; x_wconf 79' lang='lat' dir='ltr'><strong><em>et</em></strong></span> <span class='ocrx_word' id='word_1_7' title='bbox 648 235 737 267; x_wconf 79' lang='lat' dir='ltr'><strong><em>choro.</em></strong></span> <span class='ocrx_word' id='word_1_8' title='bbox 758 246 767 262; x_wconf 74' lang='grc' dir='ltr'><strong><em>ι</em></strong></span> <span class='ocrx_word' id='word_1_9' title='bbox 783 241 836 263; x_wconf 77' lang='lat' dir='ltr'><strong><em>etc.</em></strong></span> 
     </span>
    </p>
   </div>
   <div class='ocr_carea' id='block_1_3' title="bbox 226 269 782 301">
    <p class='ocr_par' dir='ltr' id='par_1_3' title="bbox 226 269 782 301">
     <span class='ocr_line' id='line_1_3' title="bbox 226 269 782 301; baseline -0.007 0"><span class='ocrx_word' id='word_1_10' title='bbox 226 274 278 301; x_wconf 80' lang='lat'><strong><em>365</em></strong></span> <span class='ocrx_word' id='word_1_11' title='bbox 292 272 331 299; x_wconf 89' lang='lat' dir='ltr'><strong><em>De</em></strong></span> <span class='ocrx_word' id='word_1_12' title='bbox 342 272 467 298; x_wconf 83' lang='lat' dir='ltr'><strong><em>vaticinia</em></strong></span> <span class='ocrx_word' id='word_1_13' title='bbox 482 269 586 301; x_wconf 79' lang='lat' dir='ltr'><strong><em>Jacobi.</em></strong></span> <span class='ocrx_word' id='word_1_14' title='bbox 599 269 691 298; x_wconf 81' lang='lat' dir='ltr'><strong><em>Cenes.</em></strong></span> <span class='ocrx_word' id='word_1_15' title='bbox 709 279 782 298; x_wconf 79' lang='lat' dir='ltr'><strong><em>xux.</em></strong></span> 
     </span>
    </p>
   </div>
   <div class='ocr_carea' id='block_1_4' title="bbox 224 305 975 341">
    <p class='ocr_par' dir='ltr' id='par_1_4' title="bbox 224 305 975 341">
     <span class='ocr_line' id='line_1_4' title="bbox 224 305 975 341; baseline -0.005 -6"><span class='ocrx_word' id='word_1_16' title='bbox 224 309 275 336; x_wconf 81' lang='grc'><strong><em>566</em></strong></span> <span class='ocrx_word' id='word_1_17' title='bbox 289 307 359 333; x_wconf 86' lang='lat' dir='ltr'><strong><em>Dicti</em></strong></span> <span class='ocrx_word' id='word_1_18' title='bbox 373 306 464 338; x_wconf 79' lang='lat' dir='ltr'><strong><em>lsaia&#39;,</em></strong></span> <span class='ocrx_word' id='word_1_19' title='bbox 485 305 540 332; x_wconf 68' lang='lat' dir='ltr'><strong><em>«Ne</em></strong></span> <span class='ocrx_word' id='word_1_20' title='bbox 558 306 642 335; x_wconf 82' lang='lat' dir='ltr'><strong><em>dicas.</em></strong></span> <span class='ocrx_word' id='word_1_21' title='bbox 658 305 739 332; x_wconf 86' lang='lat' dir='ltr'><strong><em>Jacob</em></strong></span> <span class='ocrx_word' id='word_1_22' title='bbox 756 306 810 332; x_wconf 73' lang='lat' dir='ltr'><strong><em>:Et</em></strong></span> <span class='ocrx_word' id='word_1_23' title='bbox 826 306 888 341; x_wconf 87' lang='lat' dir='ltr'><strong><em>quid</em></strong></span> <span class='ocrx_word' id='word_1_24' title='bbox 901 307 975 332; x_wconf 77' lang='lat' dir='ltr'><strong><em>locn—</em></strong></span> 
     </span>
    </p>
   </div>
   <div class='ocr_carea' id='block_1_5' title="bbox 191 341 976 374">
    <p class='ocr_par' dir='ltr' id='par_1_5' title="bbox 191 341 976 374">
     <span class='ocr_line' id='line_1_5' title="bbox 191 341 976 374; baseline -0.003 -4"><span class='ocrx_word' id='word_1_25' title='bbox 191 349 231 371; x_wconf 86' lang='lat' dir='ltr'><strong><em>tus</em></strong></span> <span class='ocrx_word' id='word_1_26' title='bbox 246 343 352 373; x_wconf 66' lang='lat' dir='ltr'><strong><em>Israel,»</em></strong></span> <span class='ocrx_word' id='word_1_27' title='bbox 371 348 422 367; x_wconf 73' lang='lat' dir='ltr'><strong><em>etc.</em></strong></span> <span class='ocrx_word' id='word_1_28' title='bbox 432 361 439 371; x_wconf 85' lang='lat'><strong><em>.</em></strong></span> <span class='ocrx_word' id='word_1_29' title='bbox 458 349 524 367; x_wconf 90' lang='lat' dir='ltr'><strong><em>nova</em></strong></span> <span class='ocrx_word' id='word_1_30' title='bbox 539 341 676 374; x_wconf 68' lang='lat' dir='ltr'><strong><em>expositio.</em></strong></span> <span class='ocrx_word' id='word_1_31' title='bbox 688 347 713 367; x_wconf 90' lang='lat' dir='ltr'><strong><em>et</em></strong></span> <span class='ocrx_word' id='word_1_32' title='bbox 726 342 930 368; x_wconf 62' lang='lat' dir='ltr'><strong><em>accommodatis;</em></strong></span> <span class='ocrx_word' id='word_1_33' title='bbox 943 345 976 368; x_wconf 65' lang='grc' dir='ltr'><strong><em>ια</em></strong></span> 
     </span>
    </p>
   </div>
   <div class='ocr_carea' id='block_1_6' title="bbox 190 375 834 413">
    <p class='ocr_par' dir='ltr' id='par_1_6' title="bbox 190 375 834 413">
     <span class='ocr_line' id='line_1_6' title="bbox 190 375 834 413; baseline -0.003 -9"><span class='ocrx_word' id='word_1_34' title='bbox 190 379 357 413; x_wconf 67' lang='lat' dir='ltr'><strong><em>quaestionem</em></strong></span> <span class='ocrx_word' id='word_1_35' title='bbox 371 377 398 402; x_wconf 90' lang='lat' dir='ltr'><strong><em>in</em></strong></span> <span class='ocrx_word' id='word_1_36' title='bbox 411 375 569 413; x_wconf 72' lang='lat' dir='ltr'><strong><em>pra&#39;cedenti</em></strong></span> <span class='ocrx_word' id='word_1_37' title='bbox 578 375 695 413; x_wconf 80' lang='lat' dir='ltr'><strong><em>_epistola</em></strong></span> <span class='ocrx_word' id='word_1_38' title='bbox 709 377 834 402; x_wconf 76' lang='lat' dir='ltr'><strong><em>decisam.</em></strong></span> 
     </span>
    </p>
   </div>
   <div class='ocr_carea' id='block_1_7' title="bbox 225 410 976 445">
    <p class='ocr_par' dir='ltr' id='par_1_7' title="bbox 225 410 976 445">
     <span class='ocr_line' id='line_1_7' title="bbox 225 410 976 445; baseline -0.003 -6"><span class='ocrx_word' id='word_1_39' title='bbox 225 412 276 439; x_wconf 78' lang='lat'><strong><em>567</em></strong></span> <span class='ocrx_word' id='word_1_40' title='bbox 296 411 449 438; x_wconf 74' lang='lat' dir='ltr'><strong><em>Ite/tortutio</em></strong></span> <span class='ocrx_word' id='word_1_41' title='bbox 471 419 487 437; x_wconf 86' lang='lat' dir='ltr'><strong><em>tt</em></strong></span> <span class='ocrx_word' id='word_1_42' title='bbox 500 410 640 437; x_wconf 74' lang='lat' dir='ltr'><strong><em>crebritate</em></strong></span> <span class='ocrx_word' id='word_1_43' title='bbox 661 419 846 445; x_wconf 85' lang='lat' dir='ltr'><strong><em>congressuum</em></strong></span> <span class='ocrx_word' id='word_1_44' title='bbox 872 411 976 437; x_wconf 85' lang='lat' dir='ltr'><strong><em>urbico-</em></strong></span> 
     </span>
    </p>
   </div>
   <div class='ocr_carea' id='block_1_8' title="bbox 189 456 258 474">
    <p class='ocr_par' dir='ltr' id='par_1_8' title="bbox 189 456 258 474">
     <span class='ocr_line' id='line_1_8' title="bbox 189 456 258 474; baseline -0.014 0"><span class='ocrx_word' id='word_1_45' title='bbox 189 456 220 474; x_wconf 69' lang='grc' dir='ltr'><strong><em>τυ</em></strong></span> <span class='ocrx_word' id='word_1_46' title='bbox 224 456 258 474; x_wconf 87' lang='lat' dir='ltr'><strong><em>m.</em></strong></span> 
     </span>
    </p>
   </div>
   <div class='ocr_carea' id='block_1_9' title="bbox 221 480 976 514">
    <p class='ocr_par' dir='ltr' id='par_1_9' title="bbox 221 480 976 514">
     <span class='ocr_line' id='line_1_9' title="bbox 221 480 976 514; baseline -0.005 -4"><span class='ocrx_word' id='word_1_47' title='bbox 221 482 273 510; x_wconf 80' lang='grc'><strong><em>568</em></strong></span> <span class='ocrx_word' id='word_1_48' title='bbox 284 481 435 508; x_wconf 82' lang='lat' dir='ltr'><strong><em>Admonitio</em></strong></span> <span class='ocrx_word' id='word_1_49' title='bbox 453 480 584 513; x_wconf 78' lang='lat' dir='ltr'><strong><em>monac/tiI</em></strong></span> <span class='ocrx_word' id='word_1_50' title='bbox 616 485 644 507; x_wconf 84' lang='lat' dir='ltr'><strong><em>ut</em></strong></span> <span class='ocrx_word' id='word_1_51' title='bbox 669 481 731 507; x_wconf 80' lang='lat' dir='ltr'><strong><em>vitet</em></strong></span> <span class='ocrx_word' id='word_1_52' title='bbox 752 481 861 514; x_wconf 68' lang='lat' dir='ltr'><strong><em>justum.</em></strong></span> <span class='ocrx_word' id='word_1_53' title='bbox 883 481 976 514; x_wconf 78' lang='lat' dir='ltr'><strong><em>quippe</em></strong></span> 
     </span>
    </p>
   </div>
   <div class='ocr_carea' id='block_1_10' title="bbox 189 515 975 552">
    <p class='ocr_par' dir='ltr' id='par_1_10' title="bbox 189 515 975 552">
     <span class='ocr_line' id='line_1_10' title="bbox 189 515 975 552; baseline -0.004 -8"><span class='ocrx_word' id='word_1_54' title='bbox 189 526 205 544; x_wconf 87' lang='lat' dir='ltr'><strong><em>a</em></strong></span> <span class='ocrx_word' id='word_1_55' title='bbox 219 526 270 552; x_wconf 89' lang='lat' dir='ltr'><strong><em>quo</em></strong></span> <span class='ocrx_word' id='word_1_56' title='bbox 297 517 381 550; x_wconf 81' lang='lat' dir='ltr'><strong><em>ipsius</em></strong></span> <span class='ocrx_word' id='word_1_57' title='bbox 400 515 530 550; x_wconf 75' lang='lat' dir='ltr'><strong><em>professio</em></strong></span> <span class='ocrx_word' id='word_1_58' title='bbox 541 521 565 542; x_wconf 84' lang='lat' dir='ltr'><strong><em>et</em></strong></span> <span class='ocrx_word' id='word_1_59' title='bbox 587 517 647 543; x_wconf 76' lang='lat' dir='ltr'><strong><em>vita:</em></strong></span> <span class='ocrx_word' id='word_1_60' title='bbox 670 515 822 541; x_wconf 83' lang='lat' dir='ltr'><strong><em>institutum</em></strong></span> <span class='ocrx_word' id='word_1_61' title='bbox 842 515 916 550; x_wconf 88' lang='lat' dir='ltr'><strong><em>longe</em></strong></span> <span class='ocrx_word' id='word_1_62' title='bbox 941 517 975 541; x_wconf 87' lang='lat' dir='ltr'><strong><em>sit</em></strong></span> 
     </span>
    </p>
   </div>
   <div class='ocr_carea' id='block_1_11' title="bbox 191 553 393 578">
    <p class='ocr_par' dir='ltr' id='par_1_11' title="bbox 191 553 393 578">
     <span class='ocr_line' id='line_1_11' title="bbox 191 553 393 578; baseline -0.01 0"><span class='ocrx_word' id='word_1_63' title='bbox 191 553 393 578; x_wconf 87' lang='lat' dir='ltr'><strong><em>alienissimum.</em></strong></span> 
     </span>
    </p>
   </div>
   <div class='ocr_carea' id='block_1_12' title="bbox 222 584 975 620">
    <p class='ocr_par' dir='ltr' id='par_1_12' title="bbox 222 584 975 620">
     <span class='ocr_line' id='line_1_12' title="bbox 222 584 975 620; baseline -0.003 -8"><span class='ocrx_word' id='word_1_64' title='bbox 222 587 275 614; x_wconf 79' lang='lat'><strong><em>569</em></strong></span> <span class='ocrx_word' id='word_1_65' title='bbox 290 586 499 613; x_wconf 88' lang='lat' dir='ltr'><strong><em>Commendatio</em></strong></span> <span class='ocrx_word' id='word_1_66' title='bbox 516 593 598 613; x_wconf 78' lang='lat' dir='ltr'><strong><em>sacrtc</em></strong></span> <span class='ocrx_word' id='word_1_67' title='bbox 619 585 768 620; x_wconf 62' lang='lat' dir='ltr'><strong><em>Scriptura:</em></strong></span> <span class='ocrx_word' id='word_1_68' title='bbox 784 593 838 618; x_wconf 77' lang='lat' dir='ltr'><strong><em>prce</em></strong></span> <span class='ocrx_word' id='word_1_69' title='bbox 855 584 975 611; x_wconf 81' lang='lat' dir='ltr'><strong><em>omnibus</em></strong></span> 
     </span>
    </p>
   </div>
   <div class='ocr_carea' id='block_1_13' title="bbox 189 620 482 648">
    <p class='ocr_par' dir='ltr' id='par_1_13' title="bbox 189 620 482 648">
     <span class='ocr_line' id='line_1_13' title="bbox 189 620 482 648; baseline -0.003 -1"><span class='ocrx_word' id='word_1_70' title='bbox 189 621 286 648; x_wconf 74' lang='lat' dir='ltr'><strong><em>litteris</em></strong></span> <span class='ocrx_word' id='word_1_71' title='bbox 300 620 482 647; x_wconf 75' lang='lat' dir='ltr'><strong><em>sa&#39;culatibns.</em></strong></span> 
     </span>
    </p>
   </div>
   <div class='ocr_carea' id='block_1_14' title="bbox 225 654 974 683">
    <p class='ocr_par' dir='ltr' id='par_1_14' title="bbox 225 654 974 683">
     <span class='ocr_line' id='line_1_14' title="bbox 225 654 974 683; baseline -0.004 0"><span class='ocrx_word' id='word_1_72' title='bbox 225 657 277 683; x_wconf 83' lang='grc' dir='ltr'><strong><em>5Ἰο</em></strong></span> <span class='ocrx_word' id='word_1_73' title='bbox 291 656 440 682; x_wconf 75' lang='grc' dir='ltr'><strong><em>Αιιηιοιιὶιὶο</em></strong></span> <span class='ocrx_word' id='word_1_74' title='bbox 457 656 490 682; x_wconf 86' lang='lat' dir='ltr'><strong><em>dc</em></strong></span> <span class='ocrx_word' id='word_1_75' title='bbox 504 656 591 682; x_wconf 83' lang='lat' dir='ltr'><strong><em>studio</em></strong></span> <span class='ocrx_word' id='word_1_76' title='bbox 603 655 796 682; x_wconf 85' lang='lat' dir='ltr'><strong><em>contentionum</em></strong></span> <span class='ocrx_word' id='word_1_77' title='bbox 808 659 832 681; x_wconf 91' lang='lat' dir='ltr'><strong><em>et</em></strong></span> <span class='ocrx_word' id='word_1_78' title='bbox 846 654 974 680; x_wconf 86' lang='lat' dir='ltr'><strong><em>dissidio-</em></strong></span> 
     </span>
    </p>
   </div>
   <div class='ocr_carea' id='block_1_15' title="bbox 194 693 394 717">
    <p class='ocr_par' dir='ltr' id='par_1_15' title="bbox 194 693 394 717">
     <span class='ocr_line' id='line_1_15' title="bbox 194 693 394 717; baseline -0.005 0"><span class='ocrx_word' id='word_1_79' title='bbox 194 700 252 717; x_wconf 79' lang='lat' dir='ltr'><strong><em>rum</em></strong></span> <span class='ocrx_word' id='word_1_80' title='bbox 272 693 394 717; x_wconf 71' lang='lat' dir='ltr'><strong><em>carendo.</em></strong></span> 
     </span>
    </p>
   </div>
   <div class='ocr_carea' id='block_1_16' title="bbox 223 723 974 760">
    <p class='ocr_par' dir='ltr' id='par_1_16' title="bbox 223 723 974 760">
     <span class='ocr_line' id='line_1_16' title="bbox 223 723 974 760; baseline -0.003 -8"><span class='ocrx_word' id='word_1_81' title='bbox 223 727 272 753; x_wconf 78' lang='grc'><strong><em>571</em></strong></span> <span class='ocrx_word' id='word_1_82' title='bbox 293 725 333 752; x_wconf 89' lang='lat' dir='ltr'><strong><em>De</em></strong></span> <span class='ocrx_word' id='word_1_83' title='bbox 356 726 467 752; x_wconf 84' lang='lat' dir='ltr'><strong><em>crimine</em></strong></span> <span class='ocrx_word' id='word_1_84' title='bbox 496 725 570 759; x_wconf 80' lang='lat' dir='ltr'><strong><em>fulsi.</em></strong></span> <span class='ocrx_word' id='word_1_85' title='bbox 596 733 647 760; x_wconf 91' lang='lat' dir='ltr'><strong><em>quo</em></strong></span> <span class='ocrx_word' id='word_1_86' title='bbox 674 724 839 751; x_wconf 77' lang='lat' dir='ltr'><strong><em>Marcionita:</em></strong></span> <span class='ocrx_word' id='word_1_87' title='bbox 870 723 974 750; x_wconf 87' lang='lat' dir='ltr'><strong><em>Novum</em></strong></span> 
     </span>
    </p>
   </div>
   <div class='ocr_carea' id='block_1_17' title="bbox 187 760 582 794">
    <p class='ocr_par' dir='ltr' id='par_1_17' title="bbox 187 760 582 794">
     <span class='ocr_line' id='line_1_17' title="bbox 187 760 582 794; baseline -0.003 -7"><span class='ocrx_word' id='word_1_88' title='bbox 187 760 382 787; x_wconf 70' lang='lat' dir='ltr'><strong><em>Testamentum</em></strong></span> <span class='ocrx_word' id='word_1_89' title='bbox 398 765 582 794; x_wconf 86' lang='lat' dir='ltr'><strong><em>corruperunt.</em></strong></span> 
     </span>
    </p>
   </div>
   <div class='ocr_carea' id='block_1_18' title="bbox 219 795 658 829">
    <p class='ocr_par' dir='ltr' id='par_1_18' title="bbox 219 795 658 829">
     <span class='ocr_line' id='line_1_18' title="bbox 219 795 658 829; baseline -0.002 -8"><span class='ocrx_word' id='word_1_90' title='bbox 219 795 274 822; x_wconf 69' lang='lat'><strong><em>372</em></strong></span> <span class='ocrx_word' id='word_1_91' title='bbox 286 795 323 821; x_wconf 91' lang='lat' dir='ltr'><strong><em>De</em></strong></span> <span class='ocrx_word' id='word_1_92' title='bbox 339 796 533 829; x_wconf 82' lang='lat' dir='ltr'><strong><em>perseverantia</em></strong></span> <span class='ocrx_word' id='word_1_93' title='bbox 543 797 570 821; x_wconf 89' lang='lat' dir='ltr'><strong><em>in</em></strong></span> <span class='ocrx_word' id='word_1_94' title='bbox 583 795 658 820; x_wconf 89' lang='lat' dir='ltr'><strong><em>bono.</em></strong></span> 
     </span>
    </p>
   </div>
   <div class='ocr_carea' id='block_1_19' title="bbox 221 828 817 864">
    <p class='ocr_par' dir='ltr' id='par_1_19' title="bbox 221 828 817 864">
     <span class='ocr_line' id='line_1_19' title="bbox 221 828 817 864; baseline -0.002 -8"><span class='ocrx_word' id='word_1_95' title='bbox 221 830 276 857; x_wconf 76' lang='grc'><strong><em>575</em></strong></span> <span class='ocrx_word' id='word_1_96' title='bbox 294 828 493 856; x_wconf 78' lang='lat' dir='ltr'><strong><em>&#39;l&#39;eattttionibus</em></strong></span> <span class='ocrx_word' id='word_1_97' title='bbox 505 830 617 864; x_wconf 81' lang='lat' dir='ltr'><strong><em>ﬁrmiter</em></strong></span> <span class='ocrx_word' id='word_1_98' title='bbox 634 828 817 855; x_wconf 88' lang='lat' dir='ltr'><strong><em>resistendunt.</em></strong></span> 
     </span>
    </p>
   </div>
   <div class='ocr_carea' id='block_1_20' title="bbox 220 864 808 899">
    <p class='ocr_par' dir='ltr' id='par_1_20' title="bbox 220 864 808 899">
     <span class='ocr_line' id='line_1_20' title="bbox 220 864 808 899; baseline -0.007 -7"><span class='ocrx_word' id='word_1_99' title='bbox 220 865 273 892; x_wconf 82' lang='grc'><strong><em>574</em></strong></span> <span class='ocrx_word' id='word_1_100' title='bbox 293 864 367 892; x_wconf 78' lang='lat' dir='ltr'><strong><em>Verte</em></strong></span> <span class='ocrx_word' id='word_1_101' title='bbox 380 873 411 890; x_wconf 90' lang='lat' dir='ltr'><strong><em>ac</em></strong></span> <span class='ocrx_word' id='word_1_102' title='bbox 423 864 518 891; x_wconf 73' lang='lat' dir='ltr'><strong><em>solidtt&#39;</em></strong></span> <span class='ocrx_word' id='word_1_103' title='bbox 531 864 622 899; x_wconf 74' lang='lat' dir='ltr'><strong><em>gloria:</em></strong></span> <span class='ocrx_word' id='word_1_104' title='bbox 636 864 808 890; x_wconf 78' lang='lat' dir='ltr'><strong><em>studendum.</em></strong></span> 
     </span>
    </p>
   </div>
   <div class='ocr_carea' id='block_1_21' title="bbox 216 899 770 933">
    <p class='ocr_par' dir='ltr' id='par_1_21' title="bbox 216 899 770 933">
     <span class='ocr_line' id='line_1_21' title="bbox 216 899 770 933; baseline -0.007 -6"><span class='ocrx_word' id='word_1_105' title='bbox 216 900 272 927; x_wconf 76' lang='grc'><strong><em>’575</em></strong></span> <span class='ocrx_word' id='word_1_106' title='bbox 292 899 439 933; x_wconf 72' lang='lat' dir='ltr'><strong><em>Paupertas</em></strong></span> <span class='ocrx_word' id='word_1_107' title='bbox 458 907 532 931; x_wconf 66' lang='lat' dir='ltr'><strong><em>tt&#39;quo</em></strong></span> <span class='ocrx_word' id='word_1_108' title='bbox 548 900 635 925; x_wconf 89' lang='lat' dir='ltr'><strong><em>animo</em></strong></span> <span class='ocrx_word' id='word_1_109' title='bbox 652 899 770 932; x_wconf 81' lang='lat' dir='ltr'><strong><em>ferenda.</em></strong></span> 
     </span>
    </p>
   </div>
   <div class='ocr_carea' id='block_1_22' title="bbox 218 932 973 968">
    <p class='ocr_par' dir='ltr' id='par_1_22' title="bbox 218 932 973 968">
     <span class='ocr_line' id='line_1_22' title="bbox 218 932 973 968; baseline -0.004 -7"><span class='ocrx_word' id='word_1_110' title='bbox 218 935 272 961; x_wconf 76' lang='lat'><strong><em>576</em></strong></span> <span class='ocrx_word' id='word_1_111' title='bbox 287 935 322 960; x_wconf 81' lang='lat' dir='ltr'><strong><em>De</em></strong></span> <span class='ocrx_word' id='word_1_112' title='bbox 333 935 435 968; x_wconf 59' lang='lat' dir='ltr'><strong><em>dispari</em></strong></span> <span class='ocrx_word' id='word_1_113' title='bbox 452 935 555 968; x_wconf 79' lang='lat' dir='ltr'><strong><em>piarunt</em></strong></span> <span class='ocrx_word' id='word_1_114' title='bbox 578 938 602 960; x_wconf 87' lang='lat' dir='ltr'><strong><em>et</em></strong></span> <span class='ocrx_word' id='word_1_115' title='bbox 619 934 757 967; x_wconf 88' lang='lat' dir='ltr'><strong><em>impiorum</em></strong></span> <span class='ocrx_word' id='word_1_116' title='bbox 781 932 930 959; x_wconf 88' lang='lat' dir='ltr'><strong><em>conditione</em></strong></span> <span class='ocrx_word' id='word_1_117' title='bbox 945 933 973 959; x_wconf 86' lang='lat' dir='ltr'><strong><em>in</em></strong></span> 
     </span>
    </p>
   </div>
   <div class='ocr_carea' id='block_1_23' title="bbox 184 969 446 996">
    <p class='ocr_par' dir='ltr' id='par_1_23' title="bbox 184 969 446 996">
     <span class='ocr_line' id='line_1_23' title="bbox 184 969 446 996; baseline 0 0"><span class='ocrx_word' id='word_1_118' title='bbox 184 970 236 996; x_wconf 78' lang='lat' dir='ltr'><strong><em>hac</em></strong></span> <span class='ocrx_word' id='word_1_119' title='bbox 246 974 270 996; x_wconf 88' lang='lat' dir='ltr'><strong><em>et</em></strong></span> <span class='ocrx_word' id='word_1_120' title='bbox 286 969 370 995; x_wconf 71' lang='lat' dir='ltr'><strong><em>altera</em></strong></span> <span class='ocrx_word' id='word_1_121' title='bbox 383 970 446 996; x_wconf 85' lang='lat' dir='ltr'><strong><em>vita.</em></strong></span> 
     </span>
    </p>
   </div>
   <div class='ocr_carea' id='block_1_24' title="bbox 219 1003 772 1031">
    <p class='ocr_par' dir='ltr' id='par_1_24' title="bbox 219 1003 772 1031">
     <span class='ocr_line' id='line_1_24' title="bbox 219 1003 772 1031; baseline 0.002 -1"><span class='ocrx_word' id='word_1_122' title='bbox 219 1005 271 1031; x_wconf 76' lang='lat'><strong><em>377</em></strong></span> <span class='ocrx_word' id='word_1_123' title='bbox 291 1004 326 1030; x_wconf 87' lang='lat' dir='ltr'><strong><em>De</em></strong></span> <span class='ocrx_word' id='word_1_124' title='bbox 341 1004 500 1030; x_wconf 85' lang='lat' dir='ltr'><strong><em>miraculosa</em></strong></span> <span class='ocrx_word' id='word_1_125' title='bbox 511 1003 612 1030; x_wconf 76' lang='lat' dir='ltr'><strong><em>Christi</em></strong></span> <span class='ocrx_word' id='word_1_126' title='bbox 626 1003 772 1031; x_wconf 77' lang='lat' dir='ltr'><strong><em>natiuitate.</em></strong></span> 
     </span>
    </p>
   </div>
   <div class='ocr_carea' id='block_1_25' title="bbox 219 1038 970 1073">
    <p class='ocr_par' dir='ltr' id='par_1_25' title="bbox 219 1038 970 1073">
     <span class='ocr_line' id='line_1_25' title="bbox 219 1038 970 1073; baseline 0.001 -8"><span class='ocrx_word' id='word_1_127' title='bbox 219 1039 274 1065; x_wconf 78' lang='lat'><strong><em>578</em></strong></span> <span class='ocrx_word' id='word_1_128' title='bbox 291 1038 327 1065; x_wconf 85' lang='lat' dir='ltr'><strong><em>De</em></strong></span> <span class='ocrx_word' id='word_1_129' title='bbox 337 1039 420 1065; x_wconf 84' lang='lat' dir='ltr'><strong><em>stella:</em></strong></span> <span class='ocrx_word' id='word_1_130' title='bbox 435 1038 522 1073; x_wconf 86' lang='lat' dir='ltr'><strong><em>Magis</em></strong></span> <span class='ocrx_word' id='word_1_131' title='bbox 535 1039 596 1066; x_wconf 67' lang='lat' dir='ltr'><strong><em>visa:</em></strong></span> <span class='ocrx_word' id='word_1_132' title='bbox 609 1047 639 1064; x_wconf 91' lang='lat' dir='ltr'><strong><em>ac</em></strong></span> <span class='ocrx_word' id='word_1_133' title='bbox 653 1039 869 1070; x_wconf 77' lang='lat' dir='ltr'><strong><em>prccviteinsttcto</em></strong></span> <span class='ocrx_word' id='word_1_134' title='bbox 881 1046 970 1066; x_wconf 88' lang='lat' dir='ltr'><strong><em>cursu.</em></strong></span> 
     </span>
    </p>
   </div>
   <div class='ocr_carea' id='block_1_26' title="bbox 220 1073 972 1107">
    <p class='ocr_par' dir='ltr' id='par_1_26' title="bbox 220 1073 972 1107">
     <span class='ocr_line' id='line_1_26' title="bbox 220 1073 972 1107; baseline 0 -8"><span class='ocrx_word' id='word_1_135' title='bbox 220 1074 275 1106; x_wconf 78' lang='lat'><strong><em>379</em></strong></span> <span class='ocrx_word' id='word_1_136' title='bbox 295 1074 330 1100; x_wconf 84' lang='lat' dir='ltr'><strong><em>De</em></strong></span> <span class='ocrx_word' id='word_1_137' title='bbox 347 1079 462 1100; x_wconf 67' lang='lat' dir='ltr'><strong><em>eutremo</em></strong></span> <span class='ocrx_word' id='word_1_138' title='bbox 472 1074 585 1106; x_wconf 86' lang='lat' dir='ltr'><strong><em>judicio,</em></strong></span> <span class='ocrx_word' id='word_1_139' title='bbox 597 1077 621 1100; x_wconf 88' lang='lat' dir='ltr'><strong><em>et</em></strong></span> <span class='ocrx_word' id='word_1_140' title='bbox 637 1073 739 1100; x_wconf 74' lang='lat' dir='ltr'><strong><em>ceterttis</em></strong></span> <span class='ocrx_word' id='word_1_141' title='bbox 757 1074 897 1107; x_wconf 86' lang='lat' dir='ltr'><strong><em>impiorum</em></strong></span> <span class='ocrx_word' id='word_1_142' title='bbox 909 1082 972 1107; x_wconf 87' lang='lat' dir='ltr'><strong><em>sup-</em></strong></span> 
     </span>
    </p>
   </div>
   <div class='ocr_carea' id='block_1_27' title="bbox 182 1108 972 1143">
    <p class='ocr_par' dir='ltr' id='par_1_27' title="bbox 182 1108 972 1143">
     <span class='ocr_line' id='line_1_27' title="bbox 182 1108 972 1143; baseline -0.001 -8"><span class='ocrx_word' id='word_1_143' title='bbox 182 1108 284 1139; x_wconf 80' lang='lat' dir='ltr'><strong><em>pliciis,</em></strong></span> <span class='ocrx_word' id='word_1_144' title='bbox 300 1116 356 1142; x_wconf 72' lang='lat' dir='ltr'><strong><em>qua:</em></strong></span> <span class='ocrx_word' id='word_1_145' title='bbox 368 1109 447 1134; x_wconf 85' lang='lat' dir='ltr'><strong><em>etiam</em></strong></span> <span class='ocrx_word' id='word_1_146' title='bbox 464 1109 574 1135; x_wconf 79' lang='lat' dir='ltr'><strong><em>ethnicis</em></strong></span> <span class='ocrx_word' id='word_1_147' title='bbox 596 1116 647 1135; x_wconf 89' lang='lat' dir='ltr'><strong><em>non</em></strong></span> <span class='ocrx_word' id='word_1_148' title='bbox 663 1109 769 1142; x_wconf 74' lang='lat' dir='ltr'><strong><em>[uerunt</em></strong></span> <span class='ocrx_word' id='word_1_149' title='bbox 782 1109 880 1143; x_wconf 87' lang='lat' dir='ltr'><strong><em>ignota.</em></strong></span> <span class='ocrx_word' id='word_1_150' title='bbox 903 1108 972 1135; x_wconf 87' lang='lat' dir='ltr'><strong><em>Con-</em></strong></span> 
     </span>
    </p>
   </div>
   <div class='ocr_carea' id='block_1_28' title="bbox 183 1143 479 1178">
    <p class='ocr_par' dir='ltr' id='par_1_28' title="bbox 183 1143 479 1178">
     <span class='ocr_line' id='line_1_28' title="bbox 183 1143 479 1178; baseline 0 -9"><span class='ocrx_word' id='word_1_151' title='bbox 183 1145 234 1178; x_wconf 73' lang='lat' dir='ltr'><strong><em>fer.</em></strong></span> <span class='ocrx_word' id='word_1_152' title='bbox 248 1152 300 1178; x_wconf 29' lang='lat' dir='ltr'><strong><em>ep:</em></strong></span> <span class='ocrx_word' id='word_1_153' title='bbox 311 1143 360 1169; x_wconf 87' lang='lat' dir='ltr'><strong><em>ult.</em></strong></span> <span class='ocrx_word' id='word_1_154' title='bbox 375 1144 422 1169; x_wconf 89' lang='lat' dir='ltr'><strong><em>tib.</em></strong></span> <span class='ocrx_word' id='word_1_155' title='bbox 440 1151 479 1169; x_wconf 90' lang='grc' dir='ltr'>ιιι.</span> 
     </span>
    </p>
   </div>
   <div class='ocr_carea' id='block_1_29' title="bbox 220 1177 910 1212">
    <p class='ocr_par' dir='ltr' id='par_1_29' title="bbox 220 1177 910 1212">
     <span class='ocr_line' id='line_1_29' title="bbox 220 1177 910 1212; baseline -0.001 -7"><span class='ocrx_word' id='word_1_156' title='bbox 220 1178 275 1205; x_wconf 72' lang='grc'><strong><em>580</em></strong></span> <span class='ocrx_word' id='word_1_157' title='bbox 289 1177 406 1204; x_wconf 81' lang='lat' dir='ltr'><strong><em>Peccalis</em></strong></span> <span class='ocrx_word' id='word_1_158' title='bbox 418 1178 556 1210; x_wconf 76' lang='lat' dir='ltr'><strong><em>irascitur,</em></strong></span> <span class='ocrx_word' id='word_1_159' title='bbox 575 1184 598 1205; x_wconf 91' lang='lat' dir='ltr'><strong><em>et</em></strong></span> <span class='ocrx_word' id='word_1_160' title='bbox 612 1186 702 1212; x_wconf 76' lang='lat' dir='ltr'><strong><em>poenas</em></strong></span> <span class='ocrx_word' id='word_1_161' title='bbox 718 1178 815 1212; x_wconf 85' lang='lat' dir='ltr'><strong><em>inﬂigit</em></strong></span> <span class='ocrx_word' id='word_1_162' title='bbox 831 1177 910 1205; x_wconf 87' lang='lat' dir='ltr'><strong><em>Deus.</em></strong></span> 
     </span>
    </p>
   </div>
   <div class='ocr_carea' id='block_1_30' title="bbox 220 1213 881 1247">
    <p class='ocr_par' dir='ltr' id='par_1_30' title="bbox 220 1213 881 1247">
     <span class='ocr_line' id='line_1_30' title="bbox 220 1213 881 1247; baseline 0 -8"><span class='ocrx_word' id='word_1_163' title='bbox 220 1213 271 1239; x_wconf 85' lang='grc'><strong><em>581</em></strong></span> <span class='ocrx_word' id='word_1_164' title='bbox 291 1214 446 1239; x_wconf 66' lang='lat' dir='ltr'><strong><em>Exhortatio</em></strong></span> <span class='ocrx_word' id='word_1_165' title='bbox 459 1218 483 1239; x_wconf 88' lang='lat' dir='ltr'><strong><em>et</em></strong></span> <span class='ocrx_word' id='word_1_166' title='bbox 497 1215 626 1240; x_wconf 81' lang='lat' dir='ltr'><strong><em>revocatio</em></strong></span> <span class='ocrx_word' id='word_1_167' title='bbox 643 1213 675 1239; x_wconf 88' lang='lat' dir='ltr'><strong><em>ad</em></strong></span> <span class='ocrx_word' id='word_1_168' title='bbox 690 1213 881 1247; x_wconf 73' lang='lat' dir='ltr'><strong><em>pwrtitentiam.</em></strong></span> 
     </span>
    </p>
   </div>
   <div class='ocr_carea' id='block_1_31' title="bbox 219 1247 969 1283">
    <p class='ocr_par' dir='ltr' id='par_1_31' title="bbox 219 1247 969 1283">
     <span class='ocr_line' id='line_1_31' title="bbox 219 1247 969 1283; baseline -0.001 -8"><span class='ocrx_word' id='word_1_169' title='bbox 219 1247 274 1275; x_wconf 71' lang='lat'><strong><em>582</em></strong></span> <span class='ocrx_word' id='word_1_170' title='bbox 298 1248 350 1280; x_wconf 80' lang='lat' dir='ltr'><strong><em>Qui</em></strong></span> <span class='ocrx_word' id='word_1_171' title='bbox 379 1249 524 1282; x_wconf 89' lang='lat' dir='ltr'><strong><em>improbum</em></strong></span> <span class='ocrx_word' id='word_1_172' title='bbox 552 1249 675 1283; x_wconf 81' lang='lat' dir='ltr'><strong><em>castigat,</em></strong></span> <span class='ocrx_word' id='word_1_173' title='bbox 704 1252 743 1274; x_wconf 81' lang='lat' dir='ltr'><strong><em>est</em></strong></span> <span class='ocrx_word' id='word_1_174' title='bbox 756 1248 779 1274; x_wconf 87' lang='lat' dir='ltr'><strong><em>ei</em></strong></span> <span class='ocrx_word' id='word_1_175' title='bbox 805 1248 872 1274; x_wconf 89' lang='lat' dir='ltr'><strong><em>itlem</em></strong></span> <span class='ocrx_word' id='word_1_176' title='bbox 900 1247 969 1282; x_wconf 85' lang='lat' dir='ltr'><strong><em>quod</em></strong></span> 
     </span>
    </p>
   </div>
   <div class='ocr_carea' id='block_1_32' title="bbox 185 1283 735 1317">
    <p class='ocr_par' dir='ltr' id='par_1_32' title="bbox 185 1283 735 1317">
     <span class='ocr_line' id='line_1_32' title="bbox 185 1283 735 1317; baseline -0.002 -8"><span class='ocrx_word' id='word_1_177' title='bbox 185 1283 318 1317; x_wconf 85' lang='lat' dir='ltr'><strong><em>speculum</em></strong></span> <span class='ocrx_word' id='word_1_178' title='bbox 330 1283 442 1316; x_wconf 79' lang='lat' dir='ltr'><strong><em>deformi</em></strong></span> <span class='ocrx_word' id='word_1_179' title='bbox 456 1289 480 1308; x_wconf 86' lang='lat' dir='ltr'><strong><em>et</em></strong></span> <span class='ocrx_word' id='word_1_180' title='bbox 494 1285 610 1310; x_wconf 87' lang='lat' dir='ltr'><strong><em>medicus</em></strong></span> <span class='ocrx_word' id='word_1_181' title='bbox 627 1287 735 1317; x_wconf 75' lang='lat' dir='ltr'><strong><em>tegroto.</em></strong></span> 
     </span>
    </p>
   </div>
   <div class='ocr_carea' id='block_1_33' title="bbox 222 1317 581 1352">
    <p class='ocr_par' dir='ltr' id='par_1_33' title="bbox 222 1317 581 1352">
     <span class='ocr_line' id='line_1_33' title="bbox 222 1317 581 1352; baseline 0 -8"><span class='ocrx_word' id='word_1_182' title='bbox 222 1318 275 1344; x_wconf 73' lang='lat'><strong><em>583</em></strong></span> <span class='ocrx_word' id='word_1_183' title='bbox 287 1317 385 1344; x_wconf 86' lang='lat' dir='ltr'><strong><em>Contra</em></strong></span> <span class='ocrx_word' id='word_1_184' title='bbox 400 1317 581 1352; x_wconf 88' lang='lat' dir='ltr'><strong><em>gulositatem.</em></strong></span> 
     </span>
    </p>
   </div>
   <div class='ocr_carea' id='block_1_34' title="bbox 224 1352 916 1386">
    <p class='ocr_par' dir='ltr' id='par_1_34' title="bbox 224 1352 916 1386">
     <span class='ocr_line' id='line_1_34' title="bbox 224 1352 916 1386; baseline 0.001 -7"><span class='ocrx_word' id='word_1_185' title='bbox 224 1352 275 1379; x_wconf 77' lang='grc'><strong><em>584</em></strong></span> <span class='ocrx_word' id='word_1_186' title='bbox 291 1352 327 1378; x_wconf 85' lang='lat' dir='ltr'><strong><em>De</em></strong></span> <span class='ocrx_word' id='word_1_187' title='bbox 340 1353 529 1386; x_wconf 87' lang='lat' dir='ltr'><strong><em>gastrimargia</em></strong></span> <span class='ocrx_word' id='word_1_188' title='bbox 541 1354 593 1380; x_wconf 87' lang='lat' dir='ltr'><strong><em>sive</em></strong></span> <span class='ocrx_word' id='word_1_189' title='bbox 603 1353 697 1379; x_wconf 86' lang='lat' dir='ltr'><strong><em>insano</em></strong></span> <span class='ocrx_word' id='word_1_190' title='bbox 709 1352 805 1378; x_wconf 85' lang='lat' dir='ltr'><strong><em>ventris</em></strong></span> <span class='ocrx_word' id='word_1_191' title='bbox 818 1352 916 1380; x_wconf 84' lang='lat' dir='ltr'><strong><em>studio.</em></strong></span> 
     </span>
    </p>
   </div>
   <div class='ocr_carea' id='block_1_35' title="bbox 221 1387 783 1420">
    <p class='ocr_par' dir='ltr' id='par_1_35' title="bbox 221 1387 783 1420">
     <span class='ocr_line' id='line_1_35' title="bbox 221 1387 783 1420; baseline -0.002 -7"><span class='ocrx_word' id='word_1_192' title='bbox 221 1387 274 1413; x_wconf 75' lang='lat'><strong><em>385</em></strong></span> <span class='ocrx_word' id='word_1_193' title='bbox 287 1387 324 1413; x_wconf 84' lang='lat' dir='ltr'><strong><em>De</em></strong></span> <span class='ocrx_word' id='word_1_194' title='bbox 338 1388 540 1420; x_wconf 83' lang='lat' dir='ltr'><strong><em>intemperantia</em></strong></span> <span class='ocrx_word' id='word_1_195' title='bbox 554 1388 581 1414; x_wconf 90' lang='lat' dir='ltr'><strong><em>in</em></strong></span> <span class='ocrx_word' id='word_1_196' title='bbox 592 1388 651 1414; x_wconf 88' lang='lat' dir='ltr'><strong><em>vino</em></strong></span> <span class='ocrx_word' id='word_1_197' title='bbox 665 1387 783 1413; x_wconf 87' lang='lat' dir='ltr'><strong><em>vitanda.</em></strong></span> 
     </span>
    </p>
   </div>
   <div class='ocr_carea' id='block_1_36' title="bbox 219 1421 804 1456">
    <p class='ocr_par' dir='ltr' id='par_1_36' title="bbox 219 1421 804 1456">
     <span class='ocr_line' id='line_1_36' title="bbox 219 1421 804 1456; baseline 0 -8"><span class='ocrx_word' id='word_1_198' title='bbox 219 1421 273 1448; x_wconf 82' lang='grc'><strong><em>586</em></strong></span> <span class='ocrx_word' id='word_1_199' title='bbox 287 1421 378 1448; x_wconf 87' lang='lat' dir='ltr'><strong><em>Oratio</em></strong></span> <span class='ocrx_word' id='word_1_200' title='bbox 396 1423 490 1456; x_wconf 79' lang='lat' dir='ltr'><strong><em>quibus</em></strong></span> <span class='ocrx_word' id='word_1_201' title='bbox 505 1423 580 1449; x_wconf 91' lang='lat' dir='ltr'><strong><em>rebus</em></strong></span> <span class='ocrx_word' id='word_1_202' title='bbox 596 1423 630 1449; x_wconf 89' lang='lat' dir='ltr'><strong><em>sit</em></strong></span> <span class='ocrx_word' id='word_1_203' title='bbox 644 1422 804 1456; x_wconf 82' lang='lat' dir='ltr'><strong><em>adjuvanda.</em></strong></span> 
     </span>
    </p>
   </div>
   <div class='ocr_carea' id='block_1_37' title="bbox 219 1456 710 1491">
    <p class='ocr_par' dir='ltr' id='par_1_37' title="bbox 219 1456 710 1491">
     <span class='ocr_line' id='line_1_37' title="bbox 219 1456 710 1491; baseline 0 -8"><span class='ocrx_word' id='word_1_204' title='bbox 219 1457 271 1483; x_wconf 70' lang='lat'><strong><em>587</em></strong></span> <span class='ocrx_word' id='word_1_205' title='bbox 286 1456 386 1483; x_wconf 87' lang='lat' dir='ltr'><strong><em>Rursus</em></strong></span> <span class='ocrx_word' id='word_1_206' title='bbox 399 1458 431 1483; x_wconf 90' lang='lat' dir='ltr'><strong><em>de</em></strong></span> <span class='ocrx_word' id='word_1_207' title='bbox 441 1456 532 1483; x_wconf 88' lang='lat' dir='ltr'><strong><em>eodem</em></strong></span> <span class='ocrx_word' id='word_1_208' title='bbox 547 1461 710 1491; x_wconf 86' lang='lat' dir='ltr'><strong><em>argumento.</em></strong></span> 
     </span>
    </p>
   </div>
   <div class='ocr_carea' id='block_1_38' title="bbox 218 1491 766 1526">
    <p class='ocr_par' dir='ltr' id='par_1_38' title="bbox 218 1491 766 1526">
     <span class='ocr_line' id='line_1_38' title="bbox 218 1491 766 1526; baseline 0 -8"><span class='ocrx_word' id='word_1_209' title='bbox 218 1491 272 1518; x_wconf 82' lang='grc'><strong><em>588</em></strong></span> <span class='ocrx_word' id='word_1_210' title='bbox 287 1492 385 1518; x_wconf 87' lang='lat' dir='ltr'><strong><em>Contra</em></strong></span> <span class='ocrx_word' id='word_1_211' title='bbox 401 1496 595 1526; x_wconf 77' lang='lat' dir='ltr'><strong><em>persecutorem</em></strong></span> <span class='ocrx_word' id='word_1_212' title='bbox 609 1491 766 1518; x_wconf 80' lang='lat' dir='ltr'><strong><em>sacerdOtis.</em></strong></span> 
     </span>
    </p>
   </div>
   <div class='ocr_carea' id='block_1_39' title="bbox 216 1525 966 1566">
    <p class='ocr_par' dir='ltr' id='par_1_39' title="bbox 216 1525 966 1566">
     <span class='ocr_line' id='line_1_39' title="bbox 216 1525 966 1566; baseline 0 -13"><span class='ocrx_word' id='word_1_213' title='bbox 216 1526 270 1553; x_wconf 79' lang='lat'><strong><em>389</em></strong></span> <span class='ocrx_word' id='word_1_214' title='bbox 287 1526 408 1566; x_wconf 65' lang='lat' dir='ltr'><strong><em>Ostendit</em></strong></span> <span class='ocrx_word' id='word_1_215' title='bbox 424 1531 492 1553; x_wconf 86' lang='lat' dir='ltr'><strong><em>recte</em></strong></span> <span class='ocrx_word' id='word_1_216' title='bbox 507 1526 539 1553; x_wconf 85' lang='lat' dir='ltr'><strong><em>ab</em></strong></span> <span class='ocrx_word' id='word_1_217' title='bbox 551 1535 578 1554; x_wconf 83' lang='lat' dir='ltr'><strong><em>se</em></strong></span> <span class='ocrx_word' id='word_1_218' title='bbox 592 1526 702 1561; x_wconf 81' lang='lat' dir='ltr'><strong><em>factum,</em></strong></span> <span class='ocrx_word' id='word_1_219' title='bbox 713 1525 818 1560; x_wconf 86' lang='lat' dir='ltr'><strong><em>quando</em></strong></span> <span class='ocrx_word' id='word_1_220' title='bbox 825 1525 932 1553; x_wconf 77' lang='lat' dir='ltr'><strong><em>Arionis</em></strong></span> <span class='ocrx_word' id='word_1_221' title='bbox 939 1533 966 1553; x_wconf 85' lang='lat' dir='ltr'><strong><em>se</em></strong></span> 
     </span>
    </p>
   </div>
   <div class='ocr_carea' id='block_1_40' title="bbox 181 1567 313 1587">
    <p class='ocr_par' dir='ltr' id='par_1_40' title="bbox 181 1567 313 1587">
     <span class='ocr_line' id='line_1_40' title="bbox 181 1567 313 1587; baseline 0 0"><span class='ocrx_word' id='word_1_222' title='bbox 181 1567 301 1587; x_wconf 70' lang='lat' dir='ltr'><strong><em>ODDOMHI</em></strong></span> <span class='ocrx_word' id='word_1_223' title='bbox 307 1582 313 1587; x_wconf 94' lang='lat'><strong><em>.</em></strong></span> 
     </span>
    </p>
   </div>
   <div class='ocr_carea' id='block_1_41' title="bbox 198 1569 964 1630">
    <p class='ocr_par' dir='ltr' id='par_1_41' title="bbox 198 1569 964 1630">
     <span class='ocr_line' id='line_1_41' title="bbox 198 1569 964 1630; baseline 0 -8"><span class='ocrx_word' id='word_1_224' title='bbox 198 1569 484 1624; x_wconf 43' lang='lat' dir='ltr'><strong><em>pgg‘itmtIi-dolescentem</em></strong></span> <span class='ocrx_word' id='word_1_225' title='bbox 496 1597 646 1624; x_wconf 88' lang='lat' dir='ltr'><strong><em>litterarum</em></strong></span> <span class='ocrx_word' id='word_1_226' title='bbox 659 1595 756 1623; x_wconf 81' lang='lat' dir='ltr'><strong><em>studiis</em></strong></span> <span class='ocrx_word' id='word_1_227' title='bbox 770 1601 860 1630; x_wconf 86' lang='lat' dir='ltr'><strong><em>aptum</em></strong></span> <span class='ocrx_word' id='word_1_228' title='bbox 873 1599 964 1622; x_wconf 84' lang='lat' dir='ltr'><strong><em>natum</em></strong></span> 
     </span>
    </p>
   </div>
   <div class='ocr_carea' id='block_1_42' title="bbox 184 1630 962 1665">
    <p class='ocr_par' dir='ltr' id='par_1_42' title="bbox 184 1630 962 1665">
     <span class='ocr_line' id='line_1_42' title="bbox 184 1630 962 1665; baseline 0 -9"><span class='ocrx_word' id='word_1_229' title='bbox 184 1639 237 1657; x_wconf 88' lang='lat' dir='ltr'><strong><em>non</em></strong></span> <span class='ocrx_word' id='word_1_230' title='bbox 266 1636 364 1665; x_wconf 84' lang='lat' dir='ltr'><strong><em>oportet</em></strong></span> <span class='ocrx_word' id='word_1_231' title='bbox 392 1633 426 1658; x_wconf 86' lang='lat' dir='ltr'><strong><em>ad</em></strong></span> <span class='ocrx_word' id='word_1_232' title='bbox 459 1632 582 1658; x_wconf 88' lang='lat' dir='ltr'><strong><em>militiam</em></strong></span> <span class='ocrx_word' id='word_1_233' title='bbox 613 1631 759 1658; x_wconf 80' lang='lat' dir='ltr'><strong><em>traducere.</em></strong></span> <span class='ocrx_word' id='word_1_234' title='bbox 780 1630 850 1662; x_wconf 81' lang='lat' dir='ltr'><strong><em>Quin</em></strong></span> <span class='ocrx_word' id='word_1_235' title='bbox 875 1630 962 1664; x_wconf 80' lang='lat' dir='ltr'><strong><em>potius</em></strong></span> 
     </span>
    </p>
   </div>
   <div class='ocr_carea' id='block_1_43' title="bbox 180 1665 772 1700">
    <p class='ocr_par' dir='ltr' id='par_1_43' title="bbox 180 1665 772 1700">
     <span class='ocr_line' id='line_1_43' title="bbox 180 1665 772 1700; baseline 0 -9"><span class='ocrx_word' id='word_1_236' title='bbox 180 1670 289 1692; x_wconf 74' lang='lat' dir='ltr'><strong><em>natum:</em></strong></span> <span class='ocrx_word' id='word_1_237' title='bbox 302 1665 342 1692; x_wconf 81' lang='lat' dir='ltr'><strong><em>fas</em></strong></span> <span class='ocrx_word' id='word_1_238' title='bbox 359 1671 400 1693; x_wconf 83' lang='lat' dir='ltr'><strong><em>est</em></strong></span> <span class='ocrx_word' id='word_1_239' title='bbox 418 1667 523 1693; x_wconf 83' lang='lat' dir='ltr'><strong><em>semina</em></strong></span> <span class='ocrx_word' id='word_1_240' title='bbox 539 1674 674 1700; x_wconf 79' lang='lat' dir='ltr'><strong><em>quemque</em></strong></span> <span class='ocrx_word' id='word_1_241' title='bbox 685 1665 772 1699; x_wconf 85' lang='lat' dir='ltr'><strong><em>sequi.</em></strong></span> 
     </span>
    </p>
   </div>
   <div class='ocr_carea' id='block_1_44' title="bbox 217 1700 964 1734">
    <p class='ocr_par' dir='ltr' id='par_1_44' title="bbox 217 1700 964 1734">
     <span class='ocr_line' id='line_1_44' title="bbox 217 1700 964 1734; baseline -0.001 -7"><span class='ocrx_word' id='word_1_242' title='bbox 217 1700 267 1727; x_wconf 76' lang='grc'><strong><em>591</em></strong></span> <span class='ocrx_word' id='word_1_243' title='bbox 282 1701 349 1727; x_wconf 83' lang='lat' dir='ltr'><strong><em>Aliis</em></strong></span> <span class='ocrx_word' id='word_1_244' title='bbox 361 1701 517 1728; x_wconf 84' lang='lat' dir='ltr'><strong><em>medicinam</em></strong></span> <span class='ocrx_word' id='word_1_245' title='bbox 536 1701 621 1734; x_wconf 79' lang='lat' dir='ltr'><strong><em>facere</em></strong></span> <span class='ocrx_word' id='word_1_246' title='bbox 637 1700 735 1734; x_wconf 82' lang='lat' dir='ltr'><strong><em>volens,</em></strong></span> <span class='ocrx_word' id='word_1_247' title='bbox 756 1700 869 1734; x_wconf 84' lang='lat' dir='ltr'><strong><em>seipsum</em></strong></span> <span class='ocrx_word' id='word_1_248' title='bbox 891 1700 964 1734; x_wconf 88' lang='lat' dir='ltr'><strong><em>prius</em></strong></span> 
     </span>
    </p>
   </div>
   <div class='ocr_carea' id='block_1_45' title="bbox 182 1741 266 1761">
    <p class='ocr_par' dir='ltr' id='par_1_45' title="bbox 182 1741 266 1761">
     <span class='ocr_line' id='line_1_45' title="bbox 182 1741 266 1761; baseline 0 0"><span class='ocrx_word' id='word_1_249' title='bbox 182 1741 266 1761; x_wconf 82' lang='lat' dir='ltr'><strong><em>curet.</em></strong></span> 
     </span>
    </p>
   </div>
   <div class='ocr_carea' id='block_1_46' title="bbox 218 1770 588 1805">
    <p class='ocr_par' dir='ltr' id='par_1_46' title="bbox 218 1770 588 1805">
     <span class='ocr_line' id='line_1_46' title="bbox 218 1770 588 1805; baseline 0.003 -9"><span class='ocrx_word' id='word_1_250' title='bbox 218 1770 272 1796; x_wconf 72' lang='grc'><strong><em>592</em></strong></span> <span class='ocrx_word' id='word_1_251' title='bbox 287 1770 397 1797; x_wconf 80' lang='lat' dir='ltr'><strong><em>Occasio</em></strong></span> <span class='ocrx_word' id='word_1_252' title='bbox 411 1771 497 1804; x_wconf 81' lang='lat' dir='ltr'><strong><em>furem</em></strong></span> <span class='ocrx_word' id='word_1_253' title='bbox 513 1771 588 1805; x_wconf 82' lang='lat' dir='ltr'><strong><em>facit.</em></strong></span> 
     </span>
    </p>
   </div>
   <div class='ocr_carea' id='block_1_47' title="bbox 220 1804 893 1840">
    <p class='ocr_par' dir='ltr' id='par_1_47' title="bbox 220 1804 893 1840">
     <span class='ocr_line' id='line_1_47' title="bbox 220 1804 893 1840; baseline -0.003 -9"><span class='ocrx_word' id='word_1_254' title='bbox 220 1804 274 1840; x_wconf 67' lang='grc'><strong><em>595</em></strong></span> <span class='ocrx_word' id='word_1_255' title='bbox 286 1805 406 1833; x_wconf 82' lang='lat' dir='ltr'><strong><em>Christus</em></strong></span> <span class='ocrx_word' id='word_1_256' title='bbox 418 1814 466 1832; x_wconf 89' lang='lat' dir='ltr'><strong><em>cur</em></strong></span> <span class='ocrx_word' id='word_1_257' title='bbox 476 1804 570 1840; x_wconf 86' lang='lat' dir='ltr'><strong><em>aquam</em></strong></span> <span class='ocrx_word' id='word_1_258' title='bbox 583 1805 610 1831; x_wconf 85' lang='lat' dir='ltr'><strong><em>in</em></strong></span> <span class='ocrx_word' id='word_1_259' title='bbox 624 1805 712 1831; x_wconf 87' lang='lat' dir='ltr'><strong><em>vinum</em></strong></span> <span class='ocrx_word' id='word_1_260' title='bbox 729 1804 893 1840; x_wconf 82' lang='lat' dir='ltr'><strong><em>converterit.</em></strong></span> 
     </span>
    </p>
   </div>
   <div class='ocr_carea' id='block_1_48' title="bbox 217 1839 844 1900">
    <p class='ocr_par' dir='ltr' id='par_1_48' title="bbox 217 1839 844 1900">
     <span class='ocr_line' id='line_1_48' title="bbox 217 1839 844 1900; baseline 0 -35"><span class='ocrx_word' id='word_1_261' title='bbox 217 1839 271 1865; x_wconf 74' lang='grc'><strong><em>594</em></strong></span> <span class='ocrx_word' id='word_1_262' title='bbox 281 1840 434 1874; x_wconf 84' lang='lat' dir='ltr'><strong><em>Objurgatio</em></strong></span> <span class='ocrx_word' id='word_1_263' title='bbox 452 1840 576 1880; x_wconf 66' lang='lat' dir='ltr'><strong><em>discipuli</em></strong></span> <span class='ocrx_word' id='word_1_264' title='bbox 593 1840 658 1866; x_wconf 82' lang='lat' dir='ltr'><strong><em>nihil</em></strong></span> <span class='ocrx_word' id='word_1_265' title='bbox 672 1839 844 1900; x_wconf 49' lang='lat' dir='ltr'><strong><em>proiicientis.</em></strong></span> 
     </span>
     <span class='ocr_line' id='line_1_49' title="bbox 217 1873 835 1900; baseline 0 0"><span class='ocrx_word' id='word_1_266' title='bbox 217 1873 269 1900; x_wconf 77' lang='lat'><strong><em>395</em></strong></span> <span class='ocrx_word' id='word_1_267' title='bbox 289 1874 423 1900; x_wconf 85' lang='lat' dir='ltr'><strong><em>Pra-clara</em></strong></span> <span class='ocrx_word' id='word_1_268' title='bbox 445 1876 565 1900; x_wconf 74' lang='lat' dir='ltr'><strong><em>l‘ttcmortt</em></strong></span> <span class='ocrx_word' id='word_1_269' title='bbox 585 1879 689 1900; x_wconf 85' lang='lat' dir='ltr'><strong><em>manent</em></strong></span> <span class='ocrx_word' id='word_1_270' title='bbox 733 1882 791 1900; x_wconf 88' lang='lat' dir='ltr'><strong><em>utus</em></strong></span> <span class='ocrx_word' id='word_1_271' title='bbox 812 1879 835 1900; x_wconf 88' lang='lat' dir='ltr'><strong><em>et</em></strong></span> 
     </span>
    </p>
   </div>
   <div class='ocr_carea' id='block_1_49' title="bbox 205 1873 964 1913">
    <p class='ocr_par' dir='ltr' id='par_1_49' title="bbox 205 1873 964 1913">
     <span class='ocr_line' id='line_1_50' title="bbox 205 1873 964 1913; baseline -0.001 -13"><span class='ocrx_word' id='word_1_272' title='bbox 205 1873 269 1913; x_wconf 82' lang='lat'><strong><em>_395</em></strong></span> <span class='ocrx_word' id='word_1_273' title='bbox 289 1873 423 1913; x_wconf 76' lang='lat' dir='ltr'><strong><em>Pro-clara</em></strong></span> <span class='ocrx_word' id='word_1_274' title='bbox 445 1873 565 1910; x_wconf 76' lang='lat' dir='ltr'><strong><em>facinora</em></strong></span> <span class='ocrx_word' id='word_1_275' title='bbox 585 1879 689 1901; x_wconf 85' lang='lat' dir='ltr'><strong><em>manent</em></strong></span> <span class='ocrx_word' id='word_1_276' title='bbox 714 1873 791 1908; x_wconf 89' lang='lat' dir='ltr'><strong><em>hujus</em></strong></span> <span class='ocrx_word' id='word_1_277' title='bbox 812 1879 835 1900; x_wconf 92' lang='lat' dir='ltr'><strong><em>et</em></strong></span> <span class='ocrx_word' id='word_1_278' title='bbox 859 1877 964 1900; x_wconf 76' lang='lat' dir='ltr'><strong><em>ceterna:</em></strong></span> 
     </span>
    </p>
   </div>
   <div class='ocr_carea' id='block_1_50' title="bbox 184 1911 384 1943">
    <p class='ocr_par' dir='ltr' id='par_1_50' title="bbox 184 1911 384 1943">
     <span class='ocr_line' id='line_1_51' title="bbox 184 1911 384 1943; baseline 0.01 -9"><span class='ocrx_word' id='word_1_279' title='bbox 184 1911 248 1934; x_wconf 66' lang='lat' dir='ltr'><strong><em>vitae</em></strong></span> <span class='ocrx_word' id='word_1_280' title='bbox 265 1911 384 1943; x_wconf 82' lang='lat' dir='ltr'><strong><em>prcemia.</em></strong></span> 
     </span>
    </p>
   </div>
   <div class='ocr_carea' id='block_1_51' title="bbox 219 1943 585 1972">
    <p class='ocr_par' dir='ltr' id='par_1_51' title="bbox 219 1943 585 1972">
     <span class='ocr_line' id='line_1_52' title="bbox 219 1943 585 1972; baseline 0.003 -2"><span class='ocrx_word' id='word_1_281' title='bbox 219 1943 271 1970; x_wconf 80' lang='grc'>596</span> <span class='ocrx_word' id='word_1_282' title='bbox 284 1945 483 1971; x_wconf 79' lang='lat' dir='ltr'><strong><em>Commendatio</em></strong></span> <span class='ocrx_word' id='word_1_283' title='bbox 497 1944 585 1972; x_wconf 76' lang='lat' dir='ltr'><strong><em>amici.</em></strong></span> 
     </span>
    </p>
   </div>
   <div class='ocr_carea' id='block_1_52' title="bbox 216 1978 963 2013">
    <p class='ocr_par' dir='ltr' id='par_1_52' title="bbox 216 1978 963 2013">
     <span class='ocr_line' id='line_1_53' title="bbox 216 1978 963 2013; baseline 0 -9"><span class='ocrx_word' id='word_1_284' title='bbox 216 1978 267 2006; x_wconf 78' lang='lat'><strong><em>597</em></strong></span> <span class='ocrx_word' id='word_1_285' title='bbox 280 1979 401 2006; x_wconf 81' lang='lat' dir='ltr'><strong><em>Humana</em></strong></span> <span class='ocrx_word' id='word_1_286' title='bbox 413 1981 516 2006; x_wconf 87' lang='lat' dir='ltr'><strong><em>invetttu</em></strong></span> <span class='ocrx_word' id='word_1_287' title='bbox 530 1979 625 2013; x_wconf 86' lang='lat' dir='ltr'><strong><em>absque</em></strong></span> <span class='ocrx_word' id='word_1_288' title='bbox 635 1978 724 2005; x_wconf 77' lang='lat' dir='ltr'><strong><em>divitia</em></strong></span> <span class='ocrx_word' id='word_1_289' title='bbox 737 1978 825 2013; x_wconf 88' lang='lat' dir='ltr'><strong><em>gratia</em></strong></span> <span class='ocrx_word' id='word_1_290' title='bbox 837 1985 888 2004; x_wconf 88' lang='lat' dir='ltr'><strong><em>non</em></strong></span> <span class='ocrx_word' id='word_1_291' title='bbox 902 1982 963 2004; x_wconf 80' lang='lat' dir='ltr'><strong><em>sunt</em></strong></span> 
     </span>
    </p>
   </div>
   <div class='ocr_carea' id='block_1_53' title="bbox 182 2012 320 2041">
    <p class='ocr_par' dir='ltr' id='par_1_53' title="bbox 182 2012 320 2041">
     <span class='ocr_line' id='line_1_54' title="bbox 182 2012 320 2041; baseline 0.007 -3"><span class='ocrx_word' id='word_1_292' title='bbox 182 2012 320 2041; x_wconf 81' lang='lat' dir='ltr'><strong><em>diuturna.</em></strong></span> 
     </span>
    </p>
   </div>
   <div class='ocr_carea' id='block_1_54' title="bbox 221 2048 655 2084">
    <p class='ocr_par' dir='ltr' id='par_1_54' title="bbox 221 2048 655 2084">
     <span class='ocr_line' id='line_1_55' title="bbox 221 2048 655 2084; baseline -0.002 -9"><span class='ocrx_word' id='word_1_293' title='bbox 221 2049 274 2076; x_wconf 74' lang='grc'><strong><em>598</em></strong></span> <span class='ocrx_word' id='word_1_294' title='bbox 287 2050 324 2076; x_wconf 87' lang='lat' dir='ltr'><strong><em>De</em></strong></span> <span class='ocrx_word' id='word_1_295' title='bbox 337 2048 499 2076; x_wconf 81' lang='lat' dir='ltr'><strong><em>Philostrato</em></strong></span> <span class='ocrx_word' id='word_1_296' title='bbox 516 2048 655 2084; x_wconf 78' lang='lat' dir='ltr'><strong><em>Thganteo.</em></strong></span> 
     </span>
    </p>
   </div>
   <div class='ocr_carea' id='block_1_55' title="bbox 219 2082 963 2117">
    <p class='ocr_par' dir='ltr' id='par_1_55' title="bbox 219 2082 963 2117">
     <span class='ocr_line' id='line_1_56' title="bbox 219 2082 963 2117; baseline -0.001 -7"><span class='ocrx_word' id='word_1_297' title='bbox 219 2083 273 2111; x_wconf 75' lang='lat'><strong><em>599</em></strong></span> <span class='ocrx_word' id='word_1_298' title='bbox 283 2084 334 2116; x_wconf 80' lang='lat' dir='ltr'><strong><em>Qui</em></strong></span> <span class='ocrx_word' id='word_1_299' title='bbox 353 2084 446 2110; x_wconf 82' lang='lat' dir='ltr'><strong><em>multat</em></strong></span> <span class='ocrx_word' id='word_1_300' title='bbox 473 2082 646 2110; x_wconf 74' lang='lat' dir='ltr'><strong><em>bonoslibros</em></strong></span> <span class='ocrx_word' id='word_1_301' title='bbox 659 2082 783 2117; x_wconf 81' lang='lat' dir='ltr'><strong><em>possidet,</em></strong></span> <span class='ocrx_word' id='word_1_302' title='bbox 797 2090 828 2109; x_wconf 83' lang='lat' dir='ltr'><strong><em>ne</em></strong></span> <span class='ocrx_word' id='word_1_303' title='bbox 843 2083 875 2109; x_wconf 80' lang='lat' dir='ltr'><strong><em>sit</em></strong></span> <span class='ocrx_word' id='word_1_304' title='bbox 890 2083 963 2109; x_wconf 87' lang='lat' dir='ltr'><strong><em>canis</em></strong></span> 
     </span>
    </p>
   </div>
   <div class='ocr_carea' id='block_1_56' title="bbox 183 2119 347 2152">
    <p class='ocr_par' dir='ltr' id='par_1_56' title="bbox 183 2119 347 2152">
     <span class='ocr_line' id='line_1_57' title="bbox 183 2119 347 2152; baseline 0.006 -8"><span class='ocrx_word' id='word_1_305' title='bbox 183 2119 212 2145; x_wconf 86' lang='lat' dir='ltr'><strong><em>in</em></strong></span> <span class='ocrx_word' id='word_1_306' title='bbox 227 2119 347 2152; x_wconf 83' lang='lat' dir='ltr'><strong><em>pra-sepi.</em></strong></span> 
     </span>
    </p>
   </div>
   <div class='ocr_carea' id='block_1_57' title="bbox 215 2151 963 2188">
    <p class='ocr_par' dir='ltr' id='par_1_57' title="bbox 215 2151 963 2188">
     <span class='ocr_line' id='line_1_58' title="bbox 215 2151 963 2188; baseline -0.001 -8"><span class='ocrx_word' id='word_1_307' title='bbox 215 2151 268 2180; x_wconf 81' lang='grc'><strong>400</strong></span> <span class='ocrx_word' id='word_1_308' title='bbox 275 2151 410 2188; x_wconf 67' lang='grc' dir='ltr'><strong><em>Είιέροείιὶο</em></strong></span> <span class='ocrx_word' id='word_1_309' title='bbox 418 2153 482 2180; x_wconf 89' lang='lat' dir='ltr'><strong><em>dicti</em></strong></span> <span class='ocrx_word' id='word_1_310' title='bbox 493 2154 588 2188; x_wconf 84' lang='lat' dir='ltr'><strong><em>psalmi</em></strong></span> <span class='ocrx_word' id='word_1_311' title='bbox 598 2160 680 2180; x_wconf 78' lang='lat' dir='ltr'><strong><em>uvm</em></strong></span> <span class='ocrx_word' id='word_1_312' title='bbox 689 2151 853 2185; x_wconf 57' lang='lat' dir='ltr'><strong><em>“Captivam</em></strong></span> <span class='ocrx_word' id='word_1_313' title='bbox 862 2152 963 2179; x_wconf 74' lang='lat' dir='ltr'><strong><em>duxisti</em></strong></span> 
     </span>
    </p>
   </div>
   <div class='ocr_carea' id='block_1_58' title="bbox 180 2189 399 2223">
    <p class='ocr_par' dir='ltr' id='par_1_58' title="bbox 180 2189 399 2223">
     <span class='ocr_line' id='line_1_59' title="bbox 180 2189 399 2223; baseline 0 -9"><span class='ocrx_word' id='word_1_314' title='bbox 180 2189 371 2223; x_wconf 79' lang='lat' dir='ltr'><strong><em>captivitatem.</em></strong></span> <span class='ocrx_word' id='word_1_315' title='bbox 391 2198 399 2214; x_wconf 81' lang='grc' dir='ltr'><strong><em>ι</em></strong></span> 
     </span>
    </p>
   </div>
   <div class='ocr_carea' id='block_1_59' title="bbox 216 2223 964 2258">
    <p class='ocr_par' dir='ltr' id='par_1_59' title="bbox 216 2223 964 2258">
     <span class='ocr_line' id='line_1_60' title="bbox 216 2223 964 2258; baseline -0.003 -8"><span class='ocrx_word' id='word_1_316' title='bbox 216 2223 265 2250; x_wconf 88' lang='grc'><strong><em>401</em></strong></span> <span class='ocrx_word' id='word_1_317' title='bbox 296 2223 430 2258; x_wconf 81' lang='lat' dir='ltr'><strong><em>Refutatio</em></strong></span> <span class='ocrx_word' id='word_1_318' title='bbox 459 2223 558 2255; x_wconf 60' lang='lat' dir='ltr'><strong><em>Juda&#39;i,</em></strong></span> <span class='ocrx_word' id='word_1_319' title='bbox 589 2223 634 2250; x_wconf 84' lang='lat' dir='ltr'><strong><em>aui</em></strong></span> <span class='ocrx_word' id='word_1_320' title='bbox 664 2226 857 2250; x_wconf 84' lang='lat' dir='ltr'><strong><em>sacramentum</em></strong></span> <span class='ocrx_word' id='word_1_321' title='bbox 885 2229 964 2248; x_wconf 75' lang='lat' dir='ltr'><strong><em>ctentz</em></strong></span> 
     </span>
    </p>
   </div>
   <div class='ocr_carea' id='block_1_60' title="bbox 182 2257 445 2292">
    <p class='ocr_par' dir='ltr' id='par_1_60' title="bbox 182 2257 445 2292">
     <span class='ocr_line' id='line_1_61' title="bbox 182 2257 445 2292; baseline 0.004 -8"><span class='ocrx_word' id='word_1_322' title='bbox 182 2257 290 2284; x_wconf 84' lang='lat' dir='ltr'><strong><em>Domini</em></strong></span> <span class='ocrx_word' id='word_1_323' title='bbox 303 2257 445 2292; x_wconf 38' lang='lat' dir='ltr'><strong><em>ca&#39;rpserat.</em></strong></span> 
     </span>
    </p>
   </div>
   <div class='ocr_carea' id='block_1_61' title="bbox 218 2292 571 2320">
    <p class='ocr_par' dir='ltr' id='par_1_61' title="bbox 218 2292 571 2320">
     <span class='ocr_line' id='line_1_62' title="bbox 218 2292 571 2320; baseline -0.003 -1"><span class='ocrx_word' id='word_1_324' title='bbox 218 2293 272 2320; x_wconf 70' lang='grc'><strong>402</strong></span> <span class='ocrx_word' id='word_1_325' title='bbox 280 2292 350 2320; x_wconf 86' lang='lat' dir='ltr'><strong><em>Laus</em></strong></span> <span class='ocrx_word' id='word_1_326' title='bbox 358 2294 417 2320; x_wconf 66' lang='lat' dir='ltr'><strong><em>vita</em></strong></span> <span class='ocrx_word' id='word_1_327' title='bbox 433 2292 571 2319; x_wconf 68' lang='lat' dir='ltr'><strong><em>solitaria&#39;.</em></strong></span> 
     </span>
    </p>
   </div>
   <div class='ocr_carea' id='block_1_62' title="bbox 217 2325 960 2362">
    <p class='ocr_par' dir='ltr' id='par_1_62' title="bbox 217 2325 960 2362">
     <span class='ocr_line' id='line_1_63' title="bbox 217 2325 960 2362; baseline -0.004 -8"><span class='ocrx_word' id='word_1_328' title='bbox 217 2328 270 2354; x_wconf 80' lang='grc'>405</span> <span class='ocrx_word' id='word_1_329' title='bbox 293 2327 331 2354; x_wconf 88' lang='lat' dir='ltr'><strong><em>De</em></strong></span> <span class='ocrx_word' id='word_1_330' title='bbox 345 2336 403 2355; x_wconf 90' lang='lat' dir='ltr'><strong><em>vero</em></strong></span> <span class='ocrx_word' id='word_1_331' title='bbox 415 2328 529 2361; x_wconf 86' lang='lat' dir='ltr'><strong><em>jejunio,</em></strong></span> <span class='ocrx_word' id='word_1_332' title='bbox 549 2327 618 2362; x_wconf 87' lang='lat' dir='ltr'><strong><em>quod</em></strong></span> <span class='ocrx_word' id='word_1_333' title='bbox 628 2327 747 2353; x_wconf 85' lang='lat' dir='ltr'><strong><em>omnibus</em></strong></span> <span class='ocrx_word' id='word_1_334' title='bbox 769 2325 886 2352; x_wconf 80' lang='lat' dir='ltr'><strong><em>sensibus</em></strong></span> <span class='ocrx_word' id='word_1_335' title='bbox 905 2325 960 2352; x_wconf 87' lang='lat' dir='ltr'><strong><em>suis</em></strong></span> 
     </span>
    </p>
   </div>
   <div class='ocr_carea' id='block_1_63' title="bbox 182 2362 379 2389">
    <p class='ocr_par' dir='ltr' id='par_1_63' title="bbox 182 2362 379 2389">
     <span class='ocr_line' id='line_1_64' title="bbox 182 2362 379 2389; baseline 0.01 -2"><span class='ocrx_word' id='word_1_336' title='bbox 182 2362 260 2388; x_wconf 88' lang='lat' dir='ltr'><strong><em>honto</em></strong></span> <span class='ocrx_word' id='word_1_337' title='bbox 275 2363 379 2389; x_wconf 85' lang='lat' dir='ltr'><strong><em>indicit.</em></strong></span> 
     </span>
    </p>
   </div>
   <div class='ocr_carea' id='block_1_64' title="bbox 217 2394 960 2431">
    <p class='ocr_par' dir='ltr' id='par_1_64' title="bbox 217 2394 960 2431">
     <span class='ocr_line' id='line_1_65' title="bbox 217 2394 960 2431; baseline -0.001 -9"><span class='ocrx_word' id='word_1_338' title='bbox 217 2397 270 2423; x_wconf 77' lang='grc'>404</span> <span class='ocrx_word' id='word_1_339' title='bbox 288 2398 323 2424; x_wconf 73' lang='lat' dir='ltr'><strong><em>Ile</em></strong></span> <span class='ocrx_word' id='word_1_340' title='bbox 338 2397 516 2431; x_wconf 87' lang='lat' dir='ltr'><strong><em>penetratione</em></strong></span> <span class='ocrx_word' id='word_1_341' title='bbox 531 2397 647 2428; x_wconf 82' lang='lat' dir='ltr'><strong><em>corporis</em></strong></span> <span class='ocrx_word' id='word_1_342' title='bbox 661 2395 761 2424; x_wconf 85' lang='lat' dir='ltr'><strong><em>Christi</em></strong></span> <span class='ocrx_word' id='word_1_343' title='bbox 780 2403 825 2429; x_wconf 88' lang='lat' dir='ltr'><strong><em>per</em></strong></span> <span class='ocrx_word' id='word_1_344' title='bbox 842 2394 960 2421; x_wconf 85' lang='lat' dir='ltr'><strong><em>clausum</em></strong></span> 
     </span>
    </p>
   </div>
   <div class='ocr_carea' id='block_1_65' title="bbox 184 2431 895 2466">
    <p class='ocr_par' dir='ltr' id='par_1_65' title="bbox 184 2431 895 2466">
     <span class='ocr_line' id='line_1_66' title="bbox 184 2431 895 2466; baseline -0.001 -9"><span class='ocrx_word' id='word_1_345' title='bbox 184 2432 298 2466; x_wconf 78' lang='lat' dir='ltr'><strong><em>rirginal</em></strong></span> <span class='ocrx_word' id='word_1_346' title='bbox 310 2439 455 2459; x_wconf 86' lang='lat' dir='ltr'><strong><em>maternum</em></strong></span> <span class='ocrx_word' id='word_1_347' title='bbox 471 2436 495 2457; x_wconf 84' lang='lat' dir='ltr'><strong><em>ct</em></strong></span> <span class='ocrx_word' id='word_1_348' title='bbox 509 2436 702 2457; x_wconf 80' lang='lat' dir='ltr'><strong><em>monumentum</em></strong></span> <span class='ocrx_word' id='word_1_349' title='bbox 720 2431 895 2466; x_wconf 79' lang='lat' dir='ltr'><strong><em>obsignatum.</em></strong></span> 
     </span>
    </p>
   </div>
   <div class='ocr_carea' id='block_1_66' title="bbox 218 2465 922 2499">
    <p class='ocr_par' dir='ltr' id='par_1_66' title="bbox 218 2465 922 2499">
     <span class='ocr_line' id='line_1_67' title="bbox 218 2465 922 2499; baseline -0.003 -7"><span class='ocrx_word' id='word_1_350' title='bbox 218 2465 271 2493; x_wconf 80' lang='grc'><strong><em>405</em></strong></span> <span class='ocrx_word' id='word_1_351' title='bbox 287 2467 319 2493; x_wconf 91' lang='lat' dir='ltr'><strong><em>In</em></strong></span> <span class='ocrx_word' id='word_1_352' title='bbox 331 2467 406 2494; x_wconf 86' lang='lat' dir='ltr'><strong><em>rebus</em></strong></span> <span class='ocrx_word' id='word_1_353' title='bbox 422 2467 518 2493; x_wconf 80' lang='lat' dir='ltr'><strong><em>divinis</em></strong></span> <span class='ocrx_word' id='word_1_354' title='bbox 534 2472 611 2492; x_wconf 75' lang='lat' dir='ltr'><strong><em>cesset</em></strong></span> <span class='ocrx_word' id='word_1_355' title='bbox 630 2467 763 2492; x_wconf 84' lang='lat' dir='ltr'><strong><em>rationum</em></strong></span> <span class='ocrx_word' id='word_1_356' title='bbox 778 2465 922 2499; x_wconf 86' lang='lat' dir='ltr'><strong><em>indagatio.</em></strong></span> 
     </span>
    </p>
   </div>
   <div class='ocr_carea' id='block_1_67' title="bbox 221 2500 961 2536">
    <p class='ocr_par' dir='ltr' id='par_1_67' title="bbox 221 2500 961 2536">
     <span class='ocr_line' id='line_1_68' title="bbox 221 2500 961 2536; baseline -0.003 -8"><span class='ocrx_word' id='word_1_357' title='bbox 221 2501 274 2528; x_wconf 80' lang='grc'>406</span> <span class='ocrx_word' id='word_1_358' title='bbox 285 2502 321 2528; x_wconf 87' lang='lat' dir='ltr'><strong><em>De</em></strong></span> <span class='ocrx_word' id='word_1_359' title='bbox 332 2501 418 2536; x_wconf 86' lang='lat' dir='ltr'><strong><em>angeli</em></strong></span> <span class='ocrx_word' id='word_1_360' title='bbox 429 2501 591 2535; x_wconf 83' lang='lat' dir='ltr'><strong><em>apparitione</em></strong></span> <span class='ocrx_word' id='word_1_361' title='bbox 602 2501 628 2526; x_wconf 89' lang='lat' dir='ltr'><strong><em>in</em></strong></span> <span class='ocrx_word' id='word_1_362' title='bbox 645 2500 832 2536; x_wconf 71' lang='lat' dir='ltr'><strong><em>resurrectione</em></strong></span> <span class='ocrx_word' id='word_1_363' title='bbox 844 2500 961 2526; x_wconf 85' lang='lat' dir='ltr'><strong><em>Domini.</em></strong></span> 
     </span>
    </p>
   </div>
   <div class='ocr_carea' id='block_1_68' title="bbox 218 2535 963 2570">
    <p class='ocr_par' dir='ltr' id='par_1_68' title="bbox 218 2535 963 2570">
     <span class='ocr_line' id='line_1_69' title="bbox 218 2535 963 2570; baseline -0.003 -8"><span class='ocrx_word' id='word_1_364' title='bbox 218 2536 268 2562; x_wconf 83' lang='grc' dir='ltr'><strong><em>4οἹ</em></strong></span> <span class='ocrx_word' id='word_1_365' title='bbox 281 2536 361 2563; x_wconf 88' lang='lat' dir='ltr'><strong><em>l’auli</em></strong></span> <span class='ocrx_word' id='word_1_366' title='bbox 377 2536 579 2570; x_wconf 78' lang='grc' dir='ltr'><strong><em>συγκατάσασις</em></strong></span> <span class='ocrx_word' id='word_1_367' title='bbox 597 2541 621 2562; x_wconf 87' lang='lat' dir='ltr'><strong><em>et</em></strong></span> <span class='ocrx_word' id='word_1_368' title='bbox 641 2535 848 2562; x_wconf 85' lang='lat' dir='ltr'><strong><em>accommodatio</em></strong></span> <span class='ocrx_word' id='word_1_369' title='bbox 864 2535 897 2561; x_wconf 89' lang='lat' dir='ltr'><strong><em>ad</em></strong></span> <span class='ocrx_word' id='word_1_370' title='bbox 920 2543 963 2560; x_wconf 91' lang='lat' dir='ltr'><strong><em>ca-</em></strong></span> 
     </span>
    </p>
   </div>
   <div class='ocr_carea' id='block_1_69' title="bbox 182 2571 446 2605">
    <p class='ocr_par' dir='ltr' id='par_1_69' title="bbox 182 2571 446 2605">
     <span class='ocr_line' id='line_1_70' title="bbox 182 2571 446 2605; baseline 0 -8"><span class='ocrx_word' id='word_1_371' title='bbox 182 2575 255 2605; x_wconf 80' lang='lat' dir='ltr'><strong><em>ptum</em></strong></span> <span class='ocrx_word' id='word_1_372' title='bbox 269 2571 446 2605; x_wconf 85' lang='lat' dir='ltr'><strong><em>infirmorum.</em></strong></span> 
     </span>
    </p>
   </div>
   <div class='ocr_carea' id='block_1_70' title="bbox 212 2604 797 2639">
    <p class='ocr_par' dir='ltr' id='par_1_70' title="bbox 212 2604 797 2639">
     <span class='ocr_line' id='line_1_71' title="bbox 212 2604 797 2639; baseline -0.002 -7"><span class='ocrx_word' id='word_1_373' title='bbox 212 2605 265 2632; x_wconf 86' lang='grc'><strong><em>408</em></strong></span> <span class='ocrx_word' id='word_1_374' title='bbox 281 2604 406 2633; x_wconf 74' lang='lat' dir='ltr'><strong><em>limitatio</em></strong></span> <span class='ocrx_word' id='word_1_375' title='bbox 424 2606 459 2632; x_wconf 89' lang='lat' dir='ltr'><strong><em>ad</em></strong></span> <span class='ocrx_word' id='word_1_376' title='bbox 471 2606 568 2632; x_wconf 84' lang='lat' dir='ltr'><strong><em>seriam</em></strong></span> <span class='ocrx_word' id='word_1_377' title='bbox 582 2604 797 2639; x_wconf 77' lang='lat' dir='ltr'><strong><em>resipiscentiam.</em></strong></span> 
     </span>
    </p>
   </div>
   <div class='ocr_carea' id='block_1_71' title="bbox 218 2639 962 2674">
    <p class='ocr_par' dir='ltr' id='par_1_71' title="bbox 218 2639 962 2674">
     <span class='ocr_line' id='line_1_72' title="bbox 218 2639 962 2674; baseline -0.003 -8"><span class='ocrx_word' id='word_1_378' title='bbox 218 2640 271 2667; x_wconf 87' lang='grc'>409</span> <span class='ocrx_word' id='word_1_379' title='bbox 286 2641 340 2668; x_wconf 88' lang='lat' dir='ltr'><strong><em>Cur</em></strong></span> <span class='ocrx_word' id='word_1_380' title='bbox 360 2641 481 2669; x_wconf 83' lang='lat' dir='ltr'><strong><em>Christus</em></strong></span> <span class='ocrx_word' id='word_1_381' title='bbox 506 2640 618 2667; x_wconf 83' lang='lat' dir='ltr'><strong><em>Paulum</em></strong></span> <span class='ocrx_word' id='word_1_382' title='bbox 636 2639 783 2674; x_wconf 78' lang='lat' dir='ltr'><strong><em>apostolum</em></strong></span> <span class='ocrx_word' id='word_1_383' title='bbox 806 2647 819 2665; x_wconf 90' lang='lat' dir='ltr'><strong><em>e</em></strong></span> <span class='ocrx_word' id='word_1_384' title='bbox 837 2639 900 2665; x_wconf 67' lang='lat' dir='ltr'><strong><em>caelo</em></strong></span> <span class='ocrx_word' id='word_1_385' title='bbox 927 2639 962 2664; x_wconf 88' lang='lat' dir='ltr'><strong><em>sit</em></strong></span> 
     </span>
    </p>
   </div>
   <div class='ocr_carea' id='block_1_72' title="bbox 182 2675 325 2703">
    <p class='ocr_par' dir='ltr' id='par_1_72' title="bbox 182 2675 325 2703">
     <span class='ocr_line' id='line_1_73' title="bbox 182 2675 325 2703; baseline 0.007 -1"><span class='ocrx_word' id='word_1_386' title='bbox 182 2675 325 2703; x_wconf 82' lang='lat' dir='ltr'><strong><em>allocutus.</em></strong></span> 
     </span>
    </p>
   </div>
   <div class='ocr_carea' id='block_1_73' title="bbox 219 2711 962 2746">
    <p class='ocr_par' dir='ltr' id='par_1_73' title="bbox 219 2711 962 2746">
     <span class='ocr_line' id='line_1_74' title="bbox 219 2711 962 2746; baseline -0.003 -9"><span class='ocrx_word' id='word_1_387' title='bbox 219 2711 271 2737; x_wconf 90' lang='grc'><strong>410</strong></span> <span class='ocrx_word' id='word_1_388' title='bbox 295 2712 334 2737; x_wconf 87' lang='lat' dir='ltr'><strong><em>Ad</em></strong></span> <span class='ocrx_word' id='word_1_389' title='bbox 357 2715 466 2746; x_wconf 85' lang='lat' dir='ltr'><strong><em>peccata</em></strong></span> <span class='ocrx_word' id='word_1_390' title='bbox 497 2717 586 2737; x_wconf 87' lang='lat' dir='ltr'><strong><em>eorum</em></strong></span> <span class='ocrx_word' id='word_1_391' title='bbox 615 2711 660 2744; x_wconf 89' lang='lat' dir='ltr'><strong><em>qui</em></strong></span> <span class='ocrx_word' id='word_1_392' title='bbox 686 2711 748 2745; x_wconf 77' lang='lat' dir='ltr'><strong><em>fidei</em></strong></span> <span class='ocrx_word' id='word_1_393' title='bbox 777 2714 873 2737; x_wconf 79' lang='lat' dir='ltr'><strong><em>nostr-te</em></strong></span> <span class='ocrx_word' id='word_1_394' title='bbox 902 2713 962 2735; x_wconf 84' lang='lat' dir='ltr'><strong><em>sunt</em></strong></span> 
     </span>
    </p>
   </div>
   <div class='ocr_carea' id='block_1_74' title="bbox 183 2745 702 2781">
    <p class='ocr_par' dir='ltr' id='par_1_74' title="bbox 183 2745 702 2781">
     <span class='ocr_line' id='line_1_75' title="bbox 183 2745 702 2781; baseline 0 -10"><span class='ocrx_word' id='word_1_395' title='bbox 183 2746 313 2781; x_wconf 55' lang='lat' dir='ltr'><strong><em>commissi</em></strong></span> <span class='ocrx_word' id='word_1_396' title='bbox 325 2745 490 2781; x_wconf 75' lang='lat' dir='ltr'><strong><em>nequaquam</em></strong></span> <span class='ocrx_word' id='word_1_397' title='bbox 504 2745 702 2772; x_wconf 72' lang='lat' dir='ltr'><strong><em>connivendum.</em></strong></span> 
     </span>
    </p>
   </div>
   <div class='ocr_carea' id='block_1_75' title="bbox 216 2779 913 2814">
    <p class='ocr_par' dir='ltr' id='par_1_75' title="bbox 216 2779 913 2814">
     <span class='ocr_line' id='line_1_76' title="bbox 216 2779 913 2814; baseline -0.004 -7"><span class='ocrx_word' id='word_1_398' title='bbox 216 2780 264 2807; x_wconf 87' lang='grc'><strong><em>411</em></strong></span> <span class='ocrx_word' id='word_1_399' title='bbox 283 2779 443 2807; x_wconf 68' lang='lat' dir='ltr'><strong><em>Exhortatio</em></strong></span> <span class='ocrx_word' id='word_1_400' title='bbox 455 2780 490 2806; x_wconf 86' lang='lat' dir='ltr'><strong><em>ad</em></strong></span> <span class='ocrx_word' id='word_1_401' title='bbox 502 2780 725 2813; x_wconf 87' lang='lat' dir='ltr'><strong><em>eleemosynarum</em></strong></span> <span class='ocrx_word' id='word_1_402' title='bbox 740 2779 913 2814; x_wconf 88' lang='lat' dir='ltr'><strong><em>largitionetn.</em></strong></span> 
     </span>
    </p>
   </div>
   <div class='ocr_carea' id='block_1_76' title="bbox 218 2815 963 2848">
    <p class='ocr_par' dir='ltr' id='par_1_76' title="bbox 218 2815 963 2848">
     <span class='ocr_line' id='line_1_77' title="bbox 218 2815 963 2848; baseline -0.001 -7"><span class='ocrx_word' id='word_1_403' title='bbox 218 2815 269 2841; x_wconf 71' lang='lat'><strong><em>“2</em></strong></span> <span class='ocrx_word' id='word_1_404' title='bbox 282 2815 381 2843; x_wconf 82' lang='lat' dir='ltr'><strong><em>Contra</em></strong></span> <span class='ocrx_word' id='word_1_405' title='bbox 401 2823 447 2842; x_wconf 84' lang='lat' dir='ltr'><strong><em>eos</em></strong></span> <span class='ocrx_word' id='word_1_406' title='bbox 470 2816 514 2848; x_wconf 85' lang='lat' dir='ltr'><strong><em>qui</em></strong></span> <span class='ocrx_word' id='word_1_407' title='bbox 540 2815 690 2841; x_wconf 82' lang='lat' dir='ltr'><strong><em>litterarum</em></strong></span> <span class='ocrx_word' id='word_1_408' title='bbox 714 2815 804 2841; x_wconf 89' lang='lat' dir='ltr'><strong><em>studia</em></strong></span> <span class='ocrx_word' id='word_1_409' title='bbox 828 2815 855 2840; x_wconf 90' lang='lat' dir='ltr'><strong><em>in</em></strong></span> <span class='ocrx_word' id='word_1_410' title='bbox 878 2821 963 2840; x_wconf 82' lang='lat' dir='ltr'><strong><em>meras</em></strong></span> 
     </span>
    </p>
   </div>
   <div class='ocr_carea' id='block_1_77' title="bbox 183 2849 964 2884">
    <p class='ocr_par' dir='ltr' id='par_1_77' title="bbox 183 2849 964 2884">
     <span class='ocr_line' id='line_1_78' title="bbox 183 2849 964 2884; baseline -0.003 -8"><span class='ocrx_word' id='word_1_411' title='bbox 183 2851 355 2877; x_wconf 76' lang='lat' dir='ltr'><strong><em>contentiones</em></strong></span> <span class='ocrx_word' id='word_1_412' title='bbox 371 2855 534 2882; x_wconf 85' lang='lat' dir='ltr'><strong><em>convertunt,</em></strong></span> <span class='ocrx_word' id='word_1_413' title='bbox 551 2849 619 2879; x_wconf 82' lang='lat' dir='ltr'><strong><em>quod</em></strong></span> <span class='ocrx_word' id='word_1_414' title='bbox 638 2857 727 2884; x_wconf 82' lang='lat' dir='ltr'><strong><em>graves</em></strong></span> <span class='ocrx_word' id='word_1_415' title='bbox 742 2849 795 2877; x_wconf 90' lang='lat' dir='ltr'><strong><em>Deo</em></strong></span> <span class='ocrx_word' id='word_1_416' title='bbox 812 2857 869 2876; x_wconf 85' lang='lat' dir='ltr'><strong><em>vero</em></strong></span> <span class='ocrx_word' id='word_1_417' title='bbox 882 2849 964 2875; x_wconf 83' lang='lat' dir='ltr'><strong><em>ratio-</em></strong></span> 
     </span>
    </p>
   </div>
   <div class='ocr_carea' id='block_1_78' title="bbox 184 2885 511 2914">
    <p class='ocr_par' dir='ltr' id='par_1_78' title="bbox 184 2885 511 2914">
     <span class='ocr_line' id='line_1_79' title="bbox 184 2885 511 2914; baseline 0.003 -3"><span class='ocrx_word' id='word_1_418' title='bbox 184 2891 228 2912; x_wconf 75' lang='lat' dir='ltr'><strong><em>nes</em></strong></span> <span class='ocrx_word' id='word_1_419' title='bbox 242 2885 347 2914; x_wconf 79' lang='lat' dir='ltr'><strong><em>reddere</em></strong></span> <span class='ocrx_word' id='word_1_420' title='bbox 365 2889 511 2913; x_wconf 76' lang='lat' dir='ltr'><strong><em>teneantur.</em></strong></span> 
     </span>
    </p>
   </div>
   <div class='ocr_carea' id='block_1_79' title="bbox 760 181 1302 215">
    <p class='ocr_par' dir='ltr' id='par_1_79' title="bbox 760 181 1302 215">
     <span class='ocr_line' id='line_1_80' title="bbox 760 181 1302 215; baseline 0.004 -5"><span class='ocrx_word' id='word_1_421' title='bbox 760 181 1038 213; x_wconf 75' lang='lat' dir='ltr'><strong><em>PROLEGOMENA</em></strong></span> <span class='ocrx_word' id='word_1_422' title='bbox 1056 183 1156 214; x_wconf 91' lang='lat' dir='ltr'><strong><em>EDIT.</em></strong></span> <span class='ocrx_word' id='word_1_423' title='bbox 1176 185 1302 215; x_wconf 75' lang='lat' dir='ltr'><strong><em>PARIS.</em></strong></span> 
     </span>
    </p>
   </div>
   <div class='ocr_carea' id='block_1_80' title="bbox 1765 188 1814 221">
    <p class='ocr_par' dir='ltr' id='par_1_80' title="bbox 1765 188 1814 221">
     <span class='ocr_line' id='line_1_81' title="bbox 1765 188 1814 221; baseline 0.02 -1"><span class='ocrx_word' id='word_1_424' title='bbox 1765 188 1814 221; x_wconf 76' lang='lat'><strong><em>130</em></strong></span> 
     </span>
    </p>
   </div>
   <div class='ocr_carea' id='block_1_81' title="bbox 1034 238 1812 277">
    <p class='ocr_par' dir='ltr' id='par_1_81' title="bbox 1034 238 1812 277">
     <span class='ocr_line' id='line_1_82' title="bbox 1034 238 1812 277; baseline 0.008 -13"><span class='ocrx_word' id='word_1_425' title='bbox 1034 273 1038 277; x_wconf 38' lang='grc' dir='ltr'><strong>Ι</strong></span> <span class='ocrx_word' id='word_1_426' title='bbox 1065 238 1117 264; x_wconf 83' lang='grc'><strong>415</strong></span> <span class='ocrx_word' id='word_1_427' title='bbox 1133 238 1283 273; x_wconf 67' lang='grc' dir='ltr'><strong><em>Επριὶταιίο</em></strong></span> <span class='ocrx_word' id='word_1_428' title='bbox 1298 241 1362 266; x_wconf 84' lang='lat' dir='ltr'><strong><em>dicti</em></strong></span> <span class='ocrx_word' id='word_1_429' title='bbox 1379 239 1486 267; x_wconf 81' lang='lat' dir='ltr'><strong><em>Paulini</em></strong></span> <span class='ocrx_word' id='word_1_430' title='bbox 1499 241 1531 267; x_wconf 83' lang='lat' dir='ltr'><strong><em>de</em></strong></span> <span class='ocrx_word' id='word_1_431' title='bbox 1549 241 1665 277; x_wconf 68' lang='lat' dir='ltr'><strong><em>legitimo</em></strong></span> <span class='ocrx_word' id='word_1_432' title='bbox 1680 250 1729 269; x_wconf 83' lang='lat' dir='ltr'><strong><em>usu</em></strong></span> <span class='ocrx_word' id='word_1_433' title='bbox 1749 252 1812 270; x_wconf 76' lang='lat' dir='ltr'><strong><em>con~</em></strong></span> 
     </span>
    </p>
   </div>
   <div class='ocr_carea' id='block_1_82' title="bbox 1027 276 1611 309">
    <p class='ocr_par' dir='ltr' id='par_1_82' title="bbox 1027 276 1611 309">
     <span class='ocr_line' id='line_1_83' title="bbox 1027 276 1611 309; baseline 0.009 -12"><span class='ocrx_word' id='word_1_434' title='bbox 1027 276 1119 307; x_wconf 81' lang='lat' dir='ltr'><strong><em>jngum</em></strong></span> <span class='ocrx_word' id='word_1_435' title='bbox 1135 279 1160 309; x_wconf 58' lang='lat' dir='ltr'><strong><em>et</em></strong></span> <span class='ocrx_word' id='word_1_436' title='bbox 1176 280 1329 300; x_wconf 74' lang='lat' dir='ltr'><strong><em>cwtcrarum</em></strong></span> <span class='ocrx_word' id='word_1_437' title='bbox 1345 283 1432 302; x_wconf 84' lang='lat' dir='ltr'><strong><em>rerum</em></strong></span> <span class='ocrx_word' id='word_1_438' title='bbox 1447 276 1525 309; x_wconf 83' lang='lat' dir='ltr'><strong><em>hujus</em></strong></span> <span class='ocrx_word' id='word_1_439' title='bbox 1542 276 1611 303; x_wconf 73' lang='lat' dir='ltr'><strong><em>vitat.</em></strong></span> 
     </span>
    </p>
   </div>
   <div class='ocr_carea' id='block_1_83' title="bbox 1064 308 1812 347">
    <p class='ocr_par' dir='ltr' id='par_1_83' title="bbox 1064 308 1812 347">
     <span class='ocr_line' id='line_1_84' title="bbox 1064 308 1812 347; baseline 0.007 -13"><span class='ocrx_word' id='word_1_440' title='bbox 1064 309 1115 335; x_wconf 87' lang='grc'><strong><em>414</em></strong></span> <span class='ocrx_word' id='word_1_441' title='bbox 1129 308 1268 342; x_wconf 74' lang='lat' dir='ltr'><strong><em>Etrpasitio</em></strong></span> <span class='ocrx_word' id='word_1_442' title='bbox 1284 309 1349 347; x_wconf 83' lang='lat' dir='ltr'><strong><em>dicti</em></strong></span> <span class='ocrx_word' id='word_1_443' title='bbox 1366 311 1462 347; x_wconf 83' lang='lat' dir='ltr'><strong><em>psalmi</em></strong></span> <span class='ocrx_word' id='word_1_444' title='bbox 1473 308 1592 338; x_wconf 69' lang='lat' dir='ltr'><strong><em>dxxvm:</em></strong></span> <span class='ocrx_word' id='word_1_445' title='bbox 1608 321 1616 337; x_wconf 79' lang='grc' dir='ltr'><strong><em>ι</em></strong></span> <span class='ocrx_word' id='word_1_446' title='bbox 1631 311 1743 340; x_wconf 83' lang='lat' dir='ltr'><strong><em>Lubores</em></strong></span> <span class='ocrx_word' id='word_1_447' title='bbox 1754 314 1812 347; x_wconf 81' lang='lat' dir='ltr'><strong><em>fru-</em></strong></span> 
     </span>
    </p>
   </div>
   <div class='ocr_carea' id='block_1_84' title="bbox 1028 344 1457 371">
    <p class='ocr_par' dir='ltr' id='par_1_84' title="bbox 1028 344 1457 371">
     <span class='ocr_line' id='line_1_85' title="bbox 1028 344 1457 371; baseline 0.007 -3"><span class='ocrx_word' id='word_1_448' title='bbox 1028 346 1116 369; x_wconf 85' lang='lat' dir='ltr'><strong><em>ctuum</em></strong></span> <span class='ocrx_word' id='word_1_449' title='bbox 1128 347 1233 368; x_wconf 88' lang='lat' dir='ltr'><strong><em>tttorum</em></strong></span> <span class='ocrx_word' id='word_1_450' title='bbox 1247 344 1429 371; x_wconf 84' lang='lat' dir='ltr'><strong><em>manducabis.</em></strong></span> <span class='ocrx_word' id='word_1_451' title='bbox 1447 354 1457 370; x_wconf 73' lang='grc' dir='ltr'><strong><em>ι</em></strong></span> 
     </span>
    </p>
   </div>
   <div class='ocr_carea' id='block_1_85' title="bbox 1064 377 1811 414">
    <p class='ocr_par' dir='ltr' id='par_1_85' title="bbox 1064 377 1811 414">
     <span class='ocr_line' id='line_1_86' title="bbox 1064 377 1811 414; baseline 0.009 -11"><span class='ocrx_word' id='word_1_452' title='bbox 1064 378 1116 414; x_wconf 72' lang='grc'><strong>415</strong></span> <span class='ocrx_word' id='word_1_453' title='bbox 1132 377 1243 414; x_wconf 77' lang='lat' dir='ltr'><strong><em>Recttsat</em></strong></span> <span class='ocrx_word' id='word_1_454' title='bbox 1260 379 1413 412; x_wconf 86' lang='lat' dir='ltr'><strong><em>respondere</em></strong></span> <span class='ocrx_word' id='word_1_455' title='bbox 1427 380 1462 405; x_wconf 91' lang='lat' dir='ltr'><strong><em>ad</em></strong></span> <span class='ocrx_word' id='word_1_456' title='bbox 1479 381 1590 414; x_wconf 74' lang='lat' dir='ltr'><strong><em>qumsita</em></strong></span> <span class='ocrx_word' id='word_1_457' title='bbox 1606 381 1637 408; x_wconf 88' lang='lat' dir='ltr'><strong><em>de</em></strong></span> <span class='ocrx_word' id='word_1_458' title='bbox 1648 381 1717 408; x_wconf 87' lang='lat' dir='ltr'><strong><em>dicto</em></strong></span> <span class='ocrx_word' id='word_1_459' title='bbox 1732 382 1811 410; x_wconf 83' lang='lat' dir='ltr'><strong><em>Salo-</em></strong></span> 
     </span>
    </p>
   </div>
   <div class='ocr_carea' id='block_1_86' title="bbox 1032 413 1652 449">
    <p class='ocr_par' dir='ltr' id='par_1_86' title="bbox 1032 413 1652 449">
     <span class='ocr_line' id='line_1_87' title="bbox 1032 413 1652 449; baseline 0.008 -12"><span class='ocrx_word' id='word_1_460' title='bbox 1032 413 1128 449; x_wconf 75' lang='lat' dir='ltr'><strong><em>monis,</em></strong></span> <span class='ocrx_word' id='word_1_461' title='bbox 1138 413 1244 449; x_wconf 83' lang='lat' dir='ltr'><strong><em>_quibus</em></strong></span> <span class='ocrx_word' id='word_1_462' title='bbox 1256 418 1341 449; x_wconf 82' lang='lat' dir='ltr'><strong><em>tamen</em></strong></span> <span class='ocrx_word' id='word_1_463' title='bbox 1356 422 1409 448; x_wconf 88' lang='lat' dir='ltr'><strong><em>seq.</em></strong></span> <span class='ocrx_word' id='word_1_464' title='bbox 1421 414 1496 448; x_wconf 88' lang='lat' dir='ltr'><strong><em>epist.</em></strong></span> <span class='ocrx_word' id='word_1_465' title='bbox 1509 416 1652 449; x_wconf 78' lang='lat' dir='ltr'><strong><em>satisfacit.</em></strong></span> 
     </span>
    </p>
   </div>
   <div class='ocr_carea' id='block_1_87' title="bbox 1065 446 1816 488">
    <p class='ocr_par' dir='ltr' id='par_1_87' title="bbox 1065 446 1816 488">
     <span class='ocr_line' id='line_1_88' title="bbox 1065 446 1816 488; baseline 0.007 -16"><span class='ocrx_word' id='word_1_466' title='bbox 1065 447 1117 488; x_wconf 75' lang='grc'><strong>416</strong></span> <span class='ocrx_word' id='word_1_467' title='bbox 1133 446 1208 474; x_wconf 75' lang='lat' dir='ltr'><strong><em>Nova</em></strong></span> <span class='ocrx_word' id='word_1_468' title='bbox 1226 448 1354 481; x_wconf 69' lang='lat' dir='ltr'><strong><em>expositio</em></strong></span> <span class='ocrx_word' id='word_1_469' title='bbox 1368 446 1559 483; x_wconf 72' lang='lat' dir='ltr'><strong><em>aritltmotogiaz</em></strong></span> <span class='ocrx_word' id='word_1_470' title='bbox 1572 446 1710 484; x_wconf 81' lang='lat' dir='ltr'><strong><em>cujusdam</em></strong></span> <span class='ocrx_word' id='word_1_471' title='bbox 1731 451 1816 479; x_wconf 85' lang='lat' dir='ltr'><strong><em>Salo-</em></strong></span> 
     </span>
    </p>
   </div>
   <div class='ocr_carea' id='block_1_88' title="bbox 1027 490 1145 508">
    <p class='ocr_par' dir='ltr' id='par_1_88' title="bbox 1027 490 1145 508">
     <span class='ocr_line' id='line_1_89' title="bbox 1027 490 1145 508; baseline 0 0"><span class='ocrx_word' id='word_1_472' title='bbox 1027 490 1145 508; x_wconf 72' lang='lat' dir='ltr'><strong><em>montcw.</em></strong></span> 
     </span>
    </p>
   </div>
   <div class='ocr_carea' id='block_1_89' title="bbox 1061 516 1805 551">
    <p class='ocr_par' dir='ltr' id='par_1_89' title="bbox 1061 516 1805 551">
     <span class='ocr_line' id='line_1_90' title="bbox 1061 516 1805 551; baseline 0.007 -9"><span class='ocrx_word' id='word_1_473' title='bbox 1061 517 1112 542; x_wconf 90' lang='grc'><strong>417</strong></span> <span class='ocrx_word' id='word_1_474' title='bbox 1133 516 1207 543; x_wconf 73' lang='lat' dir='ltr'><strong><em>[\‘ova</em></strong></span> <span class='ocrx_word' id='word_1_475' title='bbox 1227 517 1355 551; x_wconf 64' lang='lat' dir='ltr'><strong><em>expositio</em></strong></span> <span class='ocrx_word' id='word_1_476' title='bbox 1382 517 1447 543; x_wconf 86' lang='lat' dir='ltr'><strong><em>dicti</em></strong></span> <span class='ocrx_word' id='word_1_477' title='bbox 1470 517 1620 545; x_wconf 83' lang='lat' dir='ltr'><strong><em>Salomonis</em></strong></span> <span class='ocrx_word' id='word_1_478' title='bbox 1636 527 1645 545; x_wconf 84' lang='lat'><strong><em>.&#39;</em></strong></span> <span class='ocrx_word' id='word_1_479' title='bbox 1662 529 1671 544; x_wconf 74' lang='grc' dir='ltr'><strong><em>ι</em></strong></span> <span class='ocrx_word' id='word_1_480' title='bbox 1697 519 1741 547; x_wconf 90' lang='lat' dir='ltr'><strong><em>Sic</em></strong></span> <span class='ocrx_word' id='word_1_481' title='bbox 1761 521 1805 547; x_wconf 85' lang='lat' dir='ltr'><strong><em>via</em></strong></span> 
     </span>
    </p>
   </div>
   <div class='ocr_carea' id='block_1_90' title="bbox 1026 551 1810 589">
    <p class='ocr_par' dir='ltr' id='par_1_90' title="bbox 1026 551 1810 589">
     <span class='ocr_line' id='line_1_91' title="bbox 1026 551 1810 589; baseline 0.005 -11"><span class='ocrx_word' id='word_1_482' title='bbox 1026 552 1145 589; x_wconf 77' lang='lat' dir='ltr'><strong><em>mulieris</em></strong></span> <span class='ocrx_word' id='word_1_483' title='bbox 1161 551 1376 589; x_wconf 69' lang='lat' dir='ltr'><strong><em>adultera2,_elc.</em></strong></span> <span class='ocrx_word' id='word_1_484' title='bbox 1387 561 1408 589; x_wconf 75' lang='lat' dir='ltr'><strong><em>_t</em></strong></span> <span class='ocrx_word' id='word_1_485' title='bbox 1425 552 1592 579; x_wconf 85' lang='lat' dir='ltr'><strong><em>Adulterium</em></strong></span> <span class='ocrx_word' id='word_1_486' title='bbox 1614 554 1677 588; x_wconf 89' lang='lat' dir='ltr'><strong><em>quid</em></strong></span> <span class='ocrx_word' id='word_1_487' title='bbox 1702 556 1810 589; x_wconf 82' lang='lat' dir='ltr'><strong><em>mystice</em></strong></span> 
     </span>
    </p>
   </div>
   <div class='ocr_carea' id='block_1_91' title="bbox 1026 586 1416 621">
    <p class='ocr_par' dir='ltr' id='par_1_91' title="bbox 1026 586 1416 621">
     <span class='ocr_line' id='line_1_92' title="bbox 1026 586 1416 621; baseline 0 -9"><span class='ocrx_word' id='word_1_488' title='bbox 1026 587 1154 621; x_wconf 74' lang='lat' dir='ltr'><strong><em>signiﬁcet</em></strong></span> <span class='ocrx_word' id='word_1_489' title='bbox 1171 587 1197 612; x_wconf 88' lang='lat' dir='ltr'><strong><em>in</em></strong></span> <span class='ocrx_word' id='word_1_490' title='bbox 1207 588 1288 613; x_wconf 85' lang='lat' dir='ltr'><strong><em>sacris</em></strong></span> <span class='ocrx_word' id='word_1_491' title='bbox 1300 586 1416 621; x_wconf 81' lang='lat' dir='ltr'><strong><em>Litteris.</em></strong></span> 
     </span>
    </p>
   </div>
   <div class='ocr_carea' id='block_1_92' title="bbox 1062 620 1808 655">
    <p class='ocr_par' dir='ltr' id='par_1_92' title="bbox 1062 620 1808 655">
     <span class='ocr_line' id='line_1_93' title="bbox 1062 620 1808 655; baseline 0.003 -8"><span class='ocrx_word' id='word_1_492' title='bbox 1062 621 1114 648; x_wconf 82' lang='grc'><strong>418</strong></span> <span class='ocrx_word' id='word_1_493' title='bbox 1126 621 1204 647; x_wconf 88' lang='lat' dir='ltr'><strong><em>Zelus</em></strong></span> <span class='ocrx_word' id='word_1_494' title='bbox 1216 629 1262 654; x_wconf 85' lang='lat' dir='ltr'><strong><em>pro</em></strong></span> <span class='ocrx_word' id='word_1_495' title='bbox 1277 621 1362 655; x_wconf 88' lang='lat' dir='ltr'><strong><em>gloria</em></strong></span> <span class='ocrx_word' id='word_1_496' title='bbox 1377 620 1426 647; x_wconf 83' lang='lat' dir='ltr'><strong><em>Dei</em></strong></span> <span class='ocrx_word' id='word_1_497' title='bbox 1434 621 1569 648; x_wconf 85' lang='lat' dir='ltr'><strong><em>decertans</em></strong></span> <span class='ocrx_word' id='word_1_498' title='bbox 1582 622 1608 648; x_wconf 87' lang='lat' dir='ltr'><strong><em>in</em></strong></span> <span class='ocrx_word' id='word_1_499' title='bbox 1620 622 1684 648; x_wconf 88' lang='lat' dir='ltr'><strong><em>viris</em></strong></span> <span class='ocrx_word' id='word_1_500' title='bbox 1698 624 1808 650; x_wconf 81' lang='lat' dir='ltr'><strong><em>sanctis.</em></strong></span> 
     </span>
    </p>
   </div>
   <div class='ocr_carea' id='block_1_93' title="bbox 1063 656 1808 691">
    <p class='ocr_par' dir='ltr' id='par_1_93' title="bbox 1063 656 1808 691">
     <span class='ocr_line' id='line_1_94' title="bbox 1063 656 1808 691; baseline 0.003 -9"><span class='ocrx_word' id='word_1_501' title='bbox 1063 656 1116 683; x_wconf 71' lang='grc'><strong>419</strong></span> <span class='ocrx_word' id='word_1_502' title='bbox 1136 656 1303 682; x_wconf 86' lang='lat' dir='ltr'><strong><em>Arundineus</em></strong></span> <span class='ocrx_word' id='word_1_503' title='bbox 1321 656 1441 691; x_wconf 56' lang='lat' dir='ltr'><strong><em>jaculus</em></strong></span> <span class='ocrx_word' id='word_1_504' title='bbox 1465 656 1576 691; x_wconf 52' lang='lat' dir='ltr'><strong><em>(Egypti</em></strong></span> <span class='ocrx_word' id='word_1_505' title='bbox 1601 657 1664 691; x_wconf 87' lang='lat' dir='ltr'><strong><em>quid</em></strong></span> <span class='ocrx_word' id='word_1_506' title='bbox 1679 658 1808 691; x_wconf 75' lang='lat' dir='ltr'><strong><em>significet</em></strong></span> 
     </span>
    </p>
   </div>
   <div class='ocr_carea' id='block_1_94' title="bbox 1025 690 1808 725">
    <p class='ocr_par' dir='ltr' id='par_1_94' title="bbox 1025 690 1808 725">
     <span class='ocr_line' id='line_1_95' title="bbox 1025 690 1808 725; baseline 0.003 -9"><span class='ocrx_word' id='word_1_507' title='bbox 1025 692 1095 725; x_wconf 89' lang='lat' dir='ltr'><strong><em>apud</em></strong></span> <span class='ocrx_word' id='word_1_508' title='bbox 1119 691 1271 724; x_wconf 88' lang='lat' dir='ltr'><strong><em>propltetam</em></strong></span> <span class='ocrx_word' id='word_1_509' title='bbox 1293 690 1417 716; x_wconf 86' lang='lat' dir='ltr'><strong><em>:Filium</em></strong></span> <span class='ocrx_word' id='word_1_510' title='bbox 1441 691 1488 717; x_wconf 89' lang='lat' dir='ltr'><strong><em>Dei</em></strong></span> <span class='ocrx_word' id='word_1_511' title='bbox 1506 690 1573 725; x_wconf 73' lang='lat' dir='ltr'><strong><em>post</em></strong></span> <span class='ocrx_word' id='word_1_512' title='bbox 1601 690 1808 718; x_wconf 77' lang='lat' dir='ltr'><strong><em>incarnationem</em></strong></span> 
     </span>
    </p>
   </div>
   <div class='ocr_carea' id='block_1_95' title="bbox 1026 726 1807 759">
    <p class='ocr_par' dir='ltr' id='par_1_95' title="bbox 1026 726 1807 759">
     <span class='ocr_line' id='line_1_96' title="bbox 1026 726 1807 759; baseline 0.003 -8"><span class='ocrx_word' id='word_1_513' title='bbox 1026 727 1153 752; x_wconf 83' lang='lat' dir='ltr'><strong><em>mansisse</em></strong></span> <span class='ocrx_word' id='word_1_514' title='bbox 1166 726 1396 757; x_wconf 80' lang='lat' dir='ltr'><strong><em>incommutatum,</em></strong></span> <span class='ocrx_word' id='word_1_515' title='bbox 1411 726 1589 759; x_wconf 80' lang='lat' dir='ltr'><strong><em>inconfusum,</em></strong></span> <span class='ocrx_word' id='word_1_516' title='bbox 1615 731 1638 752; x_wconf 86' lang='lat' dir='ltr'><strong><em>et</em></strong></span> <span class='ocrx_word' id='word_1_517' title='bbox 1657 727 1807 754; x_wconf 81' lang='lat' dir='ltr'><strong><em>indivisum.</em></strong></span> 
     </span>
    </p>
   </div>
   <div class='ocr_carea' id='block_1_96' title="bbox 1025 760 1808 795">
    <p class='ocr_par' dir='ltr' id='par_1_96' title="bbox 1025 760 1808 795">
     <span class='ocr_line' id='line_1_97' title="bbox 1025 760 1808 795; baseline 0.001 -9"><span class='ocrx_word' id='word_1_518' title='bbox 1025 760 1122 794; x_wconf 84' lang='lat' dir='ltr'><strong><em>Confer</em></strong></span> <span class='ocrx_word' id='word_1_519' title='bbox 1144 761 1244 794; x_wconf 86' lang='lat' dir='ltr'><strong><em>scripta</em></strong></span> <span class='ocrx_word' id='word_1_520' title='bbox 1270 761 1421 793; x_wconf 80' lang='lat' dir='ltr'><strong><em>Athanasii,</em></strong></span> <span class='ocrx_word' id='word_1_521' title='bbox 1454 761 1574 795; x_wconf 82' lang='lat' dir='ltr'><strong><em>dialogos</em></strong></span> <span class='ocrx_word' id='word_1_522' title='bbox 1600 761 1762 794; x_wconf 85' lang='lat' dir='ltr'><strong><em>Theodoreti,</em></strong></span> <span class='ocrx_word' id='word_1_523' title='bbox 1783 766 1808 787; x_wconf 88' lang='lat' dir='ltr'><strong><em>et</em></strong></span> 
     </span>
    </p>
   </div>
   <div class='ocr_carea' id='block_1_97' title="bbox 1025 795 1148 821">
    <p class='ocr_par' dir='ltr' id='par_1_97' title="bbox 1025 795 1148 821">
     <span class='ocr_line' id='line_1_98' title="bbox 1025 795 1148 821; baseline 0 0"><span class='ocrx_word' id='word_1_524' title='bbox 1025 795 1148 821; x_wconf 86' lang='lat' dir='ltr'><strong><em>aliorum.</em></strong></span> 
     </span>
    </p>
   </div>
   <div class='ocr_carea' id='block_1_98' title="bbox 1060 829 1808 890">
    <p class='ocr_par' dir='ltr' id='par_1_98' title="bbox 1060 829 1808 890">
     <span class='ocr_line' id='line_1_99' title="bbox 1060 829 1808 890; baseline 0.001 -34"><span class='ocrx_word' id='word_1_525' title='bbox 1060 831 1112 890; x_wconf 64' lang='lat'><strong><em>4:120</em></strong></span> <span class='ocrx_word' id='word_1_526' title='bbox 1130 829 1288 858; x_wconf 69' lang='lat' dir='ltr'><strong><em>Exhortatio</em></strong></span> <span class='ocrx_word' id='word_1_527' title='bbox 1305 830 1337 856; x_wconf 85' lang='lat' dir='ltr'><strong><em>ad</em></strong></span> <span class='ocrx_word' id='word_1_528' title='bbox 1351 829 1534 857; x_wconf 87' lang='lat' dir='ltr'><strong><em>liberalitatem</em></strong></span> <span class='ocrx_word' id='word_1_529' title='bbox 1548 831 1574 857; x_wconf 92' lang='lat' dir='ltr'><strong><em>in</em></strong></span> <span class='ocrx_word' id='word_1_530' title='bbox 1588 839 1714 865; x_wconf 82' lang='lat' dir='ltr'><strong><em>pauperes</em></strong></span> <span class='ocrx_word' id='word_1_531' title='bbox 1734 838 1808 857; x_wconf 68' lang='lat' dir='ltr'><strong><em>exer-</em></strong></span> 
     </span>
     <span class='ocr_line' id='line_1_100' title="bbox 1060 873 1143 890; baseline 0 0"><span class='ocrx_word' id='word_1_532' title='bbox 1060 873 1079 890; x_wconf 69' lang='grc' dir='ltr'><strong><em>Ἰ(</em></strong></span> <span class='ocrx_word' id='word_1_533' title='bbox 1092 873 1143 890; x_wconf 86' lang='lat' dir='ltr'><strong><em>ant.</em></strong></span> 
     </span>
    </p>
   </div>
   <div class='ocr_carea' id='block_1_99' title="bbox 1025 872 1143 890">
    <p class='ocr_par' dir='ltr' id='par_1_99' title="bbox 1025 872 1143 890">
     <span class='ocr_line' id='line_1_101' title="bbox 1025 872 1143 890; baseline 0 0"><span class='ocrx_word' id='word_1_534' title='bbox 1025 872 1143 890; x_wconf 73' lang='lat' dir='ltr'><strong><em>ceratam.</em></strong></span> 
     </span>
    </p>
   </div>
   <div class='ocr_carea' id='block_1_100' title="bbox 1066 899 1700 933">
    <p class='ocr_par' dir='ltr' id='par_1_100' title="bbox 1066 899 1700 933">
     <span class='ocr_line' id='line_1_102' title="bbox 1066 899 1700 933; baseline 0.002 -7"><span class='ocrx_word' id='word_1_535' title='bbox 1066 900 1112 926; x_wconf 72' lang='grc'><strong>421</strong></span> <span class='ocrx_word' id='word_1_536' title='bbox 1136 899 1252 927; x_wconf 68' lang='lat' dir='ltr'><strong><em>Excusat</em></strong></span> <span class='ocrx_word' id='word_1_537' title='bbox 1266 900 1450 928; x_wconf 71' lang='lat' dir='ltr'><strong><em>vehementiam</em></strong></span> <span class='ocrx_word' id='word_1_538' title='bbox 1467 901 1610 933; x_wconf 85' lang='lat' dir='ltr'><strong><em>superioris</em></strong></span> <span class='ocrx_word' id='word_1_539' title='bbox 1624 901 1700 932; x_wconf 79' lang='lat' dir='ltr'><strong><em>epist.</em></strong></span> 
     </span>
    </p>
   </div>
   <div class='ocr_carea' id='block_1_101' title="bbox 1056 933 1807 970">
    <p class='ocr_par' dir='ltr' id='par_1_101' title="bbox 1056 933 1807 970">
     <span class='ocr_line' id='line_1_103' title="bbox 1056 933 1807 970; baseline 0.003 -10"><span class='ocrx_word' id='word_1_540' title='bbox 1056 933 1109 960; x_wconf 67' lang='lat'><strong><em>4‘22</em></strong></span> <span class='ocrx_word' id='word_1_541' title='bbox 1117 934 1215 970; x_wconf 77' lang='lat' dir='ltr'><strong><em>Contra</em></strong></span> <span class='ocrx_word' id='word_1_542' title='bbox 1226 937 1350 967; x_wconf 80' lang='lat' dir='ltr'><strong><em>Arianos,</em></strong></span> <span class='ocrx_word' id='word_1_543' title='bbox 1359 935 1591 965; x_wconf 76' lang='lat' dir='ltr'><strong><em>diccntesJ’atrem</em></strong></span> <span class='ocrx_word' id='word_1_544' title='bbox 1600 935 1669 961; x_wconf 82' lang='lat' dir='ltr'><strong><em>Filio</em></strong></span> <span class='ocrx_word' id='word_1_545' title='bbox 1680 935 1807 970; x_wconf 78' lang='lat' dir='ltr'><strong><em>majorem</em></strong></span> 
     </span>
    </p>
   </div>
   <div class='ocr_carea' id='block_1_102' title="bbox 1023 968 1804 1005">
    <p class='ocr_par' dir='ltr' id='par_1_102' title="bbox 1023 968 1804 1005">
     <span class='ocr_line' id='line_1_104' title="bbox 1023 968 1804 1005; baseline 0.004 -11"><span class='ocrx_word' id='word_1_546' title='bbox 1023 968 1274 1005; x_wconf 36' lang='lat' dir='ltr'><strong><em>csseLComparatio</em></strong></span> <span class='ocrx_word' id='word_1_547' title='bbox 1283 972 1351 998; x_wconf 82' lang='lat' dir='ltr'><strong><em>inter</em></strong></span> <span class='ocrx_word' id='word_1_548' title='bbox 1361 979 1425 1005; x_wconf 86' lang='lat' dir='ltr'><strong><em>quas</em></strong></span> <span class='ocrx_word' id='word_1_549' title='bbox 1436 978 1474 996; x_wconf 81' lang='lat' dir='ltr'><strong><em>res</em></strong></span> <span class='ocrx_word' id='word_1_550' title='bbox 1484 970 1569 996; x_wconf 76' lang='lat' dir='ltr'><strong><em>locum</em></strong></span> <span class='ocrx_word' id='word_1_551' title='bbox 1581 972 1683 999; x_wconf 80' lang='lat' dir='ltr'><strong><em>haheat,</em></strong></span> <span class='ocrx_word' id='word_1_552' title='bbox 1695 968 1732 996; x_wconf 76' lang='lat' dir='ltr'><strong><em>vel</em></strong></span> <span class='ocrx_word' id='word_1_553' title='bbox 1743 978 1804 998; x_wconf 84' lang='lat' dir='ltr'><strong><em>non.</em></strong></span> 
     </span>
    </p>
   </div>
   <div class='ocr_carea' id='block_1_103' title="bbox 1056 1004 1752 1040">
    <p class='ocr_par' dir='ltr' id='par_1_103' title="bbox 1056 1004 1752 1040">
     <span class='ocr_line' id='line_1_105' title="bbox 1056 1004 1752 1040; baseline 0 -10"><span class='ocrx_word' id='word_1_554' title='bbox 1121 1004 1275 1040; x_wconf 82' lang='lat' dir='ltr'><strong><em>Dehorttttio</em></strong></span> <span class='ocrx_word' id='word_1_555' title='bbox 1290 1014 1305 1031; x_wconf 89' lang='lat' dir='ltr'><strong><em>a</em></strong></span> <span class='ocrx_word' id='word_1_556' title='bbox 1320 1004 1392 1040; x_wconf 77' lang='lat' dir='ltr'><strong><em>gula,</em></strong></span> <span class='ocrx_word' id='word_1_557' title='bbox 1409 1005 1514 1039; x_wconf 85' lang='lat' dir='ltr'><strong><em>ejusque</em></strong></span> <span class='ocrx_word' id='word_1_558' title='bbox 1526 1005 1618 1031; x_wconf 86' lang='lat' dir='ltr'><strong><em>comite</em></strong></span> <span class='ocrx_word' id='word_1_559' title='bbox 1635 1005 1752 1031; x_wconf 70' lang='lat' dir='ltr'><strong><em>libidine.</em></strong></span> 
     </span>
    </p>
   </div>
   <div class='ocr_carea' id='block_1_104' title="bbox 1051 1037 1806 1072">
    <p class='ocr_par' dir='ltr' id='par_1_104' title="bbox 1051 1037 1806 1072">
     <span class='ocr_line' id='line_1_106' title="bbox 1051 1037 1806 1072; baseline 0.004 -9"><span class='ocrx_word' id='word_1_560' title='bbox 1051 1037 1104 1064; x_wconf 67' lang='grc' dir='ltr'><strong>4ἳ4-</strong></span> <span class='ocrx_word' id='word_1_561' title='bbox 1126 1039 1164 1066; x_wconf 86' lang='lat' dir='ltr'><strong><em>De</em></strong></span> <span class='ocrx_word' id='word_1_562' title='bbox 1192 1037 1370 1067; x_wconf 75' lang='lat' dir='ltr'><strong><em>moderatione</em></strong></span> <span class='ocrx_word' id='word_1_563' title='bbox 1387 1037 1490 1066; x_wconf 25' lang='lat' dir='ltr'><strong><em>in&#39;cib‘o</em></strong></span> <span class='ocrx_word' id='word_1_564' title='bbox 1514 1043 1539 1066; x_wconf 89' lang='lat' dir='ltr'><strong><em>et</em></strong></span> <span class='ocrx_word' id='word_1_565' title='bbox 1558 1045 1620 1072; x_wconf 88' lang='lat' dir='ltr'><strong><em>potu</em></strong></span> <span class='ocrx_word' id='word_1_566' title='bbox 1640 1048 1656 1065; x_wconf 93' lang='lat' dir='ltr'><strong><em>a</em></strong></span> <span class='ocrx_word' id='word_1_567' title='bbox 1679 1040 1806 1066; x_wconf 88' lang='lat' dir='ltr'><strong><em>ntonaclto</em></strong></span> 
     </span>
    </p>
   </div>
   <div class='ocr_carea' id='block_1_105' title="bbox 1023 1073 1179 1100">
    <p class='ocr_par' dir='ltr' id='par_1_105' title="bbox 1023 1073 1179 1100">
     <span class='ocr_line' id='line_1_107' title="bbox 1023 1073 1179 1100; baseline 0.006 -2"><span class='ocrx_word' id='word_1_568' title='bbox 1023 1073 1179 1100; x_wconf 82' lang='lat' dir='ltr'><strong><em>adhibenda.</em></strong></span> 
     </span>
    </p>
   </div>
   <div class='ocr_carea' id='block_1_106' title="bbox 1056 1107 1569 1143">
    <p class='ocr_par' dir='ltr' id='par_1_106' title="bbox 1056 1107 1569 1143">
     <span class='ocr_line' id='line_1_108' title="bbox 1056 1107 1569 1143; baseline 0.004 -10"><span class='ocrx_word' id='word_1_569' title='bbox 1056 1107 1108 1134; x_wconf 70' lang='grc'><strong><em>425</em></strong></span> <span class='ocrx_word' id='word_1_570' title='bbox 1121 1108 1271 1143; x_wconf 85' lang='lat' dir='ltr'><strong><em>Increpatio</em></strong></span> <span class='ocrx_word' id='word_1_571' title='bbox 1282 1109 1398 1143; x_wconf 82' lang='lat' dir='ltr'><strong><em>episcopi</em></strong></span> <span class='ocrx_word' id='word_1_572' title='bbox 1411 1109 1569 1135; x_wconf 84' lang='lat' dir='ltr'><strong><em>Simoniact.</em></strong></span> 
     </span>
    </p>
   </div>
   <div class='ocr_carea' id='block_1_107' title="bbox 1054 1142 1657 1170">
    <p class='ocr_par' dir='ltr' id='par_1_107' title="bbox 1054 1142 1657 1170">
     <span class='ocr_line' id='line_1_109' title="bbox 1054 1142 1657 1170; baseline 0.003 -2"><span class='ocrx_word' id='word_1_573' title='bbox 1054 1142 1105 1169; x_wconf 66' lang='grc'>426</span> <span class='ocrx_word' id='word_1_574' title='bbox 1119 1143 1238 1170; x_wconf 79' lang='lat' dir='ltr'><strong><em>Christus</em></strong></span> <span class='ocrx_word' id='word_1_575' title='bbox 1251 1153 1306 1170; x_wconf 77' lang='lat' dir='ltr'><strong><em>vere</em></strong></span> <span class='ocrx_word' id='word_1_576' title='bbox 1318 1145 1416 1170; x_wconf 88' lang='lat' dir='ltr'><strong><em>dicitur</em></strong></span> <span class='ocrx_word' id='word_1_577' title='bbox 1431 1151 1515 1169; x_wconf 83' lang='lat' dir='ltr'><strong><em>scmcn</em></strong></span> <span class='ocrx_word' id='word_1_578' title='bbox 1529 1143 1657 1170; x_wconf 79' lang='lat' dir='ltr'><strong><em>mulieris.</em></strong></span> 
     </span>
    </p>
   </div>
   <div class='ocr_carea' id='block_1_108' title="bbox 1059 1177 1805 1212">
    <p class='ocr_par' dir='ltr' id='par_1_108' title="bbox 1059 1177 1805 1212">
     <span class='ocr_line' id='line_1_110' title="bbox 1059 1177 1805 1212; baseline 0.003 -9"><span class='ocrx_word' id='word_1_579' title='bbox 1059 1177 1110 1203; x_wconf 72' lang='grc'>427</span> <span class='ocrx_word' id='word_1_580' title='bbox 1127 1178 1226 1205; x_wconf 88' lang='lat' dir='ltr'><strong><em>Contra</em></strong></span> <span class='ocrx_word' id='word_1_581' title='bbox 1247 1187 1289 1206; x_wconf 85' lang='lat' dir='ltr'><strong><em>eos</em></strong></span> <span class='ocrx_word' id='word_1_582' title='bbox 1303 1180 1346 1212; x_wconf 90' lang='lat' dir='ltr'><strong><em>qui</em></strong></span> <span class='ocrx_word' id='word_1_583' title='bbox 1360 1179 1414 1205; x_wconf 88' lang='lat' dir='ltr'><strong><em>solo</em></strong></span> <span class='ocrx_word' id='word_1_584' title='bbox 1429 1178 1520 1204; x_wconf 85' lang='lat' dir='ltr'><strong><em>habitu</em></strong></span> <span class='ocrx_word' id='word_1_585' title='bbox 1534 1179 1722 1212; x_wconf 77' lang='lat' dir='ltr'><strong><em>professionem</em></strong></span> <span class='ocrx_word' id='word_1_586' title='bbox 1735 1187 1805 1206; x_wconf 86' lang='lat' dir='ltr'><strong><em>men-</em></strong></span> 
     </span>
    </p>
   </div>
   <div class='ocr_carea' id='block_1_109' title="bbox 1023 1213 1572 1248">
    <p class='ocr_par' dir='ltr' id='par_1_109' title="bbox 1023 1213 1572 1248">
     <span class='ocr_line' id='line_1_111' title="bbox 1023 1213 1572 1248; baseline 0 -10"><span class='ocrx_word' id='word_1_587' title='bbox 1023 1213 1137 1248; x_wconf 76' lang='lat' dir='ltr'><strong><em>tiuntur,</em></strong></span> <span class='ocrx_word' id='word_1_588' title='bbox 1151 1219 1275 1248; x_wconf 88' lang='lat' dir='ltr'><strong><em>tanquant</em></strong></span> <span class='ocrx_word' id='word_1_589' title='bbox 1288 1214 1429 1240; x_wconf 82' lang='lat' dir='ltr'><strong><em>histriones</em></strong></span> <span class='ocrx_word' id='word_1_590' title='bbox 1440 1213 1467 1238; x_wconf 87' lang='lat' dir='ltr'><strong><em>in</em></strong></span> <span class='ocrx_word' id='word_1_591' title='bbox 1485 1221 1572 1238; x_wconf 76' lang='lat' dir='ltr'><strong><em>scena.</em></strong></span> 
     </span>
    </p>
   </div>
   <div class='ocr_carea' id='block_1_110' title="bbox 1057 1247 1803 1282">
    <p class='ocr_par' dir='ltr' id='par_1_110' title="bbox 1057 1247 1803 1282">
     <span class='ocr_line' id='line_1_112' title="bbox 1057 1247 1803 1282; baseline 0.003 -9"><span class='ocrx_word' id='word_1_592' title='bbox 1057 1247 1109 1282; x_wconf 68' lang='lat'><strong><em>428</em></strong></span> <span class='ocrx_word' id='word_1_593' title='bbox 1124 1249 1260 1280; x_wconf 79' lang='lat' dir='ltr'><strong><em>Quomodo</em></strong></span> <span class='ocrx_word' id='word_1_594' title='bbox 1272 1250 1354 1275; x_wconf 86' lang='lat' dir='ltr'><strong><em>virtus</em></strong></span> <span class='ocrx_word' id='word_1_595' title='bbox 1366 1248 1414 1274; x_wconf 85' lang='lat' dir='ltr'><strong><em>Dei</em></strong></span> <span class='ocrx_word' id='word_1_596' title='bbox 1429 1248 1456 1274; x_wconf 87' lang='lat' dir='ltr'><strong><em>in</em></strong></span> <span class='ocrx_word' id='word_1_597' title='bbox 1467 1248 1623 1281; x_wconf 79' lang='lat' dir='ltr'><strong><em>inﬁrmitate</em></strong></span> <span class='ocrx_word' id='word_1_598' title='bbox 1639 1249 1803 1282; x_wconf 83' lang='lat' dir='ltr'><strong><em>perﬁciatur.</em></strong></span> 
     </span>
    </p>
   </div>
   <div class='ocr_carea' id='block_1_111' title="bbox 1055 1281 1805 1317">
    <p class='ocr_par' dir='ltr' id='par_1_111' title="bbox 1055 1281 1805 1317">
     <span class='ocr_line' id='line_1_113' title="bbox 1055 1281 1805 1317; baseline 0.004 -9"><span class='ocrx_word' id='word_1_599' title='bbox 1055 1281 1107 1309; x_wconf 73' lang='grc'><strong><em>429</em></strong></span> <span class='ocrx_word' id='word_1_600' title='bbox 1120 1283 1256 1315; x_wconf 75' lang='lat' dir='ltr'><strong><em>Quomodo</em></strong></span> <span class='ocrx_word' id='word_1_601' title='bbox 1278 1283 1348 1310; x_wconf 88' lang='lat' dir='ltr'><strong><em>Deus</em></strong></span> <span class='ocrx_word' id='word_1_602' title='bbox 1364 1283 1521 1317; x_wconf 83' lang='lat' dir='ltr'><strong><em>sapientiam</em></strong></span> <span class='ocrx_word' id='word_1_603' title='bbox 1533 1283 1612 1316; x_wconf 88' lang='lat' dir='ltr'><strong><em>hujus</em></strong></span> <span class='ocrx_word' id='word_1_604' title='bbox 1631 1281 1722 1310; x_wconf 83' lang='lat' dir='ltr'><strong><em>mundi</em></strong></span> <span class='ocrx_word' id='word_1_605' title='bbox 1736 1284 1805 1310; x_wconf 49' lang='lat' dir='ltr'><strong><em>stul‘</em></strong></span> 
     </span>
    </p>
   </div>
   <div class='ocr_carea' id='block_1_112' title="bbox 1021 1318 1242 1345">
    <p class='ocr_par' dir='ltr' id='par_1_112' title="bbox 1021 1318 1242 1345">
     <span class='ocr_line' id='line_1_114' title="bbox 1021 1318 1242 1345; baseline 0.014 -3"><span class='ocrx_word' id='word_1_606' title='bbox 1021 1320 1074 1343; x_wconf 88' lang='lat' dir='ltr'><strong><em>tam</em></strong></span> <span class='ocrx_word' id='word_1_607' title='bbox 1090 1318 1242 1345; x_wconf 87' lang='lat' dir='ltr'><strong><em>reddiderit.</em></strong></span> 
     </span>
    </p>
   </div>
   <div class='ocr_carea' id='block_1_113' title="bbox 1052 1351 1804 1388">
    <p class='ocr_par' dir='ltr' id='par_1_113' title="bbox 1052 1351 1804 1388">
     <span class='ocr_line' id='line_1_115' title="bbox 1052 1351 1804 1388; baseline 0.003 -10"><span class='ocrx_word' id='word_1_608' title='bbox 1052 1352 1104 1388; x_wconf 66' lang='grc'><strong>450</strong></span> <span class='ocrx_word' id='word_1_609' title='bbox 1114 1353 1268 1380; x_wconf 86' lang='lat' dir='ltr'><strong><em>Admonitio</em></strong></span> <span class='ocrx_word' id='word_1_610' title='bbox 1278 1353 1462 1388; x_wconf 86' lang='lat' dir='ltr'><strong><em>quorumdam,</em></strong></span> <span class='ocrx_word' id='word_1_611' title='bbox 1474 1360 1504 1378; x_wconf 90' lang='lat' dir='ltr'><strong><em>nc</em></strong></span> <span class='ocrx_word' id='word_1_612' title='bbox 1516 1351 1631 1386; x_wconf 86' lang='lat' dir='ltr'><strong><em>patriam</em></strong></span> <span class='ocrx_word' id='word_1_613' title='bbox 1645 1352 1760 1386; x_wconf 78' lang='lat' dir='ltr'><strong><em>diripere</em></strong></span> <span class='ocrx_word' id='word_1_614' title='bbox 1772 1361 1804 1380; x_wconf 87' lang='lat' dir='ltr'><strong><em>ac</em></strong></span> 
     </span>
    </p>
   </div>
   <div class='ocr_carea' id='block_1_114' title="bbox 1021 1386 1231 1414">
    <p class='ocr_par' dir='ltr' id='par_1_114' title="bbox 1021 1386 1231 1414">
     <span class='ocr_line' id='line_1_116' title="bbox 1021 1386 1231 1414; baseline 0.01 -2"><span class='ocrx_word' id='word_1_615' title='bbox 1021 1386 1127 1413; x_wconf 86' lang='lat' dir='ltr'><strong><em>turbare</em></strong></span> <span class='ocrx_word' id='word_1_616' title='bbox 1145 1387 1231 1414; x_wconf 87' lang='lat' dir='ltr'><strong><em>velint.</em></strong></span> 
     </span>
    </p>
   </div>
   <div class='ocr_carea' id='block_1_115' title="bbox 1060 1420 1686 1455">
    <p class='ocr_par' dir='ltr' id='par_1_115' title="bbox 1060 1420 1686 1455">
     <span class='ocr_line' id='line_1_117' title="bbox 1060 1420 1686 1455; baseline 0 -8"><span class='ocrx_word' id='word_1_617' title='bbox 1060 1420 1109 1448; x_wconf 75' lang='grc'><strong>451</strong></span> <span class='ocrx_word' id='word_1_618' title='bbox 1124 1421 1238 1449; x_wconf 83' lang='lat' dir='ltr'><strong><em>Pietatis</em></strong></span> <span class='ocrx_word' id='word_1_619' title='bbox 1250 1423 1350 1449; x_wconf 84' lang='lat' dir='ltr'><strong><em>semina</em></strong></span> <span class='ocrx_word' id='word_1_620' title='bbox 1360 1423 1388 1449; x_wconf 92' lang='lat' dir='ltr'><strong><em>in</em></strong></span> <span class='ocrx_word' id='word_1_621' title='bbox 1402 1426 1498 1448; x_wconf 90' lang='lat' dir='ltr'><strong><em>natura</em></strong></span> <span class='ocrx_word' id='word_1_622' title='bbox 1509 1429 1601 1455; x_wconf 85' lang='lat' dir='ltr'><strong><em>sparsa</em></strong></span> <span class='ocrx_word' id='word_1_623' title='bbox 1615 1427 1686 1447; x_wconf 87' lang='lat' dir='ltr'><strong><em>sunt.</em></strong></span> 
     </span>
    </p>
   </div>
   <div class='ocr_carea' id='block_1_116' title="bbox 1057 1456 1610 1490">
    <p class='ocr_par' dir='ltr' id='par_1_116' title="bbox 1057 1456 1610 1490">
     <span class='ocr_line' id='line_1_118' title="bbox 1057 1456 1610 1490; baseline -0.004 -7"><span class='ocrx_word' id='word_1_624' title='bbox 1057 1456 1110 1483; x_wconf 67' lang='grc'><strong><em>432</em></strong></span> <span class='ocrx_word' id='word_1_625' title='bbox 1126 1457 1284 1484; x_wconf 71' lang='lat' dir='ltr'><strong><em>Exhortatio</em></strong></span> <span class='ocrx_word' id='word_1_626' title='bbox 1299 1458 1332 1484; x_wconf 88' lang='lat' dir='ltr'><strong><em>ad</em></strong></span> <span class='ocrx_word' id='word_1_627' title='bbox 1347 1458 1515 1490; x_wconf 70' lang='lat' dir='ltr'><strong><em>exstirpanda</em></strong></span> <span class='ocrx_word' id='word_1_628' title='bbox 1535 1457 1610 1482; x_wconf 80' lang='lat' dir='ltr'><strong><em>vitia.</em></strong></span> 
     </span>
    </p>
   </div>
   <div class='ocr_carea' id='block_1_117' title="bbox 1054 1491 1803 1525">
    <p class='ocr_par' dir='ltr' id='par_1_117' title="bbox 1054 1491 1803 1525">
     <span class='ocr_line' id='line_1_119' title="bbox 1054 1491 1803 1525; baseline 0.001 -8"><span class='ocrx_word' id='word_1_629' title='bbox 1054 1491 1107 1517; x_wconf 68' lang='grc'><strong><em>433</em></strong></span> <span class='ocrx_word' id='word_1_630' title='bbox 1120 1491 1249 1519; x_wconf 84' lang='lat' dir='ltr'><strong><em>Adversus</em></strong></span> <span class='ocrx_word' id='word_1_631' title='bbox 1264 1493 1382 1519; x_wconf 88' lang='lat' dir='ltr'><strong><em>incendia</em></strong></span> <span class='ocrx_word' id='word_1_632' title='bbox 1393 1493 1529 1518; x_wconf 82' lang='lat' dir='ltr'><strong><em>libidinum</em></strong></span> <span class='ocrx_word' id='word_1_633' title='bbox 1544 1491 1714 1517; x_wconf 82' lang='lat' dir='ltr'><strong><em>utilissimum</em></strong></span> <span class='ocrx_word' id='word_1_634' title='bbox 1726 1491 1803 1525; x_wconf 82' lang='lat' dir='ltr'><strong><em>phar-</em></strong></span> 
     </span>
    </p>
   </div>
   <div class='ocr_carea' id='block_1_118' title="bbox 1019 1525 1802 1561">
    <p class='ocr_par' dir='ltr' id='par_1_118' title="bbox 1019 1525 1802 1561">
     <span class='ocr_line' id='line_1_120' title="bbox 1019 1525 1802 1561; baseline 0.004 -10"><span class='ocrx_word' id='word_1_635' title='bbox 1019 1533 1133 1559; x_wconf 84' lang='lat' dir='ltr'><strong><em>macum,</em></strong></span> <span class='ocrx_word' id='word_1_636' title='bbox 1151 1532 1179 1553; x_wconf 88' lang='lat' dir='ltr'><strong><em>ut</em></strong></span> <span class='ocrx_word' id='word_1_637' title='bbox 1194 1528 1293 1554; x_wconf 84' lang='lat' dir='ltr'><strong><em>scilicet</em></strong></span> <span class='ocrx_word' id='word_1_638' title='bbox 1316 1527 1495 1554; x_wconf 79' lang='lat' dir='ltr'><strong><em>recordatione</em></strong></span> <span class='ocrx_word' id='word_1_639' title='bbox 1514 1525 1664 1560; x_wconf 87' lang='lat' dir='ltr'><strong><em>sempiterni</em></strong></span> <span class='ocrx_word' id='word_1_640' title='bbox 1684 1527 1750 1561; x_wconf 86' lang='lat' dir='ltr'><strong><em>ignis</em></strong></span> <span class='ocrx_word' id='word_1_641' title='bbox 1771 1535 1802 1554; x_wconf 82' lang='lat' dir='ltr'><strong><em>eu</em></strong></span> 
     </span>
    </p>
   </div>
   <div class='ocr_carea' id='block_1_119' title="bbox 1019 1561 1223 1595">
    <p class='ocr_par' dir='ltr' id='par_1_119' title="bbox 1019 1561 1223 1595">
     <span class='ocr_line' id='line_1_121' title="bbox 1019 1561 1223 1595; baseline 0.01 -9"><span class='ocrx_word' id='word_1_642' title='bbox 1019 1561 1223 1595; x_wconf 87' lang='lat' dir='ltr'><strong><em>restinguamus.</em></strong></span> 
     </span>
    </p>
   </div>
   <div class='ocr_carea' id='block_1_120' title="bbox 1054 1597 1542 1624">
    <p class='ocr_par' dir='ltr' id='par_1_120' title="bbox 1054 1597 1542 1624">
     <span class='ocr_line' id='line_1_122' title="bbox 1054 1597 1542 1624; baseline 0 -2"><span class='ocrx_word' id='word_1_643' title='bbox 1054 1597 1106 1622; x_wconf 79' lang='grc'><strong><em>454</em></strong></span> <span class='ocrx_word' id='word_1_644' title='bbox 1123 1597 1271 1623; x_wconf 79' lang='lat' dir='ltr'><strong><em>Amuletum</em></strong></span> <span class='ocrx_word' id='word_1_645' title='bbox 1288 1602 1379 1624; x_wconf 88' lang='lat' dir='ltr'><strong><em>contra</em></strong></span> <span class='ocrx_word' id='word_1_646' title='bbox 1394 1597 1542 1623; x_wconf 87' lang='lat' dir='ltr'><strong><em>avaritiam.</em></strong></span> 
     </span>
    </p>
   </div>
   <div class='ocr_carea' id='block_1_121' title="bbox 1054 1630 1513 1658">
    <p class='ocr_par' dir='ltr' id='par_1_121' title="bbox 1054 1630 1513 1658">
     <span class='ocr_line' id='line_1_123' title="bbox 1054 1630 1513 1658; baseline 0 -1"><span class='ocrx_word' id='word_1_647' title='bbox 1054 1630 1106 1657; x_wconf 81' lang='grc'><strong><em>455</em></strong></span> <span class='ocrx_word' id='word_1_648' title='bbox 1120 1631 1158 1657; x_wconf 88' lang='lat' dir='ltr'><strong><em>De</em></strong></span> <span class='ocrx_word' id='word_1_649' title='bbox 1174 1631 1360 1658; x_wconf 88' lang='lat' dir='ltr'><strong><em>monac/torum</em></strong></span> <span class='ocrx_word' id='word_1_650' title='bbox 1373 1632 1513 1657; x_wconf 83' lang='lat' dir='ltr'><strong><em>institutis.</em></strong></span> 
     </span>
    </p>
   </div>
   <div class='ocr_carea' id='block_1_122' title="bbox 1053 1665 1552 1701">
    <p class='ocr_par' dir='ltr' id='par_1_122' title="bbox 1053 1665 1552 1701">
     <span class='ocr_line' id='line_1_124' title="bbox 1053 1665 1552 1701; baseline 0.004 -10"><span class='ocrx_word' id='word_1_651' title='bbox 1053 1665 1105 1691; x_wconf 77' lang='grc'><strong><em>456</em></strong></span> <span class='ocrx_word' id='word_1_652' title='bbox 1120 1665 1270 1701; x_wconf 85' lang='lat' dir='ltr'><strong><em>lncrepatio</em></strong></span> <span class='ocrx_word' id='word_1_653' title='bbox 1284 1667 1396 1693; x_wconf 84' lang='lat' dir='ltr'><strong><em>hominis</em></strong></span> <span class='ocrx_word' id='word_1_654' title='bbox 1413 1665 1552 1700; x_wconf 80' lang='lat' dir='ltr'><strong><em>deplorati.</em></strong></span> 
     </span>
    </p>
   </div>
   <div class='ocr_carea' id='block_1_123' title="bbox 1051 1700 1503 1735">
    <p class='ocr_par' dir='ltr' id='par_1_123' title="bbox 1051 1700 1503 1735">
     <span class='ocr_line' id='line_1_125' title="bbox 1051 1700 1503 1735; baseline 0.002 -9"><span class='ocrx_word' id='word_1_655' title='bbox 1051 1700 1103 1726; x_wconf 76' lang='grc'><strong><em>457</em></strong></span> <span class='ocrx_word' id='word_1_656' title='bbox 1122 1710 1131 1726; x_wconf 74' lang='grc' dir='ltr'><strong><em>ι</em></strong></span> <span class='ocrx_word' id='word_1_657' title='bbox 1151 1700 1260 1734; x_wconf 80' lang='lat' dir='ltr'><strong><em>Medice,</em></strong></span> <span class='ocrx_word' id='word_1_658' title='bbox 1276 1709 1339 1728; x_wconf 88' lang='lat' dir='ltr'><strong><em>cura</em></strong></span> <span class='ocrx_word' id='word_1_659' title='bbox 1356 1702 1474 1735; x_wconf 85' lang='lat' dir='ltr'><strong><em>teipsum.</em></strong></span> <span class='ocrx_word' id='word_1_660' title='bbox 1495 1711 1503 1727; x_wconf 81' lang='grc' dir='ltr'><strong><em>ι</em></strong></span> 
     </span>
    </p>
   </div>
   <div class='ocr_carea' id='block_1_124' title="bbox 1051 1735 1802 1771">
    <p class='ocr_par' dir='ltr' id='par_1_124' title="bbox 1051 1735 1802 1771">
     <span class='ocr_line' id='line_1_126' title="bbox 1051 1735 1802 1771; baseline 0.003 -10"><span class='ocrx_word' id='word_1_661' title='bbox 1051 1735 1104 1771; x_wconf 76' lang='grc'><strong><em>458</em></strong></span> <span class='ocrx_word' id='word_1_662' title='bbox 1132 1735 1184 1762; x_wconf 82' lang='lat' dir='ltr'><strong><em>Par</em></strong></span> <span class='ocrx_word' id='word_1_663' title='bbox 1215 1741 1347 1762; x_wconf 88' lang='lat' dir='ltr'><strong><em>turturnrn</em></strong></span> <span class='ocrx_word' id='word_1_664' title='bbox 1368 1741 1391 1762; x_wconf 84' lang='lat' dir='ltr'><strong><em>et</em></strong></span> <span class='ocrx_word' id='word_1_665' title='bbox 1411 1745 1459 1770; x_wconf 86' lang='lat' dir='ltr'><strong><em>pur</em></strong></span> <span class='ocrx_word' id='word_1_666' title='bbox 1486 1735 1666 1765; x_wconf 76' lang='lat' dir='ltr'><strong><em>columbarum</em></strong></span> <span class='ocrx_word' id='word_1_667' title='bbox 1692 1744 1724 1762; x_wconf 80' lang='lat' dir='ltr'><strong><em>ea:</em></strong></span> <span class='ocrx_word' id='word_1_668' title='bbox 1748 1735 1802 1771; x_wconf 75' lang='lat' dir='ltr'><strong><em>lege</em></strong></span> 
     </span>
    </p>
   </div>
   <div class='ocr_carea' id='block_1_125' title="bbox 1018 1770 1477 1805">
    <p class='ocr_par' dir='ltr' id='par_1_125' title="bbox 1018 1770 1477 1805">
     <span class='ocr_line' id='line_1_127' title="bbox 1018 1770 1477 1805; baseline 0.002 -10"><span class='ocrx_word' id='word_1_669' title='bbox 1018 1770 1178 1804; x_wconf 76' lang='lat' dir='ltr'><strong><em>o/fet&#39;endum</em></strong></span> <span class='ocrx_word' id='word_1_670' title='bbox 1191 1771 1253 1804; x_wconf 87' lang='lat' dir='ltr'><strong><em>quid</em></strong></span> <span class='ocrx_word' id='word_1_671' title='bbox 1267 1772 1351 1805; x_wconf 84' lang='lat' dir='ltr'><strong><em>typice</em></strong></span> <span class='ocrx_word' id='word_1_672' title='bbox 1366 1771 1477 1796; x_wconf 88' lang='lat' dir='ltr'><strong><em>notarit.</em></strong></span> 
     </span>
    </p>
   </div>
   <div class='ocr_carea' id='block_1_126' title="bbox 1052 1804 1800 1839">
    <p class='ocr_par' dir='ltr' id='par_1_126' title="bbox 1052 1804 1800 1839">
     <span class='ocr_line' id='line_1_128' title="bbox 1052 1804 1800 1839; baseline 0.001 -8"><span class='ocrx_word' id='word_1_673' title='bbox 1052 1804 1104 1831; x_wconf 77' lang='grc'><strong><em>459</em></strong></span> <span class='ocrx_word' id='word_1_674' title='bbox 1121 1805 1257 1837; x_wconf 81' lang='lat' dir='ltr'><strong><em>Quomodo</em></strong></span> <span class='ocrx_word' id='word_1_675' title='bbox 1268 1804 1464 1839; x_wconf 66' lang='lat' dir='ltr'><strong><em>intelligendum</em></strong></span> <span class='ocrx_word' id='word_1_676' title='bbox 1482 1805 1516 1831; x_wconf 85' lang='lat' dir='ltr'><strong><em>sit</em></strong></span> <span class='ocrx_word' id='word_1_677' title='bbox 1532 1807 1600 1839; x_wconf 88' lang='lat' dir='ltr'><strong><em>quod</em></strong></span> <span class='ocrx_word' id='word_1_678' title='bbox 1623 1807 1690 1834; x_wconf 74' lang='lat' dir='ltr'><strong><em>Deus</em></strong></span> <span class='ocrx_word' id='word_1_679' title='bbox 1706 1807 1737 1834; x_wconf 90' lang='lat' dir='ltr'><strong><em>de</em></strong></span> <span class='ocrx_word' id='word_1_680' title='bbox 1752 1815 1800 1834; x_wconf 86' lang='lat' dir='ltr'><strong><em>sua</em></strong></span> 
     </span>
    </p>
   </div>
   <div class='ocr_carea' id='block_1_127' title="bbox 1017 1839 1767 1874">
    <p class='ocr_par' dir='ltr' id='par_1_127' title="bbox 1017 1839 1767 1874">
     <span class='ocr_line' id='line_1_129' title="bbox 1017 1839 1767 1874; baseline 0.003 -8"><span class='ocrx_word' id='word_1_681' title='bbox 1017 1840 1166 1874; x_wconf 86' lang='lat' dir='ltr'><strong><em>pa&#39;nitentia</em></strong></span> <span class='ocrx_word' id='word_1_682' title='bbox 1178 1847 1256 1873; x_wconf 88' lang='lat' dir='ltr'><strong><em>super</em></strong></span> <span class='ocrx_word' id='word_1_683' title='bbox 1271 1841 1392 1866; x_wconf 82' lang='lat' dir='ltr'><strong><em>unctione</em></strong></span> <span class='ocrx_word' id='word_1_684' title='bbox 1408 1839 1497 1866; x_wconf 81' lang='lat' dir='ltr'><strong><em>Saulis</em></strong></span> <span class='ocrx_word' id='word_1_685' title='bbox 1513 1842 1587 1867; x_wconf 74' lang='lat' dir='ltr'><strong><em>dicit.</em></strong></span> <span class='ocrx_word' id='word_1_686' title='bbox 1756 1863 1767 1873; x_wconf 91' lang='lat'><strong><em>,</em></strong></span> 
     </span>
    </p>
   </div>
   <div class='ocr_carea' id='block_1_128' title="bbox 1051 1874 1798 1910">
    <p class='ocr_par' dir='ltr' id='par_1_128' title="bbox 1051 1874 1798 1910">
     <span class='ocr_line' id='line_1_130' title="bbox 1051 1874 1798 1910; baseline 0.003 -10"><span class='ocrx_word' id='word_1_687' title='bbox 1051 1874 1260 1910; x_wconf 22' lang='lat' dir='ltr'><strong><em>450wlt&#39;tcpositio</em></strong></span> <span class='ocrx_word' id='word_1_688' title='bbox 1275 1875 1337 1900; x_wconf 84' lang='lat' dir='ltr'><strong><em>dicti</em></strong></span> <span class='ocrx_word' id='word_1_689' title='bbox 1351 1874 1460 1906; x_wconf 80' lang='lat' dir='ltr'><strong><em>Christi,</em></strong></span> <span class='ocrx_word' id='word_1_690' title='bbox 1475 1875 1543 1908; x_wconf 78' lang='lat' dir='ltr'><strong><em>quod</em></strong></span> <span class='ocrx_word' id='word_1_691' title='bbox 1558 1878 1646 1910; x_wconf 81' lang='lat' dir='ltr'><strong><em>pueris</em></strong></span> <span class='ocrx_word' id='word_1_692' title='bbox 1662 1877 1798 1904; x_wconf 80' lang='lat' dir='ltr'><strong><em>debeantur</em></strong></span> 
     </span>
    </p>
   </div>
   <div class='ocr_carea' id='block_1_129' title="bbox 1018 1908 1385 1941">
    <p class='ocr_par' dir='ltr' id='par_1_129' title="bbox 1018 1908 1385 1941">
     <span class='ocr_line' id='line_1_131' title="bbox 1018 1908 1385 1941; baseline -0.003 -6"><span class='ocrx_word' id='word_1_693' title='bbox 1018 1909 1174 1941; x_wconf 86' lang='lat' dir='ltr'><strong><em>assimilari,</em></strong></span> <span class='ocrx_word' id='word_1_694' title='bbox 1195 1908 1288 1936; x_wconf 82' lang='lat' dir='ltr'><strong><em>Matth.</em></strong></span> <span class='ocrx_word' id='word_1_695' title='bbox 1309 1916 1385 1935; x_wconf 85' lang='lat' dir='ltr'><strong><em>xutt.</em></strong></span> 
     </span>
    </p>
   </div>
   <div class='ocr_carea' id='block_1_130' title="bbox 1052 1943 1798 1981">
    <p class='ocr_par' dir='ltr' id='par_1_130' title="bbox 1052 1943 1798 1981">
     <span class='ocr_line' id='line_1_132' title="bbox 1052 1943 1798 1981; baseline 0.005 -12"><span class='ocrx_word' id='word_1_696' title='bbox 1052 1943 1101 1970; x_wconf 85' lang='grc'><strong><em>441</em></strong></span> <span class='ocrx_word' id='word_1_697' title='bbox 1120 1943 1260 1978; x_wconf 85' lang='lat' dir='ltr'><strong><em>Responsio</em></strong></span> <span class='ocrx_word' id='word_1_698' title='bbox 1276 1944 1309 1970; x_wconf 89' lang='lat' dir='ltr'><strong><em>ad</em></strong></span> <span class='ocrx_word' id='word_1_699' title='bbox 1327 1944 1482 1970; x_wconf 80' lang='lat' dir='ltr'><strong><em>instantiam</em></strong></span> <span class='ocrx_word' id='word_1_700' title='bbox 1495 1952 1527 1970; x_wconf 65' lang='lat' dir='ltr'><strong><em>ex</em></strong></span> <span class='ocrx_word' id='word_1_701' title='bbox 1541 1947 1674 1980; x_wconf 83' lang='lat' dir='ltr'><strong><em>superiore</em></strong></span> <span class='ocrx_word' id='word_1_702' title='bbox 1687 1947 1798 1981; x_wconf 78' lang='lat' dir='ltr'><strong><em>cpistqu</em></strong></span> 
     </span>
    </p>
   </div>
   <div class='ocr_carea' id='block_1_131' title="bbox 1017 1983 1114 2005">
    <p class='ocr_par' dir='ltr' id='par_1_131' title="bbox 1017 1983 1114 2005">
     <span class='ocr_line' id='line_1_133' title="bbox 1017 1983 1114 2005; baseline -0.01 0"><span class='ocrx_word' id='word_1_703' title='bbox 1017 1983 1114 2005; x_wconf 73' lang='lat' dir='ltr'><strong><em>&#39;talam.</em></strong></span> 
     </span>
    </p>
   </div>
   <div class='ocr_carea' id='block_1_132' title="bbox 1057 2013 1587 2047">
    <p class='ocr_par' dir='ltr' id='par_1_132' title="bbox 1057 2013 1587 2047">
     <span class='ocr_line' id='line_1_134' title="bbox 1057 2013 1587 2047; baseline 0.004 -8"><span class='ocrx_word' id='word_1_704' title='bbox 1057 2013 1110 2039; x_wconf 81' lang='grc'><strong>442</strong></span> <span class='ocrx_word' id='word_1_705' title='bbox 1124 2013 1263 2047; x_wconf 80' lang='lat' dir='ltr'><strong><em>Responsio</em></strong></span> <span class='ocrx_word' id='word_1_706' title='bbox 1275 2014 1308 2040; x_wconf 88' lang='lat' dir='ltr'><strong><em>ad</em></strong></span> <span class='ocrx_word' id='word_1_707' title='bbox 1325 2013 1405 2039; x_wconf 90' lang='lat' dir='ltr'><strong><em>aliunt</em></strong></span> <span class='ocrx_word' id='word_1_708' title='bbox 1422 2014 1587 2041; x_wconf 87' lang='lat' dir='ltr'><strong><em>instantiam.</em></strong></span> 
     </span>
    </p>
   </div>
   <div class='ocr_carea' id='block_1_133' title="bbox 1052 2048 1665 2083">
    <p class='ocr_par' dir='ltr' id='par_1_133' title="bbox 1052 2048 1665 2083">
     <span class='ocr_line' id='line_1_135' title="bbox 1052 2048 1665 2083; baseline 0.002 -9"><span class='ocrx_word' id='word_1_709' title='bbox 1052 2048 1105 2074; x_wconf 82' lang='grc'><strong><em>445</em></strong></span> <span class='ocrx_word' id='word_1_710' title='bbox 1121 2048 1226 2074; x_wconf 89' lang='lat' dir='ltr'><strong><em>Dictum</em></strong></span> <span class='ocrx_word' id='word_1_711' title='bbox 1238 2048 1318 2075; x_wconf 87' lang='lat' dir='ltr'><strong><em>Pauli</em></strong></span> <span class='ocrx_word' id='word_1_712' title='bbox 1333 2048 1461 2083; x_wconf 87' lang='lat' dir='ltr'><strong><em>quomodo</em></strong></span> <span class='ocrx_word' id='word_1_713' title='bbox 1475 2048 1665 2083; x_wconf 85' lang='lat' dir='ltr'><strong><em>accipiendum.</em></strong></span> 
     </span>
    </p>
   </div>
   <div class='ocr_carea' id='block_1_134' title="bbox 1051 2083 1796 2119">
    <p class='ocr_par' dir='ltr' id='par_1_134' title="bbox 1051 2083 1796 2119">
     <span class='ocr_line' id='line_1_136' title="bbox 1051 2083 1796 2119; baseline 0.001 -10"><span class='ocrx_word' id='word_1_714' title='bbox 1051 2083 1103 2109; x_wconf 78' lang='grc'><strong><em>444</em></strong></span> <span class='ocrx_word' id='word_1_715' title='bbox 1121 2083 1153 2119; x_wconf 85' lang='lat' dir='ltr'><strong><em>In</em></strong></span> <span class='ocrx_word' id='word_1_716' title='bbox 1177 2083 1231 2117; x_wconf 88' lang='lat' dir='ltr'><strong><em>lege</em></strong></span> <span class='ocrx_word' id='word_1_717' title='bbox 1247 2084 1339 2109; x_wconf 87' lang='lat' dir='ltr'><strong><em>umbra</em></strong></span> <span class='ocrx_word' id='word_1_718' title='bbox 1356 2083 1407 2117; x_wconf 78' lang='lat' dir='ltr'><strong><em>fuit</em></strong></span> <span class='ocrx_word' id='word_1_719' title='bbox 1427 2083 1593 2117; x_wconf 80' lang='lat' dir='ltr'><strong><em>futurorum;</em></strong></span> <span class='ocrx_word' id='word_1_720' title='bbox 1609 2085 1635 2111; x_wconf 91' lang='lat' dir='ltr'><strong><em>in</em></strong></span> <span class='ocrx_word' id='word_1_721' title='bbox 1651 2083 1796 2119; x_wconf 82' lang='lat' dir='ltr'><strong><em>Evangelia</em></strong></span> 
     </span>
    </p>
   </div>
   <div class='ocr_carea' id='block_1_135' title="bbox 1017 2118 1328 2152">
    <p class='ocr_par' dir='ltr' id='par_1_135' title="bbox 1017 2118 1328 2152">
     <span class='ocr_line' id='line_1_137' title="bbox 1017 2118 1328 2152; baseline 0 -8"><span class='ocrx_word' id='word_1_722' title='bbox 1017 2118 1074 2152; x_wconf 80' lang='lat' dir='ltr'><strong><em>ipsa</em></strong></span> <span class='ocrx_word' id='word_1_723' title='bbox 1085 2123 1121 2144; x_wconf 86' lang='lat' dir='ltr'><strong><em>est</em></strong></span> <span class='ocrx_word' id='word_1_724' title='bbox 1138 2118 1217 2152; x_wconf 80' lang='lat' dir='ltr'><strong><em>facies</em></strong></span> <span class='ocrx_word' id='word_1_725' title='bbox 1231 2126 1328 2144; x_wconf 86' lang='lat' dir='ltr'><strong><em>rerum.</em></strong></span> 
     </span>
    </p>
   </div>
   <div class='ocr_carea' id='block_1_136' title="bbox 1051 2152 1796 2189">
    <p class='ocr_par' dir='ltr' id='par_1_136' title="bbox 1051 2152 1796 2189">
     <span class='ocr_line' id='line_1_138' title="bbox 1051 2152 1796 2189; baseline 0.001 -10"><span class='ocrx_word' id='word_1_726' title='bbox 1051 2153 1102 2179; x_wconf 85' lang='grc'><strong>445</strong></span> <span class='ocrx_word' id='word_1_727' title='bbox 1119 2153 1155 2179; x_wconf 91' lang='lat' dir='ltr'><strong><em>De</em></strong></span> <span class='ocrx_word' id='word_1_728' title='bbox 1169 2153 1264 2186; x_wconf 85' lang='lat' dir='ltr'><strong><em>puerili</em></strong></span> <span class='ocrx_word' id='word_1_729' title='bbox 1290 2152 1455 2179; x_wconf 86' lang='lat' dir='ltr'><strong><em>institutione</em></strong></span> <span class='ocrx_word' id='word_1_730' title='bbox 1476 2156 1530 2179; x_wconf 89' lang='lat' dir='ltr'><strong><em>tam</em></strong></span> <span class='ocrx_word' id='word_1_731' title='bbox 1546 2153 1573 2179; x_wconf 92' lang='lat' dir='ltr'><strong><em>in</em></strong></span> <span class='ocrx_word' id='word_1_732' title='bbox 1599 2154 1653 2189; x_wconf 85' lang='lat' dir='ltr'><strong><em>lege</em></strong></span> <span class='ocrx_word' id='word_1_733' title='bbox 1671 2161 1749 2188; x_wconf 87' lang='lat' dir='ltr'><strong><em>quant</em></strong></span> <span class='ocrx_word' id='word_1_734' title='bbox 1768 2154 1796 2181; x_wconf 88' lang='lat' dir='ltr'><strong><em>in</em></strong></span> 
     </span>
    </p>
   </div>
   <div class='ocr_carea' id='block_1_137' title="bbox 1017 2187 1331 2221">
    <p class='ocr_par' dir='ltr' id='par_1_137' title="bbox 1017 2187 1331 2221">
     <span class='ocr_line' id='line_1_139' title="bbox 1017 2187 1331 2221; baseline -0.003 -7"><span class='ocrx_word' id='word_1_735' title='bbox 1017 2187 1158 2221; x_wconf 86' lang='lat' dir='ltr'><strong><em>Evangelia</em></strong></span> <span class='ocrx_word' id='word_1_736' title='bbox 1177 2194 1314 2221; x_wconf 88' lang='lat' dir='ltr'><strong><em>usurpata.</em></strong></span> <span class='ocrx_word' id='word_1_737' title='bbox 1326 2206 1331 2210; x_wconf 88' lang='lat'><strong><em>.</em></strong></span> 
     </span>
    </p>
   </div>
   <div class='ocr_carea' id='block_1_138' title="bbox 1051 2221 1795 2258">
    <p class='ocr_par' dir='ltr' id='par_1_138' title="bbox 1051 2221 1795 2258">
     <span class='ocr_line' id='line_1_140' title="bbox 1051 2221 1795 2258; baseline 0.001 -10"><span class='ocrx_word' id='word_1_738' title='bbox 1051 2221 1102 2248; x_wconf 82' lang='grc'><strong>446</strong></span> <span class='ocrx_word' id='word_1_739' title='bbox 1118 2222 1271 2257; x_wconf 87' lang='lat' dir='ltr'><strong><em>Objurgatio</em></strong></span> <span class='ocrx_word' id='word_1_740' title='bbox 1294 2221 1405 2248; x_wconf 88' lang='lat' dir='ltr'><strong><em>ltontittis</em></strong></span> <span class='ocrx_word' id='word_1_741' title='bbox 1423 2221 1555 2257; x_wconf 87' lang='lat' dir='ltr'><strong><em>maledici,</em></strong></span> <span class='ocrx_word' id='word_1_742' title='bbox 1574 2231 1624 2250; x_wconf 90' lang='lat' dir='ltr'><strong><em>non</em></strong></span> <span class='ocrx_word' id='word_1_743' title='bbox 1644 2228 1673 2250; x_wconf 86' lang='lat' dir='ltr'><strong><em>ut</em></strong></span> <span class='ocrx_word' id='word_1_744' title='bbox 1696 2227 1795 2258; x_wconf 86' lang='lat' dir='ltr'><strong><em>oportet</em></strong></span> 
     </span>
    </p>
   </div>
   <div class='ocr_carea' id='block_1_139' title="bbox 1012 2257 1167 2291">
    <p class='ocr_par' dir='ltr' id='par_1_139' title="bbox 1012 2257 1167 2291">
     <span class='ocr_line' id='line_1_141' title="bbox 1012 2257 1167 2291; baseline 0 -7"><span class='ocrx_word' id='word_1_745' title='bbox 1012 2257 1167 2291; x_wconf 75' lang='lat' dir='ltr'><strong><em>jejunantis.</em></strong></span> 
     </span>
    </p>
   </div>
   <div class='ocr_carea' id='block_1_140' title="bbox 1046 2292 1796 2328">
    <p class='ocr_par' dir='ltr' id='par_1_140' title="bbox 1046 2292 1796 2328">
     <span class='ocr_line' id='line_1_142' title="bbox 1046 2292 1796 2328; baseline 0.001 -10"><span class='ocrx_word' id='word_1_746' title='bbox 1046 2292 1097 2318; x_wconf 79' lang='grc'><strong>447</strong></span> <span class='ocrx_word' id='word_1_747' title='bbox 1113 2292 1149 2328; x_wconf 83' lang='lat' dir='ltr'><strong><em>De</em></strong></span> <span class='ocrx_word' id='word_1_748' title='bbox 1171 2292 1378 2319; x_wconf 86' lang='lat' dir='ltr'><strong><em>contentionibus</em></strong></span> <span class='ocrx_word' id='word_1_749' title='bbox 1404 2297 1428 2318; x_wconf 87' lang='lat' dir='ltr'><strong><em>et</em></strong></span> <span class='ocrx_word' id='word_1_750' title='bbox 1454 2293 1636 2328; x_wconf 81' lang='lat' dir='ltr'><strong><em>controversiis</em></strong></span> <span class='ocrx_word' id='word_1_751' title='bbox 1664 2293 1796 2328; x_wconf 82' lang='lat' dir='ltr'><strong><em>theologo-</em></strong></span> 
     </span>
    </p>
   </div>
   <div class='ocr_carea' id='block_1_141' title="bbox 1013 2327 1794 2361">
    <p class='ocr_par' dir='ltr' id='par_1_141' title="bbox 1013 2327 1794 2361">
     <span class='ocr_line' id='line_1_143' title="bbox 1013 2327 1794 2361; baseline 0.003 -9"><span class='ocrx_word' id='word_1_752' title='bbox 1013 2335 1081 2359; x_wconf 84' lang='lat' dir='ltr'><strong><em>rum,</em></strong></span> <span class='ocrx_word' id='word_1_753' title='bbox 1096 2327 1130 2352; x_wconf 91' lang='lat' dir='ltr'><strong><em>ad</em></strong></span> <span class='ocrx_word' id='word_1_754' title='bbox 1143 2327 1272 2361; x_wconf 85' lang='lat' dir='ltr'><strong><em>stipendia</em></strong></span> <span class='ocrx_word' id='word_1_755' title='bbox 1288 2332 1388 2353; x_wconf 81' lang='lat' dir='ltr'><strong><em>tantum</em></strong></span> <span class='ocrx_word' id='word_1_756' title='bbox 1407 2327 1580 2354; x_wconf 87' lang='lat' dir='ltr'><strong><em>luculentiora</em></strong></span> <span class='ocrx_word' id='word_1_757' title='bbox 1593 2327 1794 2361; x_wconf 78' lang='lat' dir='ltr'><strong><em>respicientium.</em></strong></span> 
     </span>
    </p>
   </div>
   <div class='ocr_carea' id='block_1_142' title="bbox 1012 2361 1796 2398">
    <p class='ocr_par' dir='ltr' id='par_1_142' title="bbox 1012 2361 1796 2398">
     <span class='ocr_line' id='line_1_144' title="bbox 1012 2361 1796 2398; baseline 0 -10"><span class='ocrx_word' id='word_1_758' title='bbox 1012 2361 1154 2398; x_wconf 77' lang='lat' dir='ltr'><strong><em>Responsio</em></strong></span> <span class='ocrx_word' id='word_1_759' title='bbox 1170 2361 1204 2398; x_wconf 83' lang='lat' dir='ltr'><strong><em>ad</em></strong></span> <span class='ocrx_word' id='word_1_760' title='bbox 1231 2362 1398 2398; x_wconf 78' lang='lat' dir='ltr'><strong><em>quwstionem</em></strong></span> <span class='ocrx_word' id='word_1_761' title='bbox 1417 2362 1449 2387; x_wconf 89' lang='lat' dir='ltr'><strong><em>de</em></strong></span> <span class='ocrx_word' id='word_1_762' title='bbox 1471 2361 1605 2398; x_wconf 82' lang='lat' dir='ltr'><strong><em>Philippo,</em></strong></span> <span class='ocrx_word' id='word_1_763' title='bbox 1624 2364 1667 2398; x_wconf 87' lang='lat' dir='ltr'><strong><em>qui</em></strong></span> <span class='ocrx_word' id='word_1_764' title='bbox 1681 2363 1707 2389; x_wconf 90' lang='lat' dir='ltr'><strong><em>in</em></strong></span> <span class='ocrx_word' id='word_1_765' title='bbox 1722 2363 1796 2389; x_wconf 81' lang='lat' dir='ltr'><strong><em>Actis</em></strong></span> 
     </span>
    </p>
   </div>
   <div class='ocr_carea' id='block_1_143' title="bbox 1013 2397 1570 2431">
    <p class='ocr_par' dir='ltr' id='par_1_143' title="bbox 1013 2397 1570 2431">
     <span class='ocr_line' id='line_1_145' title="bbox 1013 2397 1570 2431; baseline 0.002 -9"><span class='ocrx_word' id='word_1_766' title='bbox 1013 2402 1099 2431; x_wconf 84' lang='lat' dir='ltr'><strong><em>apost.</em></strong></span> <span class='ocrx_word' id='word_1_767' title='bbox 1118 2397 1265 2431; x_wconf 74' lang='lat' dir='ltr'><strong><em>baptizasse</em></strong></span> <span class='ocrx_word' id='word_1_768' title='bbox 1279 2397 1403 2431; x_wconf 78' lang='lat' dir='ltr'><strong><em>scribitur</em></strong></span> <span class='ocrx_word' id='word_1_769' title='bbox 1413 2397 1570 2423; x_wconf 87' lang='lat' dir='ltr'><strong><em>eunuchum.</em></strong></span> 
     </span>
    </p>
   </div>
   <div class='ocr_carea' id='block_1_144' title="bbox 1049 2430 1797 2467">
    <p class='ocr_par' dir='ltr' id='par_1_144' title="bbox 1049 2430 1797 2467">
     <span class='ocr_line' id='line_1_146' title="bbox 1049 2430 1797 2467; baseline 0.001 -10"><span class='ocrx_word' id='word_1_770' title='bbox 1049 2431 1100 2457; x_wconf 86' lang='grc'><strong>448</strong></span> <span class='ocrx_word' id='word_1_771' title='bbox 1114 2430 1212 2457; x_wconf 88' lang='lat' dir='ltr'><strong><em>Probat</em></strong></span> <span class='ocrx_word' id='word_1_772' title='bbox 1231 2431 1350 2467; x_wconf 77' lang='lat' dir='ltr'><strong><em>ulterius</em></strong></span> <span class='ocrx_word' id='word_1_773' title='bbox 1366 2430 1515 2467; x_wconf 73' lang='lat' dir='ltr'><strong><em>Philippum</em></strong></span> <span class='ocrx_word' id='word_1_774' title='bbox 1539 2432 1625 2464; x_wconf 87' lang='lat' dir='ltr'><strong><em>illam,</em></strong></span> <span class='ocrx_word' id='word_1_775' title='bbox 1648 2433 1692 2467; x_wconf 88' lang='lat' dir='ltr'><strong><em>qui</em></strong></span> <span class='ocrx_word' id='word_1_776' title='bbox 1714 2440 1797 2459; x_wconf 81' lang='lat' dir='ltr'><strong><em>curtu—</em></strong></span> 
     </span>
    </p>
   </div>
   <div class='ocr_carea' id='block_1_145' title="bbox 1013 2466 1591 2500">
    <p class='ocr_par' dir='ltr' id='par_1_145' title="bbox 1013 2466 1591 2500">
     <span class='ocr_line' id='line_1_147' title="bbox 1013 2466 1591 2500; baseline 0.003 -9"><span class='ocrx_word' id='word_1_777' title='bbox 1013 2466 1089 2492; x_wconf 89' lang='lat' dir='ltr'><strong><em>chum</em></strong></span> <span class='ocrx_word' id='word_1_778' title='bbox 1104 2466 1256 2499; x_wconf 81' lang='lat' dir='ltr'><strong><em>baptizavit,</em></strong></span> <span class='ocrx_word' id='word_1_779' title='bbox 1274 2474 1324 2493; x_wconf 91' lang='lat' dir='ltr'><strong><em>non</em></strong></span> <span class='ocrx_word' id='word_1_780' title='bbox 1338 2466 1419 2500; x_wconf 77' lang='lat' dir='ltr'><strong><em>fuisse</em></strong></span> <span class='ocrx_word' id='word_1_781' title='bbox 1433 2467 1591 2500; x_wconf 86' lang='lat' dir='ltr'><strong><em>apostolum.</em></strong></span> 
     </span>
    </p>
   </div>
   <div class='ocr_carea' id='block_1_146' title="bbox 1050 2499 1690 2534">
    <p class='ocr_par' dir='ltr' id='par_1_146' title="bbox 1050 2499 1690 2534">
     <span class='ocr_line' id='line_1_148' title="bbox 1050 2499 1690 2534; baseline 0.002 -7"><span class='ocrx_word' id='word_1_782' title='bbox 1050 2501 1103 2527; x_wconf 78' lang='grc'><strong>449</strong></span> <span class='ocrx_word' id='word_1_783' title='bbox 1120 2501 1221 2527; x_wconf 85' lang='lat' dir='ltr'><strong><em>Rursus</em></strong></span> <span class='ocrx_word' id='word_1_784' title='bbox 1237 2501 1268 2526; x_wconf 87' lang='lat' dir='ltr'><strong><em>de</em></strong></span> <span class='ocrx_word' id='word_1_785' title='bbox 1282 2499 1369 2527; x_wconf 84' lang='lat' dir='ltr'><strong><em>eodem</em></strong></span> <span class='ocrx_word' id='word_1_786' title='bbox 1388 2499 1510 2534; x_wconf 82' lang='lat' dir='ltr'><strong><em>Philippo</em></strong></span> <span class='ocrx_word' id='word_1_787' title='bbox 1524 2502 1690 2528; x_wconf 73' lang='lat' dir='ltr'><strong><em>Cwsaricnsi.</em></strong></span> 
     </span>
    </p>
   </div>
   <div class='ocr_carea' id='block_1_147' title="bbox 1049 2535 1794 2571">
    <p class='ocr_par' dir='ltr' id='par_1_147' title="bbox 1049 2535 1794 2571">
     <span class='ocr_line' id='line_1_149' title="bbox 1049 2535 1794 2571; baseline 0 -10"><span class='ocrx_word' id='word_1_788' title='bbox 1049 2535 1102 2562; x_wconf 79' lang='grc'><strong><em>450</em></strong></span> <span class='ocrx_word' id='word_1_789' title='bbox 1117 2536 1178 2561; x_wconf 86' lang='lat' dir='ltr'><strong><em>Atia</em></strong></span> <span class='ocrx_word' id='word_1_790' title='bbox 1199 2535 1330 2570; x_wconf 80' lang='lat' dir='ltr'><strong><em>probatio,</em></strong></span> <span class='ocrx_word' id='word_1_791' title='bbox 1353 2536 1422 2570; x_wconf 89' lang='lat' dir='ltr'><strong><em>quod</em></strong></span> <span class='ocrx_word' id='word_1_792' title='bbox 1446 2536 1584 2571; x_wconf 72' lang='lat' dir='ltr'><strong><em>Philippus</em></strong></span> <span class='ocrx_word' id='word_1_793' title='bbox 1606 2536 1650 2564; x_wconf 83' lang='lat' dir='ltr'><strong><em>ille</em></strong></span> <span class='ocrx_word' id='word_1_794' title='bbox 1670 2536 1794 2570; x_wconf 84' lang='lat' dir='ltr'><strong><em>baptistes</em></strong></span> 
     </span>
    </p>
   </div>
   <div class='ocr_carea' id='block_1_148' title="bbox 1013 2570 1321 2604">
    <p class='ocr_par' dir='ltr' id='par_1_148' title="bbox 1013 2570 1321 2604">
     <span class='ocr_line' id='line_1_150' title="bbox 1013 2570 1321 2604; baseline 0 -8"><span class='ocrx_word' id='word_1_795' title='bbox 1013 2578 1064 2597; x_wconf 88' lang='lat' dir='ltr'><strong><em>non</em></strong></span> <span class='ocrx_word' id='word_1_796' title='bbox 1081 2570 1159 2603; x_wconf 74' lang='lat' dir='ltr'><strong><em>fuerit</em></strong></span> <span class='ocrx_word' id='word_1_797' title='bbox 1178 2570 1321 2604; x_wconf 86' lang='lat' dir='ltr'><strong><em>apostolus.</em></strong></span> 
     </span>
    </p>
   </div>
   <div class='ocr_carea' id='block_1_149' title="bbox 1047 2604 1794 2640">
    <p class='ocr_par' dir='ltr' id='par_1_149' title="bbox 1047 2604 1794 2640">
     <span class='ocr_line' id='line_1_151' title="bbox 1047 2604 1794 2640; baseline -0.001 -9"><span class='ocrx_word' id='word_1_798' title='bbox 1047 2605 1096 2631; x_wconf 88' lang='grc'><strong>451</strong></span> <span class='ocrx_word' id='word_1_799' title='bbox 1116 2604 1176 2631; x_wconf 86' lang='lat' dir='ltr'><strong><em>Non</em></strong></span> <span class='ocrx_word' id='word_1_800' title='bbox 1187 2613 1286 2638; x_wconf 77' lang='lat' dir='ltr'><strong><em>semper</em></strong></span> <span class='ocrx_word' id='word_1_801' title='bbox 1303 2605 1444 2632; x_wconf 78' lang='lat' dir='ltr'><strong><em>cedendum</em></strong></span> <span class='ocrx_word' id='word_1_802' title='bbox 1459 2607 1540 2633; x_wconf 87' lang='lat' dir='ltr'><strong><em>ventis</em></strong></span> <span class='ocrx_word' id='word_1_803' title='bbox 1552 2611 1575 2634; x_wconf 91' lang='lat' dir='ltr'><strong><em>et</em></strong></span> <span class='ocrx_word' id='word_1_804' title='bbox 1588 2604 1794 2640; x_wconf 80' lang='lat' dir='ltr'><strong><em>tempestatibus,</em></strong></span> 
     </span>
    </p>
   </div>
   <div class='ocr_carea' id='block_1_150' title="bbox 1013 2640 1430 2674">
    <p class='ocr_par' dir='ltr' id='par_1_150' title="bbox 1013 2640 1430 2674">
     <span class='ocr_line' id='line_1_152' title="bbox 1013 2640 1430 2674; baseline 0.002 -8"><span class='ocrx_word' id='word_1_805' title='bbox 1013 2641 1057 2666; x_wconf 85' lang='lat' dir='ltr'><strong><em>sed</em></strong></span> <span class='ocrx_word' id='word_1_806' title='bbox 1071 2648 1137 2674; x_wconf 77' lang='lat' dir='ltr'><strong><em>stupe</em></strong></span> <span class='ocrx_word' id='word_1_807' title='bbox 1153 2641 1232 2666; x_wconf 88' lang='lat' dir='ltr'><strong><em>etiatn</em></strong></span> <span class='ocrx_word' id='word_1_808' title='bbox 1249 2640 1430 2667; x_wconf 86' lang='lat' dir='ltr'><strong><em>resistendum.</em></strong></span> 
     </span>
    </p>
   </div>
   <div class='ocr_carea' id='block_1_151' title="bbox 1050 2673 1793 2709">
    <p class='ocr_par' dir='ltr' id='par_1_151' title="bbox 1050 2673 1793 2709">
     <span class='ocr_line' id='line_1_153' title="bbox 1050 2673 1793 2709; baseline -0.001 -9"><span class='ocrx_word' id='word_1_809' title='bbox 1050 2673 1209 2701; x_wconf 60' lang='lat' dir='ltr'><strong><em>45&#39;21’otum</em></strong></span> <span class='ocrx_word' id='word_1_810' title='bbox 1222 2675 1381 2709; x_wconf 84' lang='lat' dir='ltr'><strong><em>pacis,quod</em></strong></span> <span class='ocrx_word' id='word_1_811' title='bbox 1391 2676 1451 2709; x_wconf 81' lang='lat' dir='ltr'><strong><em>[ccit</em></strong></span> <span class='ocrx_word' id='word_1_812' title='bbox 1464 2675 1601 2706; x_wconf 77' lang='lat' dir='ltr'><strong><em>Ezechias,</em></strong></span> <span class='ocrx_word' id='word_1_813' title='bbox 1614 2674 1690 2709; x_wconf 90' lang='lat' dir='ltr'><strong><em>quale</em></strong></span> <span class='ocrx_word' id='word_1_814' title='bbox 1704 2673 1793 2707; x_wconf 76' lang='lat' dir='ltr'><strong><em>fuerit.</em></strong></span> 
     </span>
    </p>
   </div>
   <div class='ocr_carea' id='block_1_152' title="bbox 1049 2709 1716 2745">
    <p class='ocr_par' dir='ltr' id='par_1_152' title="bbox 1049 2709 1716 2745">
     <span class='ocr_line' id='line_1_154' title="bbox 1049 2709 1716 2745; baseline -0.001 -10"><span class='ocrx_word' id='word_1_815' title='bbox 1114 2709 1162 2745; x_wconf 68' lang='lat' dir='ltr'><strong><em>Dei</em></strong></span> <span class='ocrx_word' id='word_1_816' title='bbox 1173 2717 1264 2736; x_wconf 88' lang='lat' dir='ltr'><strong><em>nomen</em></strong></span> <span class='ocrx_word' id='word_1_817' title='bbox 1281 2710 1394 2736; x_wconf 89' lang='lat' dir='ltr'><strong><em>nullum.</em></strong></span> <span class='ocrx_word' id='word_1_818' title='bbox 1407 2709 1484 2736; x_wconf 84' lang='lat' dir='ltr'><strong><em>.lesus</em></strong></span> <span class='ocrx_word' id='word_1_819' title='bbox 1502 2711 1563 2745; x_wconf 84' lang='lat' dir='ltr'><strong><em>quid</em></strong></span> <span class='ocrx_word' id='word_1_820' title='bbox 1579 2709 1716 2744; x_wconf 76' lang='lat' dir='ltr'><strong><em>signi/iret.</em></strong></span> 
     </span>
    </p>
   </div>
   <div class='ocr_carea' id='block_1_153' title="bbox 1050 2742 1795 2779">
    <p class='ocr_par' dir='ltr' id='par_1_153' title="bbox 1050 2742 1795 2779">
     <span class='ocr_line' id='line_1_155' title="bbox 1050 2742 1795 2779; baseline -0.003 -9"><span class='ocrx_word' id='word_1_821' title='bbox 1050 2744 1102 2771; x_wconf 79' lang='grc'><strong>454</strong></span> <span class='ocrx_word' id='word_1_822' title='bbox 1115 2743 1207 2771; x_wconf 84' lang='lat' dir='ltr'><strong><em>Patris</em></strong></span> <span class='ocrx_word' id='word_1_823' title='bbox 1221 2745 1354 2771; x_wconf 89' lang='lat' dir='ltr'><strong><em>accusatio</em></strong></span> <span class='ocrx_word' id='word_1_824' title='bbox 1368 2745 1445 2770; x_wconf 83' lang='lat' dir='ltr'><strong><em>ctiam</em></strong></span> <span class='ocrx_word' id='word_1_825' title='bbox 1459 2742 1517 2771; x_wconf 81' lang='lat' dir='ltr'><strong><em>vera</em></strong></span> <span class='ocrx_word' id='word_1_826' title='bbox 1530 2742 1671 2779; x_wconf 70' lang='lat' dir='ltr'><strong><em>parricidw</em></strong></span> <span class='ocrx_word' id='word_1_827' title='bbox 1682 2742 1795 2769; x_wconf 64' lang='lat' dir='ltr'><strong><em>exitiosa</em></strong></span> 
     </span>
    </p>
   </div>
   <div class='ocr_carea' id='block_1_154' title="bbox 1015 2783 1063 2806">
    <p class='ocr_par' dir='ltr' id='par_1_154' title="bbox 1015 2783 1063 2806">
     <span class='ocr_line' id='line_1_156' title="bbox 1015 2783 1063 2806; baseline 0 -1"><span class='ocrx_word' id='word_1_828' title='bbox 1015 2783 1063 2806; x_wconf 72' lang='lat' dir='ltr'><strong><em>est.</em></strong></span> 
     </span>
    </p>
   </div>
   <div class='ocr_carea' id='block_1_155' title="bbox 1047 2813 1634 2848">
    <p class='ocr_par' dir='ltr' id='par_1_155' title="bbox 1047 2813 1634 2848">
     <span class='ocr_line' id='line_1_157' title="bbox 1047 2813 1634 2848; baseline -0.002 -9"><span class='ocrx_word' id='word_1_829' title='bbox 1047 2813 1100 2840; x_wconf 77' lang='grc'><strong><em>455</em></strong></span> <span class='ocrx_word' id='word_1_830' title='bbox 1113 2813 1212 2845; x_wconf 81' lang='lat' dir='ltr'><strong><em>Quales</em></strong></span> <span class='ocrx_word' id='word_1_831' title='bbox 1228 2821 1286 2848; x_wconf 82' lang='lat' dir='ltr'><strong><em>opes</em></strong></span> <span class='ocrx_word' id='word_1_832' title='bbox 1300 2814 1351 2840; x_wconf 86' lang='lat' dir='ltr'><strong><em>sint</em></strong></span> <span class='ocrx_word' id='word_1_833' title='bbox 1368 2813 1525 2841; x_wconf 74' lang='lat' dir='ltr'><strong><em>Christianis</em></strong></span> <span class='ocrx_word' id='word_1_834' title='bbox 1540 2813 1634 2848; x_wconf 53' lang='lat' dir='ltr'><strong><em>norint.</em></strong></span> 
     </span>
    </p>
   </div>
   <div class='ocr_carea' id='block_1_156' title="bbox 1048 2846 1794 2884">
    <p class='ocr_par' dir='ltr' id='par_1_156' title="bbox 1048 2846 1794 2884">
     <span class='ocr_line' id='line_1_158' title="bbox 1048 2846 1794 2884; baseline -0.001 -10"><span class='ocrx_word' id='word_1_835' title='bbox 1048 2848 1101 2875; x_wconf 80' lang='grc'><strong><em>456</em></strong></span> <span class='ocrx_word' id='word_1_836' title='bbox 1112 2846 1274 2876; x_wconf 82' lang='lat' dir='ltr'><strong><em>Comessatio</em></strong></span> <span class='ocrx_word' id='word_1_837' title='bbox 1286 2849 1360 2883; x_wconf 86' lang='lat' dir='ltr'><strong><em>quid,</em></strong></span> <span class='ocrx_word' id='word_1_838' title='bbox 1372 2853 1395 2874; x_wconf 90' lang='lat' dir='ltr'><strong><em>ct</em></strong></span> <span class='ocrx_word' id='word_1_839' title='bbox 1409 2856 1486 2882; x_wconf 86' lang='lat' dir='ltr'><strong><em>quan:</em></strong></span> <span class='ocrx_word' id='word_1_840' title='bbox 1500 2850 1550 2875; x_wconf 85' lang='lat' dir='ltr'><strong><em>vim</em></strong></span> <span class='ocrx_word' id='word_1_841' title='bbox 1565 2847 1658 2874; x_wconf 87' lang='lat' dir='ltr'><strong><em>habeat</em></strong></span> <span class='ocrx_word' id='word_1_842' title='bbox 1669 2846 1694 2873; x_wconf 87' lang='lat' dir='ltr'><strong><em>in</em></strong></span> <span class='ocrx_word' id='word_1_843' title='bbox 1707 2848 1740 2875; x_wconf 85' lang='lat' dir='ltr'><strong><em>iis</em></strong></span> <span class='ocrx_word' id='word_1_844' title='bbox 1750 2847 1794 2884; x_wconf 86' lang='lat' dir='ltr'><strong><em>qui</em></strong></span> 
     </span>
    </p>
   </div>
   <div class='ocr_carea' id='block_1_157' title="bbox 1015 2888 1151 2918">
    <p class='ocr_par' dir='ltr' id='par_1_157' title="bbox 1015 2888 1151 2918">
     <span class='ocr_line' id='line_1_159' title="bbox 1015 2888 1151 2918; baseline -0.007 -8"><span class='ocrx_word' id='word_1_845' title='bbox 1015 2888 1151 2918; x_wconf 83' lang='lat' dir='ltr'><strong><em>usurpant.</em></strong></span> 
     </span>
    </p>
   </div>
  </div>
