  <div class='ocr_page' id='page_1' title='image "/cluster/home/n/w/nwhite01/storage/ocr_20150623/78/njp.32101077772794/074.png"; bbox 0 0 2044 3173; ppageno 0'>
   <div class='ocr_carea' id='block_1_1' title="bbox 174 180 223 213">
    <p class='ocr_par' dir='ltr' id='par_1_1' title="bbox 174 180 223 213">
     <span class='ocr_line' id='line_1_1' title="bbox 174 180 223 213; baseline 0.02 -1"><span class='ocrx_word' id='word_1_1' title='bbox 174 180 223 213; x_wconf 76' lang='grc'><strong><em>133</em></strong></span> 
     </span>
    </p>
   </div>
   <div class='ocr_carea' id='block_1_2' title="bbox 173 234 967 271">
    <p class='ocr_par' dir='ltr' id='par_1_2' title="bbox 173 234 967 271">
     <span class='ocr_line' id='line_1_2' title="bbox 173 234 967 271; baseline -0.004 -7"><span class='ocrx_word' id='word_1_2' title='bbox 173 239 208 264; x_wconf 83' lang='lat' dir='ltr'><strong><em>de</em></strong></span> <span class='ocrx_word' id='word_1_3' title='bbox 222 236 330 264; x_wconf 83' lang='lat' dir='ltr'><strong><em>velimus</em></strong></span> <span class='ocrx_word' id='word_1_4' title='bbox 355 235 469 263; x_wconf 69' lang='lat' dir='ltr'><strong><em>nolimus</em></strong></span> <span class='ocrx_word' id='word_1_5' title='bbox 499 236 676 271; x_wconf 67' lang='lat' dir='ltr'><strong><em>relinquenda!</em></strong></span> <span class='ocrx_word' id='word_1_6' title='bbox 697 241 769 266; x_wconf 83' lang='lat' dir='ltr'><strong><em>sunt,</em></strong></span> <span class='ocrx_word' id='word_1_7' title='bbox 797 234 907 261; x_wconf 68' lang='lat' dir='ltr'><strong><em>libenter</em></strong></span> <span class='ocrx_word' id='word_1_8' title='bbox 930 245 967 261; x_wconf 78' lang='lat' dir='ltr'><strong><em>re-</em></strong></span> 
     </span>
    </p>
   </div>
   <div class='ocr_carea' id='block_1_3' title="bbox 174 272 966 306">
    <p class='ocr_par' dir='ltr' id='par_1_3' title="bbox 174 272 966 306">
     <span class='ocr_line' id='line_1_3' title="bbox 174 272 966 306; baseline -0.001 -8"><span class='ocrx_word' id='word_1_9' title='bbox 174 273 324 306; x_wconf 82' lang='lat' dir='ltr'><strong><em>linquamus</em></strong></span> <span class='ocrx_word' id='word_1_10' title='bbox 347 276 453 305; x_wconf 80' lang='lat' dir='ltr'><strong><em>propter</em></strong></span> <span class='ocrx_word' id='word_1_11' title='bbox 487 272 581 304; x_wconf 79' lang='lat' dir='ltr'><strong><em>Deum,</em></strong></span> <span class='ocrx_word' id='word_1_12' title='bbox 603 276 626 298; x_wconf 92' lang='lat' dir='ltr'><strong><em>el</em></strong></span> <span class='ocrx_word' id='word_1_13' title='bbox 661 273 687 297; x_wconf 87' lang='lat' dir='ltr'><strong><em>in</em></strong></span> <span class='ocrx_word' id='word_1_14' title='bbox 715 278 839 304; x_wconf 70' lang='lat' dir='ltr'><strong><em>pauperes</em></strong></span> <span class='ocrx_word' id='word_1_15' title='bbox 877 279 966 305; x_wconf 83' lang='lat' dir='ltr'><strong><em>eroge-</em></strong></span> 
     </span>
    </p>
   </div>
   <div class='ocr_carea' id='block_1_4' title="bbox 174 315 242 333">
    <p class='ocr_par' dir='ltr' id='par_1_4' title="bbox 174 315 242 333">
     <span class='ocr_line' id='line_1_4' title="bbox 174 315 242 333; baseline 0 0"><span class='ocrx_word' id='word_1_16' title='bbox 174 315 242 333; x_wconf 57' lang='lat' dir='ltr'><strong><em>ﬁliis.</em></strong></span> 
     </span>
    </p>
   </div>
   <div class='ocr_carea' id='block_1_5' title="bbox 211 341 966 376">
    <p class='ocr_par' dir='ltr' id='par_1_5' title="bbox 211 341 966 376">
     <span class='ocr_line' id='line_1_5' title="bbox 211 341 966 376; baseline -0.001 -8"><span class='ocrx_word' id='word_1_17' title='bbox 211 343 245 368; x_wconf 73' lang='grc' dir='ltr'>ΞΟ</span> <span class='ocrx_word' id='word_1_18' title='bbox 262 341 298 368; x_wconf 88' lang='lat' dir='ltr'><strong><em>De</em></strong></span> <span class='ocrx_word' id='word_1_19' title='bbox 326 346 476 376; x_wconf 84' lang='lat' dir='ltr'><strong><em>contemptu</em></strong></span> <span class='ocrx_word' id='word_1_20' title='bbox 502 350 589 369; x_wconf 87' lang='lat' dir='ltr'><strong><em>rerum</em></strong></span> <span class='ocrx_word' id='word_1_21' title='bbox 618 341 795 368; x_wconf 79' lang='lat' dir='ltr'><strong><em>humu/tarum</em></strong></span> <span class='ocrx_word' id='word_1_22' title='bbox 818 351 872 375; x_wconf 74' lang='lat' dir='ltr'><strong><em>pra:</em></strong></span> <span class='ocrx_word' id='word_1_23' title='bbox 889 349 966 376; x_wconf 83' lang='lat' dir='ltr'><strong><em>regno</em></strong></span> 
     </span>
    </p>
   </div>
   <div class='ocr_carea' id='block_1_6' title="bbox 176 377 308 404">
    <p class='ocr_par' dir='ltr' id='par_1_6' title="bbox 176 377 308 404">
     <span class='ocr_line' id='line_1_6' title="bbox 176 377 308 404; baseline -0.015 0"><span class='ocrx_word' id='word_1_24' title='bbox 176 377 269 404; x_wconf 79' lang='lat' dir='ltr'><strong><em>ca&#39;loru</em></strong></span> <span class='ocrx_word' id='word_1_25' title='bbox 275 385 308 402; x_wconf 84' lang='lat' dir='ltr'><strong><em>nt.</em></strong></span> 
     </span>
    </p>
   </div>
   <div class='ocr_carea' id='block_1_7' title="bbox 210 411 968 446">
    <p class='ocr_par' dir='ltr' id='par_1_7' title="bbox 210 411 968 446">
     <span class='ocr_line' id='line_1_7' title="bbox 210 411 968 446; baseline 0 -8"><span class='ocrx_word' id='word_1_26' title='bbox 210 413 239 438; x_wconf 78' lang='grc'><strong><em>51</em></strong></span> <span class='ocrx_word' id='word_1_27' title='bbox 260 412 389 438; x_wconf 76' lang='lat' dir='ltr'><strong><em>Desiderii</em></strong></span> <span class='ocrx_word' id='word_1_28' title='bbox 406 412 489 438; x_wconf 84' lang='lat' dir='ltr'><strong><em>amici</em></strong></span> <span class='ocrx_word' id='word_1_29' title='bbox 502 412 581 446; x_wconf 87' lang='lat' dir='ltr'><strong><em>plena</em></strong></span> <span class='ocrx_word' id='word_1_30' title='bbox 603 411 722 445; x_wconf 85' lang='lat' dir='ltr'><strong><em>epistola,</em></strong></span> <span class='ocrx_word' id='word_1_31' title='bbox 736 413 812 446; x_wconf 77' lang='lat' dir='ltr'><strong><em>cujus</em></strong></span> <span class='ocrx_word' id='word_1_32' title='bbox 828 412 968 439; x_wconf 75' lang='lat' dir='ltr'><strong><em>adventum</em></strong></span> 
     </span>
    </p>
   </div>
   <div class='ocr_carea' id='block_1_8' title="bbox 175 451 291 481">
    <p class='ocr_par' dir='ltr' id='par_1_8' title="bbox 175 451 291 481">
     <span class='ocr_line' id='line_1_8' title="bbox 175 451 291 481; baseline -0.026 -7"><span class='ocrx_word' id='word_1_33' title='bbox 175 451 291 481; x_wconf 72' lang='lat' dir='ltr'><strong><em>exoptat.</em></strong></span> 
     </span>
    </p>
   </div>
   <div class='ocr_carea' id='block_1_9' title="bbox 209 481 970 543">
    <p class='ocr_par' dir='ltr' id='par_1_9' title="bbox 209 481 970 543">
     <span class='ocr_line' id='line_1_9' title="bbox 209 481 970 543; baseline 0.003 -35"><span class='ocrx_word' id='word_1_34' title='bbox 263 482 415 508; x_wconf 68' lang='lat' dir='ltr'><strong><em>Almonitio</em></strong></span> <span class='ocrx_word' id='word_1_35' title='bbox 426 481 459 508; x_wconf 59' lang='lat' dir='ltr'><strong><em>de</em></strong></span> <span class='ocrx_word' id='word_1_36' title='bbox 475 491 539 508; x_wconf 85' lang='lat' dir='ltr'><strong><em>cura</em></strong></span> <span class='ocrx_word' id='word_1_37' title='bbox 561 489 586 509; x_wconf 90' lang='lat' dir='ltr'><strong><em>et</em></strong></span> <span class='ocrx_word' id='word_1_38' title='bbox 612 483 754 510; x_wconf 85' lang='lat' dir='ltr'><strong><em>sedulitate</em></strong></span> <span class='ocrx_word' id='word_1_39' title='bbox 772 482 848 518; x_wconf 76' lang='lat' dir='ltr'><strong><em>officii</em></strong></span> <span class='ocrx_word' id='word_1_40' title='bbox 869 483 970 516; x_wconf 85' lang='lat' dir='ltr'><strong><em>episco-</em></strong></span> 
     </span>
     <span class='ocr_line' id='line_1_10' title="bbox 222 527 254 543; baseline 0 0"><span class='ocrx_word' id='word_1_41' title='bbox 222 527 254 543; x_wconf 81' lang='lat' dir='ltr'><strong><em>ts.</em></strong></span> 
     </span>
    </p>
   </div>
   <div class='ocr_carea' id='block_1_10' title="bbox 193 527 467 552">
    <p class='ocr_par' dir='ltr' id='par_1_10' title="bbox 193 527 467 552">
     <span class='ocr_line' id='line_1_11' title="bbox 193 527 467 552; baseline 0.004 -8"><span class='ocrx_word' id='word_1_42' title='bbox 193 527 254 545; x_wconf 82' lang='lat' dir='ltr'><strong><em>aus.</em></strong></span> <span class='ocrx_word' id='word_1_43' title='bbox 448 543 467 552; x_wconf 45' lang='grc' dir='ltr'><strong>ι</strong></span> 
     </span>
    </p>
   </div>
   <div class='ocr_carea' id='block_1_11' title="bbox 174 527 666 587">
    <p class='ocr_par' dir='ltr' id='par_1_11' title="bbox 174 527 666 587">
     <span class='ocr_line' id='line_1_12' title="bbox 193 527 254 545; baseline 0.016 -1"><span class='ocrx_word' id='word_1_44' title='bbox 193 527 254 545; x_wconf 82' lang='lat' dir='ltr'><strong><em>aus.</em></strong></span> 
     </span>
     <span class='ocr_line' id='line_1_13' title="bbox 174 527 666 587; baseline 0 -8"><span class='ocrx_word' id='word_1_45' title='bbox 174 527 190 552; x_wconf 69' lang='grc' dir='ltr'><strong>Ρ</strong></span> <span class='ocrx_word' id='word_1_46' title='bbox 209 553 244 579; x_wconf 79' lang='grc'><strong><em>55</em></strong></span> <span class='ocrx_word' id='word_1_47' title='bbox 256 552 426 579; x_wconf 84' lang='lat' dir='ltr'><strong><em>Collaudatio</em></strong></span> <span class='ocrx_word' id='word_1_48' title='bbox 443 543 511 580; x_wconf 53' lang='lat' dir='ltr'><strong><em>r&#39;ecte</em></strong></span> <span class='ocrx_word' id='word_1_49' title='bbox 524 553 666 587; x_wconf 89' lang='lat' dir='ltr'><strong><em>factorum.</em></strong></span> 
     </span>
    </p>
   </div>
   <div class='ocr_carea' id='block_1_12' title="bbox 208 587 965 616">
    <p class='ocr_par' dir='ltr' id='par_1_12' title="bbox 208 587 965 616">
     <span class='ocr_line' id='line_1_14' title="bbox 208 587 965 616; baseline -0.001 -2"><span class='ocrx_word' id='word_1_50' title='bbox 208 588 243 614; x_wconf 70' lang='grc'><strong><em>54</em></strong></span> <span class='ocrx_word' id='word_1_51' title='bbox 256 588 366 615; x_wconf 85' lang='lat' dir='ltr'><strong><em>Virtutis</em></strong></span> <span class='ocrx_word' id='word_1_52' title='bbox 381 589 502 616; x_wconf 83' lang='lat' dir='ltr'><strong><em>studium</em></strong></span> <span class='ocrx_word' id='word_1_53' title='bbox 521 597 572 614; x_wconf 91' lang='lat' dir='ltr'><strong><em>non</em></strong></span> <span class='ocrx_word' id='word_1_54' title='bbox 593 594 631 615; x_wconf 89' lang='lat' dir='ltr'><strong><em>est</em></strong></span> <span class='ocrx_word' id='word_1_55' title='bbox 655 588 780 615; x_wconf 75' lang='lat' dir='ltr'><strong><em>oblivioni</em></strong></span> <span class='ocrx_word' id='word_1_56' title='bbox 799 587 965 614; x_wconf 88' lang='lat' dir='ltr'><strong><em>tradendum.</em></strong></span> 
     </span>
    </p>
   </div>
   <div class='ocr_carea' id='block_1_13' title="bbox 211 623 966 653">
    <p class='ocr_par' dir='ltr' id='par_1_13' title="bbox 211 623 966 653">
     <span class='ocr_line' id='line_1_15' title="bbox 211 623 966 653; baseline -0.003 -3"><span class='ocrx_word' id='word_1_57' title='bbox 211 623 247 650; x_wconf 77' lang='grc'><strong><em>55</em></strong></span> <span class='ocrx_word' id='word_1_58' title='bbox 265 623 446 650; x_wconf 74' lang='lat' dir='ltr'><strong><em>Calamitosus</em></strong></span> <span class='ocrx_word' id='word_1_59' title='bbox 465 632 495 650; x_wconf 88' lang='lat' dir='ltr'><strong><em>ac</em></strong></span> <span class='ocrx_word' id='word_1_60' title='bbox 512 624 591 650; x_wconf 81' lang='lat' dir='ltr'><strong><em>miser</em></strong></span> <span class='ocrx_word' id='word_1_61' title='bbox 613 623 708 650; x_wconf 82' lang='lat' dir='ltr'><strong><em>desinit</em></strong></span> <span class='ocrx_word' id='word_1_62' title='bbox 726 632 781 650; x_wconf 84' lang='lat' dir='ltr'><strong><em>esse</em></strong></span> <span class='ocrx_word' id='word_1_63' title='bbox 797 623 966 653; x_wconf 83' lang='lat' dir='ltr'><strong><em>miserabilis,</em></strong></span> 
     </span>
    </p>
   </div>
   <div class='ocr_carea' id='block_1_14' title="bbox 176 659 966 693">
    <p class='ocr_par' dir='ltr' id='par_1_14' title="bbox 176 659 966 693">
     <span class='ocr_line' id='line_1_16' title="bbox 176 659 966 693; baseline -0.001 -8"><span class='ocrx_word' id='word_1_64' title='bbox 176 664 198 685; x_wconf 81' lang='lat' dir='ltr'><strong><em>et</em></strong></span> <span class='ocrx_word' id='word_1_65' title='bbox 212 660 317 685; x_wconf 82' lang='lat' dir='ltr'><strong><em>odiosus</em></strong></span> <span class='ocrx_word' id='word_1_66' title='bbox 338 667 394 685; x_wconf 84' lang='lat' dir='ltr'><strong><em>esse</em></strong></span> <span class='ocrx_word' id='word_1_67' title='bbox 418 659 524 692; x_wconf 82' lang='lat' dir='ltr'><strong><em>incipit,</em></strong></span> <span class='ocrx_word' id='word_1_68' title='bbox 538 660 560 685; x_wconf 87' lang='lat' dir='ltr'><strong><em>si</em></strong></span> <span class='ocrx_word' id='word_1_69' title='bbox 576 659 601 685; x_wconf 90' lang='lat' dir='ltr'><strong><em>in</em></strong></span> <span class='ocrx_word' id='word_1_70' title='bbox 619 659 683 693; x_wconf 88' lang='lat' dir='ltr'><strong><em>ipsis</em></strong></span> <span class='ocrx_word' id='word_1_71' title='bbox 708 659 821 685; x_wconf 74' lang='lat' dir='ltr'><strong><em>miseriis</em></strong></span> <span class='ocrx_word' id='word_1_72' title='bbox 844 659 899 685; x_wconf 88' lang='lat' dir='ltr'><strong><em>suis</em></strong></span> <span class='ocrx_word' id='word_1_73' title='bbox 917 666 966 684; x_wconf 88' lang='lat' dir='ltr'><strong><em>nott</em></strong></span> 
     </span>
    </p>
   </div>
   <div class='ocr_carea' id='block_1_15' title="bbox 175 694 638 720">
    <p class='ocr_par' dir='ltr' id='par_1_15' title="bbox 175 694 638 720">
     <span class='ocr_line' id='line_1_17' title="bbox 175 694 638 720; baseline 0.002 -1"><span class='ocrx_word' id='word_1_74' title='bbox 175 694 305 720; x_wconf 80' lang='lat' dir='ltr'><strong><em>abstineat</em></strong></span> <span class='ocrx_word' id='word_1_75' title='bbox 322 702 337 720; x_wconf 92' lang='lat' dir='ltr'><strong><em>a</em></strong></span> <span class='ocrx_word' id='word_1_76' title='bbox 355 694 555 720; x_wconf 85' lang='lat' dir='ltr'><strong><em>calumniandis</em></strong></span> <span class='ocrx_word' id='word_1_77' title='bbox 567 694 638 720; x_wconf 79' lang='lat' dir='ltr'><strong><em>aliis.</em></strong></span> 
     </span>
    </p>
   </div>
   <div class='ocr_carea' id='block_1_16' title="bbox 208 729 966 764">
    <p class='ocr_par' dir='ltr' id='par_1_16' title="bbox 208 729 966 764">
     <span class='ocr_line' id='line_1_18' title="bbox 208 729 966 764; baseline -0.001 -9"><span class='ocrx_word' id='word_1_78' title='bbox 208 729 243 756; x_wconf 74' lang='lat'><strong>56</strong></span> <span class='ocrx_word' id='word_1_79' title='bbox 259 729 397 763; x_wconf 80' lang='lat' dir='ltr'><strong><em>EIpositio</em></strong></span> <span class='ocrx_word' id='word_1_80' title='bbox 413 729 478 756; x_wconf 89' lang='lat' dir='ltr'><strong><em>dicti</em></strong></span> <span class='ocrx_word' id='word_1_81' title='bbox 489 729 634 764; x_wconf 79' lang='lat' dir='ltr'><strong><em>prophetici</em></strong></span> <span class='ocrx_word' id='word_1_82' title='bbox 650 729 681 756; x_wconf 90' lang='lat' dir='ltr'><strong><em>de</em></strong></span> <span class='ocrx_word' id='word_1_83' title='bbox 693 729 716 756; x_wconf 89' lang='lat' dir='ltr'><strong><em>vi</em></strong></span> <span class='ocrx_word' id='word_1_84' title='bbox 730 733 754 756; x_wconf 82' lang='lat' dir='ltr'><strong><em>cl</em></strong></span> <span class='ocrx_word' id='word_1_85' title='bbox 776 729 889 763; x_wconf 77' lang='lat' dir='ltr'><strong><em>efficacia</em></strong></span> <span class='ocrx_word' id='word_1_86' title='bbox 904 737 966 762; x_wconf 79' lang='lat' dir='ltr'><strong><em>prte-</em></strong></span> 
     </span>
    </p>
   </div>
   <div class='ocr_carea' id='block_1_17' title="bbox 177 764 443 792">
    <p class='ocr_par' dir='ltr' id='par_1_17' title="bbox 177 764 443 792">
     <span class='ocr_line' id='line_1_19' title="bbox 177 764 443 792; baseline 0 -2"><span class='ocrx_word' id='word_1_87' title='bbox 177 765 318 790; x_wconf 80' lang='lat' dir='ltr'><strong><em>dicationis</em></strong></span> <span class='ocrx_word' id='word_1_88' title='bbox 330 764 443 792; x_wconf 78' lang='lat' dir='ltr'><strong><em>Christi.</em></strong></span> 
     </span>
    </p>
   </div>
   <div class='ocr_carea' id='block_1_18' title="bbox 210 799 966 834">
    <p class='ocr_par' dir='ltr' id='par_1_18' title="bbox 210 799 966 834">
     <span class='ocr_line' id='line_1_20' title="bbox 210 799 966 834; baseline -0.003 -8"><span class='ocrx_word' id='word_1_89' title='bbox 210 799 244 826; x_wconf 81' lang='grc'><strong><em>57</em></strong></span> <span class='ocrx_word' id='word_1_90' title='bbox 259 799 411 834; x_wconf 84' lang='lat' dir='ltr'><strong><em>lndigttitas</em></strong></span> <span class='ocrx_word' id='word_1_91' title='bbox 438 799 585 827; x_wconf 73' lang='lat' dir='ltr'><strong><em>sacerdotis</em></strong></span> <span class='ocrx_word' id='word_1_92' title='bbox 613 799 680 826; x_wconf 80' lang='lat' dir='ltr'><strong><em>nihil</em></strong></span> <span class='ocrx_word' id='word_1_93' title='bbox 709 799 819 834; x_wconf 86' lang='lat' dir='ltr'><strong><em>derogat</em></strong></span> <span class='ocrx_word' id='word_1_94' title='bbox 845 799 966 834; x_wconf 72' lang='lat' dir='ltr'><strong><em>efﬁcacitv</em></strong></span> 
     </span>
    </p>
   </div>
   <div class='ocr_carea' id='block_1_19' title="bbox 175 834 963 869">
    <p class='ocr_par' dir='ltr' id='par_1_19' title="bbox 175 834 963 869">
     <span class='ocr_line' id='line_1_21' title="bbox 175 834 963 869; baseline -0.004 -8"><span class='ocrx_word' id='word_1_95' title='bbox 175 836 360 868; x_wconf 81' lang='lat' dir='ltr'><strong><em>mysteriorum</em></strong></span> <span class='ocrx_word' id='word_1_96' title='bbox 388 836 549 867; x_wconf 81' lang='lat' dir='ltr'><strong><em>divinorum,</em></strong></span> <span class='ocrx_word' id='word_1_97' title='bbox 574 835 627 861; x_wconf 84' lang='lat' dir='ltr'><strong><em>sive</em></strong></span> <span class='ocrx_word' id='word_1_98' title='bbox 651 834 830 869; x_wconf 83' lang='lat' dir='ltr'><strong><em>symbolarum</em></strong></span> <span class='ocrx_word' id='word_1_99' title='bbox 858 834 963 860; x_wconf 79' lang='lat' dir='ltr'><strong><em>salutis.</em></strong></span> 
     </span>
    </p>
   </div>
   <div class='ocr_carea' id='block_1_20' title="bbox 176 869 964 905">
    <p class='ocr_par' dir='ltr' id='par_1_20' title="bbox 176 869 964 905">
     <span class='ocr_line' id='line_1_22' title="bbox 176 869 964 905; baseline -0.001 -10"><span class='ocrx_word' id='word_1_100' title='bbox 176 869 245 896; x_wconf 86' lang='lat' dir='ltr'><strong><em>Deus</em></strong></span> <span class='ocrx_word' id='word_1_101' title='bbox 259 871 329 897; x_wconf 88' lang='lat' dir='ltr'><strong><em>enim</em></strong></span> <span class='ocrx_word' id='word_1_102' title='bbox 348 871 428 896; x_wconf 86' lang='lat' dir='ltr'><strong><em>etiam</em></strong></span> <span class='ocrx_word' id='word_1_103' title='bbox 436 871 605 905; x_wconf 85' lang='lat' dir='ltr'><strong><em>indignorum</em></strong></span> <span class='ocrx_word' id='word_1_104' title='bbox 622 871 803 902; x_wconf 87' lang='lat' dir='ltr'><strong><em>malorumque</em></strong></span> <span class='ocrx_word' id='word_1_105' title='bbox 816 870 964 896; x_wconf 76' lang='lat' dir='ltr'><strong><em>ministerio</em></strong></span> 
     </span>
    </p>
   </div>
   <div class='ocr_carea' id='block_1_21' title="bbox 176 905 965 939">
    <p class='ocr_par' dir='ltr' id='par_1_21' title="bbox 176 905 965 939">
     <span class='ocr_line' id='line_1_23' title="bbox 176 905 965 939; baseline 0 -9"><span class='ocrx_word' id='word_1_106' title='bbox 176 905 204 930; x_wconf 88' lang='lat' dir='ltr'><strong><em>in</em></strong></span> <span class='ocrx_word' id='word_1_107' title='bbox 220 905 313 931; x_wconf 87' lang='lat' dir='ltr'><strong><em>bonum</em></strong></span> <span class='ocrx_word' id='word_1_108' title='bbox 327 907 366 931; x_wconf 89' lang='lat' dir='ltr'><strong><em>uti</em></strong></span> <span class='ocrx_word' id='word_1_109' title='bbox 389 911 482 939; x_wconf 85' lang='lat' dir='ltr'><strong><em>potest,</em></strong></span> <span class='ocrx_word' id='word_1_110' title='bbox 493 910 518 932; x_wconf 76' lang='lat' dir='ltr'><strong><em>et</em></strong></span> <span class='ocrx_word' id='word_1_111' title='bbox 530 905 641 939; x_wconf 83' lang='lat' dir='ltr'><strong><em>peridin</em></strong></span> <span class='ocrx_word' id='word_1_112' title='bbox 651 905 747 930; x_wconf 86' lang='lat' dir='ltr'><strong><em>animis</em></strong></span> <span class='ocrx_word' id='word_1_113' title='bbox 761 913 851 931; x_wconf 86' lang='lat' dir='ltr'><strong><em>corum</em></strong></span> <span class='ocrx_word' id='word_1_114' title='bbox 865 905 909 939; x_wconf 86' lang='lat' dir='ltr'><strong><em>qui</em></strong></span> <span class='ocrx_word' id='word_1_115' title='bbox 923 913 965 930; x_wconf 88' lang='lat' dir='ltr'><strong><em>sa-</em></strong></span> 
     </span>
    </p>
   </div>
   <div class='ocr_carea' id='block_1_22' title="bbox 174 939 964 975">
    <p class='ocr_par' dir='ltr' id='par_1_22' title="bbox 174 939 964 975">
     <span class='ocr_line' id='line_1_24' title="bbox 174 939 964 975; baseline 0 -10"><span class='ocrx_word' id='word_1_116' title='bbox 174 947 221 966; x_wconf 88' lang='lat' dir='ltr'><strong><em>cra</em></strong></span> <span class='ocrx_word' id='word_1_117' title='bbox 234 941 396 975; x_wconf 78' lang='lat' dir='ltr'><strong><em>participant</em></strong></span> <span class='ocrx_word' id='word_1_118' title='bbox 414 941 556 975; x_wconf 83' lang='lat' dir='ltr'><strong><em>efficaciter</em></strong></span> <span class='ocrx_word' id='word_1_119' title='bbox 575 945 708 974; x_wconf 75' lang='lat' dir='ltr'><strong><em>operatur.</em></strong></span> <span class='ocrx_word' id='word_1_120' title='bbox 728 940 825 974; x_wconf 78' lang='lat' dir='ltr'><strong><em>Confer</em></strong></span> <span class='ocrx_word' id='word_1_121' title='bbox 841 948 883 974; x_wconf 84' lang='lat' dir='ltr'><strong><em>op.</em></strong></span> <span class='ocrx_word' id='word_1_122' title='bbox 901 939 964 972; x_wconf 62' lang='lat' dir='ltr'><strong><em>MU,</em></strong></span> 
     </span>
    </p>
   </div>
   <div class='ocr_carea' id='block_1_23' title="bbox 174 975 518 1009">
    <p class='ocr_par' dir='ltr' id='par_1_23' title="bbox 174 975 518 1009">
     <span class='ocr_line' id='line_1_25' title="bbox 174 975 518 1009; baseline 0.006 -9"><span class='ocrx_word' id='word_1_123' title='bbox 174 975 222 1001; x_wconf 84' lang='lat' dir='ltr'><strong><em>lib.</em></strong></span> <span class='ocrx_word' id='word_1_124' title='bbox 239 983 258 1007; x_wconf 87' lang='grc' dir='ltr'>ι,</span> <span class='ocrx_word' id='word_1_125' title='bbox 268 982 294 1002; x_wconf 92' lang='lat' dir='ltr'><strong><em>et</em></strong></span> <span class='ocrx_word' id='word_1_126' title='bbox 306 984 346 1009; x_wconf 89' lang='lat' dir='ltr'><strong><em>ep.</em></strong></span> <span class='ocrx_word' id='word_1_127' title='bbox 356 975 408 1002; x_wconf 77' lang='grc' dir='ltr'>5ιο</span> <span class='ocrx_word' id='word_1_128' title='bbox 417 977 464 1002; x_wconf 85' lang='lat' dir='ltr'><strong><em>lib.</em></strong></span> <span class='ocrx_word' id='word_1_129' title='bbox 477 984 518 1002; x_wconf 82' lang='grc' dir='ltr'><strong><em>ιιι.</em></strong></span> 
     </span>
    </p>
   </div>
   <div class='ocr_carea' id='block_1_24' title="bbox 209 1009 942 1046">
    <p class='ocr_par' dir='ltr' id='par_1_24' title="bbox 209 1009 942 1046">
     <span class='ocr_line' id='line_1_26' title="bbox 209 1009 942 1046; baseline -0.001 -9"><span class='ocrx_word' id='word_1_130' title='bbox 209 1011 244 1046; x_wconf 66' lang='grc'>58</span> <span class='ocrx_word' id='word_1_131' title='bbox 255 1011 415 1046; x_wconf 84' lang='lat' dir='ltr'><strong><em>Objnrgatio</em></strong></span> <span class='ocrx_word' id='word_1_132' title='bbox 426 1011 490 1038; x_wconf 76' lang='lat' dir='ltr'><strong><em>mali</em></strong></span> <span class='ocrx_word' id='word_1_133' title='bbox 501 1010 648 1038; x_wconf 77' lang='lat' dir='ltr'><strong><em>sacerdotis</em></strong></span> <span class='ocrx_word' id='word_1_134' title='bbox 659 1009 815 1037; x_wconf 80' lang='lat' dir='ltr'><strong><em>scandalose</em></strong></span> <span class='ocrx_word' id='word_1_135' title='bbox 824 1010 942 1036; x_wconf 77' lang='lat' dir='ltr'><strong><em>viventia.</em></strong></span> 
     </span>
    </p>
   </div>
   <div class='ocr_carea' id='block_1_25' title="bbox 208 1045 966 1080">
    <p class='ocr_par' dir='ltr' id='par_1_25' title="bbox 208 1045 966 1080">
     <span class='ocr_line' id='line_1_27' title="bbox 208 1045 966 1080; baseline -0.001 -8"><span class='ocrx_word' id='word_1_136' title='bbox 208 1045 244 1072; x_wconf 78' lang='grc'><strong><em>59</em></strong></span> <span class='ocrx_word' id='word_1_137' title='bbox 267 1046 329 1072; x_wconf 78' lang='lat' dir='ltr'><strong><em>Non</em></strong></span> <span class='ocrx_word' id='word_1_138' title='bbox 344 1045 458 1073; x_wconf 74' lang='lat' dir='ltr'><strong><em>tantum</em></strong></span> <span class='ocrx_word' id='word_1_139' title='bbox 479 1046 676 1080; x_wconf 85' lang='lat' dir='ltr'><strong><em>reprehensione</em></strong></span> <span class='ocrx_word' id='word_1_140' title='bbox 702 1053 802 1078; x_wconf 84' lang='lat' dir='ltr'><strong><em>carere,</em></strong></span> <span class='ocrx_word' id='word_1_141' title='bbox 819 1045 864 1072; x_wconf 87' lang='lat' dir='ltr'><strong><em>sed</em></strong></span> <span class='ocrx_word' id='word_1_142' title='bbox 887 1045 966 1072; x_wconf 86' lang='lat' dir='ltr'><strong><em>laude</em></strong></span> 
     </span>
    </p>
   </div>
   <div class='ocr_carea' id='block_1_26' title="bbox 172 1082 552 1115">
    <p class='ocr_par' dir='ltr' id='par_1_26' title="bbox 172 1082 552 1115">
     <span class='ocr_line' id='line_1_28' title="bbox 172 1082 552 1115; baseline 0.005 -9"><span class='ocrx_word' id='word_1_143' title='bbox 172 1088 275 1115; x_wconf 83' lang='lat' dir='ltr'><strong><em>quoque</em></strong></span> <span class='ocrx_word' id='word_1_144' title='bbox 292 1082 427 1108; x_wconf 79' lang='lat' dir='ltr'><strong><em>abundare</em></strong></span> <span class='ocrx_word' id='word_1_145' title='bbox 438 1087 552 1115; x_wconf 82' lang='lat' dir='ltr'><strong><em>oportet.</em></strong></span> 
     </span>
    </p>
   </div>
   <div class='ocr_carea' id='block_1_27' title="bbox 204 1115 705 1151">
    <p class='ocr_par' dir='ltr' id='par_1_27' title="bbox 204 1115 705 1151">
     <span class='ocr_line' id='line_1_29' title="bbox 204 1115 705 1151; baseline 0 -9"><span class='ocrx_word' id='word_1_146' title='bbox 204 1116 242 1143; x_wconf 67' lang='lat'><strong><em>40</em></strong></span> <span class='ocrx_word' id='word_1_147' title='bbox 258 1116 350 1143; x_wconf 84' lang='lat' dir='ltr'><strong><em>Ventri</em></strong></span> <span class='ocrx_word' id='word_1_148' title='bbox 363 1125 414 1151; x_wconf 84' lang='lat' dir='ltr'><strong><em>quo</em></strong></span> <span class='ocrx_word' id='word_1_149' title='bbox 422 1122 500 1151; x_wconf 89' lang='lat' dir='ltr'><strong><em>pacto</em></strong></span> <span class='ocrx_word' id='word_1_150' title='bbox 513 1115 705 1148; x_wconf 85' lang='lat' dir='ltr'><strong><em>imperandum.</em></strong></span> 
     </span>
    </p>
   </div>
   <div class='ocr_carea' id='block_1_28' title="bbox 208 1151 760 1187">
    <p class='ocr_par' dir='ltr' id='par_1_28' title="bbox 208 1151 760 1187">
     <span class='ocr_line' id='line_1_30' title="bbox 208 1151 760 1187; baseline -0.004 -9"><span class='ocrx_word' id='word_1_151' title='bbox 208 1152 240 1178; x_wconf 75' lang='grc'><strong><em>41</em></strong></span> <span class='ocrx_word' id='word_1_152' title='bbox 259 1151 348 1187; x_wconf 66' lang='lat' dir='ltr'><strong><em>Pana:</em></strong></span> <span class='ocrx_word' id='word_1_153' title='bbox 360 1153 473 1178; x_wconf 87' lang='lat' dir='ltr'><strong><em>tarditas</em></strong></span> <span class='ocrx_word' id='word_1_154' title='bbox 482 1152 612 1187; x_wconf 82' lang='lat' dir='ltr'><strong><em>gravitate</em></strong></span> <span class='ocrx_word' id='word_1_155' title='bbox 623 1156 760 1185; x_wconf 85' lang='lat' dir='ltr'><strong><em>pensatur.</em></strong></span> 
     </span>
    </p>
   </div>
   <div class='ocr_carea' id='block_1_29' title="bbox 209 1185 967 1222">
    <p class='ocr_par' dir='ltr' id='par_1_29' title="bbox 209 1185 967 1222">
     <span class='ocr_line' id='line_1_31' title="bbox 209 1185 967 1222; baseline -0.001 -8"><span class='ocrx_word' id='word_1_156' title='bbox 209 1187 245 1214; x_wconf 62' lang='grc' dir='ltr'><strong><em>ΛΞ</em></strong></span> <span class='ocrx_word' id='word_1_157' title='bbox 251 1186 365 1214; x_wconf 77' lang='lat' dir='ltr'><strong><em>Joannis</em></strong></span> <span class='ocrx_word' id='word_1_158' title='bbox 373 1185 554 1222; x_wconf 31' lang='lat' dir='ltr'><strong><em>Chrysos’tonti</em></strong></span> <span class='ocrx_word' id='word_1_159' title='bbox 565 1186 687 1220; x_wconf 83' lang='lat' dir='ltr'><strong><em>elogium,</em></strong></span> <span class='ocrx_word' id='word_1_160' title='bbox 697 1186 856 1213; x_wconf 83' lang='lat' dir='ltr'><strong><em>auctoritate</em></strong></span> <span class='ocrx_word' id='word_1_161' title='bbox 863 1185 967 1213; x_wconf 87' lang='lat' dir='ltr'><strong><em>Libanii</em></strong></span> 
     </span>
    </p>
   </div>
   <div class='ocr_carea' id='block_1_30' title="bbox 173 1221 966 1259">
    <p class='ocr_par' dir='ltr' id='par_1_30' title="bbox 173 1221 966 1259">
     <span class='ocr_line' id='line_1_32' title="bbox 173 1221 966 1259; baseline -0.004 -8"><span class='ocrx_word' id='word_1_162' title='bbox 173 1225 302 1259; x_wconf 76' lang='lat' dir='ltr'><strong><em>sophistae</em></strong></span> <span class='ocrx_word' id='word_1_163' title='bbox 328 1221 538 1259; x_wconf 82' lang='lat' dir='ltr'><strong><em>comprobatum.</em></strong></span> <span class='ocrx_word' id='word_1_164' title='bbox 551 1222 590 1249; x_wconf 86' lang='lat' dir='ltr'><strong><em>De</em></strong></span> <span class='ocrx_word' id='word_1_165' title='bbox 612 1221 769 1255; x_wconf 77' lang='lat' dir='ltr'><strong><em>differentiis</em></strong></span> <span class='ocrx_word' id='word_1_166' title='bbox 790 1229 913 1256; x_wconf 83' lang='lat' dir='ltr'><strong><em>generum</em></strong></span> <span class='ocrx_word' id='word_1_167' title='bbox 924 1222 966 1248; x_wconf 86' lang='lat' dir='ltr'><strong><em>di-</em></strong></span> 
     </span>
    </p>
   </div>
   <div class='ocr_carea' id='block_1_31' title="bbox 174 1258 625 1292">
    <p class='ocr_par' dir='ltr' id='par_1_31' title="bbox 174 1258 625 1292">
     <span class='ocr_line' id='line_1_33' title="bbox 174 1258 625 1292; baseline -0.007 -6"><span class='ocrx_word' id='word_1_168' title='bbox 174 1258 261 1286; x_wconf 83' lang='lat' dir='ltr'><strong><em>cendi.</em></strong></span> <span class='ocrx_word' id='word_1_169' title='bbox 275 1258 370 1292; x_wconf 82' lang='lat' dir='ltr'><strong><em>Confer</em></strong></span> <span class='ocrx_word' id='word_1_170' title='bbox 383 1258 430 1285; x_wconf 89' lang='lat' dir='ltr'><strong><em>lib.</em></strong></span> <span class='ocrx_word' id='word_1_171' title='bbox 447 1266 474 1284; x_wconf 80' lang='lat' dir='ltr'><strong><em>tv</em></strong></span> <span class='ocrx_word' id='word_1_172' title='bbox 496 1265 536 1289; x_wconf 90' lang='lat' dir='ltr'><strong><em>ep.</em></strong></span> <span class='ocrx_word' id='word_1_173' title='bbox 556 1276 564 1283; x_wconf 90' lang='lat'><strong><em>.</em></strong></span> <span class='ocrx_word' id='word_1_174' title='bbox 586 1277 593 1284; x_wconf 89' lang='lat'><strong><em>.</em></strong></span> <span class='ocrx_word' id='word_1_175' title='bbox 618 1275 625 1283; x_wconf 86' lang='lat'><strong><em>.</em></strong></span> 
     </span>
    </p>
   </div>
   <div class='ocr_carea' id='block_1_32' title="bbox 213 1291 966 1326">
    <p class='ocr_par' dir='ltr' id='par_1_32' title="bbox 213 1291 966 1326">
     <span class='ocr_line' id='line_1_34' title="bbox 213 1291 966 1326; baseline 0.001 -8"><span class='ocrx_word' id='word_1_176' title='bbox 213 1295 248 1321; x_wconf 65' lang='grc'><strong><em>45</em></strong></span> <span class='ocrx_word' id='word_1_177' title='bbox 260 1292 311 1319; x_wconf 86' lang='lat' dir='ltr'><strong><em>Pro</em></strong></span> <span class='ocrx_word' id='word_1_178' title='bbox 329 1294 519 1320; x_wconf 82' lang='lat' dir='ltr'><strong><em>resurrectione</em></strong></span> <span class='ocrx_word' id='word_1_179' title='bbox 541 1299 680 1326; x_wconf 82' lang='lat' dir='ltr'><strong><em>corporum</em></strong></span> <span class='ocrx_word' id='word_1_180' title='bbox 699 1291 915 1321; x_wconf 82' lang='lat' dir='ltr'><strong><em>ratiocinationes</em></strong></span> <span class='ocrx_word' id='word_1_181' title='bbox 941 1297 966 1320; x_wconf 89' lang='lat' dir='ltr'><strong><em>el</em></strong></span> 
     </span>
    </p>
   </div>
   <div class='ocr_carea' id='block_1_33' title="bbox 176 1328 618 1362">
    <p class='ocr_par' dir='ltr' id='par_1_33' title="bbox 176 1328 618 1362">
     <span class='ocr_line' id='line_1_35' title="bbox 176 1328 618 1362; baseline -0.002 -6"><span class='ocrx_word' id='word_1_182' title='bbox 176 1329 409 1356; x_wconf 89' lang='lat' dir='ltr'><strong><em>demanstrutiottes</em></strong></span> <span class='ocrx_word' id='word_1_183' title='bbox 419 1328 618 1362; x_wconf 63' lang='lat' dir='ltr'><strong><em>philosophicas.</em></strong></span> 
     </span>
    </p>
   </div>
   <div class='ocr_carea' id='block_1_34' title="bbox 209 1363 968 1398">
    <p class='ocr_par' dir='ltr' id='par_1_34' title="bbox 209 1363 968 1398">
     <span class='ocr_line' id='line_1_36' title="bbox 209 1363 968 1398; baseline -0.001 -7"><span class='ocrx_word' id='word_1_184' title='bbox 209 1365 244 1391; x_wconf 68' lang='grc'>44</span> <span class='ocrx_word' id='word_1_185' title='bbox 263 1363 420 1390; x_wconf 68' lang='lat' dir='ltr'><strong><em>Exhortatio</em></strong></span> <span class='ocrx_word' id='word_1_186' title='bbox 432 1363 468 1389; x_wconf 86' lang='lat' dir='ltr'><strong><em>ad</em></strong></span> <span class='ocrx_word' id='word_1_187' title='bbox 482 1364 673 1398; x_wconf 84' lang='lat' dir='ltr'><strong><em>eleemosynas.</em></strong></span> <span class='ocrx_word' id='word_1_188' title='bbox 693 1368 718 1390; x_wconf 86' lang='lat' dir='ltr'><strong><em>et</em></strong></span> <span class='ocrx_word' id='word_1_189' title='bbox 733 1364 881 1391; x_wconf 89' lang='lat' dir='ltr'><strong><em>dehortatio</em></strong></span> <span class='ocrx_word' id='word_1_190' title='bbox 899 1372 968 1390; x_wconf 88' lang='lat' dir='ltr'><strong><em>ara-</em></strong></span> 
     </span>
    </p>
   </div>
   <div class='ocr_carea' id='block_1_35' title="bbox 172 1399 965 1434">
    <p class='ocr_par' dir='ltr' id='par_1_35' title="bbox 172 1399 965 1434">
     <span class='ocr_line' id='line_1_37' title="bbox 172 1399 965 1434; baseline 0 -8"><span class='ocrx_word' id='word_1_191' title='bbox 172 1400 244 1434; x_wconf 80' lang='lat' dir='ltr'><strong><em>pinis</em></strong></span> <span class='ocrx_word' id='word_1_192' title='bbox 259 1403 284 1426; x_wconf 89' lang='lat' dir='ltr'><strong><em>et</em></strong></span> <span class='ocrx_word' id='word_1_193' title='bbox 298 1399 455 1433; x_wconf 88' lang='lat' dir='ltr'><strong><em>spoliatione</em></strong></span> <span class='ocrx_word' id='word_1_194' title='bbox 477 1406 633 1433; x_wconf 85' lang='lat' dir='ltr'><strong><em>pauperum.</em></strong></span> <span class='ocrx_word' id='word_1_195' title='bbox 644 1399 725 1434; x_wconf 80' lang='lat' dir='ltr'><strong><em>Rape,</em></strong></span> <span class='ocrx_word' id='word_1_196' title='bbox 743 1407 863 1433; x_wconf 84' lang='lat' dir='ltr'><strong><em>congere,</em></strong></span> <span class='ocrx_word' id='word_1_197' title='bbox 879 1399 965 1434; x_wconf 86' lang='lat' dir='ltr'><strong><em>aufer,</em></strong></span> 
     </span>
    </p>
   </div>
   <div class='ocr_carea' id='block_1_36' title="bbox 172 1433 575 1468">
    <p class='ocr_par' dir='ltr' id='par_1_36' title="bbox 172 1433 575 1468">
     <span class='ocr_line' id='line_1_38' title="bbox 172 1433 575 1468; baseline -0.005 -7"><span class='ocrx_word' id='word_1_198' title='bbox 172 1433 291 1468; x_wconf 78' lang='lat' dir='ltr'><strong><em>posside,</em></strong></span> <span class='ocrx_word' id='word_1_199' title='bbox 309 1433 508 1468; x_wconf 88' lang='lat' dir='ltr'><strong><em>relinquendum</em></strong></span> <span class='ocrx_word' id='word_1_200' title='bbox 526 1438 575 1460; x_wconf 83' lang='lat' dir='ltr'><strong><em>est.</em></strong></span> 
     </span>
    </p>
   </div>
   <div class='ocr_carea' id='block_1_37' title="bbox 205 1468 965 1497">
    <p class='ocr_par' dir='ltr' id='par_1_37' title="bbox 205 1468 965 1497">
     <span class='ocr_line' id='line_1_39' title="bbox 205 1468 965 1497; baseline -0.003 0"><span class='ocrx_word' id='word_1_201' title='bbox 205 1469 241 1497; x_wconf 75' lang='grc'><strong><em>45</em></strong></span> <span class='ocrx_word' id='word_1_202' title='bbox 255 1469 345 1496; x_wconf 83' lang='lat' dir='ltr'><strong><em>Etiam</em></strong></span> <span class='ocrx_word' id='word_1_203' title='bbox 361 1469 387 1495; x_wconf 84' lang='lat' dir='ltr'><strong><em>in</em></strong></span> <span class='ocrx_word' id='word_1_204' title='bbox 400 1469 507 1496; x_wconf 88' lang='lat' dir='ltr'><strong><em>virtutis</em></strong></span> <span class='ocrx_word' id='word_1_205' title='bbox 529 1469 662 1495; x_wconf 73' lang='lat' dir='ltr'><strong><em>exercitiis</em></strong></span> <span class='ocrx_word' id='word_1_206' title='bbox 684 1469 776 1496; x_wconf 86' lang='lat' dir='ltr'><strong><em>modus</em></strong></span> <span class='ocrx_word' id='word_1_207' title='bbox 800 1468 965 1496; x_wconf 80' lang='lat' dir='ltr'><strong><em>adhibendus</em></strong></span> 
     </span>
    </p>
   </div>
   <div class='ocr_carea' id='block_1_38' title="bbox 171 1504 720 1540">
    <p class='ocr_par' dir='ltr' id='par_1_38' title="bbox 171 1504 720 1540">
     <span class='ocr_line' id='line_1_40' title="bbox 171 1504 720 1540; baseline -0.004 -8"><span class='ocrx_word' id='word_1_208' title='bbox 171 1509 222 1537; x_wconf 75' lang='lat' dir='ltr'><strong><em>est,</em></strong></span> <span class='ocrx_word' id='word_1_209' title='bbox 235 1505 266 1531; x_wconf 78' lang='grc' dir='ltr'><strong>τὸ</strong></span> <span class='ocrx_word' id='word_1_210' title='bbox 279 1505 347 1540; x_wconf 66' lang='grc' dir='ltr'><strong><em>γὰρ,</em></strong></span> <span class='ocrx_word' id='word_1_211' title='bbox 363 1504 445 1538; x_wconf 81' lang='grc' dir='ltr'>μηδὲν</span> <span class='ocrx_word' id='word_1_212' title='bbox 467 1505 547 1537; x_wconf 78' lang='grc' dir='ltr'>ἄγαν,</span> <span class='ocrx_word' id='word_1_213' title='bbox 560 1504 602 1540; x_wconf 20' lang='grc' dir='ltr'><strong><em>νμὲ</em></strong></span> <span class='ocrx_word' id='word_1_214' title='bbox 613 1505 720 1540; x_wconf 83' lang='grc' dir='ltr'><strong><em>τέρπει.</em></strong></span> 
     </span>
    </p>
   </div>
   <div class='ocr_carea' id='block_1_39' title="bbox 210 1539 966 1574">
    <p class='ocr_par' dir='ltr' id='par_1_39' title="bbox 210 1539 966 1574">
     <span class='ocr_line' id='line_1_41' title="bbox 210 1539 966 1574; baseline -0.001 -7"><span class='ocrx_word' id='word_1_215' title='bbox 210 1539 245 1567; x_wconf 73' lang='grc'><strong><em>46</em></strong></span> <span class='ocrx_word' id='word_1_216' title='bbox 267 1539 338 1571; x_wconf 85' lang='lat' dir='ltr'><strong><em>Quid</em></strong></span> <span class='ocrx_word' id='word_1_217' title='bbox 351 1539 386 1565; x_wconf 85' lang='lat' dir='ltr'><strong><em>sit</em></strong></span> <span class='ocrx_word' id='word_1_218' title='bbox 400 1539 609 1574; x_wconf 84' lang='lat' dir='ltr'><strong><em>respondendum</em></strong></span> <span class='ocrx_word' id='word_1_219' title='bbox 626 1539 671 1572; x_wconf 85' lang='lat' dir='ltr'><strong><em>iis,</em></strong></span> <span class='ocrx_word' id='word_1_220' title='bbox 684 1540 728 1574; x_wconf 96' lang='lat' dir='ltr'><strong><em>qui</em></strong></span> <span class='ocrx_word' id='word_1_221' title='bbox 739 1539 882 1566; x_wconf 72' lang='lat' dir='ltr'><strong><em>novitatem</em></strong></span> <span class='ocrx_word' id='word_1_222' title='bbox 898 1539 966 1573; x_wconf 87' lang='lat' dir='ltr'><strong><em>obji-</em></strong></span> 
     </span>
    </p>
   </div>
   <div class='ocr_carea' id='block_1_40' title="bbox 172 1574 967 1609">
    <p class='ocr_par' dir='ltr' id='par_1_40' title="bbox 172 1574 967 1609">
     <span class='ocr_line' id='line_1_42' title="bbox 172 1574 967 1609; baseline -0.001 -7"><span class='ocrx_word' id='word_1_223' title='bbox 172 1575 248 1602; x_wconf 80' lang='lat' dir='ltr'><strong><em>ciunt</em></strong></span> <span class='ocrx_word' id='word_1_224' title='bbox 278 1575 496 1608; x_wconf 83' lang='lat' dir='ltr'><strong><em>refarmatoribus</em></strong></span> <span class='ocrx_word' id='word_1_225' title='bbox 527 1574 674 1609; x_wconf 73' lang='lat' dir='ltr'><strong><em>religionis.</em></strong></span> <span class='ocrx_word' id='word_1_226' title='bbox 690 1574 826 1601; x_wconf 77' lang='lat' dir='ltr'><strong><em>Notabilis</em></strong></span> <span class='ocrx_word' id='word_1_227' title='bbox 845 1575 967 1608; x_wconf 85' lang='lat' dir='ltr'><strong><em>epistola,</em></strong></span> 
     </span>
    </p>
   </div>
   <div class='ocr_carea' id='block_1_41' title="bbox 172 1609 969 1672">
    <p class='ocr_par' dir='ltr' id='par_1_41' title="bbox 172 1609 969 1672">
     <span class='ocr_line' id='line_1_43' title="bbox 172 1609 969 1644; baseline 0 -8"><span class='ocrx_word' id='word_1_228' title='bbox 172 1619 234 1637; x_wconf 87' lang='lat' dir='ltr'><strong><em>cum</em></strong></span> <span class='ocrx_word' id='word_1_229' title='bbox 249 1618 302 1644; x_wconf 89' lang='lat' dir='ltr'><strong><em>qua</em></strong></span> <span class='ocrx_word' id='word_1_230' title='bbox 329 1610 443 1644; x_wconf 89' lang='lat' dir='ltr'><strong><em>conferri</em></strong></span> <span class='ocrx_word' id='word_1_231' title='bbox 462 1614 572 1644; x_wconf 89' lang='lat' dir='ltr'><strong><em>possunt</em></strong></span> <span class='ocrx_word' id='word_1_232' title='bbox 591 1609 663 1636; x_wconf 89' lang='lat' dir='ltr'><strong><em>dicta</em></strong></span> <span class='ocrx_word' id='word_1_233' title='bbox 685 1609 715 1637; x_wconf 92' lang='lat' dir='ltr'><strong><em>S.</em></strong></span> <span class='ocrx_word' id='word_1_234' title='bbox 731 1609 751 1637; x_wconf 84' lang='lat' dir='ltr'><strong><em>C</em></strong></span> <span class='ocrx_word' id='word_1_235' title='bbox 772 1610 858 1641; x_wconf 86' lang='lat' dir='ltr'><strong><em>priani</em></strong></span> <span class='ocrx_word' id='word_1_236' title='bbox 875 1614 899 1636; x_wconf 91' lang='lat' dir='ltr'><strong><em>et</em></strong></span> <span class='ocrx_word' id='word_1_237' title='bbox 913 1610 969 1636; x_wconf 83' lang='lat' dir='ltr'><strong><em>Au-</em></strong></span> 
     </span>
     <span class='ocr_line' id='line_1_44' title="bbox 172 1618 967 1672; baseline -0.001 0"><span class='ocrx_word' id='word_1_238' title='bbox 172 1646 276 1672; x_wconf 82' lang='lat' dir='ltr'><strong><em>austini</em></strong></span> <span class='ocrx_word' id='word_1_239' title='bbox 299 1645 326 1671; x_wconf 87' lang='lat' dir='ltr'><strong><em>in</em></strong></span> <span class='ocrx_word' id='word_1_240' title='bbox 352 1644 393 1672; x_wconf 81' lang='lat' dir='ltr'><strong><em>ius</em></strong></span> <span class='ocrx_word' id='word_1_241' title='bbox 419 1645 576 1671; x_wconf 83' lang='lat' dir='ltr'><strong><em>canonicum</em></strong></span> <span class='ocrx_word' id='word_1_242' title='bbox 594 1644 680 1671; x_wconf 88' lang='lat' dir='ltr'><strong><em>relata</em></strong></span> <span class='ocrx_word' id='word_1_243' title='bbox 706 1653 722 1671; x_wconf 92' lang='lat' dir='ltr'><strong><em>a</em></strong></span> <span class='ocrx_word' id='word_1_244' title='bbox 751 1618 889 1672; x_wconf 54' lang='lat' dir='ltr'><strong><em>Eratiano.</em></strong></span> <span class='ocrx_word' id='word_1_245' title='bbox 908 1644 967 1671; x_wconf 86' lang='lat' dir='ltr'><strong><em>Vid.</em></strong></span> 
     </span>
    </p>
   </div>
   <div class='ocr_carea' id='block_1_42' title="bbox 172 1644 967 1680">
    <p class='ocr_par' dir='ltr' id='par_1_42' title="bbox 172 1644 967 1680">
     <span class='ocr_line' id='line_1_45' title="bbox 172 1644 967 1680; baseline 0 -9"><span class='ocrx_word' id='word_1_246' title='bbox 172 1646 276 1680; x_wconf 78' lang='lat' dir='ltr'><strong><em>gustini</em></strong></span> <span class='ocrx_word' id='word_1_247' title='bbox 299 1645 326 1671; x_wconf 87' lang='lat' dir='ltr'><strong><em>in</em></strong></span> <span class='ocrx_word' id='word_1_248' title='bbox 346 1644 393 1678; x_wconf 81' lang='lat' dir='ltr'><strong><em>jus</em></strong></span> <span class='ocrx_word' id='word_1_249' title='bbox 419 1645 576 1680; x_wconf 79' lang='lat' dir='ltr'><strong><em>canonicum</em></strong></span> <span class='ocrx_word' id='word_1_250' title='bbox 594 1644 680 1680; x_wconf 79' lang='lat' dir='ltr'><strong><em>relata</em></strong></span> <span class='ocrx_word' id='word_1_251' title='bbox 706 1653 722 1671; x_wconf 92' lang='lat' dir='ltr'><strong><em>a</em></strong></span> <span class='ocrx_word' id='word_1_252' title='bbox 751 1644 967 1680; x_wconf 27' lang='lat' dir='ltr'><strong><em>GratianosVid.</em></strong></span> 
     </span>
    </p>
   </div>
   <div class='ocr_carea' id='block_1_43' title="bbox 173 1679 971 1714">
    <p class='ocr_par' dir='ltr' id='par_1_43' title="bbox 173 1679 971 1714">
     <span class='ocr_line' id='line_1_46' title="bbox 173 1679 971 1714; baseline 0 -8"><span class='ocrx_word' id='word_1_253' title='bbox 173 1680 287 1710; x_wconf 76' lang='lat' dir='ltr'><strong><em>Dist.8.</em></strong></span> <span class='ocrx_word' id='word_1_254' title='bbox 308 1681 334 1706; x_wconf 88' lang='lat' dir='ltr'><strong><em>in</em></strong></span> <span class='ocrx_word' id='word_1_255' title='bbox 363 1685 433 1714; x_wconf 86' lang='lat' dir='ltr'><strong><em>part.</em></strong></span> <span class='ocrx_word' id='word_1_256' title='bbox 464 1679 686 1714; x_wconf 35' lang='lat' dir='ltr'><strong><em>DecretisConf.</em></strong></span> <span class='ocrx_word' id='word_1_257' title='bbox 715 1681 797 1706; x_wconf 89' lang='lat' dir='ltr'><strong><em>etiam</em></strong></span> <span class='ocrx_word' id='word_1_258' title='bbox 825 1679 971 1706; x_wconf 83' lang='lat' dir='ltr'><strong><em>Arnobium</em></strong></span> 
     </span>
    </p>
   </div>
   <div class='ocr_carea' id='block_1_44' title="bbox 173 1713 970 1749">
    <p class='ocr_par' dir='ltr' id='par_1_44' title="bbox 173 1713 970 1749">
     <span class='ocr_line' id='line_1_47' title="bbox 173 1713 970 1749; baseline -0.001 -8"><span class='ocrx_word' id='word_1_259' title='bbox 173 1715 222 1742; x_wconf 90' lang='lat' dir='ltr'><strong><em>lib.</em></strong></span> <span class='ocrx_word' id='word_1_260' title='bbox 241 1723 248 1742; x_wconf 99' lang='lat' dir='ltr'><strong>I</strong></span> <span class='ocrx_word' id='word_1_261' title='bbox 265 1713 401 1742; x_wconf 76' lang='lat' dir='ltr'><strong><em>Adversus</em></strong></span> <span class='ocrx_word' id='word_1_262' title='bbox 415 1719 562 1749; x_wconf 30' lang='lat' dir='ltr'><strong><em>genu-5.,“</em></strong></span> <span class='ocrx_word' id='word_1_263' title='bbox 577 1713 735 1742; x_wconf 82' lang='lat' dir='ltr'><strong><em>Clementem</em></strong></span> <span class='ocrx_word' id='word_1_264' title='bbox 751 1714 970 1741; x_wconf 73' lang='lat' dir='ltr'><strong><em>Alexandrinum.</em></strong></span> 
     </span>
    </p>
   </div>
   <div class='ocr_carea' id='block_1_45' title="bbox 210 1749 970 1785">
    <p class='ocr_par' dir='ltr' id='par_1_45' title="bbox 210 1749 970 1785">
     <span class='ocr_line' id='line_1_48' title="bbox 210 1749 970 1785; baseline -0.001 -8"><span class='ocrx_word' id='word_1_265' title='bbox 210 1751 245 1777; x_wconf 78' lang='grc'><strong>47</strong></span> <span class='ocrx_word' id='word_1_266' title='bbox 260 1750 398 1782; x_wconf 80' lang='lat' dir='ltr'><strong><em>Quomodo</em></strong></span> <span class='ocrx_word' id='word_1_267' title='bbox 425 1749 626 1783; x_wconf 84' lang='lat' dir='ltr'><strong><em>intelligendum</em></strong></span> <span class='ocrx_word' id='word_1_268' title='bbox 640 1751 684 1782; x_wconf 86' lang='lat' dir='ltr'><strong><em>sit,</em></strong></span> <span class='ocrx_word' id='word_1_269' title='bbox 701 1750 770 1785; x_wconf 81' lang='lat' dir='ltr'><strong><em>quod</em></strong></span> <span class='ocrx_word' id='word_1_270' title='bbox 795 1749 870 1776; x_wconf 83' lang='lat' dir='ltr'><strong><em>Esau</em></strong></span> <span class='ocrx_word' id='word_1_271' title='bbox 887 1749 970 1776; x_wconf 75' lang='lat' dir='ltr'><strong><em>Iacob</em></strong></span> 
     </span>
    </p>
   </div>
   <div class='ocr_carea' id='block_1_46' title="bbox 173 1785 881 1820">
    <p class='ocr_par' dir='ltr' id='par_1_46' title="bbox 173 1785 881 1820">
     <span class='ocr_line' id='line_1_49' title="bbox 173 1785 881 1820; baseline 0 -8"><span class='ocrx_word' id='word_1_272' title='bbox 173 1786 257 1820; x_wconf 84' lang='lat' dir='ltr'><strong><em>fratri</em></strong></span> <span class='ocrx_word' id='word_1_273' title='bbox 285 1785 554 1819; x_wconf 73' lang='lat' dir='ltr'><strong><em>primageniturtrjus</em></strong></span> <span class='ocrx_word' id='word_1_274' title='bbox 574 1785 721 1820; x_wconf 83' lang='lat' dir='ltr'><strong><em>vendidisse</em></strong></span> <span class='ocrx_word' id='word_1_275' title='bbox 744 1785 881 1812; x_wconf 76' lang='lat' dir='ltr'><strong><em>scribitur.</em></strong></span> 
     </span>
    </p>
   </div>
   <div class='ocr_carea' id='block_1_47' title="bbox 210 1819 970 1855">
    <p class='ocr_par' dir='ltr' id='par_1_47' title="bbox 210 1819 970 1855">
     <span class='ocr_line' id='line_1_50' title="bbox 210 1819 970 1855; baseline -0.003 -7"><span class='ocrx_word' id='word_1_276' title='bbox 210 1821 246 1848; x_wconf 68' lang='grc'>48</span> <span class='ocrx_word' id='word_1_277' title='bbox 267 1820 440 1855; x_wconf 84' lang='lat' dir='ltr'><strong><em>Printogeniti</em></strong></span> <span class='ocrx_word' id='word_1_278' title='bbox 457 1820 564 1854; x_wconf 86' lang='lat' dir='ltr'><strong><em>quidam</em></strong></span> <span class='ocrx_word' id='word_1_279' title='bbox 580 1819 680 1854; x_wconf 86' lang='lat' dir='ltr'><strong><em>rejecti,</em></strong></span> <span class='ocrx_word' id='word_1_280' title='bbox 696 1820 758 1846; x_wconf 76' lang='lat' dir='ltr'><strong><em>aliis</em></strong></span> <span class='ocrx_word' id='word_1_281' title='bbox 784 1821 812 1846; x_wconf 86' lang='lat' dir='ltr'><strong><em>in</em></strong></span> <span class='ocrx_word' id='word_1_282' title='bbox 824 1827 915 1846; x_wconf 87' lang='lat' dir='ltr'><strong><em>eorum</em></strong></span> <span class='ocrx_word' id='word_1_283' title='bbox 928 1819 970 1846; x_wconf 89' lang='lat' dir='ltr'><strong><em>lo-</em></strong></span> 
     </span>
    </p>
   </div>
   <div class='ocr_carea' id='block_1_48' title="bbox 175 1855 381 1889">
    <p class='ocr_par' dir='ltr' id='par_1_48' title="bbox 175 1855 381 1889">
     <span class='ocr_line' id='line_1_51' title="bbox 175 1855 381 1889; baseline 0 -7"><span class='ocrx_word' id='word_1_284' title='bbox 175 1865 235 1882; x_wconf 84' lang='lat' dir='ltr'><strong><em>cum</em></strong></span> <span class='ocrx_word' id='word_1_285' title='bbox 253 1855 381 1889; x_wconf 72' lang='lat' dir='ltr'><strong><em>suffectis.</em></strong></span> 
     </span>
    </p>
   </div>
   <div class='ocr_carea' id='block_1_49' title="bbox 210 1889 969 1925">
    <p class='ocr_par' dir='ltr' id='par_1_49' title="bbox 210 1889 969 1925">
     <span class='ocr_line' id='line_1_52' title="bbox 210 1889 969 1925; baseline -0.004 -7"><span class='ocrx_word' id='word_1_286' title='bbox 210 1891 246 1918; x_wconf 67' lang='lat'><strong><em>49</em></strong></span> <span class='ocrx_word' id='word_1_287' title='bbox 259 1889 367 1924; x_wconf 87' lang='lat' dir='ltr'><strong><em>Josephi</em></strong></span> <span class='ocrx_word' id='word_1_288' title='bbox 378 1891 488 1917; x_wconf 83' lang='lat' dir='ltr'><strong><em>virtutes</em></strong></span> <span class='ocrx_word' id='word_1_289' title='bbox 501 1894 676 1922; x_wconf 87' lang='lat' dir='ltr'><strong><em>recensentur,</em></strong></span> <span class='ocrx_word' id='word_1_290' title='bbox 684 1890 715 1917; x_wconf 92' lang='lat' dir='ltr'><strong><em>ob</em></strong></span> <span class='ocrx_word' id='word_1_291' title='bbox 728 1898 794 1925; x_wconf 84' lang='lat' dir='ltr'><strong><em>quas</em></strong></span> <span class='ocrx_word' id='word_1_292' title='bbox 806 1894 830 1916; x_wconf 89' lang='lat' dir='ltr'><strong><em>et</em></strong></span> <span class='ocrx_word' id='word_1_293' title='bbox 840 1889 912 1924; x_wconf 89' lang='lat' dir='ltr'><strong><em>patri</em></strong></span> <span class='ocrx_word' id='word_1_294' title='bbox 922 1897 969 1916; x_wconf 87' lang='lat' dir='ltr'><strong><em>suo</em></strong></span> 
     </span>
    </p>
   </div>
   <div class='ocr_carea' id='block_1_50' title="bbox 174 1925 601 1961">
    <p class='ocr_par' dir='ltr' id='par_1_50' title="bbox 174 1925 601 1961">
     <span class='ocr_line' id='line_1_53' title="bbox 174 1925 601 1961; baseline -0.002 -9"><span class='ocrx_word' id='word_1_295' title='bbox 174 1931 199 1952; x_wconf 91' lang='lat' dir='ltr'><strong><em>et</em></strong></span> <span class='ocrx_word' id='word_1_296' title='bbox 218 1925 414 1961; x_wconf 21' lang='lat' dir='ltr'><strong><em>regiifﬂgyptio</em></strong></span> <span class='ocrx_word' id='word_1_297' title='bbox 426 1926 523 1951; x_wconf 82' lang='lat' dir='ltr'><strong><em>chorus</em></strong></span> <span class='ocrx_word' id='word_1_298' title='bbox 540 1925 601 1961; x_wconf 73' lang='lat' dir='ltr'><strong><em>fuit.</em></strong></span> 
     </span>
    </p>
   </div>
   <div class='ocr_carea' id='block_1_51' title="bbox 212 1959 970 1994">
    <p class='ocr_par' dir='ltr' id='par_1_51' title="bbox 212 1959 970 1994">
     <span class='ocr_line' id='line_1_54' title="bbox 212 1959 970 1994; baseline -0.001 -6"><span class='ocrx_word' id='word_1_299' title='bbox 212 1959 254 1988; x_wconf 66' lang='grc' dir='ltr'><strong>ὅσ</strong></span> <span class='ocrx_word' id='word_1_300' title='bbox 268 1959 484 1988; x_wconf 59' lang='grc' dir='ltr'><strong><em>Νσὴ⁷ὶ1ιιὺεηιιιε</em></strong></span> <span class='ocrx_word' id='word_1_301' title='bbox 514 1960 612 1994; x_wconf 78' lang='lat' dir='ltr'><strong><em>offendi</em></strong></span> <span class='ocrx_word' id='word_1_302' title='bbox 637 1960 819 1994; x_wconf 89' lang='lat' dir='ltr'><strong><em>improborum</em></strong></span> <span class='ocrx_word' id='word_1_303' title='bbox 842 1959 970 1987; x_wconf 67' lang='lat' dir='ltr'><strong><em>Ecclesiae</em></strong></span> 
     </span>
    </p>
   </div>
   <div class='ocr_carea' id='block_1_52' title="bbox 175 1995 708 2030">
    <p class='ocr_par' dir='ltr' id='par_1_52' title="bbox 175 1995 708 2030">
     <span class='ocr_line' id='line_1_55' title="bbox 175 1995 708 2030; baseline -0.002 -7"><span class='ocrx_word' id='word_1_304' title='bbox 175 1997 326 2023; x_wconf 81' lang='lat' dir='ltr'><strong><em>antistitum</em></strong></span> <span class='ocrx_word' id='word_1_305' title='bbox 345 2003 467 2030; x_wconf 84' lang='lat' dir='ltr'><strong><em>perversa</em></strong></span> <span class='ocrx_word' id='word_1_306' title='bbox 483 1995 583 2022; x_wconf 81' lang='lat' dir='ltr'><strong><em>vivendi</em></strong></span> <span class='ocrx_word' id='word_1_307' title='bbox 597 1995 708 2022; x_wconf 85' lang='lat' dir='ltr'><strong><em>ratione.</em></strong></span> 
     </span>
    </p>
   </div>
   <div class='ocr_carea' id='block_1_53' title="bbox 210 2029 969 2065">
    <p class='ocr_par' dir='ltr' id='par_1_53' title="bbox 210 2029 969 2065">
     <span class='ocr_line' id='line_1_56' title="bbox 210 2029 969 2065; baseline -0.003 -7"><span class='ocrx_word' id='word_1_308' title='bbox 210 2033 242 2059; x_wconf 80' lang='lat'><strong><em>5!</em></strong></span> <span class='ocrx_word' id='word_1_309' title='bbox 261 2029 432 2062; x_wconf 81' lang='lat' dir='ltr'><strong><em>Adhortatio,</em></strong></span> <span class='ocrx_word' id='word_1_310' title='bbox 455 2035 484 2056; x_wconf 92' lang='lat' dir='ltr'><strong><em>ut</em></strong></span> <span class='ocrx_word' id='word_1_311' title='bbox 500 2030 544 2065; x_wconf 87' lang='lat' dir='ltr'><strong><em>qui</em></strong></span> <span class='ocrx_word' id='word_1_312' title='bbox 564 2030 658 2057; x_wconf 89' lang='lat' dir='ltr'><strong><em>virtuti</em></strong></span> <span class='ocrx_word' id='word_1_313' title='bbox 679 2029 785 2056; x_wconf 82' lang='lat' dir='ltr'><strong><em>studere</em></strong></span> <span class='ocrx_word' id='word_1_314' title='bbox 807 2031 894 2064; x_wconf 77' lang='lat' dir='ltr'><strong><em>coepit,</em></strong></span> <span class='ocrx_word' id='word_1_315' title='bbox 910 2038 969 2065; x_wconf 87' lang='lat' dir='ltr'><strong><em>per-</em></strong></span> 
     </span>
    </p>
   </div>
   <div class='ocr_carea' id='block_1_54' title="bbox 175 2065 968 2101">
    <p class='ocr_par' dir='ltr' id='par_1_54' title="bbox 175 2065 968 2101">
     <span class='ocr_line' id='line_1_57' title="bbox 175 2065 968 2101; baseline 0 -8"><span class='ocrx_word' id='word_1_316' title='bbox 175 2071 221 2101; x_wconf 80' lang='lat' dir='ltr'><strong><em>gat</em></strong></span> <span class='ocrx_word' id='word_1_317' title='bbox 245 2067 372 2093; x_wconf 88' lang='lat' dir='ltr'><strong><em>bonorum</em></strong></span> <span class='ocrx_word' id='word_1_318' title='bbox 395 2073 499 2092; x_wconf 74' lang='lat' dir='ltr'><strong><em>marum</em></strong></span> <span class='ocrx_word' id='word_1_319' title='bbox 527 2065 624 2092; x_wconf 85' lang='lat' dir='ltr'><strong><em>retibus</em></strong></span> <span class='ocrx_word' id='word_1_320' title='bbox 641 2065 777 2092; x_wconf 86' lang='lat' dir='ltr'><strong><em>hominum</em></strong></span> <span class='ocrx_word' id='word_1_321' title='bbox 804 2073 907 2093; x_wconf 86' lang='lat' dir='ltr'><strong><em>amores</em></strong></span> <span class='ocrx_word' id='word_1_322' title='bbox 924 2074 968 2093; x_wconf 81' lang='lat' dir='ltr'><strong><em>vc-</em></strong></span> 
     </span>
    </p>
   </div>
   <div class='ocr_carea' id='block_1_55' title="bbox 176 2110 247 2128">
    <p class='ocr_par' dir='ltr' id='par_1_55' title="bbox 176 2110 247 2128">
     <span class='ocr_line' id='line_1_58' title="bbox 176 2110 247 2128; baseline 0 0"><span class='ocrx_word' id='word_1_323' title='bbox 176 2110 247 2128; x_wconf 80' lang='lat' dir='ltr'><strong><em>nari.</em></strong></span> 
     </span>
    </p>
   </div>
   <div class='ocr_carea' id='block_1_56' title="bbox 211 2135 969 2170">
    <p class='ocr_par' dir='ltr' id='par_1_56' title="bbox 211 2135 969 2170">
     <span class='ocr_line' id='line_1_59' title="bbox 211 2135 969 2170; baseline -0.001 -7"><span class='ocrx_word' id='word_1_324' title='bbox 211 2137 246 2164; x_wconf 75' lang='lat'><strong>52</strong></span> <span class='ocrx_word' id='word_1_325' title='bbox 263 2136 420 2163; x_wconf 84' lang='lat' dir='ltr'><strong><em>Sacerdotio</em></strong></span> <span class='ocrx_word' id='word_1_326' title='bbox 438 2135 511 2162; x_wconf 85' lang='lat' dir='ltr'><strong><em>salva</em></strong></span> <span class='ocrx_word' id='word_1_327' title='bbox 531 2139 618 2161; x_wconf 87' lang='lat' dir='ltr'><strong><em>manet</em></strong></span> <span class='ocrx_word' id='word_1_328' title='bbox 636 2143 685 2162; x_wconf 88' lang='lat' dir='ltr'><strong><em>sua</em></strong></span> <span class='ocrx_word' id='word_1_329' title='bbox 700 2136 827 2170; x_wconf 84' lang='lat' dir='ltr'><strong><em>dignitas,</em></strong></span> <span class='ocrx_word' id='word_1_330' title='bbox 841 2141 870 2163; x_wconf 90' lang='lat' dir='ltr'><strong><em>ut</em></strong></span> <span class='ocrx_word' id='word_1_331' title='bbox 880 2136 969 2163; x_wconf 66' lang='lat' dir='ltr'><strong><em>marci-</em></strong></span> 
     </span>
    </p>
   </div>
   <div class='ocr_carea' id='block_1_57' title="bbox 175 2171 969 2207">
    <p class='ocr_par' dir='ltr' id='par_1_57' title="bbox 175 2171 969 2207">
     <span class='ocr_line' id='line_1_60' title="bbox 175 2171 969 2207; baseline 0 -9"><span class='ocrx_word' id='word_1_332' title='bbox 175 2180 215 2198; x_wconf 88' lang='lat' dir='ltr'><strong><em>nte</em></strong></span> <span class='ocrx_word' id='word_1_333' title='bbox 232 2172 376 2207; x_wconf 85' lang='lat' dir='ltr'><strong><em>aliquando</em></strong></span> <span class='ocrx_word' id='word_1_334' title='bbox 405 2172 431 2197; x_wconf 89' lang='lat' dir='ltr'><strong><em>in</em></strong></span> <span class='ocrx_word' id='word_1_335' title='bbox 449 2172 571 2205; x_wconf 86' lang='lat' dir='ltr'><strong><em>indignos</em></strong></span> <span class='ocrx_word' id='word_1_336' title='bbox 587 2171 708 2207; x_wconf 84' lang='lat' dir='ltr'><strong><em>inciderit</em></strong></span> <span class='ocrx_word' id='word_1_337' title='bbox 736 2171 894 2198; x_wconf 83' lang='lat' dir='ltr'><strong><em>sacerdotes.</em></strong></span> <span class='ocrx_word' id='word_1_338' title='bbox 912 2171 969 2198; x_wconf 88' lang='lat' dir='ltr'><strong><em>Ne-</em></strong></span> 
     </span>
    </p>
   </div>
   <div class='ocr_carea' id='block_1_58' title="bbox 175 2206 968 2241">
    <p class='ocr_par' dir='ltr' id='par_1_58' title="bbox 175 2206 968 2241">
     <span class='ocr_line' id='line_1_61' title="bbox 175 2206 968 2241; baseline -0.003 -7"><span class='ocrx_word' id='word_1_339' title='bbox 175 2215 224 2241; x_wconf 84' lang='lat' dir='ltr'><strong><em>que</em></strong></span> <span class='ocrx_word' id='word_1_340' title='bbox 239 2209 309 2234; x_wconf 81' lang='lat' dir='ltr'><strong><em>enim</em></strong></span> <span class='ocrx_word' id='word_1_341' title='bbox 324 2207 389 2234; x_wconf 88' lang='lat' dir='ltr'><strong><em>vitia</em></strong></span> <span class='ocrx_word' id='word_1_342' title='bbox 406 2214 579 2240; x_wconf 87' lang='lat' dir='ltr'><strong><em>personarum</em></strong></span> <span class='ocrx_word' id='word_1_343' title='bbox 605 2206 657 2240; x_wconf 80' lang='lat' dir='ltr'><strong><em>ipsi</em></strong></span> <span class='ocrx_word' id='word_1_344' title='bbox 674 2211 735 2233; x_wconf 87' lang='lat' dir='ltr'><strong><em>sunt</em></strong></span> <span class='ocrx_word' id='word_1_345' title='bbox 766 2206 854 2233; x_wconf 83' lang='lat' dir='ltr'><strong><em>ordini</em></strong></span> <span class='ocrx_word' id='word_1_346' title='bbox 881 2207 968 2241; x_wconf 86' lang='lat' dir='ltr'><strong><em>impu-</em></strong></span> 
     </span>
    </p>
   </div>
   <div class='ocr_carea' id='block_1_59' title="bbox 176 2243 269 2269">
    <p class='ocr_par' dir='ltr' id='par_1_59' title="bbox 176 2243 269 2269">
     <span class='ocr_line' id='line_1_62' title="bbox 176 2243 269 2269; baseline 0 -1"><span class='ocrx_word' id='word_1_347' title='bbox 176 2243 269 2269; x_wconf 75' lang='lat' dir='ltr'><strong><em>lmtt‘lll.</em></strong></span> 
     </span>
    </p>
   </div>
   <div class='ocr_carea' id='block_1_60' title="bbox 212 2275 966 2311">
    <p class='ocr_par' dir='ltr' id='par_1_60' title="bbox 212 2275 966 2311">
     <span class='ocr_line' id='line_1_63' title="bbox 212 2275 966 2311; baseline -0.003 -7"><span class='ocrx_word' id='word_1_348' title='bbox 212 2277 248 2304; x_wconf 79' lang='grc'>55</span> <span class='ocrx_word' id='word_1_349' title='bbox 263 2277 361 2304; x_wconf 86' lang='lat' dir='ltr'><strong><em>Contra</em></strong></span> <span class='ocrx_word' id='word_1_350' title='bbox 384 2276 497 2303; x_wconf 87' lang='lat' dir='ltr'><strong><em>nimium</em></strong></span> <span class='ocrx_word' id='word_1_351' title='bbox 514 2275 615 2302; x_wconf 87' lang='lat' dir='ltr'><strong><em>cultum</em></strong></span> <span class='ocrx_word' id='word_1_352' title='bbox 641 2281 666 2303; x_wconf 83' lang='lat' dir='ltr'><strong><em>et</em></strong></span> <span class='ocrx_word' id='word_1_353' title='bbox 689 2277 778 2310; x_wconf 89' lang='lat' dir='ltr'><strong><em>fucum</em></strong></span> <span class='ocrx_word' id='word_1_354' title='bbox 796 2276 966 2311; x_wconf 81' lang='lat' dir='ltr'><strong><em>feminarum,</em></strong></span> 
     </span>
    </p>
   </div>
   <div class='ocr_carea' id='block_1_61' title="bbox 176 2311 968 2347">
    <p class='ocr_par' dir='ltr' id='par_1_61' title="bbox 176 2311 968 2347">
     <span class='ocr_line' id='line_1_64' title="bbox 176 2311 968 2347; baseline -0.001 -9"><span class='ocrx_word' id='word_1_355' title='bbox 176 2321 226 2347; x_wconf 83' lang='lat' dir='ltr'><strong><em>quo</em></strong></span> <span class='ocrx_word' id='word_1_356' title='bbox 242 2313 345 2339; x_wconf 82' lang='lat' dir='ltr'><strong><em>libidini</em></strong></span> <span class='ocrx_word' id='word_1_357' title='bbox 358 2311 475 2346; x_wconf 81' lang='lat' dir='ltr'><strong><em>prtvbent</em></strong></span> <span class='ocrx_word' id='word_1_358' title='bbox 485 2312 644 2338; x_wconf 84' lang='lat' dir='ltr'><strong><em>incendium.</em></strong></span> <span class='ocrx_word' id='word_1_359' title='bbox 659 2311 792 2338; x_wconf 83' lang='lat' dir='ltr'><strong><em>Notabilis</em></strong></span> <span class='ocrx_word' id='word_1_360' title='bbox 803 2312 927 2344; x_wconf 82' lang='lat' dir='ltr'><strong><em>historia,</em></strong></span> <span class='ocrx_word' id='word_1_361' title='bbox 935 2312 968 2338; x_wconf 89' lang='lat' dir='ltr'><strong><em>de</em></strong></span> 
     </span>
    </p>
   </div>
   <div class='ocr_carea' id='block_1_62' title="bbox 176 2346 969 2381">
    <p class='ocr_par' dir='ltr' id='par_1_62' title="bbox 176 2346 969 2381">
     <span class='ocr_line' id='line_1_65' title="bbox 176 2346 969 2381; baseline -0.001 -7"><span class='ocrx_word' id='word_1_362' title='bbox 176 2346 235 2374; x_wconf 52' lang='lat' dir='ltr'><strong><em>astu</em></strong></span> <span class='ocrx_word' id='word_1_363' title='bbox 249 2353 273 2374; x_wconf 91' lang='lat' dir='ltr'><strong><em>et</em></strong></span> <span class='ocrx_word' id='word_1_364' title='bbox 287 2348 347 2373; x_wconf 89' lang='lat' dir='ltr'><strong><em>dolo</em></strong></span> <span class='ocrx_word' id='word_1_365' title='bbox 373 2347 441 2373; x_wconf 88' lang='lat' dir='ltr'><strong><em>bono</em></strong></span> <span class='ocrx_word' id='word_1_366' title='bbox 468 2347 607 2381; x_wconf 85' lang='lat' dir='ltr'><strong><em>cujusdam</em></strong></span> <span class='ocrx_word' id='word_1_367' title='bbox 630 2346 735 2381; x_wconf 70' lang='lat' dir='ltr'><strong><em>puellat,</em></strong></span> <span class='ocrx_word' id='word_1_368' title='bbox 749 2355 806 2381; x_wconf 68' lang='lat' dir='ltr'><strong><em>qua:</em></strong></span> <span class='ocrx_word' id='word_1_369' title='bbox 824 2353 969 2374; x_wconf 86' lang='lat' dir='ltr'><strong><em>amatorem</em></strong></span> 
     </span>
    </p>
   </div>
   <div class='ocr_carea' id='block_1_63' title="bbox 176 2381 968 2417">
    <p class='ocr_par' dir='ltr' id='par_1_63' title="bbox 176 2381 968 2417">
     <span class='ocr_line' id='line_1_66' title="bbox 176 2381 968 2417; baseline 0 -9"><span class='ocrx_word' id='word_1_370' title='bbox 176 2391 232 2409; x_wconf 66' lang='lat' dir='ltr'><strong><em>ante</em></strong></span> <span class='ocrx_word' id='word_1_371' title='bbox 248 2383 385 2417; x_wconf 79' lang='lat' dir='ltr'><strong><em>pudiciticv</em></strong></span> <span class='ocrx_word' id='word_1_372' title='bbox 395 2382 508 2408; x_wconf 84' lang='lat' dir='ltr'><strong><em>insidias</em></strong></span> <span class='ocrx_word' id='word_1_373' title='bbox 526 2387 670 2408; x_wconf 77' lang='lat' dir='ltr'><strong><em>struentem</em></strong></span> <span class='ocrx_word' id='word_1_374' title='bbox 693 2381 827 2416; x_wconf 82' lang='lat' dir='ltr'><strong><em>eleganter</em></strong></span> <span class='ocrx_word' id='word_1_375' title='bbox 841 2382 918 2408; x_wconf 85' lang='lat' dir='ltr'><strong><em>elusit</em></strong></span> <span class='ocrx_word' id='word_1_376' title='bbox 937 2390 968 2408; x_wconf 84' lang='lat' dir='ltr'><strong><em>ac</em></strong></span> 
     </span>
    </p>
   </div>
   <div class='ocr_carea' id='block_1_64' title="bbox 176 2416 970 2452">
    <p class='ocr_par' dir='ltr' id='par_1_64' title="bbox 176 2416 970 2452">
     <span class='ocr_line' id='line_1_67' title="bbox 176 2416 970 2452; baseline 0 -8"><span class='ocrx_word' id='word_1_377' title='bbox 176 2419 287 2452; x_wconf 81' lang='lat' dir='ltr'><strong><em>decepit.</em></strong></span> <span class='ocrx_word' id='word_1_378' title='bbox 306 2418 405 2452; x_wconf 87' lang='lat' dir='ltr'><strong><em>Confer</em></strong></span> <span class='ocrx_word' id='word_1_379' title='bbox 423 2425 482 2443; x_wconf 89' lang='lat' dir='ltr'><strong><em>cum</em></strong></span> <span class='ocrx_word' id='word_1_380' title='bbox 504 2417 554 2443; x_wconf 87' lang='lat' dir='ltr'><strong><em>hac</em></strong></span> <span class='ocrx_word' id='word_1_381' title='bbox 584 2417 662 2451; x_wconf 75' lang='lat' dir='ltr'><strong><em>epist.</em></strong></span> <span class='ocrx_word' id='word_1_382' title='bbox 690 2416 846 2443; x_wconf 86' lang='lat' dir='ltr'><strong><em>Tertullian.</em></strong></span> <span class='ocrx_word' id='word_1_383' title='bbox 864 2417 909 2443; x_wconf 87' lang='lat' dir='ltr'><strong><em>lib.</em></strong></span> <span class='ocrx_word' id='word_1_384' title='bbox 933 2417 970 2444; x_wconf 87' lang='lat' dir='ltr'><strong><em>De</em></strong></span> 
     </span>
    </p>
   </div>
   <div class='ocr_carea' id='block_1_65' title="bbox 177 2453 366 2480">
    <p class='ocr_par' dir='ltr' id='par_1_65' title="bbox 177 2453 366 2480">
     <span class='ocr_line' id='line_1_68' title="bbox 177 2453 366 2480; baseline 0.005 -1"><span class='ocrx_word' id='word_1_385' title='bbox 177 2454 251 2480; x_wconf 85' lang='lat' dir='ltr'><strong><em>cultu</em></strong></span> <span class='ocrx_word' id='word_1_386' title='bbox 271 2453 366 2480; x_wconf 78' lang='lat' dir='ltr'><strong><em>femin.</em></strong></span> 
     </span>
    </p>
   </div>
   <div class='ocr_carea' id='block_1_66' title="bbox 214 2487 969 2521">
    <p class='ocr_par' dir='ltr' id='par_1_66' title="bbox 214 2487 969 2521">
     <span class='ocr_line' id='line_1_69' title="bbox 214 2487 969 2521; baseline -0.003 -6"><span class='ocrx_word' id='word_1_387' title='bbox 214 2489 248 2515; x_wconf 68' lang='lat'>54</span> <span class='ocrx_word' id='word_1_388' title='bbox 262 2488 323 2515; x_wconf 83' lang='lat' dir='ltr'><strong><em>Non</em></strong></span> <span class='ocrx_word' id='word_1_389' title='bbox 350 2487 573 2515; x_wconf 85' lang='lat' dir='ltr'><strong><em>succumbendum</em></strong></span> <span class='ocrx_word' id='word_1_390' title='bbox 590 2487 618 2513; x_wconf 87' lang='lat' dir='ltr'><strong><em>in</em></strong></span> <span class='ocrx_word' id='word_1_391' title='bbox 646 2488 763 2514; x_wconf 80' lang='lat' dir='ltr'><strong><em>adversis</em></strong></span> <span class='ocrx_word' id='word_1_392' title='bbox 790 2495 847 2520; x_wconf 79' lang='lat' dir='ltr'><strong><em>qute</em></strong></span> <span class='ocrx_word' id='word_1_393' title='bbox 858 2495 905 2521; x_wconf 90' lang='lat' dir='ltr'><strong><em>pro</em></strong></span> <span class='ocrx_word' id='word_1_394' title='bbox 923 2487 969 2514; x_wconf 84' lang='lat' dir='ltr'><strong><em>Dei</em></strong></span> 
     </span>
    </p>
   </div>
   <div class='ocr_carea' id='block_1_67' title="bbox 180 2522 969 2558">
    <p class='ocr_par' dir='ltr' id='par_1_67' title="bbox 180 2522 969 2558">
     <span class='ocr_line' id='line_1_70' title="bbox 180 2522 969 2558; baseline 0 -10"><span class='ocrx_word' id='word_1_395' title='bbox 180 2523 263 2558; x_wconf 85' lang='lat' dir='ltr'><strong><em>gloria</em></strong></span> <span class='ocrx_word' id='word_1_396' title='bbox 282 2525 461 2554; x_wconf 84' lang='lat' dir='ltr'><strong><em>sustinemus;</em></strong></span> <span class='ocrx_word' id='word_1_397' title='bbox 475 2523 519 2549; x_wconf 85' lang='lat' dir='ltr'><strong><em>sed</em></strong></span> <span class='ocrx_word' id='word_1_398' title='bbox 540 2522 644 2549; x_wconf 84' lang='lat' dir='ltr'><strong><em>animus</em></strong></span> <span class='ocrx_word' id='word_1_399' title='bbox 660 2524 776 2557; x_wconf 69' lang='lat' dir='ltr'><strong><em>exemplo</em></strong></span> <span class='ocrx_word' id='word_1_400' title='bbox 788 2522 969 2556; x_wconf 81' lang='lat' dir='ltr'><strong><em>apostolorum</em></strong></span> 
     </span>
    </p>
   </div>
   <div class='ocr_carea' id='block_1_68' title="bbox 179 2559 368 2593">
    <p class='ocr_par' dir='ltr' id='par_1_68' title="bbox 179 2559 368 2593">
     <span class='ocr_line' id='line_1_71' title="bbox 179 2559 368 2593; baseline 0.011 -9"><span class='ocrx_word' id='word_1_401' title='bbox 179 2559 368 2593; x_wconf 82' lang='lat' dir='ltr'><strong><em>obﬁrmandus.</em></strong></span> 
     </span>
    </p>
   </div>
   <div class='ocr_carea' id='block_1_69' title="bbox 213 2592 969 2627">
    <p class='ocr_par' dir='ltr' id='par_1_69' title="bbox 213 2592 969 2627">
     <span class='ocr_line' id='line_1_72' title="bbox 213 2592 969 2627; baseline -0.001 -7"><span class='ocrx_word' id='word_1_402' title='bbox 213 2594 247 2620; x_wconf 78' lang='grc'>55</span> <span class='ocrx_word' id='word_1_403' title='bbox 271 2594 419 2621; x_wconf 85' lang='lat' dir='ltr'><strong><em>Detestatio</em></strong></span> <span class='ocrx_word' id='word_1_404' title='bbox 444 2592 610 2620; x_wconf 86' lang='lat' dir='ltr'><strong><em>crudelitatis</em></strong></span> <span class='ocrx_word' id='word_1_405' title='bbox 635 2594 759 2619; x_wconf 79' lang='lat' dir='ltr'><strong><em>adversus</em></strong></span> <span class='ocrx_word' id='word_1_406' title='bbox 788 2593 928 2627; x_wconf 85' lang='lat' dir='ltr'><strong><em>supplices,</em></strong></span> <span class='ocrx_word' id='word_1_407' title='bbox 945 2597 969 2619; x_wconf 88' lang='lat' dir='ltr'><strong><em>et</em></strong></span> 
     </span>
    </p>
   </div>
   <div class='ocr_carea' id='block_1_70' title="bbox 179 2628 829 2656">
    <p class='ocr_par' dir='ltr' id='par_1_70' title="bbox 179 2628 829 2656">
     <span class='ocr_line' id='line_1_73' title="bbox 179 2628 829 2656; baseline -0.002 -1"><span class='ocrx_word' id='word_1_408' title='bbox 179 2630 373 2656; x_wconf 86' lang='lat' dir='ltr'><strong><em>commendatio</em></strong></span> <span class='ocrx_word' id='word_1_409' title='bbox 389 2629 564 2655; x_wconf 82' lang='lat' dir='ltr'><strong><em>humanitatis</em></strong></span> <span class='ocrx_word' id='word_1_410' title='bbox 581 2636 612 2654; x_wconf 87' lang='lat' dir='ltr'><strong><em>ac</em></strong></span> <span class='ocrx_word' id='word_1_411' title='bbox 631 2628 829 2654; x_wconf 77' lang='lat' dir='ltr'><strong><em>misericordiw.</em></strong></span> 
     </span>
    </p>
   </div>
   <div class='ocr_carea' id='block_1_71' title="bbox 214 2663 969 2697">
    <p class='ocr_par' dir='ltr' id='par_1_71' title="bbox 214 2663 969 2697">
     <span class='ocr_line' id='line_1_74' title="bbox 214 2663 969 2697; baseline -0.003 -6"><span class='ocrx_word' id='word_1_412' title='bbox 214 2664 248 2691; x_wconf 85' lang='lat'><strong><em>56</em></strong></span> <span class='ocrx_word' id='word_1_413' title='bbox 267 2664 323 2692; x_wconf 90' lang='lat' dir='ltr'><strong><em>Cur</em></strong></span> <span class='ocrx_word' id='word_1_414' title='bbox 339 2664 412 2691; x_wconf 87' lang='lat' dir='ltr'><strong><em>Deus</em></strong></span> <span class='ocrx_word' id='word_1_415' title='bbox 426 2672 479 2690; x_wconf 89' lang='lat' dir='ltr'><strong><em>non</em></strong></span> <span class='ocrx_word' id='word_1_416' title='bbox 495 2664 582 2690; x_wconf 86' lang='lat' dir='ltr'><strong><em>omnia</em></strong></span> <span class='ocrx_word' id='word_1_417' title='bbox 596 2663 669 2697; x_wconf 86' lang='lat' dir='ltr'><strong><em>plene</em></strong></span> <span class='ocrx_word' id='word_1_418' title='bbox 685 2664 711 2690; x_wconf 89' lang='lat' dir='ltr'><strong><em>ia</em></strong></span> <span class='ocrx_word' id='word_1_419' title='bbox 732 2664 782 2690; x_wconf 89' lang='lat' dir='ltr'><strong><em>hac</em></strong></span> <span class='ocrx_word' id='word_1_420' title='bbox 798 2664 850 2689; x_wconf 86' lang='lat' dir='ltr'><strong><em>vita</em></strong></span> <span class='ocrx_word' id='word_1_421' title='bbox 865 2671 910 2690; x_wconf 90' lang='lat' dir='ltr'><strong><em>nos</em></strong></span> <span class='ocrx_word' id='word_1_422' title='bbox 923 2671 969 2689; x_wconf 91' lang='lat' dir='ltr'><strong><em>co-</em></strong></span> 
     </span>
    </p>
   </div>
   <div class='ocr_carea' id='block_1_72' title="bbox 178 2700 445 2733">
    <p class='ocr_par' dir='ltr' id='par_1_72' title="bbox 178 2700 445 2733">
     <span class='ocr_line' id='line_1_75' title="bbox 178 2700 445 2733; baseline 0 -7"><span class='ocrx_word' id='word_1_423' title='bbox 178 2708 298 2733; x_wconf 69' lang='lat' dir='ltr'><strong><em>gnouere</em></strong></span> <span class='ocrx_word' id='word_1_424' title='bbox 312 2700 423 2726; x_wconf 87' lang='lat' dir='ltr'><strong><em>voluerit</em></strong></span> <span class='ocrx_word' id='word_1_425' title='bbox 438 2719 445 2726; x_wconf 94' lang='lat'><strong><em>.</em></strong></span> 
     </span>
    </p>
   </div>
   <div class='ocr_carea' id='block_1_73' title="bbox 217 2733 970 2766">
    <p class='ocr_par' dir='ltr' id='par_1_73' title="bbox 217 2733 970 2766">
     <span class='ocr_line' id='line_1_76' title="bbox 217 2733 970 2766; baseline -0.004 -4"><span class='ocrx_word' id='word_1_426' title='bbox 217 2735 250 2761; x_wconf 84' lang='grc'><strong><em>57</em></strong></span> <span class='ocrx_word' id='word_1_427' title='bbox 279 2734 483 2762; x_wconf 81' lang='lat' dir='ltr'><strong><em>Commendatio</em></strong></span> <span class='ocrx_word' id='word_1_428' title='bbox 508 2733 657 2760; x_wconf 84' lang='lat' dir='ltr'><strong><em>sobrietatis</em></strong></span> <span class='ocrx_word' id='word_1_429' title='bbox 686 2733 712 2760; x_wconf 83' lang='lat' dir='ltr'><strong><em>in</em></strong></span> <span class='ocrx_word' id='word_1_430' title='bbox 743 2733 822 2766; x_wconf 84' lang='lat' dir='ltr'><strong><em>victu,</em></strong></span> <span class='ocrx_word' id='word_1_431' title='bbox 840 2738 864 2760; x_wconf 89' lang='lat' dir='ltr'><strong><em>et</em></strong></span> <span class='ocrx_word' id='word_1_432' title='bbox 891 2733 970 2760; x_wconf 71' lang='lat' dir='ltr'><strong><em>luxus</em></strong></span> 
     </span>
    </p>
   </div>
   <div class='ocr_carea' id='block_1_74' title="bbox 181 2771 348 2805">
    <p class='ocr_par' dir='ltr' id='par_1_74' title="bbox 181 2771 348 2805">
     <span class='ocr_line' id='line_1_77' title="bbox 181 2771 348 2805; baseline 0 -9"><span class='ocrx_word' id='word_1_433' title='bbox 181 2771 348 2805; x_wconf 81' lang='lat' dir='ltr'><strong><em>vituperatio.</em></strong></span> 
     </span>
    </p>
   </div>
   <div class='ocr_carea' id='block_1_75' title="bbox 213 2802 970 2839">
    <p class='ocr_par' dir='ltr' id='par_1_75' title="bbox 213 2802 970 2839">
     <span class='ocr_line' id='line_1_78' title="bbox 213 2802 970 2839; baseline -0.004 -7"><span class='ocrx_word' id='word_1_434' title='bbox 213 2802 246 2832; x_wconf 71' lang='lat'><strong><em>58</em></strong></span> <span class='ocrx_word' id='word_1_435' title='bbox 261 2806 298 2832; x_wconf 92' lang='lat' dir='ltr'><strong><em>De</em></strong></span> <span class='ocrx_word' id='word_1_436' title='bbox 313 2804 401 2832; x_wconf 82' lang='lat' dir='ltr'><strong><em>Paulo</em></strong></span> <span class='ocrx_word' id='word_1_437' title='bbox 415 2803 532 2839; x_wconf 88' lang='lat' dir='ltr'><strong><em>apostolo</em></strong></span> <span class='ocrx_word' id='word_1_438' title='bbox 546 2804 663 2837; x_wconf 86' lang='lat' dir='ltr'><strong><em>cupiente</em></strong></span> <span class='ocrx_word' id='word_1_439' title='bbox 679 2803 738 2837; x_wconf 69' lang='lat' dir='ltr'><strong><em>ﬁeri</em></strong></span> <span class='ocrx_word' id='word_1_440' title='bbox 752 2803 892 2830; x_wconf 86' lang='lat' dir='ltr'><strong><em>anathema</em></strong></span> <span class='ocrx_word' id='word_1_441' title='bbox 917 2802 970 2829; x_wconf 83' lang='lat' dir='ltr'><strong><em>sive</em></strong></span> 
     </span>
    </p>
   </div>
   <div class='ocr_carea' id='block_1_76' title="bbox 180 2838 897 2876">
    <p class='ocr_par' dir='ltr' id='par_1_76' title="bbox 180 2838 897 2876">
     <span class='ocr_line' id='line_1_79' title="bbox 180 2838 897 2876; baseline -0.003 -9"><span class='ocrx_word' id='word_1_442' title='bbox 180 2840 245 2867; x_wconf 83' lang='lat' dir='ltr'><strong><em>diris</em></strong></span> <span class='ocrx_word' id='word_1_443' title='bbox 257 2841 351 2876; x_wconf 82' lang='lat' dir='ltr'><strong><em>deﬁgi,</em></strong></span> <span class='ocrx_word' id='word_1_444' title='bbox 370 2841 435 2865; x_wconf 87' lang='lat' dir='ltr'><strong><em>dum</em></strong></span> <span class='ocrx_word' id='word_1_445' title='bbox 453 2839 547 2876; x_wconf 80' lang='lat' dir='ltr'><strong><em>fratres</em></strong></span> <span class='ocrx_word' id='word_1_446' title='bbox 561 2840 602 2865; x_wconf 86' lang='lat' dir='ltr'><strong><em>sui</em></strong></span> <span class='ocrx_word' id='word_1_447' title='bbox 619 2838 708 2876; x_wconf 76' lang='lat' dir='ltr'><strong><em>.ludtei</em></strong></span> <span class='ocrx_word' id='word_1_448' title='bbox 720 2844 897 2876; x_wconf 67' lang='lat' dir='ltr'><strong><em>servarentur.</em></strong></span> 
     </span>
    </p>
   </div>
   <div class='ocr_carea' id='block_1_77' title="bbox 215 2873 971 2908">
    <p class='ocr_par' dir='ltr' id='par_1_77' title="bbox 215 2873 971 2908">
     <span class='ocr_line' id='line_1_80' title="bbox 215 2873 971 2908; baseline -0.003 -6"><span class='ocrx_word' id='word_1_449' title='bbox 215 2876 248 2902; x_wconf 77' lang='lat'><strong><em>59</em></strong></span> <span class='ocrx_word' id='word_1_450' title='bbox 263 2873 422 2902; x_wconf 78' lang='lat' dir='ltr'><strong><em>Admonitio</em></strong></span> <span class='ocrx_word' id='word_1_451' title='bbox 439 2874 550 2901; x_wconf 84' lang='lat' dir='ltr'><strong><em>hominis</em></strong></span> <span class='ocrx_word' id='word_1_452' title='bbox 577 2874 685 2908; x_wconf 77' lang='lat' dir='ltr'><strong><em>perditi,</em></strong></span> <span class='ocrx_word' id='word_1_453' title='bbox 702 2882 768 2900; x_wconf 81' lang='lat' dir='ltr'><strong><em>sana</em></strong></span> <span class='ocrx_word' id='word_1_454' title='bbox 795 2873 907 2901; x_wconf 74' lang='lat' dir='ltr'><strong><em>consilia</em></strong></span> <span class='ocrx_word' id='word_1_455' title='bbox 930 2882 971 2900; x_wconf 83' lang='lat' dir='ltr'><strong><em>re—</em></strong></span> 
     </span>
    </p>
   </div>
   <div class='ocr_carea' id='block_1_78' title="bbox 183 2911 308 2946">
    <p class='ocr_par' dir='ltr' id='par_1_78' title="bbox 183 2911 308 2946">
     <span class='ocr_line' id='line_1_81' title="bbox 183 2911 308 2946; baseline -0.024 -7"><span class='ocrx_word' id='word_1_456' title='bbox 183 2911 308 2946; x_wconf 68' lang='lat' dir='ltr'><strong><em>spuentis.</em></strong></span> 
     </span>
    </p>
   </div>
   <div class='ocr_carea' id='block_1_79' title="bbox 741 178 1810 217">
    <p class='ocr_par' dir='ltr' id='par_1_79' title="bbox 741 178 1810 217">
     <span class='ocr_line' id='line_1_82' title="bbox 741 178 1810 217; baseline 0 -7"><span class='ocrx_word' id='word_1_457' title='bbox 741 180 1020 212; x_wconf 67' lang='lat' dir='ltr'><strong><em>PROLEGOMENA</em></strong></span> <span class='ocrx_word' id='word_1_458' title='bbox 1041 182 1140 211; x_wconf 84' lang='lat' dir='ltr'><strong><em>EDIT.</em></strong></span> <span class='ocrx_word' id='word_1_459' title='bbox 1161 182 1282 217; x_wconf 65' lang='lat' dir='ltr'><strong><em>PARIS.</em></strong></span> <span class='ocrx_word' id='word_1_460' title='bbox 1755 178 1810 210; x_wconf 71' lang='lat' dir='ltr'><strong><em>13’s</em></strong></span> 
     </span>
    </p>
   </div>
   <div class='ocr_carea' id='block_1_80' title="bbox 1057 236 1616 272">
    <p class='ocr_par' dir='ltr' id='par_1_80' title="bbox 1057 236 1616 272">
     <span class='ocr_line' id='line_1_83' title="bbox 1057 236 1616 272; baseline 0.004 -10"><span class='ocrx_word' id='word_1_461' title='bbox 1057 237 1090 262; x_wconf 77' lang='lat'><strong><em>60</em></strong></span> <span class='ocrx_word' id='word_1_462' title='bbox 1114 236 1285 263; x_wconf 73' lang='lat' dir='ltr'><strong><em>Sacer-datum</em></strong></span> <span class='ocrx_word' id='word_1_463' title='bbox 1304 245 1444 264; x_wconf 75' lang='lat' dir='ltr'><strong><em>avarorum</em></strong></span> <span class='ocrx_word' id='word_1_464' title='bbox 1458 237 1616 272; x_wconf 84' lang='lat' dir='ltr'><strong><em>objttrgatio.</em></strong></span> 
     </span>
    </p>
   </div>
   <div class='ocr_carea' id='block_1_81' title="bbox 1056 271 1807 306">
    <p class='ocr_par' dir='ltr' id='par_1_81' title="bbox 1056 271 1807 306">
     <span class='ocr_line' id='line_1_84' title="bbox 1056 271 1807 306; baseline 0.004 -9"><span class='ocrx_word' id='word_1_465' title='bbox 1056 271 1087 297; x_wconf 77' lang='lat' dir='ltr'><strong><em>(il</em></strong></span> <span class='ocrx_word' id='word_1_466' title='bbox 1110 271 1149 297; x_wconf 78' lang='lat' dir='ltr'><strong><em>Ad</em></strong></span> <span class='ocrx_word' id='word_1_467' title='bbox 1165 273 1280 306; x_wconf 78' lang='lat' dir='ltr'><strong><em>gratiam</em></strong></span> <span class='ocrx_word' id='word_1_468' title='bbox 1300 272 1398 299; x_wconf 87' lang='lat' dir='ltr'><strong><em>Christi</em></strong></span> <span class='ocrx_word' id='word_1_469' title='bbox 1418 271 1565 300; x_wconf 81' lang='lat' dir='ltr'><strong><em>Salvatoris</em></strong></span> <span class='ocrx_word' id='word_1_470' title='bbox 1595 275 1717 300; x_wconf 78' lang='lat' dir='ltr'><strong><em>accedere</em></strong></span> <span class='ocrx_word' id='word_1_471' title='bbox 1733 273 1807 300; x_wconf 82' lang='lat' dir='ltr'><strong><em>debet</em></strong></span> 
     </span>
    </p>
   </div>
   <div class='ocr_carea' id='block_1_82' title="bbox 1021 306 1298 333">
    <p class='ocr_par' dir='ltr' id='par_1_82' title="bbox 1021 306 1298 333">
     <span class='ocr_line' id='line_1_85' title="bbox 1021 306 1298 333; baseline 0.004 -1"><span class='ocrx_word' id='word_1_472' title='bbox 1021 306 1153 332; x_wconf 82' lang='lat' dir='ltr'><strong><em>industria</em></strong></span> <span class='ocrx_word' id='word_1_473' title='bbox 1171 307 1298 333; x_wconf 85' lang='lat' dir='ltr'><strong><em>humana.</em></strong></span> 
     </span>
    </p>
   </div>
   <div class='ocr_carea' id='block_1_83' title="bbox 1063 341 1806 378">
    <p class='ocr_par' dir='ltr' id='par_1_83' title="bbox 1063 341 1806 378">
     <span class='ocr_line' id='line_1_86' title="bbox 1063 341 1806 378; baseline 0.011 -11"><span class='ocrx_word' id='word_1_474' title='bbox 1063 341 1098 378; x_wconf 69' lang='lat'><strong><em>(-2</em></strong></span> <span class='ocrx_word' id='word_1_475' title='bbox 1112 342 1262 378; x_wconf 80' lang='lat' dir='ltr'><strong><em>Admonitio</em></strong></span> <span class='ocrx_word' id='word_1_476' title='bbox 1275 341 1306 368; x_wconf 88' lang='lat' dir='ltr'><strong><em>de</em></strong></span> <span class='ocrx_word' id='word_1_477' title='bbox 1321 342 1451 369; x_wconf 79' lang='lat' dir='ltr'><strong><em>servanda</em></strong></span> <span class='ocrx_word' id='word_1_478' title='bbox 1474 344 1636 370; x_wconf 81' lang='lat' dir='ltr'><strong><em>continentia</em></strong></span> <span class='ocrx_word' id='word_1_479' title='bbox 1659 345 1806 378; x_wconf 84' lang='lat' dir='ltr'><strong><em>oculorum.</em></strong></span> 
     </span>
    </p>
   </div>
   <div class='ocr_carea' id='block_1_84' title="bbox 1021 377 1806 414">
    <p class='ocr_par' dir='ltr' id='par_1_84' title="bbox 1021 377 1806 414">
     <span class='ocr_line' id='line_1_87' title="bbox 1021 377 1806 414; baseline 0.01 -13"><span class='ocrx_word' id='word_1_480' title='bbox 1021 381 1044 414; x_wconf 46' lang='lat' dir='ltr'><strong><em>ent</em></strong></span> <span class='ocrx_word' id='word_1_481' title='bbox 1060 377 1164 414; x_wconf 74' lang='lat' dir='ltr'><strong><em>vitando</em></strong></span> <span class='ocrx_word' id='word_1_482' title='bbox 1172 385 1311 414; x_wconf 72' lang='lat' dir='ltr'><strong><em>congressu</em></strong></span> <span class='ocrx_word' id='word_1_483' title='bbox 1323 381 1347 403; x_wconf 89' lang='lat' dir='ltr'><strong><em>et</em></strong></span> <span class='ocrx_word' id='word_1_484' title='bbox 1363 378 1620 414; x_wconf 70' lang='lat' dir='ltr'><strong><em>aspectulibidinoso</em></strong></span> <span class='ocrx_word' id='word_1_485' title='bbox 1637 377 1806 414; x_wconf 77' lang='lat' dir='ltr'><strong><em>feminarum.</em></strong></span> 
     </span>
    </p>
   </div>
   <div class='ocr_carea' id='block_1_85' title="bbox 1021 411 1806 447">
    <p class='ocr_par' dir='ltr' id='par_1_85' title="bbox 1021 411 1806 447">
     <span class='ocr_line' id='line_1_88' title="bbox 1021 411 1806 447; baseline 0.01 -10"><span class='ocrx_word' id='word_1_486' title='bbox 1021 411 1118 445; x_wconf 86' lang='lat' dir='ltr'><strong><em>Confer</em></strong></span> <span class='ocrx_word' id='word_1_487' title='bbox 1135 420 1176 445; x_wconf 87' lang='lat' dir='ltr'><strong><em>ep.</em></strong></span> <span class='ocrx_word' id='word_1_488' title='bbox 1193 412 1227 438; x_wconf 83' lang='lat'><strong><em>89</em></strong></span> <span class='ocrx_word' id='word_1_489' title='bbox 1242 412 1288 438; x_wconf 85' lang='lat' dir='ltr'><strong><em>lib.</em></strong></span> <span class='ocrx_word' id='word_1_490' title='bbox 1307 419 1325 444; x_wconf 92' lang='lat' dir='ltr'><strong><em>t,</em></strong></span> <span class='ocrx_word' id='word_1_491' title='bbox 1342 416 1365 438; x_wconf 90' lang='lat' dir='ltr'><strong><em>et</em></strong></span> <span class='ocrx_word' id='word_1_492' title='bbox 1379 420 1419 445; x_wconf 84' lang='lat' dir='ltr'><strong><em>ep.</em></strong></span> <span class='ocrx_word' id='word_1_493' title='bbox 1438 412 1490 438; x_wconf 70' lang='lat'><strong><em>278</em></strong></span> <span class='ocrx_word' id='word_1_494' title='bbox 1505 422 1536 439; x_wconf 88' lang='lat' dir='ltr'><strong><em>ac</em></strong></span> <span class='ocrx_word' id='word_1_495' title='bbox 1553 414 1615 447; x_wconf 70' lang='grc'><strong><em>284,</em></strong></span> <span class='ocrx_word' id='word_1_496' title='bbox 1636 411 1699 447; x_wconf 81' lang='lat' dir='ltr'><strong><em>infr.</em></strong></span> <span class='ocrx_word' id='word_1_497' title='bbox 1714 417 1740 444; x_wconf 86' lang='lat' dir='ltr'><strong><em>lt.</em></strong></span> <span class='ocrx_word' id='word_1_498' title='bbox 1759 418 1806 445; x_wconf 89' lang='lat' dir='ltr'><strong><em>lib.</em></strong></span> 
     </span>
    </p>
   </div>
   <div class='ocr_carea' id='block_1_86' title="bbox 1020 446 1428 481">
    <p class='ocr_par' dir='ltr' id='par_1_86' title="bbox 1020 446 1428 481">
     <span class='ocr_line' id='line_1_89' title="bbox 1020 446 1428 481; baseline 0.002 -8"><span class='ocrx_word' id='word_1_499' title='bbox 1020 453 1051 479; x_wconf 86' lang='lat' dir='ltr'><strong><em>tt,</em></strong></span> <span class='ocrx_word' id='word_1_500' title='bbox 1065 451 1089 473; x_wconf 92' lang='lat' dir='ltr'><strong><em>et</em></strong></span> <span class='ocrx_word' id='word_1_501' title='bbox 1100 455 1140 481; x_wconf 87' lang='lat' dir='ltr'><strong><em>ep.</em></strong></span> <span class='ocrx_word' id='word_1_502' title='bbox 1153 447 1196 479; x_wconf 68' lang='lat'><strong><em>65,</em></strong></span> <span class='ocrx_word' id='word_1_503' title='bbox 1213 446 1259 474; x_wconf 90' lang='lat' dir='ltr'><strong><em>ltb.</em></strong></span> <span class='ocrx_word' id='word_1_504' title='bbox 1280 455 1319 474; x_wconf 87' lang='lat' dir='ltr'><strong><em>nt.</em></strong></span> <span class='ocrx_word' id='word_1_505' title='bbox 1340 467 1345 472; x_wconf 98' lang='lat'><strong><em>.</em></strong></span> <span class='ocrx_word' id='word_1_506' title='bbox 1366 466 1374 473; x_wconf 90' lang='lat'><strong><em>.</em></strong></span> <span class='ocrx_word' id='word_1_507' title='bbox 1394 467 1400 472; x_wconf 97' lang='lat'><strong><em>.</em></strong></span> <span class='ocrx_word' id='word_1_508' title='bbox 1421 466 1428 474; x_wconf 91' lang='lat'><strong><em>.</em></strong></span> 
     </span>
    </p>
   </div>
   <div class='ocr_carea' id='block_1_87' title="bbox 1056 481 1809 518">
    <p class='ocr_par' dir='ltr' id='par_1_87' title="bbox 1056 481 1809 518">
     <span class='ocr_line' id='line_1_90' title="bbox 1056 481 1809 518; baseline 0.008 -10"><span class='ocrx_word' id='word_1_509' title='bbox 1056 482 1091 508; x_wconf 77' lang='lat'><strong><em>63</em></strong></span> <span class='ocrx_word' id='word_1_510' title='bbox 1109 483 1146 508; x_wconf 83' lang='lat' dir='ltr'><strong><em>De</em></strong></span> <span class='ocrx_word' id='word_1_511' title='bbox 1161 482 1255 509; x_wconf 82' lang='lat' dir='ltr'><strong><em>divinis</em></strong></span> <span class='ocrx_word' id='word_1_512' title='bbox 1273 481 1401 513; x_wconf 82' lang='lat' dir='ltr'><strong><em>oraculis,</em></strong></span> <span class='ocrx_word' id='word_1_513' title='bbox 1418 488 1442 508; x_wconf 80' lang='lat' dir='ltr'><strong><em>et</em></strong></span> <span class='ocrx_word' id='word_1_514' title='bbox 1469 483 1550 516; x_wconf 71' lang='lat' dir='ltr'><strong><em>ofﬁcio</em></strong></span> <span class='ocrx_word' id='word_1_515' title='bbox 1578 485 1727 518; x_wconf 79' lang='lat' dir='ltr'><strong><em>interpretis</em></strong></span> <span class='ocrx_word' id='word_1_516' title='bbox 1745 488 1809 514; x_wconf 86' lang='lat' dir='ltr'><strong><em>illo-</em></strong></span> 
     </span>
    </p>
   </div>
   <div class='ocr_carea' id='block_1_88' title="bbox 1020 518 1404 551">
    <p class='ocr_par' dir='ltr' id='par_1_88' title="bbox 1020 518 1404 551">
     <span class='ocr_line' id='line_1_91' title="bbox 1020 518 1404 551; baseline 0.003 -9"><span class='ocrx_word' id='word_1_517' title='bbox 1020 525 1090 549; x_wconf 87' lang='lat' dir='ltr'><strong><em>rum,</em></strong></span> <span class='ocrx_word' id='word_1_518' title='bbox 1106 526 1137 544; x_wconf 89' lang='lat' dir='ltr'><strong><em>ne</em></strong></span> <span class='ocrx_word' id='word_1_519' title='bbox 1150 518 1201 544; x_wconf 86' lang='lat' dir='ltr'><strong><em>vim</em></strong></span> <span class='ocrx_word' id='word_1_520' title='bbox 1217 518 1279 551; x_wconf 83' lang='lat' dir='ltr'><strong><em>ipsis</em></strong></span> <span class='ocrx_word' id='word_1_521' title='bbox 1299 519 1404 551; x_wconf 75' lang='lat' dir='ltr'><strong><em>afferat.</em></strong></span> 
     </span>
    </p>
   </div>
   <div class='ocr_carea' id='block_1_89' title="bbox 1056 551 1806 590">
    <p class='ocr_par' dir='ltr' id='par_1_89' title="bbox 1056 551 1806 590">
     <span class='ocr_line' id='line_1_92' title="bbox 1056 551 1806 590; baseline 0.007 -12"><span class='ocrx_word' id='word_1_522' title='bbox 1056 554 1090 578; x_wconf 74' lang='lat'><strong><em>0&#39;4</em></strong></span> <span class='ocrx_word' id='word_1_523' title='bbox 1106 552 1206 590; x_wconf 82' lang='lat' dir='ltr'><strong><em>Contra</em></strong></span> <span class='ocrx_word' id='word_1_524' title='bbox 1219 560 1262 578; x_wconf 85' lang='lat' dir='ltr'><strong><em>eos</em></strong></span> <span class='ocrx_word' id='word_1_525' title='bbox 1274 554 1318 587; x_wconf 86' lang='lat' dir='ltr'><strong><em>qui</em></strong></span> <span class='ocrx_word' id='word_1_526' title='bbox 1330 552 1490 586; x_wconf 73' lang='lat' dir='ltr'><strong><em>professione</em></strong></span> <span class='ocrx_word' id='word_1_527' title='bbox 1505 551 1657 580; x_wconf 83' lang='lat' dir='ltr'><strong><em>Christiana</em></strong></span> <span class='ocrx_word' id='word_1_528' title='bbox 1670 555 1806 590; x_wconf 68' lang='lat' dir='ltr'><strong><em>indignanti</em></strong></span> 
     </span>
    </p>
   </div>
   <div class='ocr_carea' id='block_1_90' title="bbox 1019 587 1218 621">
    <p class='ocr_par' dir='ltr' id='par_1_90' title="bbox 1019 587 1218 621">
     <span class='ocr_line' id='line_1_93' title="bbox 1019 587 1218 621; baseline 0 -9"><span class='ocrx_word' id='word_1_529' title='bbox 1019 587 1115 621; x_wconf 74' lang='lat' dir='ltr'><strong><em>degunt</em></strong></span> <span class='ocrx_word' id='word_1_530' title='bbox 1128 589 1218 614; x_wconf 77' lang='lat' dir='ltr'><strong><em>vitant.</em></strong></span> 
     </span>
    </p>
   </div>
   <div class='ocr_carea' id='block_1_91' title="bbox 1053 622 1808 659">
    <p class='ocr_par' dir='ltr' id='par_1_91' title="bbox 1053 622 1808 659">
     <span class='ocr_line' id='line_1_94' title="bbox 1053 622 1808 659; baseline 0.007 -12"><span class='ocrx_word' id='word_1_531' title='bbox 1053 623 1086 659; x_wconf 37' lang='lat'><strong><em>(&#39;5</em></strong></span> <span class='ocrx_word' id='word_1_532' title='bbox 1105 622 1262 657; x_wconf 84' lang='lat' dir='ltr'><strong><em>Objurgatio</em></strong></span> <span class='ocrx_word' id='word_1_533' title='bbox 1291 622 1435 649; x_wconf 85' lang='lat' dir='ltr'><strong><em>sacerdotis</em></strong></span> <span class='ocrx_word' id='word_1_534' title='bbox 1465 623 1645 656; x_wconf 78' lang='lat' dir='ltr'><strong><em>intprobi,sua</em></strong></span> <span class='ocrx_word' id='word_1_535' title='bbox 1673 625 1808 659; x_wconf 83' lang='lat' dir='ltr'><strong><em>impietate</em></strong></span> 
     </span>
    </p>
   </div>
   <div class='ocr_carea' id='block_1_92' title="bbox 1020 657 1332 692">
    <p class='ocr_par' dir='ltr' id='par_1_92' title="bbox 1020 657 1332 692">
     <span class='ocr_line' id='line_1_95' title="bbox 1020 657 1332 692; baseline 0 -9"><span class='ocrx_word' id='word_1_536' title='bbox 1020 657 1114 683; x_wconf 73' lang='lat' dir='ltr'><strong><em>multos</em></strong></span> <span class='ocrx_word' id='word_1_537' title='bbox 1131 659 1332 692; x_wconf 78' lang='lat' dir='ltr'><strong><em>rorrumpentis.</em></strong></span> 
     </span>
    </p>
   </div>
   <div class='ocr_carea' id='block_1_93' title="bbox 1056 691 1808 727">
    <p class='ocr_par' dir='ltr' id='par_1_93' title="bbox 1056 691 1808 727">
     <span class='ocr_line' id='line_1_96' title="bbox 1056 691 1808 727; baseline 0.005 -9"><span class='ocrx_word' id='word_1_538' title='bbox 1056 693 1090 718; x_wconf 74' lang='lat' dir='ltr'><strong><em>liti</em></strong></span> <span class='ocrx_word' id='word_1_539' title='bbox 1107 692 1338 727; x_wconf 65' lang='lat' dir='ltr'><strong><em>En‘poniturlocns</em></strong></span> <span class='ocrx_word' id='word_1_540' title='bbox 1349 691 1545 727; x_wconf 69' lang='lat' dir='ltr'><strong><em>psalntiLxxttt.</em></strong></span> <span class='ocrx_word' id='word_1_541' title='bbox 1558 702 1581 720; x_wconf 78' lang='grc' dir='ltr'>ν.</span> <span class='ocrx_word' id='word_1_542' title='bbox 1595 694 1643 720; x_wconf 80' lang='grc'><strong><em>15;</em></strong></span> <span class='ocrx_word' id='word_1_543' title='bbox 1654 704 1662 720; x_wconf 76' lang='grc' dir='ltr'>ι</span> <span class='ocrx_word' id='word_1_544' title='bbox 1678 693 1808 722; x_wconf 84' lang='lat' dir='ltr'><strong><em>Tusicca-</em></strong></span> 
     </span>
    </p>
   </div>
   <div class='ocr_carea' id='block_1_94' title="bbox 1019 727 1327 761">
    <p class='ocr_par' dir='ltr' id='par_1_94' title="bbox 1019 727 1327 761">
     <span class='ocr_line' id='line_1_97' title="bbox 1019 727 1327 761; baseline 0.003 -9"><span class='ocrx_word' id='word_1_545' title='bbox 1019 727 1052 752; x_wconf 77' lang='lat' dir='ltr'><strong><em>sti</em></strong></span> <span class='ocrx_word' id='word_1_546' title='bbox 1068 729 1164 761; x_wconf 76' lang='lat' dir='ltr'><strong><em>fluvios</em></strong></span> <span class='ocrx_word' id='word_1_547' title='bbox 1190 727 1296 754; x_wconf 60' lang='lat' dir='ltr'><strong><em>Iit/tam.</em></strong></span> <span class='ocrx_word' id='word_1_548' title='bbox 1319 738 1327 753; x_wconf 72' lang='grc' dir='ltr'><strong><em>ι</em></strong></span> 
     </span>
    </p>
   </div>
   <div class='ocr_carea' id='block_1_95' title="bbox 1055 763 1536 796">
    <p class='ocr_par' dir='ltr' id='par_1_95' title="bbox 1055 763 1536 796">
     <span class='ocr_line' id='line_1_98' title="bbox 1055 763 1536 796; baseline 0.002 -7"><span class='ocrx_word' id='word_1_549' title='bbox 1055 764 1086 790; x_wconf 74' lang='lat'><strong><em>()7</em></strong></span> <span class='ocrx_word' id='word_1_550' title='bbox 1107 763 1206 789; x_wconf 84' lang='lat' dir='ltr'><strong><em>Contra</em></strong></span> <span class='ocrx_word' id='word_1_551' title='bbox 1221 764 1340 790; x_wconf 76' lang='lat' dir='ltr'><strong><em>rindictw</em></strong></span> <span class='ocrx_word' id='word_1_552' title='bbox 1354 763 1536 796; x_wconf 75' lang='lat' dir='ltr'><strong><em>cupiditatem.</em></strong></span> 
     </span>
    </p>
   </div>
   <div class='ocr_carea' id='block_1_96' title="bbox 1055 798 1808 836">
    <p class='ocr_par' dir='ltr' id='par_1_96' title="bbox 1055 798 1808 836">
     <span class='ocr_line' id='line_1_99' title="bbox 1055 798 1808 836; baseline 0.007 -13"><span class='ocrx_word' id='word_1_553' title='bbox 1055 799 1088 825; x_wconf 63' lang='lat' dir='ltr'><strong><em>(&quot;is</em></strong></span> <span class='ocrx_word' id='word_1_554' title='bbox 1106 798 1265 836; x_wconf 64' lang='lat' dir='ltr'><strong><em>Exhortatio</em></strong></span> <span class='ocrx_word' id='word_1_555' title='bbox 1283 799 1315 824; x_wconf 88' lang='lat' dir='ltr'><strong><em>ad</em></strong></span> <span class='ocrx_word' id='word_1_556' title='bbox 1324 800 1441 836; x_wconf 77' lang='lat' dir='ltr'><strong><em>seipsum</em></strong></span> <span class='ocrx_word' id='word_1_557' title='bbox 1457 800 1482 825; x_wconf 85' lang='lat' dir='ltr'><strong><em>ia</em></strong></span> <span class='ocrx_word' id='word_1_558' title='bbox 1506 799 1610 826; x_wconf 85' lang='lat' dir='ltr'><strong><em>virtutis</em></strong></span> <span class='ocrx_word' id='word_1_559' title='bbox 1628 800 1716 827; x_wconf 82' lang='lat' dir='ltr'><strong><em>studio</em></strong></span> <span class='ocrx_word' id='word_1_560' title='bbox 1730 809 1808 836; x_wconf 85' lang='lat' dir='ltr'><strong><em>supe—</em></strong></span> 
     </span>
    </p>
   </div>
   <div class='ocr_carea' id='block_1_97' title="bbox 1018 833 1613 865">
    <p class='ocr_par' dir='ltr' id='par_1_97' title="bbox 1018 833 1613 865">
     <span class='ocr_line' id='line_1_100' title="bbox 1018 833 1613 865; baseline 0.005 -7"><span class='ocrx_word' id='word_1_561' title='bbox 1018 836 1141 865; x_wconf 80' lang='lat' dir='ltr'><strong><em>rant/unt,</em></strong></span> <span class='ocrx_word' id='word_1_562' title='bbox 1154 839 1176 859; x_wconf 88' lang='lat' dir='ltr'><strong><em>et</em></strong></span> <span class='ocrx_word' id='word_1_563' title='bbox 1197 833 1230 859; x_wconf 87' lang='lat' dir='ltr'><strong><em>ad</em></strong></span> <span class='ocrx_word' id='word_1_564' title='bbox 1251 841 1310 859; x_wconf 87' lang='lat' dir='ltr'><strong><em>vera</em></strong></span> <span class='ocrx_word' id='word_1_565' title='bbox 1320 834 1387 860; x_wconf 89' lang='lat' dir='ltr'><strong><em>bona</em></strong></span> <span class='ocrx_word' id='word_1_566' title='bbox 1400 835 1613 861; x_wconf 83' lang='lat' dir='ltr'><strong><em>consectandum.</em></strong></span> 
     </span>
    </p>
   </div>
   <div class='ocr_carea' id='block_1_98' title="bbox 1053 868 1805 905">
    <p class='ocr_par' dir='ltr' id='par_1_98' title="bbox 1053 868 1805 905">
     <span class='ocr_line' id='line_1_101' title="bbox 1053 868 1805 905; baseline 0.005 -11"><span class='ocrx_word' id='word_1_567' title='bbox 1053 870 1086 895; x_wconf 69' lang='lat'><strong><em>59</em></strong></span> <span class='ocrx_word' id='word_1_568' title='bbox 1102 870 1138 905; x_wconf 63' lang='lat' dir='ltr'><strong><em>[te</em></strong></span> <span class='ocrx_word' id='word_1_569' title='bbox 1154 868 1256 894; x_wconf 89' lang='lat' dir='ltr'><strong><em>duobus</em></strong></span> <span class='ocrx_word' id='word_1_570' title='bbox 1286 869 1440 905; x_wconf 83' lang='lat' dir='ltr'><strong><em>vitiosarum</em></strong></span> <span class='ocrx_word' id='word_1_571' title='bbox 1467 870 1633 905; x_wconf 81' lang='lat' dir='ltr'><strong><em>sacerdotum</em></strong></span> <span class='ocrx_word' id='word_1_572' title='bbox 1659 872 1805 905; x_wconf 84' lang='lat' dir='ltr'><strong><em>generibus.</em></strong></span> 
     </span>
    </p>
   </div>
   <div class='ocr_carea' id='block_1_99' title="bbox 1054 904 1807 941">
    <p class='ocr_par' dir='ltr' id='par_1_99' title="bbox 1054 904 1807 941">
     <span class='ocr_line' id='line_1_102' title="bbox 1054 904 1807 941; baseline 0.004 -11"><span class='ocrx_word' id='word_1_573' title='bbox 1054 905 1087 930; x_wconf 80' lang='lat' dir='ltr'><strong><em>7U</em></strong></span> <span class='ocrx_word' id='word_1_574' title='bbox 1105 904 1141 941; x_wconf 72' lang='lat' dir='ltr'><strong><em>De</em></strong></span> <span class='ocrx_word' id='word_1_575' title='bbox 1160 905 1358 941; x_wconf 71' lang='lat' dir='ltr'><strong><em>prmpat&#39;atione</em></strong></span> <span class='ocrx_word' id='word_1_576' title='bbox 1381 904 1463 929; x_wconf 86' lang='lat' dir='ltr'><strong><em>animi</em></strong></span> <span class='ocrx_word' id='word_1_577' title='bbox 1488 904 1522 930; x_wconf 88' lang='lat' dir='ltr'><strong><em>ad</em></strong></span> <span class='ocrx_word' id='word_1_578' title='bbox 1550 904 1667 932; x_wconf 84' lang='lat' dir='ltr'><strong><em>divinam</em></strong></span> <span class='ocrx_word' id='word_1_579' title='bbox 1691 912 1807 941; x_wconf 89' lang='lat' dir='ltr'><strong><em>grattam</em></strong></span> 
     </span>
    </p>
   </div>
   <div class='ocr_carea' id='block_1_100' title="bbox 1016 939 1219 973">
    <p class='ocr_par' dir='ltr' id='par_1_100' title="bbox 1016 939 1219 973">
     <span class='ocr_line' id='line_1_103' title="bbox 1016 939 1219 973; baseline -0.01 -7"><span class='ocrx_word' id='word_1_580' title='bbox 1016 939 1219 973; x_wconf 80' lang='lat' dir='ltr'><strong><em>suscipiendam.</em></strong></span> 
     </span>
    </p>
   </div>
   <div class='ocr_carea' id='block_1_101' title="bbox 1053 973 1806 1011">
    <p class='ocr_par' dir='ltr' id='par_1_101' title="bbox 1053 973 1806 1011">
     <span class='ocr_line' id='line_1_104' title="bbox 1053 973 1806 1011; baseline 0.004 -10"><span class='ocrx_word' id='word_1_581' title='bbox 1053 976 1083 1001; x_wconf 89' lang='lat'><strong><em>7|</em></strong></span> <span class='ocrx_word' id='word_1_582' title='bbox 1104 974 1240 1011; x_wconf 70' lang='lat' dir='ltr'><strong><em>lie/utalia</em></strong></span> <span class='ocrx_word' id='word_1_583' title='bbox 1250 973 1352 1008; x_wconf 75' lang='lat' dir='ltr'><strong><em>frivola:</em></strong></span> <span class='ocrx_word' id='word_1_584' title='bbox 1365 974 1554 1006; x_wconf 74' lang='lat' dir='ltr'><strong><em>excusationis,</em></strong></span> <span class='ocrx_word' id='word_1_585' title='bbox 1571 983 1622 1009; x_wconf 91' lang='lat' dir='ltr'><strong><em>qua</em></strong></span> <span class='ocrx_word' id='word_1_586' title='bbox 1635 976 1768 1011; x_wconf 82' lang='lat' dir='ltr'><strong><em>improbus</em></strong></span> <span class='ocrx_word' id='word_1_587' title='bbox 1781 981 1806 1004; x_wconf 88' lang='lat' dir='ltr'><strong><em>et</em></strong></span> 
     </span>
    </p>
   </div>
   <div class='ocr_carea' id='block_1_102' title="bbox 1017 1010 1530 1043">
    <p class='ocr_par' dir='ltr' id='par_1_102' title="bbox 1017 1010 1530 1043">
     <span class='ocr_line' id='line_1_105' title="bbox 1017 1010 1530 1043; baseline -0.002 -6"><span class='ocrx_word' id='word_1_588' title='bbox 1017 1010 1186 1037; x_wconf 86' lang='lat' dir='ltr'><strong><em>Simoniacus</em></strong></span> <span class='ocrx_word' id='word_1_589' title='bbox 1200 1010 1337 1043; x_wconf 84' lang='lat' dir='ltr'><strong><em>episcopus</em></strong></span> <span class='ocrx_word' id='word_1_590' title='bbox 1354 1010 1441 1043; x_wconf 84' lang='lat' dir='ltr'><strong><em>fuerat</em></strong></span> <span class='ocrx_word' id='word_1_591' title='bbox 1457 1018 1530 1036; x_wconf 87' lang='lat' dir='ltr'><strong><em>usus.</em></strong></span> 
     </span>
    </p>
   </div>
   <div class='ocr_carea' id='block_1_103' title="bbox 1049 1045 1807 1078">
    <p class='ocr_par' dir='ltr' id='par_1_103' title="bbox 1049 1045 1807 1078">
     <span class='ocr_line' id='line_1_106' title="bbox 1049 1045 1807 1078; baseline 0.001 -6"><span class='ocrx_word' id='word_1_592' title='bbox 1049 1045 1084 1072; x_wconf 74' lang='lat'><strong>72</strong></span> <span class='ocrx_word' id='word_1_593' title='bbox 1100 1045 1188 1074; x_wconf 84' lang='lat' dir='ltr'><strong><em>Docet.</em></strong></span> <span class='ocrx_word' id='word_1_594' title='bbox 1207 1045 1297 1070; x_wconf 79' lang='lat' dir='ltr'><strong><em>vitium</em></strong></span> <span class='ocrx_word' id='word_1_595' title='bbox 1312 1053 1364 1070; x_wconf 91' lang='lat' dir='ltr'><strong><em>non</em></strong></span> <span class='ocrx_word' id='word_1_596' title='bbox 1378 1053 1433 1071; x_wconf 85' lang='lat' dir='ltr'><strong><em>esse</em></strong></span> <span class='ocrx_word' id='word_1_597' title='bbox 1454 1045 1553 1071; x_wconf 86' lang='lat' dir='ltr'><strong><em>homini</em></strong></span> <span class='ocrx_word' id='word_1_598' title='bbox 1565 1052 1612 1078; x_wconf 85' lang='lat' dir='ltr'><strong><em>per</em></strong></span> <span class='ocrx_word' id='word_1_599' title='bbox 1627 1050 1752 1073; x_wconf 87' lang='lat' dir='ltr'><strong><em>naturam</em></strong></span> <span class='ocrx_word' id='word_1_600' title='bbox 1766 1047 1807 1074; x_wconf 87' lang='lat' dir='ltr'><strong><em>in-</em></strong></span> 
     </span>
    </p>
   </div>
   <div class='ocr_carea' id='block_1_104' title="bbox 1017 1079 1806 1115">
    <p class='ocr_par' dir='ltr' id='par_1_104' title="bbox 1017 1079 1806 1115">
     <span class='ocr_line' id='line_1_107' title="bbox 1017 1079 1806 1115; baseline 0.001 -8"><span class='ocrx_word' id='word_1_601' title='bbox 1017 1081 1107 1112; x_wconf 85' lang='lat' dir='ltr'><strong><em>situm,</em></strong></span> <span class='ocrx_word' id='word_1_602' title='bbox 1122 1079 1166 1105; x_wconf 81' lang='lat' dir='ltr'><strong><em>sed</em></strong></span> <span class='ocrx_word' id='word_1_603' title='bbox 1192 1080 1313 1115; x_wconf 84' lang='lat' dir='ltr'><strong><em>contrahi</em></strong></span> <span class='ocrx_word' id='word_1_604' title='bbox 1336 1080 1547 1114; x_wconf 84' lang='lat' dir='ltr'><strong><em>assuefactione;</em></strong></span> <span class='ocrx_word' id='word_1_605' title='bbox 1570 1081 1679 1115; x_wconf 84' lang='lat' dir='ltr'><strong><em>ideoque</em></strong></span> <span class='ocrx_word' id='word_1_606' title='bbox 1698 1089 1730 1108; x_wconf 76' lang='lat' dir='ltr'><strong><em>ex</em></strong></span> <span class='ocrx_word' id='word_1_607' title='bbox 1756 1082 1806 1108; x_wconf 89' lang='lat' dir='ltr'><strong><em>int-</em></strong></span> 
     </span>
    </p>
   </div>
   <div class='ocr_carea' id='block_1_105' title="bbox 1017 1114 1804 1151">
    <p class='ocr_par' dir='ltr' id='par_1_105' title="bbox 1017 1114 1804 1151">
     <span class='ocr_line' id='line_1_108' title="bbox 1017 1114 1804 1151; baseline 0.001 -9"><span class='ocrx_word' id='word_1_608' title='bbox 1017 1116 1097 1151; x_wconf 86' lang='lat' dir='ltr'><strong><em>probo</em></strong></span> <span class='ocrx_word' id='word_1_609' title='bbox 1112 1115 1197 1141; x_wconf 78' lang='lat' dir='ltr'><strong><em>virum</em></strong></span> <span class='ocrx_word' id='word_1_610' title='bbox 1210 1114 1305 1141; x_wconf 87' lang='lat' dir='ltr'><strong><em>bonum</em></strong></span> <span class='ocrx_word' id='word_1_611' title='bbox 1320 1115 1378 1149; x_wconf 82' lang='lat' dir='ltr'><strong><em>ﬁeri</em></strong></span> <span class='ocrx_word' id='word_1_612' title='bbox 1393 1122 1468 1149; x_wconf 84' lang='lat' dir='ltr'><strong><em>posse</em></strong></span> <span class='ocrx_word' id='word_1_613' title='bbox 1481 1122 1491 1141; x_wconf 81' lang='lat'><strong><em>.&#39;</em></strong></span> <span class='ocrx_word' id='word_1_614' title='bbox 1505 1115 1575 1150; x_wconf 88' lang='lat' dir='ltr'><strong><em>quod</em></strong></span> <span class='ocrx_word' id='word_1_615' title='bbox 1593 1114 1718 1151; x_wconf 76' lang='lat' dir='ltr'><strong><em>exentplis</em></strong></span> <span class='ocrx_word' id='word_1_616' title='bbox 1731 1124 1804 1143; x_wconf 78' lang='lat' dir='ltr'><strong><em>com—</em></strong></span> 
     </span>
    </p>
   </div>
   <div class='ocr_carea' id='block_1_106' title="bbox 1036 1151 1119 1178">
    <p class='ocr_par' dir='ltr' id='par_1_106' title="bbox 1036 1151 1119 1178">
     <span class='ocr_line' id='line_1_109' title="bbox 1036 1151 1119 1178; baseline -0.012 0"><span class='ocrx_word' id='word_1_617' title='bbox 1036 1151 1119 1178; x_wconf 90' lang='lat' dir='ltr'><strong><em>robat.</em></strong></span> 
     </span>
    </p>
   </div>
   <div class='ocr_carea' id='block_1_107' title="bbox 1016 1160 1744 1214">
    <p class='ocr_par' dir='ltr' id='par_1_107' title="bbox 1016 1160 1744 1214">
     <span class='ocr_line' id='line_1_110' title="bbox 1043 1160 1119 1177; baseline 0.013 -1"><span class='ocrx_word' id='word_1_618' title='bbox 1043 1160 1119 1177; x_wconf 85' lang='grc' dir='ltr'><strong><em>·ου(ιι.</em></strong></span> 
     </span>
     <span class='ocr_line' id='line_1_111' title="bbox 1016 1160 1744 1214; baseline 0.001 -2"><span class='ocrx_word' id='word_1_619' title='bbox 1016 1160 1081 1214; x_wconf 48' lang='grc'><strong><em>⁷³³75</em></strong></span> <span class='ocrx_word' id='word_1_620' title='bbox 1097 1186 1132 1212; x_wconf 85' lang='lat' dir='ltr'><strong><em>De</em></strong></span> <span class='ocrx_word' id='word_1_621' title='bbox 1145 1186 1262 1212; x_wconf 82' lang='lat' dir='ltr'><strong><em>utilitate</em></strong></span> <span class='ocrx_word' id='word_1_622' title='bbox 1278 1184 1399 1211; x_wconf 84' lang='lat' dir='ltr'><strong><em>lectionis</em></strong></span> <span class='ocrx_word' id='word_1_623' title='bbox 1416 1193 1555 1211; x_wconf 74' lang='lat' dir='ltr'><strong><em>sacrarum</em></strong></span> <span class='ocrx_word' id='word_1_624' title='bbox 1570 1185 1744 1213; x_wconf 87' lang='lat' dir='ltr'><strong><em>Litterarum.</em></strong></span> 
     </span>
    </p>
   </div>
   <div class='ocr_carea' id='block_1_108' title="bbox 1048 1220 1808 1255">
    <p class='ocr_par' dir='ltr' id='par_1_108' title="bbox 1048 1220 1808 1255">
     <span class='ocr_line' id='line_1_112' title="bbox 1048 1220 1808 1255; baseline 0 -7"><span class='ocrx_word' id='word_1_625' title='bbox 1048 1222 1081 1248; x_wconf 69' lang='grc'><strong><em>74</em></strong></span> <span class='ocrx_word' id='word_1_626' title='bbox 1103 1220 1212 1248; x_wconf 85' lang='lat' dir='ltr'><strong><em>Utilitas</em></strong></span> <span class='ocrx_word' id='word_1_627' title='bbox 1239 1221 1400 1251; x_wconf 88' lang='lat' dir='ltr'><strong><em>morborum,</em></strong></span> <span class='ocrx_word' id='word_1_628' title='bbox 1428 1221 1595 1255; x_wconf 85' lang='lat' dir='ltr'><strong><em>aliarumque</em></strong></span> <span class='ocrx_word' id='word_1_629' title='bbox 1623 1221 1808 1248; x_wconf 77' lang='lat' dir='ltr'><strong><em>caiatnitatunt</em></strong></span> 
     </span>
    </p>
   </div>
   <div class='ocr_carea' id='block_1_109' title="bbox 1017 1255 1808 1291">
    <p class='ocr_par' dir='ltr' id='par_1_109' title="bbox 1017 1255 1808 1291">
     <span class='ocr_line' id='line_1_113' title="bbox 1017 1255 1808 1291; baseline 0 -8"><span class='ocrx_word' id='word_1_630' title='bbox 1017 1266 1068 1284; x_wconf 88' lang='lat' dir='ltr'><strong><em>non</em></strong></span> <span class='ocrx_word' id='word_1_631' title='bbox 1083 1261 1216 1290; x_wconf 88' lang='lat' dir='ltr'><strong><em>postrema</em></strong></span> <span class='ocrx_word' id='word_1_632' title='bbox 1225 1260 1273 1287; x_wconf 87' lang='lat' dir='ltr'><strong><em>est,</em></strong></span> <span class='ocrx_word' id='word_1_633' title='bbox 1283 1255 1352 1289; x_wconf 87' lang='lat' dir='ltr'><strong><em>quod</em></strong></span> <span class='ocrx_word' id='word_1_634' title='bbox 1364 1256 1481 1290; x_wconf 78' lang='lat' dir='ltr'><strong><em>reprimit</em></strong></span> <span class='ocrx_word' id='word_1_635' title='bbox 1497 1261 1572 1290; x_wconf 86' lang='lat' dir='ltr'><strong><em>atque</em></strong></span> <span class='ocrx_word' id='word_1_636' title='bbox 1587 1257 1699 1291; x_wconf 84' lang='lat' dir='ltr'><strong><em>castigat</em></strong></span> <span class='ocrx_word' id='word_1_637' title='bbox 1713 1265 1808 1291; x_wconf 80' lang='lat' dir='ltr'><strong><em>super-</em></strong></span> 
     </span>
    </p>
   </div>
   <div class='ocr_carea' id='block_1_110' title="bbox 1018 1290 1539 1323">
    <p class='ocr_par' dir='ltr' id='par_1_110' title="bbox 1018 1290 1539 1323">
     <span class='ocr_line' id='line_1_114' title="bbox 1018 1290 1539 1323; baseline -0.006 -4"><span class='ocrx_word' id='word_1_638' title='bbox 1018 1293 1098 1323; x_wconf 83' lang='lat' dir='ltr'><strong><em>biam,</em></strong></span> <span class='ocrx_word' id='word_1_639' title='bbox 1114 1299 1201 1318; x_wconf 86' lang='lat' dir='ltr'><strong><em>rerum</em></strong></span> <span class='ocrx_word' id='word_1_640' title='bbox 1218 1290 1394 1317; x_wconf 84' lang='lat' dir='ltr'><strong><em>secundarum</em></strong></span> <span class='ocrx_word' id='word_1_641' title='bbox 1409 1291 1539 1316; x_wconf 87' lang='lat' dir='ltr'><strong><em>cantitem.</em></strong></span> 
     </span>
    </p>
   </div>
   <div class='ocr_carea' id='block_1_111' title="bbox 1048 1325 1734 1361">
    <p class='ocr_par' dir='ltr' id='par_1_111' title="bbox 1048 1325 1734 1361">
     <span class='ocr_line' id='line_1_115' title="bbox 1048 1325 1734 1361; baseline -0.001 -7"><span class='ocrx_word' id='word_1_642' title='bbox 1048 1327 1082 1354; x_wconf 79' lang='grc'><strong>75</strong></span> <span class='ocrx_word' id='word_1_643' title='bbox 1093 1326 1252 1361; x_wconf 88' lang='lat' dir='ltr'><strong><em>Objurgatio</em></strong></span> <span class='ocrx_word' id='word_1_644' title='bbox 1266 1325 1379 1359; x_wconf 86' lang='lat' dir='ltr'><strong><em>improbi</em></strong></span> <span class='ocrx_word' id='word_1_645' title='bbox 1397 1330 1421 1351; x_wconf 77' lang='lat' dir='ltr'><strong><em>et</em></strong></span> <span class='ocrx_word' id='word_1_646' title='bbox 1437 1325 1560 1358; x_wconf 80' lang='lat' dir='ltr'><strong><em>Epicurei</em></strong></span> <span class='ocrx_word' id='word_1_647' title='bbox 1575 1326 1734 1353; x_wconf 84' lang='lat' dir='ltr'><strong><em>sacerdotis.</em></strong></span> 
     </span>
    </p>
   </div>
   <div class='ocr_carea' id='block_1_112' title="bbox 1042 1360 1808 1396">
    <p class='ocr_par' dir='ltr' id='par_1_112' title="bbox 1042 1360 1808 1396">
     <span class='ocr_line' id='line_1_116' title="bbox 1042 1360 1808 1396; baseline 0 -8"><span class='ocrx_word' id='word_1_648' title='bbox 1042 1362 1077 1389; x_wconf 88' lang='lat'><strong>76</strong></span> <span class='ocrx_word' id='word_1_649' title='bbox 1093 1362 1129 1388; x_wconf 90' lang='lat' dir='ltr'><strong><em>De</em></strong></span> <span class='ocrx_word' id='word_1_650' title='bbox 1144 1361 1354 1392; x_wconf 86' lang='lat' dir='ltr'><strong><em>calamitatibus,</em></strong></span> <span class='ocrx_word' id='word_1_651' title='bbox 1370 1368 1435 1394; x_wconf 86' lang='lat' dir='ltr'><strong><em>quas</em></strong></span> <span class='ocrx_word' id='word_1_652' title='bbox 1449 1368 1521 1386; x_wconf 86' lang='lat' dir='ltr'><strong><em>nemo</em></strong></span> <span class='ocrx_word' id='word_1_653' title='bbox 1536 1360 1671 1387; x_wconf 87' lang='lat' dir='ltr'><strong><em>hominum</em></strong></span> <span class='ocrx_word' id='word_1_654' title='bbox 1693 1362 1808 1396; x_wconf 82' lang='lat' dir='ltr'><strong><em>effugere</em></strong></span> 
     </span>
    </p>
   </div>
   <div class='ocr_carea' id='block_1_113' title="bbox 1017 1395 1809 1432">
    <p class='ocr_par' dir='ltr' id='par_1_113' title="bbox 1017 1395 1809 1432">
     <span class='ocr_line' id='line_1_117' title="bbox 1017 1395 1809 1432; baseline 0 -9"><span class='ocrx_word' id='word_1_655' title='bbox 1017 1402 1112 1432; x_wconf 81' lang='lat' dir='ltr'><strong><em>potest,</em></strong></span> <span class='ocrx_word' id='word_1_656' title='bbox 1128 1397 1232 1431; x_wconf 78' lang='lat' dir='ltr'><strong><em>fortiter</em></strong></span> <span class='ocrx_word' id='word_1_657' title='bbox 1242 1395 1413 1430; x_wconf 87' lang='lat' dir='ltr'><strong><em>perferendis,</em></strong></span> <span class='ocrx_word' id='word_1_658' title='bbox 1430 1403 1461 1421; x_wconf 90' lang='lat' dir='ltr'><strong><em>ne</em></strong></span> <span class='ocrx_word' id='word_1_659' title='bbox 1482 1395 1670 1422; x_wconf 87' lang='lat' dir='ltr'><strong><em>tentationt&#39;bus</em></strong></span> <span class='ocrx_word' id='word_1_660' title='bbox 1689 1395 1809 1423; x_wconf 82' lang='lat' dir='ltr'><strong><em>succum-</em></strong></span> 
     </span>
    </p>
   </div>
   <div class='ocr_carea' id='block_1_114' title="bbox 1019 1434 1122 1459">
    <p class='ocr_par' dir='ltr' id='par_1_114' title="bbox 1019 1434 1122 1459">
     <span class='ocr_line' id='line_1_118' title="bbox 1019 1434 1122 1459; baseline -0.01 0"><span class='ocrx_word' id='word_1_661' title='bbox 1019 1434 1122 1459; x_wconf 79' lang='lat' dir='ltr'><strong><em>bamus.</em></strong></span> 
     </span>
    </p>
   </div>
   <div class='ocr_carea' id='block_1_115' title="bbox 1047 1465 1809 1501">
    <p class='ocr_par' dir='ltr' id='par_1_115' title="bbox 1047 1465 1809 1501">
     <span class='ocr_line' id='line_1_119' title="bbox 1047 1465 1809 1501; baseline 0.001 -8"><span class='ocrx_word' id='word_1_662' title='bbox 1047 1468 1079 1493; x_wconf 86' lang='grc' dir='ltr'><strong><em>’Π</em></strong></span> <span class='ocrx_word' id='word_1_663' title='bbox 1102 1467 1286 1501; x_wconf 79' lang='lat' dir='ltr'><strong><em>Stcpenumero</em></strong></span> <span class='ocrx_word' id='word_1_664' title='bbox 1314 1467 1400 1500; x_wconf 84' lang='lat' dir='ltr'><strong><em>fatum</em></strong></span> <span class='ocrx_word' id='word_1_665' title='bbox 1422 1472 1453 1491; x_wconf 88' lang='lat' dir='ltr'><strong><em>ne</em></strong></span> <span class='ocrx_word' id='word_1_666' title='bbox 1478 1465 1582 1500; x_wconf 85' lang='lat' dir='ltr'><strong><em>quidem</em></strong></span> <span class='ocrx_word' id='word_1_667' title='bbox 1598 1466 1809 1500; x_wconf 81' lang='lat' dir='ltr'><strong><em>prcenuntiatum</em></strong></span> 
     </span>
    </p>
   </div>
   <div class='ocr_carea' id='block_1_116' title="bbox 1019 1502 1394 1538">
    <p class='ocr_par' dir='ltr' id='par_1_116' title="bbox 1019 1502 1394 1538">
     <span class='ocr_line' id='line_1_120' title="bbox 1019 1502 1394 1538; baseline -0.003 -9"><span class='ocrx_word' id='word_1_668' title='bbox 1019 1503 1132 1538; x_wconf 78' lang='lat' dir='ltr'><strong><em>effugere</em></strong></span> <span class='ocrx_word' id='word_1_669' title='bbox 1145 1502 1262 1528; x_wconf 87' lang='lat' dir='ltr'><strong><em>homines</em></strong></span> <span class='ocrx_word' id='word_1_670' title='bbox 1276 1506 1394 1536; x_wconf 81' lang='lat' dir='ltr'><strong><em>possunt.</em></strong></span> 
     </span>
    </p>
   </div>
   <div class='ocr_carea' id='block_1_117' title="bbox 1048 1537 1810 1572">
    <p class='ocr_par' dir='ltr' id='par_1_117' title="bbox 1048 1537 1810 1572">
     <span class='ocr_line' id='line_1_121' title="bbox 1048 1537 1810 1572; baseline -0.001 -7"><span class='ocrx_word' id='word_1_671' title='bbox 1048 1538 1083 1565; x_wconf 77' lang='grc'><strong><em>’18</em></strong></span> <span class='ocrx_word' id='word_1_672' title='bbox 1101 1537 1243 1565; x_wconf 73' lang='lat' dir='ltr'><strong><em>Eztraneis</em></strong></span> <span class='ocrx_word' id='word_1_673' title='bbox 1259 1542 1336 1572; x_wconf 87' lang='lat' dir='ltr'><strong><em>atque</em></strong></span> <span class='ocrx_word' id='word_1_674' title='bbox 1363 1538 1461 1571; x_wconf 83' lang='lat' dir='ltr'><strong><em>ignotis</em></strong></span> <span class='ocrx_word' id='word_1_675' title='bbox 1488 1537 1636 1571; x_wconf 85' lang='lat' dir='ltr'><strong><em>benefacere</em></strong></span> <span class='ocrx_word' id='word_1_676' title='bbox 1656 1537 1744 1571; x_wconf 87' lang='lat' dir='ltr'><strong><em>major</em></strong></span> <span class='ocrx_word' id='word_1_677' title='bbox 1769 1543 1810 1564; x_wconf 82' lang='lat' dir='ltr'><strong><em>est</em></strong></span> 
     </span>
    </p>
   </div>
   <div class='ocr_carea' id='block_1_118' title="bbox 1021 1572 1805 1608">
    <p class='ocr_par' dir='ltr' id='par_1_118' title="bbox 1021 1572 1805 1608">
     <span class='ocr_line' id='line_1_122' title="bbox 1021 1572 1805 1608; baseline -0.001 -9"><span class='ocrx_word' id='word_1_678' title='bbox 1021 1573 1103 1600; x_wconf 79' lang='lat' dir='ltr'><strong><em>virtus</em></strong></span> <span class='ocrx_word' id='word_1_679' title='bbox 1118 1581 1198 1608; x_wconf 90' lang='lat' dir='ltr'><strong><em>quam</em></strong></span> <span class='ocrx_word' id='word_1_680' title='bbox 1213 1574 1241 1599; x_wconf 88' lang='lat' dir='ltr'><strong><em>in</em></strong></span> <span class='ocrx_word' id='word_1_681' title='bbox 1255 1573 1415 1608; x_wconf 84' lang='lat' dir='ltr'><strong><em>propinquos</em></strong></span> <span class='ocrx_word' id='word_1_682' title='bbox 1429 1579 1454 1600; x_wconf 84' lang='lat' dir='ltr'><strong><em>et</em></strong></span> <span class='ocrx_word' id='word_1_683' title='bbox 1476 1576 1552 1600; x_wconf 86' lang='lat' dir='ltr'><strong><em>notos</em></strong></span> <span class='ocrx_word' id='word_1_684' title='bbox 1579 1579 1643 1608; x_wconf 12' lang='lat' dir='ltr'><strong><em>esse,</em></strong></span> <span class='ocrx_word' id='word_1_685' title='bbox 1655 1572 1805 1600; x_wconf 89' lang='lat' dir='ltr'><strong><em>liberalem.</em></strong></span> 
     </span>
    </p>
   </div>
   <div class='ocr_carea' id='block_1_119' title="bbox 1051 1606 1809 1643">
    <p class='ocr_par' dir='ltr' id='par_1_119' title="bbox 1051 1606 1809 1643">
     <span class='ocr_line' id='line_1_123' title="bbox 1051 1606 1809 1643; baseline 0.001 -9"><span class='ocrx_word' id='word_1_686' title='bbox 1051 1607 1083 1634; x_wconf 88' lang='grc'><strong><em>79</em></strong></span> <span class='ocrx_word' id='word_1_687' title='bbox 1099 1606 1187 1634; x_wconf 80' lang='lat' dir='ltr'><strong><em>Monet</em></strong></span> <span class='ocrx_word' id='word_1_688' title='bbox 1208 1606 1366 1642; x_wconf 74' lang='lat' dir='ltr'><strong><em>episcopum,</em></strong></span> <span class='ocrx_word' id='word_1_689' title='bbox 1385 1616 1416 1635; x_wconf 86' lang='lat' dir='ltr'><strong><em>ne</em></strong></span> <span class='ocrx_word' id='word_1_690' title='bbox 1440 1613 1520 1635; x_wconf 81' lang='lat' dir='ltr'><strong><em>cesset</em></strong></span> <span class='ocrx_word' id='word_1_691' title='bbox 1548 1606 1695 1642; x_wconf 86' lang='lat' dir='ltr'><strong><em>improbum</em></strong></span> <span class='ocrx_word' id='word_1_692' title='bbox 1715 1608 1809 1643; x_wconf 80' lang='lat' dir='ltr'><strong><em>objur-</em></strong></span> 
     </span>
    </p>
   </div>
   <div class='ocr_carea' id='block_1_120' title="bbox 1022 1643 1585 1679">
    <p class='ocr_par' dir='ltr' id='par_1_120' title="bbox 1022 1643 1585 1679">
     <span class='ocr_line' id='line_1_124' title="bbox 1022 1643 1585 1679; baseline -0.004 -9"><span class='ocrx_word' id='word_1_693' title='bbox 1022 1651 1084 1679; x_wconf 90' lang='lat' dir='ltr'><strong><em>gare</em></strong></span> <span class='ocrx_word' id='word_1_694' title='bbox 1101 1648 1126 1670; x_wconf 87' lang='lat' dir='ltr'><strong><em>et</em></strong></span> <span class='ocrx_word' id='word_1_695' title='bbox 1141 1643 1175 1670; x_wconf 89' lang='lat' dir='ltr'><strong><em>ad</em></strong></span> <span class='ocrx_word' id='word_1_696' title='bbox 1191 1643 1322 1670; x_wconf 86' lang='lat' dir='ltr'><strong><em>meliorem</em></strong></span> <span class='ocrx_word' id='word_1_697' title='bbox 1340 1643 1440 1678; x_wconf 84' lang='lat' dir='ltr'><strong><em>frugem</em></strong></span> <span class='ocrx_word' id='word_1_698' title='bbox 1454 1650 1585 1679; x_wconf 81' lang='lat' dir='ltr'><strong><em>revocare.</em></strong></span> 
     </span>
    </p>
   </div>
   <div class='ocr_carea' id='block_1_121' title="bbox 1052 1678 1810 1712">
    <p class='ocr_par' dir='ltr' id='par_1_121' title="bbox 1052 1678 1810 1712">
     <span class='ocr_line' id='line_1_125' title="bbox 1052 1678 1810 1712; baseline 0.003 -8"><span class='ocrx_word' id='word_1_699' title='bbox 1052 1678 1086 1705; x_wconf 80' lang='grc'>80</span> <span class='ocrx_word' id='word_1_700' title='bbox 1097 1679 1250 1705; x_wconf 76' lang='lat' dir='ltr'><strong><em>Admonilio</em></strong></span> <span class='ocrx_word' id='word_1_701' title='bbox 1266 1682 1289 1704; x_wconf 91' lang='lat' dir='ltr'><strong><em>et</em></strong></span> <span class='ocrx_word' id='word_1_702' title='bbox 1304 1678 1450 1711; x_wconf 87' lang='lat' dir='ltr'><strong><em>increpatio</em></strong></span> <span class='ocrx_word' id='word_1_703' title='bbox 1468 1678 1581 1712; x_wconf 88' lang='lat' dir='ltr'><strong><em>improbi</em></strong></span> <span class='ocrx_word' id='word_1_704' title='bbox 1608 1685 1639 1703; x_wconf 85' lang='lat' dir='ltr'><strong><em>ac</em></strong></span> <span class='ocrx_word' id='word_1_705' title='bbox 1651 1678 1749 1711; x_wconf 85' lang='lat' dir='ltr'><strong><em>perditi</em></strong></span> <span class='ocrx_word' id='word_1_706' title='bbox 1763 1678 1810 1706; x_wconf 69' lang='grc' dir='ltr'><strong><em>Ιιοσ</em></strong></span> 
     </span>
    </p>
   </div>
   <div class='ocr_carea' id='block_1_122' title="bbox 1021 1712 1701 1748">
    <p class='ocr_par' dir='ltr' id='par_1_122' title="bbox 1021 1712 1701 1748">
     <span class='ocr_line' id='line_1_126' title="bbox 1021 1712 1701 1748; baseline 0 -8"><span class='ocrx_word' id='word_1_707' title='bbox 1021 1714 1112 1744; x_wconf 80' lang='lat' dir='ltr'><strong><em>minis.</em></strong></span> <span class='ocrx_word' id='word_1_708' title='bbox 1125 1721 1159 1740; x_wconf 87' lang='lat' dir='ltr'><strong><em>ne</em></strong></span> <span class='ocrx_word' id='word_1_709' title='bbox 1173 1721 1227 1739; x_wconf 90' lang='lat' dir='ltr'><strong><em>una</em></strong></span> <span class='ocrx_word' id='word_1_710' title='bbox 1238 1721 1297 1740; x_wconf 89' lang='lat' dir='ltr'><strong><em>cum</em></strong></span> <span class='ocrx_word' id='word_1_711' title='bbox 1305 1713 1361 1747; x_wconf 82' lang='lat' dir='ltr'><strong><em>ipso</em></strong></span> <span class='ocrx_word' id='word_1_712' title='bbox 1374 1713 1422 1740; x_wconf 88' lang='lat' dir='ltr'><strong><em>alii</em></strong></span> <span class='ocrx_word' id='word_1_713' title='bbox 1437 1721 1537 1748; x_wconf 86' lang='lat' dir='ltr'><strong><em>quoque</em></strong></span> <span class='ocrx_word' id='word_1_714' title='bbox 1546 1712 1701 1748; x_wconf 82' lang='lat' dir='ltr'><strong><em>perdantur.</em></strong></span> 
     </span>
    </p>
   </div>
   <div class='ocr_carea' id='block_1_123' title="bbox 1053 1747 1794 1782">
    <p class='ocr_par' dir='ltr' id='par_1_123' title="bbox 1053 1747 1794 1782">
     <span class='ocr_line' id='line_1_127' title="bbox 1053 1747 1794 1782; baseline 0 -6"><span class='ocrx_word' id='word_1_715' title='bbox 1053 1749 1084 1776; x_wconf 82' lang='grc'>81</span> <span class='ocrx_word' id='word_1_716' title='bbox 1101 1749 1157 1775; x_wconf 82' lang='lat' dir='ltr'><strong><em>Cur</em></strong></span> <span class='ocrx_word' id='word_1_717' title='bbox 1175 1749 1284 1782; x_wconf 88' lang='lat' dir='ltr'><strong><em>quidam</em></strong></span> <span class='ocrx_word' id='word_1_718' title='bbox 1308 1749 1388 1774; x_wconf 87' lang='lat' dir='ltr'><strong><em>etiam</em></strong></span> <span class='ocrx_word' id='word_1_719' title='bbox 1407 1747 1594 1775; x_wconf 81' lang='lat' dir='ltr'><strong><em>involuntariis</em></strong></span> <span class='ocrx_word' id='word_1_720' title='bbox 1619 1747 1715 1774; x_wconf 87' lang='lat' dir='ltr'><strong><em>morbis</em></strong></span> <span class='ocrx_word' id='word_1_721' title='bbox 1733 1748 1794 1776; x_wconf 79' lang='lat' dir='ltr'><strong><em>laba</em></strong></span> 
     </span>
    </p>
   </div>
   <div class='ocr_carea' id='block_1_124' title="bbox 1022 1782 1810 1844">
    <p class='ocr_par' dir='ltr' id='par_1_124' title="bbox 1022 1782 1810 1844">
     <span class='ocr_line' id='line_1_128' title="bbox 1022 1782 1810 1844; baseline 0.001 -34"><span class='ocrx_word' id='word_1_722' title='bbox 1022 1788 1110 1844; x_wconf 66' lang='lat' dir='ltr'><strong><em>rgntes</em></strong></span> <span class='ocrx_word' id='word_1_723' title='bbox 1131 1791 1148 1810; x_wconf 91' lang='lat' dir='ltr'><strong><em>a</em></strong></span> <span class='ocrx_word' id='word_1_724' title='bbox 1173 1783 1269 1818; x_wconf 89' lang='lat' dir='ltr'><strong><em>templo</em></strong></span> <span class='ocrx_word' id='word_1_725' title='bbox 1293 1790 1339 1817; x_wconf 89' lang='lat' dir='ltr'><strong><em>per</em></strong></span> <span class='ocrx_word' id='word_1_726' title='bbox 1366 1783 1534 1810; x_wconf 86' lang='lat' dir='ltr'><strong><em>interdictum</em></strong></span> <span class='ocrx_word' id='word_1_727' title='bbox 1548 1783 1612 1817; x_wconf 85' lang='lat' dir='ltr'><strong><em>legis</em></strong></span> <span class='ocrx_word' id='word_1_728' title='bbox 1636 1782 1734 1817; x_wconf 87' lang='lat' dir='ltr'><strong><em>fuerint</em></strong></span> <span class='ocrx_word' id='word_1_729' title='bbox 1761 1791 1810 1811; x_wconf 77' lang='lat' dir='ltr'><strong><em>ex-</em></strong></span> 
     </span>
     <span class='ocr_line' id='line_1_129' title="bbox 1022 1824 1098 1844; baseline 0 0"><span class='ocrx_word' id='word_1_730' title='bbox 1022 1827 1034 1844; x_wconf 84' lang='lat' dir='ltr'><strong><em>t:</em></strong></span> <span class='ocrx_word' id='word_1_731' title='bbox 1048 1824 1098 1844; x_wconf 67' lang='lat' dir='ltr'><strong><em>an.</em></strong></span> 
     </span>
    </p>
   </div>
   <div class='ocr_carea' id='block_1_125' title="bbox 1021 1819 1098 1845">
    <p class='ocr_par' dir='ltr' id='par_1_125' title="bbox 1021 1819 1098 1845">
     <span class='ocr_line' id='line_1_130' title="bbox 1021 1819 1098 1845; baseline 0 0"><span class='ocrx_word' id='word_1_732' title='bbox 1021 1819 1098 1845; x_wconf 77' lang='lat' dir='ltr'><strong><em>clusi.</em></strong></span> 
     </span>
    </p>
   </div>
   <div class='ocr_carea' id='block_1_126' title="bbox 1049 1852 1560 1888">
    <p class='ocr_par' dir='ltr' id='par_1_126' title="bbox 1049 1852 1560 1888">
     <span class='ocr_line' id='line_1_131' title="bbox 1049 1852 1560 1888; baseline -0.004 -8"><span class='ocrx_word' id='word_1_733' title='bbox 1049 1854 1084 1880; x_wconf 73' lang='grc'>82</span> <span class='ocrx_word' id='word_1_734' title='bbox 1100 1852 1200 1880; x_wconf 87' lang='lat' dir='ltr'><strong><em>Contra</em></strong></span> <span class='ocrx_word' id='word_1_735' title='bbox 1214 1852 1320 1888; x_wconf 85' lang='lat' dir='ltr'><strong><em>specula</em></strong></span> <span class='ocrx_word' id='word_1_736' title='bbox 1333 1852 1560 1888; x_wconf 81' lang='lat' dir='ltr'><strong><em>androgynorum.</em></strong></span> 
     </span>
    </p>
   </div>
   <div class='ocr_carea' id='block_1_127' title="bbox 1050 1886 1810 1916">
    <p class='ocr_par' dir='ltr' id='par_1_127' title="bbox 1050 1886 1810 1916">
     <span class='ocr_line' id='line_1_132' title="bbox 1050 1886 1810 1916; baseline 0.003 -1"><span class='ocrx_word' id='word_1_737' title='bbox 1050 1888 1085 1915; x_wconf 81' lang='grc'>85</span> <span class='ocrx_word' id='word_1_738' title='bbox 1113 1886 1233 1915; x_wconf 73' lang='lat' dir='ltr'><strong><em>Certatur</em></strong></span> <span class='ocrx_word' id='word_1_739' title='bbox 1267 1886 1446 1915; x_wconf 59' lang='lat' dir='ltr'><strong><em>dissidentes&quot;</em></strong></span> <span class='ocrx_word' id='word_1_740' title='bbox 1462 1889 1561 1915; x_wconf 82' lang='lat' dir='ltr'><strong><em>amicos</em></strong></span> <span class='ocrx_word' id='word_1_741' title='bbox 1583 1886 1610 1913; x_wconf 91' lang='lat' dir='ltr'><strong><em>in</em></strong></span> <span class='ocrx_word' id='word_1_742' title='bbox 1641 1888 1810 1916; x_wconf 87' lang='lat' dir='ltr'><strong><em>concordiam</em></strong></span> 
     </span>
    </p>
   </div>
   <div class='ocr_carea' id='block_1_128' title="bbox 1021 1924 1147 1957">
    <p class='ocr_par' dir='ltr' id='par_1_128' title="bbox 1021 1924 1147 1957">
     <span class='ocr_line' id='line_1_133' title="bbox 1021 1924 1147 1957; baseline 0 -7"><span class='ocrx_word' id='word_1_743' title='bbox 1021 1924 1147 1957; x_wconf 85' lang='lat' dir='ltr'><strong><em>redigere.</em></strong></span> 
     </span>
    </p>
   </div>
   <div class='ocr_carea' id='block_1_129' title="bbox 1054 1957 1810 1987">
    <p class='ocr_par' dir='ltr' id='par_1_129' title="bbox 1054 1957 1810 1987">
     <span class='ocr_line' id='line_1_134' title="bbox 1054 1957 1810 1987; baseline 0.003 -3"><span class='ocrx_word' id='word_1_744' title='bbox 1054 1959 1088 1985; x_wconf 73' lang='grc'>84</span> <span class='ocrx_word' id='word_1_745' title='bbox 1104 1957 1197 1985; x_wconf 83' lang='lat' dir='ltr'><strong><em>Hostes</em></strong></span> <span class='ocrx_word' id='word_1_746' title='bbox 1213 1966 1266 1985; x_wconf 88' lang='lat' dir='ltr'><strong><em>non</em></strong></span> <span class='ocrx_word' id='word_1_747' title='bbox 1275 1962 1338 1985; x_wconf 89' lang='lat' dir='ltr'><strong><em>sunt</em></strong></span> <span class='ocrx_word' id='word_1_748' title='bbox 1355 1959 1525 1987; x_wconf 82' lang='lat' dir='ltr'><strong><em>concludendi</em></strong></span> <span class='ocrx_word' id='word_1_749' title='bbox 1553 1960 1580 1986; x_wconf 88' lang='lat' dir='ltr'><strong><em>in</em></strong></span> <span class='ocrx_word' id='word_1_750' title='bbox 1609 1965 1741 1986; x_wconf 66' lang='lat' dir='ltr'><strong><em>extremas</em></strong></span> <span class='ocrx_word' id='word_1_751' title='bbox 1760 1968 1810 1986; x_wconf 87' lang='lat' dir='ltr'><strong><em>an-</em></strong></span> 
     </span>
    </p>
   </div>
   <div class='ocr_carea' id='block_1_130' title="bbox 1020 1994 1810 2030">
    <p class='ocr_par' dir='ltr' id='par_1_130' title="bbox 1020 1994 1810 2030">
     <span class='ocr_line' id='line_1_135' title="bbox 1020 1994 1810 2030; baseline 0.003 -11"><span class='ocrx_word' id='word_1_752' title='bbox 1020 1994 1122 2030; x_wconf 79' lang='lat' dir='ltr'><strong><em>gustias</em></strong></span> <span class='ocrx_word' id='word_1_753' title='bbox 1138 2001 1170 2020; x_wconf 86' lang='lat' dir='ltr'><strong><em>ne</em></strong></span> <span class='ocrx_word' id='word_1_754' title='bbox 1185 1994 1287 2030; x_wconf 81' lang='lat' dir='ltr'><strong><em>irritati</em></strong></span> <span class='ocrx_word' id='word_1_755' title='bbox 1314 1995 1455 2022; x_wconf 84' lang='lat' dir='ltr'><strong><em>consilium</em></strong></span> <span class='ocrx_word' id='word_1_756' title='bbox 1466 2003 1482 2021; x_wconf 93' lang='lat' dir='ltr'><strong><em>a</em></strong></span> <span class='ocrx_word' id='word_1_757' title='bbox 1499 1995 1650 2022; x_wconf 83' lang='lat' dir='ltr'><strong><em>necessitate</em></strong></span> <span class='ocrx_word' id='word_1_758' title='bbox 1668 2000 1769 2030; x_wconf 80' lang='lat' dir='ltr'><strong><em>petant,</em></strong></span> <span class='ocrx_word' id='word_1_759' title='bbox 1784 2000 1810 2021; x_wconf 87' lang='lat' dir='ltr'><strong><em>et</em></strong></span> 
     </span>
    </p>
   </div>
   <div class='ocr_carea' id='block_1_131' title="bbox 1019 2028 1390 2063">
    <p class='ocr_par' dir='ltr' id='par_1_131' title="bbox 1019 2028 1390 2063">
     <span class='ocr_line' id='line_1_136' title="bbox 1019 2028 1390 2063; baseline 0.003 -8"><span class='ocrx_word' id='word_1_760' title='bbox 1019 2028 1163 2063; x_wconf 86' lang='lat' dir='ltr'><strong><em>plurimum</em></strong></span> <span class='ocrx_word' id='word_1_761' title='bbox 1181 2029 1255 2056; x_wconf 79' lang='lat' dir='ltr'><strong><em>nobis</em></strong></span> <span class='ocrx_word' id='word_1_762' title='bbox 1272 2034 1390 2056; x_wconf 89' lang='lat' dir='ltr'><strong><em>noceant.</em></strong></span> 
     </span>
    </p>
   </div>
   <div class='ocr_carea' id='block_1_132' title="bbox 1047 2063 1813 2100">
    <p class='ocr_par' dir='ltr' id='par_1_132' title="bbox 1047 2063 1813 2100">
     <span class='ocr_line' id='line_1_137' title="bbox 1047 2063 1813 2100; baseline -0.001 -9"><span class='ocrx_word' id='word_1_763' title='bbox 1047 2064 1082 2091; x_wconf 79' lang='lat'><strong><em>85</em></strong></span> <span class='ocrx_word' id='word_1_764' title='bbox 1090 2063 1126 2091; x_wconf 68' lang='lat' dir='ltr'><strong><em>De</em></strong></span> <span class='ocrx_word' id='word_1_765' title='bbox 1148 2063 1263 2100; x_wconf 81' lang='lat' dir='ltr'><strong><em>duorum</em></strong></span> <span class='ocrx_word' id='word_1_766' title='bbox 1277 2065 1432 2100; x_wconf 83' lang='lat' dir='ltr'><strong><em>angelorum</em></strong></span> <span class='ocrx_word' id='word_1_767' title='bbox 1443 2072 1521 2099; x_wconf 80' lang='lat' dir='ltr'><strong><em>super</em></strong></span> <span class='ocrx_word' id='word_1_768' title='bbox 1533 2065 1637 2092; x_wconf 74' lang='lat' dir='ltr'><strong><em>Judteis</em></strong></span> <span class='ocrx_word' id='word_1_769' title='bbox 1646 2073 1678 2092; x_wconf 76' lang='lat' dir='ltr'><strong><em>ea:</em></strong></span> <span class='ocrx_word' id='word_1_770' title='bbox 1694 2063 1813 2099; x_wconf 84' lang='lat' dir='ltr'><strong><em>Babylo-</em></strong></span> 
     </span>
    </p>
   </div>
   <div class='ocr_carea' id='block_1_133' title="bbox 1020 2099 1810 2133">
    <p class='ocr_par' dir='ltr' id='par_1_133' title="bbox 1020 2099 1810 2133">
     <span class='ocr_line' id='line_1_138' title="bbox 1020 2099 1810 2133; baseline 0.001 -8"><span class='ocrx_word' id='word_1_771' title='bbox 1020 2100 1080 2125; x_wconf 82' lang='lat' dir='ltr'><strong><em>nica</em></strong></span> <span class='ocrx_word' id='word_1_772' title='bbox 1092 2099 1240 2133; x_wconf 87' lang='lat' dir='ltr'><strong><em>captivitate</em></strong></span> <span class='ocrx_word' id='word_1_773' title='bbox 1252 2100 1408 2127; x_wconf 81' lang='lat' dir='ltr'><strong><em>reducendis</em></strong></span> <span class='ocrx_word' id='word_1_774' title='bbox 1425 2102 1601 2132; x_wconf 89' lang='lat' dir='ltr'><strong><em>contentione,</em></strong></span> <span class='ocrx_word' id='word_1_775' title='bbox 1619 2102 1645 2127; x_wconf 90' lang='lat' dir='ltr'><strong><em>in</em></strong></span> <span class='ocrx_word' id='word_1_776' title='bbox 1661 2099 1773 2127; x_wconf 78' lang='lat' dir='ltr'><strong><em>historia</em></strong></span> <span class='ocrx_word' id='word_1_777' title='bbox 1783 2105 1810 2126; x_wconf 86' lang='lat' dir='ltr'><strong><em>et</em></strong></span> 
     </span>
    </p>
   </div>
   <div class='ocr_carea' id='block_1_134' title="bbox 1019 2134 1408 2170">
    <p class='ocr_par' dir='ltr' id='par_1_134' title="bbox 1019 2134 1408 2170">
     <span class='ocr_line' id='line_1_139' title="bbox 1019 2134 1408 2170; baseline 0.003 -10"><span class='ocrx_word' id='word_1_778' title='bbox 1019 2135 1117 2161; x_wconf 84' lang='lat' dir='ltr'><strong><em>visione</em></strong></span> <span class='ocrx_word' id='word_1_779' title='bbox 1130 2134 1250 2162; x_wconf 81' lang='lat' dir='ltr'><strong><em>Danielis</em></strong></span> <span class='ocrx_word' id='word_1_780' title='bbox 1265 2135 1408 2170; x_wconf 71' lang='lat' dir='ltr'><strong><em>prophetae.</em></strong></span> 
     </span>
    </p>
   </div>
   <div class='ocr_carea' id='block_1_135' title="bbox 1050 2169 1810 2204">
    <p class='ocr_par' dir='ltr' id='par_1_135' title="bbox 1050 2169 1810 2204">
     <span class='ocr_line' id='line_1_140' title="bbox 1050 2169 1810 2204; baseline 0 -8"><span class='ocrx_word' id='word_1_781' title='bbox 1050 2170 1085 2197; x_wconf 86' lang='lat'><strong><em>86</em></strong></span> <span class='ocrx_word' id='word_1_782' title='bbox 1101 2170 1190 2202; x_wconf 84' lang='lat' dir='ltr'><strong><em>Quare</em></strong></span> <span class='ocrx_word' id='word_1_783' title='bbox 1211 2169 1278 2198; x_wconf 86' lang='lat' dir='ltr'><strong><em>Deus</em></strong></span> <span class='ocrx_word' id='word_1_784' title='bbox 1293 2169 1345 2197; x_wconf 82' lang='lat' dir='ltr'><strong><em>non</em></strong></span> <span class='ocrx_word' id='word_1_785' title='bbox 1365 2171 1455 2198; x_wconf 87' lang='lat' dir='ltr'><strong><em>omnia</em></strong></span> <span class='ocrx_word' id='word_1_786' title='bbox 1479 2176 1588 2204; x_wconf 87' lang='lat' dir='ltr'><strong><em>peccata</em></strong></span> <span class='ocrx_word' id='word_1_787' title='bbox 1613 2171 1706 2198; x_wconf 87' lang='lat' dir='ltr'><strong><em>iisdem</em></strong></span> <span class='ocrx_word' id='word_1_788' title='bbox 1729 2170 1810 2204; x_wconf 69' lang='lat' dir='ltr'><strong><em>pinnis</em></strong></span> 
     </span>
    </p>
   </div>
   <div class='ocr_carea' id='block_1_136' title="bbox 1019 2206 1259 2239">
    <p class='ocr_par' dir='ltr' id='par_1_136' title="bbox 1019 2206 1259 2239">
     <span class='ocr_line' id='line_1_141' title="bbox 1019 2206 1259 2239; baseline 0.004 -7"><span class='ocrx_word' id='word_1_789' title='bbox 1019 2213 1121 2239; x_wconf 84' lang='lat' dir='ltr'><strong><em>semper</em></strong></span> <span class='ocrx_word' id='word_1_790' title='bbox 1134 2206 1259 2239; x_wconf 86' lang='lat' dir='ltr'><strong><em>punierit.</em></strong></span> 
     </span>
    </p>
   </div>
   <div class='ocr_carea' id='block_1_137' title="bbox 1047 2240 1808 2275">
    <p class='ocr_par' dir='ltr' id='par_1_137' title="bbox 1047 2240 1808 2275">
     <span class='ocr_line' id='line_1_142' title="bbox 1047 2240 1808 2275; baseline 0.003 -9"><span class='ocrx_word' id='word_1_791' title='bbox 1047 2241 1081 2267; x_wconf 86' lang='lat'><strong>87</strong></span> <span class='ocrx_word' id='word_1_792' title='bbox 1095 2240 1256 2267; x_wconf 70' lang='lat' dir='ltr'><strong><em>Exhortatio</em></strong></span> <span class='ocrx_word' id='word_1_793' title='bbox 1271 2240 1405 2268; x_wconf 89' lang='lat' dir='ltr'><strong><em>Laconica</em></strong></span> <span class='ocrx_word' id='word_1_794' title='bbox 1432 2241 1466 2267; x_wconf 89' lang='lat' dir='ltr'><strong><em>ad</em></strong></span> <span class='ocrx_word' id='word_1_795' title='bbox 1486 2241 1608 2275; x_wconf 82' lang='lat' dir='ltr'><strong><em>pietatem</em></strong></span> <span class='ocrx_word' id='word_1_796' title='bbox 1623 2246 1647 2267; x_wconf 89' lang='lat' dir='ltr'><strong><em>et</em></strong></span> <span class='ocrx_word' id='word_1_797' title='bbox 1661 2241 1808 2275; x_wconf 81' lang='lat' dir='ltr'><strong><em>justitiam.</em></strong></span> 
     </span>
    </p>
   </div>
   <div class='ocr_carea' id='block_1_138' title="bbox 1047 2275 1811 2311">
    <p class='ocr_par' dir='ltr' id='par_1_138' title="bbox 1047 2275 1811 2311">
     <span class='ocr_line' id='line_1_143' title="bbox 1047 2275 1811 2311; baseline 0 -9"><span class='ocrx_word' id='word_1_798' title='bbox 1047 2275 1082 2302; x_wconf 83' lang='lat'><strong><em>88</em></strong></span> <span class='ocrx_word' id='word_1_799' title='bbox 1095 2276 1149 2302; x_wconf 87' lang='lat' dir='ltr'><strong><em>Cur</em></strong></span> <span class='ocrx_word' id='word_1_800' title='bbox 1166 2275 1288 2303; x_wconf 86' lang='lat' dir='ltr'><strong><em>Christus</em></strong></span> <span class='ocrx_word' id='word_1_801' title='bbox 1305 2277 1422 2303; x_wconf 86' lang='lat' dir='ltr'><strong><em>laudarit</em></strong></span> <span class='ocrx_word' id='word_1_802' title='bbox 1437 2276 1562 2309; x_wconf 79' lang='lat' dir='ltr'><strong><em>[emittant</em></strong></span> <span class='ocrx_word' id='word_1_803' title='bbox 1577 2282 1737 2310; x_wconf 82' lang='lat' dir='ltr'><strong><em>unguentum</em></strong></span> <span class='ocrx_word' id='word_1_804' title='bbox 1752 2285 1811 2311; x_wconf 87' lang='lat' dir='ltr'><strong><em>pre-</em></strong></span> 
     </span>
    </p>
   </div>
   <div class='ocr_carea' id='block_1_139' title="bbox 1022 2310 1811 2347">
    <p class='ocr_par' dir='ltr' id='par_1_139' title="bbox 1022 2310 1811 2347">
     <span class='ocr_line' id='line_1_144' title="bbox 1022 2310 1811 2347; baseline 0.003 -11"><span class='ocrx_word' id='word_1_805' title='bbox 1022 2310 1117 2336; x_wconf 87' lang='lat' dir='ltr'><strong><em>tiosum</em></strong></span> <span class='ocrx_word' id='word_1_806' title='bbox 1132 2311 1319 2345; x_wconf 76' lang='lat' dir='ltr'><strong><em>effundentem,</em></strong></span> <span class='ocrx_word' id='word_1_807' title='bbox 1331 2316 1355 2338; x_wconf 93' lang='lat' dir='ltr'><strong><em>et</em></strong></span> <span class='ocrx_word' id='word_1_808' title='bbox 1375 2312 1405 2338; x_wconf 88' lang='lat' dir='ltr'><strong><em>ob</em></strong></span> <span class='ocrx_word' id='word_1_809' title='bbox 1424 2311 1451 2338; x_wconf 85' lang='lat' dir='ltr'><strong><em>id</em></strong></span> <span class='ocrx_word' id='word_1_810' title='bbox 1470 2311 1501 2338; x_wconf 91' lang='lat' dir='ltr'><strong><em>ab</em></strong></span> <span class='ocrx_word' id='word_1_811' title='bbox 1519 2311 1646 2345; x_wconf 78' lang='lat' dir='ltr'><strong><em>apostolis</em></strong></span> <span class='ocrx_word' id='word_1_812' title='bbox 1672 2310 1811 2347; x_wconf 80' lang='lat' dir='ltr'><strong><em>reprehen-</em></strong></span> 
     </span>
    </p>
   </div>
   <div class='ocr_carea' id='block_1_140' title="bbox 1020 2354 1088 2372">
    <p class='ocr_par' dir='ltr' id='par_1_140' title="bbox 1020 2354 1088 2372">
     <span class='ocr_line' id='line_1_145' title="bbox 1020 2354 1088 2372; baseline 0 0"><span class='ocrx_word' id='word_1_813' title='bbox 1020 2354 1088 2372; x_wconf 82' lang='lat' dir='ltr'><strong><em>sam.</em></strong></span> 
     </span>
    </p>
   </div>
   <div class='ocr_carea' id='block_1_141' title="bbox 1046 2380 1810 2416">
    <p class='ocr_par' dir='ltr' id='par_1_141' title="bbox 1046 2380 1810 2416">
     <span class='ocr_line' id='line_1_146' title="bbox 1046 2380 1810 2416; baseline 0.003 -9"><span class='ocrx_word' id='word_1_814' title='bbox 1046 2380 1080 2408; x_wconf 88' lang='grc'>89</span> <span class='ocrx_word' id='word_1_815' title='bbox 1098 2380 1256 2408; x_wconf 71' lang='lat' dir='ltr'><strong><em>Exhortatio</em></strong></span> <span class='ocrx_word' id='word_1_816' title='bbox 1282 2381 1317 2407; x_wconf 87' lang='lat' dir='ltr'><strong><em>ad</em></strong></span> <span class='ocrx_word' id='word_1_817' title='bbox 1343 2381 1444 2408; x_wconf 77' lang='lat' dir='ltr'><strong><em>cultura</em></strong></span> <span class='ocrx_word' id='word_1_818' title='bbox 1475 2381 1663 2416; x_wconf 87' lang='lat' dir='ltr'><strong><em>capessendum</em></strong></span> <span class='ocrx_word' id='word_1_819' title='bbox 1692 2382 1810 2415; x_wconf 81' lang='lat' dir='ltr'><strong><em>virtutis,</em></strong></span> 
     </span>
    </p>
   </div>
   <div class='ocr_carea' id='block_1_142' title="bbox 1021 2417 1688 2450">
    <p class='ocr_par' dir='ltr' id='par_1_142' title="bbox 1021 2417 1688 2450">
     <span class='ocr_line' id='line_1_147' title="bbox 1021 2417 1688 2450; baseline 0 -8"><span class='ocrx_word' id='word_1_820' title='bbox 1021 2420 1125 2442; x_wconf 84' lang='lat' dir='ltr'><strong><em>ostensa</em></strong></span> <span class='ocrx_word' id='word_1_821' title='bbox 1139 2417 1194 2450; x_wconf 84' lang='lat' dir='ltr'><strong><em>ejus</em></strong></span> <span class='ocrx_word' id='word_1_822' title='bbox 1204 2417 1412 2450; x_wconf 79' lang='lat' dir='ltr'><strong><em>pulchritudine.</em></strong></span> <span class='ocrx_word' id='word_1_823' title='bbox 1426 2425 1483 2450; x_wconf 73' lang='lat' dir='ltr'><strong><em>qua:</em></strong></span> <span class='ocrx_word' id='word_1_824' title='bbox 1495 2417 1574 2443; x_wconf 84' lang='lat' dir='ltr'><strong><em>vincit</em></strong></span> <span class='ocrx_word' id='word_1_825' title='bbox 1588 2418 1688 2443; x_wconf 87' lang='lat' dir='ltr'><strong><em>onntia.</em></strong></span> 
     </span>
    </p>
   </div>
   <div class='ocr_carea' id='block_1_143' title="bbox 1048 2451 1811 2479">
    <p class='ocr_par' dir='ltr' id='par_1_143' title="bbox 1048 2451 1811 2479">
     <span class='ocr_line' id='line_1_148' title="bbox 1048 2451 1811 2479; baseline 0 -1"><span class='ocrx_word' id='word_1_826' title='bbox 1048 2451 1083 2478; x_wconf 84' lang='lat'><strong><em>90</em></strong></span> <span class='ocrx_word' id='word_1_827' title='bbox 1091 2451 1246 2478; x_wconf 81' lang='lat' dir='ltr'><strong><em>Admonitio</em></strong></span> <span class='ocrx_word' id='word_1_828' title='bbox 1258 2452 1289 2478; x_wconf 88' lang='lat' dir='ltr'><strong><em>de</em></strong></span> <span class='ocrx_word' id='word_1_829' title='bbox 1306 2452 1426 2478; x_wconf 87' lang='lat' dir='ltr'><strong><em>cavendis</em></strong></span> <span class='ocrx_word' id='word_1_830' title='bbox 1440 2452 1582 2478; x_wconf 58' lang='lat' dir='ltr'><strong><em>haeresibus</em></strong></span> <span class='ocrx_word' id='word_1_831' title='bbox 1591 2460 1607 2478; x_wconf 90' lang='lat' dir='ltr'><strong><em>a</em></strong></span> <span class='ocrx_word' id='word_1_832' title='bbox 1622 2452 1728 2479; x_wconf 87' lang='lat' dir='ltr'><strong><em>diabolo</em></strong></span> <span class='ocrx_word' id='word_1_833' title='bbox 1742 2453 1811 2479; x_wconf 75' lang='lat' dir='ltr'><strong><em>exci-</em></strong></span> 
     </span>
    </p>
   </div>
   <div class='ocr_carea' id='block_1_144' title="bbox 1022 2486 1540 2522">
    <p class='ocr_par' dir='ltr' id='par_1_144' title="bbox 1022 2486 1540 2522">
     <span class='ocr_line' id='line_1_149' title="bbox 1022 2486 1540 2522; baseline 0 -9"><span class='ocrx_word' id='word_1_834' title='bbox 1022 2487 1084 2522; x_wconf 82' lang='lat' dir='ltr'><strong><em>tatis</em></strong></span> <span class='ocrx_word' id='word_1_835' title='bbox 1097 2486 1123 2522; x_wconf 81' lang='lat' dir='ltr'><strong><em>in</em></strong></span> <span class='ocrx_word' id='word_1_836' title='bbox 1136 2487 1279 2522; x_wconf 80' lang='lat' dir='ltr'><strong><em>perniciem</em></strong></span> <span class='ocrx_word' id='word_1_837' title='bbox 1291 2487 1395 2513; x_wconf 70' lang='lat' dir='ltr'><strong><em>invicta:</em></strong></span> <span class='ocrx_word' id='word_1_838' title='bbox 1411 2488 1540 2514; x_wconf 85' lang='lat' dir='ltr'><strong><em>veritatis.</em></strong></span> 
     </span>
    </p>
   </div>
   <div class='ocr_carea' id='block_1_145' title="bbox 1053 2521 1640 2556">
    <p class='ocr_par' dir='ltr' id='par_1_145' title="bbox 1053 2521 1640 2556">
     <span class='ocr_line' id='line_1_150' title="bbox 1053 2521 1640 2556; baseline 0 -8"><span class='ocrx_word' id='word_1_839' title='bbox 1053 2521 1084 2548; x_wconf 75' lang='lat'><strong><em>91</em></strong></span> <span class='ocrx_word' id='word_1_840' title='bbox 1100 2521 1137 2548; x_wconf 85' lang='lat' dir='ltr'><strong><em>De</em></strong></span> <span class='ocrx_word' id='word_1_841' title='bbox 1152 2522 1300 2556; x_wconf 87' lang='lat' dir='ltr'><strong><em>Areopago,</em></strong></span> <span class='ocrx_word' id='word_1_842' title='bbox 1310 2522 1380 2548; x_wconf 84' lang='lat' dir='ltr'><strong><em>unde</em></strong></span> <span class='ocrx_word' id='word_1_843' title='bbox 1394 2530 1487 2548; x_wconf 88' lang='lat' dir='ltr'><strong><em>nomen</em></strong></span> <span class='ocrx_word' id='word_1_844' title='bbox 1502 2522 1640 2556; x_wconf 71' lang='lat' dir='ltr'><strong><em>acceperit.</em></strong></span> 
     </span>
    </p>
   </div>
   <div class='ocr_carea' id='block_1_146' title="bbox 1051 2556 1811 2590">
    <p class='ocr_par' dir='ltr' id='par_1_146' title="bbox 1051 2556 1811 2590">
     <span class='ocr_line' id='line_1_151' title="bbox 1051 2556 1811 2590; baseline -0.001 -7"><span class='ocrx_word' id='word_1_845' title='bbox 1051 2556 1086 2583; x_wconf 70' lang='lat'><strong><em>99.</em></strong></span> <span class='ocrx_word' id='word_1_846' title='bbox 1103 2556 1175 2584; x_wconf 80' lang='lat' dir='ltr'><strong><em>Mars</em></strong></span> <span class='ocrx_word' id='word_1_847' title='bbox 1187 2557 1392 2590; x_wconf 78' lang='lat' dir='ltr'><strong><em>obinterfectum</em></strong></span> <span class='ocrx_word' id='word_1_848' title='bbox 1408 2557 1620 2584; x_wconf 83' lang='lat' dir='ltr'><strong><em>Halirrltotht‘um</em></strong></span> <span class='ocrx_word' id='word_1_849' title='bbox 1634 2560 1811 2590; x_wconf 82' lang='lat' dir='ltr'><strong><em>stupratorem</em></strong></span> 
     </span>
    </p>
   </div>
   <div class='ocr_carea' id='block_1_147' title="bbox 1021 2591 1812 2627">
    <p class='ocr_par' dir='ltr' id='par_1_147' title="bbox 1021 2591 1812 2627">
     <span class='ocr_line' id='line_1_152' title="bbox 1021 2591 1812 2627; baseline 0 -10"><span class='ocrx_word' id='word_1_850' title='bbox 1021 2592 1086 2626; x_wconf 78' lang='lat' dir='ltr'><strong><em>filiae</em></strong></span> <span class='ocrx_word' id='word_1_851' title='bbox 1099 2592 1232 2626; x_wconf 83' lang='lat' dir='ltr'><strong><em>Alcippes.</em></strong></span> <span class='ocrx_word' id='word_1_852' title='bbox 1247 2601 1327 2627; x_wconf 86' lang='lat' dir='ltr'><strong><em>quam</em></strong></span> <span class='ocrx_word' id='word_1_853' title='bbox 1351 2599 1382 2618; x_wconf 76' lang='lat' dir='ltr'><strong><em>ett:</em></strong></span> <span class='ocrx_word' id='word_1_854' title='bbox 1402 2593 1520 2627; x_wconf 84' lang='lat' dir='ltr'><strong><em>Agraula</em></strong></span> <span class='ocrx_word' id='word_1_855' title='bbox 1542 2592 1664 2627; x_wconf 66' lang='lat' dir='ltr'><strong><em>Cecropis</em></strong></span> <span class='ocrx_word' id='word_1_856' title='bbox 1687 2591 1744 2627; x_wconf 81' lang='lat' dir='ltr'><strong><em>ﬁlia</em></strong></span> <span class='ocrx_word' id='word_1_857' title='bbox 1765 2599 1812 2627; x_wconf 87' lang='lat' dir='ltr'><strong><em>per</em></strong></span> 
     </span>
    </p>
   </div>
   <div class='ocr_carea' id='block_1_148' title="bbox 1022 2625 1812 2661">
    <p class='ocr_par' dir='ltr' id='par_1_148' title="bbox 1022 2625 1812 2661">
     <span class='ocr_line' id='line_1_153' title="bbox 1022 2625 1812 2661; baseline 0 -8"><span class='ocrx_word' id='word_1_858' title='bbox 1022 2625 1074 2653; x_wconf 77' lang='lat' dir='ltr'><strong><em>vim</em></strong></span> <span class='ocrx_word' id='word_1_859' title='bbox 1098 2625 1257 2660; x_wconf 74' lang='lat' dir='ltr'><strong><em>compressa</em></strong></span> <span class='ocrx_word' id='word_1_860' title='bbox 1275 2625 1465 2661; x_wconf 71' lang='lat' dir='ltr'><strong><em>susceperat,a</em></strong></span> <span class='ocrx_word' id='word_1_861' title='bbox 1488 2627 1609 2661; x_wconf 78' lang='lat' dir='ltr'><strong><em>Neptuno</em></strong></span> <span class='ocrx_word' id='word_1_862' title='bbox 1631 2625 1812 2653; x_wconf 84' lang='lat' dir='ltr'><strong><em>llatirrhothii</em></strong></span> 
     </span>
    </p>
   </div>
   <div class='ocr_carea' id='block_1_149' title="bbox 1022 2660 1810 2697">
    <p class='ocr_par' dir='ltr' id='par_1_149' title="bbox 1022 2660 1810 2697">
     <span class='ocr_line' id='line_1_154' title="bbox 1022 2660 1810 2697; baseline 0 -10"><span class='ocrx_word' id='word_1_863' title='bbox 1022 2661 1078 2696; x_wconf 86' lang='lat' dir='ltr'><strong><em>filio</em></strong></span> <span class='ocrx_word' id='word_1_864' title='bbox 1089 2663 1184 2697; x_wconf 88' lang='lat' dir='ltr'><strong><em>capitis</em></strong></span> <span class='ocrx_word' id='word_1_865' title='bbox 1205 2660 1355 2693; x_wconf 80' lang='lat' dir='ltr'><strong><em>accusatus,</em></strong></span> <span class='ocrx_word' id='word_1_866' title='bbox 1369 2661 1400 2688; x_wconf 92' lang='lat' dir='ltr'><strong><em>ab</em></strong></span> <span class='ocrx_word' id='word_1_867' title='bbox 1426 2660 1607 2697; x_wconf 23' lang='lat' dir='ltr'><strong><em>Areopagitis»</em></strong></span> <span class='ocrx_word' id='word_1_868' title='bbox 1622 2660 1810 2697; x_wconf 77' lang='lat' dir='ltr'><strong><em>condemnatus</em></strong></span> 
     </span>
    </p>
   </div>
   <div class='ocr_carea' id='block_1_150' title="bbox 1021 2695 1811 2733">
    <p class='ocr_par' dir='ltr' id='par_1_150' title="bbox 1021 2695 1811 2733">
     <span class='ocr_line' id='line_1_155' title="bbox 1021 2695 1811 2733; baseline -0.003 -9"><span class='ocrx_word' id='word_1_869' title='bbox 1021 2695 1070 2724; x_wconf 82' lang='lat' dir='ltr'><strong><em>est.</em></strong></span> <span class='ocrx_word' id='word_1_870' title='bbox 1090 2695 1208 2733; x_wconf 62' lang='lat' dir='ltr'><strong><em>indeque</em></strong></span> <span class='ocrx_word' id='word_1_871' title='bbox 1228 2698 1336 2733; x_wconf 76' lang='grc' dir='ltr'><strong><em>’Ἄρειος</em></strong></span> <span class='ocrx_word' id='word_1_872' title='bbox 1351 2697 1437 2733; x_wconf 69' lang='grc' dir='ltr'><strong>πάγρς</strong></span> <span class='ocrx_word' id='word_1_873' title='bbox 1445 2695 1521 2732; x_wconf 81' lang='lat' dir='ltr'><strong><em>quasi</em></strong></span> <span class='ocrx_word' id='word_1_874' title='bbox 1532 2695 1628 2733; x_wconf 52' lang='lat' dir='ltr'><strong><em>Martis</em></strong></span> <span class='ocrx_word' id='word_1_875' title='bbox 1641 2695 1716 2733; x_wconf 72' lang='lat' dir='ltr'><strong><em>vicus</em></strong></span> <span class='ocrx_word' id='word_1_876' title='bbox 1725 2695 1811 2733; x_wconf 83' lang='lat' dir='ltr'><strong><em>dictus</em></strong></span> 
     </span>
    </p>
   </div>
   <div class='ocr_carea' id='block_1_151' title="bbox 1022 2729 1811 2766">
    <p class='ocr_par' dir='ltr' id='par_1_151' title="bbox 1022 2729 1811 2766">
     <span class='ocr_line' id='line_1_156' title="bbox 1022 2729 1811 2766; baseline -0.003 -8"><span class='ocrx_word' id='word_1_877' title='bbox 1022 2737 1060 2758; x_wconf 83' lang='lat' dir='ltr'><strong><em>est</em></strong></span> <span class='ocrx_word' id='word_1_878' title='bbox 1083 2729 1170 2766; x_wconf 52' lang='lat' dir='ltr'><strong><em>Conff</em></strong></span> <span class='ocrx_word' id='word_1_879' title='bbox 1180 2729 1347 2759; x_wconf 79' lang='lat' dir='ltr'><strong><em>Pausaniam</em></strong></span> <span class='ocrx_word' id='word_1_880' title='bbox 1362 2732 1389 2758; x_wconf 89' lang='lat' dir='ltr'><strong><em>in</em></strong></span> <span class='ocrx_word' id='word_1_881' title='bbox 1397 2729 1510 2764; x_wconf 50' lang='lat' dir='ltr'><strong><em>&#39;Att&#39;icis,</em></strong></span> <span class='ocrx_word' id='word_1_882' title='bbox 1522 2736 1545 2757; x_wconf 92' lang='lat' dir='ltr'><strong><em>et</em></strong></span> <span class='ocrx_word' id='word_1_883' title='bbox 1560 2730 1672 2758; x_wconf 84' lang='lat' dir='ltr'><strong><em>Suidam</em></strong></span> <span class='ocrx_word' id='word_1_884' title='bbox 1687 2729 1714 2755; x_wconf 88' lang='lat' dir='ltr'><strong><em>in</em></strong></span> <span class='ocrx_word' id='word_1_885' title='bbox 1736 2731 1811 2758; x_wconf 85' lang='lat' dir='ltr'><strong><em>verbo</em></strong></span> 
     </span>
    </p>
   </div>
   <div class='ocr_carea' id='block_1_152' title="bbox 1024 2768 1246 2802">
    <p class='ocr_par' dir='ltr' id='par_1_152' title="bbox 1024 2768 1246 2802">
     <span class='ocr_line' id='line_1_157' title="bbox 1024 2768 1246 2802; baseline 0 -8"><span class='ocrx_word' id='word_1_886' title='bbox 1024 2768 1134 2802; x_wconf 78' lang='grc' dir='ltr'><strong><em>Ἄρειος</em></strong></span> <span class='ocrx_word' id='word_1_887' title='bbox 1149 2768 1246 2801; x_wconf 78' lang='grc' dir='ltr'><strong><em>πάγος.</em></strong></span> 
     </span>
    </p>
   </div>
   <div class='ocr_carea' id='block_1_153' title="bbox 1058 2799 1812 2837">
    <p class='ocr_par' dir='ltr' id='par_1_153' title="bbox 1058 2799 1812 2837">
     <span class='ocr_line' id='line_1_158' title="bbox 1058 2799 1812 2837; baseline -0.004 -8"><span class='ocrx_word' id='word_1_888' title='bbox 1058 2799 1093 2829; x_wconf 78' lang='lat'><strong><em>95</em></strong></span> <span class='ocrx_word' id='word_1_889' title='bbox 1109 2799 1208 2829; x_wconf 84' lang='lat' dir='ltr'><strong><em>Contra</em></strong></span> <span class='ocrx_word' id='word_1_890' title='bbox 1223 2803 1341 2829; x_wconf 85' lang='lat' dir='ltr'><strong><em>curiosas</em></strong></span> <span class='ocrx_word' id='word_1_891' title='bbox 1356 2802 1512 2837; x_wconf 74' lang='lat' dir='ltr'><strong><em>quaestiones</em></strong></span> <span class='ocrx_word' id='word_1_892' title='bbox 1521 2799 1639 2837; x_wconf 54' lang='lat' dir='ltr'><strong><em>derebus</em></strong></span> <span class='ocrx_word' id='word_1_893' title='bbox 1649 2806 1754 2836; x_wconf 83' lang='lat' dir='ltr'><strong><em>captum</em></strong></span> <span class='ocrx_word' id='word_1_894' title='bbox 1764 2800 1812 2827; x_wconf 86' lang='lat' dir='ltr'><strong><em>ltu-</em></strong></span> 
     </span>
    </p>
   </div>
   <div class='ocr_carea' id='block_1_154' title="bbox 1023 2835 1810 2871">
    <p class='ocr_par' dir='ltr' id='par_1_154' title="bbox 1023 2835 1810 2871">
     <span class='ocr_line' id='line_1_159' title="bbox 1023 2835 1810 2871; baseline -0.003 -7"><span class='ocrx_word' id='word_1_895' title='bbox 1023 2845 1132 2865; x_wconf 86' lang='lat' dir='ltr'><strong><em>manum</em></strong></span> <span class='ocrx_word' id='word_1_896' title='bbox 1159 2835 1366 2871; x_wconf 49' lang='lat' dir='ltr'><strong><em>superantibusf</em></strong></span> <span class='ocrx_word' id='word_1_897' title='bbox 1377 2837 1476 2870; x_wconf 88' lang='lat' dir='ltr'><strong><em>Confer</em></strong></span> <span class='ocrx_word' id='word_1_898' title='bbox 1491 2844 1532 2870; x_wconf 82' lang='lat' dir='ltr'><strong><em>ep.</em></strong></span> <span class='ocrx_word' id='word_1_899' title='bbox 1549 2835 1611 2871; x_wconf 68' lang='grc' dir='ltr'><strong><em>ΨΟ,</em></strong></span> <span class='ocrx_word' id='word_1_900' title='bbox 1627 2837 1690 2871; x_wconf 89' lang='lat' dir='ltr'><strong><em>infr.</em></strong></span> <span class='ocrx_word' id='word_1_901' title='bbox 1706 2857 1713 2868; x_wconf 93' lang='lat'><strong><em>,</em></strong></span> <span class='ocrx_word' id='word_1_902' title='bbox 1729 2842 1752 2863; x_wconf 79' lang='lat' dir='ltr'><strong><em>et</em></strong></span> <span class='ocrx_word' id='word_1_903' title='bbox 1769 2844 1810 2870; x_wconf 82' lang='lat' dir='ltr'><strong><em>ep.</em></strong></span> 
     </span>
    </p>
   </div>
   <div class='ocr_carea' id='block_1_155' title="bbox 1022 2868 1812 2906">
    <p class='ocr_par' dir='ltr' id='par_1_155' title="bbox 1022 2868 1812 2906">
     <span class='ocr_line' id='line_1_160' title="bbox 1022 2868 1812 2906; baseline -0.001 -7"><span class='ocrx_word' id='word_1_904' title='bbox 1022 2873 1076 2899; x_wconf 73' lang='lat'><strong><em>273</em></strong></span> <span class='ocrx_word' id='word_1_905' title='bbox 1090 2873 1149 2899; x_wconf 90' lang='lat' dir='ltr'><strong><em>eod.</em></strong></span> <span class='ocrx_word' id='word_1_906' title='bbox 1167 2868 1212 2899; x_wconf 83' lang='lat' dir='ltr'><strong><em>lib.</em></strong></span> <span class='ocrx_word' id='word_1_907' title='bbox 1230 2881 1260 2905; x_wconf 84' lang='grc' dir='ltr'>η,</span> <span class='ocrx_word' id='word_1_908' title='bbox 1273 2877 1298 2899; x_wconf 88' lang='lat' dir='ltr'><strong><em>et</em></strong></span> <span class='ocrx_word' id='word_1_909' title='bbox 1311 2879 1351 2906; x_wconf 85' lang='lat' dir='ltr'><strong><em>ep.</em></strong></span> <span class='ocrx_word' id='word_1_910' title='bbox 1376 2872 1409 2899; x_wconf 75' lang='lat'><strong><em>37</em></strong></span> <span class='ocrx_word' id='word_1_911' title='bbox 1432 2868 1479 2898; x_wconf 85' lang='lat' dir='ltr'><strong><em>lib.</em></strong></span> <span class='ocrx_word' id='word_1_912' title='bbox 1496 2868 1535 2898; x_wconf 81' lang='lat' dir='ltr'><strong><em>tu.</em></strong></span> <span class='ocrx_word' id='word_1_913' title='bbox 1554 2868 1661 2898; x_wconf 72' lang='lat' dir='ltr'><strong><em>Sim/es</em></strong></span> <span class='ocrx_word' id='word_1_914' title='bbox 1676 2868 1812 2900; x_wconf 59' lang='lat' dir='ltr'><strong><em>sentcntia</em></strong></span> 
     </span>
    </p>
   </div>
   <div class='ocr_carea' id='block_1_156' title="bbox 1024 2907 1347 2944">
    <p class='ocr_par' dir='ltr' id='par_1_156' title="bbox 1024 2907 1347 2944">
     <span class='ocr_line' id='line_1_161' title="bbox 1024 2907 1347 2944; baseline -0.009 -9"><span class='ocrx_word' id='word_1_915' title='bbox 1024 2913 1084 2935; x_wconf 85' lang='lat' dir='ltr'><strong><em>sunt</em></strong></span> <span class='ocrx_word' id='word_1_916' title='bbox 1100 2907 1170 2944; x_wconf 86' lang='lat' dir='ltr'><strong><em>apud</em></strong></span> <span class='ocrx_word' id='word_1_917' title='bbox 1189 2907 1347 2935; x_wconf 72' lang='lat' dir='ltr'><strong><em>Sir-acidem.</em></strong></span> 
     </span>
    </p>
   </div>
  </div>
