2044 3173
157 195 204 229 137

194 249 247 277 158
261 248 417 275 Admonitio
431 249 464 276 de
480 249 569 284 lingua
585 247 753 282 refrenanda,
776 256 854 282 quam
873 253 947 282 negat

160 286 214 321 ﬁgi
228 285 302 321 fato.
318 283 445 321 iTempus
468 283 535 321 rota;
557 283 653 321 simile,
680 288 704 309 et
726 291 810 321 auitas
834 291 946 310 coronas.

163 317 242 353 Conf.
257 328 299 352 ep.
315 320 327 345 1
346 317 400 344 lib.
413 327 449 348 tv.
463 319 509 345 ubi
522 319 569 344 hoc
581 317 662 344 latius
671 317 828 351 ea'plicntur.

202 352 252 381 159
267 354 440 381 Collaudatio
455 353 568 379 hominis
583 354 616 378 ad
634 357 703 378 recta
717 352 805 378 studia
822 353 948 379 conversi.

197 390 250 416 160
266 388 368 415 Contra
386 396 430 415 eos
450 389 496 421 qui
517 388 566 414 Dei
582 387 690 414 lenitate
705 391 728 413 et
745 387 883 414 clementia
905 387 952 413 ab—

164 429 286 457 utuntur,
302 429 330 450 ut
346 423 408 450 inde
424 431 475 449 non
490 423 617 453 meliores.
635 422 679 448 sed
698 423 789 456 seipsis
810 422 950 449 deteriores

183 464 239 485 ant.

165 460 248 521 ﬁniti-1
267 492 386 519 Athletas
404 491 549 518 Christiani
563 492 653 518 debent
671 491 771 517 imitari
786 492 813 518 in
828 491 951 518 certami-

163 529 239 555 nibus
268 528 318 553 rite
340 526 480 554 adeundis.
506 527 602 560 Confer
628 527 770 561 Augustin.
804 525 843 553 De
864 533 951 560 agone

162 563 265 590 Christi
285 569 344 596 cap.
361 562 388 588 6.

196 598 250 624 162
266 594 355 623 Etiam
378 596 410 623 de
434 596 514 623 malis
540 596 719 622 sacerdotibus
746 603 795 622 tton
815 600 854 622 est
882 594 951 621 male

162 633 332 667 loquendum.

198 668 251 694 165
267 665 418 692 Admonitio
453 666 485 692 de
514 666 664 692 adversario
695 665 722 691 in
739 665 949 699 reprehensione,

160 702 281 736 quamvis
296 700 452 735 promerita,
470 701 603 736 moderate
620 699 772 736 tractando.

199 736 251 762 164
267 734 414 762 Hominum
435 735 557 762 socordia
582 735 612 769 ﬁt
634 739 663 760 ut
682 734 815 765 diabolus,
833 735 950 769 quamvis

161 772 245 798 rictus
273 775 352 804 atque
378 775 529 801 prostratus
555 778 570 796 a
593 769 710 801 Christo,
738 775 824 795 tamen
852 770 949 795 multos

161 807 287 832 mortales
299 807 395 834 vincat.
410 813 547 839 secumque
564 805 590 830 in
606 805 704 830 exitum
719 804 866 839 pertrahat.
882 804 951 830 Con-

161 841 201 874 fer
220 841 359 874 epistolam
374 840 426 867 228
447 838 509 866 libs
528 847 569 871 ιιι,
593 843 617 866 et
646 839 787 873 Augustin.
813 838 848 865 De
870 843 948 873 temp.

161 883 241 902 scrm.
260 875 322 902 157.

197 910 251 936 165
272 910 309 936 De
325 910 384 936 ritte
399 909 523 935 humana:
540 908 657 935 vanitate
671 912 695 934 et
712 908 837 933 miseriis.

199 945 252 971 1υ6
270 946 325 971 Cur
354 943 476 971 Christus
502 943 693 977 reprehenderit
723 943 863 974 mulieres,
893 951 951 976 qua:

162 981 248 1013 ipsum
275 978 500 1005 commiseratione
512 971 740 1013 prosequebantur
763 985 822 1013 cum
837 971 870 1003 ad
889 971 951 1004 cru-

161 1022 216 1040 cem
228 1015 446 1048 proﬁcisceretur.
464 1013 560 1047 Confer
575 1013 651 1046 epist.
667 1012 719 1038 ‘285
736 1012 761 1038 lt.
779 1012 825 1038 lib.
843 1020 871 1039 ιι.

198 1049 250 1075 167
266 1047 362 1080 Quales
376 1056 521 1078 sermones,
536 1047 599 1073 tales
617 1055 710 1073 mores.

197 1084 248 1111 168
265 1083 451 1117 Paupertatem
463 1091 515 1109 non
523 1090 577 1109 esse
591 1084 757 1116 probrosam.
767 1080 862 1115 Confer
870 1080 950 1108 Joan.

162 1118 334 1146 Stobaaum...
426 1127 428 1129 ·
675 1140 677 1142 .
693 1117 696 1119 ’

199 1154 250 1180 169
267 1154 429 1181 Coronarum
452 1152 645 1178 mundanorum
669 1156 694 1178 ct
720 1151 864 1178 caelestium
878 1152 952 1187 longe

162 1189 256 1221 dispar
268 1193 306 1214 est
326 1189 404 1214 ratio.

203 1223 256 1249 170
273 1223 425 1251 Cohortatio
445 1222 481 1248 ad
496 1222 714 1257 persevcrantiam
730 1222 758 1247 in
775 1222 851 1248 bono.

201 1258 247 1284 171
267 1258 417 1292 Increpatio
429 1258 625 1291 flagitiosorum
646 1256 792 1289 horninur»,
812 1261 836 1282 et
851 1256 884 1282 ad
901 1265 953 1282 tne—

164 1294 257 1319 liorem
273 1294 370 1327 frugem
385 1293 527 1319 revocatio.

204 1328 254 1358 172
269 1325 343 1355 Calir
357 1328 384 1354 in
400 1328 486 1353 sacris
500 1326 608 1353 Litteris
621 1334 688 1357 stcpe
705 1325 836 1360 signiﬁcat
850 1334 952 1359 poenam

165 1364 260 1397 cuique
279 1363 370 1389 delicto
391 1368 604 1395 attemperatant.
624 1360 719 1395 Confer
732 1360 802 1397 cp._6
816 1360 863 1386 lib.
879 1369 897 1387 ι.

201 1394 253 1424 175
269 1397 389 1424 Christus
406 1405 489 1431 quare
504 1396 602 1430 ﬂeverit
619 1404 677 1422 cum
692 1401 758 1422 esset
769 1394 909 1431 μαῖαι-μνη
926 1396 953 1422 in

163 1433 243 1458 citant
265 1437 444 1462 revecttturas,
458 1440 531 1466 quem
554 1435 639 1457 tamen
659 1438 709 1456 non
726 1430 863 1464 deﬂeverat
880 1438 952 1457 mor-

163 1474 248 1493 “tum.

201 1503 253 1529 17b
271 1502 324 1534 Qui
343 1502 391 1537 ﬁat
414 1502 494 1536 quod,
509 1510 567 1534 cum
581 1509 670 1527 omnes
688 1500 796 1537 probent
818 1501 952 1537 virtutem.

162 1542 186 1563 ct
208 1535 354 1571 improbent
381 1535 485 1568 vitium,
519 1538 599 1563 etiam
628 1535 751 1569 improbi,
777 1540 863 1562 tamen
893 1536 953 1561 huic

162 1572 206 1605 plu
212 1581 251 1598 res
266 1573 317 1598 sint
332 1573 422 1598 dediti.

198 1608 250 1634 175
268 1606 394 1638 Exempla
410 1613 434 1633 et
457 1606 643 1633 similitudines
663 1610 791 1639 quatenus
805 1606 857 1632 sint
873 1605 951 1631 intel-

163 1642 287 1675 ligendw,
315 1643 353 1668 vel
379 1642 560 1675 rcpadiandw.
581 1641 679 1676 Confer
698 1642 775 1674 epist.
794 1641 842 1667 107
860 1645 883 1667 et
899 1641 950 1667 '267

162 1677 211 1702 lib.
228 1685 268 1703 ιιι.

200 1712 251 1737 176
266 1711 375 1738 Musica:
385 1712 421 1738 vis
436 1717 514 1746 atque
524 1712 646 1745 efﬁcacia
659 1711 684 1737 in
698 1711 793 1737 animis
805 1710 949 1737 hominum.

269 1746 407 1786 lirpoﬂsitio
423 1746 613 1786 lat-inpanielis
629 1747 721 1786 prop/1.
733 1754 791 1786 cap.
809 1753 844 1786 ty.

203 1781 254 1807 178
272 1781 448 1815 Confirmatio
465 1781 507 1807 Pii
523 1782 636 1816 episcopi
650 1782 676 1807 in
695 1789 743 1807 suo
763 1780 885 1807 instituto
901 1780 951 1806 im-

165 1816 259 1849 probos
275 1817 432 1850 corrigendi.

204 1851 255 1877 179
271 1851 309 1878 De
320 1848 525 1881 calamitatibus.
545 1859 602 1885 quw
615 1857 791 1884 stepenumero
810 1850 891 1876 etiam
905 1848 951 1874 bo-

167 1886 207 1911 nis
223 1888 286 1912 ciris
305 1887 442 1917 accedunt,
459 1886 526 1920 quod
548 1894 598 1911 non
617 1887 727 1912 debeant
741 1885 825 1917 accipi
844 1891 891 1920 pro
906 1892 951 1920 ar—

167 1921 298 1955 gumentis
329 1919 478 1953 scelerum,
498 1920 543 1947 sed
568 1928 615 1953 pro
640 1920 820 1954 exploratione
834 1919 950 1945 virtutis.

166 1956 265 1988 Confer
281 1955 327 1982 lib.
345 1965 351 1982 ι
367 1965 407 1990 ep.
423 1956 484 1988 555,
497 1961 521 1982 et
536 1955 589 1982 205
604 1955 649 1981 lib.
669 1962 709 1981 ιιι.

204 1989 256 2016 1δο
271 1991 312 2017 Sit
325 1991 378 2017 vita
395 1991 529 2018 sermonis
541 1998 632 2017 comes
645 1990 708 2016 boni
724 1989 818 2024 proba.

203 2025 249 2051 181
271 2025 427 2060 Objurgatio
443 2026 510 2060 ejus,
531 2026 575 2060 qui
590 2023 749 2052 monitorum
773 2025 910 2050 immemor
924 2023 952 2049 in

167 2060 267 2086 amicos
282 2061 395 2093 injurias
409 2061 508 2094 fuerat.

203 2094 256 2121 182
269 2094 350 2121 Elicit
365 2096 553 2129 confessionem
566 2095 700 2129 di/famati
715 2095 746 2121 de
759 2094 879 2129 ﬂagitiis.

201 2130 254 2156 185
267 2130 305 2156 De
331 2131 427 2157 virtute
448 2131 520 2164 loqui
545 2130 624 2164 facile
645 2135 701 2161 est;
721 2135 747 2156 at
767 2130 849 2156 vivere
871 2133 950 2160 recte,

167 2166 214 2190 hoc
227 2173 305 2198 opus,
319 2165 361 2191 hic
375 2166 450 2191 labor
461 2170 510 2192 est.

203 2200 256 2227 181
271 2199 484 2234 Haudquaquam
515 2204 557 2227 est
588 2199 691 2227 homini
715 2200 801 2226 virtus
824 2198 953 2228 mercede.

168 2235 294 2261 colenda.
312 2235 440 2262 Mercedis
456 2235 513 2262 sola
528 2239 569 2262 est
582 2243 644 2261 nam
659 2235 725 2262 satis
741 2236 799 2270 ipsa
815 2234 877 2261 sibi.

204 2270 257 2296 1δὸ
272 2269 428 2304 Objurgatio
446 2270 559 2305 improbi
570 2270 724 2296 sacerdotis.

205 2305 257 2331 186
273 2305 354 2337 Deus,
368 2306 488 2340 quamvis
513 2304 779 2340 incomprehensibilis
790 2304 845 2340 rsit,
865 2308 953 2331 tamen

169 2347 195 2365 ιη
207 2345 291 2375 mente
307 2339 381 2366 casta
397 2346 420 2366 et
436 2348 503 2375 pura
519 2340 605 2366 sedem
618 2339 709 2366 habere
724 2339 830 2375 gaudet.

167 2409 184 2434 ά
204 2375 254 2401 187
271 2374 424 2402 Remedium
444 2375 559 2402 vulneris
580 2375 612 2401 ab
633 2374 735 2401 auxilio
756 2374 844 2401 divitia
864 2379 953 2408 peten-

186 2417 228 2434 lUll
246 2414 295 2434 est.

186 2417 228 2435 am
246 2414 295 2435 est.

205 2445 255 2471 188
270 2445 407 2476 Quantum
425 2445 495 2471 inter
517 2444 584 2479 leges
606 2444 709 2471 divinas
728 2448 752 2471 et
767 2443 896 2471 humanas
912 2444 953 2470 in-

169 2480 252 2506 tersit.

206 2515 257 2541 189
274 2514 427 2540 Remedium
441 2519 534 2541 contra
549 2514 628 2541 iram.

205 2550 256 2576 190
274 2549 422 2584 Castigatio
434 2550 518 2575 animi
531 2549 594 2575 elati
607 2550 633 2575 in
648 2548 722 2576 rebus
737 2549 865 2575 secundis.

207 2585 253 2609 1M
273 2584 372 2611 Contra
385 2584 544 2618 superbiam.

204 2619 253 2645 192
270 2618 308 2646 De
322 2620 446 2653 mysterio
459 2619 656 2645 lncarnationis
674 2617 740 2645 Filii
756 2618 814 2644 Dei.

207 2634 253 2645 Ισά
270 2634 308 2646 υσ
323 2634 413 2653 Πιθῠιῦι
421 2634 446 2645 HJ
459 2634 656 2645 ιηυιιιιιαιιυηιο
674 2634 739 2645 ιἰιη
756 2634 814 2644 "SI.
950 2634 957 2640 '

205 2654 256 2680 195
271 2654 455 2688 Tarpitudinis
475 2654 745 2688 suspicio,judicatio
766 2659 790 2680 et
813 2653 955 2686 deprehen-

171 2689 208 2714 sio
220 2689 305 2723 qualis
318 2690 363 2715 sit.

206 2724 256 2751 101
271 2724 451 2757 lngratissinti
465 2728 525 2750 sunt
537 2725 653 2751 omnium
668 2724 831 2753 mortalium,
843 2723 887 2757 qui
901 2723 955 2749 cri-

170 2759 304 2785 minantur
318 2767 361 2785 eos
373 2759 467 2793 quibus
481 2760 592 2793 gratiam
607 2758 701 2793 habere
716 2757 891 2793 conveniebat.

203 2793 254 2820 195
272 2794 362 2828 Neque
377 2792 467 2819 omnia
482 2802 561 2828 neque
575 2793 648 2819 nulla
673 2792 772 2820 Veteris
795 2792 956 2819 Testamenti

169 2827 240 2863 dicta
257 2829 289 2855 de
311 2827 420 2855 Christo
446 2828 562 2863 occipere
591 2833 703 2863 oportet.
721 2828 818 2862 Confer
841 2836 881 2862 ep.
903 2827 956 2854 '55!)

170 2862 218 2892 lib.
228 2871 256 2889 In
269 2868 293 2889 et
307 2863 355 2890 lib.
371 2871 410 2890 tv.

207 2897 257 2925 196
274 2897 469 2925 Testamentum
500 2898 527 2924 in
560 2898 642 2924 sacris
671 2897 784 2925 'Littcris
824 2898 955 2933 signiﬁcat

328 2945 462 2975 ΡΑτιιοι,.
485 2945 541 2974 GR.
566 2944 692 2973 LXXVII
701 2946 720 2973 l.

723 193 1003 224 PROLEGOMENA
1024 194 1122 223 EDIT.
1143 180 1270 223 mnis]

1735 196 1785 229 138

1002 253 1110 288 pactum
1122 249 1173 274 sive
1190 249 1405 288 promissionem,
1421 255 1449 288 ft
1465 258 1556 284 quare,
1578 259 1631 278 sive
1650 252 1682 279 de
1706 253 1785 288 diffa-

1003 283 1090 319 rcntia
1102 283 1172 319 inter
1188 283 1323 319 συνθήκας
1338 289 1361 309 et
1375 283 1514 319 διαθήκας.

1039 318 1090 344 197
1107 317 1314 351 Dejudiciorum
1329 317 1496 351 perversitate
1510 324 1533 347 et
1550 322 1683 348 socordia.

1105 352 1218 390 licgnum
1234 352 1332 390 Christi
1352 354 1436 379 simile
1451 363 1532 388 grano
1545 356 1656 390 sinapis.

1036 387 1086 414 199
1102 386 1276 426 Commutatio
1293 395 1439 426 poenarum,
1451 386 1512 423 quin
1532 386 1650 424 improbo
1665 392 1785 426 episcopo

1003 422 1179 461 itttyretttleattt.
1203 422 1324 456 indignos
1341 423 1376 448 ad
1398 431 1502 449 sacrum
1527 422 1702 453 ministerium
1725 422 1787 461 pro-

1003 457 1123 482 moventi.

1037 492 1089 531 200
1104 490 1204 530 impius
1216 493 1338 531 sacerdos
1350 500 1401 518 non
1416 498 1473 531 tam
1484 494 1631 531 sacerdotio
1646 504 1693 522 suo
1702 505 1785 531 quam

1002 526 1050 565 sibi
1069 527 1119 560 ipsi
1142 531 1225 552 nocet.
1248 527 1304 565 Nec
1327 534 1430 565 propter
1451 529 1517 565 vitia
1540 526 1714 565 personarum
1730 532 1785 565 ipse

1003 561 1065 586 ordo
1082 569 1126 587 seu
1146 569 1239 587 tutatus
1261 563 1286 588 in
1311 563 1408 588 crimen
1428 564 1517 589 vocari
1540 561 1627 591 debet.
1654 561 1786 594 Sacerdo—

1003 597 1065 621 tium
1081 597 1163 634 magis
1183 603 1220 622 est
1243 597 1398 632 λειτουργία
1414 606 1492 632 quam
1513 597 1592 632 ἀξία,
1613 600 1697 634 magis
1719 608 1785 627 onus

1001 639 1078 664 quam
1092 631 1181 657 honos.

1036 665 1083 702 201
1110 665 1197 702 Virtus
1218 671 1255 702 est
1278 667 1364 693 instar
1390 667 1574 701 fundamenti;
1595 668 1681 702 logica
1703 677 1784 696 orna-

1002 701 1081 737 menti
1097 701 1260 737 philosophia
1284 710 1328 727 seu
1350 711 1436 728 rerum
1454 701 1638 737 contemplatio
1653 704 1785 730 coronidis

1002 735 1058 760 loco
1078 741 1105 773 et,
1121 736 1222 773 fastigii
1243 737 1355 763 accedit.
1377 737 1441 764 Sola
1466 735 1560 764 autem
1575 739 1658 772 pietas
1681 740 1786 773 proprie

1001 775 1037 795 est
1049 771 1179 803 sapientia
1193 779 1263 797 nera.

1036 804 1089 842 202
1107 804 1187 842 Venia
1208 809 1246 831 est
1266 811 1454 841 peccatorum,-
1479 807 1538 833 laus
1560 811 1584 833 et
1606 807 1692 842 gloria
1717 812 1786 835 recte

1002 839 1080 873 factis
1094 839 1211 866 debetur.
1283 844 1286 846 '

1038 874 1091 900 205
1106 874 1255 907 Increpatio
1280 874 1394 910 hominis
1425 876 1555 910 improbi,
1584 877 1787 905 comminatione

1004 908 1086 945 divini
1098 909 1205 945 judicii,
1222 910 1290 945 quod
1307 909 1384 945 Plato
1401 908 1502 945 quoque
1516 912 1634 945 agnovit.

1108 943 1419 980 Curjucundalibentius
1433 943 1511 980 quam
1524 943 1617 973 idonea
1630 947 1784 974 audiantur.

1104 978 1260 1016 Objurgatio
1280 979 1391 1016 improbi
1408 978 1550 1016 ac'perditi
1569 982 1724 1015 sacerdotis,
1742 982 1787 1016 qui

1003 1013 1103 1040 nullout
1115 1021 1169 1039 saw
1182 1014 1318 1047 dignitatis
1335 1015 1463 1041 rationem
1478 1015 1564 1042 habet.

1037 1047 1089 1074 206
1107 1047 1202 1074 Rerum
1216 1048 1454 1081 pulcherrimarum
1466 1049 1597 1077 laudatio.

1035 1082 1086 1109 207
1100 1082 1282 1116 Justusjadex
1299 1084 1357 1116 quis
1372 1084 1414 1111 sit.
1610 1094 1612 1096 ν

1036 1118 1088 1144 208
1101 1117 1199 1144 Contra
1210 1117 1361 1154 sacerdotes
1380 1119 1424 1153 qui
1446 1120 1525 1146 aliter
1537 1120 1626 1146 vivunt
1641 1128 1721 1154 quam
1737 1121 1786 1147 do-

1003 1159 1071 1184 cent,
1088 1156 1194 1187 quanta:
1206 1152 1265 1178 illos
1283 1160 1364 1186 pceuw
1379 1159 1512 1181 maneant.
1647 1152 1651 1154 ’
1753 1168 1755 1170 ν

1038 1187 1095 1225 209>
1109 1187 1243 1225 Quantum
1257 1196 1273 1213 a
1290 1188 1391 1214 vitiosis
1405 1189 1583 1216 sacerdotibus
1602 1189 1667 1216 mali
1686 1190 1787 1225 impor-

1003 1227 1072 1248 tetur
1087 1223 1113 1248 in
1127 1223 1205 1248 vitam
1219 1221 1371 1249 humanam.

1038 1256 1091 1283 210
1109 1256 1226 1283 Modeste
1251 1263 1354 1295 recusat
1368 1258 1473 1295 nimias
1498 1259 1605 1293 laudes,
1634 1268 1699 1295 qua}
1714 1260 1787 1286 oneri

1002 1300 1058 1318 esse
1069 1296 1255 1318 consueverunt
1271 1292 1396 1320 laudatis.

1033 1327 1082 1363 211
1105 1327 1199 1363 Dioiaa
1221 1328 1344 1360 mysteria
1364 1335 1422 1353 cum
1438 1328 1555 1363 indignis
1570 1336 1621 1355 non
1633 1333 1695 1355 sunt
1714 1338 1786 1356 cont-

1004 1362 1173 1387 municanda.

1032 1396 1091 1422 212
1109 1396 1146 1422 [)e
1167 1401 1279 1429 tempore
1301 1397 1501 1424 resurrectionis
1524 1397 1626 1425 Christi
1652 1398 1786 1426 triduano.

1004 1431 1100 1464 Confer
1114 1439 1154 1463 ep.
1172 1430 1220 1456 111
1233 1431 1277 1457 lib.
1294 1440 1314 1458 1.

1038 1466 1089 1492 215
1105 1464 1194 1492 Falste
1206 1471 1282 1500 atqtte
1296 1466 1381 1492 inanis
1395 1467 1531 1501 sapientiae
1552 1467 1714 1493 ethnicorum
1728 1475 1788 1493 cum

1004 1508 1063 1536 cera
1077 1509 1107 1526 ac
1114 1500 1231 1536 simplici
1245 1501 1456 1528 Christianorum
1472 1503 1643 1536 comparatio.

1040 1535 1091 1562 211
1109 1534 1279 1570 Eleentosgna
1292 1536 1423 1570 quomodo
1441 1534 1540 1563 danda.

1106 1570 1217 1606 Gravius
1239 1576 1344 1603 peccat,
1370 1572 1415 1606 qui
1443 1571 1656 1604 persuasionibus
1686 1571 1789 1597 inducit

1006 1605 1119 1638 puellam
1136 1605 1203 1641 utin
1217 1611 1337 1639 stuprum
1355 1605 1510 1639 consentiat,
1526 1615 1603 1640 quam
1619 1608 1663 1641 qui
1686 1608 1710 1633 vi
1730 1614 1788 1633 eam

1001 1640 1191 1674 compresserit.

1035 1675 1088 1701 216
1103 1674 1182 1700 Deum
1203 1675 1304 1708 politici
1328 1675 1429 1702 ordinis
1453 1676 1478 1702 in
1497 1684 1588 1710 genere
1607 1676 1721 1701 humano
1738 1683 1788 1701 att-

1002 1714 1098 1735 ctorem
1116 1717 1180 1741 esse,
1197 1710 1300 1735 tametsi
1312 1718 1497 1745 nonnunquam
1512 1711 1595 1738 malos
1615 1711 1788 1744 magistratus

1004 1753 1055 1770 non
1072 1749 1124 1770 tam
1140 1745 1240 1771 ordinet
1259 1753 1336 1778 quam
1353 1748 1497 1779 permittat.

1037 1779 1088 1805 217
1102 1780 1253 1805 Admonitio
1271 1780 1302 1805 de
1324 1780 1431 1806 vitanda
1456 1780 1588 1814 injustitia
1614 1783 1682 1807 metu
1699 1787 1781 1813 patria:

1002 1814 1127 1841 divinitus
1142 1814 1302 1848 infligeudw.

1035 1850 1088 1875 218
1106 1848 1202 1875 Omnia
1222 1849 1288 1874 bona
1309 1850 1403 1876 divinte
1422 1850 1516 1884 gratire
1537 1850 1691 1878 ascribenda
1717 1856 1787 1877 sunt.

1038 1884 1090 1910 219
1106 1883 1259 1909 Admonitio
1275 1884 1306 1910 de
1319 1893 1370 1910 non
1385 1883 1542 1911 ulciscendis
1556 1886 1673 1918 injuriis,
1684 1886 1789 1913 etiamsi

1003 1918 1118 1952 facultas
1144 1918 1214 1944 adsit
1234 1919 1395 1946 riudicandi.
1418 1919 1515 1953 Confer
1530 1921 1604 1953 epist.
1625 1920 1651 1946 11
1668 1921 1714 1947 lib.
1732 1928 1751 1953 ι,
1765 1925 1789 1947 et

1002 1961 1042 1987 cp.
1060 1953 1074 1979 7
1088 1953 1135 1980 lib.
1154 1961 1195 1979 ιιι.

1037 1989 1090 2014 220
1106 1987 1147 2014 E1:
1181 1986 1316 2021 laudibus,
1345 1996 1402 2024 quw
1419 1989 1482 2016 viris
1506 1990 1579 2016 bonis
1603 1989 1787 2021 ascribuntttr,

1004 2024 1099 2057 triplex
1117 2024 1170 2057 fere
1185 2023 1288 2050 utilitas
1305 2025 1399 2050 oritur.

1038 2058 1086 2094 221
1109 2059 1146 2084 Ue
1166 2059 1332 2091 improbitate
1356 2058 1463 2086 Eusebii
1491 2068 1537 2094 per
1559 2060 1727 2092 antiphrasin
1750 2060 1788 2087 sic

1003 2093 1139 2129 appellati,
1156 2093 1289 2128 quodnon
1305 2100 1429 2128 perpetuo
1444 2093 1548 2129 impune
1561 2096 1583 2121 ei
1600 2096 1633 2121 sit
1648 2095 1750 2129 futura.

1018 2128 1090 2168 _2L’2
1112 2128 1269 2168 Qcidenitas
1291 2130 1325 2155 ad
1344 2131 1522 2163 pamitentiam
1540 2135 1564 2156 et
1583 2132 1643 2157 vita:
1666 2130 1789 2156 emenda-

1004 2164 1097 2189 tionem
1115 2164 1218 2189 invitat.

1037 2198 1090 2224 225
1105 2197 1282 2235 Exaggeratio
1303 2199 1493 2233 suppliciorum
1511 2200 1539 2226 in
1557 2204 1672 2227 extremo
1684 2198 1788 2235 judicio

1003 2233 1204 2272 irrogandorum
1231 2243 1247 2260 a
1276 2234 1446 2262 multitudine
1476 2241 1653 2269 spectatorum
1677 2233 1701 2261 et
1724 2242 1787 2260 cott-

1003 2276 1126 2295 sctorum.
1296 2291 1299 2295 .

1039 2302 1092 2329 224
1108 2303 1145 2330 De
1164 2304 1264 2330 invidia
1280 2305 1377 2331 riribus
1397 2305 1538 2336 prudenter
1552 2305 1699 2332 toleranda.

1038 2337 1091 2365 225
1108 2339 1160 2365 Deo
1175 2341 1261 2365 omnis
1281 2345 1349 2366 recte
1369 2340 1498 2373 factorum
1514 2340 1572 2367 laus
1590 2341 1788 2367 transcribenda

1004 2377 1053 2404 est,
1067 2382 1112 2399 nec
1127 2374 1239 2408 propriis
1248 2375 1345 2401 viribus
1366 2375 1559 2408 conﬁdendum.

1041 2408 1093 2445 226
1109 2409 1146 2445 Ab
1162 2410 1287 2442 improbis
1302 2410 1445 2444 vituperari
1460 2415 1484 2437 et
1499 2412 1620 2445 infestari
1635 2418 1734 2440 certum
1750 2417 1788 2441 est

1005 2443 1145 2477 probitatis
1157 2450 1350 2478 argumentum.

1111 2478 1245 2516 .Vit'tutera
1257 2480 1382 2507 honorari
1393 2481 1518 2508 [celantur
1528 2483 1612 2516 probi.

1041 2513 1094 2554 228
1105 2513 1204 2554 Contra
1219 2514 1416 2548 divinationem,
1432 2525 1491 2550 quw
1507 2513 1602 2552 magno
1617 2518 1687 2552 apud
1701 2518 1789 2544 ethni-

1006 2557 1049 2587 c_os
1062 2550 1090 2587 in
1101 2550 1183 2587 pretio
1197 2554 1265 2587 erat,
1286 2558 1344 2576 cum
1366 2556 1452 2587 tamen
1469 2558 1534 2578 esset
1553 2550 1783 2587 plena—nugarum.

1008 2582 1195 2619 Testimonium
1211 2584 1241 2610 ab
1255 2585 1328 2611 hoste
1343 2586 1486 2619 plurimam
1501 2582 1577 2613 habet
1589 2582 1767 2614 auctoritatis.

1113 2618 1238 2645 Veritatis
1249 2618 1366 2646 desertor
1380 2621 1478 2647 malum
1495 2622 1559 2655 facit
1570 2624 1680 2649 exitum.

1107 2654 1256 2690 increpatio
1273 2656 1407 2682 hominum
1424 2653 1623 2690 Epicureorum.

1107 2688 1275 2726 Colluudatio
1292 2690 1404 2717 hominis
1418 2688 1514 2717 virtute
1525 2693 1643 2726 prwditi.

1061 2723 1094 2760 Et?
1107 2724 1143 2750 De
1157 2733 1215 2751 cera
1227 2725 1339 2760 ﬁctaque
1350 2725 1487 2752 modestia.
1515 2728 1521 2732 '

1111 2760 1238 2787 Avaritia:
1262 2758 1410 2793 descriptio,
1433 2765 1558 2795 tanquam
1585 2759 1745 2795 insatiabilis
1763 2766 1787 2786 et

1007 2793 1182 2820 crudelissimi
1197 2795 1336 2829 cujusdam
1354 2795 1474 2827 monstri,
1485 2793 1527 2822 'vel
1540 2794 1641 2829 hydra’,
1655 2794 1694 2821 vel
1709 2794 1790 2821 Bria—

1007 2829 1055 2864 rei,
1081 2829 1123 2864 vel,
1137 2829 1244 2864 Scylla‘.

1036 2863 1094 2890 ’251
1110 2863 1209 2890 Contra
1234 2873 1288 2900 eos,
1308 2865 1352 2900 qui
1376 2864 1552 2892 sacerdotium
1576 2865 1602 2891 in
1626 2864 1790 2899 tyrannidem

1008 2904 1168 2925 εοηῑθρνηιηι.

1595 2947 1614 2977 5
