2044 3173
236 160 286 192 217

234 216 368 243 Lucianus
394 215 421 242 in
436 214 586 248 deﬁnitione
614 211 680 240 artis
706 212 779 246 ponit
808 213 877 248 πρός
897 221 925 239 τι
945 212 1021 244 τέλος

234 250 301 286 ιῦχρ
322 258 383 276 πον
395 249 450 277 τῶν
463 247 491 276 ἐν
507 247 546 283 τῷ
562 247 588 283 β(
615 269 620 274 .

271 259 323 309 Ηζᾍ
336 284 369 309 Et
381 292 420 309 res
432 291 511 309 supra
523 256 620 309 mundun

271 282 323 313 186
336 284 369 311 Et
381 292 420 311 res
432 291 511 317 supra
523 282 649 309 mundum
667 282 764 316 positas
774 283 861 310 animo
876 283 988 318 agitare,
996 287 1021 310 et

234 326 320 347 tamen
337 319 451 345 nonulla
469 326 570 352 sapere,
591 318 636 345 sed
657 318 801 345 ltumilibus
821 326 867 345 nos
880 326 1023 345 accommo-

233 356 297 381 dare
312 358 334 379 et
344 361 481 388 possumus
495 358 519 379 et
535 353 673 388 debemus.
684 353 783 388 Confer
801 362 840 387 ep.
853 353 905 380 276
920 353 947 380 It.
962 353 1021 385 lib.,

233 394 259 416 et
272 388 409 420 Augustin.
421 387 461 415 De
476 391 554 421 temp.
569 396 647 415 serm.
665 387 726 414 175.

268 423 319 449 187
329 421 482 456 Di/Ierenlia
491 423 558 449 inter
566 423 693 458 φρόνημα
700 428 722 450 et
732 422 871 457 φρόνησιν.
878 426 902 449 et
913 422 947 449 ad
956 423 1022 449 hanc

235 457 432 489 ax/IOt‘lllliO,ab
447 458 492 484 illo
506 457 666 486 delto'rtatio.

274 491 326 518 188
341 491 374 518 Ut
389 493 526 519 humilitas
543 493 630 519 animo
649 500 744 527 magno
757 497 835 526 alque
851 491 966 524 excelso,
983 491 1022 519 sic

235 528 358 562 superbia
373 535 388 553 a
404 535 485 561 parvo
502 528 652 562 abjecloque
662 529 755 553 oritur.

281 561 314 588 89
331 561 418 589 Mores
432 562 548 589 docentis
561 563 674 588 orationi
696 566 756 589 sunt
780 562 925 589 astruendi.
943 561 1020 595 Conf.

236 605 280 632 sp.
292 597 344 624 512
364 601 388 624 et
403 605 445 631 ep.
462 597 513 624 158
527 603 549 623 et
565 597 616 624 517
635 597 713 631 hujus
729 596 772 623 lib.
791 604 830 624 ιιι.
944 595 950 601 “

266 632 317 659 190
333 632 420 692 .1’Iores
428 632 527 667 placidi
556 640 680 667 magnum
691 635 715 658 et
728 635 890 659 constantem
906 632 1022 658 animum

266 675 340 692 ’ΠΙΗΙη
354 687 360 692 .

237 675 360 694 arannnt.

267 676 268 679 ‘
288 675 360 693 ltilnI.

267 675 314 729 1191
334 702 485 736 Disputatio
500 707 592 737 contra
607 702 717 737 fatalem
738 709 825 729 rerum
847 701 964 737 omnium
977 708 1021 727 ne-

237 738 392 768 cessitatem,
402 743 425 764 et
435 745 546 772 geneses.
560 736 635 764 Unde
646 738 753 772 exsistat
767 736 1011 772 lantrajudicio‘rum

237 771 350 806 varietas
361 770 443 806 atque
458 773 624 806 perversitas.
641 771 738 806 Confer
749 779 789 805 ep.
804 771 856 797 «155
867 777 891 798 et
908 770 960 798 154
973 771 997 796 Ιι.
1012 789 1020 802 ,

237 811 261 832 et
273 805 426 833 Nemesium
440 805 477 835 De
495 812 590 834 natura
614 805 739 833 hominis.
976 811 982 816 '

275 841 326 869 192
341 840 476 869 Revocatio
494 850 509 868 a
525 842 630 868 luzuria
646 846 671 867 et
685 841 747 876 gula
760 842 794 867 ad
810 840 1021 875 temperantiam,

237 876 376 912 proprgitis
392 878 535 912 utriusque
544 876 671 912 fructibus
687 884 718 902 ac
729 876 855 909 prwmiis.

275 910 325 938 195
342 911 378 937 De
391 910 489 939 vitiosis
511 910 637 938 Ecclesite
652 911 773 938 membris
788 915 833 937 aut
849 910 1021 945 corrigendis,

239 949 285 981 aut
298 946 481 981 pragidendis,
499 954 530 973 ne
541 954 603 981 pars
619 946 721 981 sincera
735 945 865 981 trahatur.

275 979 327 1007 191
342 979 423 1015 Iiegni
437 986 460 1008 et
477 979 624 1015 tyrannidis
638 980 788 1015 discrimen.
802 979 900 1014 Confer
915 980 993 1014 epist.

273 1015 325 1042 195
340 1014 543 1049 Ραίάοῢαριῖιηιί
570 1015 608 1042 vis
630 1019 654 1041 et
685 1014 821 1048 efﬁcacia.
844 1023 895 1042 non
921 1019 1022 1041 tantum

240 1051 266 1076 in
282 1049 408 1085 abolendo
422 1057 526 1085 peccato
539 1050 658 1084 originis,
672 1050 716 1076 sed
731 1050 810 1076 etiam
824 1049 851 1076 in
863 1049 1022 1084 conferenda

238 1084 378 1115 multiplici
389 1086 486 1116 gratia.

276 1118 327 1146 196
344 1119 392 1146 Dei
409 1119 517 1147 lenitate
537 1127 588 1146 non
607 1119 777 1146 abutendum.
795 1119 893 1154 Confer
904 1127 945 1153 ep.
967 1119 1024 1147 290

239 1154 259 1181 t.
275 1161 295 1186 ι,
310 1158 334 1180 et
350 1153 403 1180 222
418 1155 465 1181 lib.
480 1163 508 1182 tt.

276 1189 326 1216 197
343 1189 380 1215 De
393 1189 448 1216 viro
463 1189 540 1222 bono,
561 1188 637 1222 cujus
661 1188 695 1215 ad
719 1188 840 1216 uirtutem
862 1189 972 1222 impetus
991 1189 1023 1216 ab

239 1223 364 1250 imnrol-is
382 1225 542 1250 relurdatur.

284 1232 364 1250 11³01⁵18
382 1232 542 1251 returnatur.

277 1233 364 1256 prorss
382 1233 542 1251 retaraatur.

275 1258 326 1294 198
340 1257 409 1294 Dicti
426 1258 506 1286 Isaias
528 1267 584 1294 cap.
603 1266 624 1290 ι,
649 1257 691 1294 18,
706 1266 772 1294 nova
784 1259 922 1293 expositio.

276 1293 328 1320 199
346 1293 382 1320 De
392 1293 551 1321 continentia
559 1292 701 1321 servanda.
719 1292 816 1328 Confer
827 1302 868 1328 ep.
883 1293 918 1321 89
935 1293 953 1321 Ι.
968 1301 988 1326 ι,
999 1297 1025 1320 et

239 1337 279 1363 ep.
297 1328 350 1355 278
368 1328 387 1355 Ι.
401 1336 433 1360 ιι,
448 1334 471 1356 et
483 1336 522 1362 ep.
539 1329 573 1356 65
589 1328 615 1355 h.
632 1328 652 1354 Ι.
668 1335 709 1355 ιιι.

241 1363 328 1425 “suo
342 1363 380 1390 De
392 1363 552 1390 moderando
578 1363 668 1390 dolore
687 1371 766 1397 super
789 1364 904 1406 aliorum
926 1363 1025 1399 impro-

258 1406 265 1425 ι
279 1407 294 1424 a
308 1406 342 1425 e.,

258 1403 342 1425 itala,
790 1403 791 1406 ‘

277 1433 327 1460 201
347 1433 400 1461 Cur
417 1441 469 1460 non
484 1441 573 1469 omnes
586 1433 699 1467 improbi
716 1434 759 1461 hic
772 1442 860 1469 plenas
872 1434 933 1461 dent
945 1433 1025 1461 scele-

240 1476 309 1508 rum.
329 1476 409 1502 neque
425 1476 512 1495 omnes
526 1467 592 1510 liqui
604 1467 890 1510 ttﬂligantur.'Similia
905 1470 946 1510 his
961 1477 1024 1510 ξαε-

240 1504 288 1529 sim
304 1508 443 1530 occurrunt
461 1503 531 1536 apud
549 1503 774 1538 Chrysoslomum.
802 1503 834 1530 Et
854 1505 881 1530 in
902 1504 947 1530 lib.
963 1503 1025 1530 Sal-

241 1538 313 1564 uiani
329 1537 365 1564 De
377 1538 521 1572 gubernat.
538 1537 595 1565 Dei.
611 1537 708 1572 Confer
721 1540 801 1566 etiam
816 1547 856 1572 ep.
872 1538 925 1566 205
942 1539 1022 1565 h.lib.

274 1572 329 1609 202
341 1572 416 1609 Quid
433 1573 466 1609 sit
490 1572 694 1609 apud_Isaiam.
718 1574 790 1609 loqui
808 1573 847 1609 uad
869 1582 932 1606 cor;
959 1581 1024 1600 nova

241 1608 378 1643 sspositip.
395 1606 492 1641 Confer
504 1615 544 1642 ep.
563 1607 575 1634 1
595 1608 613 1635 ι.
630 1616 661 1639 ιι,
676 1613 699 1635 et
710 1606 756 1643 ep.’
767 1608 819 1636 258
832 1609 859 1635 Ιι.
871 1609 918 1635 lib.

277 1642 330 1669 205
346 1641 384 1669 De
399 1643 480 1676 plenis
497 1647 663 1676 peccatorum
688 1641 786 1670 in'bac
807 1642 846 1670 vel
868 1643 951 1670 altera
972 1643 1026 1670 vita

242 1677 412 1704 sustinendis.
946 1683 952 1690 “

278 1711 332 1739 201
346 1711 472 1748 gaudere
484 1717 694 1748 parceroporlet,
709 1718 736 1740 et
752 1713 852 1741 sensim
866 1714 950 1748 qumri
965 1722 971 1740 :

349 1746 444 1782 Ictum
463 1746 526 1781 quia
547 1746 629 1774 vitum
647 1749 740 1774 miscet
756 1748 831 1775 dolor
848 1746 1025 1782 et'gaudium.

277 1781 331 1817 205
343 1780 404 1817 Non
417 1780 524 1810 eventis.
539 1782 584 1808 sed
597 1783 712 1809 consiliis
726 1791 765 1809 res
778 1780 1028 1817 qurrquermetienda

242 1816 407 1858 ostiingoufer
419 1824 460 1850 ep.
546 1817 564 1843 ι.
582 1821 694 1858 μειερ..
709 1816 814 1845 179111).
831 1816 862 1844 ιι.

277 1851 330 1879 206
346 1850 462 1886 Regnum
474 1851 523 1878 Dei
533 1860 567 1878 an
583 1851 652 1878 idem
666 1850 699 1879 sit
716 1860 774 1879 cum
793 1859 872 1886 regno
890 1852 1027 1884 caelorum,

243 1887 271 1926 in
284 1886 369 1926 medio
386 1885 507 1926 relinquit
525 1890 626 1926 auctor.
640 1886 706 1926 βιῳ.
723 1892 807 1914 tamen
821 1886 867 1913 lib.
890 1894 897 1914 ι
911 1895 951 1921 ep.
966 1887 1027 1919 129,

243 1922 271 1949 id
282 1921 348 1948 dixit
379 1920 527 1956 μοναχικὴν
544 1920 691 1948 πολιτείαν.

279 1963 330 1991 207
343 1964 464 1991 Αῑιενηω
479 1963 612 2000 felicitatis
628 1964 737 2000 dulcedo
754 1964 832 1998 facile
849 1972 936 2000 omnes
949 1965 1029 2000 hujus

245 2000 305 2035 uiti?
315 2006 450 2035 (erumnas
463 2004 539 2035 atque
553 1998 686 2025 molestias
705 1999 840 2034 abstergit.
863 1999 960 2034 Confer
977 1998 1029 2035 Cy-

245 2006 305 2027 ame
315 2006 447 2025 (erumnas
463 2006 487 2025 at
508 2006 539 2025 ue
553 2007 567 2024 n

244 2034 367 2068 prianum
383 2041 423 2066 ep.
436 2033 453 2060 6
468 2006 514 2060 lib.
531 2041 567 2060 tv.

280 2068 333 2104 208
349 2067 499 2104 Remedium
520 2068 836 2104 aduersusjracundiam.
866 2068 962 2104 Confer
987 2077 1027 2102 ep.

245 2103 298 2164 {1:9
307 2101 409 2164 ‘qltn239
429 2102 476 2130 lib.
500 2110 530 2130 tt.
552 2102 619 2130 Item
642 2102 753 2138 Gregor.
778 2103 869 2138 Magn.
900 2101 975 2139 epist.
996 2105 1028 2132 5i

257 2147 263 2164 Ι
285 2156 292 2164 ι
357 2158 365 2164 .

256 2145 292 2165 ιο.
307 2145 365 2165 νιιι.

280 2173 334 2200 209
345 2172 480 2200 Decrescit
487 2172 583 2208 pietas,
594 2173 787 2208 quantumipsa
795 2174 907 2208 pecunia
916 2174 1030 2202 crescit:

245 2207 339 2242 Circus
348 2214 424 2242 ιιγιιιοι·
431 2207 533 2234 nummi
543 2216 551 2240 ;
564 2215 624 2234 nam
634 2207 734 2235 Christi
743 2209 889 2242 exstinguit
897 2217 1027 2236 amorem.

282 2241 335 2269 210
352 2241 491 2268 Revocalio
507 2251 522 2268 a
536 2243 590 2269 vita
605 2242 746 2269 libidinosa
758 2241 844 2278 atque,
853 2244 968 2276 impura.
983 2243 1030 2270 De-

247 2276 357 2312 ploratag
378 2277 571 2312 desperataque
595 2277 717 2312 sanitatis
743 2276 848 2311 wqrotis
871 2279 958 2304 omnia
971 2286 1030 2312 quia

247 2311 442 2346 concupiscunt,
458 2312 572 2346 permitti
584 2312 676 2338 solent.
696 2311 792 2346 Confer
807 2321 848 2346 ep.
862 2313 915 2340 258
931 2313 957 2339 h.
973 2311 992 2340 Ζ.

281 2346 332 2373 211
357 2345 437 2378 Vitia,
453 2354 503 2373 non
515 2346 632 2373 homines
647 2347 732 2374 odisse
752 2345 864 2379 oportet.

281 2380 335 2417 212
349 2379 434 2414 Opum
459 2386 483 2408 et
507 2381 620 2417 imperii
632 2382 763 2416 cupiditas
785 2386 821 2408 est
838 2382 897 2417 fons
914 2383 1030 2409 omnium

248 2416 369 2452 vitiorum
383 2421 408 2442 et
424 2416 505 2442 animi
520 2416 757 2452 perturbationum,
770 2417 865 2452 quibus
885 2418 912 2444 in
928 2418 1031 2452 princi-

247 2451 290 2484 pio
308 2452 426 2478 resistere
440 2451 590 2478 consultiss.
605 2456 654 2478 est.

283 2485 337 2521 215
356 2486 503 2512 Luxuriam
519 2486 602 2512 animi
624 2487 704 2513 rebus
718 2486 876 2521 plerumque
892 2487 1029 2515 secundis.

283 2520 336 2548 2M
356 2521 403 2547 Dei
418 2526 540 2547 naturam
554 2529 619 2551 esse.
639 2529 671 2548 ea:
687 2522 806 2554 operibus
821 2520 877 2555 ejus
893 2522 1030 2556 cognosci-

249 2562 324 2591 mus;
342 2560 370 2581 at
391 2563 442 2581 non
462 2556 541 2591 etiam
555 2556 617 2590 quid
640 2557 674 2583 sit
690 2557 864 2591 pervestigare
881 2564 1031 2591 possumus.

249 2590 346 2623 Confer
361 2598 402 2622 ep.
419 2598 478 2623 pen.
492 2590 540 2618 lib.
557 2589 576 2617 ιι
593 2595 617 2617 et
629 2599 669 2624 ep.
684 2589 738 2618 252
751 2591 778 2617 Ιι.
791 2591 837 2618 tib.

285 2625 338 2651 215
352 2624 448 2653 Contra
466 2633 519 2656 eos.
534 2625 578 2659 qui
597 2626 700 2651 veritati
719 2626 750 2651 de
773 2626 904 2652 industria
926 2625 1033 2652 nebulas

250 2659 399 2693 o/I‘undunt,
418 2660 486 2693 quod
504 2660 652 2686 miseriores
670 2660 722 2686 sint
734 2661 766 2686 iis
783 2661 826 2694 qui
839 2661 971 2687 veritatem
982 2668 1033 2686 non

250 2701 434 2728 assequuntur,
455 2695 486 2720 ob
503 2694 600 2728 ingenii
615 2694 807 2720 hebetudtnem.

286 2729 339 2756 216
356 2729 392 2756 De
415 2729 531 2755 muneris
549 2729 720 2755 sacerdotalis
737 2737 839 2756 summa
865 2729 1032 2764 difficultate.

251 2762 286 2791 Et
299 2772 377 2798 quam
397 2765 474 2797 pauci
488 2765 611 2799 sintveri
632 2766 788 2790 sacerdotes.
810 2762 910 2798 Confer
925 2773 966 2799 ep.
984 2765 1034 2791 101

251 2799 296 2825 Lib.
306 2797 332 2830 ⁷ι,
342 2803 366 2824 et
379 2799 423 2825 lib.
436 2805 462 2824 tv
475 2807 515 2832 ep.
528 2797 592 2824 220.

286 2833 339 2860 217
358 2832 460 2868 Divitiae
475 2837 535 2860 sunt
552 2832 588 2868 ad
600 2832 679 2868 legem
697 2838 798 2860 naturlu
812 2834 953 2867 composita
967 2842 1032 2868 pau-

255 2872 348 2896 κῆαι.
364 2867 459 2900 Confer
480 2875 519 2900 cp.
541 2866 591 2894 106
604 2866 649 2892 lib.
667 2874 695 2893 ιι.

798 156 1078 188 PROLEGOMENA
1098 157 1198 189 EDIT.
1218 158 1340 189 PARIS.

1812 159 1862 191 118

1111 213 1164 241 218
1177 214 1334 248 Objurgatio
1351 211 1464 239 hominis
1481 212 1650 243 voluptuarii.

1107 249 1160 277 219
1183 247 1221 276 De
1236 247 1330 283 poenis.
1345 255 1404 283 qute
1425 252 1480 274 tum
1497 248 1525 274 in
1539 248 1642 281 familia
1667 247 1785 283 Dauidis.
1805 253 1862 283 tun:

1071 284 1098 313 in
1113 285 1208 317 populo
1228 281 1357 318 grassatte
1375 287 1446 310 sunt.
1465 282 1562 318 anfer
1575 290 1617 315 ep.
1633 283 1667 310 59
1685 282 1704 310 ι.
1722 288 1785 318 ιλιι
1803 281 1862 318 Εκ-

1071 318 1168 352 logium
1190 319 1260 351 apud
1285 318 1408 345 Pbotium
1432 318 1460 344 in
1486 317 1614 344 Bibliotlt.
1634 326 1694 352 pag.
1708 317 1772 344 162.
1795 317 1862 349 Qum

1071 353 1169 380 idcirco
1186 353 1325 387 diligenter
1339 353 1456 379 notanda
1472 357 1542 384 sunt,
1557 360 1587 378 ne
1600 352 1670 387 plebs
1682 353 1770 378 insons
1782 357 1862 386 atque

1071 388 1181 415 innoxia
1191 389 1283 423 punita
1294 396 1349 414 esse
1362 388 1491 420 videatur,
1507 387 1576 421 quod
1591 396 1606 419 ᾳ
1620 387 1669 414 Dei
1680 387 1788 420 juslilia
1800 395 1862 421 pos-

1072 423 1105 450 sit
1118 422 1233 450 alienum
1249 422 1404 449 existimari.

1108 457 1160 484 220
1176 458 1295 485 Miseria
1311 458 1458 491 potentibus
1473 457 1626 484 sublevandi
1642 461 1716 484 sunt.

1106 492 1156 519 221
1174 493 1324 526 Increpatio
1341 492 1475 518 hominum
1492 492 1681 525 improborum.

1107 527 1161 554 222
1178 528 1336 554 Exhortatio
1347 527 1381 552 ad
1397 527 1477 553 animi
1493 527 1699 554 moderationem
1710 547 1718 560 ,
1736 533 1760 554 et
1777 535 1860 562 expo-

1072 563 1144 592 sitio,
1165 563 1257 597 quibus
1272 562 1318 588 illa
1335 562 1409 588 rebus
1422 562 1597 597 contineatur.

1106 597 1159 624 225
1171 596 1341 624 Collaudatio
1357 597 1431 631 ejus,
1452 597 1498 629 qui
1519 596 1694 630 episcopatum
1714 597 1764 623 sibi
1785 597 1862 624 dela-

1073 637 1127 659 tum
1145 633 1258 666 fugerat.
1287 631 1409 666 Veterum
1426 631 1606 666 episcoporum
1623 639 1682 657 cum
1702 632 1861 658 recentiori-

1073 666 1120 694 bus
1139 665 1254 693 collatio.
1272 665 1369 700 Confer
1389 665 1556 692 Bernardum
1581 665 1617 692 De
1634 667 1861 694 consideratione

1073 703 1106 729 ad
1119 701 1280 736 Eugenium.

1106 735 1330 771 224’0bjurgatio
1354 735 1468 762 hominis
1492 735 1606 768 superbi,
1629 744 1688 762 cum
1710 741 1797 763 latitet:
1811 737 1863 762 hu-

1073 771 1129 798 mili
1149 779 1240 802 genere
1252 775 1328 797 natus
1343 775 1418 798 esset.

1072 806 1161 869 5932’s
1178 806 1215 866 Pe
1228 805 1389 840 injuriarum
1413 805 1563 832 tolerantia.
1585 805 1682 840 Confer
1705 805 1816 840 ιρ.·100
1837 809 1861 832 et

1147 850 1154 868 ι
1191 861 1197 867 .
1213 849 1243 868 ιι.

1139 842 1154 868 lt
1178 842 1197 867 Ι.
1213 849 1243 868 ιι.
1876 856 1882 860 .

1110 876 1163 902 2-3.6
1179 875 1300 916 l_.au_dare
1321 875 1466 902 orationem
1491 875 1601 908 dicentis
1621 880 1803 910 argumentum
1823 879 1863 902 est

1075 918 1262 944 persuasimus.

1105 945 1158 972 227
1170 945 1318 978 Affectuum
1331 944 1500 979 mortiﬁcatio
1514 945 1624 971 materia
1641 949 1678 970 est
1699 944 1775 971 beata
1790 945 1861 972 vita'.

1108 980 1161 1007 228
1181 980 1291 1006 Ittsidia’
1303 980 1403 1006 diaboli
1417 980 1496 1006 varia'
1506 987 1537 1005 ac
1554 979 1710 1013 multiplices
1723 979 1864 1013 diligenter

1073 1015 1193 1042 cavenda:
1207 1020 1277 1041 sunt.
1287 1014 1454 1049 Vigilandunt
1468 1019 1505 1040 est
1519 1022 1618 1047 semper
1630 1023 1639 1045 ;
1655 1014 1744 1049 multis
1756 1014 1863 1049 insidit:

1074 1055 1133 1077 sunt
1146 1050 1230 1080 bonis;
1244 1048 1424 1084 usquequaque
1438 1053 1653 1084 sapereroportet.
1676 1048 1708 1074 Id
1723 1049 1772 1075 erit
1784 1048 1865 1075 telum

1075 1086 1243 1110 acerrimum.
1259 1083 1357 1118 Confer
1369 1083 1445 1115 epist.
1465 1083 1516 1110 161·
1531 1083 1549 1109 l.
1567 1091 1595 1110 ιι.
1609 1083 1641 1110 Et
1657 1083 1770 1116 August.
1782 1091 1864 1111 serm.

1076 1119 1126 1146 157
1145 1118 1181 1145 De
1201 1125 1279 1152 temp.
1301 1118 1332 1144 ln
1355 1118 1402 1144 hac
1424 1124 1477 1145 tam
1500 1118 1647 1152 periculosa
1665 1124 1688 1144 et
1712 1118 1865 1144 tentationis

1076 1154 1154 1188 plena
1171 1154 1250 1188 hujus
1264 1154 1353 1179 ειιτιιίὶ
1363 1158 1435 1180 nocte
1450 1154 1580 1188 quisﬂnon
1595 1153 1705 1180 timeat?
1718 1158 1771 1180 etc.
1782 1152 1864 1180 Simi-

1076 1189 1113 1215 lia
1127 1189 1208 1214 multa
1226 1188 1281 1214 ride
1292 1189 1363 1221 apud
1374 1187 1487 1215 Leonem
1507 1187 1546 1214 M.

1109 1223 1162 1250 229
1183 1222 1281 1257 Ἐσθὶρι
1295 1222 1382 1256 λέγειν
1399 1222 1454 1249 αἰεὶ
1473 1222 1577 1257 πάντες
1597 1223 1689 1253 καλὴν,
1715 1222 1815 1257 αἰσχρὰ
1836 1221 1866 1248 δὲ

1075 1257 1171 1293 δεινρν,
1193 1257 1245 1285 κᾶν
1255 1255 1322 1284 ὦσιν
1338 1257 1439 1284 τούτων
1453 1257 1535 1290 ἄξιοι,
1549 1255 1588 1283 ὧν
1613 1258 1741 1293 λέγομεν.

1112 1292 1172 1319 Non
1187 1298 1240 1319 tam
1263 1293 1325 1326 quid
1348 1293 1460 1326 improbi
1482 1293 1576 1320 audire
1599 1292 1760 1324 mereantur,
1781 1300 1864 1327 quam

1094 1327 1138 1354 uid
1164 1329 1244 1355 bonos
1266 1327 1318 1354 illis
1340 1328 1426 1354 dicere
1451 1329 1586 1355 conveniat
1615 1328 1787 1362 spectandum
1811 1332 1864 1355 est.

1101 1363 1180 1395 ingua
1191 1371 1245 1389 esse
1258 1362 1331 1389 debet
1346 1363 1463 1389 veritatis
1476 1369 1615 1396 organum.

1111 1398 1164 1425 250
1181 1397 1313 1432 Confessis
1330 1399 1402 1424 venia
1418 1397 1506 1423 dantla
1524 1403 1700 1431 peccatorum,
1719 1405 1770 1423 non
1783 1397 1809 1424 in
1823 1405 1866 1424 sc~

1078 1433 1236 1460 ctalionibus
1259 1432 1446 1467 intempestivis
1467 1432 1650 1458 insultantium
1666 1437 1690 1458 et
1709 1432 1865 1459 instandum

1078 1473 1127 1496 est.
1783 1486 1788 1491 .

1113 1503 1162 1530 251
1185 1502 1239 1529 Cur
1263 1503 1331 1530 Deus
1350 1502 1486 1529 obstinatis
1506 1502 1685 1536 peccatoribus
1709 1501 1868 1536 implacabi-

1079 1539 1138 1565 liter
1153 1539 1295 1564 irascatur.

1114 1573 1166 1601 252
1188 1573 1272 1599 Homo
1297 1574 1417 1607 impurtts
1440 1577 1464 1598 et
1488 1572 1586 1606 impius
1608 1573 1639 1599 de
1660 1572 1714 1599 Deo
1740 1572 1868 1606 rebusque

1077 1609 1173 1635 divinis
1190 1609 1316 1668 dilsserere
1335 1616 1386 1634 non
1405 1607 1489 1634 debet.
1508 1607 1606 1641 Confer
1627 1616 1669 1642 ep.
1690 1607 1743 1634 2H-
1762 1607 1782 1634 l.
1800 1615 1820 1638 ι,
1842 1611 1866 1632 st

1077 1651 1119 1668 ει).
1138 1652 1196 1668 ven.
1224 1662 1231 1668 .
1247 1650 1275 1668 ΙΙ.

1077 1651 1119 1677 ep.
1137 1652 1196 1677 pen.
1212 1650 1231 1668 ι.
1247 1650 1275 1669 ιι.

1092 1652 1231 1705 112ἔὲ111ἰῖ
1247 1652 1326 1712 Ifliilsis
1350 1677 1486 1712 principiis
1515 1685 1566 1704 non
1585 1682 1668 1712 potest
1687 1677 1781 1711 conﬁci
1807 1683 1867 1703 uera

1079 1713 1222 1740 conclusio.
1543 1738 1549 1743 _

1110 1748 1164 1775 231s
1182 1747 1273 1774 Dirum
1291 1748 1373 1774 animi
1398 1748 1517 1775 morbttm
1536 1747 1588 1780 (res
1606 1747 1685 1781 mira)
1700 1747 1772 1773 haud
1788 1746 1867 1773 sentit

1079 1790 1184 1809 avarus.

1114 1818 1167 1844 255
1181 1817 1301 1844 "ominis
1323 1817 1445 1850 Epicurei
1471 1817 1503 1844 ab
1526 1817 1696 1851 improbitate
1721 1816 1865 1851 revocatio.

1080 1852 1182 1912 fnq'ma:
1207 1852 1412 1913 imlmortalitatis
1432 1852 1620 1886 comprobatio.
1644 1851 1741 1887 Confer
1757 1859 1799 1885 ep.
1813 1850 1869 1877 295

1089 1895 1106 1913 ι.
1135 1894 1184 1913 ,ιιι
1200 1893 1223 1913 et
1253 1907 1260 1913 .
1277 1895 1312 1913 tv.

1089 1895 1106 1914 ι.
1123 1893 1141 1913 l.
1156 1894 1184 1914 111
1200 1893 1223 1914 ει
1241 1893 1260 1914 ι.
1277 1895 1312 1913 ιν.

1113 1922 1166 1950 256
1182 1922 1308 1956 Exempla
1323 1927 1437 1954 quatuor
1455 1930 1545 1949 eorum
1570 1929 1627 1956 qua:
1651 1929 1696 1956 per
1713 1921 1868 1947 ἁναδξπὶω-

1081 1965 1123 1983 σιν
1136 1958 1206 1983 dicta
1225 1962 1296 1984 sunt.

1116 1992 1167 2019 257
1183 1991 1264 2018 Falsa
1283 1997 1320 2018 est
1339 1992 1506 2026 perfectionis
1523 1999 1629 2022 norma,
1653 1992 1675 2018 si
1695 1992 1754 2026 quis
1771 1998 1798 2017 se
1815 1998 1868 2016 non

1081 2028 1115 2053 ad
1131 2032 1290 2062 pra’ceplum
1307 2027 1381 2061 legis,
1396 2027 1440 2053 sed
1457 2035 1515 2053 cum
1530 2027 1702 2053 deterioribus
1719 2029 1864 2060 comparet.

1116 2070 1168 2097 258
1183 2071 1313 2098 Sacerdos
1328 2079 1377 2096 non
1391 2075 1444 2096 tant
1461 2070 1541 2096 verbis
1555 2078 1632 2103 quam
1649 2070 1726 2104 factis
1740 2069 1869 2103 populum

1081 2106 1173 2132 docere
1184 2106 1266 2132 debet.
1278 2105 1323 2133 Sic
1336 2104 1515 2132 Tertulliauus
1527 2105 1600 2130 initio
1613 2105 1658 2130 lib.
1671 2105 1707 2131 Dc
1721 2105 1847 2139 patientia
1860 2112 1867 2129 :

1083 2139 1193 2174 Oportet
1217 2141 1465 2167 commendationem
1493 2145 1517 2165 et
1540 2140 1787 2166 drmonstrationem
1819 2139 1870 2164 ali-

1083 2176 1159 2207 cuius
1171 2175 1208 2200 rei
1222 2175 1328 2201 adortos
1345 2175 1416 2208 ipsos
1433 2175 1507 2208 prius
1524 2175 1550 2200 in
1567 2174 1796 2200 administratione
1811 2175 1868 2206 ejus

1083 2210 1120 2236 rei
1136 2210 1357 2243 deprehendendi,
1383 2213 1407 2235 et
1429 2209 1603 2235 constantiam
1629 2209 1786 2235 admonendi
1808 2216 1870 2239 pro-

1084 2245 1151 2277 prilB
1169 2242 1380 2271 conversationis
1408 2245 1567 2270 auctoritate
1592 2244 1723 2277 dirigere,
1746 2251 1776 2270 ne
1797 2242 1870 2268 dicta

1082 2279 1159 2313 factis
1174 2279 1355 2312 deﬁcientibus
1366 2278 1530 2304 erubescant.

1116 2314 1169 2340 259
1181 2313 1320 2340 Rerocalio
1336 2314 1367 2338 ob
1383 2321 1472 2339 errore
1488 2318 1510 2339 et
1526 2313 1629 2339 ltroresi.

1117 2349 1169 2376 210
1188 2349 1222 2375 De
1239 2349 1415 2381 improborum
1428 2348 1593 2374 sacerdotum
1608 2347 1700 2382 pomis.

1119 2384 1168 2410 2-H
1190 2383 1348 2410 Extenuatio
1368 2383 1409 2408 sui
1424 2383 1517 2415 ipsius.
1653 2397 1658 2401 -

1119 2419 1172 2445 212
1187 2417 1251 2444 Vere
1274 2418 1305 2444 de
1319 2417 1394 2444 rebus
1413 2417 1588 2450 judicandum
1611 2424 1660 2449 est,
1682 2424 1870 2450 nequeperso-

1083 2462 1178 2481 narum
1192 2452 1367 2487 quarumdam
1386 2453 1447 2478 vitia
1469 2452 1495 2478 in
1514 2453 1616 2479 ordinis
1632 2454 1710 2480 totius
1730 2453 1871 2486 reprehen—

1083 2491 1181 2516 sionem
1199 2488 1327 2514 trahenda
1339 2491 1410 2512 sunt.

1119 2523 1171 2550 215
1185 2521 1306 2554 Epistola
1325 2521 1506 2558 etymologica,
1525 2523 1592 2558 γυνὴ
1610 2524 1678 2549 unde
1694 2522 1786 2558 dicta:
1802 2521 1872 2558 unde

1085 2559 1145 2585 item
1169 2559 1274 2590 γονεῖς,
1293 2560 1367 2591 unde
1385 2556 1464 2591 ἀνὴρ,
1484 2555 1567 2583 Aliter
1585 2555 1671 2583 iumen
1687 2558 1718 2582 de
1732 2557 1772 2582 his
1791 2555 1872 2589 origi-

1085 2599 1164 2621 natur
1179 2597 1271 2618 auctor
1287 2590 1461 2625 Etymologici
1479 2593 1578 2625 magni,
1595 2600 1669 2626 quem
1685 2592 1753 2618 vide.

1120 2627 1240 2653 2141)εο
1258 2628 1364 2659 agendlc
1380 2627 1472 2659 gratia:
1495 2631 1549 2652 tam
1573 2635 1620 2660 pro
1641 2627 1715 2652 bonis
1737 2625 1872 2659 pricalit't's

1084 2671 1162 2697 quam
1177 2670 1224 2697 pro
1242 2662 1369 2697 positivi‘s.

1120 2697 1174 2723 215
1194 2696 1230 2722 De
1254 2695 1370 2729 improbo
1395 2695 1532 2728 episcopo.
1561 2696 1606 2730 qui
1635 2695 1701 2722 bono
1727 2694 1872 2725 successit,

1086 2737 1183 2764 quanta
1207 2732 1266 2756 inde
1293 2734 1380 2755 secula
1404 2730 1436 2755 sit
1463 2737 1548 2756 rerum
1571 2738 1686 2756 nmmum
1707 2731 1733 2756 in
1757 2729 1874 2756 deterius

1087 2766 1228 2792 conversio.
1249 2764 1345 2797 Confer
1361 2772 1400 2796 ep.
1415 2763 1467 2790 270
1483 2765 1508 2789 Ιι.
1528 2765 1573 2792 lib.
1590 2772 1630 2791 ιιι.

1121 2800 1173 2827 216
1188 2799 1245 2825 Pax
1266 2807 1324 2824 vero
1343 2806 1463 2831 qua'nam
1478 2800 1522 2829 sit,
1540 2807 1629 2833 nempe
1642 2807 1699 2833 qua:
1717 2807 1775 2825 cum
1791 2798 1874 2832 justi-

1088 2836 1123 2861 lia
1142 2834 1281 2868 conjuncta
1300 2838 1352 2862 est,
1377 2841 1425 2857 non
1446 2842 1502 2865 qule
1526 2843 1582 2860 cum
1608 2835 1687 2860 riuis.
1714 2834 1812 2868 Confer
1830 2841 1875 2867 ep.

1088 2870 1177 2897 2811ι.
1196 2869 1239 2894 lib.
1261 2875 1300 2899 ιιι,
1315 2874 1335 2892 e’l
1352 2875 1426 2900 wrp.
1440 2869 1482 2894 5H.
