2044 3173
237 161 288 193 155

267 216 299 243 t9
314 213 404 249 Turpe
428 218 536 240 manere
562 210 607 238 diu
631 215 743 244 peregre
762 208 818 240 'eSt,
843 214 1012 278 v[nc11111q_qlie

867 250 943 269 τυγεῐ*
958 251 975 268 Ι.

267 305 351 331 Amici
362 304 447 337 patria
464 303 555 335 procul
571 310 624 329 rem
638 300 765 336 praeclare
787 299 899 334 gerentis
915 298 1015 325 deside-

229 342 295 366 rium
308 346 378 365 tanto
393 338 498 372 facilius
513 338 608 372 fertur.

265 394 299 421 ‘20
318 395 449 421 Doctrina:
464 395 566 421 veritati
584 392 750 427 adjungenda
768 396 804 418 est
820 391 939 425 probitas
953 390 1014 417 vita:

229 439 259 456 ac
273 438 385 459 msruni,
401 432 456 456 sine
473 438 522 461 qua
538 429 577 456 illi
592 429 655 463 fides
671 428 821 463 derogatur.

263 465 293 490 ‘2!
315 464 438 491 Orationi
451 466 500 490 vita
512 466 584 490 debet
592 461 650 489 esse
661 471 716 496 par.
734 461 806 488 Nihil
818 461 924 496 facilius
936 468 1014 496 quam

230 500 279 525 sibi
299 501 346 526 insi
368 501 508 534 imponere.
532 499 565 525 Se
576 500 642 525 scire
664 497 777 531 opinari,
795 496 903 530 impedit
930 495 1014 522 scien-

230 541 303 560 llllnl.

266 570 300 604 Ἡ
326 568 451 604 Exemplo
472 568 581 597 Christi,
601 568 646 602 qui
663 567 738 604 ultro
759 574 785 604 se
808 564 954 591 humiliavit
980 572 1011 591 ac

230 603 348 629 submisit
364 601 451 635 'Palri,
463 604 593 630 modestiae
607 601 710 629 studere
723 601 852 627 debemus.

266 638 301 664 “15
323 637 407 664 Multa
427 634 497 665 noris
518 643 626 671 Oportet,
648 640 676 663 ut
690 636 776 671 fallas
786 634 973 671 providentiam
988 637 1013 659 et

232 672 483 699 animadversionem
509 668 637 700 divinam.
662 670 743 698 Mulli
764 669 886 704 fugiendo
915 668 1011 702 fatum,

233 708 261 733 in
278 708 362 738 ipsimi
375 708 503 734 incidunt.

267 741 302 767 25
328 741 490 768 Precationis
514 742 658 769 Dominicte
678 737 1012 775 sapientissime__brevitas

233 776 378 807 explicatur
398 782 420 802 et
439 778 596 802 ostenditur.
615 772 750 808 Quomodo
766 779 789 800 et
808 781 823 799 α
837 772 930 806 quibus
946 775 1013 798 recte

233 811 368 842 retiretnr,
389 820 405 838 a
421 812 513 842 quibus
525 818 670 845 perperam.

269 845 304 871 25
325 845 469 872 Precanles
492 846 558 872 alios
576 851 667 871 laxare
684 848 712 871 et
728 850 839 877 carpere
861 844 1011 876 promptus.

365 879 392 906 In
411 880 496 913 ullpis
509 880 615 906 veniam
636 879 681 905 dat
703 878 753 905 sibi
771 876 882 912 quisque
897 876 961 913 suis.

267 913 301 940 26
321 914 393 940 Esau
418 910 520 941 inutilis
543 914 692 948 paniteutia
714 918 768 947 post
781 910 896 948 vendita
912 910 1011 937 Jacobo

233 948 312 982 fratri
333 946 547 982 printogeniturm
562 950 637 983 jura,
655 957 713 983 qua:
734 947 823 974 virtuti
843 946 927 983 potius
951 949 1011 970 tan-

233 991 310 1016 quam
329 984 434 1015 prsentia
449 981 583 1014 debentur.
599 981 677 1018 quam
691 985 756 1009 sorti
771 981 904 1008 nascendi.

268 1017 301 1044 ‘27
327 1018 430 1044 Ethnici
452 1020 579 1051 sapientes
603 1016 666 1044 dum
688 1020 828 1044 extenuant
848 1021 872 1042 et
893 1016 1020 1044 derident-

232 1051 411 1079 Christianam
434 1054 582 1087 religionem
608 1060 662 1086 pra:
685 1060 745 1083 sua,
773 1059 823 1077 non
845 1052 1012 1087 animadver-

232 1092 289 1114 tunt
311 1088 379 1120 quod
406 1086 554 1121 semetipsos
577 1087 696 1122 refellant
723 1094 754 1113 ac
777 1086 930 1122 deridendos
947 1086 1013 1122 aliis

232 1124 378 1156 propinent,
392 1130 466 1148 suam
481 1120 630 1157 religionem
647 1126 799 1153 evertentes,
815 1126 837 1148 et
854 1120 1014 1148 Christiani-

231 1165 316 1183 smum
329 1157 487 1183 extollentes.

267 1192 302 1218 28
324 1192 448 1224 Ejusdem
469 1200 527 1218 cum
551 1191 683 1226 superiore
699 1191 855 1223 argumenti.
869 1190 1013 1226 Scriptura;

233 1234 316 1252 sacrm
332 1225 441 1258 simplex
455 1232 477 1253 et
490 1227 564 1253 rudis
576 1224 614 1261 (ut
626 1227 784 1259 sapientibus
797 1226 886 1261 mundi
901 1224 1012 1258 videtur)

233 1262 328 1286 veritas
348 1261 475 1292 patentior
490 1262 590 1288 exsistit
607 1261 697 1295 quavis
715 1260 842 1294 sapientia
858 1260 973 1286 humana
988 1263 1013 1286 et

232 1296 318 1321 Attica
334 1296 489 1329 eloquentia.

267 1329 302 1356 29
326 1329 424 1356 Christi
445 1331 550 1363 passio,
576 1337 643 1356 erus:
665 1334 689 1356 et
714 1337 785 1356 mors
809 1336 840 1355 ac
866 1329 1013 1363 sepulcrum

232 1370 355 1398 quantam
372 1366 420 1391 vim
434 1365 564 1391 habuerit.

268 1399 302 1426 50
320 1398 358 1425 De
364 1399 451 1425 divina
460 1401 482 1426 vi
489 1405 511 1426 et
519 1399 630 1434 efficacia
639 1399 763 1433 prmonii
771 1397 915 1431 Evangelii,
924 1406 1014 1434 quam-

232 1434 269 1459 vis
283 1434 441 1460 calamistris
452 1433 561 1468 comptu!
571 1439 594 1461 el
610 1434 734 1468 elegantis
747 1433 871 1468 orationis
885 1433 1012 1459 destituti.

235 1468 423 1495 Testimonium
440 1468 565 1495 laudatur
582 1467 702 1495 Platonis
718 1474 740 1494 et
759 1467 877 1494 Homeri.

270 1504 300 1529 5|
324 1502 456 1536 Refutalio
468 1504 562 1530 ethnici
576 1504 687 1530 hominis
699 1511 801 1529 crucem
812 1501 909 1529 Christi
922 1502 1011 1537 exagi-

235 1538 315 1564 tantis
339 1538 435 1564 omissa
460 1546 491 1564 ac
514 1544 600 1572 spreta
617 1539 746 1565 mentione
766 1537 964 1563 resurrectionis
987 1541 1011 1563 et

234 1574 392 1599 auensionis
415 1571 543 1606 ejusdem,
562 1581 619 1608 qua:
635 1579 720 1600 tamen
733 1572 823 1598 iisdem
840 1571 1011 1598 monumentis

233 1607 389 1641 erangelicis
413 1608 569 1634 continetur.
596 1608 648 1640 Qui
670 1607 787 1641 producit
812 1607 1014 1632 instrumentum

234 1650 281 1675 pro
298 1650 325 1668 se
340 1643 365 1668 in
383 1650 433 1668 uno
447 1643 540 1676 capite,
557 1643 628 1669 debet
643 1644 710 1669 idem
725 1643 804 1668 etiam
820 1641 847 1667 in
862 1641 922 1667 aliis
940 1641 1013 1674 capi-

235 1676 304 1703 tibus
322 1684 455 1711 contrarse
470 1680 607 1704 admittere
622 1682 645 1704 et
662 1684 811 1711 agnoscere.

270 1712 305 1737 5:2
323 1711 395 1738 Crux
408 1710 504 1746 Christi
518 1713 628 1745 fulcrum
641 1718 663 1739 et
677 1709 764 1746 fulgor
775 1716 810 1737 est
824 1709 880 1736 cteli
892 1715 915 1736 et
926 1715 1014 1736 terrm.

269 1747 304 1772 55
323 1747 410 1773 Sacrte
433 1745 576 1779 Scriptura:
605 1747 708 1773 lectioni
728 1746 831 1773 deditus
853 1747 930 1771 etiam
952 1746 1014 1771 caelo

234 1781 339 1812 dignam
356 1782 433 1807 vitum
452 1790 528 1815 agere
544 1783 628 1808 debet.

270 1816 304 1841 '55
326 1816 361 1841 De
379 1816 464 1849 pravis
480 1817 610 1842 sodalitiis
624 1816 746 1846 vitandis,
766 1820 793 1841 ut
813 1822 871 1849 qua:
887 1814 1015 1849 pernicio-

235 1851 339 1876 sissima
357 1852 418 1877 sint.
435 1850 473 1877 De
487 1851 623 1877 interdicto
641 1859 699 1878 cum
716 1851 800 1877 brutis
815 1851 896 1876 coitu.

270 1886 304 1911 56
323 1885 383 1911 Pas;
405 1893 455 1911 non
471 1886 554 1912 ubivis
574 1893 618 1912 nec
640 1893 685 1920 per
700 1887 788 1911 omnia
810 1889 847 1911 est
864 1885 950 1920 bona,
963 1883 1014 1910 Pro

235 1921 341 1946 veritate
371 1928 458 1954 pugna
485 1928 563 1954 quam
589 1921 646 1955 quis
671 1921 789 1954 suscipit,
815 1920 873 1953 paci
901 1919 1015 1946 scelesta:

235 1955 323 1979 multis
340 1955 445 1981 antistat
463 1956 556 1981 modis.

271 1989 303 2014 57
326 1988 384 2015 Pan:
398 1995 434 2015 est
450 1990 569 2021 colemla,
584 1989 645 2015 dum
665 1990 756 2019 pietati
772 1989 843 2015 haud
855 1989 941 2023 ofﬁcit.

272 2024 306 2050 58
327 2023 470 2050 Iracundia
485 2024 627 2050 cohibenda
647 2024 720 2057 freno
740 2025 849 2050 rationis
868 2030 890 2050 et
906 2024 1015 2058 pruden-

236 2059 279 2084 tite
293 2066 302 2084 :
316 2059 452 2092 omniaque
467 2067 524 2085 cum
540 2059 647 2085 consilio
661 2060 761 2092 agenda
777 2064 847 2086 sunt.

272 2094 306 2120 39
328 2093 396 2125 Quia
410 2093 481 2119 dicta
495 2094 615 2128 factaque
627 2094 724 2119 indicta
738 2093 884 2127 infectaque
897 2093 956 2127 ﬁeri
971 2101 1015 2120 nev

236 2134 350 2162 queunt,
370 2128 434 2153 nihil
457 2129 512 2154 sine
529 2129 625 2162 prtevia
648 2129 844 2159 deliberatione,
869 2129 906 2155 vel
927 2129 1015 2155 dicen-

237 2166 308 2189 dum.
328 2163 366 2189 vel
379 2163 507 2196 agendum
526 2169 573 2195 est,
592 2171 622 2188 ne
638 2164 736 2196 alioqui
749 2164 898 2196 ptenitentia
912 2163 1015 2196 impru-

236 2198 332 2224 dentia:
346 2203 369 2224 et
387 2198 583 2230 pra-cipilantim
599 2198 631 2224 sit
649 2199 796 2231 pedisequa.

272 2232 307 2258 40
328 2233 476 2259 Salomonis
498 2233 557 2258 libri
580 2234 626 2258 hoc
651 2233 742 2258 ordine
766 2232 866 2266 legendi
883 2237 960 2264 sunt,
986 2237 1012 2258 ut

237 2267 342 2293 initium
357 2268 403 2300 ﬁat
417 2276 432 2293 a
450 2266 607 2299 Proverbiis,
625 2268 684 2293 inde
695 2267 729 2293 ad
745 2267 930 2298 Ecclesiasten,
947 2272 969 2293 et
983 2267 1015 2293 ab

238 2303 286 2327 hoc
303 2303 337 2327 nd
361 2300 496 2328 Canticum
514 2303 675 2328 canticorum
694 2302 860 2335 procedatur.
886 2302 918 2327 In
937 2302 1017 2335 adyta

237 2342 372 2370 penetrare
392 2345 442 2362 non
460 2336 543 2367 debet,
561 2338 604 2371 qui
621 2337 736 2362 nondum
756 2337 817 2361 atrii
835 2344 879 2362 seu
897 2336 1016 2362 vestibuli

237 2379 356 2405 ingressu
368 2372 459 2404 dignus
469 2377 516 2398 est.
531 2371 668 2398 Theoriam
682 2371 769 2405 praxis
778 2373 920 2404 pra'cedere
933 2371 1016 2397 debet.

274 2406 304 2431 41
334 2406 414 2432 Varia
428 2407 560 2432 honimum
578 2414 672 2441 genera
689 2407 874 2439 eleemosynas,
896 2414 1018 2432 exercen-

239 2441 304 2466 tium
319 2442 417 2467 diverso
430 2442 490 2474 fine.
504 2442 614 2468 l’rtvstat
625 2442 717 2467 bonum
733 2440 828 2474 facere,
842 2441 959 2475 quamvis
973 2448 1018 2476 per

239 2477 416 2507 ambitionem,
434 2484 511 2509 quam
528 2477 554 2501 id
569 2477 646 2509 plane
663 2477 867 2508 pra‘lermittere.

275 2510 310 2536 42
330 2510 433 2537 Εὸνὶωἰ
447 2519 518 2545 teque
533 2519 564 2537 ac
583 2511 701 2536 maledici
716 2517 738 2536 et
755 2511 868 2536 adulteri
884 2516 906 2537 et
919 2516 1019 2537 scorta-

238 2550 308 2572 tores
323 2546 495 2571 excludentur
513 2554 527 2571 a
542 2553 619 2579 regno
633 2546 765 2574 cwlorum,
782 2550 844 2571 teste
862 2546 943 2572 Paulo
957 2554 1020 2580 apo—

240 2581 318 2610 stolo,
332 2581 446 2614 quamvis
460 2581 569 2606 diversis
585 2581 688 2606 interim
703 2581 783 2612 poenis
797 2580 934 2614 afficiendi.

274 2615 310 2641 45
330 2616 429 2642 Corvus
444 2615 584 2650 ἄστοργος,
604 2615 661 2640 licet
678 2616 742 2646 avis,
760 2615 845 2640 liliant
861 2623 968 2649 pascens
982 2620 1021 2641 ta—

241 2650 291 2677 cite
308 2651 391 2682 ipsum
407 2651 438 2676 de
452 2651 598 2683 mitiganda
615 2650 653 2675 ira
670 2650 824 2675 admonuit:

277 2685 312 2710 44
332 2684 446 2717 Quisque
457 2692 504 2710 sua
519 2693 605 2717 potius
619 2685 710 2710 merito
724 2692 801 2719 quum
816 2685 943 2718 majorum
956 2685 1022 2711 deli-

243 2725 284 2746 cta
296 2720 439 2745 immeritus
453 2719 662 2752 Ιιιίι;ἀνασκευὴ
678 2720 771 2745 veteris
784 2720 891 2746 diverbii
904 2720 1022 2746 Iudaici.

246 2754 337 2780 Patres
351 2756 518 2780 comederunt
534 2762 608 2780 uvam
623 2755 752 2786 acerbam,
765 2761 788 2780 et
804 2756 919 2788 filiorum
935 2755 1022 2781 dentes

243 2790 440 2823 obstupuerunt.

278 2824 313 2850 45
334 2824 370 2850 De
392 2823 521 2850 Susanna:
542 2823 689 2850 innocentia
712 2831 727 2849 a
744 2824 866 2850 senilibus
887 2824 1024 2851 calumniis

245 2859 386 2893 vindicata,
405 2864 427 2885 ct
443 2866 516 2893 paena
533 2859 632 2889 iustiss.
652 2859 754 2884 senibus
773 2860 895 2892 irrogata.

797 153 1077 184 PROLEGOMENA
1102 152 1202 182 EDIT.
1221 149 1341 180 PARIS.

1802 143 1851 178 156

1100 205 1135 232 46
1224 204 1333 231 Christo
1346 201 1511 236 propinquos
1523 199 1604 228 allicit

1225 239 1282 266 Non
1299 237 1437 272 sanguinis
1451 237 1588 272 cognatio,

1227 274 1278 300 Sed
1299 271 1417 306 Spiritus
1432 271 1558 301 imitatio.

1224 309 1257 335 El
1271 308 1325 335 vita
1340 307 1465 334 virtulem
1482 306 1584 333 colens.

1100 367 1132 394 47
1156 366 1237 393 Deum
1256 365 1330 399 cujus
1352 363 1478 390 vindicem
1500 361 1607 389 oculum
1630 361 1697 399 nihil
1717 361 1781 399 latet
1804 365 1852 399 aut

1065 403 1156 436 effugit
1180 396 1441 436 animadversionem,
1462 402 1487 436 et
1503 402 1530 423 ut
1549 404 1666 436 severum
1677 396 1794 436 judicent
1817 396 1852 422 ti-

1064 431 1142 469 mere,
1159 442 1182 463 et
1203 440 1230 461 ut
1245 434 1432 467 benefactorem
1450 432 1679 459 clementissimum
1702 439 1733 458 ac
1749 431 1849 457 libera-

1065 468 1194 498 lissimum
1208 477 1297 496 amare
1309 468 1443 495 debemus.
1459 473 1463 475 “

1099 507 1133 533 68
1153 506 1271 532 Christus
1294 512 1308 529 ιι
1333 503 1442 529 terrenis
1466 502 1499 528 ad
1525 502 1640 529 ctnlestia
1663 509 1710 528 nos
1735 507 1847 532 vocans.

1064 542 1114 568 vim
1132 542 1246 568 divinam
1265 539 1319 566 suis
1333 538 1417 565 verbis
1432 537 1564 572 adjungit.

1098 591 1133 618 49
1153 590 1266 618 Gnsmm
1281 597 1328 616 nec
1344 590 1426 615 ullum
1442 589 1525 615 verba
1541 588 1640 615 habent
1656 588 1748 615 inania

1150 625 1268 660 Quisque
1280 623 1634 660 ergosermo‘condiendus
1649 628 1689 660 est
1703 623 1772 655 sale,
1811 645 1815 649 .

1154 658 1238 693 Quem
1255 658 1428 693 suppedilanl
1441 658 1531 685 divina
1549 658 1713 690 testimonia,

1153 695 1186 722 Et
1198 695 1336 730 pramrium
1354 693 1474 726 caalesle,
1491 697 1518 720 et
1533 693 1628 727 judicii
1645 697 1743 720 melus.

1098 744 1133 772 50
1154 744 1270 771 Ilerodes
1298 749 1355 777 post
1383 743 1457 770 illam
1486 743 1576 777 populi
1607 742 1849 769 acclamationem:

1064 788 1075 806 s
1095 779 1150 807 Vox
1163 780 1208 809 Bei
1223 785 1246 805 et
1260 787 1310 805 non
1325 779 1447 810 hominis,
1465 787 1473 804 s
1489 778 1615 804 divinitus
1627 777 1744 811 punitus,
1761 784 1850 803 exem-

1061 814 1105 850 plo
1119 823 1165 841 suo
1182 815 1266 846 docet,
1287 813 1462 850 pretiosulare
1481 820 1534 843 eos,
1551 812 1598 850 qui
1613 812 1778 850 adulationes
1800 812 1850 837 im-

1063 846 1120 884 pias
1137 849 1249 884 aliorum
1265 847 1431 884 admiserint,
1453 855 1498 884 nec
1516 846 1739 884 reprehenderint.

1100 884 1132 910 51
1157 883 1268 913 Paulus,
1286 890 1345 908 cum
1359 882 1396 908 ait
1412 889 1420 907 :
1439 890 1447 905 ι
1466 880 1629 915 Cooperatur
1648 881 1682 907 iis
1701 882 1746 912 qui
1759 889 1849 908 secun-

1064 918 1126 945 dum
1143 919 1303 952 propositum
1324 917 1408 942 vocati
1425 921 1494 952 sunt,
1512 915 1683 952 s_signiﬁcat,
1702 923 1752 952 non
1775 916 1848 952 sufﬁ-V

1063 961 1120 979 cere
1142 950 1176 978 ad
1191 950 1322 982 salutem,
1346 956 1372 977 ut
1398 951 1455 985 quis
1476 959 1492 976 ει
1518 950 1569 976 Deo
1592 955 1696 976 voratus
1718 951 1769 982 sit,
1796 951 1848 976 nisi

1063 988 1140 1015 etiam
1162 987 1270 1013 accedat
1294 994 1327 1012 ea:
1347 991 1422 1019 parte
1447 985 1529 1012 vocati
1547 985 1664 1011 studium
1687 985 1845 1019 obsequendi

1063 1023 1191 1049 vocationi
1207 1022 1313 1047 divinw.

1099 1057 1134 1083 52
1158 1056 1298 1083 Peccatum
1321 1059 1402 1081 morte
1424 1054 1528 1090 gravius
1550 1058 1598 1081 est.
1630 1052 1744 1079 Prtestat
1768 1053 1850 1088 igitur

1063 1092 1130 1118 mori
1149 1092 1276 1125 integrum
1287 1094 1310 1116 et
1327 1090 1560 1125 incontaminatum
1574 1094 1782 1125 peccat‘o,_quam
1799 1090 1849 1125 att-

1062 1126 1163 1152 mittere
1177 1122 1321 1158 pehatum,
1345 1129 1372 1150 ut
1389 1124 1627 1154 immortalitatem,
1643 1122 1666 1149 si
1681 1123 1739 1155 ﬁeri
1753 1124 1848 1156 possit,

1062 1162 1221 1195 assequaris.

1099 1192 1134 1222 55
1156 1194 1314 1228 Evangelica
1340 1197 1469 1228 prlecepta
1489 1192 1647 1226 perfectione
1668 1200 1717 1218 sua
1731 1192 1848 1228 vincunt

1063 1234 1086 1256 et
1101 1230 1148 1264 jus
1170 1227 1283 1262 naturae,
1304 1233 1328 1256 et
1348 1229 1432 1263 legem
1457 1228 1589 1261 scriptam,
1615 1231 1638 1254 et
1660 1227 1848 1261 prophetarum

1063 1265 1183 1292 oracula.

1098 1298 1132 1326 54
1158 1298 1261 1325 Norma
1281 1306 1311 1324 ac
1332 1297 1451 1332 definitio
1472 1296 1639 1323 exactissima
1660 1296 1763 1332 virtutis
1789 1295 1845 1323 [nec

1062 1338 1111 1365 est,
1125 1342 1201 1367 quam
1214 1336 1319 1366 quisque
1338 1330 1404 1358 iii—se
1417 1333 1471 1364 ipso
1491 1332 1637 1367 possidens
1653 1330 1759 1367 omnia,
1775 1338 1849 1364 qua:-

1065 1365 1165 1400 cunq'ue
1186 1369 1328 1399 volueritis,
1350 1372 1376 1393 ul
1400 1367 1499 1399 faciant
1525 1366 1594 1393 vobis
1616 1365 1743 1398 homines,
1758 1370 1782 1392 et
1805 1373 1850 1392 vos

1063 1403 1142 1436 facite
1159 1403 1230 1433 ipsis.
1250 1413 1259 1428 ι

1099 1438 1131 1463 53$
1153 1437 1240 1464 Causa
1255 1437 1369 1463 omnium
1392 1436 1521 1462 malorum
1536 1435 1772 1469 dissidentiumque
1787 1436 1848 1468 opi-

1065 1473 1171 1498 nionum
1195 1478 1231 1497 est
1262 1473 1378 1502 ainbitio,
1407 1480 1456 1496 non
1483 1470 1568 1496 solum
1596 1470 1623 1496 in
1649 1469 1777 1500 Ecclesia,
1803 1470 1849 1495 sed

1064 1509 1142 1533 etiam
1159 1509 1184 1532 in
1205 1506 1368 1539 philosophia
1389 1506 1521 1531 Ml‘ClllllTl.
1541 1504 1614 1531 Tolle
1629 1504 1711 1539 igitur
1726 1504 1848 1530 ambitio-

1064 1549 1132 1573 nem,
1150 1547 1172 1567 ct
1187 1542 1313 1567 luerosum
1330 1541 1426 1574 fontem
1442 1540 1617 1566 obstruxeris.

1101 1576 1135 1602 ὸϋ
1155 1577 1266 1602 Ambitio
1291 1581 1315 1601 et
1342 1576 1486 1608 anticipata
1507 1575 1594 1609 opinio
1612 1573 1722 1600 ha'reses
1746 1580 1851 1608 pepere-

1065 1616 1136 1638 runt.

1100 1645 1132 1672 57
1154 1645 1219 1671 Cum
1239 1646 1319 1672 etiam
1334 1649 1394 1671 ante
1411 1649 1501 1670 tratum
1523 1642 1656 1670 Christum
1675 1643 1742 1669 inter
1764 1642 1850 1669 homi-

1067 1688 1109 1706 nes
1125 1681 1243 1706 omnibus
1261 1680 1365 1706 steeulis
1383 1679 1557 1706 contentiones
1572 1677 1729 1708 exstiterint,
1745 1685 1795 1703 non
1811 1682 1849 1703 est

1067 1716 1163 1740 mirum
1190 1716 1259 1748 quod
1280 1715 1400 1741 diabolus
1417 1715 1495 1740 etiam
1519 1718 1575 1747 post
1599 1711 1731 1739 Christum
1756 1716 1850 1738 nutum

1065 1750 1153 1776 varias
1168 1750 1287 1775 excitarit
1305 1751 1426 1775 tia'reses.

1101 1784 1135 1810 58
1163 1783 1228 1816 Quit!
1247 1784 1299 1809 sint
1329 1784 1398 1816 apud
1424 1781 1568 1817 apostolum
1589 1780 1688 1807 ludam
1709 1780 1793 1807 stella:
1811 1789 1851 1807 er-

1066 1823 1165 1850 rantes,
1180 1819 1272 1853 quibus
1287 1818 1371 1852 caligo
1383 1820 1547 1844 tenebrarum
1561 1821 1663 1843 servata
1679 1820 1715 1842 est
1729 1816 1756 1841 in
1773 1820 1850 1842 atter-

1066 1861 1138 1879 ηιιηι.

1102 1888 1136 1914 59
1157 1887 1226 1920 Quid
1242 1888 1275 1914 sit
1291 1887 1360 1921 apud
1375 1886 1497 1917 Paulum,
1510 1884 1609 1921 Rom}
1622 1893 1628 1911 :
1640 1893 1656 1921 Δ«
1673 1883 1793 1910 Tradidit
1806 1892 1851 1921 eos

1067 1922 1136 1948 Deus
1150 1918 1177 1948 in
1192 1918 1326 1956 reprobuin
1343 1929 1458 1952 sensum,
1475 1930 1483 1945 s
1503 1925 1555 1946 etc.
1575 1918 1689 1956 Tradere
1703 1923 1739 1945 est
1763 1919 1852 1945 nuda—

1067 1961 1121 1983 tum
1141 1954 1242 1983 auxilio
1262 1958 1348 1983 divino
1364 1956 1504 1986 dimittere,
1519 1958 1543 1980 et
1566 1954 1711 1987 relinquere
1732 1960 1849 1980 ruentem

1065 1993 1171 2026 proprio
1186 1993 1290 2025 impetu,
1307 1999 1356 2016 non
1375 1995 1461 2026 autem
1478 1988 1606 2026 impellere
1619 1990 1646 2014 in
1661 1989 1776 2026 fucinus.

1102 2021 1135 2052 60
1155 2026 1211 2057 Quo
1221 2021 1303 2052 Isensu
1314 2025 1408 2051 dixerit
1430 2024 1540 2055 Paulus,
1556 2023 1631 2049 Rom.
1647 2031 1654 2049 ι
1669 2031 1675 2048 :
1692 2031 1700 2047 ι
1719 2021 1779 2048 Non
1800 2030 1847 2049 so-

1066 2060 1120 2086 lum
1136 2061 1179 2095 qui
1193 2069 1223 2086 ea
1239 2061 1350 2095 faciunt,
1365 2061 1409 2086 sed
1424 2060 1501 2084 etiam
1512 2058 1733 2095 quiconseutiunt
1748 2057 1851 2095 facien-

1067 2092 1147 2121 tibus;
1161 2105 1169 2120 ι
1185 2092 1294 2121 ϐῖηύἰιιδ
1307 2100 1498 2128 estpeccantem
1508 2093 1630 2128 laudare,
1641 2097 1664 2118 et
1676 2092 1781 2117 alterius
1797 2093 1847 2117 int-

1066 2130 1174 2164 probum
1202 2130 1300 2164 factum
1316 2127 1491 2160 comprobare,
1519 2135 1598 2160 quam
1622 2127 1706 2160 ipsum
1729 2134 1846 2160 peccare.

1067 2163 1165 2197 Confer
1193 2163 1233 2197 ep.
1248 2165 1281 2190 84
1296 2164 1377 2197 infra.

1102 2195 1132 2225 6i
1161 2195 1288 2226 De'dicto
1314 2195 1404 2229 Pauli,
1429 2196 1503 2223 Rom.
1526 2203 1544 2223 ll
1561 2207 1566 2223 :
1585 2205 1594 2221 ι
1610 2195 1700 2223 Gloria
1718 2202 1741 2222 et
1768 2196 1853 2222 honor

1068 2238 1092 2259 et
1106 2241 1158 2266 pax
1182 2235 1251 2260 omni
1276 2233 1393 2267 aperanti
1416 2232 1510 2257 bonum
1524 2250 1531 2262 ,
1556 2230 1651 2258 Judeoo
1675 2232 1805 2264 primum,
1825 2236 1851 2257 et

1068 2267 1169 2294 (ἔνια-ο.
1186 2278 1195 2294 s

1103 2302 1137 2329 6'2
1161 2303 1300 2329 Peccatum
1324 2302 1379 2329 sine
1404 2301 1457 2334 lege
1483 2304 1613 2326 mortuum
1641 2303 1689 2326 est.
1717 2300 1769 2332 Qui
1791 2300 1848 2326 sine

1068 2337 1122 2371 lege
1134 2343 1251 2371 peccant,
1267 2338 1354 2363 mitius
1368 2337 1520 2369 puniuntur,
1532 2335 1669 2371 quanti/ui
1682 2335 1729 2361 sub
1745 2335 1809 2368 lege.

1105 2368 1138 2399 65
1160 2373 1195 2399 De
1207 2374 1275 2398 dicto
1294 2368 1381 2403 Pauli,
1400 2370 1473 2396 Rom.
1488 2377 1534 2395 Vlll
1550 2378 1556 2395 :
1574 2377 1583 2394 ι
1603 2368 1663 2395 Non
1680 2375 1740 2395 sunt
1761 2369 1853 2395 condi-

1069 2415 1127 2441 gna:
1149 2408 1280 2440 passiones
1305 2407 1383 2440 hujus
1405 2404 1528 2438 temporis
1551 2403 1584 2429 ad
1602 2405 1721 2438 futuram
1739 2404 1851 2438 gloriam

1069 2443 1097 2468 in
1111 2442 1184 2468 nobis
1204 2441 1379 2468 revelandam.
1398 2449 1407 2466 s

1106 2477 1140 2503 64
1160 2476 1257 2503 Christi
1276 2478 1303 2502 in
1323 2483 1427 2502 carnem
1444 2475 1569 2501 adventus
1591 2479 1716 2507 quantum
1735 2473 1794 2499 boni
1812 2477 1854 2498 ct-

1072 2511 1159 2537 lulerit
1183 2512 1257 2537 rebus
1282 2511 1412 2536 humanis.
1436 2509 1486 2542 Qui
1507 2511 1583 2543 perit.
1608 2517 1656 2534 sua
1678 2508 1756 2542 culpa
1775 2509 1853 2541 perit,

1071 2546 1140 2580 quod
1156 2547 1290 2572 victoriam
1303 2545 1392 2571 labore
1405 2552 1499 2580 parare
1516 2544 1668 2580 neglexerit.

1108 2581 1141 2606 65
1160 2581 1251 2607 Gratia
1269 2581 1314 2606 Dei
1329 2588 1375 2614 per
1391 2580 1468 2613 ﬁdem
1485 2576 1715 2614 jttslificatirbom's
1734 2576 1854 2614 operibus

1072 2615 1187 2646 studere,
1203 2621 1224 2641 et
1243 2615 1321 2649 fidem
1329 2612 1434 2648 alioqui
1451 2619 1579 2639 mortuam
1595 2613 1723 2649 animare,
1742 2616 1766 2638 et
1779 2612 1853 2638 salu—

1073 2655 1122 2676 tent
1140 2658 1215 2676 suam
1231 2649 1451 2684 operarirdebenl.
1479 2683 1484 2684 γ
1581 2682 1585 2684 ἓ
1633 2648 1654 2684 f

1109 2685 1143 2711 (56
1165 2679 1264 2711 Dii-ina:
1278 2692 1317 2710 res
1330 2683 1417 2710 omnes
1431 2683 1499 2718 ignis
1516 2682 1619 2709 nomine
1634 2682 1660 2707 in
1678 2682 1760 2707 sacris
1777 2679 1856 2706 Litte-

1074 2720 1110 2745 ris
1125 2720 1311 2752 insigniuntur.

1111 2754 1143 2780 67
1169 2749 1338 2783 Ethnicorurn
1352 2753 1449 2787 scripta
1463 2760 1520 2779 cum
1534 2751 1616 2777 sacris
1628 2749 1736 2776 Litteris
1751 2758 1856 2787 coinpaf

1076 2795 1178 2815 rantur.
1196 2789 1248 2815 Illa
1262 2789 1356 2814 nonad
1375 2785 1490 2814 omnium
1504 2788 1629 2812 lectorum
1645 2786 1794 2815 utilitatem,
1812 2785 1856 2809 ml

1077 2825 1109 2850 ad
1135 2828 1270 2849 auctorum
1295 2823 1404 2856 gloriam
1429 2823 1593 2856 diriguntur;
1621 2826 1644 2846 et
1671 2827 1794 2856 pompose
1815 2819 1854 2856 di-

1078 2859 1151 2884 cendi
1164 2866 1254 2892 gunere
1275 2854 1392 2884 ulunlut’.
1412 2857 1458 2882 llw
1481 2854 1514 2882 nd
1532 2856 1656 2887 omnium,
1684 2855 1761 2880 etimit
1788 2854 1855 2879 idio-
