  <div class='ocr_page' id='page_1' title='image "/cluster/home/n/w/nwhite01/storage/ocr_20150623/78/njp.32101077772794/086.png"; bbox 0 0 2044 3173; ppageno 0'>
   <div class='ocr_carea' id='block_1_1' title="bbox 181 151 233 185">
    <p class='ocr_par' dir='ltr' id='par_1_1' title="bbox 181 151 233 185">
     <span class='ocr_line' id='line_1_1' title="bbox 181 151 233 185; baseline 0.019 -1"><span class='ocrx_word' id='word_1_1' title='bbox 181 151 233 185; x_wconf 79' lang='lat'><strong><em>157</em></strong></span> 
     </span>
    </p>
   </div>
   <div class='ocr_carea' id='block_1_2' title="bbox 181 206 967 241">
    <p class='ocr_par' dir='ltr' id='par_1_2' title="bbox 181 206 967 241">
     <span class='ocr_line' id='line_1_2' title="bbox 181 206 967 241; baseline -0.004 -4"><span class='ocrx_word' id='word_1_2' title='bbox 181 215 278 241; x_wconf 78' lang='lat' dir='ltr'><strong><em>tarum,</em></strong></span> <span class='ocrx_word' id='word_1_3' title='bbox 294 208 438 236; x_wconf 80' lang='lat' dir='ltr'><strong><em>utilitatem</em></strong></span> <span class='ocrx_word' id='word_1_4' title='bbox 460 216 491 234; x_wconf 85' lang='lat' dir='ltr'><strong><em>ac</em></strong></span> <span class='ocrx_word' id='word_1_5' title='bbox 507 206 619 234; x_wconf 89' lang='lat' dir='ltr'><strong><em>salutem</em></strong></span> <span class='ocrx_word' id='word_1_6' title='bbox 634 206 794 239; x_wconf 86' lang='lat' dir='ltr'><strong><em>referuntur,</em></strong></span> <span class='ocrx_word' id='word_1_7' title='bbox 813 211 836 233; x_wconf 85' lang='lat' dir='ltr'><strong><em>et</em></strong></span> <span class='ocrx_word' id='word_1_8' title='bbox 853 208 967 241; x_wconf 73' lang='lat' dir='ltr'><strong><em>simplici</em></strong></span> 
     </span>
    </p>
   </div>
   <div class='ocr_carea' id='block_1_3' title="bbox 181 241 813 274">
    <p class='ocr_par' dir='ltr' id='par_1_3' title="bbox 181 241 813 274">
     <span class='ocr_line' id='line_1_3' title="bbox 181 241 813 274; baseline -0.005 -3"><span class='ocrx_word' id='word_1_9' title='bbox 181 245 300 271; x_wconf 85' lang='lat' dir='ltr'><strong><em>oratione</em></strong></span> <span class='ocrx_word' id='word_1_10' title='bbox 317 252 357 271; x_wconf 77' lang='lat' dir='ltr'><strong><em>res</em></strong></span> <span class='ocrx_word' id='word_1_11' title='bbox 371 244 473 271; x_wconf 75' lang='lat' dir='ltr'><strong><em>divinas</em></strong></span> <span class='ocrx_word' id='word_1_12' title='bbox 490 248 512 268; x_wconf 90' lang='lat' dir='ltr'><strong><em>et</em></strong></span> <span class='ocrx_word' id='word_1_13' title='bbox 532 241 655 268; x_wconf 79' lang='lat' dir='ltr'><strong><em>sublimes</em></strong></span> <span class='ocrx_word' id='word_1_14' title='bbox 670 246 813 274; x_wconf 75' lang='lat' dir='ltr'><strong><em>exponunt.</em></strong></span> 
     </span>
    </p>
   </div>
   <div class='ocr_carea' id='block_1_4' title="bbox 215 276 971 313">
    <p class='ocr_par' dir='ltr' id='par_1_4' title="bbox 215 276 971 313">
     <span class='ocr_line' id='line_1_4' title="bbox 215 276 971 313; baseline -0.003 -8"><span class='ocrx_word' id='word_1_15' title='bbox 215 279 249 305; x_wconf 83' lang='lat'><strong>68</strong></span> <span class='ocrx_word' id='word_1_16' title='bbox 269 278 343 306; x_wconf 86' lang='lat' dir='ltr'><strong><em>Inter</em></strong></span> <span class='ocrx_word' id='word_1_17' title='bbox 363 277 510 313; x_wconf 66' lang='lat' dir='ltr'><strong><em>jussthth</em></strong></span> <span class='ocrx_word' id='word_1_18' title='bbox 533 283 556 303; x_wconf 81' lang='lat' dir='ltr'><strong><em>et</em></strong></span> <span class='ocrx_word' id='word_1_19' title='bbox 571 276 769 311; x_wconf 72' lang='lat' dir='ltr'><strong><em>permissionem</em></strong></span> <span class='ocrx_word' id='word_1_20' title='bbox 801 277 911 303; x_wconf 85' lang='lat' dir='ltr'><strong><em>multum</em></strong></span> <span class='ocrx_word' id='word_1_21' title='bbox 933 277 971 304; x_wconf 85' lang='lat' dir='ltr'><strong><em>itt-</em></strong></span> 
     </span>
    </p>
   </div>
   <div class='ocr_carea' id='block_1_5' title="bbox 181 318 267 341">
    <p class='ocr_par' dir='ltr' id='par_1_5' title="bbox 181 318 267 341">
     <span class='ocr_line' id='line_1_5' title="bbox 181 318 267 341; baseline -0.012 -1"><span class='ocrx_word' id='word_1_22' title='bbox 181 318 257 341; x_wconf 85' lang='lat' dir='ltr'><strong><em>terest</em></strong></span> <span class='ocrx_word' id='word_1_23' title='bbox 261 333 267 339; x_wconf 87' lang='lat'><strong><em>.</em></strong></span> 
     </span>
    </p>
   </div>
   <div class='ocr_carea' id='block_1_6' title="bbox 215 345 967 380">
    <p class='ocr_par' dir='ltr' id='par_1_6' title="bbox 215 345 967 380">
     <span class='ocr_line' id='line_1_6' title="bbox 215 345 967 380; baseline -0.004 -5"><span class='ocrx_word' id='word_1_24' title='bbox 215 348 250 375; x_wconf 82' lang='grc'><strong><em>69</em></strong></span> <span class='ocrx_word' id='word_1_25' title='bbox 268 348 307 375; x_wconf 86' lang='lat' dir='ltr'><strong><em>De</em></strong></span> <span class='ocrx_word' id='word_1_26' title='bbox 322 348 492 380; x_wconf 72' lang='lat' dir='ltr'><strong><em>inscriptione</em></strong></span> <span class='ocrx_word' id='word_1_27' title='bbox 516 346 609 372; x_wconf 75' lang='lat' dir='ltr'><strong><em>Atticae</em></strong></span> <span class='ocrx_word' id='word_1_28' title='bbox 637 353 712 372; x_wconf 69' lang='lat' dir='ltr'><strong><em>arte:</em></strong></span> <span class='ocrx_word' id='word_1_29' title='bbox 729 355 738 371; x_wconf 86' lang='grc'><strong><em>‹</em></strong></span> <span class='ocrx_word' id='word_1_30' title='bbox 758 345 851 380; x_wconf 89' lang='lat' dir='ltr'><strong><em>Ignoto</em></strong></span> <span class='ocrx_word' id='word_1_31' title='bbox 874 346 936 373; x_wconf 87' lang='lat' dir='ltr'><strong><em>Deo.</em></strong></span> <span class='ocrx_word' id='word_1_32' title='bbox 958 356 967 372; x_wconf 78' lang='lat' dir='ltr'><strong><em>s</em></strong></span> 
     </span>
    </p>
   </div>
   <div class='ocr_carea' id='block_1_7' title="bbox 183 382 644 418">
    <p class='ocr_par' dir='ltr' id='par_1_7' title="bbox 183 382 644 418">
     <span class='ocr_line' id='line_1_7' title="bbox 183 382 644 418; baseline -0.009 -8"><span class='ocrx_word' id='word_1_33' title='bbox 183 382 251 418; x_wconf 80' lang='lat' dir='ltr'><strong><em>Ejus</em></strong></span> <span class='ocrx_word' id='word_1_34' title='bbox 264 384 332 409; x_wconf 90' lang='lat' dir='ltr'><strong><em>ratio</em></strong></span> <span class='ocrx_word' id='word_1_35' title='bbox 348 391 380 409; x_wconf 74' lang='lat' dir='ltr'><strong><em>ea:</em></strong></span> <span class='ocrx_word' id='word_1_36' title='bbox 394 382 510 418; x_wconf 73' lang='lat' dir='ltr'><strong><em>historiis</em></strong></span> <span class='ocrx_word' id='word_1_37' title='bbox 528 382 644 418; x_wconf 86' lang='lat' dir='ltr'><strong><em>repetita.</em></strong></span> 
     </span>
    </p>
   </div>
   <div class='ocr_carea' id='block_1_8' title="bbox 219 415 970 444">
    <p class='ocr_par' dir='ltr' id='par_1_8' title="bbox 219 415 970 444">
     <span class='ocr_line' id='line_1_8' title="bbox 219 415 970 444; baseline 0 -2"><span class='ocrx_word' id='word_1_38' title='bbox 219 418 252 444; x_wconf 91' lang='lat'><strong>70</strong></span> <span class='ocrx_word' id='word_1_39' title='bbox 272 417 418 444; x_wconf 72' lang='lat' dir='ltr'><strong><em>Consilium</em></strong></span> <span class='ocrx_word' id='word_1_40' title='bbox 437 416 639 443; x_wconf 86' lang='lat' dir='ltr'><strong><em>saluberrimum</em></strong></span> <span class='ocrx_word' id='word_1_41' title='bbox 654 416 685 442; x_wconf 86' lang='lat' dir='ltr'><strong><em>de</em></strong></span> <span class='ocrx_word' id='word_1_42' title='bbox 699 415 770 442; x_wconf 85' lang='lat' dir='ltr'><strong><em>bellis</em></strong></span> <span class='ocrx_word' id='word_1_43' title='bbox 785 421 808 443; x_wconf 89' lang='lat' dir='ltr'><strong><em>et</em></strong></span> <span class='ocrx_word' id='word_1_44' title='bbox 827 417 970 442; x_wconf 81' lang='lat' dir='ltr'><strong><em>contentio-</em></strong></span> 
     </span>
    </p>
   </div>
   <div class='ocr_carea' id='block_1_9' title="bbox 180 451 970 484">
    <p class='ocr_par' dir='ltr' id='par_1_9' title="bbox 180 451 970 484">
     <span class='ocr_line' id='line_1_9' title="bbox 180 451 970 484; baseline -0.001 -6"><span class='ocrx_word' id='word_1_45' title='bbox 180 453 257 479; x_wconf 80' lang='lat' dir='ltr'><strong><em>nibus</em></strong></span> <span class='ocrx_word' id='word_1_46' title='bbox 280 454 348 479; x_wconf 87' lang='lat' dir='ltr'><strong><em>inter</em></strong></span> <span class='ocrx_word' id='word_1_47' title='bbox 365 452 484 478; x_wconf 77' lang='lat' dir='ltr'><strong><em>homines</em></strong></span> <span class='ocrx_word' id='word_1_48' title='bbox 509 451 639 482; x_wconf 75' lang='lat' dir='ltr'><strong><em>sapiendis</em></strong></span> <span class='ocrx_word' id='word_1_49' title='bbox 654 459 662 477; x_wconf 95' lang='lat'><strong><em>:</em></strong></span> <span class='ocrx_word' id='word_1_50' title='bbox 678 459 767 484; x_wconf 86' lang='lat' dir='ltr'><strong><em>nempe</em></strong></span> <span class='ocrx_word' id='word_1_51' title='bbox 789 459 819 477; x_wconf 88' lang='lat' dir='ltr'><strong><em>ne</em></strong></span> <span class='ocrx_word' id='word_1_52' title='bbox 843 453 908 477; x_wconf 87' lang='lat' dir='ltr'><strong><em>tanti</em></strong></span> <span class='ocrx_word' id='word_1_53' title='bbox 930 459 970 477; x_wconf 86' lang='lat' dir='ltr'><strong><em>res</em></strong></span> 
     </span>
    </p>
   </div>
   <div class='ocr_carea' id='block_1_10' title="bbox 180 486 969 522">
    <p class='ocr_par' dir='ltr' id='par_1_10' title="bbox 180 486 969 522">
     <span class='ocr_line' id='line_1_10' title="bbox 180 486 969 522; baseline -0.001 -8"><span class='ocrx_word' id='word_1_54' title='bbox 180 491 302 514; x_wconf 65' lang='lat' dir='ltr'><strong><em>externas</em></strong></span> <span class='ocrx_word' id='word_1_55' title='bbox 318 487 462 522; x_wconf 72' lang='lat' dir='ltr'><strong><em>faciamus,</em></strong></span> <span class='ocrx_word' id='word_1_56' title='bbox 482 486 525 512; x_wconf 85' lang='lat' dir='ltr'><strong><em>sed</em></strong></span> <span class='ocrx_word' id='word_1_57' title='bbox 542 486 598 512; x_wconf 84' lang='lat' dir='ltr'><strong><em>suis</em></strong></span> <span class='ocrx_word' id='word_1_58' title='bbox 617 486 705 520; x_wconf 86' lang='lat' dir='ltr'><strong><em>potius</em></strong></span> <span class='ocrx_word' id='word_1_59' title='bbox 727 487 886 520; x_wconf 79' lang='lat' dir='ltr'><strong><em>ponderibus</em></strong></span> <span class='ocrx_word' id='word_1_60' title='bbox 905 494 969 513; x_wconf 80' lang='lat' dir='ltr'><strong><em>exa-</em></strong></span> 
     </span>
    </p>
   </div>
   <div class='ocr_carea' id='block_1_11' title="bbox 179 530 320 548">
    <p class='ocr_par' dir='ltr' id='par_1_11' title="bbox 179 530 320 548">
     <span class='ocr_line' id='line_1_11' title="bbox 179 530 320 548; baseline 0 0"><span class='ocrx_word' id='word_1_61' title='bbox 179 530 320 548; x_wconf 83' lang='lat' dir='ltr'><strong><em>mmemus.</em></strong></span> 
     </span>
    </p>
   </div>
   <div class='ocr_carea' id='block_1_12' title="bbox 219 555 968 590">
    <p class='ocr_par' dir='ltr' id='par_1_12' title="bbox 219 555 968 590">
     <span class='ocr_line' id='line_1_12' title="bbox 219 555 968 590; baseline -0.001 -8"><span class='ocrx_word' id='word_1_62' title='bbox 219 556 248 584; x_wconf 88' lang='lat'><strong>7|</strong></span> <span class='ocrx_word' id='word_1_63' title='bbox 273 556 380 583; x_wconf 77' lang='lat' dir='ltr'><strong><em>Forma:</em></strong></span> <span class='ocrx_word' id='word_1_64' title='bbox 393 555 616 589; x_wconf 77' lang='lat' dir='ltr'><strong><em>pulchritudinem</em></strong></span> <span class='ocrx_word' id='word_1_65' title='bbox 629 555 694 581; x_wconf 80' lang='lat' dir='ltr'><strong><em>nihil</em></strong></span> <span class='ocrx_word' id='word_1_66' title='bbox 710 555 814 582; x_wconf 85' lang='lat' dir='ltr'><strong><em>obstare</em></strong></span> <span class='ocrx_word' id='word_1_67' title='bbox 827 555 968 590; x_wconf 79' lang='lat' dir='ltr'><strong><em>quominus</em></strong></span> 
     </span>
    </p>
   </div>
   <div class='ocr_carea' id='block_1_13' title="bbox 179 590 969 626">
    <p class='ocr_par' dir='ltr' id='par_1_13' title="bbox 179 590 969 626">
     <span class='ocr_line' id='line_1_13' title="bbox 179 590 969 626; baseline -0.003 -8"><span class='ocrx_word' id='word_1_68' title='bbox 179 593 238 626; x_wconf 88' lang='lat' dir='ltr'><strong><em>quis</em></strong></span> <span class='ocrx_word' id='word_1_69' title='bbox 263 592 410 618; x_wconf 84' lang='lat' dir='ltr'><strong><em>castitatem</em></strong></span> <span class='ocrx_word' id='word_1_70' title='bbox 434 591 502 617; x_wconf 81' lang='lat' dir='ltr'><strong><em>colat</em></strong></span> <span class='ocrx_word' id='word_1_71' title='bbox 529 591 675 626; x_wconf 78' lang='lat' dir='ltr'><strong><em>illibatam.</em></strong></span> <span class='ocrx_word' id='word_1_72' title='bbox 697 590 824 625; x_wconf 76' lang='lat' dir='ltr'><strong><em>probatur</em></strong></span> <span class='ocrx_word' id='word_1_73' title='bbox 845 590 969 622; x_wconf 75' lang='lat' dir='ltr'><strong><em>exemplis</em></strong></span> 
     </span>
    </p>
   </div>
   <div class='ocr_carea' id='block_1_14' title="bbox 181 625 969 659">
    <p class='ocr_par' dir='ltr' id='par_1_14' title="bbox 181 625 969 659">
     <span class='ocr_line' id='line_1_14' title="bbox 181 625 969 659; baseline -0.003 -6"><span class='ocrx_word' id='word_1_74' title='bbox 181 626 291 659; x_wconf 77' lang='lat' dir='ltr'><strong><em>Iosephi</em></strong></span> <span class='ocrx_word' id='word_1_75' title='bbox 312 632 337 653; x_wconf 89' lang='lat' dir='ltr'><strong><em>et</em></strong></span> <span class='ocrx_word' id='word_1_76' title='bbox 360 625 502 653; x_wconf 84' lang='lat' dir='ltr'><strong><em>Susannce.</em></strong></span> <span class='ocrx_word' id='word_1_77' title='bbox 528 625 681 652; x_wconf 73' lang='lat' dir='ltr'><strong><em>Notandum</em></strong></span> <span class='ocrx_word' id='word_1_78' title='bbox 702 630 792 652; x_wconf 89' lang='lat' dir='ltr'><strong><em>contra</em></strong></span> <span class='ocrx_word' id='word_1_79' title='bbox 815 625 969 652; x_wconf 85' lang='lat' dir='ltr'><strong><em>sententiam</em></strong></span> 
     </span>
    </p>
   </div>
   <div class='ocr_carea' id='block_1_15' title="bbox 183 661 447 688">
    <p class='ocr_par' dir='ltr' id='par_1_15' title="bbox 183 661 447 688">
     <span class='ocr_line' id='line_1_15' title="bbox 183 661 447 688; baseline -0.008 0"><span class='ocrx_word' id='word_1_80' title='bbox 183 661 306 688; x_wconf 70' lang='lat' dir='ltr'><strong><em>Dei/liani</em></strong></span> <span class='ocrx_word' id='word_1_81' title='bbox 330 669 417 688; x_wconf 78' lang='lat' dir='ltr'><strong><em>versus</em></strong></span> <span class='ocrx_word' id='word_1_82' title='bbox 438 668 447 687; x_wconf 87' lang='lat'><strong><em>:</em></strong></span> 
     </span>
    </p>
   </div>
   <div class='ocr_carea' id='block_1_16' title="bbox 234 694 784 728">
    <p class='ocr_par' dir='ltr' id='par_1_16' title="bbox 234 694 784 728">
     <span class='ocr_line' id='line_1_16' title="bbox 234 694 784 728; baseline -0.004 -6"><span class='ocrx_word' id='word_1_83' title='bbox 234 696 281 723; x_wconf 88' lang='lat' dir='ltr'><strong><em>Lis</em></strong></span> <span class='ocrx_word' id='word_1_84' title='bbox 294 700 336 723; x_wconf 76' lang='lat' dir='ltr'><strong><em>est</em></strong></span> <span class='ocrx_word' id='word_1_85' title='bbox 347 703 409 723; x_wconf 87' lang='lat' dir='ltr'><strong><em>cum</em></strong></span> <span class='ocrx_word' id='word_1_86' title='bbox 427 694 512 722; x_wconf 78' lang='lat' dir='ltr'><strong><em>forma</em></strong></span> <span class='ocrx_word' id='word_1_87' title='bbox 528 702 624 728; x_wconf 72' lang='lat' dir='ltr'><strong><em>magna</em></strong></span> <span class='ocrx_word' id='word_1_88' title='bbox 637 694 784 728; x_wconf 58' lang='lat' dir='ltr'><strong><em>pudicitia}.</em></strong></span> 
     </span>
    </p>
   </div>
   <div class='ocr_carea' id='block_1_17' title="bbox 216 729 970 763">
    <p class='ocr_par' dir='ltr' id='par_1_17' title="bbox 216 729 970 763">
     <span class='ocr_line' id='line_1_17' title="bbox 216 729 970 763; baseline -0.001 -6"><span class='ocrx_word' id='word_1_89' title='bbox 216 730 253 757; x_wconf 73' lang='lat'><strong><em>7‘2</em></strong></span> <span class='ocrx_word' id='word_1_90' title='bbox 274 730 334 757; x_wconf 75' lang='lat' dir='ltr'><strong><em>Non</em></strong></span> <span class='ocrx_word' id='word_1_91' title='bbox 350 737 409 763; x_wconf 85' lang='lat' dir='ltr'><strong><em>apes</em></strong></span> <span class='ocrx_word' id='word_1_92' title='bbox 422 735 445 756; x_wconf 91' lang='lat' dir='ltr'><strong><em>et</em></strong></span> <span class='ocrx_word' id='word_1_93' title='bbox 460 730 574 762; x_wconf 89' lang='lat' dir='ltr'><strong><em>potentia</em></strong></span> <span class='ocrx_word' id='word_1_94' title='bbox 586 734 610 756; x_wconf 90' lang='lat' dir='ltr'><strong><em>et</em></strong></span> <span class='ocrx_word' id='word_1_95' title='bbox 624 729 735 762; x_wconf 87' lang='lat' dir='ltr'><strong><em>felicitas</em></strong></span> <span class='ocrx_word' id='word_1_96' title='bbox 749 730 910 762; x_wconf 87' lang='lat' dir='ltr'><strong><em>accusanda,</em></strong></span> <span class='ocrx_word' id='word_1_97' title='bbox 925 730 970 756; x_wconf 88' lang='lat' dir='ltr'><strong><em>sed</em></strong></span> 
     </span>
    </p>
   </div>
   <div class='ocr_carea' id='block_1_18' title="bbox 180 765 970 826">
    <p class='ocr_par' dir='ltr' id='par_1_18' title="bbox 180 765 970 826">
     <span class='ocr_line' id='line_1_18' title="bbox 180 765 970 826; baseline -0.003 -34"><span class='ocrx_word' id='word_1_98' title='bbox 180 766 287 826; x_wconf 51' lang='lat' dir='ltr'><strong><em>animus</em></strong></span> <span class='ocrx_word' id='word_1_99' title='bbox 304 766 362 801; x_wconf 83' lang='lat' dir='ltr'><strong><em>ejus</em></strong></span> <span class='ocrx_word' id='word_1_100' title='bbox 381 766 425 800; x_wconf 87' lang='lat' dir='ltr'><strong><em>qui</em></strong></span> <span class='ocrx_word' id='word_1_101' title='bbox 442 765 482 792; x_wconf 91' lang='lat' dir='ltr'><strong><em>his</em></strong></span> <span class='ocrx_word' id='word_1_102' title='bbox 501 773 550 791; x_wconf 90' lang='lat' dir='ltr'><strong><em>non</em></strong></span> <span class='ocrx_word' id='word_1_103' title='bbox 567 769 633 791; x_wconf 90' lang='lat' dir='ltr'><strong><em>recte</em></strong></span> <span class='ocrx_word' id='word_1_104' title='bbox 654 765 750 796; x_wconf 81' lang='lat' dir='ltr'><strong><em>utitur,</em></strong></span> <span class='ocrx_word' id='word_1_105' title='bbox 767 765 793 791; x_wconf 89' lang='lat' dir='ltr'><strong><em>in</em></strong></span> <span class='ocrx_word' id='word_1_106' title='bbox 809 765 907 791; x_wconf 83' lang='lat' dir='ltr'><strong><em>crimen</em></strong></span> <span class='ocrx_word' id='word_1_107' title='bbox 926 773 970 791; x_wconf 77' lang='lat' dir='ltr'><strong><em>ro-</em></strong></span> 
     </span>
     <span class='ocr_line' id='line_1_19' title="bbox 180 809 293 826; baseline -0.009 0"><span class='ocrx_word' id='word_1_108' title='bbox 180 809 230 826; x_wconf 82' lang='lat' dir='ltr'><strong><em>can</em></strong></span> <span class='ocrx_word' id='word_1_109' title='bbox 253 809 293 826; x_wconf 87' lang='lat' dir='ltr'><strong><em>ns.</em></strong></span> 
     </span>
    </p>
   </div>
   <div class='ocr_carea' id='block_1_19' title="bbox 180 809 293 826">
    <p class='ocr_par' dir='ltr' id='par_1_19' title="bbox 180 809 293 826">
     <span class='ocr_line' id='line_1_20' title="bbox 180 809 293 826; baseline -0.009 0"><span class='ocrx_word' id='word_1_110' title='bbox 180 809 293 826; x_wconf 70' lang='lat' dir='ltr'><strong><em>sanans.</em></strong></span> 
     </span>
    </p>
   </div>
   <div class='ocr_carea' id='block_1_20' title="bbox 218 834 971 869">
    <p class='ocr_par' dir='ltr' id='par_1_20' title="bbox 218 834 971 869">
     <span class='ocr_line' id='line_1_21' title="bbox 218 834 971 869; baseline 0 -9"><span class='ocrx_word' id='word_1_111' title='bbox 218 835 252 861; x_wconf 81' lang='grc'>75</span> <span class='ocrx_word' id='word_1_112' title='bbox 273 835 360 869; x_wconf 85' lang='lat' dir='ltr'><strong><em>Typus</em></strong></span> <span class='ocrx_word' id='word_1_113' title='bbox 381 843 450 862; x_wconf 69' lang='lat' dir='ltr'><strong><em>arca:</em></strong></span> <span class='ocrx_word' id='word_1_114' title='bbox 466 834 585 868; x_wconf 76' lang='lat' dir='ltr'><strong><em>foederis,</em></strong></span> <span class='ocrx_word' id='word_1_115' title='bbox 607 839 630 860; x_wconf 92' lang='lat' dir='ltr'><strong><em>et</em></strong></span> <span class='ocrx_word' id='word_1_116' title='bbox 653 834 841 868; x_wconf 78' lang='lat' dir='ltr'><strong><em>propitiatorii.</em></strong></span> <span class='ocrx_word' id='word_1_117' title='bbox 867 839 890 860; x_wconf 91' lang='lat' dir='ltr'><strong><em>et</em></strong></span> <span class='ocrx_word' id='word_1_118' title='bbox 912 834 971 860; x_wconf 81' lang='lat' dir='ltr'><strong><em>clte-</em></strong></span> 
     </span>
    </p>
   </div>
   <div class='ocr_carea' id='block_1_21' title="bbox 181 869 968 904">
    <p class='ocr_par' dir='ltr' id='par_1_21' title="bbox 181 869 968 904">
     <span class='ocr_line' id='line_1_22' title="bbox 181 869 968 904; baseline 0.001 -9"><span class='ocrx_word' id='word_1_119' title='bbox 181 870 280 902; x_wconf 87' lang='lat' dir='ltr'><strong><em>rubim,</em></strong></span> <span class='ocrx_word' id='word_1_120' title='bbox 299 875 322 896; x_wconf 93' lang='lat' dir='ltr'><strong><em>et</em></strong></span> <span class='ocrx_word' id='word_1_121' title='bbox 337 878 451 900; x_wconf 67' lang='lat' dir='ltr'><strong><em>marinae,</em></strong></span> <span class='ocrx_word' id='word_1_122' title='bbox 475 875 498 896; x_wconf 90' lang='lat' dir='ltr'><strong><em>et</em></strong></span> <span class='ocrx_word' id='word_1_123' title='bbox 518 870 591 904; x_wconf 76' lang='lat' dir='ltr'><strong><em>virga</em></strong></span> <span class='ocrx_word' id='word_1_124' title='bbox 607 869 729 900; x_wconf 77' lang='lat' dir='ltr'><strong><em>Aaronis.</em></strong></span> <span class='ocrx_word' id='word_1_125' title='bbox 746 869 807 902; x_wconf 88' lang='lat' dir='ltr'><strong><em>quid</em></strong></span> <span class='ocrx_word' id='word_1_126' title='bbox 826 871 968 896; x_wconf 79' lang='lat' dir='ltr'><strong><em>denotarit.</em></strong></span> 
     </span>
    </p>
   </div>
   <div class='ocr_carea' id='block_1_22' title="bbox 218 903 970 939">
    <p class='ocr_par' dir='ltr' id='par_1_22' title="bbox 218 903 970 939">
     <span class='ocr_line' id='line_1_23' title="bbox 218 903 970 939; baseline -0.001 -9"><span class='ocrx_word' id='word_1_127' title='bbox 218 905 252 930; x_wconf 66' lang='grc'>74</span> <span class='ocrx_word' id='word_1_128' title='bbox 281 905 382 936; x_wconf 80' lang='lat' dir='ltr'><strong><em>.Iudcei,</em></strong></span> <span class='ocrx_word' id='word_1_129' title='bbox 402 909 536 939; x_wconf 83' lang='lat' dir='ltr'><strong><em>postquam</em></strong></span> <span class='ocrx_word' id='word_1_130' title='bbox 559 903 693 931; x_wconf 75' lang='lat' dir='ltr'><strong><em>Christum</em></strong></span> <span class='ocrx_word' id='word_1_131' title='bbox 717 906 798 931; x_wconf 85' lang='lat' dir='ltr'><strong><em>tantis</em></strong></span> <span class='ocrx_word' id='word_1_132' title='bbox 828 903 970 937; x_wconf 70' lang='lat' dir='ltr'><strong><em>a/chernnl</em></strong></span> 
     </span>
    </p>
   </div>
   <div class='ocr_carea' id='block_1_23' title="bbox 182 939 969 973">
    <p class='ocr_par' dir='ltr' id='par_1_23' title="bbox 182 939 969 973">
     <span class='ocr_line' id='line_1_24' title="bbox 182 939 969 973; baseline -0.001 -8"><span class='ocrx_word' id='word_1_133' title='bbox 182 939 359 969; x_wconf 76' lang='lat' dir='ltr'><strong><em>contumeliis.</em></strong></span> <span class='ocrx_word' id='word_1_134' title='bbox 378 939 452 972; x_wconf 83' lang='lat' dir='ltr'><strong><em>ﬁlioli</em></strong></span> <span class='ocrx_word' id='word_1_135' title='bbox 478 946 501 966; x_wconf 89' lang='lat' dir='ltr'><strong><em>et</em></strong></span> <span class='ocrx_word' id='word_1_136' title='bbox 522 947 654 973; x_wconf 87' lang='lat' dir='ltr'><strong><em>nunquam</em></strong></span> <span class='ocrx_word' id='word_1_137' title='bbox 673 939 851 965; x_wconf 72' lang='lat' dir='ltr'><strong><em>instauranda</em></strong></span> <span class='ocrx_word' id='word_1_138' title='bbox 868 939 969 964; x_wconf 57' lang='lat' dir='ltr'><strong><em>excidio</em></strong></span> 
     </span>
    </p>
   </div>
   <div class='ocr_carea' id='block_1_24' title="bbox 183 973 452 1005">
    <p class='ocr_par' dir='ltr' id='par_1_24' title="bbox 183 973 452 1005">
     <span class='ocr_line' id='line_1_25' title="bbox 183 973 452 1005; baseline 0.004 -5"><span class='ocrx_word' id='word_1_139' title='bbox 183 982 199 1000; x_wconf 79' lang='grc' dir='ltr'><strong><em>ιι</em></strong></span> <span class='ocrx_word' id='word_1_140' title='bbox 216 973 270 999; x_wconf 86' lang='lat' dir='ltr'><strong><em>Deo</em></strong></span> <span class='ocrx_word' id='word_1_141' title='bbox 281 975 366 1005; x_wconf 90' lang='lat' dir='ltr'><strong><em>puniti</em></strong></span> <span class='ocrx_word' id='word_1_142' title='bbox 382 979 452 1001; x_wconf 86' lang='lat' dir='ltr'><strong><em>sunt.</em></strong></span> 
     </span>
    </p>
   </div>
   <div class='ocr_carea' id='block_1_25' title="bbox 220 1008 973 1042">
    <p class='ocr_par' dir='ltr' id='par_1_25' title="bbox 220 1008 973 1042">
     <span class='ocr_line' id='line_1_26' title="bbox 220 1008 973 1042; baseline -0.001 -8"><span class='ocrx_word' id='word_1_143' title='bbox 220 1009 255 1035; x_wconf 81' lang='grc'>75</span> <span class='ocrx_word' id='word_1_144' title='bbox 273 1008 429 1034; x_wconf 76' lang='lat' dir='ltr'><strong><em>.ludmorual</em></strong></span> <span class='ocrx_word' id='word_1_145' title='bbox 451 1008 595 1041; x_wconf 73' lang='lat' dir='ltr'><strong><em>captivitas,</em></strong></span> <span class='ocrx_word' id='word_1_146' title='bbox 620 1016 697 1042; x_wconf 86' lang='lat' dir='ltr'><strong><em>quam</em></strong></span> <span class='ocrx_word' id='word_1_147' title='bbox 727 1017 741 1034; x_wconf 88' lang='lat' dir='ltr'><strong><em>a</em></strong></span> <span class='ocrx_word' id='word_1_148' title='bbox 769 1008 893 1034; x_wconf 77' lang='lat' dir='ltr'><strong><em>Romanis</em></strong></span> <span class='ocrx_word' id='word_1_149' title='bbox 914 1015 973 1039; x_wconf 84' lang='lat' dir='ltr'><strong><em>per-</em></strong></span> 
     </span>
    </p>
   </div>
   <div class='ocr_carea' id='block_1_26' title="bbox 185 1042 972 1076">
    <p class='ocr_par' dir='ltr' id='par_1_26' title="bbox 185 1042 972 1076">
     <span class='ocr_line' id='line_1_27' title="bbox 185 1042 972 1076; baseline -0.001 -7"><span class='ocrx_word' id='word_1_150' title='bbox 185 1045 255 1076; x_wconf 82' lang='lat' dir='ltr'><strong><em>pessi</em></strong></span> <span class='ocrx_word' id='word_1_151' title='bbox 269 1049 341 1073; x_wconf 79' lang='lat' dir='ltr'><strong><em>sunt,</em></strong></span> <span class='ocrx_word' id='word_1_152' title='bbox 358 1044 416 1068; x_wconf 90' lang='lat' dir='ltr'><strong><em>ideo</em></strong></span> <span class='ocrx_word' id='word_1_153' title='bbox 444 1051 459 1069; x_wconf 94' lang='lat' dir='ltr'><strong><em>a</em></strong></span> <span class='ocrx_word' id='word_1_154' title='bbox 484 1043 583 1069; x_wconf 82' lang='lat' dir='ltr'><strong><em>nemine</em></strong></span> <span class='ocrx_word' id='word_1_155' title='bbox 600 1043 652 1069; x_wconf 89' lang='lat' dir='ltr'><strong><em>alio</em></strong></span> <span class='ocrx_word' id='word_1_156' title='bbox 671 1049 843 1076; x_wconf 69' lang='lat' dir='ltr'><strong><em>praeterquam</em></strong></span> <span class='ocrx_word' id='word_1_157' title='bbox 858 1042 972 1076; x_wconf 86' lang='lat' dir='ltr'><strong><em>Josep/to</em></strong></span> 
     </span>
    </p>
   </div>
   <div class='ocr_carea' id='block_1_27' title="bbox 183 1077 973 1112">
    <p class='ocr_par' dir='ltr' id='par_1_27' title="bbox 183 1077 973 1112">
     <span class='ocr_line' id='line_1_28' title="bbox 183 1077 973 1112; baseline -0.001 -8"><span class='ocrx_word' id='word_1_158' title='bbox 183 1077 280 1104; x_wconf 78' lang='lat' dir='ltr'><strong><em>Judrro</em></strong></span> <span class='ocrx_word' id='word_1_159' title='bbox 293 1078 407 1105; x_wconf 80' lang='lat' dir='ltr'><strong><em>describi</em></strong></span> <span class='ocrx_word' id='word_1_160' title='bbox 424 1078 526 1110; x_wconf 85' lang='lat' dir='ltr'><strong><em>debuit,</em></strong></span> <span class='ocrx_word' id='word_1_161' title='bbox 539 1091 542 1094; x_wconf 88' lang='lat'><strong>-</strong></span> <span class='ocrx_word' id='word_1_162' title='bbox 553 1084 578 1104; x_wconf 90' lang='lat' dir='ltr'><strong><em>ut</em></strong></span> <span class='ocrx_word' id='word_1_163' title='bbox 596 1078 648 1112; x_wconf 85' lang='lat' dir='ltr'><strong><em>fide</em></strong></span> <span class='ocrx_word' id='word_1_164' title='bbox 660 1078 763 1112; x_wconf 81' lang='lat' dir='ltr'><strong><em>dignior</em></strong></span> <span class='ocrx_word' id='word_1_165' title='bbox 781 1083 846 1109; x_wconf 81' lang='lat' dir='ltr'><strong><em>esset</em></strong></span> <span class='ocrx_word' id='word_1_166' title='bbox 862 1078 973 1104; x_wconf 88' lang='lat' dir='ltr'><strong><em>historia</em></strong></span> 
     </span>
    </p>
   </div>
   <div class='ocr_carea' id='block_1_28' title="bbox 183 1113 667 1146">
    <p class='ocr_par' dir='ltr' id='par_1_28' title="bbox 183 1113 667 1146">
     <span class='ocr_line' id='line_1_29' title="bbox 183 1113 667 1146; baseline -0.002 -7"><span class='ocrx_word' id='word_1_167' title='bbox 183 1114 303 1146; x_wconf 74' lang='grc' dir='ltr'><strong><em>εεεηιρΙο</em></strong></span> <span class='ocrx_word' id='word_1_168' title='bbox 315 1121 345 1139; x_wconf 74' lang='grc' dir='ltr'><strong><em>τα</em></strong></span> <span class='ocrx_word' id='word_1_169' title='bbox 351 1113 461 1138; x_wconf 77' lang='grc' dir='ltr'><strong><em>Γεηιὶυιη</em></strong></span> <span class='ocrx_word' id='word_1_170' title='bbox 477 1121 627 1139; x_wconf 80' lang='lat' dir='ltr'><strong><em>a&#39;rnnmaru</em></strong></span> <span class='ocrx_word' id='word_1_171' title='bbox 632 1121 655 1138; x_wconf 82' lang='grc'><strong><em>111</em></strong></span> <span class='ocrx_word' id='word_1_172' title='bbox 661 1132 667 1138; x_wconf 95' lang='grc'>.</span> 
     </span>
    </p>
   </div>
   <div class='ocr_carea' id='block_1_29' title="bbox 221 1147 973 1183">
    <p class='ocr_par' dir='ltr' id='par_1_29' title="bbox 221 1147 973 1183">
     <span class='ocr_line' id='line_1_30' title="bbox 221 1147 973 1183; baseline 0 -9"><span class='ocrx_word' id='word_1_173' title='bbox 221 1148 255 1174; x_wconf 88' lang='grc'><strong><em>76</em></strong></span> <span class='ocrx_word' id='word_1_174' title='bbox 283 1147 399 1182; x_wconf 85' lang='lat' dir='ltr'><strong><em>Regnum</em></strong></span> <span class='ocrx_word' id='word_1_175' title='bbox 425 1148 549 1174; x_wconf 75' lang='lat' dir='ltr'><strong><em>caelorum</em></strong></span> <span class='ocrx_word' id='word_1_176' title='bbox 576 1149 628 1183; x_wconf 64' lang='lat' dir='ltr'><strong><em>sive</em></strong></span> <span class='ocrx_word' id='word_1_177' title='bbox 653 1147 811 1183; x_wconf 70' lang='lat' dir='ltr'><strong><em>praeconium</em></strong></span> <span class='ocrx_word' id='word_1_178' title='bbox 838 1147 973 1183; x_wconf 84' lang='lat' dir='ltr'><strong><em>Evangelii</em></strong></span> 
     </span>
    </p>
   </div>
   <div class='ocr_carea' id='block_1_30' title="bbox 184 1182 876 1216">
    <p class='ocr_par' dir='ltr' id='par_1_30' title="bbox 184 1182 876 1216">
     <span class='ocr_line' id='line_1_31' title="bbox 184 1182 876 1216; baseline 0.001 -8"><span class='ocrx_word' id='word_1_179' title='bbox 184 1190 268 1216; x_wconf 87' lang='lat' dir='ltr'><strong><em>quare</em></strong></span> <span class='ocrx_word' id='word_1_180' title='bbox 281 1191 340 1209; x_wconf 85' lang='lat' dir='ltr'><strong><em>cum</em></strong></span> <span class='ocrx_word' id='word_1_181' title='bbox 352 1190 434 1216; x_wconf 80' lang='lat' dir='ltr'><strong><em>grano</em></strong></span> <span class='ocrx_word' id='word_1_182' title='bbox 450 1183 547 1215; x_wconf 87' lang='lat' dir='ltr'><strong><em>sinapis</em></strong></span> <span class='ocrx_word' id='word_1_183' title='bbox 566 1191 580 1208; x_wconf 83' lang='grc' dir='ltr'><strong><em>(ι</em></strong></span> <span class='ocrx_word' id='word_1_184' title='bbox 599 1182 703 1209; x_wconf 79' lang='lat' dir='ltr'><strong><em>Christo</em></strong></span> <span class='ocrx_word' id='word_1_185' title='bbox 716 1182 876 1216; x_wconf 89' lang='lat' dir='ltr'><strong><em>conferatur.</em></strong></span> 
     </span>
    </p>
   </div>
   <div class='ocr_carea' id='block_1_31' title="bbox 222 1216 937 1251">
    <p class='ocr_par' dir='ltr' id='par_1_31' title="bbox 222 1216 937 1251">
     <span class='ocr_line' id='line_1_32' title="bbox 222 1216 937 1251; baseline 0 -8"><span class='ocrx_word' id='word_1_186' title='bbox 222 1218 257 1243; x_wconf 91' lang='lat'><strong><em>77</em></strong></span> <span class='ocrx_word' id='word_1_187' title='bbox 277 1217 406 1249; x_wconf 88' lang='lat' dir='ltr'><strong><em>Josephus</em></strong></span> <span class='ocrx_word' id='word_1_188' title='bbox 419 1216 551 1251; x_wconf 61' lang='lat' dir='ltr'><strong><em>Egyptia&#39;</em></strong></span> <span class='ocrx_word' id='word_1_189' title='bbox 564 1216 667 1251; x_wconf 72' lang='lat' dir='ltr'><strong><em>femina&#39;</em></strong></span> <span class='ocrx_word' id='word_1_190' title='bbox 681 1222 703 1243; x_wconf 91' lang='lat' dir='ltr'><strong><em>et</em></strong></span> <span class='ocrx_word' id='word_1_191' title='bbox 716 1217 834 1243; x_wconf 80' lang='lat' dir='ltr'><strong><em>libidinis</em></strong></span> <span class='ocrx_word' id='word_1_192' title='bbox 846 1218 937 1244; x_wconf 79' lang='lat' dir='ltr'><strong><em>victor.</em></strong></span> 
     </span>
    </p>
   </div>
   <div class='ocr_carea' id='block_1_32' title="bbox 223 1251 974 1286">
    <p class='ocr_par' dir='ltr' id='par_1_32' title="bbox 223 1251 974 1286">
     <span class='ocr_line' id='line_1_33' title="bbox 223 1251 974 1286; baseline 0 -7"><span class='ocrx_word' id='word_1_193' title='bbox 223 1253 259 1279; x_wconf 88' lang='lat'><strong>78</strong></span> <span class='ocrx_word' id='word_1_194' title='bbox 285 1251 411 1278; x_wconf 81' lang='lat' dir='ltr'><strong><em>Virtutem</em></strong></span> <span class='ocrx_word' id='word_1_195' title='bbox 427 1260 483 1278; x_wconf 84' lang='lat' dir='ltr'><strong><em>esse</em></strong></span> <span class='ocrx_word' id='word_1_196' title='bbox 504 1260 556 1278; x_wconf 92' lang='lat' dir='ltr'><strong><em>rem</em></strong></span> <span class='ocrx_word' id='word_1_197' title='bbox 580 1252 777 1284; x_wconf 82' lang='lat' dir='ltr'><strong><em>imperatoriam</em></strong></span> <span class='ocrx_word' id='word_1_198' title='bbox 793 1257 816 1278; x_wconf 91' lang='lat' dir='ltr'><strong><em>et</em></strong></span> <span class='ocrx_word' id='word_1_199' title='bbox 834 1253 926 1286; x_wconf 88' lang='lat' dir='ltr'><strong><em>ubique</em></strong></span> <span class='ocrx_word' id='word_1_200' title='bbox 947 1253 974 1279; x_wconf 88' lang='lat' dir='ltr'><strong><em>in</em></strong></span> 
     </span>
    </p>
   </div>
   <div class='ocr_carea' id='block_1_33' title="bbox 188 1286 974 1323">
    <p class='ocr_par' dir='ltr' id='par_1_33' title="bbox 188 1286 974 1323">
     <span class='ocr_line' id='line_1_34' title="bbox 188 1286 974 1323; baseline -0.001 -9"><span class='ocrx_word' id='word_1_201' title='bbox 188 1288 280 1321; x_wconf 78' lang='lat' dir='ltr'><strong><em>quavis</em></strong></span> <span class='ocrx_word' id='word_1_202' title='bbox 302 1289 410 1321; x_wconf 75' lang='lat' dir='ltr'><strong><em>fortuna</em></strong></span> <span class='ocrx_word' id='word_1_203' title='bbox 437 1287 580 1319; x_wconf 85' lang='lat' dir='ltr'><strong><em>victricem,</em></strong></span> <span class='ocrx_word' id='word_1_204' title='bbox 605 1286 702 1314; x_wconf 85' lang='lat' dir='ltr'><strong><em>illustri</em></strong></span> <span class='ocrx_word' id='word_1_205' title='bbox 727 1288 844 1321; x_wconf 71' lang='lat' dir='ltr'><strong><em>exemplo</em></strong></span> <span class='ocrx_word' id='word_1_206' title='bbox 865 1287 974 1323; x_wconf 87' lang='lat' dir='ltr'><strong><em>Josephi</em></strong></span> 
     </span>
    </p>
   </div>
   <div class='ocr_carea' id='block_1_34' title="bbox 189 1323 324 1350">
    <p class='ocr_par' dir='ltr' id='par_1_34' title="bbox 189 1323 324 1350">
     <span class='ocr_line' id='line_1_35' title="bbox 189 1323 324 1350; baseline -0.015 0"><span class='ocrx_word' id='word_1_207' title='bbox 189 1323 324 1350; x_wconf 68' lang='lat' dir='ltr'><strong><em>probatur.</em></strong></span> 
     </span>
    </p>
   </div>
   <div class='ocr_carea' id='block_1_35' title="bbox 226 1355 975 1391">
    <p class='ocr_par' dir='ltr' id='par_1_35' title="bbox 226 1355 975 1391">
     <span class='ocr_line' id='line_1_36' title="bbox 226 1355 975 1391; baseline -0.001 -7"><span class='ocrx_word' id='word_1_208' title='bbox 226 1357 260 1384; x_wconf 83' lang='lat'><strong><em>79</em></strong></span> <span class='ocrx_word' id='word_1_209' title='bbox 279 1357 379 1383; x_wconf 80' lang='lat' dir='ltr'><strong><em>Paulus</em></strong></span> <span class='ocrx_word' id='word_1_210' title='bbox 404 1365 449 1383; x_wconf 88' lang='lat' dir='ltr'><strong><em>vas</em></strong></span> <span class='ocrx_word' id='word_1_211' title='bbox 474 1355 607 1383; x_wconf 82' lang='lat' dir='ltr'><strong><em>electionis</em></strong></span> <span class='ocrx_word' id='word_1_212' title='bbox 634 1356 686 1383; x_wconf 88' lang='lat' dir='ltr'><strong><em>vita</em></strong></span> <span class='ocrx_word' id='word_1_213' title='bbox 713 1365 764 1382; x_wconf 91' lang='lat' dir='ltr'><strong><em>non</em></strong></span> <span class='ocrx_word' id='word_1_214' title='bbox 791 1357 877 1383; x_wconf 89' lang='lat' dir='ltr'><strong><em>minus</em></strong></span> <span class='ocrx_word' id='word_1_215' title='bbox 897 1365 975 1391; x_wconf 87' lang='lat' dir='ltr'><strong><em>quam</em></strong></span> 
     </span>
    </p>
   </div>
   <div class='ocr_carea' id='block_1_36' title="bbox 187 1391 976 1426">
    <p class='ocr_par' dir='ltr' id='par_1_36' title="bbox 187 1391 976 1426">
     <span class='ocr_line' id='line_1_37' title="bbox 187 1391 976 1426; baseline -0.001 -7"><span class='ocrx_word' id='word_1_216' title='bbox 187 1400 307 1420; x_wconf 84' lang='lat' dir='ltr'><strong><em>sermone</em></strong></span> <span class='ocrx_word' id='word_1_217' title='bbox 323 1395 425 1426; x_wconf 75' lang='lat' dir='ltr'><strong><em>potens,</em></strong></span> <span class='ocrx_word' id='word_1_218' title='bbox 449 1391 566 1423; x_wconf 71' lang='lat' dir='ltr'><strong><em>exemplo</em></strong></span> <span class='ocrx_word' id='word_1_219' title='bbox 589 1396 627 1418; x_wconf 89' lang='lat' dir='ltr'><strong><em>est</em></strong></span> <span class='ocrx_word' id='word_1_220' title='bbox 645 1391 786 1417; x_wconf 87' lang='lat' dir='ltr'><strong><em>antistibus</em></strong></span> <span class='ocrx_word' id='word_1_221' title='bbox 811 1391 935 1418; x_wconf 70' lang='lat' dir='ltr'><strong><em>Ecclesia!</em></strong></span> <span class='ocrx_word' id='word_1_222' title='bbox 952 1397 976 1418; x_wconf 87' lang='lat' dir='ltr'><strong><em>et</em></strong></span> 
     </span>
    </p>
   </div>
   <div class='ocr_carea' id='block_1_37' title="bbox 185 1426 976 1460">
    <p class='ocr_par' dir='ltr' id='par_1_37' title="bbox 185 1426 976 1460">
     <span class='ocr_line' id='line_1_38' title="bbox 185 1426 976 1460; baseline -0.001 -6"><span class='ocrx_word' id='word_1_223' title='bbox 185 1427 258 1454; x_wconf 73' lang='lat' dir='ltr'><strong><em>verbi</em></strong></span> <span class='ocrx_word' id='word_1_224' title='bbox 283 1427 365 1453; x_wconf 77' lang='lat' dir='ltr'><strong><em>divini</em></strong></span> <span class='ocrx_word' id='word_1_225' title='bbox 387 1427 561 1460; x_wconf 74' lang='lat' dir='ltr'><strong><em>pra‘conibus,</em></strong></span> <span class='ocrx_word' id='word_1_226' title='bbox 579 1430 606 1452; x_wconf 80' lang='lat' dir='ltr'><strong><em>ut</em></strong></span> <span class='ocrx_word' id='word_1_227' title='bbox 622 1427 702 1452; x_wconf 87' lang='lat' dir='ltr'><strong><em>vitam</em></strong></span> <span class='ocrx_word' id='word_1_228' title='bbox 721 1426 976 1460; x_wconf 82' lang='lat' dir='ltr'><strong><em>irrepreltensibilem</em></strong></span> 
     </span>
    </p>
   </div>
   <div class='ocr_carea' id='block_1_38' title="bbox 186 1462 594 1488">
    <p class='ocr_par' dir='ltr' id='par_1_38' title="bbox 186 1462 594 1488">
     <span class='ocr_line' id='line_1_39' title="bbox 186 1462 594 1488; baseline -0.005 0"><span class='ocrx_word' id='word_1_229' title='bbox 186 1462 316 1488; x_wconf 76' lang='lat' dir='ltr'><strong><em>doctrince</em></strong></span> <span class='ocrx_word' id='word_1_230' title='bbox 328 1462 445 1488; x_wconf 78' lang='lat' dir='ltr'><strong><em>veritatis</em></strong></span> <span class='ocrx_word' id='word_1_231' title='bbox 462 1464 594 1487; x_wconf 81' lang='lat' dir='ltr'><strong><em>astruant.</em></strong></span> 
     </span>
    </p>
   </div>
   <div class='ocr_carea' id='block_1_39' title="bbox 222 1494 975 1529">
    <p class='ocr_par' dir='ltr' id='par_1_39' title="bbox 222 1494 975 1529">
     <span class='ocr_line' id='line_1_40' title="bbox 222 1494 975 1529; baseline 0.001 -7"><span class='ocrx_word' id='word_1_232' title='bbox 222 1497 260 1522; x_wconf 84' lang='lat'><strong>80</strong></span> <span class='ocrx_word' id='word_1_233' title='bbox 285 1497 339 1523; x_wconf 86' lang='lat' dir='ltr'><strong><em>Cur</em></strong></span> <span class='ocrx_word' id='word_1_234' title='bbox 362 1497 457 1522; x_wconf 74' lang='lat' dir='ltr'><strong><em>dixerit</em></strong></span> <span class='ocrx_word' id='word_1_235' title='bbox 485 1504 545 1529; x_wconf 82' lang='lat' dir='ltr'><strong><em>pop.</em></strong></span> <span class='ocrx_word' id='word_1_236' title='bbox 567 1495 632 1523; x_wconf 90' lang='lat' dir='ltr'><strong><em>Jud.</em></strong></span> <span class='ocrx_word' id='word_1_237' title='bbox 657 1494 741 1522; x_wconf 76' lang='lat' dir='ltr'><strong><em>Exod.</em></strong></span> <span class='ocrx_word' id='word_1_238' title='bbox 756 1503 800 1521; x_wconf 72' lang='lat' dir='ltr'><strong>xu</strong></span> <span class='ocrx_word' id='word_1_239' title='bbox 823 1495 975 1529; x_wconf 77' lang='lat' dir='ltr'><strong><em>(secundum</em></strong></span> 
     </span>
    </p>
   </div>
   <div class='ocr_carea' id='block_1_40' title="bbox 188 1530 973 1565">
    <p class='ocr_par' dir='ltr' id='par_1_40' title="bbox 188 1530 973 1565">
     <span class='ocr_line' id='line_1_41' title="bbox 188 1530 973 1565; baseline -0.001 -6"><span class='ocrx_word' id='word_1_240' title='bbox 188 1531 277 1560; x_wconf 72' lang='lat' dir='ltr'><strong><em>Graec.</em></strong></span> <span class='ocrx_word' id='word_1_241' title='bbox 290 1531 435 1565; x_wconf 84' lang='lat' dir='ltr'><strong><em>interpret.)</em></strong></span> <span class='ocrx_word' id='word_1_242' title='bbox 453 1540 462 1556; x_wconf 75' lang='lat' dir='ltr'><strong><em>t</em></strong></span> <span class='ocrx_word' id='word_1_243' title='bbox 480 1530 574 1557; x_wconf 87' lang='lat' dir='ltr'><strong><em>Omnia</em></strong></span> <span class='ocrx_word' id='word_1_244' title='bbox 585 1538 744 1565; x_wconf 63' lang='lat' dir='ltr'><strong><em>quaecunque</em></strong></span> <span class='ocrx_word' id='word_1_245' title='bbox 757 1531 822 1556; x_wconf 71' lang='lat' dir='ltr'><strong><em>dixit</em></strong></span> <span class='ocrx_word' id='word_1_246' title='bbox 838 1530 973 1563; x_wconf 76' lang='lat' dir='ltr'><strong><em>Dominus,</em></strong></span> 
     </span>
    </p>
   </div>
   <div class='ocr_carea' id='block_1_41' title="bbox 188 1565 973 1601">
    <p class='ocr_par' dir='ltr' id='par_1_41' title="bbox 188 1565 973 1601">
     <span class='ocr_line' id='line_1_42' title="bbox 188 1565 973 1601; baseline 0.001 -9"><span class='ocrx_word' id='word_1_247' title='bbox 188 1567 329 1601; x_wconf 85' lang='lat' dir='ltr'><strong><em>faciemus,</em></strong></span> <span class='ocrx_word' id='word_1_248' title='bbox 344 1571 367 1592; x_wconf 89' lang='lat' dir='ltr'><strong><em>et</em></strong></span> <span class='ocrx_word' id='word_1_249' title='bbox 385 1567 532 1592; x_wconf 85' lang='lat' dir='ltr'><strong><em>audiemus.</em></strong></span> <span class='ocrx_word' id='word_1_250' title='bbox 551 1574 560 1590; x_wconf 75' lang='grc' dir='ltr'><strong><em>ι</em></strong></span> <span class='ocrx_word' id='word_1_251' title='bbox 583 1565 618 1591; x_wconf 88' lang='lat' dir='ltr'><strong><em>lu</em></strong></span> <span class='ocrx_word' id='word_1_252' title='bbox 633 1565 707 1591; x_wconf 83' lang='lat' dir='ltr'><strong><em>rebus</em></strong></span> <span class='ocrx_word' id='word_1_253' title='bbox 721 1565 815 1591; x_wconf 87' lang='lat' dir='ltr'><strong><em>divinis</em></strong></span> <span class='ocrx_word' id='word_1_254' title='bbox 828 1566 917 1599; x_wconf 66' lang='lat' dir='ltr'><strong><em>praxis</em></strong></span> <span class='ocrx_word' id='word_1_255' title='bbox 930 1575 973 1593; x_wconf 62' lang='grc' dir='ltr'><strong><em>σος</em></strong></span> 
     </span>
    </p>
   </div>
   <div class='ocr_carea' id='block_1_42' title="bbox 191 1601 455 1636">
    <p class='ocr_par' dir='ltr' id='par_1_42' title="bbox 191 1601 455 1636">
     <span class='ocr_line' id='line_1_43' title="bbox 191 1601 455 1636; baseline -0.004 -9"><span class='ocrx_word' id='word_1_256' title='bbox 191 1601 306 1636; x_wconf 62' lang='grc' dir='ltr'><strong><em>θηίιὶοιιε</em></strong></span> <span class='ocrx_word' id='word_1_257' title='bbox 322 1602 398 1633; x_wconf 89' lang='lat' dir='ltr'><strong><em>prior</em></strong></span> <span class='ocrx_word' id='word_1_258' title='bbox 407 1605 455 1636; x_wconf 66' lang='lat' dir='ltr'><strong><em>est.</em></strong></span> 
     </span>
    </p>
   </div>
   <div class='ocr_carea' id='block_1_43' title="bbox 225 1633 970 1668">
    <p class='ocr_par' dir='ltr' id='par_1_43' title="bbox 225 1633 970 1668">
     <span class='ocr_line' id='line_1_44' title="bbox 225 1633 970 1668; baseline 0 -6"><span class='ocrx_word' id='word_1_259' title='bbox 225 1637 257 1662; x_wconf 86' lang='grc'><strong><em>81</em></strong></span> <span class='ocrx_word' id='word_1_260' title='bbox 281 1636 318 1661; x_wconf 90' lang='lat' dir='ltr'><strong><em>De</em></strong></span> <span class='ocrx_word' id='word_1_261' title='bbox 331 1636 400 1661; x_wconf 86' lang='lat' dir='ltr'><strong><em>dicto</em></strong></span> <span class='ocrx_word' id='word_1_262' title='bbox 417 1634 525 1667; x_wconf 83' lang='lat' dir='ltr'><strong><em>Christi,</em></strong></span> <span class='ocrx_word' id='word_1_263' title='bbox 539 1634 635 1663; x_wconf 84' lang='lat' dir='ltr'><strong><em>Matth.</em></strong></span> <span class='ocrx_word' id='word_1_264' title='bbox 649 1641 685 1662; x_wconf 83' lang='lat' dir='ltr'><strong><em>vn</em></strong></span> <span class='ocrx_word' id='word_1_265' title='bbox 701 1643 708 1661; x_wconf 89' lang='lat'><strong>:</strong></span> <span class='ocrx_word' id='word_1_266' title='bbox 727 1642 736 1659; x_wconf 79' lang='grc' dir='ltr'>ι</span> <span class='ocrx_word' id='word_1_267' title='bbox 753 1633 814 1660; x_wconf 87' lang='lat' dir='ltr'><strong><em>Non</em></strong></span> <span class='ocrx_word' id='word_1_268' title='bbox 832 1640 914 1668; x_wconf 85' lang='lat' dir='ltr'><strong><em>potest</em></strong></span> <span class='ocrx_word' id='word_1_269' title='bbox 931 1643 970 1662; x_wconf 56' lang='lat' dir='ltr'><strong><em>ar:</em></strong></span> 
     </span>
    </p>
   </div>
   <div class='ocr_carea' id='block_1_44' title="bbox 189 1669 978 1704">
    <p class='ocr_par' dir='ltr' id='par_1_44' title="bbox 189 1669 978 1704">
     <span class='ocr_line' id='line_1_45' title="bbox 189 1669 978 1704; baseline 0 -7"><span class='ocrx_word' id='word_1_270' title='bbox 189 1671 238 1697; x_wconf 89' lang='lat' dir='ltr'><strong><em>bor</em></strong></span> <span class='ocrx_word' id='word_1_271' title='bbox 257 1671 326 1696; x_wconf 87' lang='lat' dir='ltr'><strong><em>mala</em></strong></span> <span class='ocrx_word' id='word_1_272' title='bbox 341 1670 442 1704; x_wconf 80' lang='lat' dir='ltr'><strong><em>fructus</em></strong></span> <span class='ocrx_word' id='word_1_273' title='bbox 456 1671 536 1696; x_wconf 79' lang='lat' dir='ltr'><strong><em>bonos</em></strong></span> <span class='ocrx_word' id='word_1_274' title='bbox 550 1669 646 1704; x_wconf 85' lang='lat' dir='ltr'><strong><em>facere.</em></strong></span> <span class='ocrx_word' id='word_1_275' title='bbox 676 1679 685 1695; x_wconf 69' lang='grc' dir='ltr'>ι</span> <span class='ocrx_word' id='word_1_276' title='bbox 709 1669 741 1695; x_wconf 84' lang='lat' dir='ltr'><strong><em>Et</em></strong></span> <span class='ocrx_word' id='word_1_277' title='bbox 765 1670 797 1695; x_wconf 90' lang='lat' dir='ltr'><strong><em>de</em></strong></span> <span class='ocrx_word' id='word_1_278' title='bbox 814 1670 883 1696; x_wconf 82' lang='lat' dir='ltr'><strong><em>dicto</em></strong></span> <span class='ocrx_word' id='word_1_279' title='bbox 899 1669 978 1697; x_wconf 86' lang='lat' dir='ltr'><strong><em>Pauli</em></strong></span> 
     </span>
    </p>
   </div>
   <div class='ocr_carea' id='block_1_45' title="bbox 188 1704 977 1767">
    <p class='ocr_par' dir='ltr' id='par_1_45' title="bbox 188 1704 977 1767">
     <span class='ocr_line' id='line_1_46' title="bbox 188 1704 977 1767; baseline 0.001 -36"><span class='ocrx_word' id='word_1_280' title='bbox 188 1705 280 1767; x_wconf 49' lang='grc' dir='ltr'><strong><em>ἔρος.</em></strong></span> <span class='ocrx_word' id='word_1_281' title='bbox 297 1712 317 1732; x_wconf 85' lang='lat' dir='ltr'><strong><em>u</em></strong></span> <span class='ocrx_word' id='word_1_282' title='bbox 330 1714 337 1732; x_wconf 86' lang='lat'><strong>:</strong></span> <span class='ocrx_word' id='word_1_283' title='bbox 356 1713 366 1730; x_wconf 84' lang='grc'><em>‹</em></span> <span class='ocrx_word' id='word_1_284' title='bbox 381 1705 512 1732; x_wconf 81' lang='lat' dir='ltr'><strong><em>Animalis</em></strong></span> <span class='ocrx_word' id='word_1_285' title='bbox 523 1705 600 1732; x_wconf 85' lang='lat' dir='ltr'><strong><em>homo</em></strong></span> <span class='ocrx_word' id='word_1_286' title='bbox 612 1713 662 1732; x_wconf 88' lang='lat' dir='ltr'><strong><em>non</em></strong></span> <span class='ocrx_word' id='word_1_287' title='bbox 675 1704 785 1739; x_wconf 81' lang='lat' dir='ltr'><strong><em>percipit</em></strong></span> <span class='ocrx_word' id='word_1_288' title='bbox 799 1713 829 1731; x_wconf 88' lang='lat' dir='ltr'><strong><em>ea</em></strong></span> <span class='ocrx_word' id='word_1_289' title='bbox 843 1713 901 1739; x_wconf 79' lang='lat' dir='ltr'><strong><em>qua:</em></strong></span> <span class='ocrx_word' id='word_1_290' title='bbox 915 1710 977 1732; x_wconf 87' lang='lat' dir='ltr'><strong><em>sunt</em></strong></span> 
     </span>
     <span class='ocr_line' id='line_1_47' title="bbox 211 1745 341 1767; baseline 0 -1"><span class='ocrx_word' id='word_1_291' title='bbox 211 1745 316 1767; x_wconf 78' lang='lat' dir='ltr'><strong><em>orntus.</em></strong></span> <span class='ocrx_word' id='word_1_292' title='bbox 331 1749 341 1766; x_wconf 72' lang='grc' dir='ltr'><strong>ν</strong></span> 
     </span>
    </p>
   </div>
   <div class='ocr_carea' id='block_1_46' title="bbox 209 1745 341 1774">
    <p class='ocr_par' dir='ltr' id='par_1_46' title="bbox 209 1745 341 1774">
     <span class='ocr_line' id='line_1_48' title="bbox 209 1745 341 1774; baseline 0 -8"><span class='ocrx_word' id='word_1_293' title='bbox 209 1745 316 1774; x_wconf 84' lang='lat' dir='ltr'><strong><em>pmtus.</em></strong></span> <span class='ocrx_word' id='word_1_294' title='bbox 331 1749 341 1766; x_wconf 71' lang='grc' dir='ltr'><strong>ν</strong></span> 
     </span>
    </p>
   </div>
   <div class='ocr_carea' id='block_1_47' title="bbox 225 1774 977 1809">
    <p class='ocr_par' dir='ltr' id='par_1_47' title="bbox 225 1774 977 1809">
     <span class='ocr_line' id='line_1_49' title="bbox 225 1774 977 1809; baseline -0.001 -7"><span class='ocrx_word' id='word_1_295' title='bbox 225 1775 261 1802; x_wconf 83' lang='grc'>82</span> <span class='ocrx_word' id='word_1_296' title='bbox 282 1775 319 1801; x_wconf 87' lang='lat' dir='ltr'><strong><em>De</em></strong></span> <span class='ocrx_word' id='word_1_297' title='bbox 335 1774 528 1808; x_wconf 85' lang='lat' dir='ltr'><strong><em>sapientissimo</em></strong></span> <span class='ocrx_word' id='word_1_298' title='bbox 542 1778 743 1809; x_wconf 81' lang='lat' dir='ltr'><strong><em>temperamento</em></strong></span> <span class='ocrx_word' id='word_1_299' title='bbox 762 1774 789 1800; x_wconf 89' lang='lat' dir='ltr'><strong><em>in</em></strong></span> <span class='ocrx_word' id='word_1_300' title='bbox 810 1776 894 1801; x_wconf 87' lang='lat' dir='ltr'><strong><em>sacris</em></strong></span> <span class='ocrx_word' id='word_1_301' title='bbox 920 1774 977 1801; x_wconf 87' lang='lat' dir='ltr'><strong><em>Lit-</em></strong></span> 
     </span>
    </p>
   </div>
   <div class='ocr_carea' id='block_1_48' title="bbox 190 1809 978 1841">
    <p class='ocr_par' dir='ltr' id='par_1_48' title="bbox 190 1809 978 1841">
     <span class='ocr_line' id='line_1_50' title="bbox 190 1809 978 1841; baseline 0.001 -5"><span class='ocrx_word' id='word_1_302' title='bbox 190 1816 252 1837; x_wconf 87' lang='lat' dir='ltr'><strong><em>tem</em></strong></span> <span class='ocrx_word' id='word_1_303' title='bbox 275 1818 290 1836; x_wconf 86' lang='lat' dir='ltr'><strong><em>a</em></strong></span> <span class='ocrx_word' id='word_1_304' title='bbox 314 1810 367 1836; x_wconf 87' lang='lat' dir='ltr'><strong><em>Deo</em></strong></span> <span class='ocrx_word' id='word_1_305' title='bbox 387 1810 515 1841; x_wconf 88' lang='lat' dir='ltr'><strong><em>adltibito,</em></strong></span> <span class='ocrx_word' id='word_1_306' title='bbox 537 1818 597 1836; x_wconf 88' lang='lat' dir='ltr'><strong><em>cum</em></strong></span> <span class='ocrx_word' id='word_1_307' title='bbox 618 1817 662 1836; x_wconf 89' lang='lat' dir='ltr'><strong><em>eas</em></strong></span> <span class='ocrx_word' id='word_1_308' title='bbox 678 1809 775 1841; x_wconf 82' lang='lat' dir='ltr'><strong><em>partim</em></strong></span> <span class='ocrx_word' id='word_1_309' title='bbox 799 1810 922 1836; x_wconf 84' lang='lat' dir='ltr'><strong><em>obscuras</em></strong></span> <span class='ocrx_word' id='word_1_310' title='bbox 947 1818 978 1837; x_wconf 87' lang='lat' dir='ltr'><strong><em>ac</em></strong></span> 
     </span>
    </p>
   </div>
   <div class='ocr_carea' id='block_1_49' title="bbox 190 1844 940 1879">
    <p class='ocr_par' dir='ltr' id='par_1_49' title="bbox 190 1844 940 1879">
     <span class='ocr_line' id='line_1_51' title="bbox 190 1844 940 1879; baseline 0.001 -9"><span class='ocrx_word' id='word_1_311' title='bbox 190 1845 318 1879; x_wconf 73' lang='lat' dir='ltr'><strong><em>dtﬂiciles,</em></strong></span> <span class='ocrx_word' id='word_1_312' title='bbox 341 1844 436 1878; x_wconf 85' lang='lat' dir='ltr'><strong><em>partim</em></strong></span> <span class='ocrx_word' id='word_1_313' title='bbox 451 1844 544 1876; x_wconf 84' lang='lat' dir='ltr'><strong><em>planas</em></strong></span> <span class='ocrx_word' id='word_1_314' title='bbox 562 1848 640 1879; x_wconf 89' lang='lat' dir='ltr'><strong><em>atque</em></strong></span> <span class='ocrx_word' id='word_1_315' title='bbox 656 1848 760 1879; x_wconf 78' lang='lat' dir='ltr'><strong><em>apertas</em></strong></span> <span class='ocrx_word' id='word_1_316' title='bbox 778 1847 940 1879; x_wconf 17' lang='lat' dir='ltr'><strong><em>esservoluil.</em></strong></span> 
     </span>
    </p>
   </div>
   <div class='ocr_carea' id='block_1_50' title="bbox 229 1878 978 1913">
    <p class='ocr_par' dir='ltr' id='par_1_50' title="bbox 229 1878 978 1913">
     <span class='ocr_line' id='line_1_52' title="bbox 229 1878 978 1913; baseline -0.001 -7"><span class='ocrx_word' id='word_1_317' title='bbox 229 1880 266 1906; x_wconf 78' lang='grc'>85</span> <span class='ocrx_word' id='word_1_318' title='bbox 287 1881 345 1906; x_wconf 75' lang='lat' dir='ltr'><strong><em>Alia</em></strong></span> <span class='ocrx_word' id='word_1_319' title='bbox 357 1884 418 1906; x_wconf 82' lang='lat' dir='ltr'><strong><em>sunt</em></strong></span> <span class='ocrx_word' id='word_1_320' title='bbox 432 1879 532 1913; x_wconf 83' lang='grc' dir='ltr'><strong><em>ὲφικτά</em></strong></span> <span class='ocrx_word' id='word_1_321' title='bbox 545 1887 552 1894; x_wconf 68' lang='grc' dir='ltr'>θ</span> <span class='ocrx_word' id='word_1_322' title='bbox 568 1881 622 1906; x_wconf 89' lang='lat' dir='ltr'><strong><em>alia</em></strong></span> <span class='ocrx_word' id='word_1_323' title='bbox 636 1878 784 1912; x_wconf 79' lang='grc' dir='ltr'><strong><em>δυσέφικτα</em></strong></span> <span class='ocrx_word' id='word_1_324' title='bbox 796 1887 803 1894; x_wconf 85' lang='grc'>·</span> <span class='ocrx_word' id='word_1_325' title='bbox 818 1878 872 1905; x_wconf 88' lang='lat' dir='ltr'><strong><em>alta</em></strong></span> <span class='ocrx_word' id='word_1_326' title='bbox 886 1880 978 1913; x_wconf 80' lang='grc' dir='ltr'><strong><em>ἀνέφι-</em></strong></span> 
     </span>
    </p>
   </div>
   <div class='ocr_carea' id='block_1_51' title="bbox 190 1913 975 1949">
    <p class='ocr_par' dir='ltr' id='par_1_51' title="bbox 190 1913 975 1949">
     <span class='ocr_line' id='line_1_53' title="bbox 190 1913 975 1949; baseline 0.001 -9"><span class='ocrx_word' id='word_1_327' title='bbox 190 1923 278 1947; x_wconf 78' lang='grc' dir='ltr'><strong><em>κτα,ιι</em></strong></span> <span class='ocrx_word' id='word_1_328' title='bbox 293 1922 343 1949; x_wconf 86' lang='lat' dir='ltr'><strong><em>quo</em></strong></span> <span class='ocrx_word' id='word_1_329' title='bbox 357 1919 486 1948; x_wconf 79' lang='lat' dir='ltr'><strong><em>postremo</em></strong></span> <span class='ocrx_word' id='word_1_330' title='bbox 498 1922 588 1948; x_wconf 84' lang='lat' dir='ltr'><strong><em>genere</em></strong></span> <span class='ocrx_word' id='word_1_331' title='bbox 603 1913 784 1949; x_wconf 81' lang='lat' dir='ltr'><strong><em>investigando</em></strong></span> <span class='ocrx_word' id='word_1_332' title='bbox 796 1915 897 1949; x_wconf 76' lang='lat' dir='ltr'><strong><em>penitus</em></strong></span> <span class='ocrx_word' id='word_1_333' title='bbox 913 1916 975 1941; x_wconf 83' lang='lat' dir='ltr'><strong><em>abs-</em></strong></span> 
     </span>
    </p>
   </div>
   <div class='ocr_carea' id='block_1_52' title="bbox 191 1948 978 1984">
    <p class='ocr_par' dir='ltr' id='par_1_52' title="bbox 191 1948 978 1984">
     <span class='ocr_line' id='line_1_54' title="bbox 191 1948 978 1984; baseline 0 -9"><span class='ocrx_word' id='word_1_334' title='bbox 191 1948 327 1976; x_wconf 78' lang='lat' dir='ltr'><strong><em>tinendum</em></strong></span> <span class='ocrx_word' id='word_1_335' title='bbox 344 1953 391 1980; x_wconf 80' lang='lat' dir='ltr'><strong><em>est,</em></strong></span> <span class='ocrx_word' id='word_1_336' title='bbox 417 1950 560 1975; x_wconf 79' lang='lat' dir='ltr'><strong><em>secundant</em></strong></span> <span class='ocrx_word' id='word_1_337' title='bbox 580 1948 645 1975; x_wconf 82' lang='lat' dir='ltr'><strong><em>illud</em></strong></span> <span class='ocrx_word' id='word_1_338' title='bbox 664 1955 675 1975; x_wconf 83' lang='lat'><strong><em>.&#39;</em></strong></span> <span class='ocrx_word' id='word_1_339' title='bbox 697 1948 784 1983; x_wconf 76' lang='grc' dir='ltr'><strong>ἀρχὴν</strong></span> <span class='ocrx_word' id='word_1_340' title='bbox 805 1948 833 1974; x_wconf 76' lang='grc' dir='ltr'><strong><em>δὲ</em></strong></span> <span class='ocrx_word' id='word_1_341' title='bbox 847 1949 932 1984; x_wconf 74' lang='grc' dir='ltr'>θηρᾷν</span> <span class='ocrx_word' id='word_1_342' title='bbox 947 1949 978 1975; x_wconf 72' lang='grc' dir='ltr'><strong><em>οὐ</em></strong></span> 
     </span>
    </p>
   </div>
   <div class='ocr_carea' id='block_1_53' title="bbox 191 1984 472 2020">
    <p class='ocr_par' dir='ltr' id='par_1_53' title="bbox 191 1984 472 2020">
     <span class='ocr_line' id='line_1_55' title="bbox 191 1984 472 2020; baseline -0.004 -10"><span class='ocrx_word' id='word_1_343' title='bbox 191 1984 244 2020; x_wconf 65' lang='grc' dir='ltr'><strong><em>πρέ</em></strong></span> <span class='ocrx_word' id='word_1_344' title='bbox 248 1992 292 2010; x_wconf 76' lang='grc' dir='ltr'><strong><em>πει</em></strong></span> <span class='ocrx_word' id='word_1_345' title='bbox 298 1984 331 2011; x_wconf 80' lang='grc' dir='ltr'><strong><em>τὰ</em></strong></span> <span class='ocrx_word' id='word_1_346' title='bbox 335 1985 472 2020; x_wconf 41' lang='grc' dir='ltr'><strong><em>ἀμήχαναἴ</em></strong></span> 
     </span>
    </p>
   </div>
   <div class='ocr_carea' id='block_1_54' title="bbox 227 2017 977 2052">
    <p class='ocr_par' dir='ltr' id='par_1_54' title="bbox 227 2017 977 2052">
     <span class='ocr_line' id='line_1_56' title="bbox 227 2017 977 2052; baseline 0 -6"><span class='ocrx_word' id='word_1_347' title='bbox 227 2019 263 2046; x_wconf 65' lang='grc'>84</span> <span class='ocrx_word' id='word_1_348' title='bbox 282 2017 417 2046; x_wconf 81' lang='lat' dir='ltr'><strong><em>Sententia</em></strong></span> <span class='ocrx_word' id='word_1_349' title='bbox 433 2018 534 2052; x_wconf 83' lang='lat' dir='ltr'><strong><em>injusta</em></strong></span> <span class='ocrx_word' id='word_1_350' title='bbox 557 2017 654 2045; x_wconf 88' lang='lat' dir='ltr'><strong><em>malum</em></strong></span> <span class='ocrx_word' id='word_1_351' title='bbox 670 2017 775 2052; x_wconf 83' lang='lat' dir='ltr'><strong><em>facinus</em></strong></span> <span class='ocrx_word' id='word_1_352' title='bbox 795 2018 977 2052; x_wconf 80' lang='lat' dir='ltr'><strong><em>contprobans,</em></strong></span> 
     </span>
    </p>
   </div>
   <div class='ocr_carea' id='block_1_55' title="bbox 194 2052 977 2088">
    <p class='ocr_par' dir='ltr' id='par_1_55' title="bbox 194 2052 977 2088">
     <span class='ocr_line' id='line_1_57' title="bbox 194 2052 977 2088; baseline 0 -8"><span class='ocrx_word' id='word_1_353' title='bbox 194 2054 310 2081; x_wconf 87' lang='lat' dir='ltr'><strong><em>deterior</em></strong></span> <span class='ocrx_word' id='word_1_354' title='bbox 320 2059 356 2080; x_wconf 84' lang='lat' dir='ltr'><strong><em>est</em></strong></span> <span class='ocrx_word' id='word_1_355' title='bbox 367 2061 396 2080; x_wconf 91' lang='lat' dir='ltr'><strong><em>eo</em></strong></span> <span class='ocrx_word' id='word_1_356' title='bbox 408 2054 453 2088; x_wconf 87' lang='lat' dir='ltr'><strong><em>qui</em></strong></span> <span class='ocrx_word' id='word_1_357' title='bbox 468 2055 494 2080; x_wconf 84' lang='lat' dir='ltr'><strong><em>id</em></strong></span> <span class='ocrx_word' id='word_1_358' title='bbox 507 2054 672 2087; x_wconf 84' lang='lat' dir='ltr'><strong><em>perpetravit.</em></strong></span> <span class='ocrx_word' id='word_1_359' title='bbox 684 2052 762 2088; x_wconf 72' lang='lat' dir='ltr'><strong><em>Conf.</em></strong></span> <span class='ocrx_word' id='word_1_360' title='bbox 776 2061 818 2087; x_wconf 86' lang='lat' dir='ltr'><strong><em>ep.</em></strong></span> <span class='ocrx_word' id='word_1_361' title='bbox 831 2054 874 2083; x_wconf 79' lang='lat'><strong><em>60.</em></strong></span> <span class='ocrx_word' id='word_1_362' title='bbox 887 2062 977 2088; x_wconf 86' lang='lat' dir='ltr'><strong><em>supra.</em></strong></span> 
     </span>
    </p>
   </div>
   <div class='ocr_carea' id='block_1_56' title="bbox 227 2086 979 2117">
    <p class='ocr_par' dir='ltr' id='par_1_56' title="bbox 227 2086 979 2117">
     <span class='ocr_line' id='line_1_58' title="bbox 227 2086 979 2117; baseline -0.001 -2"><span class='ocrx_word' id='word_1_363' title='bbox 227 2090 263 2116; x_wconf 78' lang='lat'><strong><em>85</em></strong></span> <span class='ocrx_word' id='word_1_364' title='bbox 282 2089 324 2114; x_wconf 78' lang='lat' dir='ltr'><strong><em>Ad</em></strong></span> <span class='ocrx_word' id='word_1_365' title='bbox 338 2086 418 2114; x_wconf 80' lang='lat' dir='ltr'><strong><em>Pauli</em></strong></span> <span class='ocrx_word' id='word_1_366' title='bbox 433 2088 531 2114; x_wconf 87' lang='lat' dir='ltr'><strong><em>dictum</em></strong></span> <span class='ocrx_word' id='word_1_367' title='bbox 548 2087 601 2114; x_wconf 86' lang='lat' dir='ltr'><strong><em>Tit.</em></strong></span> <span class='ocrx_word' id='word_1_368' title='bbox 617 2095 637 2117; x_wconf 78' lang='grc' dir='ltr'><strong><em>ι,</em></strong></span> <span class='ocrx_word' id='word_1_369' title='bbox 656 2097 665 2113; x_wconf 86' lang='grc'><strong>‹</strong></span> <span class='ocrx_word' id='word_1_370' title='bbox 680 2086 764 2113; x_wconf 88' lang='lat' dir='ltr'><strong><em>Deutn</em></strong></span> <span class='ocrx_word' id='word_1_371' title='bbox 780 2086 807 2115; x_wconf 78' lang='lat' dir='ltr'><strong><em>se</em></strong></span> <span class='ocrx_word' id='word_1_372' title='bbox 828 2096 903 2115; x_wconf 88' lang='lat' dir='ltr'><strong><em>nosse</em></strong></span> <span class='ocrx_word' id='word_1_373' title='bbox 917 2086 979 2115; x_wconf 80' lang='lat' dir='ltr'><strong><em>con-</em></strong></span> 
     </span>
    </p>
   </div>
   <div class='ocr_carea' id='block_1_57' title="bbox 193 2122 979 2158">
    <p class='ocr_par' dir='ltr' id='par_1_57' title="bbox 193 2122 979 2158">
     <span class='ocr_line' id='line_1_59' title="bbox 193 2122 979 2158; baseline 0.001 -9"><span class='ocrx_word' id='word_1_374' title='bbox 193 2124 319 2158; x_wconf 63' lang='lat' dir='ltr'><strong><em>ﬁtenlur:</em></strong></span> <span class='ocrx_word' id='word_1_375' title='bbox 335 2123 412 2157; x_wconf 84' lang='lat' dir='ltr'><strong><em>factis</em></strong></span> <span class='ocrx_word' id='word_1_376' title='bbox 434 2128 522 2150; x_wconf 87' lang='lat' dir='ltr'><strong><em>autem</em></strong></span> <span class='ocrx_word' id='word_1_377' title='bbox 548 2127 654 2157; x_wconf 86' lang='lat' dir='ltr'><strong><em>negant.</em></strong></span> <span class='ocrx_word' id='word_1_378' title='bbox 674 2131 691 2158; x_wconf 12' lang='lat' dir='ltr'><strong><em>si</em></strong></span> <span class='ocrx_word' id='word_1_379' title='bbox 707 2122 769 2158; x_wconf 76' lang='lat' dir='ltr'><strong><em>Non</em></strong></span> <span class='ocrx_word' id='word_1_380' title='bbox 792 2123 856 2149; x_wconf 86' lang='lat' dir='ltr'><strong><em>satis</em></strong></span> <span class='ocrx_word' id='word_1_381' title='bbox 880 2128 916 2149; x_wconf 89' lang='lat' dir='ltr'><strong><em>est</em></strong></span> <span class='ocrx_word' id='word_1_382' title='bbox 935 2131 979 2150; x_wconf 85' lang='lat' dir='ltr'><strong><em>ore</em></strong></span> 
     </span>
    </p>
   </div>
   <div class='ocr_carea' id='block_1_58' title="bbox 191 2156 977 2192">
    <p class='ocr_par' dir='ltr' id='par_1_58' title="bbox 191 2156 977 2192">
     <span class='ocr_line' id='line_1_60' title="bbox 191 2156 977 2192; baseline 0 -7"><span class='ocrx_word' id='word_1_383' title='bbox 191 2156 276 2186; x_wconf 83' lang='lat' dir='ltr'><strong><em>Deum</em></strong></span> <span class='ocrx_word' id='word_1_384' title='bbox 292 2156 380 2192; x_wconf 80' lang='lat' dir='ltr'><strong><em>fateri,</em></strong></span> <span class='ocrx_word' id='word_1_385' title='bbox 397 2158 446 2184; x_wconf 83' lang='lat' dir='ltr'><strong><em>nisi</em></strong></span> <span class='ocrx_word' id='word_1_386' title='bbox 463 2163 488 2184; x_wconf 89' lang='lat' dir='ltr'><strong><em>et</em></strong></span> <span class='ocrx_word' id='word_1_387' title='bbox 506 2165 580 2192; x_wconf 88' lang='lat' dir='ltr'><strong><em>opere</em></strong></span> <span class='ocrx_word' id='word_1_388' title='bbox 597 2157 716 2191; x_wconf 81' lang='lat' dir='ltr'><strong><em>fatearis.</em></strong></span> <span class='ocrx_word' id='word_1_389' title='bbox 735 2156 827 2184; x_wconf 89' lang='lat' dir='ltr'><strong><em>Sermo</em></strong></span> <span class='ocrx_word' id='word_1_390' title='bbox 840 2158 917 2192; x_wconf 86' lang='lat' dir='ltr'><strong><em>factis</em></strong></span> <span class='ocrx_word' id='word_1_391' title='bbox 934 2166 977 2185; x_wconf 88' lang='lat' dir='ltr'><strong><em>vu-</em></strong></span> 
     </span>
    </p>
   </div>
   <div class='ocr_carea' id='block_1_59' title="bbox 192 2192 730 2226">
    <p class='ocr_par' dir='ltr' id='par_1_59' title="bbox 192 2192 730 2226">
     <span class='ocr_line' id='line_1_61' title="bbox 192 2192 730 2226; baseline -0.002 -7"><span class='ocrx_word' id='word_1_392' title='bbox 192 2202 256 2220; x_wconf 82' lang='lat' dir='ltr'><strong><em>euus</em></strong></span> <span class='ocrx_word' id='word_1_393' title='bbox 271 2201 364 2224; x_wconf 86' lang='lat' dir='ltr'><strong><em>parum</em></strong></span> <span class='ocrx_word' id='word_1_394' title='bbox 379 2192 448 2219; x_wconf 87' lang='lat' dir='ltr'><strong><em>valet</em></strong></span> <span class='ocrx_word' id='word_1_395' title='bbox 463 2194 497 2219; x_wconf 85' lang='lat' dir='ltr'><strong><em>ad</em></strong></span> <span class='ocrx_word' id='word_1_396' title='bbox 512 2193 730 2226; x_wconf 86' lang='lat' dir='ltr'><strong><em>persuadendum.</em></strong></span> 
     </span>
    </p>
   </div>
   <div class='ocr_carea' id='block_1_60' title="bbox 227 2226 977 2262">
    <p class='ocr_par' dir='ltr' id='par_1_60' title="bbox 227 2226 977 2262">
     <span class='ocr_line' id='line_1_62' title="bbox 227 2226 977 2262; baseline -0.001 -7"><span class='ocrx_word' id='word_1_397' title='bbox 227 2228 262 2256; x_wconf 77' lang='lat'><strong><em>86</em></strong></span> <span class='ocrx_word' id='word_1_398' title='bbox 281 2227 335 2254; x_wconf 72' lang='lat' dir='ltr'><strong><em>Lex</em></strong></span> <span class='ocrx_word' id='word_1_399' title='bbox 350 2229 456 2254; x_wconf 83' lang='lat' dir='ltr'><strong><em>talionis</em></strong></span> <span class='ocrx_word' id='word_1_400' title='bbox 465 2226 588 2261; x_wconf 76' lang='lat' dir='ltr'><strong><em>justititv,</em></strong></span> <span class='ocrx_word' id='word_1_401' title='bbox 606 2229 656 2252; x_wconf 91' lang='lat' dir='ltr'><strong><em>ima</em></strong></span> <span class='ocrx_word' id='word_1_402' title='bbox 670 2231 693 2262; x_wconf 83' lang='lat' dir='ltr'><strong><em>et</em></strong></span> <span class='ocrx_word' id='word_1_403' title='bbox 709 2227 881 2254; x_wconf 85' lang='lat' dir='ltr'><strong><em>humanitatis</em></strong></span> <span class='ocrx_word' id='word_1_404' title='bbox 891 2228 977 2262; x_wconf 87' lang='lat' dir='ltr'><strong><em>potius</em></strong></span> 
     </span>
    </p>
   </div>
   <div class='ocr_carea' id='block_1_61' title="bbox 192 2261 979 2297">
    <p class='ocr_par' dir='ltr' id='par_1_61' title="bbox 192 2261 979 2297">
     <span class='ocr_line' id='line_1_63' title="bbox 192 2261 979 2297; baseline 0.001 -8"><span class='ocrx_word' id='word_1_405' title='bbox 192 2271 272 2297; x_wconf 88' lang='lat' dir='ltr'><strong><em>quam</em></strong></span> <span class='ocrx_word' id='word_1_406' title='bbox 297 2262 442 2296; x_wconf 88' lang='lat' dir='ltr'><strong><em>iniquitatis</em></strong></span> <span class='ocrx_word' id='word_1_407' title='bbox 465 2266 510 2288; x_wconf 85' lang='lat' dir='ltr'><strong><em>aut</em></strong></span> <span class='ocrx_word' id='word_1_408' title='bbox 533 2261 695 2297; x_wconf 77' lang='lat' dir='ltr'><strong><em>crudelitatis</em></strong></span> <span class='ocrx_word' id='word_1_409' title='bbox 722 2261 798 2295; x_wconf 88' lang='lat' dir='ltr'><strong><em>plena</em></strong></span> <span class='ocrx_word' id='word_1_410' title='bbox 825 2267 874 2289; x_wconf 91' lang='lat' dir='ltr'><strong><em>est.</em></strong></span> <span class='ocrx_word' id='word_1_411' title='bbox 900 2262 979 2297; x_wconf 85' lang='lat' dir='ltr'><strong><em>Conf.</em></strong></span> 
     </span>
    </p>
   </div>
   <div class='ocr_carea' id='block_1_62' title="bbox 193 2296 609 2330">
    <p class='ocr_par' dir='ltr' id='par_1_62' title="bbox 193 2296 609 2330">
     <span class='ocr_line' id='line_1_64' title="bbox 193 2296 609 2330; baseline -0.005 -6"><span class='ocrx_word' id='word_1_412' title='bbox 193 2296 234 2330; x_wconf 78' lang='lat' dir='ltr'><strong><em>ep.</em></strong></span> <span class='ocrx_word' id='word_1_413' title='bbox 254 2297 338 2324; x_wconf 74' lang='grc'>1351.</span> <span class='ocrx_word' id='word_1_414' title='bbox 358 2305 387 2330; x_wconf 85' lang='lat' dir='ltr'><strong><em>ll,</em></strong></span> <span class='ocrx_word' id='word_1_415' title='bbox 403 2303 427 2323; x_wconf 87' lang='lat' dir='ltr'><strong><em>et</em></strong></span> <span class='ocrx_word' id='word_1_416' title='bbox 447 2297 474 2324; x_wconf 87' lang='lat' dir='ltr'><strong><em>It.</em></strong></span> <span class='ocrx_word' id='word_1_417' title='bbox 491 2305 531 2330; x_wconf 88' lang='lat' dir='ltr'><strong><em>ep.</em></strong></span> <span class='ocrx_word' id='word_1_418' title='bbox 544 2296 609 2323; x_wconf 70' lang='lat'><strong>209.</strong></span> 
     </span>
    </p>
   </div>
   <div class='ocr_carea' id='block_1_63' title="bbox 230 2331 980 2366">
    <p class='ocr_par' dir='ltr' id='par_1_63' title="bbox 230 2331 980 2366">
     <span class='ocr_line' id='line_1_65' title="bbox 230 2331 980 2366; baseline 0 -6"><span class='ocrx_word' id='word_1_419' title='bbox 230 2333 263 2360; x_wconf 87' lang='lat'><strong>87</strong></span> <span class='ocrx_word' id='word_1_420' title='bbox 287 2332 442 2359; x_wconf 80' lang='lat' dir='ltr'><strong><em>Mandatum</em></strong></span> <span class='ocrx_word' id='word_1_421' title='bbox 459 2332 505 2358; x_wconf 89' lang='lat' dir='ltr'><strong><em>Dei</em></strong></span> <span class='ocrx_word' id='word_1_422' title='bbox 527 2332 560 2357; x_wconf 87' lang='lat' dir='ltr'><strong><em>ad</em></strong></span> <span class='ocrx_word' id='word_1_423' title='bbox 581 2331 728 2364; x_wconf 80' lang='lat' dir='ltr'><strong><em>lsraelitas,</em></strong></span> <span class='ocrx_word' id='word_1_424' title='bbox 749 2337 776 2358; x_wconf 90' lang='lat' dir='ltr'><strong><em>ut</em></strong></span> <span class='ocrx_word' id='word_1_425' title='bbox 792 2331 980 2366; x_wconf 66' lang='lat' dir='ltr'><strong><em>Egyptiorum</em></strong></span> 
     </span>
    </p>
   </div>
   <div class='ocr_carea' id='block_1_64' title="bbox 194 2367 981 2400">
    <p class='ocr_par' dir='ltr' id='par_1_64' title="bbox 194 2367 981 2400">
     <span class='ocr_line' id='line_1_66' title="bbox 194 2367 981 2400; baseline -0.001 -6"><span class='ocrx_word' id='word_1_426' title='bbox 194 2375 255 2394; x_wconf 76' lang='lat' dir='ltr'><strong><em>vasa</em></strong></span> <span class='ocrx_word' id='word_1_427' title='bbox 279 2367 425 2400; x_wconf 75' lang='lat' dir='ltr'><strong><em>auferrent,</em></strong></span> <span class='ocrx_word' id='word_1_428' title='bbox 444 2367 551 2400; x_wconf 81' lang='lat' dir='ltr'><strong><em>justiss.</em></strong></span> <span class='ocrx_word' id='word_1_429' title='bbox 579 2372 602 2392; x_wconf 91' lang='lat' dir='ltr'><strong><em>el</em></strong></span> <span class='ocrx_word' id='word_1_430' title='bbox 620 2367 799 2399; x_wconf 81' lang='lat' dir='ltr'><strong><em>u&#39;quissimurn</em></strong></span> <span class='ocrx_word' id='word_1_431' title='bbox 815 2368 876 2400; x_wconf 81' lang='lat' dir='ltr'><strong><em>fuit,</em></strong></span> <span class='ocrx_word' id='word_1_432' title='bbox 898 2369 981 2400; x_wconf 89' lang='lat' dir='ltr'><strong><em>perti-</em></strong></span> 
     </span>
    </p>
   </div>
   <div class='ocr_carea' id='block_1_65' title="bbox 194 2402 982 2436">
    <p class='ocr_par' dir='ltr' id='par_1_65' title="bbox 194 2402 982 2436">
     <span class='ocr_line' id='line_1_67' title="bbox 194 2402 982 2436; baseline 0.001 -8"><span class='ocrx_word' id='word_1_433' title='bbox 194 2410 257 2428; x_wconf 84' lang='lat' dir='ltr'><strong><em>nens</em></strong></span> <span class='ocrx_word' id='word_1_434' title='bbox 270 2405 301 2428; x_wconf 86' lang='lat' dir='ltr'><strong><em>ad</em></strong></span> <span class='ocrx_word' id='word_1_435' title='bbox 313 2402 550 2434; x_wconf 82' lang='lat' dir='ltr'><strong><em>compensationem</em></strong></span> <span class='ocrx_word' id='word_1_436' title='bbox 566 2403 713 2429; x_wconf 83' lang='lat' dir='ltr'><strong><em>mercedum</em></strong></span> <span class='ocrx_word' id='word_1_437' title='bbox 725 2410 772 2436; x_wconf 87' lang='lat' dir='ltr'><strong><em>pro</em></strong></span> <span class='ocrx_word' id='word_1_438' title='bbox 789 2407 825 2428; x_wconf 88' lang='lat' dir='ltr'><strong><em>tot</em></strong></span> <span class='ocrx_word' id='word_1_439' title='bbox 851 2410 982 2429; x_wconf 90' lang='lat' dir='ltr'><strong><em>annorum</em></strong></span> 
     </span>
    </p>
   </div>
   <div class='ocr_carea' id='block_1_66' title="bbox 195 2437 484 2463">
    <p class='ocr_par' dir='ltr' id='par_1_66' title="bbox 195 2437 484 2463">
     <span class='ocr_line' id='line_1_68' title="bbox 195 2437 484 2463; baseline 0 0"><span class='ocrx_word' id='word_1_440' title='bbox 195 2437 306 2463; x_wconf 85' lang='lat' dir='ltr'><strong><em>serritiis</em></strong></span> <span class='ocrx_word' id='word_1_441' title='bbox 323 2437 484 2463; x_wconf 78' lang='lat' dir='ltr'><strong><em>debitorum.</em></strong></span> 
     </span>
    </p>
   </div>
   <div class='ocr_carea' id='block_1_67' title="bbox 230 2470 984 2499">
    <p class='ocr_par' dir='ltr' id='par_1_67' title="bbox 230 2470 984 2499">
     <span class='ocr_line' id='line_1_69' title="bbox 230 2470 984 2499; baseline -0.001 0"><span class='ocrx_word' id='word_1_442' title='bbox 230 2472 264 2499; x_wconf 89' lang='lat'><strong>88</strong></span> <span class='ocrx_word' id='word_1_443' title='bbox 286 2471 442 2498; x_wconf 67' lang='lat' dir='ltr'><strong><em>Exhortatio</em></strong></span> <span class='ocrx_word' id='word_1_444' title='bbox 458 2471 493 2496; x_wconf 82' lang='lat' dir='ltr'><strong><em>ad</em></strong></span> <span class='ocrx_word' id='word_1_445' title='bbox 512 2471 627 2497; x_wconf 86' lang='lat' dir='ltr'><strong><em>studium</em></strong></span> <span class='ocrx_word' id='word_1_446' title='bbox 651 2470 769 2497; x_wconf 80' lang='lat' dir='ltr'><strong><em>lectionis</em></strong></span> <span class='ocrx_word' id='word_1_447' title='bbox 786 2475 809 2497; x_wconf 91' lang='lat' dir='ltr'><strong><em>et</em></strong></span> <span class='ocrx_word' id='word_1_448' title='bbox 834 2472 984 2498; x_wconf 83' lang='lat' dir='ltr'><strong><em>meditatio-</em></strong></span> 
     </span>
    </p>
   </div>
   <div class='ocr_carea' id='block_1_68' title="bbox 195 2505 982 2542">
    <p class='ocr_par' dir='ltr' id='par_1_68' title="bbox 195 2505 982 2542">
     <span class='ocr_line' id='line_1_70' title="bbox 195 2505 982 2542; baseline 0.001 -10"><span class='ocrx_word' id='word_1_449' title='bbox 195 2507 236 2542; x_wconf 80' lang='lat' dir='ltr'><strong><em>nis</em></strong></span> <span class='ocrx_word' id='word_1_450' title='bbox 252 2507 437 2542; x_wconf 70' lang='lat' dir='ltr'><strong><em>quotidianum</em></strong></span> <span class='ocrx_word' id='word_1_451' title='bbox 451 2506 568 2538; x_wconf 76' lang='lat' dir='ltr'><strong><em>exemplo</em></strong></span> <span class='ocrx_word' id='word_1_452' title='bbox 587 2505 716 2542; x_wconf 77' lang='lat' dir='ltr'><strong><em>Timothei</em></strong></span> <span class='ocrx_word' id='word_1_453' title='bbox 726 2511 751 2532; x_wconf 83' lang='lat' dir='ltr'><strong><em>et</em></strong></span> <span class='ocrx_word' id='word_1_454' title='bbox 765 2505 844 2542; x_wconf 76' lang='lat' dir='ltr'><strong><em>Pauli</em></strong></span> <span class='ocrx_word' id='word_1_455' title='bbox 857 2507 982 2539; x_wconf 84' lang='lat' dir='ltr'><strong><em>apostoli.</em></strong></span> 
     </span>
    </p>
   </div>
   <div class='ocr_carea' id='block_1_69' title="bbox 196 2541 984 2574">
    <p class='ocr_par' dir='ltr' id='par_1_69' title="bbox 196 2541 984 2574">
     <span class='ocr_line' id='line_1_71' title="bbox 196 2541 984 2574; baseline -0.001 -6"><span class='ocrx_word' id='word_1_456' title='bbox 196 2541 325 2569; x_wconf 67' lang='lat' dir='ltr'><strong><em>Memoria</em></strong></span> <span class='ocrx_word' id='word_1_457' title='bbox 340 2542 396 2568; x_wconf 84' lang='lat' dir='ltr'><strong><em>sine</em></strong></span> <span class='ocrx_word' id='word_1_458' title='bbox 411 2542 543 2568; x_wconf 70' lang='lat' dir='ltr'><strong><em>exercitiis</em></strong></span> <span class='ocrx_word' id='word_1_459' title='bbox 558 2541 684 2574; x_wconf 85' lang='lat' dir='ltr'><strong><em>facillime</em></strong></span> <span class='ocrx_word' id='word_1_460' title='bbox 704 2541 838 2568; x_wconf 73' lang='lat' dir='ltr'><strong><em>obsolescit</em></strong></span> <span class='ocrx_word' id='word_1_461' title='bbox 853 2547 875 2568; x_wconf 94' lang='lat' dir='ltr'><strong><em>et</em></strong></span> <span class='ocrx_word' id='word_1_462' title='bbox 893 2542 984 2568; x_wconf 87' lang='lat' dir='ltr'><strong><em>oblite-</em></strong></span> 
     </span>
    </p>
   </div>
   <div class='ocr_carea' id='block_1_70' title="bbox 195 2582 282 2603">
    <p class='ocr_par' dir='ltr' id='par_1_70' title="bbox 195 2582 282 2603">
     <span class='ocr_line' id='line_1_72' title="bbox 195 2582 282 2603; baseline 0.011 -1"><span class='ocrx_word' id='word_1_463' title='bbox 195 2582 282 2603; x_wconf 81' lang='lat' dir='ltr'><strong><em>ratur.</em></strong></span> 
     </span>
    </p>
   </div>
   <div class='ocr_carea' id='block_1_71' title="bbox 233 2610 985 2646">
    <p class='ocr_par' dir='ltr' id='par_1_71' title="bbox 233 2610 985 2646">
     <span class='ocr_line' id='line_1_73' title="bbox 233 2610 985 2646; baseline -0.003 -8"><span class='ocrx_word' id='word_1_464' title='bbox 233 2613 267 2638; x_wconf 79' lang='grc'>89</span> <span class='ocrx_word' id='word_1_465' title='bbox 287 2610 417 2646; x_wconf 81' lang='lat' dir='ltr'><strong><em>Pauperis</em></strong></span> <span class='ocrx_word' id='word_1_466' title='bbox 435 2618 486 2637; x_wconf 87' lang='lat' dir='ltr'><strong><em>non</em></strong></span> <span class='ocrx_word' id='word_1_467' title='bbox 501 2615 599 2645; x_wconf 88' lang='lat' dir='ltr'><strong><em>oportet</em></strong></span> <span class='ocrx_word' id='word_1_468' title='bbox 610 2610 835 2638; x_wconf 79' lang='lat' dir='ltr'><strong><em>commiseratione</em></strong></span> <span class='ocrx_word' id='word_1_469' title='bbox 846 2610 942 2637; x_wconf 83' lang='lat' dir='ltr'><strong><em>moveri</em></strong></span> <span class='ocrx_word' id='word_1_470' title='bbox 958 2612 985 2637; x_wconf 91' lang='lat' dir='ltr'><strong><em>in</em></strong></span> 
     </span>
    </p>
   </div>
   <div class='ocr_carea' id='block_1_72' title="bbox 196 2645 984 2681">
    <p class='ocr_par' dir='ltr' id='par_1_72' title="bbox 196 2645 984 2681">
     <span class='ocr_line' id='line_1_74' title="bbox 196 2645 984 2681; baseline 0.001 -10"><span class='ocrx_word' id='word_1_471' title='bbox 196 2647 306 2679; x_wconf 77' lang='lat' dir='ltr'><strong><em>iudicio,</em></strong></span> <span class='ocrx_word' id='word_1_472' title='bbox 324 2645 460 2681; x_wconf 83' lang='lat' dir='ltr'><strong><em>multoque</em></strong></span> <span class='ocrx_word' id='word_1_473' title='bbox 482 2647 565 2672; x_wconf 86' lang='lat' dir='ltr'><strong><em>minus</em></strong></span> <span class='ocrx_word' id='word_1_474' title='bbox 580 2646 666 2680; x_wconf 86' lang='lat' dir='ltr'><strong><em>favere</em></strong></span> <span class='ocrx_word' id='word_1_475' title='bbox 688 2645 799 2672; x_wconf 85' lang='lat' dir='ltr'><strong><em>divitum</em></strong></span> <span class='ocrx_word' id='word_1_476' title='bbox 822 2645 984 2673; x_wconf 85' lang='lat' dir='ltr'><strong><em>insatiabili-</em></strong></span> 
     </span>
    </p>
   </div>
   <div class='ocr_carea' id='block_1_73' title="bbox 197 2682 464 2716">
    <p class='ocr_par' dir='ltr' id='par_1_73' title="bbox 197 2682 464 2716">
     <span class='ocr_line' id='line_1_75' title="bbox 197 2682 464 2716; baseline -0.004 -8"><span class='ocrx_word' id='word_1_477' title='bbox 197 2683 244 2708; x_wconf 88' lang='lat' dir='ltr'><strong><em>bus</em></strong></span> <span class='ocrx_word' id='word_1_478' title='bbox 262 2682 464 2716; x_wconf 84' lang='lat' dir='ltr'><strong><em>cupiditatibus.</em></strong></span> 
     </span>
    </p>
   </div>
   <div class='ocr_carea' id='block_1_74' title="bbox 231 2715 986 2750">
    <p class='ocr_par' dir='ltr' id='par_1_74' title="bbox 231 2715 986 2750">
     <span class='ocr_line' id='line_1_76' title="bbox 231 2715 986 2750; baseline -0.001 -7"><span class='ocrx_word' id='word_1_479' title='bbox 231 2717 265 2743; x_wconf 87' lang='lat'><strong><em>90</em></strong></span> <span class='ocrx_word' id='word_1_480' title='bbox 287 2718 403 2744; x_wconf 71' lang='lat' dir='ltr'><strong><em>[inditus</em></strong></span> <span class='ocrx_word' id='word_1_481' title='bbox 421 2725 477 2750; x_wconf 75' lang='lat' dir='ltr'><strong><em>ipsa</em></strong></span> <span class='ocrx_word' id='word_1_482' title='bbox 493 2720 573 2742; x_wconf 86' lang='lat' dir='ltr'><strong><em>morte</em></strong></span> <span class='ocrx_word' id='word_1_483' title='bbox 586 2715 660 2750; x_wconf 87' lang='lat' dir='ltr'><strong><em>pejus</em></strong></span> <span class='ocrx_word' id='word_1_484' title='bbox 675 2715 811 2749; x_wconf 87' lang='lat' dir='ltr'><strong><em>fugienda,</em></strong></span> <span class='ocrx_word' id='word_1_485' title='bbox 831 2720 854 2742; x_wconf 92' lang='lat' dir='ltr'><strong><em>et</em></strong></span> <span class='ocrx_word' id='word_1_486' title='bbox 869 2716 986 2750; x_wconf 87' lang='lat' dir='ltr'><strong><em>quotidie</em></strong></span> 
     </span>
    </p>
   </div>
   <div class='ocr_carea' id='block_1_75' title="bbox 197 2751 987 2812">
    <p class='ocr_par' dir='ltr' id='par_1_75' title="bbox 197 2751 987 2812">
     <span class='ocr_line' id='line_1_77' title="bbox 197 2751 987 2812; baseline 0 -35"><span class='ocrx_word' id='word_1_487' title='bbox 197 2752 302 2812; x_wconf 47' lang='lat' dir='ltr'><strong><em>iunoni</em></strong></span> <span class='ocrx_word' id='word_1_488' title='bbox 337 2760 369 2778; x_wconf 81' lang='lat' dir='ltr'><strong><em>ac</em></strong></span> <span class='ocrx_word' id='word_1_489' title='bbox 403 2751 567 2777; x_wconf 80' lang='lat' dir='ltr'><strong><em>meditationi</em></strong></span> <span class='ocrx_word' id='word_1_490' title='bbox 597 2758 681 2777; x_wconf 74' lang='lat' dir='ltr'><strong><em>sacra:</em></strong></span> <span class='ocrx_word' id='word_1_491' title='bbox 709 2751 853 2784; x_wconf 72' lang='lat' dir='ltr'><strong><em>Scriptura:</em></strong></span> <span class='ocrx_word' id='word_1_492' title='bbox 884 2751 987 2778; x_wconf 85' lang='lat' dir='ltr'><strong><em>incum-</em></strong></span> 
     </span>
     <span class='ocr_line' id='line_1_78' title="bbox 214 2789 318 2812; baseline 0 0"><span class='ocrx_word' id='word_1_493' title='bbox 214 2789 318 2812; x_wconf 80' lang='lat' dir='ltr'><strong><em>endam.</em></strong></span> 
     </span>
    </p>
   </div>
   <div class='ocr_carea' id='block_1_76' title="bbox 214 2789 318 2814">
    <p class='ocr_par' dir='ltr' id='par_1_76' title="bbox 214 2789 318 2814">
     <span class='ocr_line' id='line_1_79' title="bbox 214 2789 318 2814; baseline 0.01 -1"><span class='ocrx_word' id='word_1_494' title='bbox 214 2789 318 2814; x_wconf 79' lang='lat' dir='ltr'><strong><em>endam.</em></strong></span> 
     </span>
    </p>
   </div>
   <div class='ocr_carea' id='block_1_77' title="bbox 232 2819 986 2854">
    <p class='ocr_par' dir='ltr' id='par_1_77' title="bbox 232 2819 986 2854">
     <span class='ocr_line' id='line_1_80' title="bbox 232 2819 986 2854; baseline 0.003 -10"><span class='ocrx_word' id='word_1_495' title='bbox 232 2822 261 2848; x_wconf 81' lang='lat'><strong><em>9|</em></strong></span> <span class='ocrx_word' id='word_1_496' title='bbox 290 2821 383 2849; x_wconf 69' lang='lat' dir='ltr'><strong><em>sacra;</em></strong></span> <span class='ocrx_word' id='word_1_497' title='bbox 410 2819 516 2846; x_wconf 79' lang='lat' dir='ltr'><strong><em>Latent:</em></strong></span> <span class='ocrx_word' id='word_1_498' title='bbox 543 2822 661 2848; x_wconf 82' lang='lat' dir='ltr'><strong><em>omnibus</em></strong></span> <span class='ocrx_word' id='word_1_499' title='bbox 685 2821 801 2847; x_wconf 88' lang='lat' dir='ltr'><strong><em>onmium</em></strong></span> <span class='ocrx_word' id='word_1_500' title='bbox 829 2820 986 2854; x_wconf 85' lang='lat' dir='ltr'><strong><em>sapientium</em></strong></span> 
     </span>
    </p>
   </div>
   <div class='ocr_carea' id='block_1_78' title="bbox 200 2856 986 2890">
    <p class='ocr_par' dir='ltr' id='par_1_78' title="bbox 200 2856 986 2890">
     <span class='ocr_line' id='line_1_81' title="bbox 200 2856 986 2890; baseline 0 -8"><span class='ocrx_word' id='word_1_501' title='bbox 200 2856 404 2890; x_wconf 79' lang='lat' dir='ltr'><strong><em>seriptis&#39;longe</em></strong></span> <span class='ocrx_word' id='word_1_502' title='bbox 420 2856 556 2887; x_wconf 76' lang='lat' dir='ltr'><strong><em>antistant,</em></strong></span> <span class='ocrx_word' id='word_1_503' title='bbox 580 2864 659 2890; x_wconf 87' lang='lat' dir='ltr'><strong><em>eaque</em></strong></span> <span class='ocrx_word' id='word_1_504' title='bbox 677 2856 781 2882; x_wconf 76' lang='lat' dir='ltr'><strong><em>vincunt</em></strong></span> <span class='ocrx_word' id='word_1_505' title='bbox 801 2856 986 2890; x_wconf 85' lang='lat' dir='ltr'><strong><em>perspicuitate</em></strong></span> 
     </span>
    </p>
   </div>
   <div class='ocr_carea' id='block_1_79' title="bbox 750 151 1311 196">
    <p class='ocr_par' dir='ltr' id='par_1_79' title="bbox 750 151 1311 196">
     <span class='ocr_line' id='line_1_82' title="bbox 750 151 1311 196; baseline 0.009 -16"><span class='ocrx_word' id='word_1_506' title='bbox 750 151 1032 196; x_wconf 66' lang='lat' dir='ltr'><strong><em>PROLEGOMEN‘A</em></strong></span> <span class='ocrx_word' id='word_1_507' title='bbox 1052 153 1151 183; x_wconf 81' lang='lat' dir='ltr'><strong><em>EDIT.</em></strong></span> <span class='ocrx_word' id='word_1_508' title='bbox 1173 155 1311 185; x_wconf 70' lang='lat' dir='ltr'><strong><em>PARIS.‘</em></strong></span> 
     </span>
    </p>
   </div>
   <div class='ocr_carea' id='block_1_80' title="bbox 1759 158 1810 191">
    <p class='ocr_par' dir='ltr' id='par_1_80' title="bbox 1759 158 1810 191">
     <span class='ocr_line' id='line_1_83' title="bbox 1759 158 1810 191; baseline 0.039 -2"><span class='ocrx_word' id='word_1_509' title='bbox 1759 158 1810 191; x_wconf 84' lang='grc'>158</span> 
     </span>
    </p>
   </div>
   <div class='ocr_carea' id='block_1_81' title="bbox 1021 210 1809 245">
    <p class='ocr_par' dir='ltr' id='par_1_81' title="bbox 1021 210 1809 245">
     <span class='ocr_line' id='line_1_84' title="bbox 1021 210 1809 245; baseline 0.004 -10"><span class='ocrx_word' id='word_1_510' title='bbox 1021 214 1045 235; x_wconf 88' lang='lat' dir='ltr'><strong><em>et</em></strong></span> <span class='ocrx_word' id='word_1_511' title='bbox 1066 210 1217 245; x_wconf 82' lang='lat' dir='ltr'><strong><em>compendio</em></strong></span> <span class='ocrx_word' id='word_1_512' title='bbox 1238 212 1322 237; x_wconf 82' lang='lat' dir='ltr'><strong><em>omnis</em></strong></span> <span class='ocrx_word' id='word_1_513' title='bbox 1348 211 1433 245; x_wconf 74' lang='lat' dir='ltr'><strong><em>oﬁicii.</em></strong></span> <span class='ocrx_word' id='word_1_514' title='bbox 1455 210 1534 238; x_wconf 84' lang='lat' dir='ltr'><strong><em>Varia</em></strong></span> <span class='ocrx_word' id='word_1_515' title='bbox 1551 212 1683 238; x_wconf 82' lang='lat' dir='ltr'><strong><em>variorum</em></strong></span> <span class='ocrx_word' id='word_1_516' title='bbox 1706 212 1809 239; x_wconf 82' lang='lat' dir='ltr'><strong><em>dicendi</em></strong></span> 
     </span>
    </p>
   </div>
   <div class='ocr_carea' id='block_1_82' title="bbox 1021 244 1808 284">
    <p class='ocr_par' dir='ltr' id='par_1_82' title="bbox 1021 244 1808 284">
     <span class='ocr_line' id='line_1_85' title="bbox 1021 244 1808 284; baseline 0.005 -15"><span class='ocrx_word' id='word_1_517' title='bbox 1021 252 1127 284; x_wconf 71' lang='lat' dir='ltr'><strong><em>genera.</em></strong></span> <span class='ocrx_word' id='word_1_518' title='bbox 1142 244 1247 278; x_wconf 84' lang='lat' dir='ltr'><strong><em>Confer.</em></strong></span> <span class='ocrx_word' id='word_1_519' title='bbox 1264 253 1303 276; x_wconf 88' lang='lat' dir='ltr'><strong><em>ep.</em></strong></span> <span class='ocrx_word' id='word_1_520' title='bbox 1323 245 1340 272; x_wconf 75' lang='grc'>5</span> <span class='ocrx_word' id='word_1_521' title='bbox 1354 244 1401 284; x_wconf 73' lang='lat' dir='ltr'><strong><em>lib.</em></strong></span> <span class='ocrx_word' id='word_1_522' title='bbox 1419 252 1441 272; x_wconf 92' lang='lat' dir='ltr'><strong><em>et</em></strong></span> <span class='ocrx_word' id='word_1_523' title='bbox 1459 246 1486 272; x_wconf 89' lang='lat' dir='ltr'><strong><em>lt.</em></strong></span> <span class='ocrx_word' id='word_1_524' title='bbox 1499 246 1576 284; x_wconf 25' lang='lat' dir='ltr'><strong><em>(dep.</em></strong></span> <span class='ocrx_word' id='word_1_525' title='bbox 1595 246 1640 284; x_wconf 68' lang='lat'><strong><em>28,</em></strong></span> <span class='ocrx_word' id='word_1_526' title='bbox 1658 246 1692 284; x_wconf 75' lang='lat'><strong>76</strong></span> <span class='ocrx_word' id='word_1_527' title='bbox 1706 251 1730 273; x_wconf 88' lang='lat' dir='ltr'><strong><em>et</em></strong></span> <span class='ocrx_word' id='word_1_528' title='bbox 1748 247 1808 284; x_wconf 66' lang='grc'>110.</span> 
     </span>
    </p>
   </div>
   <div class='ocr_carea' id='block_1_83' title="bbox 1022 277 1809 314">
    <p class='ocr_par' dir='ltr' id='par_1_83' title="bbox 1022 277 1809 314">
     <span class='ocr_line' id='line_1_86' title="bbox 1022 277 1809 314; baseline 0.005 -10"><span class='ocrx_word' id='word_1_529' title='bbox 1022 277 1056 305; x_wconf 79' lang='lat' dir='ltr'><strong><em>Et</em></strong></span> <span class='ocrx_word' id='word_1_530' title='bbox 1083 287 1115 305; x_wconf 75' lang='lat' dir='ltr'><strong><em>et</em></strong></span> <span class='ocrx_word' id='word_1_531' title='bbox 1139 284 1234 312; x_wconf 74' lang='lat' dir='ltr'><strong><em>parte,</em></strong></span> <span class='ocrx_word' id='word_1_532' title='bbox 1260 288 1311 314; x_wconf 89' lang='lat' dir='ltr'><strong><em>qua</em></strong></span> <span class='ocrx_word' id='word_1_533' title='bbox 1344 281 1376 307; x_wconf 89' lang='lat' dir='ltr'><strong><em>de</em></strong></span> <span class='ocrx_word' id='word_1_534' title='bbox 1408 277 1559 314; x_wconf 81' lang='lat' dir='ltr'><strong><em>compendio</em></strong></span> <span class='ocrx_word' id='word_1_535' title='bbox 1590 277 1693 308; x_wconf 77' lang='lat' dir='ltr'><strong><em>virtutis</em></strong></span> <span class='ocrx_word' id='word_1_536' title='bbox 1728 282 1809 308; x_wconf 89' lang='lat' dir='ltr'><strong><em>etiam</em></strong></span> 
     </span>
    </p>
   </div>
   <div class='ocr_carea' id='block_1_84' title="bbox 1021 313 1292 348">
    <p class='ocr_par' dir='ltr' id='par_1_84' title="bbox 1021 313 1292 348">
     <span class='ocr_line' id='line_1_87' title="bbox 1021 313 1292 348; baseline 0.004 -8"><span class='ocrx_word' id='word_1_537' title='bbox 1021 322 1061 348; x_wconf 88' lang='lat' dir='ltr'><strong><em>ep.</em></strong></span> <span class='ocrx_word' id='word_1_538' title='bbox 1082 314 1115 340; x_wconf 81' lang='lat'><strong><em>55</em></strong></span> <span class='ocrx_word' id='word_1_539' title='bbox 1129 319 1151 340; x_wconf 87' lang='lat' dir='ltr'><strong><em>et</em></strong></span> <span class='ocrx_word' id='word_1_540' title='bbox 1168 313 1211 345; x_wconf 79' lang='grc'><strong><em>51,</em></strong></span> <span class='ocrx_word' id='word_1_541' title='bbox 1230 313 1292 342; x_wconf 53' lang='grc' dir='ltr'><em>Ιιζι.</em></span> 
     </span>
    </p>
   </div>
   <div class='ocr_carea' id='block_1_85' title="bbox 1057 349 1587 376">
    <p class='ocr_par' dir='ltr' id='par_1_85' title="bbox 1057 349 1587 376">
     <span class='ocr_line' id='line_1_88' title="bbox 1057 349 1587 376; baseline 0 0"><span class='ocrx_word' id='word_1_542' title='bbox 1057 349 1092 376; x_wconf 68' lang='grc' dir='ltr'><strong><em>9νὶ</em></strong></span> <span class='ocrx_word' id='word_1_543' title='bbox 1112 349 1148 375; x_wconf 77' lang='lat' dir='ltr'><strong><em>Ab</em></strong></span> <span class='ocrx_word' id='word_1_544' title='bbox 1164 349 1237 374; x_wconf 87' lang='lat' dir='ltr'><strong><em>inani</em></strong></span> <span class='ocrx_word' id='word_1_545' title='bbox 1252 350 1414 376; x_wconf 82' lang='lat' dir='ltr'><strong><em>contentione</em></strong></span> <span class='ocrx_word' id='word_1_546' title='bbox 1429 350 1587 376; x_wconf 79' lang='lat' dir='ltr'><strong><em>deltorlatio.</em></strong></span> 
     </span>
    </p>
   </div>
   <div class='ocr_carea' id='block_1_86' title="bbox 1058 383 1808 417">
    <p class='ocr_par' dir='ltr' id='par_1_86' title="bbox 1058 383 1808 417">
     <span class='ocr_line' id='line_1_89' title="bbox 1058 383 1808 417; baseline 0.001 -6"><span class='ocrx_word' id='word_1_547' title='bbox 1058 385 1092 411; x_wconf 79' lang='grc'>95</span> <span class='ocrx_word' id='word_1_548' title='bbox 1113 383 1188 409; x_wconf 83' lang='lat' dir='ltr'><strong><em>Beati</em></strong></span> <span class='ocrx_word' id='word_1_549' title='bbox 1210 389 1269 409; x_wconf 86' lang='lat' dir='ltr'><strong><em>sunt</em></strong></span> <span class='ocrx_word' id='word_1_550' title='bbox 1291 385 1335 415; x_wconf 87' lang='lat' dir='ltr'><strong><em>qui</em></strong></span> <span class='ocrx_word' id='word_1_551' title='bbox 1350 384 1432 416; x_wconf 87' lang='lat' dir='ltr'><strong><em>falsas</em></strong></span> <span class='ocrx_word' id='word_1_552' title='bbox 1448 390 1552 417; x_wconf 80' lang='lat' dir='ltr'><strong><em>propter</em></strong></span> <span class='ocrx_word' id='word_1_553' title='bbox 1564 385 1698 412; x_wconf 86' lang='lat' dir='ltr'><strong><em>Christum</em></strong></span> <span class='ocrx_word' id='word_1_554' title='bbox 1716 391 1808 412; x_wconf 82' lang='lat' dir='ltr'><strong><em>conlu-</em></strong></span> 
     </span>
    </p>
   </div>
   <div class='ocr_carea' id='block_1_87' title="bbox 1022 418 1589 452">
    <p class='ocr_par' dir='ltr' id='par_1_87' title="bbox 1022 418 1589 452">
     <span class='ocr_line' id='line_1_90' title="bbox 1022 418 1589 452; baseline 0.002 -8"><span class='ocrx_word' id='word_1_555' title='bbox 1022 419 1113 445; x_wconf 82' lang='lat' dir='ltr'><strong><em>melias</em></strong></span> <span class='ocrx_word' id='word_1_556' title='bbox 1128 419 1265 446; x_wconf 79' lang='lat' dir='ltr'><strong><em>sustinent.</em></strong></span> <span class='ocrx_word' id='word_1_557' title='bbox 1284 418 1390 452; x_wconf 87' lang='lat' dir='ltr'><strong><em>Confcr.</em></strong></span> <span class='ocrx_word' id='word_1_558' title='bbox 1408 427 1448 451; x_wconf 90' lang='lat' dir='ltr'><strong><em>ep.</em></strong></span> <span class='ocrx_word' id='word_1_559' title='bbox 1466 418 1515 444; x_wconf 78' lang='grc'><strong><em>100</em></strong></span> <span class='ocrx_word' id='word_1_560' title='bbox 1527 419 1554 452; x_wconf 77' lang='lat' dir='ltr'><strong><em>lt.</em></strong></span> <span class='ocrx_word' id='word_1_561' title='bbox 1571 420 1589 446; x_wconf 91' lang='lat' dir='ltr'><strong><em>l.</em></strong></span> 
     </span>
    </p>
   </div>
   <div class='ocr_carea' id='block_1_88' title="bbox 1058 449 1809 486">
    <p class='ocr_par' dir='ltr' id='par_1_88' title="bbox 1058 449 1809 486">
     <span class='ocr_line' id='line_1_91' title="bbox 1058 449 1809 486; baseline 0 -6"><span class='ocrx_word' id='word_1_562' title='bbox 1058 453 1092 480; x_wconf 76' lang='grc'>91</span> <span class='ocrx_word' id='word_1_563' title='bbox 1115 463 1124 478; x_wconf 75' lang='grc' dir='ltr'><strong><em>ι</em></strong></span> <span class='ocrx_word' id='word_1_564' title='bbox 1148 453 1234 479; x_wconf 74' lang='lat' dir='ltr'><strong><em>Nolite</em></strong></span> <span class='ocrx_word' id='word_1_565' title='bbox 1256 458 1315 479; x_wconf 91' lang='lat' dir='ltr'><strong><em>ante</em></strong></span> <span class='ocrx_word' id='word_1_566' title='bbox 1338 449 1436 486; x_wconf 71' lang='lat' dir='ltr'><strong><em>tempus</em></strong></span> <span class='ocrx_word' id='word_1_567' title='bbox 1455 449 1577 486; x_wconf 65' lang='lat' dir='ltr'><strong><em>jndic‘are</em></strong></span> <span class='ocrx_word' id='word_1_568' title='bbox 1591 474 1597 485; x_wconf 89' lang='lat'><strong><em>,</em></strong></span> <span class='ocrx_word' id='word_1_569' title='bbox 1618 463 1627 480; x_wconf 71' lang='grc' dir='ltr'><strong><em>ι</em></strong></span> <span class='ocrx_word' id='word_1_570' title='bbox 1643 455 1809 480; x_wconf 81' lang='lat' dir='ltr'><strong><em>interdictum</em></strong></span> 
     </span>
    </p>
   </div>
   <div class='ocr_carea' id='block_1_89' title="bbox 1023 487 1809 523">
    <p class='ocr_par' dir='ltr' id='par_1_89' title="bbox 1023 487 1809 523">
     <span class='ocr_line' id='line_1_92' title="bbox 1023 487 1809 523; baseline 0.004 -10"><span class='ocrx_word' id='word_1_571' title='bbox 1023 487 1164 514; x_wconf 84' lang='lat' dir='ltr'><strong><em>Paulinum</em></strong></span> <span class='ocrx_word' id='word_1_572' title='bbox 1193 487 1204 514; x_wconf 93' lang='grc' dir='ltr'><strong><em>Ι</em></strong></span> <span class='ocrx_word' id='word_1_573' title='bbox 1235 487 1295 514; x_wconf 88' lang='lat' dir='ltr'><strong><em>Cor.</em></strong></span> <span class='ocrx_word' id='word_1_574' title='bbox 1321 496 1357 521; x_wconf 87' lang='lat' dir='ltr'><strong><em>tv,</em></strong></span> <span class='ocrx_word' id='word_1_575' title='bbox 1386 489 1516 523; x_wconf 85' lang='lat' dir='ltr'><strong><em>quomodo</em></strong></span> <span class='ocrx_word' id='word_1_576' title='bbox 1530 493 1554 514; x_wconf 92' lang='lat' dir='ltr'><strong><em>el</em></strong></span> <span class='ocrx_word' id='word_1_577' title='bbox 1575 489 1666 523; x_wconf 84' lang='lat' dir='ltr'><strong><em>quibus</em></strong></span> <span class='ocrx_word' id='word_1_578' title='bbox 1683 490 1716 516; x_wconf 90' lang='lat' dir='ltr'><strong><em>de</em></strong></span> <span class='ocrx_word' id='word_1_579' title='bbox 1735 490 1809 516; x_wconf 85' lang='lat' dir='ltr'><strong><em>rebus</em></strong></span> 
     </span>
    </p>
   </div>
   <div class='ocr_carea' id='block_1_90' title="bbox 1022 523 1263 551">
    <p class='ocr_par' dir='ltr' id='par_1_90' title="bbox 1022 523 1263 551">
     <span class='ocr_line' id='line_1_93' title="bbox 1022 523 1263 551; baseline 0 -3"><span class='ocrx_word' id='word_1_580' title='bbox 1022 523 1201 551; x_wconf 81' lang='lat' dir='ltr'><strong><em>accipient/unt</em></strong></span> <span class='ocrx_word' id='word_1_581' title='bbox 1220 523 1263 548; x_wconf 84' lang='lat' dir='ltr'><strong><em>sil.</em></strong></span> 
     </span>
    </p>
   </div>
   <div class='ocr_carea' id='block_1_91' title="bbox 1057 557 1807 591">
    <p class='ocr_par' dir='ltr' id='par_1_91' title="bbox 1057 557 1807 591">
     <span class='ocr_line' id='line_1_94' title="bbox 1057 557 1807 591; baseline 0.001 -7"><span class='ocrx_word' id='word_1_582' title='bbox 1057 557 1089 584; x_wconf 71' lang='lat'><strong><em>95&#39;</em></strong></span> <span class='ocrx_word' id='word_1_583' title='bbox 1111 557 1236 589; x_wconf 83' lang='lat' dir='ltr'><strong><em>Quamvis</em></strong></span> <span class='ocrx_word' id='word_1_584' title='bbox 1256 562 1322 584; x_wconf 84' lang='lat' dir='ltr'><strong><em>recte</em></strong></span> <span class='ocrx_word' id='word_1_585' title='bbox 1348 563 1370 584; x_wconf 92' lang='lat' dir='ltr'><strong><em>et</em></strong></span> <span class='ocrx_word' id='word_1_586' title='bbox 1394 557 1535 590; x_wconf 85' lang='lat' dir='ltr'><strong><em>apostolico</em></strong></span> <span class='ocrx_word' id='word_1_587' title='bbox 1557 564 1688 591; x_wconf 53' lang='lat' dir='ltr'><strong><em>proicepto</em></strong></span> <span class='ocrx_word' id='word_1_588' title='bbox 1712 567 1807 585; x_wconf 79' lang='lat' dir='ltr'><strong><em>conve-</em></strong></span> 
     </span>
    </p>
   </div>
   <div class='ocr_carea' id='block_1_92' title="bbox 1022 592 1809 626">
    <p class='ocr_par' dir='ltr' id='par_1_92' title="bbox 1022 592 1809 626">
     <span class='ocr_line' id='line_1_95' title="bbox 1022 592 1809 626; baseline 0 -8"><span class='ocrx_word' id='word_1_589' title='bbox 1022 593 1122 618; x_wconf 81' lang='lat' dir='ltr'><strong><em>nienler</em></strong></span> <span class='ocrx_word' id='word_1_590' title='bbox 1142 592 1235 626; x_wconf 79' lang='lat' dir='ltr'><strong><em>faciat.</em></strong></span> <span class='ocrx_word' id='word_1_591' title='bbox 1258 600 1316 625; x_wconf 75' lang='lat' dir='ltr'><strong><em>qum</em></strong></span> <span class='ocrx_word' id='word_1_592' title='bbox 1339 592 1464 625; x_wconf 86' lang='lat' dir='ltr'><strong><em>injuriam</em></strong></span> <span class='ocrx_word' id='word_1_593' title='bbox 1488 593 1537 618; x_wconf 85' lang='lat' dir='ltr'><strong><em>sibi</em></strong></span> <span class='ocrx_word' id='word_1_594' title='bbox 1559 593 1657 625; x_wconf 82' lang='lat' dir='ltr'><strong><em>factam</em></strong></span> <span class='ocrx_word' id='word_1_595' title='bbox 1678 595 1809 625; x_wconf 80' lang='lat' dir='ltr'><strong><em>patienter</em></strong></span> 
     </span>
    </p>
   </div>
   <div class='ocr_carea' id='block_1_93' title="bbox 1022 627 1806 661">
    <p class='ocr_par' dir='ltr' id='par_1_93' title="bbox 1022 627 1806 661">
     <span class='ocr_line' id='line_1_96' title="bbox 1022 627 1806 661; baseline 0 -8"><span class='ocrx_word' id='word_1_596' title='bbox 1022 627 1126 656; x_wconf 82' lang='lat' dir='ltr'><strong><em>tolerat.</em></strong></span> <span class='ocrx_word' id='word_1_597' title='bbox 1145 632 1231 653; x_wconf 90' lang='lat' dir='ltr'><strong><em>tamen</em></strong></span> <span class='ocrx_word' id='word_1_598' title='bbox 1249 635 1305 653; x_wconf 85' lang='lat' dir='ltr'><strong><em>eam</em></strong></span> <span class='ocrx_word' id='word_1_599' title='bbox 1325 628 1438 661; x_wconf 81' lang='lat' dir='ltr'><strong><em>inferens</em></strong></span> <span class='ocrx_word' id='word_1_600' title='bbox 1454 635 1504 654; x_wconf 85' lang='lat' dir='ltr'><strong><em>non</em></strong></span> <span class='ocrx_word' id='word_1_601' title='bbox 1521 631 1604 661; x_wconf 82' lang='lat' dir='ltr'><strong><em>potest</em></strong></span> <span class='ocrx_word' id='word_1_602' title='bbox 1626 636 1652 654; x_wconf 91' lang='lat' dir='ltr'><strong><em>se</em></strong></span> <span class='ocrx_word' id='word_1_603' title='bbox 1673 628 1719 653; x_wconf 82' lang='lat' dir='ltr'><strong><em>illo</em></strong></span> <span class='ocrx_word' id='word_1_604' title='bbox 1736 629 1806 653; x_wconf 75' lang='lat' dir='ltr'><strong><em>dicto</em></strong></span> 
     </span>
    </p>
   </div>
   <div class='ocr_carea' id='block_1_94' title="bbox 1021 670 1155 688">
    <p class='ocr_par' dir='ltr' id='par_1_94' title="bbox 1021 670 1155 688">
     <span class='ocr_line' id='line_1_97' title="bbox 1021 670 1155 688; baseline -0.007 0"><span class='ocrx_word' id='word_1_605' title='bbox 1021 670 1155 688; x_wconf 72' lang='lat' dir='ltr'><strong><em>excusare.</em></strong></span> 
     </span>
    </p>
   </div>
   <div class='ocr_carea' id='block_1_95' title="bbox 1055 696 1807 731">
    <p class='ocr_par' dir='ltr' id='par_1_95' title="bbox 1055 696 1807 731">
     <span class='ocr_line' id='line_1_98' title="bbox 1055 696 1807 731; baseline -0.003 -8"><span class='ocrx_word' id='word_1_606' title='bbox 1055 696 1090 723; x_wconf 84' lang='lat'><strong><em>96</em></strong></span> <span class='ocrx_word' id='word_1_607' title='bbox 1111 696 1290 722; x_wconf 73' lang='lat' dir='ltr'><strong><em>habitationes</em></strong></span> <span class='ocrx_word' id='word_1_608' title='bbox 1305 697 1424 731; x_wconf 79' lang='lat' dir='ltr'><strong><em>quredam</em></strong></span> <span class='ocrx_word' id='word_1_609' title='bbox 1439 696 1471 722; x_wconf 86' lang='lat' dir='ltr'><strong><em>de</em></strong></span> <span class='ocrx_word' id='word_1_610' title='bbox 1485 696 1590 723; x_wconf 72' lang='lat' dir='ltr'><strong><em>Herode</em></strong></span> <span class='ocrx_word' id='word_1_611' title='bbox 1603 700 1627 722; x_wconf 89' lang='lat' dir='ltr'><strong><em>et</em></strong></span> <span class='ocrx_word' id='word_1_612' title='bbox 1642 697 1734 728; x_wconf 88' lang='lat' dir='ltr'><strong><em>fratris</em></strong></span> <span class='ocrx_word' id='word_1_613' title='bbox 1749 696 1807 729; x_wconf 80' lang='lat' dir='ltr'><strong><em>ejus</em></strong></span> 
     </span>
    </p>
   </div>
   <div class='ocr_carea' id='block_1_96' title="bbox 1022 731 1809 765">
    <p class='ocr_par' dir='ltr' id='par_1_96' title="bbox 1022 731 1809 765">
     <span class='ocr_line' id='line_1_99' title="bbox 1022 731 1809 765; baseline 0.001 -8"><span class='ocrx_word' id='word_1_614' title='bbox 1022 739 1104 758; x_wconf 72' lang='lat' dir='ltr'><strong><em>uxore</em></strong></span> <span class='ocrx_word' id='word_1_615' title='bbox 1120 731 1269 757; x_wconf 87' lang='lat' dir='ltr'><strong><em>llerodiade</em></strong></span> <span class='ocrx_word' id='word_1_616' title='bbox 1289 733 1321 757; x_wconf 92' lang='lat' dir='ltr'><strong><em>ab</em></strong></span> <span class='ocrx_word' id='word_1_617' title='bbox 1338 733 1394 765; x_wconf 82' lang='lat' dir='ltr'><strong><em>ipso</em></strong></span> <span class='ocrx_word' id='word_1_618' title='bbox 1414 732 1493 757; x_wconf 89' lang='lat' dir='ltr'><strong><em>ducta</em></strong></span> <span class='ocrx_word' id='word_1_619' title='bbox 1511 737 1533 757; x_wconf 92' lang='lat' dir='ltr'><strong><em>et</em></strong></span> <span class='ocrx_word' id='word_1_620' title='bbox 1546 731 1659 757; x_wconf 86' lang='lat' dir='ltr'><strong><em>Joannis</em></strong></span> <span class='ocrx_word' id='word_1_621' title='bbox 1679 732 1809 765; x_wconf 74' lang='lat' dir='ltr'><strong><em>Baptista:</em></strong></span> 
     </span>
    </p>
   </div>
   <div class='ocr_carea' id='block_1_97' title="bbox 1023 765 1686 800">
    <p class='ocr_par' dir='ltr' id='par_1_97' title="bbox 1023 765 1686 800">
     <span class='ocr_line' id='line_1_100' title="bbox 1023 765 1686 800; baseline 0 -8"><span class='ocrx_word' id='word_1_622' title='bbox 1023 767 1220 800; x_wconf 84' lang='lat' dir='ltr'><strong><em>reprehensione</em></strong></span> <span class='ocrx_word' id='word_1_623' title='bbox 1235 765 1298 799; x_wconf 82' lang='lat' dir='ltr'><strong><em>facti</em></strong></span> <span class='ocrx_word' id='word_1_624' title='bbox 1314 772 1447 792; x_wconf 89' lang='lat' dir='ltr'><strong><em>moventur</em></strong></span> <span class='ocrx_word' id='word_1_625' title='bbox 1461 771 1484 792; x_wconf 83' lang='lat' dir='ltr'><strong><em>el</em></strong></span> <span class='ocrx_word' id='word_1_626' title='bbox 1501 766 1686 792; x_wconf 86' lang='lat' dir='ltr'><strong><em>discutiuntur.</em></strong></span> 
     </span>
    </p>
   </div>
   <div class='ocr_carea' id='block_1_98' title="bbox 1056 800 1810 834">
    <p class='ocr_par' dir='ltr' id='par_1_98' title="bbox 1056 800 1810 834">
     <span class='ocr_line' id='line_1_101' title="bbox 1056 800 1810 834; baseline -0.001 -7"><span class='ocrx_word' id='word_1_627' title='bbox 1056 801 1090 827; x_wconf 84' lang='lat'><strong><em>97</em></strong></span> <span class='ocrx_word' id='word_1_628' title='bbox 1108 800 1226 827; x_wconf 85' lang='lat' dir='ltr'><strong><em>Christus</em></strong></span> <span class='ocrx_word' id='word_1_629' title='bbox 1249 801 1282 826; x_wconf 84' lang='lat' dir='ltr'><strong><em>all</em></strong></span> <span class='ocrx_word' id='word_1_630' title='bbox 1307 809 1408 827; x_wconf 84' lang='lat' dir='ltr'><strong><em>crucem</em></strong></span> <span class='ocrx_word' id='word_1_631' title='bbox 1425 801 1589 834; x_wconf 85' lang='lat' dir='ltr'><strong><em>proficiscens</em></strong></span> <span class='ocrx_word' id='word_1_632' title='bbox 1611 808 1692 833; x_wconf 82' lang='lat' dir='ltr'><strong><em>quare</em></strong></span> <span class='ocrx_word' id='word_1_633' title='bbox 1713 800 1810 827; x_wconf 89' lang='lat' dir='ltr'><strong><em>mulie-</em></strong></span> 
     </span>
    </p>
   </div>
   <div class='ocr_carea' id='block_1_99' title="bbox 1023 834 1809 869">
    <p class='ocr_par' dir='ltr' id='par_1_99' title="bbox 1023 834 1809 869">
     <span class='ocr_line' id='line_1_102' title="bbox 1023 834 1809 869; baseline 0 -7"><span class='ocrx_word' id='word_1_634' title='bbox 1023 844 1080 862; x_wconf 89' lang='lat' dir='ltr'><strong><em>rum</em></strong></span> <span class='ocrx_word' id='word_1_635' title='bbox 1105 836 1302 862; x_wconf 81' lang='lat' dir='ltr'><strong><em>lamentationes</em></strong></span> <span class='ocrx_word' id='word_1_636' title='bbox 1328 835 1532 866; x_wconf 83' lang='lat' dir='ltr'><strong><em>reprehenderit.</em></strong></span> <span class='ocrx_word' id='word_1_637' title='bbox 1557 834 1663 869; x_wconf 86' lang='lat' dir='ltr'><strong><em>Confer.</em></strong></span> <span class='ocrx_word' id='word_1_638' title='bbox 1692 844 1732 869; x_wconf 87' lang='lat' dir='ltr'><strong><em>ep.</em></strong></span> <span class='ocrx_word' id='word_1_639' title='bbox 1758 835 1809 862; x_wconf 87' lang='grc'><strong><em>166</em></strong></span> 
     </span>
    </p>
   </div>
   <div class='ocr_carea' id='block_1_100' title="bbox 1024 870 1544 902">
    <p class='ocr_par' dir='ltr' id='par_1_100' title="bbox 1024 870 1544 902">
     <span class='ocr_line' id='line_1_103' title="bbox 1024 870 1544 902; baseline 0.002 -6"><span class='ocrx_word' id='word_1_640' title='bbox 1024 875 1047 897; x_wconf 90' lang='lat' dir='ltr'><strong><em>et</em></strong></span> <span class='ocrx_word' id='word_1_641' title='bbox 1062 870 1114 897; x_wconf 78' lang='lat'><strong><em>&#39;285</em></strong></span> <span class='ocrx_word' id='word_1_642' title='bbox 1130 871 1148 896; x_wconf 90' lang='grc' dir='ltr'><strong><em>Ι.</em></strong></span> <span class='ocrx_word' id='word_1_643' title='bbox 1166 878 1193 901; x_wconf 87' lang='grc' dir='ltr'><strong><em>ιι,</em></strong></span> <span class='ocrx_word' id='word_1_644' title='bbox 1211 876 1232 896; x_wconf 86' lang='lat' dir='ltr'><strong><em>et</em></strong></span> <span class='ocrx_word' id='word_1_645' title='bbox 1251 870 1277 895; x_wconf 91' lang='lat' dir='ltr'><strong><em>h.</em></strong></span> <span class='ocrx_word' id='word_1_646' title='bbox 1292 871 1310 896; x_wconf 94' lang='lat' dir='ltr'><strong><em>l.</em></strong></span> <span class='ocrx_word' id='word_1_647' title='bbox 1326 878 1364 902; x_wconf 88' lang='lat' dir='ltr'><strong><em>ep.</em></strong></span> <span class='ocrx_word' id='word_1_648' title='bbox 1386 870 1435 896; x_wconf 68' lang='grc'>128</span> <span class='ocrx_word' id='word_1_649' title='bbox 1448 875 1470 896; x_wconf 87' lang='lat' dir='ltr'><strong><em>et</em></strong></span> <span class='ocrx_word' id='word_1_650' title='bbox 1485 870 1544 897; x_wconf 81' lang='grc'>180.</span> 
     </span>
    </p>
   </div>
   <div class='ocr_carea' id='block_1_101' title="bbox 1059 904 1809 939">
    <p class='ocr_par' dir='ltr' id='par_1_101' title="bbox 1059 904 1809 939">
     <span class='ocr_line' id='line_1_104' title="bbox 1059 904 1809 939; baseline -0.003 -7"><span class='ocrx_word' id='word_1_651' title='bbox 1059 905 1093 932; x_wconf 81' lang='lat' dir='ltr'><strong><em>9s</em></strong></span> <span class='ocrx_word' id='word_1_652' title='bbox 1117 904 1182 932; x_wconf 88' lang='lat' dir='ltr'><strong><em>Cum</em></strong></span> <span class='ocrx_word' id='word_1_653' title='bbox 1212 905 1354 939; x_wconf 86' lang='lat' dir='ltr'><strong><em>oportuerit</em></strong></span> <span class='ocrx_word' id='word_1_654' title='bbox 1384 904 1516 931; x_wconf 87' lang='lat' dir='ltr'><strong><em>Christum</em></strong></span> <span class='ocrx_word' id='word_1_655' title='bbox 1543 905 1615 939; x_wconf 89' lang='lat' dir='ltr'><strong><em>pati,</em></strong></span> <span class='ocrx_word' id='word_1_656' title='bbox 1650 909 1712 931; x_wconf 83' lang='lat' dir='ltr'><strong><em>teste</em></strong></span> <span class='ocrx_word' id='word_1_657' title='bbox 1737 904 1809 931; x_wconf 82' lang='lat' dir='ltr'><strong><em>Luca</em></strong></span> 
     </span>
    </p>
   </div>
   <div class='ocr_carea' id='block_1_102' title="bbox 1025 940 1810 974">
    <p class='ocr_par' dir='ltr' id='par_1_102' title="bbox 1025 940 1810 974">
     <span class='ocr_line' id='line_1_105' title="bbox 1025 940 1810 974; baseline 0 -8"><span class='ocrx_word' id='word_1_658' title='bbox 1025 948 1099 971; x_wconf 79' lang='lat' dir='ltr'><strong><em>xxtv,</em></strong></span> <span class='ocrx_word' id='word_1_659' title='bbox 1115 948 1195 974; x_wconf 89' lang='lat' dir='ltr'><strong><em>quare</em></strong></span> <span class='ocrx_word' id='word_1_660' title='bbox 1210 941 1297 973; x_wconf 88' lang='lat' dir='ltr'><strong><em>puniti</em></strong></span> <span class='ocrx_word' id='word_1_661' title='bbox 1321 944 1380 966; x_wconf 78' lang='lat' dir='ltr'><strong><em>stitit</em></strong></span> <span class='ocrx_word' id='word_1_662' title='bbox 1403 940 1447 974; x_wconf 90' lang='lat' dir='ltr'><strong><em>qui</em></strong></span> <span class='ocrx_word' id='word_1_663' title='bbox 1477 941 1623 974; x_wconf 84' lang='lat' dir='ltr'><strong><em>passionem</em></strong></span> <span class='ocrx_word' id='word_1_664' title='bbox 1634 944 1810 974; x_wconf 82' lang='lat' dir='ltr'><strong><em>procurarunt</em></strong></span> 
     </span>
    </p>
   </div>
   <div class='ocr_carea' id='block_1_103' title="bbox 1024 974 1326 1007">
    <p class='ocr_par' dir='ltr' id='par_1_103' title="bbox 1024 974 1326 1007">
     <span class='ocr_line' id='line_1_106' title="bbox 1024 974 1326 1007; baseline -0.007 -6"><span class='ocrx_word' id='word_1_665' title='bbox 1024 981 1046 1001; x_wconf 90' lang='lat' dir='ltr'><strong><em>el</em></strong></span> <span class='ocrx_word' id='word_1_666' title='bbox 1062 974 1213 1007; x_wconf 85' lang='lat' dir='ltr'><strong><em>adjuverunt</em></strong></span> <span class='ocrx_word' id='word_1_667' title='bbox 1228 975 1326 1001; x_wconf 79' lang='lat' dir='ltr'><strong><em>Judtvi.</em></strong></span> 
     </span>
    </p>
   </div>
   <div class='ocr_carea' id='block_1_104' title="bbox 1060 1008 1805 1044">
    <p class='ocr_par' dir='ltr' id='par_1_104' title="bbox 1060 1008 1805 1044">
     <span class='ocr_line' id='line_1_107' title="bbox 1060 1008 1805 1044; baseline 0 -8"><span class='ocrx_word' id='word_1_668' title='bbox 1060 1010 1093 1036; x_wconf 87' lang='lat'><strong><em>99</em></strong></span> <span class='ocrx_word' id='word_1_669' title='bbox 1114 1009 1213 1036; x_wconf 85' lang='lat' dir='ltr'><strong><em>Sancta</em></strong></span> <span class='ocrx_word' id='word_1_670' title='bbox 1229 1010 1342 1042; x_wconf 84' lang='lat' dir='ltr'><strong><em>synodus</em></strong></span> <span class='ocrx_word' id='word_1_671' title='bbox 1362 1008 1471 1035; x_wconf 75' lang='lat' dir='ltr'><strong><em>Nicmna</em></strong></span> <span class='ocrx_word' id='word_1_672' title='bbox 1493 1008 1629 1036; x_wconf 86' lang='lat' dir='ltr'><strong><em>veritatem</em></strong></span> <span class='ocrx_word' id='word_1_673' title='bbox 1652 1009 1805 1044; x_wconf 86' lang='lat' dir='ltr'><strong><em>dogmatum</em></strong></span> 
     </span>
    </p>
   </div>
   <div class='ocr_carea' id='block_1_105' title="bbox 1025 1043 1634 1077">
    <p class='ocr_par' dir='ltr' id='par_1_105' title="bbox 1025 1043 1634 1077">
     <span class='ocr_line' id='line_1_108' title="bbox 1025 1043 1634 1077; baseline -0.002 -7"><span class='ocrx_word' id='word_1_674' title='bbox 1025 1044 1057 1071; x_wconf 91' lang='lat' dir='ltr'><strong><em>ab</em></strong></span> <span class='ocrx_word' id='word_1_675' title='bbox 1073 1045 1182 1077; x_wconf 81' lang='lat' dir='ltr'><strong><em>infinitis</em></strong></span> <span class='ocrx_word' id='word_1_676' title='bbox 1196 1044 1350 1076; x_wconf 76' lang='lat' dir='ltr'><strong><em>corruptelis</em></strong></span> <span class='ocrx_word' id='word_1_677' title='bbox 1368 1043 1495 1070; x_wconf 77' lang='lat' dir='ltr'><strong><em>hwresum</em></strong></span> <span class='ocrx_word' id='word_1_678' title='bbox 1511 1045 1634 1070; x_wconf 86' lang='lat' dir='ltr'><strong><em>asseruit.</em></strong></span> 
     </span>
    </p>
   </div>
   <div class='ocr_carea' id='block_1_106' title="bbox 1062 1078 1811 1112">
    <p class='ocr_par' dir='ltr' id='par_1_106' title="bbox 1062 1078 1811 1112">
     <span class='ocr_line' id='line_1_109' title="bbox 1062 1078 1811 1112; baseline 0.001 -7"><span class='ocrx_word' id='word_1_679' title='bbox 1062 1079 1112 1106; x_wconf 89' lang='grc'><strong><em>100</em></strong></span> <span class='ocrx_word' id='word_1_680' title='bbox 1132 1078 1202 1105; x_wconf 83' lang='lat' dir='ltr'><strong><em>Deus</em></strong></span> <span class='ocrx_word' id='word_1_681' title='bbox 1217 1079 1340 1105; x_wconf 62' lang='lat' dir='ltr'><strong><em>missione</em></strong></span> <span class='ocrx_word' id='word_1_682' title='bbox 1355 1078 1418 1104; x_wconf 78' lang='lat' dir='ltr'><strong><em>Filii</em></strong></span> <span class='ocrx_word' id='word_1_683' title='bbox 1434 1079 1475 1104; x_wconf 87' lang='lat' dir='ltr'><strong><em>sui</em></strong></span> <span class='ocrx_word' id='word_1_684' title='bbox 1491 1079 1525 1104; x_wconf 86' lang='lat' dir='ltr'><strong><em>ad</em></strong></span> <span class='ocrx_word' id='word_1_685' title='bbox 1541 1079 1738 1112; x_wconf 86' lang='lat' dir='ltr'><strong><em>persolvendum</em></strong></span> <span class='ocrx_word' id='word_1_686' title='bbox 1750 1087 1811 1112; x_wconf 64' lang='lat' dir='ltr'><strong><em>prec</em></strong></span> 
     </span>
    </p>
   </div>
   <div class='ocr_carea' id='block_1_107' title="bbox 1030 1114 1810 1149">
    <p class='ocr_par' dir='ltr' id='par_1_107' title="bbox 1030 1114 1810 1149">
     <span class='ocr_line' id='line_1_110' title="bbox 1030 1114 1810 1149; baseline 0 -9"><span class='ocrx_word' id='word_1_687' title='bbox 1030 1115 1095 1140; x_wconf 89' lang='lat' dir='ltr'><strong><em>tium</em></strong></span> <span class='ocrx_word' id='word_1_688' title='bbox 1110 1114 1293 1147; x_wconf 81' lang='lat' dir='ltr'><strong><em>redemptionis</em></strong></span> <span class='ocrx_word' id='word_1_689' title='bbox 1310 1114 1561 1149; x_wconf 83' lang='lat' dir='ltr'><strong><em>inslaurandamque</em></strong></span> <span class='ocrx_word' id='word_1_690' title='bbox 1586 1115 1685 1147; x_wconf 86' lang='lat' dir='ltr'><strong><em>generis</em></strong></span> <span class='ocrx_word' id='word_1_691' title='bbox 1701 1115 1810 1140; x_wconf 84' lang='lat' dir='ltr'><strong><em>humani</em></strong></span> 
     </span>
    </p>
   </div>
   <div class='ocr_carea' id='block_1_108' title="bbox 1025 1148 1804 1183">
    <p class='ocr_par' dir='ltr' id='par_1_108' title="bbox 1025 1148 1804 1183">
     <span class='ocr_line' id='line_1_111' title="bbox 1025 1148 1804 1183; baseline -0.001 -8"><span class='ocrx_word' id='word_1_692' title='bbox 1025 1149 1134 1175; x_wconf 80' lang='lat' dir='ltr'><strong><em>salutent</em></strong></span> <span class='ocrx_word' id='word_1_693' title='bbox 1152 1149 1264 1175; x_wconf 87' lang='lat' dir='ltr'><strong><em>ostendit</em></strong></span> <span class='ocrx_word' id='word_1_694' title='bbox 1289 1153 1311 1175; x_wconf 92' lang='lat' dir='ltr'><strong><em>et</em></strong></span> <span class='ocrx_word' id='word_1_695' title='bbox 1327 1148 1462 1183; x_wconf 88' lang='lat' dir='ltr'><strong><em>justitiam</em></strong></span> <span class='ocrx_word' id='word_1_696' title='bbox 1478 1156 1551 1174; x_wconf 85' lang='lat' dir='ltr'><strong><em>suam</em></strong></span> <span class='ocrx_word' id='word_1_697' title='bbox 1570 1154 1593 1174; x_wconf 94' lang='lat' dir='ltr'><strong><em>et</em></strong></span> <span class='ocrx_word' id='word_1_698' title='bbox 1613 1149 1804 1175; x_wconf 79' lang='lat' dir='ltr'><strong><em>abundantiam</em></strong></span> 
     </span>
    </p>
   </div>
   <div class='ocr_carea' id='block_1_109' title="bbox 1026 1184 1157 1210">
    <p class='ocr_par' dir='ltr' id='par_1_109' title="bbox 1026 1184 1157 1210">
     <span class='ocr_line' id='line_1_112' title="bbox 1026 1184 1157 1210; baseline 0 0"><span class='ocrx_word' id='word_1_699' title='bbox 1026 1184 1157 1210; x_wconf 85' lang='lat' dir='ltr'><strong><em>bonitatis.</em></strong></span> 
     </span>
    </p>
   </div>
   <div class='ocr_carea' id='block_1_110' title="bbox 1061 1216 1810 1251">
    <p class='ocr_par' dir='ltr' id='par_1_110' title="bbox 1061 1216 1810 1251">
     <span class='ocr_line' id='line_1_113' title="bbox 1061 1216 1810 1251; baseline 0 -7"><span class='ocrx_word' id='word_1_700' title='bbox 1061 1219 1109 1245; x_wconf 85' lang='grc'><strong><em>101</em></strong></span> <span class='ocrx_word' id='word_1_701' title='bbox 1142 1218 1277 1251; x_wconf 71' lang='lat' dir='ltr'><strong><em>Expositio</em></strong></span> <span class='ocrx_word' id='word_1_702' title='bbox 1310 1219 1438 1245; x_wconf 85' lang='lat' dir='ltr'><strong><em>dictorum</em></strong></span> <span class='ocrx_word' id='word_1_703' title='bbox 1472 1216 1647 1244; x_wconf 85' lang='lat' dir='ltr'><strong><em>Paulinorum</em></strong></span> <span class='ocrx_word' id='word_1_704' title='bbox 1674 1216 1751 1244; x_wconf 87' lang='lat' dir='ltr'><strong><em>Rom.</em></strong></span> <span class='ocrx_word' id='word_1_705' title='bbox 1781 1225 1810 1244; x_wconf 91' lang='lat' dir='ltr'><strong><em>I:</em></strong></span> 
     </span>
    </p>
   </div>
   <div class='ocr_carea' id='block_1_111' title="bbox 1029 1253 1812 1286">
    <p class='ocr_par' dir='ltr' id='par_1_111' title="bbox 1029 1253 1812 1286">
     <span class='ocr_line' id='line_1_114' title="bbox 1029 1253 1812 1286; baseline -0.001 -7"><span class='ocrx_word' id='word_1_706' title='bbox 1029 1262 1038 1279; x_wconf 74' lang='grc' dir='ltr'><strong><em>ι</em></strong></span> <span class='ocrx_word' id='word_1_707' title='bbox 1057 1253 1175 1280; x_wconf 83' lang='lat' dir='ltr'><strong><em>Tradidit</em></strong></span> <span class='ocrx_word' id='word_1_708' title='bbox 1193 1261 1236 1280; x_wconf 88' lang='lat' dir='ltr'><strong><em>eos</em></strong></span> <span class='ocrx_word' id='word_1_709' title='bbox 1254 1253 1321 1279; x_wconf 84' lang='lat' dir='ltr'><strong><em>Deus</em></strong></span> <span class='ocrx_word' id='word_1_710' title='bbox 1341 1254 1368 1279; x_wconf 87' lang='lat' dir='ltr'><strong><em>in</em></strong></span> <span class='ocrx_word' id='word_1_711' title='bbox 1385 1253 1493 1286; x_wconf 76' lang='lat' dir='ltr'><strong><em>affectus</em></strong></span> <span class='ocrx_word' id='word_1_712' title='bbox 1516 1253 1676 1286; x_wconf 66' lang='lat' dir='ltr'><strong><em>ignominiaa,</em></strong></span> <span class='ocrx_word' id='word_1_713' title='bbox 1703 1253 1812 1285; x_wconf 83' lang='lat' dir='ltr'><strong><em>repletos</em></strong></span> 
     </span>
    </p>
   </div>
   <div class='ocr_carea' id='block_1_112' title="bbox 1026 1286 1812 1322">
    <p class='ocr_par' dir='ltr' id='par_1_112' title="bbox 1026 1286 1812 1322">
     <span class='ocr_line' id='line_1_115' title="bbox 1026 1286 1812 1322; baseline -0.001 -8"><span class='ocrx_word' id='word_1_714' title='bbox 1026 1290 1097 1314; x_wconf 87' lang='lat' dir='ltr'><strong><em>omni</em></strong></span> <span class='ocrx_word' id='word_1_715' title='bbox 1118 1289 1264 1322; x_wconf 85' lang='lat' dir='ltr'><strong><em>iniquitate,</em></strong></span> <span class='ocrx_word' id='word_1_716' title='bbox 1280 1296 1289 1312; x_wconf 75' lang='grc' dir='ltr'><strong><em>ι</em></strong></span> <span class='ocrx_word' id='word_1_717' title='bbox 1308 1293 1362 1314; x_wconf 83' lang='lat' dir='ltr'><strong><em>etc.</em></strong></span> <span class='ocrx_word' id='word_1_718' title='bbox 1389 1297 1398 1313; x_wconf 86' lang='grc'><strong>‹</strong></span> <span class='ocrx_word' id='word_1_719' title='bbox 1416 1287 1492 1313; x_wconf 86' lang='lat' dir='ltr'><strong><em>Dedit</em></strong></span> <span class='ocrx_word' id='word_1_720' title='bbox 1518 1287 1579 1319; x_wconf 85' lang='lat' dir='ltr'><strong><em>ipsis</em></strong></span> <span class='ocrx_word' id='word_1_721' title='bbox 1603 1286 1672 1312; x_wconf 80' lang='lat' dir='ltr'><strong><em>Deus</em></strong></span> <span class='ocrx_word' id='word_1_722' title='bbox 1690 1289 1812 1319; x_wconf 79' lang='lat' dir='ltr'><strong><em>spiritum</em></strong></span> 
     </span>
    </p>
   </div>
   <div class='ocr_carea' id='block_1_113' title="bbox 1027 1322 1814 1356">
    <p class='ocr_par' dir='ltr' id='par_1_113' title="bbox 1027 1322 1814 1356">
     <span class='ocr_line' id='line_1_116' title="bbox 1027 1322 1814 1356; baseline -0.001 -8"><span class='ocrx_word' id='word_1_723' title='bbox 1027 1323 1244 1356; x_wconf 81' lang='lat' dir='ltr'><strong><em>compunrtlonis.</em></strong></span> <span class='ocrx_word' id='word_1_724' title='bbox 1261 1331 1270 1348; x_wconf 74' lang='grc' dir='ltr'><strong>ι</strong></span> <span class='ocrx_word' id='word_1_725' title='bbox 1298 1322 1365 1349; x_wconf 87' lang='lat' dir='ltr'><strong><em>Dare</em></strong></span> <span class='ocrx_word' id='word_1_726' title='bbox 1387 1329 1410 1349; x_wconf 91' lang='lat' dir='ltr'><strong><em>et</em></strong></span> <span class='ocrx_word' id='word_1_727' title='bbox 1432 1322 1534 1347; x_wconf 87' lang='lat' dir='ltr'><strong><em>tradere</em></strong></span> <span class='ocrx_word' id='word_1_728' title='bbox 1553 1329 1584 1347; x_wconf 70' lang='lat' dir='ltr'><strong><em>ea:</em></strong></span> <span class='ocrx_word' id='word_1_729' title='bbox 1609 1329 1680 1347; x_wconf 88' lang='lat' dir='ltr'><strong><em>mare</em></strong></span> <span class='ocrx_word' id='word_1_730' title='bbox 1705 1327 1727 1347; x_wconf 90' lang='lat' dir='ltr'><strong><em>et</em></strong></span> <span class='ocrx_word' id='word_1_731' title='bbox 1744 1322 1814 1348; x_wconf 89' lang='lat' dir='ltr'><strong><em>idio-</em></strong></span> 
     </span>
    </p>
   </div>
   <div class='ocr_carea' id='block_1_114' title="bbox 1028 1356 1813 1391">
    <p class='ocr_par' dir='ltr' id='par_1_114' title="bbox 1028 1356 1813 1391">
     <span class='ocr_line' id='line_1_117' title="bbox 1028 1356 1813 1391; baseline -0.003 -7"><span class='ocrx_word' id='word_1_732' title='bbox 1028 1363 1097 1384; x_wconf 87' lang='lat' dir='ltr'><strong><em>mate</em></strong></span> <span class='ocrx_word' id='word_1_733' title='bbox 1118 1365 1201 1384; x_wconf 71' lang='lat' dir='ltr'><strong><em>sacrm</em></strong></span> <span class='ocrx_word' id='word_1_734' title='bbox 1224 1357 1368 1391; x_wconf 69' lang='lat' dir='ltr'><strong><em>Scriptura:</em></strong></span> <span class='ocrx_word' id='word_1_735' title='bbox 1388 1356 1520 1391; x_wconf 78' lang='lat' dir='ltr'><strong><em>signiﬁcat</em></strong></span> <span class='ocrx_word' id='word_1_736' title='bbox 1544 1356 1612 1382; x_wconf 79' lang='lat' dir='ltr'><strong><em>idem</em></strong></span> <span class='ocrx_word' id='word_1_737' title='bbox 1637 1356 1706 1390; x_wconf 87' lang='lat' dir='ltr'><strong><em>quod</em></strong></span> <span class='ocrx_word' id='word_1_738' title='bbox 1732 1356 1813 1383; x_wconf 90' lang='lat' dir='ltr'><strong><em>relin-</em></strong></span> 
     </span>
    </p>
   </div>
   <div class='ocr_carea' id='block_1_115' title="bbox 1029 1392 1330 1427">
    <p class='ocr_par' dir='ltr' id='par_1_115' title="bbox 1029 1392 1330 1427">
     <span class='ocr_line' id='line_1_118' title="bbox 1029 1392 1330 1427; baseline 0 -9"><span class='ocrx_word' id='word_1_739' title='bbox 1029 1400 1106 1427; x_wconf 88' lang='lat' dir='ltr'><strong><em>quere</em></strong></span> <span class='ocrx_word' id='word_1_740' title='bbox 1119 1394 1156 1418; x_wconf 76' lang='lat' dir='ltr'><strong><em>vel</em></strong></span> <span class='ocrx_word' id='word_1_741' title='bbox 1169 1392 1330 1425; x_wconf 87' lang='lat' dir='ltr'><strong><em>permittere.</em></strong></span> 
     </span>
    </p>
   </div>
   <div class='ocr_carea' id='block_1_116' title="bbox 1064 1426 1812 1460">
    <p class='ocr_par' dir='ltr' id='par_1_116' title="bbox 1064 1426 1812 1460">
     <span class='ocr_line' id='line_1_119' title="bbox 1064 1426 1812 1460; baseline -0.001 -7"><span class='ocrx_word' id='word_1_742' title='bbox 1064 1427 1115 1454; x_wconf 68' lang='grc'>102</span> <span class='ocrx_word' id='word_1_743' title='bbox 1136 1427 1172 1453; x_wconf 82' lang='lat' dir='ltr'><strong><em>De</em></strong></span> <span class='ocrx_word' id='word_1_744' title='bbox 1190 1429 1282 1453; x_wconf 87' lang='lat' dir='ltr'><strong><em>tinmre</em></strong></span> <span class='ocrx_word' id='word_1_745' title='bbox 1296 1431 1319 1452; x_wconf 87' lang='lat' dir='ltr'><strong><em>et</em></strong></span> <span class='ocrx_word' id='word_1_746' title='bbox 1340 1427 1503 1453; x_wconf 86' lang='lat' dir='ltr'><strong><em>veneratione</em></strong></span> <span class='ocrx_word' id='word_1_747' title='bbox 1519 1434 1581 1460; x_wconf 82' lang='lat' dir='ltr'><strong><em>erga</em></strong></span> <span class='ocrx_word' id='word_1_748' title='bbox 1602 1426 1786 1460; x_wconf 80' lang='lat' dir='ltr'><strong><em>magistratum</em></strong></span> <span class='ocrx_word' id='word_1_749' title='bbox 1801 1434 1812 1458; x_wconf 72' lang='lat'><strong><em>,-</em></strong></span> 
     </span>
    </p>
   </div>
   <div class='ocr_carea' id='block_1_117' title="bbox 1028 1460 1556 1493">
    <p class='ocr_par' dir='ltr' id='par_1_117' title="bbox 1028 1460 1556 1493">
     <span class='ocr_line' id='line_1_120' title="bbox 1028 1460 1556 1493; baseline -0.004 -4"><span class='ocrx_word' id='word_1_750' title='bbox 1028 1470 1060 1489; x_wconf 66' lang='grc' dir='ltr'><strong><em>εκ</em></strong></span> <span class='ocrx_word' id='word_1_751' title='bbox 1077 1461 1189 1488; x_wconf 78' lang='lat' dir='ltr'><strong><em>Paulina</em></strong></span> <span class='ocrx_word' id='word_1_752' title='bbox 1203 1462 1392 1493; x_wconf 87' lang='lat' dir='ltr'><strong><em>admonitione,</em></strong></span> <span class='ocrx_word' id='word_1_753' title='bbox 1407 1460 1481 1487; x_wconf 83' lang='lat' dir='ltr'><strong><em>Rom.</em></strong></span> <span class='ocrx_word' id='word_1_754' title='bbox 1497 1468 1556 1487; x_wconf 79' lang='lat' dir='ltr'><strong><em>xm.</em></strong></span> 
     </span>
    </p>
   </div>
   <div class='ocr_carea' id='block_1_118' title="bbox 1065 1494 1814 1529">
    <p class='ocr_par' dir='ltr' id='par_1_118' title="bbox 1065 1494 1814 1529">
     <span class='ocr_line' id='line_1_121' title="bbox 1065 1494 1814 1529; baseline -0.003 -6"><span class='ocrx_word' id='word_1_755' title='bbox 1065 1497 1116 1523; x_wconf 81' lang='grc'>105</span> <span class='ocrx_word' id='word_1_756' title='bbox 1137 1496 1253 1523; x_wconf 84' lang='lat' dir='ltr'><strong><em>Ecclesia</em></strong></span> <span class='ocrx_word' id='word_1_757' title='bbox 1267 1496 1420 1523; x_wconf 85' lang='lat' dir='ltr'><strong><em>universalis</em></strong></span> <span class='ocrx_word' id='word_1_758' title='bbox 1432 1500 1469 1522; x_wconf 87' lang='lat' dir='ltr'><strong><em>est</em></strong></span> <span class='ocrx_word' id='word_1_759' title='bbox 1485 1504 1578 1528; x_wconf 87' lang='lat' dir='ltr'><strong><em>corpus</em></strong></span> <span class='ocrx_word' id='word_1_760' title='bbox 1594 1494 1711 1526; x_wconf 86' lang='lat' dir='ltr'><strong><em>Christi;</em></strong></span> <span class='ocrx_word' id='word_1_761' title='bbox 1727 1495 1814 1529; x_wconf 86' lang='lat' dir='ltr'><strong><em>parti-</em></strong></span> 
     </span>
    </p>
   </div>
   <div class='ocr_carea' id='block_1_119' title="bbox 1030 1530 1815 1565">
    <p class='ocr_par' dir='ltr' id='par_1_119' title="bbox 1030 1530 1815 1565">
     <span class='ocr_line' id='line_1_122' title="bbox 1030 1530 1815 1565; baseline -0.003 -7"><span class='ocrx_word' id='word_1_762' title='bbox 1030 1531 1139 1563; x_wconf 84' lang='lat' dir='ltr'><strong><em>cularis,</em></strong></span> <span class='ocrx_word' id='word_1_763' title='bbox 1156 1539 1180 1559; x_wconf 85' lang='grc' dir='ltr'><strong><em>υ.</em></strong></span> <span class='ocrx_word' id='word_1_764' title='bbox 1196 1539 1222 1565; x_wconf 88' lang='lat' dir='ltr'><strong><em>g.</em></strong></span> <span class='ocrx_word' id='word_1_765' title='bbox 1240 1530 1438 1557; x_wconf 85' lang='lat' dir='ltr'><strong><em>Corinthiorum</em></strong></span> <span class='ocrx_word' id='word_1_766' title='bbox 1459 1530 1585 1560; x_wconf 68' lang='lat' dir='ltr'><strong><em>Ecclesia.</em></strong></span> <span class='ocrx_word' id='word_1_767' title='bbox 1601 1537 1636 1556; x_wconf 87' lang='lat' dir='ltr'><strong><em>est</em></strong></span> <span class='ocrx_word' id='word_1_768' title='bbox 1651 1531 1707 1563; x_wconf 84' lang='lat' dir='ltr'><strong><em>ejus</em></strong></span> <span class='ocrx_word' id='word_1_769' title='bbox 1722 1537 1815 1563; x_wconf 86' lang='lat' dir='ltr'><strong><em>corpo-</em></strong></span> 
     </span>
    </p>
   </div>
   <div class='ocr_carea' id='block_1_120' title="bbox 1030 1565 1706 1599">
    <p class='ocr_par' dir='ltr' id='par_1_120' title="bbox 1030 1565 1706 1599">
     <span class='ocr_line' id='line_1_123' title="bbox 1030 1565 1706 1599; baseline -0.003 -7"><span class='ocrx_word' id='word_1_770' title='bbox 1030 1567 1066 1592; x_wconf 89' lang='lat' dir='ltr'><strong><em>ris</em></strong></span> <span class='ocrx_word' id='word_1_771' title='bbox 1079 1566 1221 1592; x_wconf 87' lang='lat' dir='ltr'><strong><em>membrum</em></strong></span> <span class='ocrx_word' id='word_1_772' title='bbox 1235 1573 1267 1593; x_wconf 66' lang='grc' dir='ltr'><strong><em>επ</em></strong></span> <span class='ocrx_word' id='word_1_773' title='bbox 1283 1571 1365 1599; x_wconf 89' lang='lat' dir='ltr'><strong><em>parte.</em></strong></span> <span class='ocrx_word' id='word_1_774' title='bbox 1379 1565 1422 1592; x_wconf 66' lang='lat' dir='ltr'><strong><em>EI.</em></strong></span> <span class='ocrx_word' id='word_1_775' title='bbox 1438 1565 1521 1598; x_wconf 86' lang='lat' dir='ltr'><strong><em>Epist.</em></strong></span> <span class='ocrx_word' id='word_1_776' title='bbox 1539 1566 1571 1591; x_wconf 89' lang='lat' dir='ltr'><strong><em>ad</em></strong></span> <span class='ocrx_word' id='word_1_777' title='bbox 1589 1565 1706 1591; x_wconf 85' lang='lat' dir='ltr'><strong><em>Corinth.</em></strong></span> 
     </span>
    </p>
   </div>
   <div class='ocr_carea' id='block_1_121' title="bbox 1064 1600 1812 1628">
    <p class='ocr_par' dir='ltr' id='par_1_121' title="bbox 1064 1600 1812 1628">
     <span class='ocr_line' id='line_1_124' title="bbox 1064 1600 1812 1628; baseline -0.003 -1"><span class='ocrx_word' id='word_1_778' title='bbox 1064 1601 1114 1628; x_wconf 83' lang='grc'><strong><em>101</em></strong></span> <span class='ocrx_word' id='word_1_779' title='bbox 1136 1600 1251 1627; x_wconf 81' lang='lat' dir='ltr'><strong><em>.l’iorum</em></strong></span> <span class='ocrx_word' id='word_1_780' title='bbox 1280 1609 1404 1627; x_wconf 77' lang='lat' dir='ltr'><strong><em>cerumna:</em></strong></span> <span class='ocrx_word' id='word_1_781' title='bbox 1426 1608 1582 1627; x_wconf 84' lang='lat' dir='ltr'><strong><em>coronarum</em></strong></span> <span class='ocrx_word' id='word_1_782' title='bbox 1614 1604 1637 1626; x_wconf 88' lang='lat' dir='ltr'><strong><em>et</em></strong></span> <span class='ocrx_word' id='word_1_783' title='bbox 1663 1600 1812 1626; x_wconf 87' lang='lat' dir='ltr'><strong><em>braviornm</em></strong></span> 
     </span>
    </p>
   </div>
   <div class='ocr_carea' id='block_1_122' title="bbox 1029 1634 1810 1669">
    <p class='ocr_par' dir='ltr' id='par_1_122' title="bbox 1029 1634 1810 1669">
     <span class='ocr_line' id='line_1_125' title="bbox 1029 1634 1810 1669; baseline -0.001 -8"><span class='ocrx_word' id='word_1_784' title='bbox 1029 1637 1115 1662; x_wconf 89' lang='lat' dir='ltr'><strong><em>instar</em></strong></span> <span class='ocrx_word' id='word_1_785' title='bbox 1133 1635 1236 1667; x_wconf 82' lang='lat' dir='ltr'><strong><em>habent,</em></strong></span> <span class='ocrx_word' id='word_1_786' title='bbox 1251 1640 1274 1662; x_wconf 91' lang='lat' dir='ltr'><strong><em>et</em></strong></span> <span class='ocrx_word' id='word_1_787' title='bbox 1293 1636 1442 1662; x_wconf 75' lang='lat' dir='ltr'><strong><em>exsultandi</em></strong></span> <span class='ocrx_word' id='word_1_788' title='bbox 1454 1636 1592 1662; x_wconf 85' lang='lat' dir='ltr'><strong><em>materiam</em></strong></span> <span class='ocrx_word' id='word_1_789' title='bbox 1604 1635 1667 1669; x_wconf 85' lang='lat' dir='ltr'><strong><em>ipsis</em></strong></span> <span class='ocrx_word' id='word_1_790' title='bbox 1683 1634 1810 1668; x_wconf 77' lang='lat' dir='ltr'><strong><em>pra-bent.</em></strong></span> 
     </span>
    </p>
   </div>
   <div class='ocr_carea' id='block_1_123' title="bbox 1029 1670 1645 1704">
    <p class='ocr_par' dir='ltr' id='par_1_123' title="bbox 1029 1670 1645 1704">
     <span class='ocr_line' id='line_1_126' title="bbox 1029 1670 1645 1704; baseline -0.003 -8"><span class='ocrx_word' id='word_1_791' title='bbox 1029 1670 1071 1697; x_wconf 66' lang='lat' dir='ltr'><strong><em>Ea:</em></strong></span> <span class='ocrx_word' id='word_1_792' title='bbox 1087 1670 1170 1696; x_wconf 82' lang='lat' dir='ltr'><strong><em>Paulo</em></strong></span> <span class='ocrx_word' id='word_1_793' title='bbox 1186 1670 1280 1704; x_wconf 80' lang='lat' dir='ltr'><strong><em>l’ltilip.</em></strong></span> <span class='ocrx_word' id='word_1_794' title='bbox 1297 1678 1316 1697; x_wconf 95' lang='lat' dir='ltr'><strong><em>l.</em></strong></span> <span class='ocrx_word' id='word_1_795' title='bbox 1639 1688 1645 1694; x_wconf 90' lang='lat'><strong><em>.</em></strong></span> 
     </span>
    </p>
   </div>
   <div class='ocr_carea' id='block_1_124' title="bbox 1065 1703 1815 1739">
    <p class='ocr_par' dir='ltr' id='par_1_124' title="bbox 1065 1703 1815 1739">
     <span class='ocr_line' id='line_1_127' title="bbox 1065 1703 1815 1739; baseline -0.004 -7"><span class='ocrx_word' id='word_1_796' title='bbox 1065 1705 1117 1732; x_wconf 73' lang='lat'><strong><em>105</em></strong></span> <span class='ocrx_word' id='word_1_797' title='bbox 1136 1705 1272 1732; x_wconf 68' lang='lat' dir='ltr'><strong><em>Da’mones</em></strong></span> <span class='ocrx_word' id='word_1_798' title='bbox 1291 1713 1351 1731; x_wconf 89' lang='lat' dir='ltr'><strong><em>cum</em></strong></span> <span class='ocrx_word' id='word_1_799' title='bbox 1365 1712 1412 1739; x_wconf 92' lang='lat' dir='ltr'><strong><em>pro</em></strong></span> <span class='ocrx_word' id='word_1_800' title='bbox 1436 1706 1488 1732; x_wconf 89' lang='lat' dir='ltr'><strong><em>diis</em></strong></span> <span class='ocrx_word' id='word_1_801' title='bbox 1511 1705 1561 1731; x_wconf 88' lang='lat' dir='ltr'><strong><em>coli</em></strong></span> <span class='ocrx_word' id='word_1_802' title='bbox 1583 1704 1685 1735; x_wconf 87' lang='lat' dir='ltr'><strong><em>vellent,</em></strong></span> <span class='ocrx_word' id='word_1_803' title='bbox 1704 1703 1815 1730; x_wconf 86' lang='lat' dir='ltr'><strong><em>simula-</em></strong></span> 
     </span>
    </p>
   </div>
   <div class='ocr_carea' id='block_1_125' title="bbox 1029 1738 1816 1774">
    <p class='ocr_par' dir='ltr' id='par_1_125' title="bbox 1029 1738 1816 1774">
     <span class='ocr_line' id='line_1_128' title="bbox 1029 1738 1816 1774; baseline -0.003 -8"><span class='ocrx_word' id='word_1_804' title='bbox 1029 1745 1089 1767; x_wconf 85' lang='lat' dir='ltr'><strong><em>runt</em></strong></span> <span class='ocrx_word' id='word_1_805' title='bbox 1104 1741 1212 1773; x_wconf 69' lang='lat' dir='ltr'><strong><em>iastitiaz</em></strong></span> <span class='ocrx_word' id='word_1_806' title='bbox 1232 1738 1369 1772; x_wconf 57' lang='lat' dir='ltr'><strong><em>studium,</em></strong></span> <span class='ocrx_word' id='word_1_807' title='bbox 1387 1740 1464 1774; x_wconf 88' lang='lat' dir='ltr'><strong><em>idque</em></strong></span> <span class='ocrx_word' id='word_1_808' title='bbox 1486 1749 1502 1766; x_wconf 93' lang='lat' dir='ltr'><strong><em>a</em></strong></span> <span class='ocrx_word' id='word_1_809' title='bbox 1526 1741 1580 1766; x_wconf 83' lang='lat' dir='ltr'><strong><em>suis</em></strong></span> <span class='ocrx_word' id='word_1_810' title='bbox 1602 1738 1746 1766; x_wconf 83' lang='lat' dir='ltr'><strong><em>cultoribus</em></strong></span> <span class='ocrx_word' id='word_1_811' title='bbox 1771 1746 1816 1765; x_wconf 73' lang='lat' dir='ltr'><strong><em>ea:-</em></strong></span> 
     </span>
    </p>
   </div>
   <div class='ocr_carea' id='block_1_126' title="bbox 1028 1781 1147 1802">
    <p class='ocr_par' dir='ltr' id='par_1_126' title="bbox 1028 1781 1147 1802">
     <span class='ocr_line' id='line_1_129' title="bbox 1028 1781 1147 1802; baseline -0.017 0"><span class='ocrx_word' id='word_1_812' title='bbox 1028 1781 1147 1802; x_wconf 78' lang='lat' dir='ltr'><strong><em>eneruat.</em></strong></span> 
     </span>
    </p>
   </div>
   <div class='ocr_carea' id='block_1_127' title="bbox 1043 1785 1762 1836">
    <p class='ocr_par' dir='ltr' id='par_1_127' title="bbox 1043 1785 1762 1836">
     <span class='ocr_line' id='line_1_130' title="bbox 1043 1785 1762 1836; baseline -0.004 0"><span class='ocrx_word' id='word_1_813' title='bbox 1043 1785 1171 1836; x_wconf 56' lang='lat' dir='ltr'><strong><em>g‘irttutimDe</em></strong></span> <span class='ocrx_word' id='word_1_814' title='bbox 1186 1810 1296 1835; x_wconf 87' lang='lat' dir='ltr'><strong><em>diversis</em></strong></span> <span class='ocrx_word' id='word_1_815' title='bbox 1317 1808 1421 1835; x_wconf 88' lang='lat' dir='ltr'><strong><em>talentis</em></strong></span> <span class='ocrx_word' id='word_1_816' title='bbox 1435 1809 1582 1835; x_wconf 87' lang='lat' dir='ltr'><strong><em>hominibus</em></strong></span> <span class='ocrx_word' id='word_1_817' title='bbox 1595 1808 1762 1834; x_wconf 84' lang='lat' dir='ltr'><strong><em>concreditis.</em></strong></span> 
     </span>
    </p>
   </div>
   <div class='ocr_carea' id='block_1_128' title="bbox 1065 1843 1814 1879">
    <p class='ocr_par' dir='ltr' id='par_1_128' title="bbox 1065 1843 1814 1879">
     <span class='ocr_line' id='line_1_131' title="bbox 1065 1843 1814 1879; baseline -0.005 -7"><span class='ocrx_word' id='word_1_818' title='bbox 1065 1845 1115 1872; x_wconf 87' lang='grc'><strong><em>107</em></strong></span> <span class='ocrx_word' id='word_1_819' title='bbox 1137 1844 1218 1871; x_wconf 80' lang='lat' dir='ltr'><strong><em>Terra</em></strong></span> <span class='ocrx_word' id='word_1_820' title='bbox 1232 1852 1283 1879; x_wconf 86' lang='lat' dir='ltr'><strong><em>qua</em></strong></span> <span class='ocrx_word' id='word_1_821' title='bbox 1304 1844 1403 1870; x_wconf 86' lang='lat' dir='ltr'><strong><em>ratione</em></strong></span> <span class='ocrx_word' id='word_1_822' title='bbox 1425 1843 1462 1870; x_wconf 88' lang='lat' dir='ltr'><strong><em>vel</em></strong></span> <span class='ocrx_word' id='word_1_823' title='bbox 1483 1843 1585 1870; x_wconf 79' lang='lat' dir='ltr'><strong><em>mobilis</em></strong></span> <span class='ocrx_word' id='word_1_824' title='bbox 1601 1843 1702 1874; x_wconf 74' lang='lat' dir='ltr'><strong><em>sil,‘vel</em></strong></span> <span class='ocrx_word' id='word_1_825' title='bbox 1721 1843 1814 1868; x_wconf 87' lang='lat' dir='ltr'><strong><em>immo-</em></strong></span> 
     </span>
    </p>
   </div>
   <div class='ocr_carea' id='block_1_129' title="bbox 1030 1880 1102 1907">
    <p class='ocr_par' dir='ltr' id='par_1_129' title="bbox 1030 1880 1102 1907">
     <span class='ocr_line' id='line_1_132' title="bbox 1030 1880 1102 1907; baseline -0.014 0"><span class='ocrx_word' id='word_1_826' title='bbox 1030 1880 1102 1907; x_wconf 82' lang='lat' dir='ltr'><strong><em>bilis.</em></strong></span> 
     </span>
    </p>
   </div>
   <div class='ocr_carea' id='block_1_130' title="bbox 1065 1911 1817 1947">
    <p class='ocr_par' dir='ltr' id='par_1_130' title="bbox 1065 1911 1817 1947">
     <span class='ocr_line' id='line_1_133' title="bbox 1065 1911 1817 1947; baseline -0.005 -5"><span class='ocrx_word' id='word_1_827' title='bbox 1065 1915 1116 1942; x_wconf 90' lang='grc'><strong><em>108</em></strong></span> <span class='ocrx_word' id='word_1_828' title='bbox 1137 1913 1258 1940; x_wconf 83' lang='lat' dir='ltr'><strong><em>Christus</em></strong></span> <span class='ocrx_word' id='word_1_829' title='bbox 1272 1913 1300 1939; x_wconf 89' lang='lat' dir='ltr'><strong><em>in</em></strong></span> <span class='ocrx_word' id='word_1_830' title='bbox 1319 1920 1394 1939; x_wconf 81' lang='lat' dir='ltr'><strong><em>cruce</em></strong></span> <span class='ocrx_word' id='word_1_831' title='bbox 1414 1912 1585 1947; x_wconf 83' lang='lat' dir='ltr'><strong><em>triumphavit</em></strong></span> <span class='ocrx_word' id='word_1_832' title='bbox 1607 1912 1639 1938; x_wconf 89' lang='lat' dir='ltr'><strong><em>de</em></strong></span> <span class='ocrx_word' id='word_1_833' title='bbox 1654 1911 1817 1938; x_wconf 62' lang='lat' dir='ltr'><strong><em>daemonibus</em></strong></span> 
     </span>
    </p>
   </div>
   <div class='ocr_carea' id='block_1_131' title="bbox 1029 1949 1174 1976">
    <p class='ocr_par' dir='ltr' id='par_1_131' title="bbox 1029 1949 1174 1976">
     <span class='ocr_line' id='line_1_134' title="bbox 1029 1949 1174 1976; baseline 0 0"><span class='ocrx_word' id='word_1_834' title='bbox 1029 1949 1174 1976; x_wconf 82' lang='lat' dir='ltr'><strong><em>debellatis.</em></strong></span> 
     </span>
    </p>
   </div>
   <div class='ocr_carea' id='block_1_132' title="bbox 1066 1981 1814 2017">
    <p class='ocr_par' dir='ltr' id='par_1_132' title="bbox 1066 1981 1814 2017">
     <span class='ocr_line' id='line_1_135' title="bbox 1066 1981 1814 2017; baseline -0.007 -5"><span class='ocrx_word' id='word_1_835' title='bbox 1066 1985 1117 2012; x_wconf 86' lang='grc'>109</span> <span class='ocrx_word' id='word_1_836' title='bbox 1142 1982 1292 2017; x_wconf 75' lang='lat' dir='ltr'><strong><em>Explicatio</em></strong></span> <span class='ocrx_word' id='word_1_837' title='bbox 1325 1982 1388 2009; x_wconf 83' lang='lat' dir='ltr'><strong><em>dicti</em></strong></span> <span class='ocrx_word' id='word_1_838' title='bbox 1414 1981 1582 2015; x_wconf 84' lang='lat' dir='ltr'><strong><em>Salomonis,</em></strong></span> <span class='ocrx_word' id='word_1_839' title='bbox 1613 1981 1736 2008; x_wconf 78' lang='lat' dir='ltr'><strong><em>Prorerb.</em></strong></span> <span class='ocrx_word' id='word_1_840' title='bbox 1765 1989 1814 2007; x_wconf 74' lang='lat' dir='ltr'><strong><em>Vl:</em></strong></span> 
     </span>
    </p>
   </div>
   <div class='ocr_carea' id='block_1_133' title="bbox 1033 2016 1816 2053">
    <p class='ocr_par' dir='ltr' id='par_1_133' title="bbox 1033 2016 1816 2053">
     <span class='ocr_line' id='line_1_136' title="bbox 1033 2016 1816 2053; baseline -0.006 -7"><span class='ocrx_word' id='word_1_841' title='bbox 1033 2029 1042 2045; x_wconf 74' lang='grc' dir='ltr'>ι</span> <span class='ocrx_word' id='word_1_842' title='bbox 1060 2020 1111 2052; x_wconf 83' lang='lat' dir='ltr'><strong><em>Qui</em></strong></span> <span class='ocrx_word' id='word_1_843' title='bbox 1129 2018 1274 2053; x_wconf 86' lang='lat' dir='ltr'><strong><em>ingreditur</em></strong></span> <span class='ocrx_word' id='word_1_844' title='bbox 1289 2018 1321 2044; x_wconf 90' lang='lat' dir='ltr'><strong><em>ad</em></strong></span> <span class='ocrx_word' id='word_1_845' title='bbox 1343 2018 1477 2044; x_wconf 82' lang='lat' dir='ltr'><strong><em>mulierem</em></strong></span> <span class='ocrx_word' id='word_1_846' title='bbox 1498 2025 1624 2053; x_wconf 60' lang='lat' dir='ltr'><strong><em>nuptamL</em></strong></span> <span class='ocrx_word' id='word_1_847' title='bbox 1644 2025 1694 2042; x_wconf 89' lang='lat' dir='ltr'><strong><em>non</em></strong></span> <span class='ocrx_word' id='word_1_848' title='bbox 1709 2017 1757 2042; x_wconf 87' lang='lat' dir='ltr'><strong><em>erit</em></strong></span> <span class='ocrx_word' id='word_1_849' title='bbox 1777 2016 1816 2042; x_wconf 86' lang='lat' dir='ltr'><strong><em>in-</em></strong></span> 
     </span>
    </p>
   </div>
   <div class='ocr_carea' id='block_1_134' title="bbox 1030 2051 1810 2087">
    <p class='ocr_par' dir='ltr' id='par_1_134' title="bbox 1030 2051 1810 2087">
     <span class='ocr_line' id='line_1_137' title="bbox 1030 2051 1810 2087; baseline -0.006 -6"><span class='ocrx_word' id='word_1_850' title='bbox 1030 2051 1142 2086; x_wconf 79' lang='lat' dir='ltr'><strong><em>nocens;</em></strong></span> <span class='ocrx_word' id='word_1_851' title='bbox 1157 2051 1246 2087; x_wconf 27' lang='lat' dir='ltr'><strong><em>rneque</em></strong></span> <span class='ocrx_word' id='word_1_852' title='bbox 1261 2053 1344 2079; x_wconf 85' lang='lat' dir='ltr'><strong><em>omnis</em></strong></span> <span class='ocrx_word' id='word_1_853' title='bbox 1367 2059 1474 2086; x_wconf 87' lang='lat' dir='ltr'><strong><em>tangens</em></strong></span> <span class='ocrx_word' id='word_1_854' title='bbox 1491 2060 1558 2080; x_wconf 90' lang='lat' dir='ltr'><strong><em>eam.</em></strong></span> <span class='ocrx_word' id='word_1_855' title='bbox 1579 2061 1587 2078; x_wconf 72' lang='grc' dir='ltr'><strong><em>ι</em></strong></span> <span class='ocrx_word' id='word_1_856' title='bbox 1604 2051 1700 2078; x_wconf 85' lang='lat' dir='ltr'><strong><em>Tactus</em></strong></span> <span class='ocrx_word' id='word_1_857' title='bbox 1718 2059 1810 2077; x_wconf 83' lang='lat' dir='ltr'><strong><em>sensus</em></strong></span> 
     </span>
    </p>
   </div>
   <div class='ocr_carea' id='block_1_135' title="bbox 1031 2086 1816 2121">
    <p class='ocr_par' dir='ltr' id='par_1_135' title="bbox 1031 2086 1816 2121">
     <span class='ocr_line' id='line_1_138' title="bbox 1031 2086 1816 2121; baseline -0.006 -5"><span class='ocrx_word' id='word_1_858' title='bbox 1031 2089 1146 2116; x_wconf 78' lang='lat' dir='ltr'><strong><em>crassior</em></strong></span> <span class='ocrx_word' id='word_1_859' title='bbox 1161 2093 1186 2114; x_wconf 88' lang='lat' dir='ltr'><strong><em>et</em></strong></span> <span class='ocrx_word' id='word_1_860' title='bbox 1203 2086 1334 2121; x_wconf 82' lang='lat' dir='ltr'><strong><em>impurior</em></strong></span> <span class='ocrx_word' id='word_1_861' title='bbox 1354 2093 1390 2114; x_wconf 82' lang='lat' dir='ltr'><strong><em>est</em></strong></span> <span class='ocrx_word' id='word_1_862' title='bbox 1410 2095 1489 2121; x_wconf 88' lang='lat' dir='ltr'><strong><em>quam</em></strong></span> <span class='ocrx_word' id='word_1_863' title='bbox 1506 2087 1583 2120; x_wconf 82' lang='lat' dir='ltr'><strong><em>visus,</em></strong></span> <span class='ocrx_word' id='word_1_864' title='bbox 1599 2087 1644 2121; x_wconf 87' lang='lat' dir='ltr'><strong><em>qui</em></strong></span> <span class='ocrx_word' id='word_1_865' title='bbox 1670 2090 1708 2112; x_wconf 84' lang='lat' dir='ltr'><strong><em>est</em></strong></span> <span class='ocrx_word' id='word_1_866' title='bbox 1729 2086 1816 2112; x_wconf 84' lang='lat' dir='ltr'><strong><em>subti-</em></strong></span> 
     </span>
    </p>
   </div>
   <div class='ocr_carea' id='block_1_136' title="bbox 1030 2123 1245 2156">
    <p class='ocr_par' dir='ltr' id='par_1_136' title="bbox 1030 2123 1245 2156">
     <span class='ocr_line' id='line_1_139' title="bbox 1030 2123 1245 2156; baseline -0.009 -6"><span class='ocrx_word' id='word_1_867' title='bbox 1030 2124 1082 2150; x_wconf 87' lang='lat' dir='ltr'><strong><em>lior</em></strong></span> <span class='ocrx_word' id='word_1_868' title='bbox 1099 2132 1129 2150; x_wconf 88' lang='lat' dir='ltr'><strong><em>ac</em></strong></span> <span class='ocrx_word' id='word_1_869' title='bbox 1144 2123 1245 2156; x_wconf 83' lang='lat' dir='ltr'><strong><em>purior.</em></strong></span> 
     </span>
    </p>
   </div>
   <div class='ocr_carea' id='block_1_137' title="bbox 1067 2155 1818 2191">
    <p class='ocr_par' dir='ltr' id='par_1_137' title="bbox 1067 2155 1818 2191">
     <span class='ocr_line' id='line_1_140' title="bbox 1067 2155 1818 2191; baseline -0.008 -6"><span class='ocrx_word' id='word_1_870' title='bbox 1067 2159 1118 2185; x_wconf 80' lang='grc'><strong><em>110</em></strong></span> <span class='ocrx_word' id='word_1_871' title='bbox 1144 2155 1283 2191; x_wconf 74' lang='lat' dir='ltr'><strong><em>Expositio</em></strong></span> <span class='ocrx_word' id='word_1_872' title='bbox 1307 2157 1372 2184; x_wconf 88' lang='lat' dir='ltr'><strong><em>dicti</em></strong></span> <span class='ocrx_word' id='word_1_873' title='bbox 1396 2155 1526 2184; x_wconf 73' lang='lat' dir='ltr'><strong><em>Ezechiel.</em></strong></span> <span class='ocrx_word' id='word_1_874' title='bbox 1542 2164 1577 2183; x_wconf 80' lang='lat' dir='ltr'><strong><em>vn</em></strong></span> <span class='ocrx_word' id='word_1_875' title='bbox 1594 2165 1600 2183; x_wconf 91' lang='lat'>:</span> <span class='ocrx_word' id='word_1_876' title='bbox 1619 2165 1627 2182; x_wconf 76' lang='grc' dir='ltr'><strong><em>ι</em></strong></span> <span class='ocrx_word' id='word_1_877' title='bbox 1645 2155 1675 2182; x_wconf 79' lang='lat' dir='ltr'><strong><em>Et</em></strong></span> <span class='ocrx_word' id='word_1_878' title='bbox 1697 2160 1772 2182; x_wconf 91' lang='lat' dir='ltr'><strong><em>erunt</em></strong></span> <span class='ocrx_word' id='word_1_879' title='bbox 1791 2155 1818 2180; x_wconf 88' lang='lat' dir='ltr'><strong><em>in</em></strong></span> 
     </span>
    </p>
   </div>
   <div class='ocr_carea' id='block_1_138' title="bbox 1032 2191 1816 2220">
    <p class='ocr_par' dir='ltr' id='par_1_138' title="bbox 1032 2191 1816 2220">
     <span class='ocr_line' id='line_1_141' title="bbox 1032 2191 1816 2220; baseline -0.006 0"><span class='ocrx_word' id='word_1_880' title='bbox 1032 2193 1163 2220; x_wconf 86' lang='lat' dir='ltr'><strong><em>montibus</em></strong></span> <span class='ocrx_word' id='word_1_881' title='bbox 1179 2198 1205 2218; x_wconf 89' lang='lat' dir='ltr'><strong><em>ut</em></strong></span> <span class='ocrx_word' id='word_1_882' title='bbox 1219 2192 1345 2220; x_wconf 78' lang='lat' dir='ltr'><strong><em>columba:</em></strong></span> <span class='ocrx_word' id='word_1_883' title='bbox 1358 2194 1518 2218; x_wconf 85' lang='lat' dir='ltr'><strong><em>meditantes.</em></strong></span> <span class='ocrx_word' id='word_1_884' title='bbox 1537 2200 1546 2216; x_wconf 76' lang='lat' dir='ltr'><strong><em>s</em></strong></span> <span class='ocrx_word' id='word_1_885' title='bbox 1564 2192 1691 2218; x_wconf 83' lang='lat' dir='ltr'><strong><em>Cuntulus</em></strong></span> <span class='ocrx_word' id='word_1_886' title='bbox 1705 2191 1816 2220; x_wconf 83' lang='lat' dir='ltr'><strong><em>doloris.</em></strong></span> 
     </span>
    </p>
   </div>
   <div class='ocr_carea' id='block_1_139' title="bbox 1033 2229 1327 2262">
    <p class='ocr_par' dir='ltr' id='par_1_139' title="bbox 1033 2229 1327 2262">
     <span class='ocr_line' id='line_1_142' title="bbox 1033 2229 1327 2262; baseline -0.007 -6"><span class='ocrx_word' id='word_1_887' title='bbox 1033 2237 1084 2256; x_wconf 88' lang='lat' dir='ltr'><strong><em>non</em></strong></span> <span class='ocrx_word' id='word_1_888' title='bbox 1101 2229 1178 2254; x_wconf 84' lang='lat' dir='ltr'><strong><em>licere</em></strong></span> <span class='ocrx_word' id='word_1_889' title='bbox 1195 2229 1327 2262; x_wconf 84' lang='lat' dir='ltr'><strong><em>conqueri.</em></strong></span> 
     </span>
    </p>
   </div>
   <div class='ocr_carea' id='block_1_140' title="bbox 1067 2260 1814 2294">
    <p class='ocr_par' dir='ltr' id='par_1_140' title="bbox 1067 2260 1814 2294">
     <span class='ocr_line' id='line_1_143' title="bbox 1067 2260 1814 2294; baseline -0.005 -4"><span class='ocrx_word' id='word_1_890' title='bbox 1067 2263 1115 2290; x_wconf 91' lang='grc'><strong><em>111</em></strong></span> <span class='ocrx_word' id='word_1_891' title='bbox 1140 2260 1294 2289; x_wconf 69' lang='lat' dir='ltr'><strong><em>Exhortatio</em></strong></span> <span class='ocrx_word' id='word_1_892' title='bbox 1307 2262 1340 2288; x_wconf 90' lang='lat' dir='ltr'><strong><em>ad</em></strong></span> <span class='ocrx_word' id='word_1_893' title='bbox 1359 2260 1594 2288; x_wconf 88' lang='lat' dir='ltr'><strong><em>reconciliationem</em></strong></span> <span class='ocrx_word' id='word_1_894' title='bbox 1609 2266 1632 2287; x_wconf 92' lang='lat' dir='ltr'><strong><em>et</em></strong></span> <span class='ocrx_word' id='word_1_895' title='bbox 1651 2260 1814 2294; x_wconf 83' lang='lat' dir='ltr'><strong><em>satisfactio-</em></strong></span> 
     </span>
    </p>
   </div>
   <div class='ocr_carea' id='block_1_141' title="bbox 1032 2295 1703 2331">
    <p class='ocr_par' dir='ltr' id='par_1_141' title="bbox 1032 2295 1703 2331">
     <span class='ocr_line' id='line_1_144' title="bbox 1032 2295 1703 2331; baseline -0.006 -6"><span class='ocrx_word' id='word_1_896' title='bbox 1032 2306 1100 2330; x_wconf 90' lang='lat' dir='ltr'><strong><em>nem,</em></strong></span> <span class='ocrx_word' id='word_1_897' title='bbox 1121 2305 1153 2324; x_wconf 83' lang='lat' dir='ltr'><strong><em>e:c</em></strong></span> <span class='ocrx_word' id='word_1_898' title='bbox 1168 2303 1297 2331; x_wconf 79' lang='lat' dir='ltr'><strong><em>prrecepto</em></strong></span> <span class='ocrx_word' id='word_1_899' title='bbox 1313 2297 1423 2331; x_wconf 73' lang='lat' dir='ltr'><strong><em>Christi.</em></strong></span> <span class='ocrx_word' id='word_1_900' title='bbox 1441 2295 1537 2331; x_wconf 57' lang='lat' dir='ltr'><strong><em>Matth.</em></strong></span> <span class='ocrx_word' id='word_1_901' title='bbox 1557 2304 1582 2328; x_wconf 79' lang='grc' dir='ltr'><strong><em>ν,</em></strong></span> <span class='ocrx_word' id='word_1_902' title='bbox 1599 2296 1645 2325; x_wconf 70' lang='lat'><strong><em>22,</em></strong></span> <span class='ocrx_word' id='word_1_903' title='bbox 1657 2295 1703 2331; x_wconf 69' lang='lat'><strong><em>‘25,</em></strong></span> 
     </span>
    </p>
   </div>
   <div class='ocr_carea' id='block_1_142' title="bbox 1068 2329 1820 2364">
    <p class='ocr_par' dir='ltr' id='par_1_142' title="bbox 1068 2329 1820 2364">
     <span class='ocr_line' id='line_1_145' title="bbox 1068 2329 1820 2364; baseline -0.008 -4"><span class='ocrx_word' id='word_1_904' title='bbox 1068 2329 1119 2360; x_wconf 75' lang='grc'>112</span> <span class='ocrx_word' id='word_1_905' title='bbox 1143 2329 1179 2358; x_wconf 82' lang='lat' dir='ltr'><strong><em>De</em></strong></span> <span class='ocrx_word' id='word_1_906' title='bbox 1199 2329 1269 2359; x_wconf 78' lang='lat' dir='ltr'><strong><em>dicto</em></strong></span> <span class='ocrx_word' id='word_1_907' title='bbox 1298 2330 1413 2364; x_wconf 80' lang='lat' dir='ltr'><strong><em>l’auli,l</em></strong></span> <span class='ocrx_word' id='word_1_908' title='bbox 1440 2329 1506 2357; x_wconf 84' lang='lat' dir='ltr'><strong><em>Tim.</em></strong></span> <span class='ocrx_word' id='word_1_909' title='bbox 1530 2339 1555 2357; x_wconf 79' lang='lat' dir='ltr'><strong><em>IV</em></strong></span> <span class='ocrx_word' id='word_1_910' title='bbox 1572 2337 1579 2356; x_wconf 88' lang='lat'><strong>:</strong></span> <span class='ocrx_word' id='word_1_911' title='bbox 1596 2341 1604 2356; x_wconf 87' lang='grc'><strong>‹</strong></span> <span class='ocrx_word' id='word_1_912' title='bbox 1623 2329 1820 2356; x_wconf 73' lang='lat' dir='ltr'><strong><em>Pro/libentium</em></strong></span> 
     </span>
    </p>
   </div>
   <div class='ocr_carea' id='block_1_143' title="bbox 1033 2365 1696 2399">
    <p class='ocr_par' dir='ltr' id='par_1_143' title="bbox 1033 2365 1696 2399">
     <span class='ocr_line' id='line_1_146' title="bbox 1033 2365 1696 2399; baseline -0.009 -4"><span class='ocrx_word' id='word_1_913' title='bbox 1033 2369 1139 2398; x_wconf 80' lang='lat' dir='ltr'><strong><em>nubere,</em></strong></span> <span class='ocrx_word' id='word_1_914' title='bbox 1157 2376 1165 2392; x_wconf 71' lang='grc' dir='ltr'><strong><em>ι</em></strong></span> <span class='ocrx_word' id='word_1_915' title='bbox 1184 2372 1249 2398; x_wconf 57' lang='lat' dir='ltr'><strong><em>cun,</em></strong></span> <span class='ocrx_word' id='word_1_916' title='bbox 1265 2373 1288 2393; x_wconf 91' lang='lat' dir='ltr'><strong><em>et</em></strong></span> <span class='ocrx_word' id='word_1_917' title='bbox 1305 2367 1365 2392; x_wconf 80' lang='lat' dir='ltr'><strong><em>aliis</em></strong></span> <span class='ocrx_word' id='word_1_918' title='bbox 1384 2365 1528 2399; x_wconf 75' lang='lat' dir='ltr'><strong><em>Scriptura:</em></strong></span> <span class='ocrx_word' id='word_1_919' title='bbox 1547 2366 1696 2391; x_wconf 78' lang='lat' dir='ltr'><strong><em>idiotisnm.</em></strong></span> 
     </span>
    </p>
   </div>
   <div class='ocr_carea' id='block_1_144' title="bbox 1067 2399 1820 2433">
    <p class='ocr_par' dir='ltr' id='par_1_144' title="bbox 1067 2399 1820 2433">
     <span class='ocr_line' id='line_1_147' title="bbox 1067 2399 1820 2433; baseline -0.009 -3"><span class='ocrx_word' id='word_1_920' title='bbox 1067 2403 1120 2430; x_wconf 82' lang='grc'>115</span> <span class='ocrx_word' id='word_1_921' title='bbox 1140 2401 1177 2428; x_wconf 82' lang='grc' dir='ltr'><strong><em>οε</em></strong></span> <span class='ocrx_word' id='word_1_922' title='bbox 1189 2402 1258 2427; x_wconf 89' lang='lat' dir='ltr'><strong><em>dicto</em></strong></span> <span class='ocrx_word' id='word_1_923' title='bbox 1279 2402 1356 2427; x_wconf 82' lang='lat' dir='ltr'><strong><em>l&#39;onli</em></strong></span> <span class='ocrx_word' id='word_1_924' title='bbox 1380 2399 1462 2426; x_wconf 86' lang='lat' dir='ltr'><strong><em>llebr.</em></strong></span> <span class='ocrx_word' id='word_1_925' title='bbox 1480 2408 1516 2433; x_wconf 83' lang='lat' dir='ltr'><strong><em>lx,</em></strong></span> <span class='ocrx_word' id='word_1_926' title='bbox 1546 2401 1578 2426; x_wconf 87' lang='grc'><strong><em>17</em></strong></span> <span class='ocrx_word' id='word_1_927' title='bbox 1604 2408 1610 2427; x_wconf 90' lang='lat'><em>:</em></span> <span class='ocrx_word' id='word_1_928' title='bbox 1638 2409 1647 2425; x_wconf 74' lang='grc' dir='ltr'>ί</span> <span class='ocrx_word' id='word_1_929' title='bbox 1669 2399 1820 2426; x_wconf 79' lang='lat' dir='ltr'><strong><em>Testamen-</em></strong></span> 
     </span>
    </p>
   </div>
   <div class='ocr_carea' id='block_1_145' title="bbox 1034 2437 1404 2470">
    <p class='ocr_par' dir='ltr' id='par_1_145' title="bbox 1034 2437 1404 2470">
     <span class='ocr_line' id='line_1_148' title="bbox 1034 2437 1404 2470; baseline -0.008 -6"><span class='ocrx_word' id='word_1_930' title='bbox 1034 2443 1088 2464; x_wconf 89' lang='lat' dir='ltr'><strong><em>tum</em></strong></span> <span class='ocrx_word' id='word_1_931' title='bbox 1101 2438 1127 2463; x_wconf 87' lang='lat' dir='ltr'><strong><em>in</em></strong></span> <span class='ocrx_word' id='word_1_932' title='bbox 1144 2437 1251 2462; x_wconf 80' lang='lat' dir='ltr'><strong><em>mortuis</em></strong></span> <span class='ocrx_word' id='word_1_933' title='bbox 1263 2437 1379 2470; x_wconf 86' lang='lat' dir='ltr'><strong><em>firmum.</em></strong></span> <span class='ocrx_word' id='word_1_934' title='bbox 1395 2444 1404 2460; x_wconf 71' lang='grc' dir='ltr'><strong><em>ι</em></strong></span> 
     </span>
    </p>
   </div>
   <div class='ocr_carea' id='block_1_146' title="bbox 1070 2469 1817 2504">
    <p class='ocr_par' dir='ltr' id='par_1_146' title="bbox 1070 2469 1817 2504">
     <span class='ocr_line' id='line_1_149' title="bbox 1070 2469 1817 2504; baseline -0.005 -6"><span class='ocrx_word' id='word_1_935' title='bbox 1070 2473 1131 2498; x_wconf 71' lang='grc'>114.</span> <span class='ocrx_word' id='word_1_936' title='bbox 1152 2471 1190 2497; x_wconf 79' lang='lat' dir='ltr'><strong><em>De</em></strong></span> <span class='ocrx_word' id='word_1_937' title='bbox 1207 2469 1314 2497; x_wconf 69' lang='lat' dir='ltr'><strong><em>diversis</em></strong></span> <span class='ocrx_word' id='word_1_938' title='bbox 1327 2471 1417 2504; x_wconf 87' lang='lat' dir='ltr'><strong><em>foratis</em></strong></span> <span class='ocrx_word' id='word_1_939' title='bbox 1433 2476 1455 2496; x_wconf 90' lang='lat' dir='ltr'><strong><em>et</em></strong></span> <span class='ocrx_word' id='word_1_940' title='bbox 1468 2470 1580 2504; x_wconf 83' lang='lat' dir='ltr'><strong><em>ingeniis</em></strong></span> <span class='ocrx_word' id='word_1_941' title='bbox 1594 2478 1624 2496; x_wconf 91' lang='lat' dir='ltr'><strong><em>ac</em></strong></span> <span class='ocrx_word' id='word_1_942' title='bbox 1637 2469 1751 2496; x_wconf 86' lang='lat' dir='ltr'><strong><em>moribus</em></strong></span> <span class='ocrx_word' id='word_1_943' title='bbox 1767 2470 1817 2494; x_wconf 85' lang='lat' dir='ltr'><strong><em>lto-</em></strong></span> 
     </span>
    </p>
   </div>
   <div class='ocr_carea' id='block_1_147' title="bbox 1034 2505 1621 2536">
    <p class='ocr_par' dir='ltr' id='par_1_147' title="bbox 1034 2505 1621 2536">
     <span class='ocr_line' id='line_1_150' title="bbox 1034 2505 1621 2536; baseline -0.002 -3"><span class='ocrx_word' id='word_1_944' title='bbox 1034 2507 1143 2534; x_wconf 88' lang='lat' dir='ltr'><strong><em>minnm.</em></strong></span> <span class='ocrx_word' id='word_1_945' title='bbox 1161 2505 1202 2532; x_wconf 71' lang='lat' dir='ltr'><strong><em>Ea:</em></strong></span> <span class='ocrx_word' id='word_1_946' title='bbox 1216 2505 1337 2532; x_wconf 82' lang='lat' dir='ltr'><strong><em>l’raverb.</em></strong></span> <span class='ocrx_word' id='word_1_947' title='bbox 1351 2505 1464 2536; x_wconf 90' lang='lat' dir='ltr'><strong><em>Salom.,</em></strong></span> <span class='ocrx_word' id='word_1_948' title='bbox 1476 2513 1560 2535; x_wconf 73' lang='lat' dir='ltr'><strong>xxv”,</strong></span> <span class='ocrx_word' id='word_1_949' title='bbox 1581 2506 1621 2532; x_wconf 77' lang='lat' dir='ltr'><strong><em>t9.</em></strong></span> 
     </span>
    </p>
   </div>
   <div class='ocr_carea' id='block_1_148' title="bbox 1073 2541 1817 2574">
    <p class='ocr_par' dir='ltr' id='par_1_148' title="bbox 1073 2541 1817 2574">
     <span class='ocr_line' id='line_1_151' title="bbox 1073 2541 1817 2574; baseline -0.008 -6"><span class='ocrx_word' id='word_1_950' title='bbox 1073 2542 1120 2568; x_wconf 80' lang='grc'>115</span> <span class='ocrx_word' id='word_1_951' title='bbox 1140 2541 1305 2567; x_wconf 82' lang='lat' dir='ltr'><strong><em>Adulterium</em></strong></span> <span class='ocrx_word' id='word_1_952' title='bbox 1329 2542 1415 2574; x_wconf 86' lang='lat' dir='ltr'><strong><em>furto,</em></strong></span> <span class='ocrx_word' id='word_1_953' title='bbox 1439 2542 1582 2573; x_wconf 77' lang='lat' dir='ltr'><strong><em>pra&#39;serttm</em></strong></span> <span class='ocrx_word' id='word_1_954' title='bbox 1607 2548 1638 2566; x_wconf 68' lang='lat' dir='ltr'><strong><em>ex</em></strong></span> <span class='ocrx_word' id='word_1_955' title='bbox 1664 2542 1817 2572; x_wconf 87' lang='lat' dir='ltr'><strong><em>paupertate</em></strong></span> 
     </span>
    </p>
   </div>
   <div class='ocr_carea' id='block_1_149' title="bbox 1035 2574 1819 2610">
    <p class='ocr_par' dir='ltr' id='par_1_149' title="bbox 1035 2574 1819 2610">
     <span class='ocr_line' id='line_1_152' title="bbox 1035 2574 1819 2610; baseline -0.006 -8"><span class='ocrx_word' id='word_1_956' title='bbox 1035 2577 1163 2608; x_wconf 85' lang='lat' dir='ltr'><strong><em>admisso,</em></strong></span> <span class='ocrx_word' id='word_1_957' title='bbox 1189 2576 1263 2610; x_wconf 85' lang='lat' dir='ltr'><strong><em>longe</em></strong></span> <span class='ocrx_word' id='word_1_958' title='bbox 1287 2575 1391 2610; x_wconf 85' lang='lat' dir='ltr'><strong><em>gravius</em></strong></span> <span class='ocrx_word' id='word_1_959' title='bbox 1419 2581 1467 2602; x_wconf 75' lang='lat' dir='ltr'><strong><em>est.</em></strong></span> <span class='ocrx_word' id='word_1_960' title='bbox 1493 2574 1534 2601; x_wconf 68' lang='lat' dir='ltr'><strong><em>Ex</em></strong></span> <span class='ocrx_word' id='word_1_961' title='bbox 1560 2579 1690 2601; x_wconf 75' lang='lat' dir='ltr'><strong><em>sententia</em></strong></span> <span class='ocrx_word' id='word_1_962' title='bbox 1717 2574 1819 2600; x_wconf 76' lang='lat' dir='ltr'><strong><em>Saloni.</em></strong></span> 
     </span>
    </p>
   </div>
   <div class='ocr_carea' id='block_1_150' title="bbox 1036 2610 1217 2638">
    <p class='ocr_par' dir='ltr' id='par_1_150' title="bbox 1036 2610 1217 2638">
     <span class='ocr_line' id='line_1_153' title="bbox 1036 2610 1217 2638; baseline -0.006 0"><span class='ocrx_word' id='word_1_963' title='bbox 1036 2610 1161 2638; x_wconf 83' lang='lat' dir='ltr'><strong><em>Proverb.</em></strong></span> <span class='ocrx_word' id='word_1_964' title='bbox 1181 2619 1217 2637; x_wconf 90' lang='lat' dir='ltr'><strong><em>\‘I.</em></strong></span> 
     </span>
    </p>
   </div>
   <div class='ocr_carea' id='block_1_151' title="bbox 1071 2640 1821 2678">
    <p class='ocr_par' dir='ltr' id='par_1_151' title="bbox 1071 2640 1821 2678">
     <span class='ocr_line' id='line_1_154' title="bbox 1071 2640 1821 2678; baseline -0.009 -6"><span class='ocrx_word' id='word_1_965' title='bbox 1071 2646 1122 2672; x_wconf 81' lang='grc'><strong><em>116</em></strong></span> <span class='ocrx_word' id='word_1_966' title='bbox 1144 2645 1226 2672; x_wconf 82' lang='lat' dir='ltr'><strong><em>Nemo</em></strong></span> <span class='ocrx_word' id='word_1_967' title='bbox 1245 2645 1379 2671; x_wconf 86' lang='lat' dir='ltr'><strong><em>hominum</em></strong></span> <span class='ocrx_word' id='word_1_968' title='bbox 1392 2648 1446 2670; x_wconf 88' lang='lat' dir='ltr'><strong><em>tam</em></strong></span> <span class='ocrx_word' id='word_1_969' title='bbox 1461 2644 1519 2678; x_wconf 86' lang='lat' dir='ltr'><strong><em>pius</em></strong></span> <span class='ocrx_word' id='word_1_970' title='bbox 1535 2652 1564 2669; x_wconf 89' lang='lat' dir='ltr'><strong><em>ac</em></strong></span> <span class='ocrx_word' id='word_1_971' title='bbox 1580 2643 1674 2677; x_wconf 81' lang='lat' dir='ltr'><strong><em>probus</em></strong></span> <span class='ocrx_word' id='word_1_972' title='bbox 1691 2646 1740 2671; x_wconf 74' lang='lat' dir='ltr'><strong><em>est,</em></strong></span> <span class='ocrx_word' id='word_1_973' title='bbox 1757 2640 1821 2678; x_wconf 78' lang='lat' dir='ltr'><strong><em>quin</em></strong></span> 
     </span>
    </p>
   </div>
   <div class='ocr_carea' id='block_1_152' title="bbox 1037 2675 1821 2708">
    <p class='ocr_par' dir='ltr' id='par_1_152' title="bbox 1037 2675 1821 2708">
     <span class='ocr_line' id='line_1_155' title="bbox 1037 2675 1821 2708; baseline -0.011 0"><span class='ocrx_word' id='word_1_974' title='bbox 1037 2682 1117 2708; x_wconf 79' lang='lat' dir='ltr'><strong><em>alicui</em></strong></span> <span class='ocrx_word' id='word_1_975' title='bbox 1129 2681 1161 2706; x_wconf 89' lang='lat' dir='ltr'><strong><em>sit</em></strong></span> <span class='ocrx_word' id='word_1_976' title='bbox 1179 2685 1265 2707; x_wconf 80' lang='lat' dir='ltr'><strong><em>errata</em></strong></span> <span class='ocrx_word' id='word_1_977' title='bbox 1279 2681 1416 2706; x_wconf 62' lang='lat' dir='ltr'><strong><em>obnoxius.</em></strong></span> <span class='ocrx_word' id='word_1_978' title='bbox 1449 2675 1530 2705; x_wconf 70' lang='lat' dir='ltr'><strong><em>Nemo</em></strong></span> <span class='ocrx_word' id='word_1_979' title='bbox 1544 2675 1646 2703; x_wconf 77' lang='lat' dir='ltr'><strong><em>rursum</em></strong></span> <span class='ocrx_word' id='word_1_980' title='bbox 1663 2684 1742 2707; x_wconf 82' lang='lat' dir='ltr'><strong><em>usque</em></strong></span> <span class='ocrx_word' id='word_1_981' title='bbox 1753 2675 1821 2700; x_wconf 86' lang='lat' dir='ltr'><strong><em>adeo</em></strong></span> 
     </span>
    </p>
   </div>
   <div class='ocr_carea' id='block_1_153' title="bbox 1037 2709 1821 2750">
    <p class='ocr_par' dir='ltr' id='par_1_153' title="bbox 1037 2709 1821 2750">
     <span class='ocr_line' id='line_1_156' title="bbox 1037 2709 1821 2750; baseline -0.011 -7"><span class='ocrx_word' id='word_1_982' title='bbox 1037 2718 1153 2747; x_wconf 84' lang='lat' dir='ltr'><strong><em>vitiosus,</em></strong></span> <span class='ocrx_word' id='word_1_983' title='bbox 1173 2716 1235 2750; x_wconf 87' lang='lat' dir='ltr'><strong><em>quin</em></strong></span> <span class='ocrx_word' id='word_1_984' title='bbox 1258 2715 1357 2748; x_wconf 85' lang='lat' dir='ltr'><strong><em>aliquid</em></strong></span> <span class='ocrx_word' id='word_1_985' title='bbox 1383 2714 1442 2740; x_wconf 85' lang='lat' dir='ltr'><strong><em>boni</em></strong></span> <span class='ocrx_word' id='word_1_986' title='bbox 1452 2714 1550 2750; x_wconf 79' lang='lat' dir='ltr'><strong><em>_egeril.</em></strong></span> <span class='ocrx_word' id='word_1_987' title='bbox 1572 2712 1645 2738; x_wconf 76' lang='grc' dir='ltr'><em>ΝιΙιΙι</em></span> <span class='ocrx_word' id='word_1_988' title='bbox 1662 2711 1751 2744; x_wconf 83' lang='lat' dir='ltr'><strong><em>itaque</em></strong></span> <span class='ocrx_word' id='word_1_989' title='bbox 1772 2709 1821 2734; x_wconf 90' lang='lat' dir='ltr'><strong><em>ab-</em></strong></span> 
     </span>
    </p>
   </div>
   <div class='ocr_carea' id='block_1_154' title="bbox 1036 2748 1821 2782">
    <p class='ocr_par' dir='ltr' id='par_1_154' title="bbox 1036 2748 1821 2782">
     <span class='ocr_line' id='line_1_157' title="bbox 1036 2748 1821 2782; baseline -0.011 -5"><span class='ocrx_word' id='word_1_990' title='bbox 1036 2751 1109 2778; x_wconf 84' lang='lat' dir='ltr'><strong><em>surdi</em></strong></span> <span class='ocrx_word' id='word_1_991' title='bbox 1132 2748 1183 2782; x_wconf 64' lang='lat' dir='ltr'><strong><em>est,</em></strong></span> <span class='ocrx_word' id='word_1_992' title='bbox 1201 2750 1223 2776; x_wconf 83' lang='lat' dir='ltr'><strong><em>si</em></strong></span> <span class='ocrx_word' id='word_1_993' title='bbox 1245 2751 1373 2779; x_wconf 83' lang='lat' dir='ltr'><strong><em>dicamus,</em></strong></span> <span class='ocrx_word' id='word_1_994' title='bbox 1398 2754 1421 2774; x_wconf 87' lang='lat' dir='ltr'><strong><em>et</em></strong></span> <span class='ocrx_word' id='word_1_995' title='bbox 1447 2748 1575 2773; x_wconf 69' lang='lat' dir='ltr'><strong><em>Lazarum</em></strong></span> <span class='ocrx_word' id='word_1_996' title='bbox 1598 2753 1685 2782; x_wconf 68' lang='lat' dir='ltr'><strong><em>plenas</em></strong></span> <span class='ocrx_word' id='word_1_997' title='bbox 1711 2751 1821 2782; x_wconf 76' lang='lat' dir='ltr'><strong><em>suorum</em></strong></span> 
     </span>
    </p>
   </div>
   <div class='ocr_carea' id='block_1_155' title="bbox 1038 2779 1817 2820">
    <p class='ocr_par' dir='ltr' id='par_1_155' title="bbox 1038 2779 1817 2820">
     <span class='ocr_line' id='line_1_158' title="bbox 1038 2779 1817 2820; baseline -0.01 -8"><span class='ocrx_word' id='word_1_998' title='bbox 1038 2787 1159 2820; x_wconf 82' lang='lat' dir='ltr'><strong><em>lapsuum</em></strong></span> <span class='ocrx_word' id='word_1_999' title='bbox 1174 2779 1313 2815; x_wconf 61' lang='lat' dir='ltr'><strong><em>dedisse,“</em></strong></span> <span class='ocrx_word' id='word_1_1000' title='bbox 1323 2785 1426 2810; x_wconf 78' lang='lat' dir='ltr'><strong><em>divitem</em></strong></span> <span class='ocrx_word' id='word_1_1001' title='bbox 1440 2783 1547 2816; x_wconf 79' lang='lat' dir='ltr'><strong><em>prwmta</em></strong></span> <span class='ocrx_word' id='word_1_1002' title='bbox 1562 2787 1628 2807; x_wconf 81' lang='lat' dir='ltr'><strong><em>recte</em></strong></span> <span class='ocrx_word' id='word_1_1003' title='bbox 1643 2779 1773 2814; x_wconf 72' lang='lat' dir='ltr'><strong><em>furtorum</em></strong></span> <span class='ocrx_word' id='word_1_1004' title='bbox 1788 2779 1817 2805; x_wconf 85' lang='lat' dir='ltr'><strong><em>in</em></strong></span> 
     </span>
    </p>
   </div>
   <div class='ocr_carea' id='block_1_156' title="bbox 1038 2820 1301 2851">
    <p class='ocr_par' dir='ltr' id='par_1_156' title="bbox 1038 2820 1301 2851">
     <span class='ocr_line' id='line_1_159' title="bbox 1038 2820 1301 2851; baseline -0.008 -4"><span class='ocrx_word' id='word_1_1005' title='bbox 1038 2823 1086 2847; x_wconf 84' lang='lat' dir='ltr'><strong><em>hac</em></strong></span> <span class='ocrx_word' id='word_1_1006' title='bbox 1105 2821 1155 2847; x_wconf 82' lang='lat' dir='ltr'><strong><em>rita</em></strong></span> <span class='ocrx_word' id='word_1_1007' title='bbox 1169 2820 1301 2851; x_wconf 67' lang='lat' dir='ltr'><strong><em>recepisse.</em></strong></span> 
     </span>
    </p>
   </div>
   <div class='ocr_carea' id='block_1_157' title="bbox 1075 2849 1821 2888">
    <p class='ocr_par' dir='ltr' id='par_1_157' title="bbox 1075 2849 1821 2888">
     <span class='ocr_line' id='line_1_160' title="bbox 1075 2849 1821 2888; baseline -0.011 -6"><span class='ocrx_word' id='word_1_1008' title='bbox 1075 2856 1122 2882; x_wconf 86' lang='grc'><strong><em>117</em></strong></span> <span class='ocrx_word' id='word_1_1009' title='bbox 1145 2854 1197 2880; x_wconf 78' lang='lat' dir='ltr'><strong><em>Cur</em></strong></span> <span class='ocrx_word' id='word_1_1010' title='bbox 1212 2849 1306 2888; x_wconf 57' lang='lat' dir='ltr'><strong><em>lem-osi</em></strong></span> <span class='ocrx_word' id='word_1_1011' title='bbox 1328 2853 1436 2886; x_wconf 78' lang='lat' dir='ltr'><strong><em>aliisque</em></strong></span> <span class='ocrx_word' id='word_1_1012' title='bbox 1463 2850 1557 2877; x_wconf 83' lang='lat' dir='ltr'><strong><em>morbis</em></strong></span> <span class='ocrx_word' id='word_1_1013' title='bbox 1580 2849 1760 2876; x_wconf 74' lang='lat' dir='ltr'><strong><em>inrolunlariis</em></strong></span> <span class='ocrx_word' id='word_1_1014' title='bbox 1783 2849 1821 2874; x_wconf 80' lang='lat' dir='ltr'><strong><em>la-</em></strong></span> 
     </span>
    </p>
   </div>
  </div>
