2044 3173
199 126 250 158 159
583 126 585 128 ’
692 125 703 136 ⁹

196 182 317 207 bar-antes
331 184 405 207 extra
433 184 520 206 castra
543 178 681 204 consistere
703 178 772 211 jussi
795 176 902 209 fuerint.
930 176 982 201 1³η-

196 220 284 243 rentes
301 217 407 249 stupe-in
427 215 490 248 ﬁliis
505 213 655 249 plectuntur
671 213 778 246 gravius
794 221 871 246 quatit
888 212 914 237 in
937 220 979 237 se-

196 251 330 284 metipsis.
343 249 418 283 Conf.
436 257 476 282 ep.
494 248 541 274 Ml
560 248 587 274 lt.
608 248 654 274 lib.
725 282 729 284 Δ
771 282 774 284 _
796 254 810 284 γ·

234 282 284 310 118
313 284 484 317 ΕΙεεηιολῃηα
514 284 582 309 unde
602 282 730 309 (vs:'ntnri
759 282 868 313 debeat,
893 289 983 315 nempe

197 327 247 345 non
266 324 318 344 tam
334 328 348 344 lt
367 319 422 344 dati
445 319 636 352 magnitudine,
658 326 735 351 quam
761 325 792 343 ei:
813 318 900 343 animo
920 317 983 342 dau-

199 354 240 380 lis.
260 353 392 379 Probatur
412 357 530 386 exempto
553 353 638 380 vidum
661 351 825 386 evangelica',
853 353 905 377 duo
930 351 982 377 nti-

196 393 260 423 nuta
271 388 403 423 offerentis
415 389 441 414 in
454 388 679 423 ggzophylacium.
689 387 773 413 Marc.
786 395 833 418 xu,
851 386 915 412 Lar.
924 394 980 423 x_xt.

233 416 299 448 119"
309 421 364 448 Viri
385 416 538 449 ηιιιίὶἓῗιὸιὶδ
555 416 681 457 ’ξιιηίιιιιιιιι
699 422 754 448 vasi
772 416 912 456 infirmiori
934 421 981 447 Ito-

196 465 282 483 norent
300 458 431 484 tributtnt.
447 457 460 484 1
480 457 554 484 Pctr.
572 465 613 484 III.

232 492 284 517 1‘20
303 492 474 520 Contumelite
488 495 617 526 quomodo
631 492 768 518 sananda'.

232 526 279 552 121
308 527 410 553 Lazaro
441 535 496 553 sua:
524 527 635 553 miseriti:
659 528 859 560 fundamentum
886 528 980 562 sempi-

195 567 276 588 terna:
288 562 378 595 gloria.-
393 567 417 588 et
431 562 564 596 felicitatis
582 562 747 588 ea‘stittfrunl.

232 597 284 623 122
302 597 340 623 De
353 597 490 623 ltbidinoso
512 602 618 629 aspectu
644 597 782 622 mulierum
800 596 915 623 vitando.
934 596 980 624 Le-

196 631 288 667 gilium
311 633 381 658 lucta
403 639 438 658 est
456 640 534 666 quam
549 632 681 658 constituit
703 631 769 657 Deus
782 638 790 662 ,'
805 640 854 658 non
871 633 980 667 quisque

197 666 245 692 sibi
258 667 387 696 opinionis
403 675 491 694 errore
510 667 596 700 ﬁnxit.

233 701 284 737 1‘25
303 700 442 728 Proximus
453 703 510 736 quis
525 702 569 734 sit,
585 710 673 736 nempe
692 701 776 737 quivis
790 700 865 727 Itonia
881 706 979 728 nostrte

197 736 253 768 υμὶε
268 737 382 770 indigus.
479 737 482 739 ’

233 771 284 797 1'21
303 772 399 799 Anima
416 773 530 798 hunmna
547 776 584 798 est
598 772 702 806 quidem
716 771 815 806 divina,
831 776 854 796 et
869 770 978 797 immor-

196 806 258 832 talis
278 807 323 832 sed
346 815 396 833 non
425 807 502 837 Deus,
529 815 609 841 neque
625 806 755 840 particula
782 805 827 832 Dei
846 807 975 838 essentia},

196 849 277 874 neque
290 842 410 874 principii
423 849 524 874 expers.

233 875 284 902 125
303 875 339 902 De
361 877 455 902 anima:
473 875 668 902 immortalitate
690 881 779 902 contra
800 874 892 901 Caleni
917 875 980 900 har-

196 911 325 936 monicam
340 910 423 944 lyram
434 915 457 937 et
469 910 696 944 temperamenium
707 911 840 942 corporis;
852 910 981 944 prtvclara

195 949 220 970 et
237 945 338 971 erudita
353 945 508 977 disputatio,
526 945 680 975 lloatericls,
705 945 854 979 Enripideis
875 951 897 970 et
919 944 982 971 Pitt-

197 980 290 1006 tonicis
301 980 500 1006 auctoritatibus
512 980 640 1011 stabilita,
657 981 811 1014 tandemque
822 980 908 1006 divitia
922 988 982 1006 ora—

196 1014 261 1050 culo
278 1019 301 1040 et
310 1015 465 1050 testimonio
483 1016 628 1050 obsignata.

233 1049 284 1075 126
305 1049 509 1082 lieprehensione
522 1049 546 1077 ei
559 1050 618 1076 odio
634 1050 706 1083 digni
723 1054 792 1079 sunt,
810 1049 854 1083 qui
867 1051 981 1082 neglecta

197 1084 259 1110 bene
276 1085 374 1111 vivendi
387 1093 450 1111 cura
466 1086 496 1111 de
507 1085 668 1119 dogmatibus
684 1091 819 1118 perpetuas
837 1084 982 1110 contentio-

197 1127 240 1145 nes
253 1120 411 1153 suscipiunt,
422 1120 556 1154 ipsamque
571 1120 635 1145 adeo
649 1121 762 1146 divinam
775 1119 911 1145 essentiam
926 1119 982 1145 suis

196 1154 415 1186 disputationibus
429 1161 580 1181 scrutantur
594 1163 625 1180 ac
638 1154 790 1180 sollicitant.

234 1189 284 1215 1'27
304 1188 462 1221 Spiritualcs
481 1189 595 1216 homines
603 1190 709 1222 quinam
720 1189 840 1215 dicantur
849 1197 863 1214 a
876 1188 982 1217 Paulo?

196 1224 241 1256 qui
256 1225 402 1250 animales?
416 1226 462 1257 qui
481 1225 589 1258 denique
608 1224 727 1250 carnales
743 1225 754 1251 ?
782 1225 804 1250 Α
820 1224 920 1259 potiore
937 1232 983 1250 su-

197 1259 277 1284 ntitttr
293 1259 478 1285 denominatio.

235 1294 285 1320 1‘28
305 1293 423 1320 Christus
441 1303 489 1320 sua
512 1299 601 1328 sponte
617 1294 695 1320 morti
712 1298 791 1328 caput
802 1294 907 1325 obtulit,
923 1302 981 1320 cum

197 1328 276 1361 facile
288 1337 356 1359 eam,
371 1330 392 1355 si
409 1329 682 1360 valuisset,declinare
693 1330 829 1363 potuisset,
846 1329 882 1355 vel
895 1329 982 1355 divina

198 1372 245 1388 sua
261 1364 376 1397 potentia
392 1372 442 1397 qua
462 1365 528 1389 alios
549 1365 626 1390 etiam
643 1372 674 1390 ex
695 1369 775 1390 morte
791 1364 922 1395 excitavit,
944 1363 983 1390 vel

198 1398 354 1424 innocentia:
380 1398 536 1432 allegatione
561 1407 592 1425 ac
617 1398 782 1432 defensione,
807 1399 845 1425 vel
861 1398 982 1433 beneficio

198 1432 389 1465 appellationis.

236 1466 286 1493 129
302 1467 392 1503 Decem
404 1468 627 1500 interpretationes
636 1467 834 1495 dictiPaulini:
849 1467 982 1503 «Quifor-

200 1502 313 1532 nicalur,
332 1502 357 1528 iu
374 1510 466 1536 corpus
478 1511 552 1529 suum
570 1507 685 1535 peccat.»

236 1538 286 1563 150
303 1536 438 1568 Quomodo
456 1546 510 1564 sese
524 1546 611 1572 gerere
629 1538 737 1564 debeant
750 1545 809 1564 cum
832 1538 850 1564 ii
875 1538 918 1572 qui
937 1546 985 1564 au-

199 1572 287 1608 diunt,
306 1577 361 1608 tam
386 1572 426 1598 illi
449 1573 494 1608 qui
510 1573 610 1600 dicunt.
634 1572 704 1605 Quid
721 1574 822 1600 intersit
846 1573 915 1600 inter
930 1581 986 1599 κοι-

200 1607 244 1632 νὸν
274 1606 417 1642 καὶγῖσον,
433 1606 500 1634 inter
520 1608 702 1642 ἀμφισϐητεῖν
731 1608 781 1642 καὶῐ
804 1608 987 1642 φιλονεικεῖν;

200 1642 210 1667 i
230 1646 270 1678 ter
297 1641 507 1676 εὐδοκιμεῖς-θαι,
522 1643 574 1668 sive
602 1643 744 1678 εὐδόκιμον
761 1641 842 1674 sivit,
859 1647 882 1669 et
907 1644 988 1670 ἐπαι-

199 1676 313 1714 νεζσοᾳι,
331 1677 384 1714 sive
411 1678 649 1714 ᾲγχωμιάςεσθαις
671 1676 782 1714 denique
796 1678 986 1714 ίηιενῆδεσθαι

199 1711 246 1736 καὶ
261 1711 462 1745 εὐφραίνεσθαι,

237 1746 288 1785 1ᾆὲ
312 1746 420 1773 Inutilis
441 1753 465 1774 et
483 1747 628 1782 periculosa
642 1748 716 1775 nobis
731 1753 795 1776 esset
820 1747 989 1783 prwcogtiitia

198 1788 316 1807 omnium
333 1789 421 1808 rerum
439 1788 517 1817 atque
532 1787 680 1809 eventuum.

236 1827 287 1854 155
311 1827 383 1855 Fons
400 1830 483 1856 omnis
509 1830 536 1856 in
557 1830 610 1856 vita
634 1830 796 1864 confusionis
818 1835 841 1857 et
858 1830 926 1856 inter
940 1831 989 1858 Ito-

199 1864 282 1898 «nines
299 1863 446 1890 animorum
463 1865 671 1891 eaaccrbationis
685 1863 720 1891 iet
743 1865 915 1892 contentionis
939 1869 988 1898 est,

200 1897 270 1928 quod
293 1905 430 1934 sacrarum
452 1898 613 1926 Litterarum
638 1900 753 1926 studium
776 1900 935 1934 negligitur,
965 1897 989 1926 et

200 1933 376 1968 unusquisque
392 1941 452 1959 suos
469 1934 578 1968 affectus
593 1934 688 1960 divinis
702 1935 815 1961 oraculis
830 1933 974 1968 anteponit.

232 1966 289 2025 [151
306 1966 360 1993 Lea:
375 1973 397 1993 et
411 1966 540 2002 propheta
553 1970 711 2002 prtt’paratio
726 1969 829 2003 fuerunt
847 1971 881 1996 ad
891 1966 990 1996 ‘Evan-

242 2009 307 2025 tum.

200 2009 307 2035 genum.

238 2035 289 2072 1755
307 2035 444 2071 lia‘positia
459 2038 523 2064 dicti
543 2038 641 2064 Christi
656 2037 751 2064 Matth.
777 2046 811 2071 ι,
831 2039 861 2065 41
882 2048 888 2065 :
910 2048 919 2064 «
940 2039 992 2072 Qui

201 2071 293 2108 recipit
305 2073 497 2108 prop/retainiin
512 2080 603 2098 nomen
615 2074 757 2105 prophetat,
770 2074 912 2100 mercedem
928 2082 991 2108 pro-

201 2106 284 2139 pheta?
300 2107 432 2140 accipiet.»
456 2106 600 2133 Honestth
617 2108 698 2141 ipsius
713 2108 823 2140 honesti,
844 2117 895 2135 non
908 2106 991 2135 alicu-

198 2141 244 2178 jus
271 2140 338 2178 lucri
362 2142 533 2177 utilitatisque
555 2146 601 2168 aut
625 2142 746 2169 humana:
773 2143 864 2178 gloriae
899 2152 990 2177 causa,

202 2175 338 2201 colendum
356 2181 402 2203 est.

238 2210 289 2237 156
311 2210 442 2246 «Regnum
457 2211 580 2238 caelorum
597 2212 645 2239 vim
661 2213 771 2246 patitur,
786 2216 811 2238 et
824 2212 929 2240 violenti
946 2221 990 2240 ra-

201 2244 278 2278 piunt
303 2244 381 2279 illud,
400 2255 410 2272 »
433 2246 529 2273 Matth.
549 2255 587 2279 ιιι,
612 2244 676 2274 Luc.
696 2255 751 2281 ιινι,
767 2248 897 2282 quomodo
911 2248 989 2275 intel-

201 2279 343 2306 linendum.

213 2287 343 2314 igenaum.

240 2315 289 2341 157
306 2314 443 2350 Expositio
471 2316 536 2342 dicti
561 2315 657 2344 Christi
679 2316 774 2344 Matth.
802 2325 841 2344 ιε
873 2326 882 2344 ‹
899 2317 989 2346 Estote

202 2351 341 2386 prudentes
352 2351 417 2378 sicut
429 2356 568 2386 serpentes,
583 2357 604 2377 et
619 2352 747 2384 simplices
758 2353 822 2379 sicut
834 2352 986 2380 columbae.»

203 2383 330 2421 liceme
348 2383 474 2421 quatenus
491 2387 617 2418 capienda
639 2388 701 2414 sint.

239 2419 290 2459 15_8
307 2419 580 2459 Tristititeuassuttum
601 2422 706 2459 repellat
719 2430 749 2449 ac
764 2423 867 2459 subigat
884 2423 989 2450 animus

202 2457 321 2488 precibus
339 2465 369 2482 ac
382 2457 552 2483 meditatione
565 2457 705 2482 calentium
722 2457 916 2489 pra'rttiorum..

238 2489 287 2517 159
303 2491 497 2517 Αάηιοηίιίοιιεε
514 2497 536 2517 et
553 2492 762 2525 reprehensiones
780 2494 931 2520 vitiosarum
944 2493 991 2520 ho-

203 2525 304 2561 minum
333 2528 421 2561 quales
448 2534 502 2552 esse
526 2532 549 2552 et
577 2527 705 2560 quomodo
731 2528 847 2555 adhiberi
869 2527 989 2555 debeant.

203 2558 343 2598 Quornodo'
353 2561 413 2598 item
430 2562 538 2594 ferenda
554 2558 588 2587 sil
609 2562 667 2587 boui
683 2567 786 2589 eventus
805 2563 953 2598 frustratio.

240 2594 291 2620 110
307 2594 455 2633 δενὶμιιιιψ
466 2603 550 2633 sacra:
571 2603 630 2633 cum
643 2603 732 2622 eorum
752 2600 795 2633 qui
805 2594 884 2625 extra
901 2597 992 2625 Eccle-

204 2628 271 2654 siam
288 2635 346 2656 sunt
367 2631 469 2663 scriptis
486 2630 602 2657 collatio.

242 2664 287 2690 141
309 2665 362 2691 Cur
381 2665 496 2699 leprosos
509 2669 534 2691 et
554 2666 614 2692 aliis
632 2669 729 2696 morbis
746 2668 931 2695 involuntariis
949 2668 987 2695 la-

205 2698 325 2725 borautes
339 2700 380 2726 lea;
388 2698 548 2734 prohibuerit
564 2701 682 2735 ingressu
695 2710 850 2730 castrorum.
867 2704 992 2730 Parentes

203 2741 275 2772 stirpe
287 2734 313 2760 in
330 2735 416 2772 liberis
429 2735 532 2772 gravius
547 2734 625 2770 quam
640 2737 666 2762 in
677 2739 824 2772 semetipsis
831 2739 990 2772 plectuntur.

205 2766 301 2803 Confer
314 2778 353 2803 ep.
368 2770 415 2796 117
431 2766 458 2797 it.
475 2770 494 2798 Ι.

243 2802 294 2844 142
313 2802 349 2844 De
364 2813 460 2844 a_rc_an_t_t
474 2810 615 2844 et-aaterna
628 2809 794 2844 generatione
815 2807 880 2835 Filii
898 2807 947 2835 Dei
961 2815 993 2835 ex

206 2839 352 2867 substantia
369 2840 415 2867 Dei
434 2840 532 2869 Patris.

762 123 1043 153 PROLEGOMENA
1064 125 1163 155 EDIT.
1186 125 1308 155 PARIS.
1624 122 1646 136 ⁸

1774 126 1827 159 160

1071 178 1120 204 145
1147 178 1183 204 De
1200 178 1349 212 differentia
1366 177 1476 213 legitimi
1499 178 1601 213 imperii
1614 183 1637 206 et
1651 181 1800 214 tyrannidis
1815 189 1824 208 :

1034 221 1144 246 quorum
1159 214 1223 239 illud
1242 214 1463 245 adsubditorum,
1479 213 1533 240 Ilth
1552 214 1587 240 ad
1604 213 1754 248 imperantis
1770 217 1824 242 ιιιί-

1034 249 1133 274 litatern
1155 249 1288 281 propriam
1312 249 1435 280 refertur.
1660 256 1674 268 ε

1069 283 1120 309 1M-
1149 282 1224 310 Ratio
1253 284 1425 310 concilianda:
1460 284 1532 317 pacis
1568 284 1655 309 minus
1685 283 1823 316 probanda

1051 325 1090 343 ua!
1117 319 1161 344 sit.

1051 326 1090 343 ua!
1117 326 1161 344 sit.

1033 326 1048 352 ᾳ
1070 353 1121 379 1-15
1145 353 1291 379 Sucerdotii
1315 361 1408 379 munus
1432 353 1580 387 perdifficile
1612 361 1668 379 esse
1693 358 1760 380 recte
1773 356 1822 380 ad-

1032 388 1184 414 ministrare
1200 389 1283 417 docet,
1303 389 1372 422 quod
1389 388 1454 414 varii
1467 388 1518 413 sint
1539 395 1570 413 ac
1591 387 1745 420 multiplices
1763 390 1822 415 ani~

1033 431 1133 449 morum
1158 425 1259 454 morbi,
1282 424 1325 457 qui
1351 431 1402 448 non
1419 430 1470 448 uno
1494 430 1582 448 omnes
1606 424 1719 457 remedio
1733 424 1823 449 curari

1032 459 1142 490 possint.
1161 457 1234 484 Unde
1249 462 1273 484 et
1289 458 1407 484 Christus
1422 457 1586 489 exclamavit,
1601 456 1694 483 Matth.
1714 466 1775 484 xxtv
1798 462 1823 485 et

1032 492 1100 525 Luc.
1114 500 1149 518 xu
1165 502 1171 520 ε
1192 502 1200 518 «
1216 494 1291 524 Quis,
1309 498 1395 526 putas,
1408 497 1444 518 est
1459 491 1544 524 fidelis
1562 500 1649 518 servus
1660 498 1682 519 et
1697 494 1823 525 prudens,

1031 535 1104 560 quem
1121 528 1257 553 constituet
1278 527 1405 553 Dominus
1431 534 1509 560 super
1533 526 1664 560 familiam
1679 535 1754 554 suam
1767 547 1774 560 ,
1791 535 1820 555 ut

1032 564 1073 588 det
1092 562 1143 588 illis
1166 563 1315 588 demensum
1330 562 1355 588 3‘»

1067 596 1119 623 146
1144 597 1265 623 Christus
1288 597 1398 623 adventu
1421 604 1467 622 suo
1488 596 1576 622 tlocuit
1596 596 1712 623 homines
1727 598 1824 625 animae

1031 632 1264 662 immortalitatem,
1274 638 1296 658 et
1310 632 1521 657 resurrectionem
1535 631 1633 661 carnis,
1648 636 1672 658 et
1689 631 1822 665 judicium

1031 667 1151 701 futurum
1166 687 1172 697 ,
1186 672 1263 700 atque
1280 667 1316 692 ita
1341 667 1374 692 ad
1392 666 1494 692 virtutis
1511 666 1628 694 studium
1643 674 1685 692 eos
1700 667 1823 693 eacitavit

1030 707 1055 728 et
1075 703 1155 728 acuit.
1172 701 1313 728 Peccatum
1338 706 1419 727 morte
1435 702 1557 733 gravius,
1574 705 1598 726 et
1624 701 1678 727 ha‘c
1697 709 1752 735 pra:
1776 702 1823 728 illo

1030 736 1159 771 eligenda.
1183 736 1218 762 De
1235 735 1398 771 dictoﬂl’auli
1418 735 1497 771 Hebr.
1512 743 1539 768 ιι,
1571 735 1614 762 15.

1067 769 1116 798 117
1131 771 1197 798 ηΝοιι
1213 771 1289 797 Jesus
1298 769 1371 797 Nave
1386 779 1429 797 seu
1442 769 1535 802 Jostta,
1552 771 1596 796 sed
1608 769 1685 797 Jesus
1703 770 1822 797 Christus

1032 815 1117 867 veraq;
1131 811 1155 866 alt
1168 806 1281 867 solidam
1294 806 1405 840 requiem
1414 806 1522 840 peperit.
1538 805 1574 832 De
1586 806 1641 832 loco
1651 804 1731 832 Pauli
1741 805 1822 832 Hebr.

1036 849 1070 867 IV.
1130 850 1142 867 e
1189 861 1194 867 .

1036 849 1070 869 ιν,
1097 842 1113 867 8
1130 846 1152 867 et
1168 842 1194 868 9.

1072 875 1122 902 118
1142 875 1233 909 Inique
1246 881 1268 902 ct
1289 875 1403 909 improbe
1417 879 1521 910 agentes
1544 884 1595 902 non
1610 879 1670 902 sttnt
1689 875 1823 901 laudant/0

1035 916 1057 938 et
1073 910 1207 937 adulando
1224 911 1398 944 confirmandi
1412 911 1437 936 in
1452 919 1500 936 sua
1517 912 1680 944 improbitate
1692 929 1699 940 ,
1721 910 1766 936 sed
1784 911 1821 937 vel

1035 947 1139 973 silentio
1157 946 1192 971 rel
1208 946 1269 980 fuga
1291 953 1380 971 sensus
1400 945 1495 980 aliquis
1517 945 1691 978 improbitatis
1706 946 1742 971 eis
1760 946 1824 979 inji-

1036 982 1141 1007 ciendus
1155 1001 1162 1013 ,
1186 987 1212 1007 at
1239 980 1415 1013 corrigantur.
1442 979 1529 1006 Etiam
1548 981 1665 1006 voluntas
1681 985 1758 1013 atque
1773 981 1823 1006 im—

1035 1016 1121 1050 pulsio
1139 1017 1163 1041 in
1176 1020 1312 1049 utramque
1325 1019 1425 1048 partem
1443 1023 1493 1041 non
1514 1020 1584 1041 caret
1607 1015 1643 1042 vel
1664 1015 1771 1049 prtemio
1786 1015 1824 1041 vel

1035 1059 1120 1085 pa'aa.
1137 1051 1253 1083 quamvis
1268 1055 1371 1076 eventus
1392 1057 1442 1076 non
1463 1051 1634 1085 responderit.

1072 1086 1123 1113 H9
1140 1086 1275 1119 EJpOSi/lu
1289 1085 1352 1110 dicti
1366 1085 1460 1116 psalmi
1478 1092 1539 1111 L‘ﬂ.‘
1557 1084 1657 1111 «Semel
1669 1083 1769 1110 locutus
1785 1089 1823 1110 est

1036 1119 1107 1147 Deus
1121 1129 1129 1147 :
1145 1122 1197 1147 duo
1215 1122 1269 1146 Ita'c
1282 1119 1381 1151 audivi,
1396 1128 1404 1144 »
1418 1125 1470 1146 etc.
1487 1119 1707 1146 Comminatioaes
1727 1120 1824 1145 divina:

1036 1164 1170 1190 pomorum
1191 1156 1301 1181 tacitam
1319 1154 1412 1180 habent
1429 1162 1558 1181 annexam
1577 1156 1753 1181 conditionem
1769 1162 1822 1189 pa:-

1037 1191 1163 1218 nitentitv.

1073 1225 1122 1252 150
1141 1226 1198 1258 Quo
1221 1224 1358 1251 vilioribus
1387 1228 1410 1251 et
1440 1224 1709 1250 contumeliosioribus
1742 1225 1824 1250 armis

1036 1260 1154 1287 Christus
1167 1259 1301 1286 diabolum
1318 1260 1392 1291 vicit,
1407 1267 1436 1286 eo
1451 1259 1549 1285 clarior
1572 1265 1593 1285 et
1616 1259 1745 1285 illustrior
1768 1259 1823 1292 ejus

1036 1296 1142 1322 victoria
1152 1300 1209 1326 test,
1227 1295 1300 1328 quasi
1319 1295 1414 1321 athleta
1440 1294 1556 1326 vinctus,
1578 1299 1601 1320 e.’
1621 1299 1706 1320 tamen
1732 1295 1822 1320 victor.

1038 1330 1074 1356 De
1087 1332 1155 1356 dicto
1172 1329 1247 1356 Pauli
1264 1328 1276 1354 Ι
1298 1328 1416 1356 Corinth.
1432 1337 1460 1360 tt,
1479 1328 1504 1354 9..

1075 1365 1118 1391 151
1151 1365 1186 1391 De
1212 1364 1377 1399 providentia
1393 1363 1438 1390 Dei
1461 1364 1549 1390 omnia
1572 1363 1599 1389 in
1618 1363 1682 1390 caelo
1705 1368 1824 1398 terraque

1036 1400 1156 1426 videntis.

1072 1435 1124 1461 152
1143 1435 1178 1460 De
1195 1434 1264 1460 dicto
1281 1433 1450 1461 Salomonis:
1469 1443 1478 1459 «
1494 1432 1662 1468 Longanimis
1674 1434 1712 1460 vir
1726 1434 1824 1460 multus

1036 1470 1062 1496 in
1074 1471 1209 1502 prudentia
1221 1491 1227 1500 ,
1246 1469 1427 1502 pusillanimas
1436 1474 1521 1494 autem
1534 1468 1608 1494 valde
1621 1469 1745 1498 insipiens
1756 1473 1822 1495 est.»

1076 1505 1126 1531 155
1140 1505 1197 1536 Quo
1210 1510 1285 1538 pacto
1299 1504 1493 1538 intelligendum
1507 1503 1540 1529 sit
1559 1503 1625 1529 illud
1637 1503 1715 1530 Jobi.‘
1732 1505 1824 1530 «Astra

1040 1547 1091 1566 non
1108 1545 1167 1565 sunt
1185 1539 1282 1564 nutnda
1301 1539 1327 1564 in
1347 1545 1483 1572 conspectu
1500 1538 1565 1570 eius.
1579 1547 1588 1562 »
1627 1558 1634 1564 .

1076 1575 1127 1600 151
1141 1573 1238 1600 Christi
1253 1574 1364 1600 adventu
1379 1581 1541 1607 compressus
1558 1579 1685 1607 tyrannus
1704 1573 1824 1600 diabolus

1040 1610 1062 1636 vi
1078 1609 1190 1639 amplius
1204 1617 1254 1635 non
1269 1613 1350 1642 potest
1374 1616 1464 1634 nocere
1476 1627 1483 1639 ,
1499 1608 1542 1634 sed
1560 1613 1661 1634 tantum
1675 1608 1825 1642 deceptione

1039 1650 1062 1670 et
1091 1643 1193 1678 fraude.
1222 1643 1320 1669 Eorum
1346 1643 1427 1677 igitur
1451 1643 1534 1676 culpa:
1561 1647 1598 1668 est
1628 1643 1822 1675 ascribendum,

1039 1680 1108 1713 quod
1134 1680 1165 1704 ab
1188 1686 1217 1705 eo
1236 1683 1410 1712 superentur,
1431 1678 1476 1712 qui
1493 1685 1521 1704 se
1546 1678 1614 1711 ipsos
1629 1679 1653 1704 ei
1668 1686 1716 1704 sua
1736 1683 1826 1712 sponte

1040 1714 1192 1747 subjiciunt.

1077 1746 1126 1775 156
1153 1748 1222 1779 Quid
1244 1749 1277 1774 sit
1301 1749 1371 1782 apud
1394 1747 1503 1780 Isaiam,
1524 1755 1582 1782 cap.
1606 1755 1650 1775 LI:
1681 1746 1825 1774 «Paculam

1041 1785 1124 1809 ruina:
1143 1788 1167 1809 et
1182 1783 1253 1809 calin;
1269 1783 1377 1816 furoris.
1389 1792 1398 1808 »

1077 1818 1127 1844 157
1147 1817 1185 1845 De
1197 1826 1274 1845 sensu
1290 1819 1352 1844 dicti
1364 1817 1447 1845 chit.
1461 1825 1521 1844 XXI:
1541 1816 1640 1851 «Super
1653 1817 1723 1843 omni
1736 1817 1826 1843 anima

1041 1858 1146 1880 mortua
1162 1861 1213 1879 non
1227 1853 1414 1887 ingredietur.»
1431 1852 1529 1886 Corpus
1545 1856 1675 1878 mortuum
1692 1860 1736 1878 seu
1748 1851 1826 1878 cada-

1043 1896 1085 1915 ver
1109 1889 1193 1922 ipsum
1217 1886 1263 1920 per
1287 1896 1314 1914 se
1330 1896 1380 1914 non
1398 1893 1435 1914 est
1452 1889 1584 1921 impurum
1595 1906 1602 1918 ,
1617 1895 1697 1920 neque
1712 1886 1804 1920 polluit
1816 1894 1826 1913 :

1041 1923 1104 1957 quia
1119 1922 1253 1949 naturalia
1272 1927 1347 1949 extra
1361 1923 1466 1956 culpata
1485 1927 1510 1957 et
1532 1923 1631 1948 crimen
1653 1927 1734 1957 sunt:
1756 1922 1826 1956 quod

1042 1956 1214 1992 probaturiex
1231 1958 1287 1984 loco
1303 1958 1472 1992 reliquiarum
1495 1956 1604 1990 Iosephi
1623 1956 1826 1987 translatorum,

1042 1998 1064 2018 et
1082 1992 1152 2019 dicto
1167 1991 1266 2019 Saloni.

1079 2027 1128 2054 158
1145 2027 1182 2054 De
1195 2027 1265 2053 dicto
1282 2026 1384 2054 Saloni.
1401 2025 1545 2054 l’roverb.:
1573 2025 1689 2059 «Septies
1704 2026 1773 2052 cadit
1782 2025 1828 2060 ju-

1042 2068 1097 2089 stus
1114 2067 1138 2088 et
1154 2067 1276 2096 resurget.
1288 2071 1298 2088 »

1079 2096 1130 2123 159
1145 2094 1246 2124 Salutio
1261 2097 1412 2123 antinomia
1425 2096 1574 2130 apparenlis
1589 2095 1656 2130 inter
1665 2094 1737 2121 dicta
1749 2095 1827 2122 Chri-

1043 2132 1094 2159 sti:
1113 2131 1281 2158 «Luceatlua:
1294 2137 1378 2158 vestra
1390 2139 1478 2157 coram
1496 2129 1658 2158 hominibus.
1677 2133 1704 2155 ut
1722 2130 1827 2156 videant

1044 2172 1128 2193 vestra
1145 2167 1210 2193 bona
1242 2173 1352 2200 opera,»
1373 2171 1424 2193 etc.
1450 2165 1558 2192 «Cavete
1586 2173 1617 2191 ne
1640 2164 1828 2198 eleemosynam

1044 2207 1154 2228 vestram
1172 2201 1277 2236 faciatis
1297 2209 1384 2227 coram
1408 2200 1582 2227 hominibus.»

1074 2258 1116 2285 Ab
1138 2263 1211 2284 recte
1227 2256 1305 2284 factis
1329 2257 1399 2283 absit
1419 2256 1575 2283 ostentatio.

1075 2292 1152 2320 Meus
1164 2292 1306 2320 autbitiosn
1322 2291 1406 2326 pestis
1417 2297 1460 2318 est.
1477 2292 1567 2324 operis
1583 2291 1656 2318 boat.

1075 2327 1111 2355 Ut
1130 2332 1208 2355 nocte
1224 2327 1249 2354 in
1264 2328 1379 2354 obscura
1395 2327 1495 2353 micare
1510 2326 1553 2352 fax
1575 2327 1653 2357 solet.

1076 2363 1123 2389 Sic
1138 2362 1220 2397 fulges
1234 2368 1261 2389 et
1279 2362 1364 2397 virtus
1379 2361 1463 2397 latere
1478 2361 1581 2388 nescia.

1076 2395 1226 2432 Confertep.
1247 2396 1299 2423 227
1314 2396 1363 2431 inf.
1378 2396 1405 2423 Ιι,
1423 2395 1442 2422 l.

1077 2454 1128 2482 160
1148 2454 1282 2487 Expositio
1296 2453 1360 2480 dicti
1376 2451 1497 2479 Ezechiel
1514 2460 1561 2480 ιιι
1582 2453 1723 2488 «Auferam
1740 2453 1772 2479 ab
1790 2454 1830 2488 ip-

1041 2490 1077 2517 sis
1094 2498 1139 2516 cor
1155 2489 1297 2522 lapideum,
1312 2494 1335 2515 et
1351 2489 1418 2515 dabo
1438 2488 1501 2522 ipsis
1518 2495 1564 2515 cor
1578 2496 1715 2516 corneum:
1735 2499 1744 2514 »
1761 2489 1829 2523 quod

1042 2531 1151 2559 utraque
1167 2523 1198 2551 de
1217 2524 1308 2550 habitu
1320 2528 1345 2550 et
1361 2523 1496 2558 qualitate,
1516 2530 1567 2550 non
1582 2525 1613 2550 de
1627 2523 1774 2550 substantia
1789 2524 1830 2550 in.

1042 2560 1183 2594 telligentla
1203 2560 1265 2586 sint.

1080 2593 1128 2622 161
1157 2595 1193 2621 De
1206 2595 1276 2620 dicto
1298 2593 1421 2620 I’roverb.
1436 2602 1445 2621 :
1471 2593 1576 2620 «Astitit
1592 2594 1618 2620 in
1634 2594 1704 2620 omni
1722 2593 1763 2620 via
1779 2600 1830 2619 non

1044 2631 1130 2661 bona;
1142 2639 1150 2655 »
1160 2635 1182 2656 et
1194 2629 1239 2655 illo
1255 2629 1348 2662 psalmi
1363 2636 1462 2655 XLVIII:
1478 2629 1590 2655 «Anima
1603 2629 1660 2662 ejus
1675 2629 1703 2655 in
1715 2628 1768 2654 vita
1783 2635 1831 2653 sua

1044 2666 1218 2692 benedicetur.
1236 2663 1401 2697 Ingredietur
1409 2665 1477 2691 enim
1487 2665 1514 2690 in
1523 2664 1715 2698 generationem
1725 2667 1831 2695 patrum

1043 2708 1161 2731 suorum,
1174 2708 1183 2724 »
1201 2704 1253 2726 etc.
1266 2698 1396 2732 Corrupto
1407 2700 1540 2725 hominum
1548 2698 1650 2732 judicia
1663 2705 1730 2731 stupe
1745 2698 1831 2723 beatos

1043 2736 1188 2769 prtedicant
1203 2735 1247 2768 qui
1272 2741 1359 2769 revera
1380 2739 1440 2760 sunt
1459 2733 1562 2765 miseri,
1582 2737 1607 2769 et
1622 2737 1724 2759 contra.

1084 2770 1133 2796 16;).
1163 2769 1252 2803 Agnus
1266 2767 1405 2795 Paschalis
1427 2768 1496 2803 μετὰ
1510 2768 1629 2802 σπουδῆς
1645 2767 1828 2794 comedendus.

1046 2804 1169 2832 Studium
1182 2807 1219 2829 est
1232 2804 1300 2830 actio
1315 2808 1375 2829 ante
1394 2804 1530 2830 actionem.
1651 2806 1670 2818 "

1082 2839 1132 2865 165
1155 2838 1306 2872 Disputatio
1324 2838 1433 2873 insignis
1448 2842 1538 2865 contra
1555 2837 1674 2872 Origenis
1692 2837 1785 2872 dogma
1801 2835 1833 2862 ds
