2044 3173
187 135 237 167 169

183 191 373 228 ιιιιιιηερηίρν
385 201 425 227 ep.
437 193 465 226 5,
483 197 507 220 et
521 192 540 221 Ι.
554 199 584 221 ιιι
598 200 639 228 ep.
652 192 714 220 251.

218 227 274 254 272
289 227 327 254 De
337 228 484 255 sacerdotio
497 236 552 255 sese
562 228 758 262 opponentibus.

218 263 273 289 275
293 262 381 289 Virtus
406 263 572 290 honoranda.
599 263 720 296 Duplices
755 264 833 290 corde
859 265 973 292 maxime

183 298 350 330 deplorandi.

218 333 273 359 274
292 333 334 359 Ad
351 338 505 360 metameam
524 333 629 359 invitat.

218 367 273 411 275
291 368 403 411 Propria
415 367 754 411 priusvitiane't‘nendq'nda
765 376 859 411 “quam
885 368 972 395 aliena

184 403 409 435 reprehendenda.
426 402 503 437 Conf.
517 411 558 436 ep.
572 403 634 434 176,
655 402 705 430 177
722 408 745 429 et
763 403 823 430 196.

218 437 272 477 276
306 437 344 477 De
371 443 507 477 grassante
535 437 665 477 Siinonia,
693 445 743 477 seu
767 438 972 477 sacerdotiorum

183 473 378 499 nundinatiune
390 481 399 499 :
412 474 444 499 de
465 481 519 507 qua
537 479 559 499 et
582 472 600 499 ι.
619 480 626 499 ι
640 480 680 507 ep.
693 473 745 500 110
757 479 780 499 et
796 473 856 505 151,
870 478 894 500 et
909 473 928 500 l.
944 480 972 499 ιιι

182 516 223 541 ep.
239 508 304 535 594.
323 507 378 542 lnf.
394 508 469 542 epist.
488 508 551 535 556.

220 543 274 569 277
293 542 370 570 Hosti
382 551 493 577 parcens
505 551 563 570 vere
576 542 772 577 magnanimus.

218 577 272 604 278
295 578 332 604 De
348 578 488 604 sacerdotii
505 578 643 612 dignitate.
658 577 747 612 Supra
767 577 842 612 epist.
854 577 918 604 268.

183 613 273 674 Ἶὲῖθ
290 613 420 640 Blundius
437 611 578 647 agendum,
591 621 663 639 more
690 613 794 639 medici.
820 611 876 647 Inf.
894 612 970 646 epist.

183 658 204 674 ὒν
240 667 246 674 ι

182 658 246 674 ῢνὶυ.

218 684 273 709 280
294 682 397 709 Bonum
410 690 458 717 pro
480 682 549 708 malo
575 682 738 715 rependendo
759 683 845 717 gratia
877 682 968 709 initur.

185 717 262 745 Rom.
283 726 333 758 κιι,
356 718 409 760 20":
429 727 438 743 ί
452 717 632 760 εἰεήσαιιρρηεε
649 718 717 752 ignis
752 725 874 752 congeres
889 726 970 752 supra

182 758 262 786 caput
278 753 346 787 ejus.
360 762 369 778 ›
385 753 450 784 Sup.
464 753 541 787 epist.
552 752 598 779 25.

197 823 202 828 ⁴
219 788 268 815 281
296 789 333 815 De
347 787 459 822 simplici
470 788 515 814 sed
529 788 605 813 docta
630 795 713 814 sacra:
738 787 882 821 Scriptum
906 795 968 814 ora-

182 828 263 850 ιιηιιε.

223 858 277 884 282
291 858 340 885 Dei
353 858 484 884 uoluntate
494 858 561 892 justi
573 857 600 884 in
617 858 713 884 mundo
727 864 795 891 stupe
808 857 968 892 afﬂiguntur.

182 893 283 926 Confer
292 902 333 925 ep.
347 893 381 919 56
394 899 417 920 et
432 893 495 921 186.

216 928 271 955 285
292 928 381 954 Virtus
399 937 446 962 pro
462 929 534 960 vitio,
551 932 574 954 et
584 933 652 954 retro
668 935 736 961 saepe
746 926 856 962 habetur

199 962 271 1025 5:84
296 962 384 990 Virtus
395 961 439 999 spe
456 964 560 998 pra'mii
577 965 730 990 sustinetur.
755 961 820 996 Sup.
840 961 972 996 epist.65,

218 1033 273 1060 285
287 1032 401 1061 Ρηπιειαι
415 1041 467 1061 non
483 1033 581 1060 bellare
595 1041 673 1068 quam
682 1031 808 1060 subsidiis
828 1031 889 1059 niti.
906 1031 974 1059 Con-

194 1069 222 1095 er
247 1077 288 1096 en.
301 1069 366 1096 448.

180 1068 222 1102 fer
247 1077 288 1103 ep.
301 1069 366 1096 448.

223 1103 277 1130 286
295 1104 366 1137 Quid
390 1105 459 1131 inter
480 1103 615 1130 νουθετεῖν
643 1103 690 1131 καὶ
713 1102 829 1137 θέλγειν,
860 1102 971 1129 intersit.

181 1137 281 1172 Confer
293 1147 334 1172 ep.
353 1139 415 1166 517.

221 1174 273 1201 287
288 1174 328 1201 De
341 1175 374 1201 iis
388 1175 433 1206 qui
445 1182 538 1201 manus
553 1175 602 1201 sibi
614 1174 739 1207 a/ferunl.

218 1209 273 1237 288
292 1209 355 1237 Tres
388 1210 529 1244 probarunt
562 1210 696 1235 hominum
716 1209 824 1243 gradus,
854 1207 972 1242 ingenui,

182 1246 337 1271 mercenarii
349 1251 373 1271 et
384 1245 461 1272 senti.
482 1244 551 1279 lnfr.
567 1252 609 1278 ep.
623 1244 687 1271 296.

222 1279 277 1307 289
294 1280 402 1315 Sapiens
415 1278 522 1314 laqueos
540 1280 617 1315 evitat
633 1278 823 1315 improborum.

222 1315 277 1342 290
291 1313 529 1343 Decommoneutis
541 1314 634 1350 oﬂicio.
653 1313 713 1341 llelt'
733 1321 780 1340 cur
800 1321 859 1341 eum
884 1313 972 1341 liberis

182 1358 200 1377 a
215 1350 269 1377 Deo
278 1352 394 1384 punitus.

219 1385 270 1412 291
283 1385 705 1432 ﬁ‘ug‘iendumusssqlibidinosum
726 1384 884 1420 feminarum
901 1392 972 1418 aspe-

181 1425 266 1447 ctum.
283 1421 379 1455 Confer
389 1429 429 1454 ep.
447 1422 493 1452 65,
511 1421 571 1448 175.

224 1455 279 1490 292
295 1465 305 1481 s
326 1456 562 1490 Diligiteinimicos
585 1460 692 1485 uestros.
717 1463 725 1480 I
754 1454 848 1481 Matth.
874 1462 900 1487 ν,
925 1454 969 1481 44.

217 1489 272 1526 295
295 1489 389 1526 δατηέ
399 1491 544 1526 Scriptura?
562 1498 651 1518 sensus
664 1490 741 1516 varii.

221 1525 276 1552 294
292 1525 389 1553 Gloritv
404 1525 504 1553 inuidia
520 1534 614 1553 comes.

757 137 1036 169 PROLEGOMENA
1057 140 1156 170 EDIT.
1176 142 1299 172 PARIS.

986 203 1009 232 Α
1036 230 1041 233 _
1059 194 1113 233 525
1125 196 1299 224 Sacerdotum
1312 201 1348 225 est
1360 197 1522 225 subditorum
1530 201 1661 233 satagere.
1676 196 1811 232 llajorum

1763 144 1812 178 170

1024 230 1119 256 delicta
1136 233 1267 263 graviora.

1061 265 1114 304 525
1127 265 1164 292 De
1181 267 1314 304 bonorum
1335 269 1445 300 prsentia
1475 276 1601 304 pennaque
1620 267 1811 302 improborum.

1024 297 1123 334 Confer
1146 302 1221 333 epist.
1236 301 1280 329 96.

1059 334 1111 372 526
1136 335 1202 372 [iani
1224 338 1350 363 neminem
1377 337 1592 371 calumniantur,
1616 339 1661 366 sed
1689 338 1740 372 ipsi
1766 339 1812 365 ob-

1024 370 1106 430 nqqsii.
1130 370 1199 397 Mali
1227 379 1244 398 a
1269 371 1402 399 calumnia
1430 381 1477 399 cur
1494 370 1589 400 liberi.’
1616 370 1714 408 Confer
1736 375 1810 408 epist.

1024 414 1040 430 ὓ
1078 424 1085 430 .

1023 414 1085 431 οινι.

1059 439 1111 466 527
1129 440 1230 468 Salutis
1244 445 1351 468 interna
1363 450 1427 468 cura
1443 450 1474 468 ac
1487 442 1648 469 sollicitudo.

1059 474 1111 502 528
1126 475 1255 502 Modestia
1273 477 1329 503 itin
1342 477 1524 504 comntendata
1538 478 1565 503 in
1578 479 1709 505 omnibus.

1059 510 1112 548 529
1126 510 1213 548 animi
1227 512 1395 548 corporisque
1417 512 1607 548 comparatio:
1630 513 1702 540 illius
1729 514 1812 548 impe-

1025 545 1075 582 rio,
1094 545 1176 582 hujus
1195 547 1307 582 servitio_
1314 547 1423 573 utimur.
1445 546 1511 573 Viue
1521 547 1630 573 brevitas
1643 548 1753 581 uigilare
1765 545 1813 582 ju-

1024 580 1076 606 bet.
1096 580 1194 606 Matth.
1209 589 1273 608 xxv.
1291 580 1327 607 De
1341 581 1491 608 animorum
1509 580 1721 609 immortalitate.
1742 580 1815 610 ab»-

1024 615 1153 651 feriepist.
1171 615 1204 642 15
1220 616 1265 642 lib.
1286 624 1306 647 1,
1330 620 1354 642 et
1376 615 1422 643 lib.
1439 624 1465 643 IV
1485 617 1561 651 epist.
1580 616 1642 651 124,
1663 617 1724 649 126,
1751 618 1810 645 146.

1059 650 1112 686 550
1125 649 1291 686 Consuetudo
1302 655 1405 677 naturte
1420 652 1468 678 vim
1483 649 1591 678 obtinet.
1606 650 1693 686 Supra
1712 653 1776 680 256.

1059 684 1107 720 551
1124 685 1162 720 Qa
1173 686 1247 718 signa
1261 686 1340 712 trium
1368 687 1527 720 gratiarum.

1059 719 1111 746 552
1128 719 1291 755 βεηεῇεὶιιιη
1307 721 1351 755 qui
1365 719 1471 754 accipit,
1498 722 1646 748 libertatem
1660 722 1758 749 vendit.

1058 755 1111 781 555
1123 754 1155 781 1η
1171 755 1301 788 beneficiis
1313 754 1409 782 dandis
1422 756 1556 782 laudanda
1572 762 1609 783 est
1625 757 1756 783 voluntas.

1041 789 1111 830 _554
1128 789 1217 816 Tarda
1232 790 1311 816 etiam
1328 791 1431 825 ingenia
1456 791 1581 818 discendo
1607 800 1757 825 processum
1774 792 1814 826 fu-

1023 829 1104 851 Ciilnl.

1060 859 1112 886 555
1136 868 1145 884 ι
1172 858 1264 886 Estote
1293 860 1401 894 perfecti
1435 860 1501 886 sicut
1523 860 1604 887 Pater
1625 866 1708 888 tester
1736 862 1812 889 etzle-

1025 895 1110 931 stisLs
1128 899 1180 931 etc.
1197 894 1292 931 Matth.
1316 903 1339 927 ν,
1352 895 1396 921 48.
1410 895 1572 931 [uitiationis
1589 897 1658 923 ratio
1675 897 1794 931 inferior.

1060 928 1112 955 556
1125 929 1162 955 De
1178 929 1269 964 gloriae
1282 932 1436 962 cupiditate.
1448 930 1486 956 vel
1502 935 1662 964 contentptu.

1060 964 1113 990 557
1129 964 1221 990 Adhuc
1236 965 1269 990 de
1283 965 1374 998 gloria:
1387 973 1445 992 uere
1458 965 1587 992 studioso.

1059 999 1113 1036 558
1126 998 1241 1036 Rursum
1253 1000 1285 1036 de
1299 1000 1391 1036 gloria:
1404 1001 1504 1031 studio,
1520 1005 1544 1026 et
1556 1001 1764 1036 magnificentia.

1130 1033 1284 1060 Humilitati
1299 1035 1387 1061 danda
1401 1041 1438 1062 est
1451 1042 1540 1068 opera.
1557 1033 1657 1070 Confer
1669 1038 1746 1070 epist.
1761 1037 1811 1064 127

1024 1073 1048 1095 et
1059 1073 1122 1096 251.

1023 1103 1112 1165 29340
1126 1104 1285 1131 Adltortatio
1295 1104 1384 1138 qualis
1417 1113 1473 1132 esse
1499 1105 1603 1134 debeat.
1619 1106 1718 1140 Confer
1733 1108 1810 1139 epist.

1059 1174 1107 1210 541
1124 1173 1308 1210 Βοηίὶιιυὶἀὶαε
1325 1174 1439 1201 obnoxii.
1460 1174 1524 1209 Sttp.
1539 1177 1613 1210 epist.
1631 1176 1692 1202 526.

1127 1209 1165 1246 De
1181 1210 1264 1246 tribus
1276 1211 1389 1243 improbe
1404 1212 1539 1244 agentibus
1555 1211 1731 1246 querimonia.

1059 1244 1112 1271 545
1134 1244 1213 1271 Bonis
1224 1253 1292 1278 swpe
1306 1253 1353 1271 cur
1366 1245 1433 1270 male
1443 1247 1489 1272 sit.

1058 1280 1111 1307 544
1127 1279 1164 1305 De
1183 1280 1286 1306 dicendi
1301 1280 1425 1312 artiﬁcio.
1444 1280 1508 1313 Sup.
1525 1288 1565 1313 cp.
1580 1281 1642 1308 509.

1059 1315 1111 1352 545
1125 1314 1195 1352 Quid
1213 1315 1574 1352 in_Evangeltosithregnum
1595 1316 1642 1343 Dei
1663 1323 1686 1344 et
1705 1324 1812 1352 regnum

1024 1351 1160 1377 cartorum.
1173 1349 1271 1385 Confer
1287 1352 1363 1384 epist.
1380 1350 1433 1377 206
1447 1349 1551 1378 ιίὺξιιι.

1058 1386 1110 1412 546
1123 1386 1160 1411 At!
1177 1386 1270 1411 bonam
1289 1391 1397 1412 mentem
1418 1386 1512 1412 invitat
1530 1386 1667 1413 alibidine

1060 1419 1267 1483 5Ξὲ6Ἄπόνᾱια
1301 1421 1370 1447 unde
1395 1422 1466 1447 dicta
1497 1426 1521 1447 et
1546 1421 1682 1449 νουθεσία.
1714 1422 1811 1458 Confer

1023 1463 1064 1487 Bp.
1076 1456 1140 1483 286.

1057 1491 1111 1527 518
1124 1490 1290 1527 Deiloeentis
1302 1490 1402 1525 ofﬁcio.
1427 1490 1515 1525 Supra
1541 1491 1644 1525 epistol.
1669 1491 1732 1527 215,
1745 1493 1811 1526 255,

1023 1525 1084 1558 265,
1099 1525 1162 1557 265,
1172 1525 1236 1553 290.

287 1546 718 1595 Bé'ié'citb'n'e'iXérE'SE'nptum,
735 1568 785 1587 non
803 1559 883 1595 hujus
908 1559 970 1587 vitio
986 1546 1006 1574 ϐ
1024 1546 1265 1588 ’νξλδνιῖξνιῖίᾶὶῑι
1276 1560 1401 1588 laudatus
1411 1561 1529 1588 humilis.

179 1596 314 1630 improbos
323 1596 392 1631 fieri.

225 1631 280 1657 996
299 1629 335 1658 De
356 1632 436 1658 variis
454 1632 587 1660 hominum
611 1630 731 1666 ingeniis.
760 1629 824 1658 Vide
852 1638 892 1664 ep.
923 1630 973 1656 114

180 1665 228 1692 lib.
244 1673 285 1697 Ill,
304 1671 329 1692 et
341 1675 400 1700 sup.
414 1667 478 1694 228.

221 1700 279 1727 ‘297
296 1700 454 1729 Sacerdotio
471 1710 521 1728 non
532 1701 745 1735 superbiendum.

222 1735 277 1762 298
297 1735 390 1763 Virtus
405 1737 545 1764 calumnia:
557 1738 680 1763 obnoxia.

220 1771 274 1807 299
286 1770 375 1807 Sancti
390 1771 469 1798 Pauli
493 1773 549 1804 quis
566 1773 682 1807 vestigiis
703 1777 770 1798 recte
784 1771 899 1798 insistat.

225 1805 278 1833 500
294 1806 332 1833 De
347 1805 469 1834 Samuele
478 1807 614 1841 propheta.

225 1841 275 1868 501
296 1841 335 1868 De
354 1843 482 1869 teconomi
508 1847 604 1876 etymo.
619 1851 628 1868 ε
646 1841 847 1876 Dispensatores
874 1845 973 1875 myste-

183 1875 286 1902 riorum
303 1876 360 1904 Dei.
380 1886 390 1902 ι
406 1877 414 1903 1
431 1876 493 1903 Cor.
511 1875 546 1903 Iv.

216 1910 373 1973 @1111;qu
389 1918 412 1939 et
423 1911 521 1946 futura:
536 1913 595 1939 vita:
607 1911 811 1939 dissimilitudo.
833 1909 912 1944 Conf.
931 1918 972 1944 ep.

216 1952 218 1973 ξ
233 1954 247 1972 e
328 1967 335 1973 .

182 1948 218 1974 52
233 1951 257 1972 et
273 1948 335 1973 112.

217 1980 339 2017 5051)εο
352 1983 414 2017 Opt.
430 1981 504 2009 Max.
523 1990 571 2017 pro
584 1982 653 2008 uirili
669 1982 763 2016 gratiae
782 1980 901 2016 agendte.

218 2016 271 2043 504
288 2016 407 2044 Gaudent
422 2018 485 2044 mali
498 2026 555 2044 cum
571 2018 641 2043 mala
657 2017 778 2051 fecerint.

219 2051 273 2088 505
288 2051 357 2088 Bene
373 2054 418 2088 qui
433 2053 521 2083 latuit.
538 2053 600 2078 bene
613 2053 689 2079 vixit.

217 2086 271 2113 506
286 2086 390 2114 Lusum
410 2088 590 2122 temperantia:
606 2090 743 2114 adversum
757 2086 851 2122 fugito.

217 2122 271 2158 507
289 2122 337 2158 Dei
348 2122 410 2158 Opt.
427 2121 504 2149 Mar.
520 2130 582 2158 erga
599 2122 777 2156 delinquentes
800 2121 957 2156 benignitas.

217 2156 272 2184 508
284 2156 389 2185 Sincere
399 2159 503 2184 verbum
519 2156 568 2184 Dei
585 2158 783 2192 proferendum.

217 2192 270 2218 509
289 2192 396 2219 Dicendi
409 2193 514 2219 virtutes
524 2200 592 2226 quae.

217 2227 270 2253 510
285 2226 406 2255 Ctelestia
426 2233 451 2254 et
467 2233 569 2254 terrena
584 2227 692 2254 distant.
706 2226 771 2259 Sup.
782 2227 847 2254 502.

217 2263 268 2289 511
285 2263 324 2288 Ad
340 2264 441 2297 frugem
454 2263 548 2289 bonam
571 2263 844 2296 existimationemque
864 2261 969 2289 inuitat.

218 2297 272 2333 512
287 2298 402 2333 Benigne
415 2297 558 2333 agendum,
572 2298 649 2333 idque
658 2306 710 2324 non
722 2297 791 2330 ﬁcte.

218 2332 272 2359 515
287 2332 323 2359 De
337 2331 426 2367 officio
438 2332 546 2367 judicia.
563 2331 660 2367 Confer
674 2333 751 2367 epist.
777 2331 842 2365 204,
860 2337 884 2358 et
909 2331 972 2357 Phi-

183 2367 269 2394 lonem
296 2367 437 2395 Hebrwum
454 2368 490 2394 De
506 2367 606 2401 judice.

182 2401 327 2464 22214273:
340 2402 494 2429 tentationis
510 2402 588 2429 bono.
603 2402 691 2437 Supra
706 2403 782 2437 epist.
798 2402 842 2433 59,
862 2401 906 2432 68,
926 2402 972 2434 71,

201 2438 246 2468 26,
265 2438 327 2465 270.

219 2473 271 2499 515
285 2472 403 2499 Societas
419 2477 445 2499 ut
458 2477 582 2506 perpetua
600 2473 644 2499 sit.

219 2507 272 2534 516
291 2508 347 2534 Vita
363 2508 516 2534 mortalium
536 2507 729 2534 calamitatibus
745 2507 872 2533 obnoxia.

219 2542 270 2569 517
284 2543 432 2570 Puerorum
442 2543 476 2568 ad
490 2542 614 2569 virtutem
629 2543 863 2576 verecnndiamque
887 2540 973 2575 infor-

185 2579 277 2604 ntatio.
294 2578 390 2612 Confer
405 2579 481 2611 epist.
503 2577 528 2604 9.

219 2613 271 2639 518
292 2611 417 2639 Veritatis
431 2613 560 2640 laudatio.
576 2611 707 2639 Mendacii
720 2612 866 2647 turpitudo.

220 2648 271 2675 519
284 2648 410 2682 Aspectus
422 2648 561 2674 mulierum
578 2649 752 2682 periculosus.
770 2647 868 2682 Confer
892 2647 973 2681 epist.

185 2683 230 2715 65,
249 2683 299 2710 175
313 2689 340 2710 el.
356 2683 422 2710 291.

221 2718 273 2745 520
288 2718 336 2745 Dei
351 2718 498 2752 benignitas
516 2718 698 2752 pradicanda.

220 2755 268 2781 521
284 2752 424 2781 Sacerdoti
438 2753 542 2780 uitanda
556 2753 696 2786 scandala,
712 2759 739 2780 ut
758 2757 783 2780 et
805 2753 880 2788 epist.
902 2760 974 2788 seqq.

185 2794 207 2815 et
225 2789 271 2815 lib.
286 2796 305 2816 ιι
323 2789 402 2822 epist.
419 2788 481 2814 121.

185 2858 203 2884 Γ
221 2824 272 2851 522
287 2824 465 2853 Saeerdotum
478 2824 600 2858 graviora
613 2831 668 2851 esse
682 2831 760 2858 quam
784 2823 911 2851 laicorum
928 2823 975 2849 de-

195 2865 255 2884 ιιια.

195 2865 255 2886 ιιια.

343 2909 480 2939 Ριιτιιοι..
496 2909 552 2939 GR.
571 2908 729 2938 LXXVIII.

1059 1596 1113 1623 550
1131 1595 1254 1631 ροψονίι
1269 1597 1402 1631 animique
1415 1596 1594 1631 pulchritudo.

1059 1630 1285 1669 55|__liutnilitale
1302 1630 1615 1664 cwteris'pratstandum.
1642 1632 1741 1669 Confer
1765 1641 1807 1669 ep.

1025 1665 1086 1695 127,
1105 1666 1169 1697 559,
1188 1665 1250 1694 549.

1059 1700 1113 1736 552
1134 1701 1241 1736 ljarenti
1257 1701 1350 1728 merito
1364 1703 1520 1736 parendum.

1058 1735 1112 1762 555
1132 1735 1211 1770 Leges
1236 1736 1422 1770 formidanda'.

1059 1771 1112 1798 554
1131 1770 1169 1796 Ab
1185 1771 1279 1805 effectu
1295 1779 1334 1798 res
1345 1771 1510 1805 judicantur.

1060 1806 1114 1833 555
1132 1805 1291 1840 Antiquitati
1301 1806 1480 1839 deferendum.

1060 1840 1113 1867 556
1135 1839 1172 1866 De
1186 1840 1234 1866 Dei
1250 1840 1459 1874 longanimitate.

1060 1875 1113 1902 557
1133 1874 1171 1901 De
1183 1875 1273 1901 eadem
1294 1883 1331 1901 re.

1060 1909 1124 1946 5587
1133 1909 1175 1946 De?
1187 1909 1353 1946 Hermogene
1367 1910 1456 1946 episc.,
1476 1910 1538 1946 quid
1552 1911 1583 1938 de
1608 1911 1680 1939 illius
1707 1918 1810 1940 censeat

1027 1946 1090 1972 rita.
1104 1945 1201 1980 Confer
1218 1946 1292 1979 epist.
1306 1945 1370 1977 578,
1387 1945 1448 1978 418,
1464 1946 1527 1973 466.

1062 1980 1114 2007 559
1135 1979 1216 2006 Deum
1233 1987 1285 2006 non
1298 1981 1407 2012 mutari,
1418 1989 1432 2008 e
1446 1982 1528 2008 sacris
1541 1986 1673 2008 ostensum
1688 1980 1808 2009 Litteris.

1060 2016 1113 2042 560
1134 2014 1166 2041 In
1181 2014 1310 2049 loquendo
1327 2021 1349 2041 et
1364 2017 1502 2043 scribendo
1519 2019 1613 2043 modus
1628 2016 1807 2044 adhibendus.

1061 2050 1110 2078 561
1132 2050 1261 2076 Amicitia:
1272 2050 1383 2084 improbi
1400 2052 1543 2079 renuntiat.

1061 2085 1114 2112 562
1135 2084 1267 2111 Bonorum
1280 2086 1508 2119 improborumque
1530 2087 1558 2114 in
1578 2089 1695 2115 mercede
1714 2087 1810 2114 discri-

1025 2119 1191 2157 megnasupr.
1207 2120 1283 2157 epist.
1303 2120 1348 2153 82,
1363 2121 1408 2157 96.
1425 2121 1478 2148 525
1492 2142 1499 2154 ,
1517 2127 1540 2149 et
1558 2131 1610 2157 seq.
1627 2124 1704 2156 epist.

1061 2155 1114 2182 564
1135 2155 1236 2181 Rursus
1248 2155 1279 2181 de
1293 2156 1350 2181 vitm
1365 2155 1461 2189 futura:
1474 2158 1591 2189 praemio.

1061 2191 1114 2218 365
1135 2190 1182 2215 Dei
1193 2190 1325 2223 judicium
1341 2198 1357 2216 a
1372 2197 1459 2217 nostra
1481 2192 1559 2218 nimis
1575 2192 1715 2220 diversum.
1737 2191 1811 2220 Con-

989 2213 1011 2240 ”
1026 2213 1118 2260 [ον’ἐιῖ.
1133 2213 1279 2252 nenae;

1067 2261 1120 2287 566
1141 2260 1177 2286 De
1198 2260 1264 2285 bono
1289 2259 1477 2287 tribulationis.
1508 2260 1572 2288 Vide
1586 2261 1750 2290 Tentationis
1764 2262 1811 2289 bo-

1026 2304 1097 2322 nttm.
1113 2294 1179 2328 Sup.
1191 2302 1236 2329 ep.
1253 2294 1298 2326 59,
1315 2295 1360 2328 68,
1377 2295 1421 2327 71,
1433 2295 1495 2327 226,
1510 2296 1573 2329 270,
1588 2297 1649 2324 514.

1059 2330 1111 2357 567
1131 2330 1168 2356 De
1183 2327 1282 2356 Christi
1298 2327 1397 2364 tropaeo
1417 2332 1514 2364 crucis,
1534 2327 1571 2358 eti
1587 2332 1687 2359 ultione
1709 2333 1809 2360 divina.

1027 2375 1036 2391 ι
1063 2365 1183 2392 Potentes
1212 2370 1330 2398 potenter
1351 2369 1479 2392 tormenta
1497 2367 1642 2399 patientur.
1660 2376 1669 2393 ι
1687 2367 1808 2401 Sapient.

1025 2400 1113 2497 ;;'5618.
1125 2433 1249 2460 «Declina
1259 2442 1275 2460 a
1294 2434 1363 2461 ntalo
1377 2440 1399 2462 et
1411 2435 1454 2470 fac
1465 2435 1587 2463 bonum.»
1600 2436 1700 2463 Psalm.
1719 2444 1812 2470 xxxw,

1062 2505 1114 2532 569
1134 2503 1210 2530 Nihil
1228 2504 1305 2531 nimis
1318 2504 1497 2538 deferendum.
1520 2506 1623 2533 Diaboli
1635 2510 1706 2533 artes
1722 2505 1808 2533 mala'.

1062 2540 1114 2567 570
1139 2538 1229 2566 Victor
1245 2540 1302 2573 quis
1318 2547 1382 2567 vere.
1400 2540 1498 2575 Confer
1511 2542 1587 2574 epist.
1606 2541 1639 2567 76
1651 2545 1676 2567 et
1693 2540 1737 2567 88.

1061 2575 1111 2602 571
1135 2575 1206 2600 Deus
1222 2582 1302 2607 supra
1315 2576 1437 2601 meritum
1454 2584 1517 2602 suos
1530 2577 1652 2603 honorat.

1061 2610 1113 2637 572
1133 2609 1199 2645 Quis
1216 2609 1312 2643 optime
1326 2609 1424 2642 reipub.
1439 2612 1539 2643 priesit.
1559 2608 1737 2645 Δημαγωγός.

1061 2645 1119 2705 ξπῖ
1133 2643 1280 2705 [ἒῗίιγοηαηι
1291 2652 1380 2671 rursus
1397 2645 1499 2680 frugem
1511 2643 1614 2672 invitat.
1634 2646 1714 2677 Supr.
1731 2643 1808 2681 epist.

1062 2698 1068 2705 .
1094 2688 1107 2705 e
1192 2697 1200 2705 .

1028 2680 1078 2708 105
1094 2684 1119 2706 et
1136 2680 1200 2706 511.

1062 2715 1115 2742 574
1137 2713 1228 2740 Virtus
1240 2714 1433 2748 amplectenda.

1062 2750 1115 2777 575
1135 2746 1311 2783 Interrogatio
1329 2749 1356 2775 in
1373 2750 1456 2776 sacris
1470 2749 1576 2776 Litteris
1595 2746 1810 2776 vehementiorem

1027 2785 1112 2812 reddit
1126 2784 1279 2811 orationem.

1062 2820 1114 2847 576
1135 2819 1248 2846 Rursum
1258 2819 1290 2844 de
1302 2817 1496 2850 Quiestionibus
1511 2819 1537 2846 in
1552 2818 1682 2852 docendo,
1697 2819 1812 2846 medico-

1028 2863 1085 2882 rum
1103 2853 1230 2888 escemplo.
1250 2853 1345 2886 Confer
1356 2854 1432 2888 epist.
1446 2854 1507 2881 279.

1649 2901 1666 2929 6
