2064 3159
232 153 280 187 lS3

811 159 840 188 s.
863 159 1009 190 lSIDORI
1027 161 1245 192 PELUSIOT/E
1486 157 1500 170 ’

1809 165 1856 198 lS-l

231 211 360 238 rationem
392 211 562 246 significant,
591 217 790 245 supervacanea
817 217 858 240 est
880 213 1015 241 curiosior

1079 215 1181 250 περιττὴ
1199 216 1216 251 ἡ
1235 216 1380 253 περίεργος
1394 219 1507 254 ζήτησις
1522 220 1577 250 τοῖς
1599 220 1730 254 νουνεχῶς
1746 220 1857 252 τούτους

230 256 381 291 inquisitio,
396 256 429 283 iis
440 256 485 291 qui
507 257 655 291 prudenter
670 257 696 285 iu
716 265 810 285 eorum
824 257 940 286 lectione
956 267 1015 286 \‘er-

232 306 335 329 santur.
356 301 486 334 Quocirca
513 302 535 329 si
563 303 637 331 cibos
658 307 684 330 et
709 303 834 330 vestitum
861 304 1019 332 monasticae,

230 348 300 378 vitm,
319 347 394 381 juxta
434 346 517 374 Deum
538 348 663 383 perfecta:
688 349 868 384 omnibusque
902 349 1020 377 numeris

232 391 372 423 absolutae,
393 391 420 418 in
440 390 544 427 Joanne
561 392 680 428 Baptista
705 393 878 426 didicimus’,
894 393 968 428 pilis,
991 394 1013 420 si
1031 407 1039 416 ι

229 436 288 464 ﬁeri
303 441 401 471 potest,
432 437 465 465 ad
493 438 672 472 obtegendum
695 446 793 474 ecrpus
817 439 942 474 contenti]
961 439 1016 466 eri-

228 491 288 512 mus
304 493 312 517 ;
345 485 491 513 herbarum
514 490 603 514 autem
620 493 652 513 ac
669 485 792 512 foliorum
817 485 1016 512 summitatibus

230 531 264 557 ad
276 531 403 566 exiguam
419 531 583 566 minimeque
595 530 787 558 redundantem
803 530 970 562 alimoniam,
985 537 1017 557 ac

229 577 310 604 vires.
339 576 385 604 Sin
399 581 488 604 autem
501 577 558 604 haec
584 576 794 604 imbecillitatem
809 580 927 604 nostram
940 583 1018 604 exce-

1071 260 1313 295 ἀναγινώσκουσιν.
1329 264 1360 291 Et
1382 264 1471 292 τοίνυν
1494 265 1542 292 καὶ
1562 265 1693 300 βρώματα
1711 267 1757 292 καὶ
1775 267 1857 301 ἐσθή-

1071 315 1144 342 ματα
1160 307 1210 343 τῆς
1225 309 1298 336 κατὰ
1321 309 1387 336 Θεὸν
1406 310 1512 342 τελείας
1536 311 1679 346 ἀσκήσεως
1697 312 1725 338 ιν
1745 311 1857 348 Ἰωάννῃ

1068 351 1107 386 τῷ
1124 351 1262 389 Βαπτιστῇ
1288 354 1498 392 ἐπαιδεύθημεν,
1521 356 1594 391 θριξὶ
1615 357 1676 392 μὲν,
1692 358 1716 384 εἰ
1736 356 1791 384 οἷόν
1810 366 1856 389 τε,

1069 397 1137 432 πρὸς
1149 399 1252 434 σκέπην
1261 401 1495 437 ἀρκεσθησόμεθα·
1506 403 1672 438 ἀκρέμοσιδὲ
1684 403 1802 438 βοτανῶν
1811 405 1859 430 καὶ

1070 443 1178 478 φύλλων
1195 446 1262 480 πρὸς
1278 447 1371 482 ὀλίγην
1396 448 1497 483 τροφὴν
1520 449 1566 475 καὶ
1579 448 1694 483 δύναμιν
1710 449 1757 475 καὶ
1787 449 1858 475 ἀπέ-

1070 496 1170 523 ριττον.
1192 489 1224 516 Εἰ
1241 490 1268 516 δὲ
1288 490 1375 518 ταῦτα
1400 491 1433 517 δι’
1455 491 1595 518 ἀσθένειαν
1623 491 1751 527 μείζονα,
1772 491 1857 524 τύπος

1071 534 1136 569 ἡμῖν
1151 535 1221 562 ἔστω
1237 536 1330 571 χρείας
1345 537 1454 572 ἀπάσης
1476 538 1523 564 καὶ
1547 537 1665 572 διαίτης,
1682 538 1728 564 καὶ¹
1748 537 1856 564 τελειώ-

1072 586 1150 612 σεως,
1165 581 1181 616 ἡ
1199 581 1246 607 τοῦ
1261 583 1433 617 προεστῶτος
1447 583 1593 618 δοκιμασία
1610 583 1657 610 καί
1669 583 1803 615 κέλευσις.

227 623 304 656 dunt,
322 627 376 650 tum
387 624 554 652 necessitatis
571 624 671 655 omnis,
686 627 742 651 tum
759 624 873 651 rationis
902 624 1010 652 vivendi
1039 633 1070 652 ac
1096 627 1271 662 perfectionis
1292 630 1471 664 adipiscendae
1493 629 1580 658 l'orma
1605 631 1681 658 nobis
1701 638 1733 658 ac
1765 630 1859 666 regula

228 671 275 705 sit,
291 671 362 706 quod
380 672 496 699 antistes
509 673 644 699 censuerit
661 675 742 706 atque
757 672 906 706 imperarit.

456 727 500 755 Vl.
515 743 548 749 -—
562 727 793 756 URSENUPUIO.

353 773 387 800 In
406 772 484 806 illud,
501 782 510 799 t
531 773 607 801 Caliz
619 775 645 801 in
657 782 737 800 manu
751 774 868 800 Domini.
881 783 890 800 ι

265 830 338 858 Calix
355 831 381 858 in
402 838 480 858 manu
490 831 606 864 Domini,
620 830 674 858 vini
692 831 758 858 meri
773 829 867 866 plenus
881 830 1015 858 misto”.

1289 735 1334 767 (τ’.
1346 749 1380 754 -
1394 733 1640 770 ΟΥΡΣΕΝΟΥΦΙῼ.

1167 778 1219 811 Εἰς
1233 778 1276 812 τὸ,
1293 788 1303 805 t
1317 779 1462 814 Ποτήριον
1475 780 1510 806 ὲν
1524 780 1599 814 χειρὶ
1614 779 1734 813 ΚιῬίου.
1749 788 1758 804 ι

1107 831 1143 858 Τὸ
1158 834 1286 870 ποτήριον
1308 835 1337 862 ιν
1353 836 1424 872 χειρὶ
1448 837 1549 872 Κυρίου
1570 836 1640 863 οἴνου
1656 836 1776 871 ἀκράτου
1792 834 1860 869 πλῆ-

232 876 287 904 lloc
301 876 393 903 divino
413 875 523 903 oraculo
543 877 616 910 justa
644 877 827 909 remuneratio
848 876 1016 910 designatur,

1079 887 1114 910 is;
1131 879 1313 915 κεράσματος.
1323 882 1379 917 Τὴν
1395 882 1501 909 δικαίαν
1516 882 1643 917 σημαίνει
1655 883 1670 908 ὸ
1685 882 1756 913 θεῖος
1774 889 1859 916 χρησ-

232 929 292 956 qua}
310 922 478 950 humanitate
489 922 597 957 quidem
618 929 650 949 ac
673 921 860 949 misericordia
883 926 1017 957 tempera-

233 974 285 999 tur,
295 968 328 996 ad
348 968 470 996 ciendam
501 968 533 995 iis
557 968 755 1003 paenitentiam,
774 967 819 1002 qui
840 968 956 1002 peccatis
970 968 1018 995 de-

234 1013 365 1040 lectantur
381 1012 533 1048 (inclinabit
555 1011 625 1039 enim
648 1019 681 1039 ex
699 1012 750 1039 hoe
769 1011 795 1038 in
817 1013 877 1045 hoc,
900 1012 949 1040 hoc
967 1017 1018 1045 est,

233 1066 265 1086 ex
278 1058 453 1093 benignitate,
477 1057 503 1084 iu
519 1057 581 1084 illud
594 1057 754 1092 supplicium
776 1057 846 1092 quod
871 1057 1019 1086 sceleribus

232 1103 373 1139 debetur).
388 1104 423 1131 At
441 1111 476 1131 ne
494 1111 543 1132 nos
562 1103 733 1138 negligentiae
753 1108 835 1138 atque
851 1103 955 1132 inertiae
973 1105 1019 1132 de-

234 1150 292 1183 diti,
326 1157 388 1178 eum
413 1149 524 1185 iustitiae.
548 1157 658 1184 prorsus
689 1150 822 1182 oblivisci,
857 1150 1020 1185 cogitatione

234 1196 312 1224 nobis
328 1196 467 1231 tingamus,
481 1195 582 1222 idcirco
590 1194 723 1228 adjectum
740 1200 779 1222 est
792 1205 798 1222 :
812 1195 1018 1224 «Verumtamen

234 1241 286 1269 {rx
311 1241 369 1276 ejus
383 1249 436 1269 non
464 1245 504 1269 est
522 1241 670 1268 exinanita.
688 1249 697 1266 ι
716 1240 847 1274 Quoniam
862 1242 884 1269 si
904 1242 1018 1270 salutem

235 1287 345 1314 omnino
361 1290 549 1321 aspernentur,
570 1286 621 1314 vim
636 1286 759 1314 Numinis
778 1286 900 1314 ultricem
920 1287 953 1314 ad
972 1295 1019 1325 ex-

238 1338 350 1361 tremmn
366 1332 435 1360 haud
450 1332 578 1360 latebunt.
598 1341 607 1358 ι
620 1330 715 1360 Bibent
726 1333 914 1368 euim,inquit,
928 1325 1021 1361 omnes

235 1382 391 1413 peccatores
405 1382 495 1411 terrm,
512 1387 521 1404 ι
537 1377 630 1413 judicii
652 1378 757 1406 scilicet
771 1378 896 1413 poculum
914 1388 920 1407 :
942 1380 1022 1415 idque

236 1433 252 1452 n
265 1423 344 1451 erito.

463 1469 489 1504 3
499 1468 552 1497 vn.
561 1467 793 1496 --τιιιοτιιιῖο⁵

542 1514 579 1541 De
596 1514 720 1549 Deipara.

274 1572 467 1598 Sacrosanctus
488 1571 692 1606 Evangeliorum
707 1572 801 1604 codex,
813 1571 913 1599 Christi
928 1579 1024 1607 genea-
1039 1561 1060 1590 (ἶ

238 1617 334 1651 legium
363 1617 389 1644 itt
405 1615 561 1651 .losephum,
582 1624 666 1651 genus
696 1624 728 1644 ex
747 1616 847 1644 Davide
863 1617 1024 1650 trahentem,

239 1663 374 1690 deducens
387 1663 409 1694 ⁸,
425 1662 491 1690 satis
508 1662 601 1689 habuit
616 1669 662 1697 per
672 1669 734 1689 eum
744 1662 943 1690 demonstrasse
963 1662 1019 1689 Vir-

239 1709 328 1744 ginem
343 1715 450 1743 quoque
472 1715 506 1735 ex
530 1708 634 1740 eadem,
658 1715 710 1742 qua
732 1707 826 1740 David,
847 1709 916 1735 tribu
935 1713 1025 1736 ortum

240 1753 352 1781 duxisse
366 1762 373 1780 :
388 1757 529 1788 propterea
542 1754 613 1787 quod
629 1753 687 1788 lege
698 1754 861 1786 sanciretur,
881 1759 910 1780 ut
931 1755 1026 1781 matri-

241 1800 329 1827 monia
346 1806 379 1827 ex
394 1799 486 1826 eadem
502 1798 572 1826 tribu
587 1799 779 1827 exsisterent’.
793 1800 827 1826 At
843 1807 907 1828 vero
925 1800 1028 1828 divino-

242 1852 301 1872 rum
327 1845 480 1880 dog-matum
506 1844 656 1879 interpres,
684 1852 796 1880 magnus
820 1845 864 1873 ille
891 1846 1026 1880 apostolus

242 1889 360 1923 Paulus,
382 1889 523 1916 veritatem
555 1889 697 1924 perspicue
722 1889 860 1924 explanat.
884 1898 945 1918 cum
977 1890 1028 1918 Do-

243 1935 345 1962 minutn
372 1942 404 1962 ex
427 1934 496 1962 Juda
522 1940 611 1962 ortutn
637 1935 752 1962 traxisse
780 1939 894 1963 testatur
920 1936 942 1965 '.
965 1936 1028 1964 Hrcc

244 1980 325 2016 igitur
349 1980 455 2007 acutius
480 1980 636 2014 certiusque
650 1980 749 2013 sciens,
772 1987 806 2008 ne
827 1981 1029 2008 dissimulanter

245 2033 277 2054 ac
302 2025 463 2058 veteratorie
489 2025 662 2059 quaestionem
693 2026 763 2053 hanc
787 2026 851 2053 mihi
879 2034 1024 2062 proponas.

246 2071 300 2099 Nec
315 2070 387 2098 enirn
409 2070 474 2098 mihi
491 2071 634 2098 obscurum
662 2075 714 2105 est,
732 2075 758 2099 te
777 2072 908 2099 vilitatem
925 2072 970 2100 hic
982 2080 1029 2099 aus

245 2116 348 2151 cuparL

514 2162 579 2190 Vill.
592 2177 628 2183 —
644 2161 758 2190 EIDEM.

280 2206 446 2235 Moderatum
464 2215 518 2234 esse
532 2212 649 2241 oportere
664 2208 859 2235 exercitationis
871 2208 996 2236 laborem.

284 2251 515 2286 Quemadmodum
530 2239 604 2285 caro,
625 2259 686 2280 cum
707 2252 809 2288 optimo
831 2253 911 2287 valet,
934 2254 967 2281 ad
990 2261 1032 2281 se-
1050 2239 1070 2266 ο

1074 924 1122 958 ut;
1142 924 1329 959 ἀνταπόδοσιν,
1350 927 1520 962 κιρνωμένην
1537 927 1575 962 (ϐ)
1602 927 1650 961 μὲν
1670 926 1860 961 φιλανθρωπίᾳ

1073 970 1140 1004 πρὸς
1157 971 1338 1006 μεταμέλειαν
1351 972 1406 998 τῶν
1421 973 1569 1008 χαιρόντων
1582 973 1636 1003 τοῖς
1648 972 1858 1006 ἁμαρτήμασιν·

1073 1015 1160 1042 ἔκλινε
1173 1016 1226 1052 γὰρ
1239 1017 1271 1043 ὲκ
1284 1017 1379 1044 τούτου
1393 1018 1433 1049 εἰς
1445 1017 1534 1049 τοῦτο,
1548 1019 1580 1044 ὲκ
1594 1017 1644 1052 τῆς
1656 1015 1860 1051 φιλανθρωπίας

1073 1058 1196 1093 δηλονότι
1224 1061 1263 1092 είς
1278 1060 1328 1096 τὴν
1343 1062 1568 1096 χρεωστουμένην
1583 1063 1639 1093 τοῖς
1653 1061 1804 1096 πταίσμασι
1820 1067 1860 1086 τι‹

1074 1104 1179 1138 μωρίαν
1192 1105 1238 1132 καὶ
1253 1105 1360 1132 δικαίαν
1384 1106 1484 1141 κρίσιν.
1503 1106 1571 1133 Ἀλλ’
1592 1106 1635 1132 ἵνα
1655 1106 1692 1142 μὴ
1721 1105 1861 1137 παντελῶς

1074 1147 1502 1185 φαντασθῶμεν(ὲπιλησμονείν)
1527 1151 1577 1186 τῆς
1594 1150 1671 1186 δίκης
1688 1151 1713 1177 οἱ
1731 1150 1859 1186 ρᾴθυμοι,

1077 1201 1086 1217 ι
1097 1193 1168 1229 Πλὴν
1179 1193 1193 1219 ὁ
1207 1195 1320 1230 τρυγίας
1327 1195 1410 1222 αὐτοῦ
1417 1195 1631 1231 οὺκὲξεκενώθη,
1639 1206 1648 1222 ι
1660 1196 1859 1231 προστέθειται.

1075 1235 1136 1262 Ὀτι
1150 1237 1174 1262 εί
1191 1237 1281 1264 τέλεον
1297 1239 1435 1274 σωτηρίας
1451 1242 1713 1276 καταφρονήσουσιν,
1727 1241 1766 1272 είς
1783 1240 1862 1267 ὕστε-

1076 1288 1121 1315 ρον
1134 1282 1182 1316 τὴν
1196 1281 1273 1317 δίκην
1284 1283 1314 1309 οὐ
1330 1283 1466 1319 λήσουσι.ι
1481 1285 1591 1312 Πίονται
1600 1285 1663 1321 γὰρ,
1676 1286 1752 1320 φησὶ.
1763 1286 1862 1317 πάντες

1074 1326 1098 1351 οί
1113 1326 1270 1360 ἁμαρτωλοὶ
1285 1327 1334 1363 τῆς
1347 1328 1409 1367 γῆς,
1424 1339 1433 1355 ι
1451 1329 1481 1355 τὸ
1498 1329 1548 1365 τῆς
1562 1330 1677 1366 κρίσεως
1690 1330 1802 1362 εἰκότως
1812 1338 1862 1356 πο.

1074 1371 1177 1406 τήριον.

1287 1464 1324 1490 Ζι.
1350 1479 1385 1484 -
1409 1465 1560 1501 ΤΙΜΟΘΕῼ
1590 1466 1650 1503 (7).

1317 1508 1386 1542 Περὶ
1402 1508 1456 1543 τῆς
1474 1510 1630 1538 Θεοτόκου.

1120 1562 1150 1589 'H
1179 1563 1229 1598 μὲν
1258 1563 1318 1598 ιερὰ
1337 1564 1390 1590 τῶν
1414 1564 1589 1598 Εὑαγγελίων
1613 1565 1713 1601 πυκτὴ.
1729 1566 1745 1600 ἡ
1763 1565 1803 1596 είς
1817 1565 1865 1591 τὸν

1086 1606 1184 1642 Ἰωσὴφ
1197 1608 1245 1643 τὴν
1260 1608 1432 1642 γενεαλογίαν
1448 1609 1605 1643 κατάγουσα
1621 1611 1652 1636 ὲκ
1666 1610 1712 1636 τοῦ
1724 1610 1805 1636 Δαῦὶδ
1821 1610 1864 1636 ἔλ-

1080 1661 1162 1679 κοντα
1179 1653 1228 1687 τὴν
1245 1653 1416 1687 συγγένειαν,
1441 1655 1563 1690 ἠρκέσθη
1579 1654 1612 1680 δι’
1626 1655 1709 1682 αὑτοῦ
1725 1655 1864 1687 ἀποδεῖξαι.

1080 1698 1127 1724 καὶ
1139 1698 1188 1733 τὴν
1204 1698 1340 1734 Παρθένον
1356 1699 1403 1726 τοῦ
1419 1700 1500 1727 Δαόὶδ
1516 1701 1714 1736 συμφυλετιδα·
1730 1700 1776 1727 τοῦ
1794 1699 1865 1727 θείου

1080 1743 1163 1778 νόμου
1184 1743 1233 1776 τὰς
1257 1744 1387 1778 συζυγίας
1408 1745 1575 1780 αὐτοφύλους
1595 1746 1768 1778 θεσπίζοντος
1793 1746 1866 1780 γίνε‹

1082 1788 1154 1815 σθαι.
1175 1789 1204 1815 '0
1230 1789 1259 1816 δὲ
1283 1790 1337 1816 τῶν
1362 1790 1495 1826 οὐρανίων
1520 1791 1663 1827 ὑποφήτης
1686 1791 1840 1826 δογμάτων,
1861 1794 1876 1819 ὸ

1083 1834 1170 1869 μέγας
1193 1834 1340 1867 ἀπόστολος
1362 1835 1482 1868 Παῦλος,
1509 1836 1659 1870 ἀναφανδὸν
1676 1836 1801 1870 διασαφεί
1819 1835 1868 1867 τὴν

1082 1879 1222 1913 ἀλήθειαν,
1237 1880 1268 1906 ὲκ
1281 1879 1327 1906 τοῦ
1344 1879 1429 1906 Ἰούδα
1445 1881 1592 1918 μαρτυρῶν
1604 1881 1739 1908 ἀνατεῖλαι
1754 1881 1799 1907 τὸν
1813 1880 1869 1907 Κύ-

1084 1932 1151 1960 ριον.
1167 1923 1260 1950 Ταῦτα
1274 1924 1302 1951 δὲ
1318 1924 1482 1960 δριμύτερον
1506 1926 1697 1960 ἐπιστάμενος.
1718 1925 1755 1961 μὴ
1779 1925 1869 1960 εἰρω-

1082 1969 1160 1996 νεὺου
1173 1970 1222 2005 τὴν
1236 1970 1415 2006 ὲπερὼτησιν.
1433 1971 1469 1998 Οὐ
1487 1972 1541 2008 γὰρ
1558 1972 1700 2009 λανθάνεις
1715 1971 1806 2007 θηρῶν
1820 1970 1868 2006 τὴν

1083 2015 1230 2042 εὐτέλειαν.

1358 2161 1397 2187 ιιι.
1411 2161 1497 2189 -ΤΩ
1517 2162 1614 2189 ΑΥΤΩ.

1358 2161 1397 2187 ιιι.
1411 2175 1444 2181 —
1453 2161 1474 2187 Τ
1517 2162 1614 2189 ΑΥΤΩ.

1086 2205 1146 2232 ’Ότι
1160 2206 1332 2240 σύμμετρον
1345 2206 1403 2240 χρὴ
1419 2161 1497 2233 slva?
1517 2206 1569 2233 τὸν
1586 2191 1746 2240 ἀσκήσεως
1764 2208 1869 2233 πόνον.

1121 2252 1159 2287 (8)
1174 2252 1279 2287 ’Ὠσπερ
1293 2252 1477 2287 ὑπωπιασμοῦ
1493 2252 1578 2279 δεῖται
1591 2253 1607 2287 ὴ
1623 2252 1770 2278 εὖεκτοῦσα
1789 2252 1866 2288 σὰρξ,

267 2320 277 2336 ⁸
294 2319 388 2348 Matth.
404 2329 445 2354 ιιι,
461 2321 494 2355 ι;
533 2321 613 2349 Marc.
629 2329 648 2354 ι,
661 2325 688 2353 6.
724 2322 758 2338 δι’
773 2322 844 2350 Psal.
861 2330 953 2356 uxtv,
968 2322 994 2350 9.

1082 2322 1150 2349 alth.
1165 2329 1185 2354 ι,
1198 2322 1274 2348 1-16.
1311 2321 1321 2337 ⁷
1334 2321 1414 2348 Num.
1429 2329 1522 2354 xxxvr,
1534 2322 1560 2348 8.
1599 2321 1610 2337 ⁸
1624 2320 1703 2348 Hebr.
1718 2329 1766 2353 vit,
1788 2323 1828 2349 H.

810 2390 927 2419 VARle
952 2390 1144 2419 LECTiONES
1165 2390 1207 2418 ΕΤ
1224 2389 1340 2417 ΝΟΤιΕ.

289 2446 327 2482 (6)
348 2445 424 2474 Vers.
439 2447 456 2474 5
472 2455 521 2482 pro
537 2447 709 2482 κιρνωμένην
724 2447 772 2481 μὲν
785 2448 863 2474 codd.
881 2447 1035 2474 Sl'ortlanus

254 2488 280 2510 ct
299 2482 446 2509 Altaemsis
464 2482 629 2517 κιρναμένην
648 2486 759 2517 tantum
771 2483 987 2517 ﬁliolicnthers.
1006 2482 1034 2515 6,

254 2525 302 2552 pro
316 2518 348 2544 ὲκ
361 2517 410 2552 τῆς
428 2516 630 2552 φιλανθρωπίας
650 2516 727 2552 codd.
746 2516 829 2552 Sl'ort.
852 2522 879 2544 et
895 2516 955 2543 Vat.
971 2517 1033 2549 649,

255 2550 344 2587 legunt
357 2550 408 2587 την
421 2550 635 2587 φιλανθρωπίαν.
650 2550 730 2587 _Vers.
749 2552 764 2578 8
778 2571 786 2583 ,
805 2551 863 2578 loco
877 2552 1015 2584 παντελῶς
1026 2571 1033 2583 ,

255 2585 313 2614 (ζοῖῘ.
330 2585 473 2622 Alita'entsis
491 2585 613 2622 παντελῆ
624 2585 708 2622 .__loco
724 2586 1029 2622 autetnigavnsempsv

256 2622 317 2649 cod.
335 2621 419 2648 δῖοι-ι.
446 2626 473 2648 et
491 2621 577 2648 Vatis.
603 2620 669 2651 649,
687 2620 877 2653 φαντασθῶσιν
895 2620 1033 2648 exhibent.

258 2657 342 2684 Versu
357 2656 502 2691 undecimo
517 2656 588 2691 quod
611 2656 637 2691 lin
657 2655 741 2691 editis
765 2656 883 2682 cernitur
897 2657 921 2682 εἰ
943 2655 1034 2683 τέλεον

258 2690 405 2726 σωτηρίας,
420 2691 446 2726 in
461 2699 511 2717 ms.
527 2690 697 2718 emendatius
727 2695 836 2724 apparet
857 2692 880 2717 si
898 2691 978 2718 πλέον
991 2691 1039 2726 τῆς

259 2724 340 2756 cum}
349 2724 402 2752 etci
420 2724 527 2753 Possm.

295 2759 334 2795 (7)
350 2759 376 2786 In
396 2760 472 2788 titulo
485 2763 544 2794 post
556 2767 647 2787 vocem
664 2758 790 2795 T419059)
805 2761 864 2787 cod.
883 2760 937 2787 Alt.
952 2760 1036 2791 addit,

260 2793 428 2830 ἀναγνώστῃ.
449 2793 525 2824 vers.
541 2794 566 2826 l,
579 2802 627 2829 pro
642 2793 731 2830 πυκτὴ
742 2793 824 2830 ςρὶιυι
841 2796 912 2822 idem
928 2795 1040 2830 exhibet

261 2830 374 2863 πτυκτὴ,
392 2827 462 2857 Hand
478 2830 556 2864 paulo
568 2827 729 2856 correctius.
742 2827 818 2855 νει-ς.
834 2830 860 2860 ι,
873 2837 920 2864 pro
931 2829 976 2856 τοῦ
988 2831 1039 2856 Δα-

262 2864 302 2890 εὲδ
321 2863 403 2891 \‘atic.
422 2864 473 2892 649
487 2884 493 2892 .
506 2870 530 2892 ct
543 2865 595 2892 All.
619 2864 719 2891 habent
736 2863 774 2892 τῷ
795 2864 885 2891 Δαὸίδ.
910 2864 969 2892 Mox
994 2865 1038 2891 Al-

283 2884 302 2890 ...
328 2884 403 2891 rutu-
423 2884 471 2892 vuv
487 2884 595 2898 ,\..-u.
620 2884 719 2891 ιιι-«ιιι»
742 2884 773 2897 --ιι
795 2884 885 2891 -ρι-ι.
910 2884 969 2892 υ-ιυιι
994 2884 999 2891 ι

1089 2447 1199 2473 tnemsis
1215 2446 1380 2480 συμφυλέτιν
1395 2447 1499 2478 scribit,
1518 2454 1570 2473 non
1584 2451 1612 2472 ut
1627 2445 1716 2472 editus
1731 2445 1871 2479 συμφυλέ-

1087 2481 1187 2511 meum
1201 2488 1278 2507 νει-ευ
1294 2482 1414 2514 sequenti
1429 2489 1480 2508 non
1497 2480 1676 2514 αὐτοφὺλους,
1691 2481 1738 2507 sed
1753 2481 1872 2514 αὐτοφυ-

1088 2516 1160 2548 λοῦς.
1179 2514 1263 2543 Versu
1279 2515 1293 2541 7
1305 2516 1376 2543 edita
1396 2517 1428 2542 ἐκ
1445 2516 1492 2542 τοῦ
1515 2515 1599 2542 Ἰούδα
1613 2535 1621 2547 ,
1647 2523 1713 2546 mss,
1733 2515 1762 2548 ἐξ
1785 2516 1868 2542 Ἰούδα

1086 2551 1145 2578 sine
1169 2550 1284 2576 articulo
1313 2551 1444 2578 scribunt.
1472 2550 1590 2585 Denique
1612 2557 1682 2576 vers.
1705 2550 1799 2576 ultimo
1824 2558 1872 2584 pm

1086 2585 1229 2616 λανθάνεις
1241 2586 1301 2612 cod.
1320 2585 1378 2612 Val.
1392 2585 1454 2616 649,
1473 2585 1537 2619 Ιιιςὶι
1555 2585 1714 2620 μανθάνεις,
1731 2586 1870 2615 oberrans,

1088 2621 1195 2654 opinor,
1213 2627 1227 2646 a
1246 2627 1324 2653 vero;
1340 2628 1400 2646 nam
1417 2621 1529 2647 editioni
1547 2620 1607 2647 cod.
1625 2620 1678 2646 All.
1698 2620 1871 2653 astipulatur,

1090 2660 1118 2683 et
1137 2655 1192 2688 ipsa
1206 2656 1338 2681 sententia
1353 2654 1495 2686 λανθάνεις
1515 2655 1620 2681 videtur
1635 2654 1755 2688 exigere.
1770 2655 1872 2682 Possis.

1128 2690 1167 2726 (8)
1195 2688 1270 2726 Vers.
1286 2689 1314 2721 ι,
1339 2697 1389 2717 vox
1410 2690 1482 2724 ψυχὴ
1499 2689 1574 2726 deest
1595 2689 1702 2726 iu_\_’at.
1718 2690 1785 2726 _cod.
1810 2689 1872 2720 649.

1092 2724 1142 2753 nec
1158 2724 1226 2751 sane
1241 2724 1266 2750 in
1285 2729 1413 2752 contextu
1437 2724 1596 2758 requiritur,
1614 2724 1657 2750 ubi
1672 2724 1740 2751 satis
1753 2731 1871 2757 congrue

1092 2759 1250 2787 vocabulum
1269 2758 1337 2794 σὰρξ
1350 2760 1404 2786 ἀπὸ
1417 2758 1505 2786 κοινοῦ
1530 2759 1722 2794 restituendum
1741 2766 1769 2794 se
1784 2758 1872 2794 olfert:

1092 2795 1174 2822 Paulo
1189 2797 1250 2828 post
1266 2792 1322 2820 vice
1339 2794 1413 2821 verbi
1432 2793 1655 2828 ὑπεραυγάζηται
1669 2794 1730 2820 cod.
1749 2792 1808 2820 Vat.
1821 2793 1874 2820 649

1091 2827 1228 2857 substituit
1249 2828 1423 2864 ὑπερείδητιι
1437 2837 1443 2844 ·
1466 2827 1610 2855 Altaetnsis
1634 2831 1724 2855 autem
1749 2827 1873 2864 ὑπερτά-

1091 2864 1184 2896 ξηται.
1199 2862 1302 2890 Possm.

1108 2873 1170 2896 ηται
1178 2881 1184 2889 .
1199 2869 1302 2890 l'ossrx.
