2064 3159
254 129 306 163 199

838 131 868 161 S.
893 133 1039 163 ISIDORI
1059 133 1281 164 PELUSIOTzE

1830 139 1854 170 2i
1859 139 1882 168 III

253 195 382 216 manuum
397 187 594 225 impositionem
612 188 639 215 in
657 188 744 216 sacris
756 188 953 217 initiationibus
968 196 1037 217 com-

1096 190 1236 225 Πνεύματι
1251 190 1301 222 τὰς
1316 190 1482 226 χειροθεσίας
1499 191 1549 226 τῆς
1564 192 1759 227 μυσταγωγίας
1775 193 1882 230 ἐπιτρέ-

251 234 416 262 mittentem.
430 234 468 261 Ac
477 233 616 268 siquidem
630 234 839 263 calumniatores
854 240 936 272 agunt
949 256 957 269 ,
985 237 1040 263 vim

256 278 381 307 Numinis
402 279 526 306 ultricem
548 279 575 307 in
600 281 704 316 seipsos
722 282 884 310 attrahunt:
908 283 1040 316 siquidem

255 334 264 350 ι
280 324 377 352 Perdet
390 325 458 351 Deus
472 332 567 352 omnes
579 326 624 360 qui
638 326 783 361 loquuntur
799 327 967 355 mendacium
981 328 1014 354 ³⁸.
1029 337 1038 354 ι

251 370 298 398 Sin
312 375 401 396 autem
420 378 483 397 vera
508 370 655 405 loquuntur
671 391 679 404 ,
706 380 788 400 nosce
811 380 891 407 quem
910 373 943 400 ad
960 373 1040 401 tinem

251 415 344 442 tendat
365 415 415 442 boc
440 415 539 442 malum
554 435 562 448 ,
593 417 665 451 quod
689 417 880 445 contumeliam
906 417 932 445 in
956 417 1040 445 Deum

248 460 347 494 exiguo
367 460 444 488 lucro
467 461 650 489 commutasti.
678 462 711 489 Et
736 463 798 496 quis
824 470 873 498 pro
897 467 922 490 te
940 463 1040 496 orabit,

249 507 465 541 quandoquidem
482 514 531 534 nec
548 514 595 542 pro
611 507 698 542 Opltni
711 513 738 535 et
755 508 870 536 Phinees
882 509 927 544 qui
945 509 1041 537 adver—

248 560 294 580 sus
312 553 395 580 Deum
429 554 569 588 ipsiusque
594 554 776 582 sacerdotium
813 561 993 589 peccaverant
1006 555 1039 588 ³⁸,

248 598 373 626 iuventus
397 603 439 626 est
459 599 602 634 quisquam
618 619 625 632 ,
656 600 701 634 qui
734 601 918 634 deprecatoris
949 606 1040 636 partes

247 645 418 678 susciperet,
442 652 535 672 verum
562 645 587 672 in
610 650 763 673 extremum
787 647 919 679 exitium,
942 651 972 673 ut
996 654 1040 674 sa-

248 691 359 717 cerdotii
383 690 541 725 dignitatem
558 691 702 725 prodentes
718 712 726 725 ,
752 692 865 726 conjecti
884 692 970 719 sunt?

275 745 383 773 XXVII.
397 761 432 766 ——
443 745 678 775 PHARISMANIO
694 747 858 776 EUNUCHO
871 747 1019 776 PALATII.

280 800 368 827 Audio
386 806 410 828 te
427 802 452 828 in
472 802 623 829 divinorum
640 803 769 831 librorum
789 804 962 832 meditatione
983 811 1041 832 ver-

1093 238 1188 263 ποντα.
1206 235 1261 261 Καὶ
1281 236 1305 262 εί
1322 235 1371 270 μὲν
1388 236 1595 270 συκοφαντοῦσι,
1623 237 1684 264 καθ’
1703 237 1809 264 ἑαυτῶν
1832 239 1881 265 επ-

1092 279 1245 306 εσπάσαντο
1257 279 1305 315 τὴν
1317 280 1405 315 δίκην,
1420 281 1513 317 ἐπειδὴ
1528 291 1536 307 ι
1553 282 1649 308 ἀπολεῖ
1658 281 1761 317 Κύριος
1778 282 1882 315 πάντας

1095 324 1321 356 τοὺςλαλοῦντας
1334 325 1364 352 τὸ
1378 326 1483 360 ψεῦδος.
1502 335 1511 351 ι
1532 327 1563 353 Et
1574 326 1603 353 δὲ
1617 326 1790 362 ἀληθεύουσι,
1799 327 1883 361 γνῶθι

1091 367 1120 397 οἷ
1132 371 1244 407 τελευτᾷ
1257 371 1287 397 τὸ
1299 371 1394 403 κακὸν,
1414 372 1456 398 ὅτι
1476 372 1574 407 μικροῦ
1592 373 1704 408 κέρδους
1721 373 1751 399 τὸ
1764 373 1805 405 εἰς
1817 373 1883 400 Θεὸν

1092 417 1213 452 ὑϐρίζειν
1224 417 1402 453 ἀντήλλαξας.
1418 418 1474 445 Καὶ
1491 418 1532 450 τις
1545 419 1723 453 προσεύξεται
1741 420 1804 454 περὶ
1820 419 1881 452 σοῦ,

1091 462 1184 498 ἐπειδὴ
1199 463 1267 499 μήτε
1284 464 1348 499 περὶ
1370 463 1452 499 Ὸφνὴ
1465 464 1513 490 καὶ
1526 465 1628 497 Φινεὲς,
1644 465 1683 496 είς
1694 464 1760 491 Θεὸν
1777 465 1823 492 κα¹ι
1834 465 1884 500 τὴν

1091 508 1173 535 αὐτοῦ
1189 509 1367 544 ἁμαρτόντων
1384 509 1545 546 ῑερωσύνην,
1558 510 1656 547 εὑρέθη
1671 519 1715 542 τις
1732 511 1882 546 πρεσϐευό-

1092 563 1181 590 μενος,
1193 555 1251 582 ἀλλ*
1262 555 1303 587 εις
1313 555 1426 590 ἔσχατον
1442 555 1563 591 ὄλεθρον,
1581 556 1620 588 ὡς
1634 556 1664 583 τὺ
1679 556 1764 593 γέρας
1781 557 1882 592 προπί-

1090 609 1180 633 νοντες
1192 601 1241 636 τῆς
1253 601 1412 637 ἱερωσύνης,
1426 601 1574 637 ὲδὸθησαν;

1091 742 1152 769 KZ’.
1165 757 1200 762 —
1212 743 1423 779 ΦΑΡΙΣΜΔΝῙῼ
1436 743 1599 779 ΕΥΝΟΥΧῼ
1614 743 1683 770 ΤΟΥ
1694 742 1881 770 ΠΑΛΑΤΙΟΥ.

1126 799 1232 826 Ἀκούω
1244 808 1273 826 σε
1286 801 1344 832 ταῖς
1356 800 1443 832 θείαις
1458 800 1564 832 Βίϐλοις
1579 800 1740 836 ὲμμελετᾷν,
1757 800 1805 826 καὶ
1822 801 1884 831 ταῖς

247 847 301 873 sari
315 865 323 878 ,
348 854 494 882 eoruntque
518 848 681 875 testimoniis
704 850 847 877 commode
870 849 902 877 ad
929 850 1037 885 quosvis

1091 845 1180 872 αὐτῶν
1192 846 1343 881 κεχρῆσθαι
1360 846 1525 881 μαρτυρίαις
1545 847 1682 882 ἁρμοδίως
1702 845 1770 882 πρὸς
1789 846 1881 873 ἃπαν-

247 892 285 918 uti
301 901 307 918 :
328 900 421 919 verum
440 893 562 921 avaritia:
585 894 695 921 studere
707 913 716 926 ,
740 898 822 929 atque
843 896 869 922 in
887 896 973 924 aliena
991 897 1039 924 bo-

249 944 282 962 na
308 936 404 963 insano
432 938 548 972 quodam
576 938 675 973 impetu
705 939 781 967 ferri.
808 941 847 968 Ac
870 941 936 968 mibi
963 941 1041 969 valde

248 981 341 1007 mirari
358 981 453 1014 subit,
472 982 516 1016 qui
537 981 638 1010 factum
653 983 708 1016 sit,
737 989 766 1011 ut
788 985 898 1013 divinus
922 993 1000 1013 amor
1015 991 1041 1014 te

246 1024 358 1052 minime
371 1027 518 1059 sauciarit,
534 1035 583 1055 nec
597 1035 629 1055 ex
645 1029 752 1056 assidua
771 1030 903 1063 lectione.
919 1031 1042 1059 volunta-

247 1071 282 1098 tis
307 1077 387 1107 atque
412 1072 528 1100 instituti
553 1075 732 1103 mutationem
763 1076 894 1110 en'ecerit,
922 1078 967 1113 qui
988 1086 1040 1105 nou

247 1118 327 1144 modo
341 1118 427 1146 aliena
446 1119 639 1154 concupiscere
652 1125 725 1148 vetat
737 1141 745 1154 ,
767 1122 814 1150 sed
833 1124 915 1150 etiam
933 1124 1041 1159 propria

247 1170 375 1198 spargere
400 1170 501 1193 monet.
524 1165 615 1199 Quare
639 1171 685 1194 aut
713 1167 804 1203 legens
824 1176 942 1204 agnosce
957 1188 964 1202 ,
993 1175 1041 1198 aut

247 1217 300 1236 nou
324 1218 472 1246 agnoscens
491 1211 558 1247 lege.

384 1255 502 1286 XXVIII.
519 1273 554 1279 —
568 1258 715 1287 EUSEBIO
738 1259 914 1289 EPISCOPO.

275 1298 458 1328 Venerandum
482 1306 505 1329 el
523 1309 678 1338 comparatu
697 1303 809 1338 difﬁcile
833 1305 1019 1335 sacerdotium.

282 1357 424 1385 Multarum
446 1366 537 1386 rerum
556 1367 632 1388 amor
656 1360 682 1388 In
703 1361 802 1388 animis
822 1362 931 1390 oritur:
952 1368 980 1391 at
993 1371 1040 1391 vo-

245 1402 376 1430 luntatem
400 1411 453 1431 non
484 1406 654 1439 comitatur,
676 1411 724 1439 ut,
746 1413 806 1434 cum
829 1407 962 1442 ejusmodi
986 1413 1039 1444 est,

245 1447 279 1473 ad
300 1455 379 1482 quem
396 1449 540 1483 pervenire
551 1450 695 1486 quisquam
711 1457 838 1488 nequeat.
859 1453 953 1489 Neque
967 1455 1039 1483 enim

245 1500 357 1528 regnum
368 1514 375 1526 ,
391 1495 514 1530 quisquis
529 1496 599 1529 vult,
615 1499 806 1533 consequitur;
832 1507 881 1527 nec
909 1507 974 1535 opes
990 1509 1041 1528 nec

1091 899 1139 922 τας
1153 890 1220 927 (‘27),
1238 889 1308 918 εἶναι
1336 891 1364 918 δὲ
1387 892 1561 927 πλεονέκτην,
1586 893 1632 919 καὶ
1653 893 1708 924 τοῖς
1733 891 1884 927 ἀλλοτρίοις

1091 937 1300 972 ὲπιμαινόμενον
1316 936 1393 972 βίοις.
1410 938 1464 964 Καὶ
1479 938 1548 965 πάνυ
1572 947 1616 973 μοι
1631 937 1783 973 Θαυμάζειν
1797 937 1882 972 ἐπέρ-

1091 991 1178 1018 χεται,
1195 983 1235 1009 ὅτι
1249 992 1278 1009 σε
1294 984 1308 1010 ὁ
1329 983 1400 1016 θεῖος
1414 983 1483 1018 ἔρως
1499 984 1550 1010 οὐκ
1566 984 1687 1019 ἔτρωσεν
1700 985 1732 1011 ὲκ
1751 983 1802 1018 τῆς
1818 992 1882 1010 συν-

1090 1029 1168 1063 εχοῦς
1183 1029 1373 1063 ἀναγνώσεως,
1392 1029 1546 1065 μεταϐολὴν
1562 1029 1612 1064 τῆς
1627 1029 1784 1065 προθέσεως
1800 1030 1883 1064 ἔργα·

1092 1075 1219 1110 σάμενος,
1248 1076 1262 1102 ὀ
1275 1074 1312 1110 μὴ
1332 1077 1411 1110 μόνον
1423 1076 1478 1102 τῶν
1500 1075 1649 1112 ἀλλοτρίων
1670 1076 1781 1102 κωλύων
1804 1076 1881 1112 ὲρᾷν,

1090 1121 1158 1149 ἀλλά
1175 1122 1222 1148 καὶ
1235 1121 1270 1148 τά
1282 1121 1418 1156 προσόντα
1432 1122 1590 1157 σκορπίζειν
1609 1121 1753 1148 νουθετῶν.
1775 1121 1810 1148 Ἢ
1825 1121 1881 1148 τοί-

1091 1176 1137 1194 νυν
1150 1166 1345 1202 ἀναγινώσκων
1358 1167 1499 1201 ὲπίγνωθι,
1516 1167 1532 1203 ῆ
1549 1168 1586 1203 μὴ
1605 1167 1795 1202 ἐπιγινώσκων
1811 1167 1881 1194 ἀνά-

1089 1212 1185 1247 γνωθι.

1239 1258 1308 1285 κιιν.
1321 1273 1356 1278 -
1371 1257 1516 1294 ΕΥΣΕΒΙῼ
1535 1258 1718 1294 ΕΠΙΣΚΟΠῼ.

1163 1303 1228 1331 Ὀτι
1245 1304 1372 1339 φρικτὸν
1389 1304 1438 1330 καί
1451 1303 1634 1339 δυσέφικτον
1646 1304 1807 1338 ιερωσύνη.

1125 1360 1235 1387 Πολλῶν
1250 1360 1356 1392 πολλοῖς
1368 1360 1438 1396 ἔρως
1449 1361 1588 1395 ἐγγίνεται
1601 1360 1668 1396 (28).
1679 1360 1709 1386 οὺ
1722 1360 1882 1396 συνέρχεται

1089 1407 1148 1438 ταῖς
1165 1406 1282 1442 βουλαῖς,
1297 1406 1336 1437 ὡς
1346 1406 1502 1441 ἀνέφικτος.
1519 1405 1588 1433 Οὔτε
1605 1406 1658 1442 γὰρ
1673 1406 1813 1441 βασιλείας
1826 1407 1882 1437 πᾶς

1089 1452 1103 1478 ὁ
1120 1451 1280 1486 βουλόμενος
1294 1452 1446 1486 ἐφικνεῖται
1458 1470 1466 1484 ,
1491 1450 1553 1478 οὔτε
1568 1451 1738 1486 περιουσίας,
1756 1450 1818 1478 οὗτε
1836 1460 1882 1478 συ-

1090 1496 1185 1530 ζυγίας
1201 1494 1235 1532 ἦς
1250 1496 1383 1531 βούλεται.
1400 1497 1431 1524 EI
1444 1496 1543 1529 τοίνυν,
1558 1496 1595 1528 ὡς
1609 1496 1672 1532 φὴς,
1692 1497 1740 1523 καὶ
1753 1496 1880 1531 Ζώσιμος

245 1539 399 1574 conjugium
417 1541 496 1574 quale
518 1541 583 1568 vult.
606 1542 786 1575 Quamobrem
807 1545 828 1571 si
845 1544 986 1578 Zosimus,
1010 1550 1037 1573 ut

1090 1543 1238 1579 εἰσφρῆσαι
1257 1544 1351 1570 ἑαυτὸν
1367 1542 1415 1570 τοῦ
1428 1542 1496 1570 Θεοῦ
1515 1543 1675 1578 μυστηρίοις
1692 1543 1879 1579 ἀναισχύντως

244 1585 359 1618 scribis,
378 1586 548 1620 impudenter
570 1589 689 1623 seipsum
702 1609 710 1622 ,
730 1597 763 1617 ac
784 1597 832 1624 per
850 1591 918 1625 vim,
944 1592 971 1619 iu
991 1592 1038 1620 Dei

245 1632 374 1667 mysteria
395 1633 542 1661 immittere
557 1639 690 1668 conatur,
709 1636 852 1672 diligenter
872 1644 937 1665 cura
956 1642 985 1664 ut
998 1637 1038 1665 in-

243 1676 364 1710 telligat,
383 1676 430 1704 Dei
445 1678 572 1713 templum
588 1679 702 1714 leprosis
726 1681 820 1708 taudiu
835 1681 957 1709 clausum
967 1689 1036 1715 esse,

245 1723 332 1757 quoad
348 1728 514 1751 contractum
534 1732 566 1752 ex
584 1727 679 1754 morbo
696 1727 789 1754 vitium
810 1728 991 1756 absterserint
1002 1729 1035 1755 ".

270 1779 366 1808 XXIX.
383 1795 419 1802 —
441 1780 544 1810 LUCIO
584 1782 720 1811 PELUSII
735 1784 1004 1813 ARCIIIDIACONO.

560 1829 602 1855 Ad
614 1837 718 1857 avaras.

280 1880 308 1909 Si
330 1883 475 1910 venerandi
491 1883 584 1912 altaris
607 1885 712 1913 diaconi
731 1886 851 1922 episcOpi
864 1887 934 1914 oculi
963 1891 1036 1920 sunt,

243 1928 364 1962 profecto
387 1937 448 1956 cum
472 1936 498 1957 tu
517 1930 562 1957 Dei
584 1932 717 1966 permissu
745 1933 810 1967 ipsis
836 1934 949 1967 prmsis,
967 1938 1039 1962 totus

243 1973 338 2000 oculus
354 1981 415 2000 esse
428 1975 755 2009 dcbes,quemadmodum
773 1977 901 2004 animalia
917 1978 962 2006 illa
975 1979 1036 2013 plu-

244 2019 320 2046 rimis
335 2018 420 2058 oculis
433 2021 573 2054 prauita"
584 2021 722 2058 (quoniam
738 2023 820 2050 etiam
830 2024 1038 2058 propinquitatis

243 2065 276 2091 ad
294 2065 374 2092 Deum
390 2066 493 2093 ratione
507 2087 515 2099 .
531 2074 563 2094 ea
580 2068 697 2095 imitaris
711 2087 718 2100 ,
735 2075 787 2095 non
802 2069 856 2095 vita
868 2088 875 2101 ,
895 2073 925 2096 ut
943 2069 1033 2102 audio,

243 2110 289 2137 sed
303 2111 359 2138 sola
383 2112 503 2140 muneris
519 2112 588 2140 sacri
611 2112 771 2149 function‘e),
790 2121 822 2141 ac
849 2121 900 2140 non
934 2114 1038 2148 impro-

243 2156 285 2183 bis
309 2156 405 2184 studiis
428 2161 509 2191 atque
532 2157 671 2191 consiliis,
701 2162 728 2185 et
751 2158 940 2186 honorandum
961 2158 1036 2186 illum

1090 1588 1225 1623 βιάζεται,
1242 1589 1352 1624 μαθέτω
1366 1589 1411 1616 διὰ
1424 1589 1474 1625 τῆς
1486 1589 1629 1626 ἀκριὸείας
1644 1597 1703 1622 σου,
1715 1589 1756 1616 ὅτι
1768 1588 1881 1625 λεπροῖς

1089 1635 1103 1661 ὁ
1124 1635 1171 1661 τοῦ
1191 1633 1259 1661 Θεοῦ
1281 1635 1344 1666 ναὸς
1365 1634 1552 1666 ἀποκλείεται,
1577 1634 1673 1670 μέχρις
1700 1634 1734 1662 ἂν
1757 1634 1807 1670 τὴν
1829 1633 1879 1661 τοῦ

1089 1680 1192 1713 πάθους
1211 1680 1302 1714 λώϐην
1320 1679 1543 1716 ἀποσμήξωνται.

1113 1781 1177 1809 ΚΘ.
1195 1796 1229 1801 —
1243 1780 1375 1816 ΛΟΥΚΙῼ
1395 1780 1631 1816 ΑΡΧΙΔΙΑΚΟΝῼ
1653 1780 1862 1808 ΠΗΛΟΥΣΙΟΥ.

1241 1826 1319 1860 Πρὸς
1333 1827 1533 1860 φιλαργυρίαν
1549 1826 1728 1858 νοσοῦντας.

1124 1883 1156 1910 El
1170 1881 1304 1918 ὀφθαλμοὶ
1319 1882 1469 1909 ἐπισκόπου
1485 1883 1664 1918 τυγχάνουσιν
1680 1883 1705 1910 οἱ
1717 1883 1764 1910 τοῦ
1778 1883 1879 1911 σεπτοῦ

1089 1928 1281 1964 θυσιαστηρίου
1295 1928 1422 1961 διάκονοι,
1438 1928 1470 1955 σὺ
1485 1929 1514 1955 δὲ
1525 1928 1628 1955 τούτων
1644 1928 1714 1955 κατά
1735 1929 1879 1965 συγχώρη-

1089 1983 1131 2001 σιν
1146 1974 1214 2001 Θεοῦ
1233 1974 1338 2010 ἄρχεις,
1355 1975 1413 2006 ὅλος
1434 1974 1572 2010 ὀφθαλμὸς
1597 1974 1715 2009 ὀφείλεις
1733 1975 1878 2011 ὑπάρχειν,

1087 2020 1171 2052 ὡςτά
1183 2019 1239 2052 ζῶα
1254 2020 1435 2056 πολυόμματα
1473 2020 1577 2057 (ἐπειδὴ
1603 2021 1650 2047 καὶ
1665 2022 1698 2056 τῇ
1720 2021 1789 2057 πρὸς
1813 2021 1880 2058 [τὸν]

1088 2065 1153 2093 Θεὸν
1169 2067 1260 2092 ἐκεῖνα
1280 2067 1351 2102 μιμῇ
1367 2066 1423 2101 (29)
1443 2066 1585 2101 ὲγγύτητι,
1601 2066 1663 2102 οὐχὶ
1681 2066 1741 2102 βίῳ,
1756 2067 1794 2098 ὡς
1810 2076 1880 2102 μαν-

1088 2111 1171 2144 θάνω,
1187 2111 1256 2138 ἀλλὰ
1271 2111 1340 2148 μόνῃ
1355 2112 1386 2146 τῇ
1407 2111 1585 2147 λειτουργία),
1615 2112 1663 2138 καὶ
1687 2111 1724 2147 μὴ
1745 2112 1881 2144 σκοτίζειν

1087 2158 1143 2189 τοῖς
1158 2156 1270 2191 φαύλοις
1290 2156 1499 2191 ἐπιτηδεύμασι,
1523 2157 1570 2183 καὶ
1595 2157 1641 2183 τὸν
1659 2157 1750 2192 τίμιον
1775 2158 1880 2184 ἐκεῖνον

243 2201 356 2228 chorum
370 2210 401 2229 ac
417 2203 586 2236 sodalitium,
601 2208 629 2230 et
654 2204 807 2238 episcopum
826 2204 878 2239 10
893 2204 940 2231 tibi
955 2208 1037 2231 teme-

1089 2202 1181 2230 θίασον
1195 2202 1241 2229 καὶ
1267 2202 1359 2238 χορδν,
1379 2202 1425 2229 καὶ
1445 2201 1491 2228 τὸν
1516 2201 1676 2237 πειθόμενόν
1701 2210 1742 2229 σοι
1759 2203 1882 2238 ἀκρίτως

244 2255 273 2275 re
294 2255 327 2275 ac
358 2248 417 2275 sine
449 2249 550 2283 judicio
582 2256 684 2277 morem
709 2254 844 2285 gerentem
872 2250 1034 2281 obscurare,

243 2294 421 2329 divinumque
438 2295 588 2323 sacrarium
609 2303 658 2330 per
673 2295 815 2322 avaritiam
834 2295 1033 2327 contaminare,

243 2340 306 2367 dum
329 2348 394 2375 opes
411 2341 457 2368 tibi
471 2341 520 2376 ipsi
547 2349 594 2377 per
615 2342 792 2369 nummariam
806 2348 934 2368 manuum
948 2341 1034 2375 impo-

241 2386 366 2414 sitionem
388 2387 502 2422 aggeris.
526 2387 656 2415 Dominus
677 2388 748 2415 enim
766 2395 814 2415 eos
829 2407 835 2418 .
862 2387 907 2422 qui
930 2387 1034 2414 colum-

241 2432 290 2460 bas
306 2433 478 2466 vendebant,
499 2433 589 2469 ﬂagris
610 2441 625 2460 a
643 2434 741 2468 templo
756 2433 903 2469 expulit".
936 2432 1037 2466 Quam-

241 2478 334 2506 obrem
371 2486 405 2506 ne
435 2484 462 2506 tu
479 2487 585 2514 quoque
614 2481 707 2508 eodem
730 2480 810 2507 modo
835 2477 1036 2510 submovearis,

1089 2249 1249 2280 ἐπίσκοπον,
1268 2249 1316 2275 καὶ
1340 2248 1461 2283 χραίνειν
1489 2248 1519 2274 τὺ
1535 2248 1610 2280 ,θεῖον
1725 2248 1878 2284 πλεονεξίᾳ,

1088 2294 1136 2321 καὶ
1149 2294 1247 2330 πόρους
1263 2294 1367 2329 σεαυτῷ
1378 2294 1432 2322 ἀπὸ
1446 2295 1529 2329 τιμῆς
1544 2294 1716 2329 χειροτονιῶν
1731 2294 1876 2329 ἁθροίζειν.

1087 2339 1158 2371 Τοὺς
1178 2340 1232 2374 γὰρ
1250 2339 1407 2371 πωλοῦντας
1427 2339 1477 2371 τὰς
1501 2340 1665 2376 περιστερὰς
1683 2339 1809 2372 ὲξέῦαλεν
1825 2341 1880 2366 ἀπὸ

1087 2384 1135 2412 τοῦ
1163 2384 1229 2412 ναοῦ
1253 2385 1385 2420 μαστίξας
1407 2386 1421 2411 ὁ
1443 2386 1554 2420 Κύριος.
1581 2387 1640 2413 Ἵνα
1661 2386 1751 2412 τοίνυν
1770 2385 1807 2421 μὴ
1831 2387 1880 2412 σὺν

1089 2430 1204 2462 ἐκείνοις
1217 2430 1319 2466 ὠσθῇς,
1332 2430 1436 2458 παῦσαι
1450 2430 1523 2458 οὕτω
1541 2431 1676 2464 πλουτῶν,
1698 2432 1745 2458 καὶ
1763 2431 1829 2466 ὕλην
1841 2431 1878 2466 τῷ

1093 2476 1215 2512 μέλλοντι
1228 2476 1379 2512 ἑτοιμάζων
1392 2477 1468 2512 πυρί.

242 2526 334 2554 desine
354 2532 417 2560 opes
436 2526 472 2553 ita
490 2532 600 2561 augere,
620 2533 652 2553 ac
667 2526 809 2553 materiam
822 2524 980 2558 tuturoigni
992 2530 1099 2558 parare.

267 2585 290 2601 ³⁵
303 2585 375 2613 Psal.
394 2593 422 2618 ν,
441 2586 467 2613 7.
505 2585 551 2613 ³⁸1
568 2586 635 2621 Reg.
652 2594 684 2619 ιι,
699 2586 750 2618 ὄις
767 2593 804 2618 tv,
821 2585 864 2612 II.
896 2584 917 2600 ³⁷
933 2583 1020 2611 Levit.

1089 2591 1107 2615 ι,
1126 2583 1152 2611 4.
1191 2583 1213 2599 ³³
1224 2583 1324 2610 Ezech.
1343 2591 1364 2616 ι,
1377 2583 1425 2618 18;
1440 2588 1465 2611 et
1477 2592 1504 2617 ι,
1519 2585 1564 2612 η.
1603 2585 1625 2601 ³⁹
1638 2585 1716 2612 Joau.
1731 2593 1761 2618 ιι,
1777 2584 1820 2617 II,
1835 2585 1876 2614 I5.

796 2641 913 2671 VARle
933 2641 1126 2670 LECTIONES
1145 2641 1189 2670 ET
1207 2641 1326 2670 ΝΟΤιΕ.

278 2705 335 2742 (27)
352 2705 437 2744 _C.odd.
454 2706 533 2744 modo
546 2704 685 2744 memorati
698 2704 778 2744 ambo
795 2703 864 2744 πρὸς
877 2702 985 2744 ἅπαντα
1000 2703 1025 2744 iu

1089 2711 1138 2744 ion_
1144 2702 1330 2744 ἀποκλείεται.
1338 2702 1410 2744 legit,
1421 2703 1468 2730 sed
1477 2703 1698 2738 ἀποκέκλεισται,
1711 2704 1877 2741 suﬂ‘ragante

241 2737 337 2769 neutro
352 2741 451 2775 legunt.
465 2741 545 2767 Iidem
562 2741 588 2767 in
606 2741 657 2766 line
669 2739 788 2775 epistolis
803 2737 846 2765 illa
864 2738 944 2765 verba
958 2737 974 2773 ἢ
989 2737 1026 2772 μὴ
1082 2738 1183 2775 pariter
1200 2737 1346 2775 Δίιιιεξηιιιείἐ
1361 2738 1464 2775 Possm}:

240 2775 428 2810 ἐπιγινώσκων
438 2775 586 2809 ἀνάγνωθι,
599 2775 736 2801 omittuut.
752 2774 860 2801 Possm.

276 2807 332 2844 (⁸28)
346 2810 409 2838 Post
427 2807 577 2844 ἐγγίνεται,
594 2810 682 2837 insere
696 2810 764 2842 ἀλλ’,
779 2814 888 2836 auctore
903 2807 962 2844 cod.
974 2807 1028 2834 Alt.

244 2843 286 2871 cui
304 2843 516 2873 censentit'Vat.
535 2846 598 2872 649.
615 2844 663 2872 Hic
682 2846 762 2872 etiam
785 2851 857 2872 vers.
879 2843 1028 2876 penultimo

1083 2807 1160 2835 Vers.
1177 2808 1204 2835 9.
1221 2815 1242 2833 π

1764 2775 1871 2810 ιμῆσαι.

1119 2772 1175 2807 (29)
1203 2774 1243 2799 Ml
1267 2771 1297 2806 ᾔ.
1327 2772 1412 2800 Codd.
1439 2772 1498 2800 Vat.
1524 2772 1587 2805 649,
1617 2779 1644 2801 et
1663 2774 1716 2801 Alt.
1764 2775 1827 2810 ιμῆα

1119 2814 1160 2834 :rs.
1177 2808 1204 2835 9.
1221 2781 1373 2838 πλέονεξία,
1389 2808 1450 2838 cod.
1467 2808 1520 2835 Alt.
1534 2808 1712 2838 πλεονεξίαις.
1732 2783 1827 2838 ἕοεειιι

1770 2819 1838 2838 8511-

1258 2807 1373 2843 εονεξίᾳ,
1389 2808 1450 2838 cod.
1467 2808 1520 2835 Alt.
1534 2808 1712 2842 πλεονεξίαις.
