2064 3159
281 166 333 197 903

859 161 888 190 S.
911 161 1055 192 [SIDORI
1075 163 1292 193 PELUSIOT/E

1852 166 1903 198 2οξ

280 227 326 253 ait,
342 219 457 256 quaeris,
473 221 510 249 et.
523 216 546 245 si
560 216 690 251 propheta
707 214 765 251 ipse
781 219 857 246 erat.
873 217 999 250 quidnam
1017 217 1057 252 1]

1127 218 1263 254 Ἰωάννης,
1273 220 1320 245 καὶ
1330 220 1354 246 εί
1369 219 1511 255 προφήτης
1522 221 1536 246 ὁ
1549 220 1686 255 Ἰωάννης,
1699 220 1724 246 τί
1737 218 1770 255 ἦν
1788 221 1816 246 ὲν
1830 221 1905 256 αὐτῷ

281 265 436 302 prophetica
455 262 583 297 dignitate
605 260 720 295 amplius
745 265 772 288 et
793 261 967 289 excellentius
984 263 1066 291 hahe-

280 313 325 338 l.at
336 310 377 337 “i’
400 308 539 343 Siquidem
567 307 618 335 hoc
636 307 767 335 Dominus
791 307 869 335 dixit.
893 308 961 335 Audi
986 309 1066 343 igitur

279 357 371 392 paucis
392 355 482 383 verbis
502 353 620 390 plurima
637 363 644 381 :
662 353 765 382 Idcirco
789 354 875 388 major
894 355 964 383 inter
989 360 1066 383 natos

278 403 422 430 mulierum
439 400 579 432 Joannes,
604 400 667 435 quia
689 408 723 428 ex
746 400 804 435 ipso
822 406 946 428 materno
970 405 1064 428 ventre

279 448 441 475 vaticinatus
451 451 493 474 est
504 446 541 479 ⁵⁸,
561 452 642 481 atque
657 446 682 473 in
700 446 939 481 tenebrislabditus
952 468 959 480 ,
976 451 1003 474 el
1018 454 1063 475 oc-

277 493 411 524 cultatus,
427 492 516 520 lumen
532 511 539 524 ,
560 492 632 527 quod
645 497 775 525 venerat,
790 492 900 520 minime
920 492 1062 527 ignoravit.

278 539 335 567 lloc
349 544 439 566 autem
458 538 567 566 nomine
588 538 733 573 prophetas
748 538 900 570 antecellit,
917 539 987 573 quod
1002 546 1062 566 cum

277 593 405 619 quoque,
430 585 475 619 qui
501 584 721 619 praedicabatur,
748 584 774 611 in
797 591 878 612 carne
903 585 1061 619 conspexit:

276 639 355 664 quem
375 630 535 665 patriarchae
554 637 648 656 omnes
665 637 697 656 ac
723 630 869 665 prophetat,
898 637 945 664 per
957 630 1061 657 somnia

1116 263 1307 299 περισσότερον
1318 266 1456 299 προφήτου
1467 274 1474 298 ;
1482 266 1592 301 Ἐπειδὴ
1600 264 1680 292 τοῦτο
1687 266 1762 300 λέγει
1771 266 1784 291 ὁ
1791 266 1831 292 Κύ
1836 275 1902 301 ριος.

1117 309 1216 335 Ἄκουε
1230 310 1319 337 τοίνυν
1334 310 1447 338 πλεῖστα
1459 312 1487 338 ὲν
1503 311 1603 345 ὀλίγοις
1618 320 1626 327 ο
1647 311 1748 346 μείζων
1763 313 1792 338 ἐν
1805 320 1903 347 γεννη-

1115 356 1171 387 τοῖς
1194 357 1331 390 γυναικῶν
1344 357 1358 383 ὁ
1385 357 1519 392 Ἰωάννης,
1544 357 1636 393 ἐπειδὴ
1655 357 1686 390 ἐξ
1700 357 1784 393 αὐτῆς
1805 358 1903 393 νηδύος

1115 403 1252 438 μητρικῆς
1274 404 1473 440 προεφήτευσε,
1489 403 1536 430 καὶ
1552 405 1580 430 ἐν
1595 404 1685 430 σκότει
1703 404 1902 439 κρυπτόμενος,

1117 448 1147 474 ’τὸ
1159 448 1216 483 φῶς
1230 448 1316 481 ἐλθὸν,
1329 450 1378 475 οὐκ
1393 450 1521 484 ἠγνόησε.
1539 450 1736 486 Περισσὸτερον
1749 450 1777 476 δὲ
1796 458 1903 485 προφη-

1117 493 1182 526 τῶν,
1198 493 1227 520 τὸ
1238 494 1284 520 καὶ
1295 494 1375 521 αὐτὸν
1389 494 1450 521 ἰδεῖν
1461 495 1488 535 ὲν
1501 496 1582 530 σαρκὶ
1593 495 1638 521 τὸν
1651 495 1901 530 προφητευόμενον,

1116 538 1145 565 ὃν
1159 539 1259 571 πάντες
1275 540 1299 566 oi
1320 540 1488 576 πατριάρχαι
1507 541 1556 567 καλ¹
1572 542 1721 576 προφῆται,
1742 541 1774 567 δι’
1789 541 1903 576 ὀνείρων

1117 585 1167 619 μὲν
1187 585 1203 620 ἢ
1216 585 1352 612 ὀπασιῶν
1365 585 1582 621 ὲφαντάσθησαν,
1597 586 1734 622 θεωρῆσαι
1747 587 1776 613 δὲ
1790 586 1903 620 αὖτοψεὶ

1113 630 1163 656 οὐκ
1180 631 1322 667 ἐπέτυχον.

276 677 385 712 quidem
402 681 448 704 aut
465 676 585 704 visiones
601 682 712 710 quoquo
725 675 803 703 modo
816 675 1006 708 informarunt,
1038 675 1125 710 reipsa
1163 681 1251 704 autem
1283 682 1366 713 atque
1403 678 1489 706 oculis
1516 679 1669 714 perspicere
1710 679 1822 706 minime
1854 685 1906 714 po~

271 728 394 751 .tuerunt.

513 769 633 797 XXXIV.
649 783 684 790 -—-
701 768 814 796 EIDEM.

272 817 312 843 De
326 816 529 851 interrogatione
545 816 739 870 l’rcecursoris:
755 824 764 840 ι
782 815 820 842 Tu
836 823 862 843 es
881 815 927 850 qui
940 819 1062 843 venturus

625 865 628 868 .
645 858 672 870 ﬁl
726 859 736 870 I

625 858 736 878 -εδτι

311 907 369 934 ατη
381 907 462 942 esqui
471 911 602 934 venturus
610 913 648 938 es,
659 914 692 933 an
706 905 786 934 alium
801 895 1021 941 exspectamus“
1031 907 1056 934 ?|
1075 889 1097 916 Β

275 954 387 981 Domino
416 953 584 988 signiﬁcabat
603 952 719 980 Joannes
732 974 739 986 ,
755 960 815 980 cum
829 953 952 981 veritatis
966 961 1058 986 causa,

273 1003 354 1034 caput
373 999 398 1026 ei
414 998 607 1034 amputandum
622 1003 709 1030 esset,
731 1005 847 1033 suosque
869 999 1013 1034 discipulos
1027 999 1059 1026 ad

271 1052 332 1071 cum
352 1045 487 1071 adducere
507 1044 629 1071 studeret
643 1063 651 1076 ,
677 1044 721 1078 qui
742 1044 777 1071 ob
804 1049 958 1071 accuratam
980 1049 1060 1078 atque

271 1091 397 1117 niimibus
421 1090 529 1117 virtutis
551 1090 670 1117 numeris
691 1090 842 1117 absolutam
858 1090 943 1124 ipsius
964 1090 1059 1123 vitam,

271 1137 304 1162 ad
317 1136 398 1170 ipsius
408 1135 589 1163 testimonium
602 1155 610 1168 ,
626 1143 687 1162 nuru
698 1136 825 1163 Dominus
836 1143 868 1163 eo
882 1135 967 1170 major
977 1141 1058 1168 esset,

270 1181 454 1216 ambigebant.
474 1180 562 1215 Atque
583 1180 608 1207 id
632 1180 761 1207 Dominus
783 1187 831 1214 per
847 1187 878 1206 ea
892 1187 951 1214 qua:
966 1180 1058 1207 statim

271 1226 335 1253 fecit
346 1247 354 1260 ,
372 1226 581 1258 demonstravit,
601 1233 662 1253 cum
678 1225 820 1260 permulta
837 1225 965 1252 miracula
977 1224 1056 1251 Joan-

273 1272 315 1299 nis
333 1271 515 1299 testimonium
537 1271 742 1306 comprobavit:
764 1278 864 1305 eosque
884 1271 928 1305 qui
948 1269 1059 1297 Joannis

271 1317 361 1344 verbis
379 1316 534 1344 diiiidebant
544 1337 551 1350 ,
569 1316 605 1343 ita
628 1317 752 1349 dimisit,
766 1321 795 1343 ut
809 1315 893 1343 oculis
908 1320 987 1350 atque
1001 1315 1058 1350 ipso

270 1366 380 1398 aspectu
397 1361 586 1390 conﬁrmatum
601 1361 733 1389 haberent
754 1361 780 1388 id
807 1361 879 1396 quod
893 1360 1003 1388 auribus
1016 1368 1058 1388 ac-

271 1419 294 1436 u
303 1413 430 1481 per-«£1:-x
438 1437 466 1481 ir.
479 1468 515 1474 _
527 1451 724 1481 τηεουοειο
742 1452 966 1481 IMPERATORI.

303 1512 332 1539 Si
350 1511 452 1538 Christi
477 1519 589 1546 regnum
612 1511 723 1545 adipisci
744 1510 852 1544 studes,
868 1511 939 1546 quod
959 1519 1056 1539 corm-

1359 772 1420 798 AA’.
1439 787 1473 792 -
1488 772 1532 807 τᾳ
1551 771 1652 807 arra.

1115 817 1183 852 Περὶ
1209 818 1264 853 τῆς
1283 818 1455 852 ἐρωτήσεως
1475 818 1529 846 τοῦ
1548 818 1722 852 Προδρόμου
1739 826 1745 832 ·
1766 816 1827 844 (Σὺ
1842 813 1902 843 εἶά

1402 854 1564 889 ἐρχόμενος
1575 863 1584 886 ;
1599 863 1607 878 ι

1152 918 1160 933 ε
1182 909 1218 935 Σὺ
1242 907 1266 935 εἷ
1285 910 1299 935 ὁ
1322 910 1487 945 ἐρχόμενος,
1508 910 1524 945 ἢ
1541 909 1633 944 ἕτερον
1657 907 1870 944 προσδοκῶμεν;
1889 916 1899 932 ι

1119 954 1245 990 Ἰωάννης
1260 955 1300 990 τῷ
1317 956 1413 991 Κυρίῳ
1435 956 1541 990 ἐδήλου,
1562 955 1631 989 ὑπὲρ
1651 953 1778 989 ἀληθείας
1802 952 1902 979 ἀποτέ-

1115 1000 1228 1033 μνεσθαι
1248 999 1363 1034 μέλλων,
1378 1000 1424 1026 καὶ
1443 999 1506 1031 τοὺς
1521 999 1637 1030 οἰκείους
1650 997 1756 1034 [αὑτοῦ]
1775 997 1901 1032 μαθητὰς

1113 1046 1298 1080 προσαγαγεῖν
1323 1045 1490 1078 σπουδάζων,
1516 1044 1736 1080 ἀμφιϐάλλοντας
1758 1043 1826 1078 πρὸς
1850 1042 1901 1078 τὴν

1113 1090 1195 1117 αὐτοῦ
1214 1092 1376 1127 μαρτυρίαν,
1398 1093 1422 1118 εἰ
1442 1091 1542 1127 μείζων
1562 1090 1635 1116 ἐστὶν
1654 1091 1668 1116 ὁ
1683 1089 1785 1124 Κύριος
1806 1088 1901 1114 Ἰωάν-

1111 1145 1158 1162 νου
1190 1137 1246 1173 [διὰ
1262 1137 1311 1173 τὴν
1326 1138 1428 1172 ἀκριὸἧ
1451 1137 1588 1164 πολιτείαν
1610 1135 1806 1171 Ἰωάννου],κα“ι
1820 1133 1901 1161 τοῦτο

1111 1184 1143 1210 δι’
1156 1179 1196 1210 ὧν
1211 1183 1291 1214 εὐθὺς
1312 1182 1429 1219 ἔπραξεν
1448 1184 1462 1210 ὁ
1483 1183 1585 1218 Κύριος
1602 1181 1696 1214 ἔδειξε,
1710 1182 1770 1212 ταῖς
1788 1180 1900 1211 πολλαῖς

1112 1227 1345 1263 θαυματουργίαις
1357 1227 1544 1261 ὲπαληθεύσας
1562 1226 1611 1261 τὴν
1636 1225 1787 1261 μαρτυρίαν
1807 1224 1899 1251 Ἰωάν-

1112 1281 1167 1305 νου,
1189 1273 1236 1300 καὶ
1255 1273 1315 1308 ὄψει
1332 1272 1557 1308 πιστωσαμένους
1576 1272 1625 1307 τὴν
1640 1271 1724 1307 ἀκοὴν
1746 1271 1809 1302 τοὺς
1833 1270 1899 1296 ἁπιο

1112 1318 1241 1352 στοῦντας
1253 1319 1409 1354 ἐκπέμψας.

1278 1454 1338 1481 AE’.
1357 1468 1392 1473 —
1407 1452 1570 1488 ΘΕΟΔΟΣΙῼ
1585 1451 1729 1479 ΒΔΣΙΔΕῙ.

1146 1512 1176 1538 Et
1191 1512 1239 1547 τῆς
1254 1509 1373 1546 Χριστοῦ
1391 1509 1528 1545 βασιλείας
1548 1509 1686 1544 ἀντιποιῇ,
1704 1507 1738 1543 ἢν
1758 1507 1774 1543 ἡ
1792 1506 1899 1542 ἄφθαρ-

273 1557 372 1591 ptionis
392 1557 481 1584 omnis
505 1563 602 1591 expers
625 1556 789 1591 perpetuitas
809 1560 937 1591 tanquam
958 1565 1056 1585 corona

1109 1567 1153 1590 τος
1169 1557 1282 1594 διαμονὴ
1296 1558 1432 1592 στεφανοῖ,
1446 1556 1492 1583 καὶ
1511 1555 1628 1582 ἔπαθλον
1641 1556 1689 1590 τῆς
1707 1553 1828 1589 φθαρτῆς
1839 1554 1897 1585 τοῖς

270 1603 371 1638 cingit,
390 1603 514 1637 quodque
541 1602 611 1629 Deus
626 1609 675 1637 pro
704 1603 807 1630 caduco
826 1603 940 1637 imperio
964 1603 997 1631 iis
1013 1604 1057 1638 qui

271 1649 400 1682 praeclare
422 1653 504 1682 atque
526 1648 639 1676 honeste
652 1648 724 1675 istud
739 1648 969 1681 administrarint,
990 1657 1059 1683 pra:-

271 1695 317 1721 ιιιἱί
334 1694 393 1721 loco
409 1693 570 1725 constituit,
590 1694 736 1728 potentiam
762 1698 834 1721 tuam
852 1695 1059 1723 mansuetudine

272 1748 302 1766 ac
319 1739 453 1766 suavitate
476 1744 617 1774 tempera,
642 1739 865 1774 convenientique
889 1741 1058 1776 dispersione

270 1793 338 1812 onus
353 1785 505 1812 divitiarum
522 1785 591 1813 leva.
614 1785 706 1820 Neque
730 1785 800 1813 enim
814 1786 933 1813 salvatur
951 1794 996 1813 rex
1012 1795 1058 1822 per

273 1830 382 1856 inultam
403 1830 551 1864 potentiam
566 1830 608 1857 "z
634 1838 721 1865 neque
749 1831 823 1865 impii
850 1831 1056 1860 simulacrorum

271 1877 359 1902 cultus
377 1875 480 1902 crimen
494 1874 641 1911 eﬂugit“,
662 1876 707 1910 qui
728 1875 805 1903 ﬂuxis
823 1875 919 1911 opibus
934 1877 1029 1911 parcit.

395 1931 512 1958 XXXVI.
529 1945 556 1952 --
574 1931 748 1959 ANTIOCDO
770 1931 928 1960 SPADONI.

307 1987 402 2021 Operae
417 1987 530 2020 pretium
547 1991 588 2013 est
607 1991 644 2020 te,
657 1994 716 2014 cum
729 1994 819 2014 sacros
829 1987 924 2015 Libros
938 1987 1056 2021 evolvas,

271 2038 352 2066 atque
366 2035 398 2059 -iu
413 2040 505 2059 eorum
517 2052 525 2064 .
539 2037 568 2059 ut
578 2033 672 2065 audio,
688 2033 804 2060 lectione
822 2033 929 2059 assidue
943 2033 1056 2066 haereus,

271 2077 422 2104 admirandi
436 2076 554 2104 Danielis
570 2077 710 2104 historiam
725 2084 804 2104 nosse
815 2078 854 2104 ’νς
869 2084 964 2111 nempe
975 2078 1055 2112 quod,

269 2131 331 2150 cum
352 2123 378 2149 iu
400 2122 495 2150 mediis
514 2122 616 2150 erroris
627 2122 752 2150 ﬂuctibus
771 2127 939 2155 versaretur,
954 2123 1056 2150 nullum

271 2172 360 2195 lulilCll
374 2168 472 2202 captivi
495 2168 612 2195 hominis
627 2167 752 2195 aﬂectum
765 2168 864 2200 subiit,
881 2175 913 2195 ne
930 2169 963 2195 ad
982 2169 1057 2196 cibos

269 2213 377 2247 quidem
398 2221 556 2240 communes
577 2221 682 2248 usque,
703 2222 816 2249 quorum
836 2213 973 2248 perceptio
997 2221 1055 2247 eos,

270 2259 314 2292 qui
335 2259 367 2285 iis
386 2258 539 2286 fruerentur
551 2278 559 2291 ,
574 2267 625 2286 non
643 2259 854 2286 contaminahat.
872 2259 910 2286 Ac
926 2259 1053 2293 quoniam

270 2312 322 2330 non
340 2305 418 2330 modo
436 2304 542 2338 imperii
563 2305 686 2332 minister
706 2312 755 2336 es.
783 2307 829 2332 sed
853 2305 940 2339 ipsum
969 2305 1052 2332 etiam

270 2349 400 2375 arbitratu
422 2354 466 2376 tuo
483 2357 515 2376 ac
536 2349 611 2376 libitu
630 2351 790 2383 moderaris,
818 2351 844 2377 in
866 2350 891 2377 id
909 2349 981 2377 omni
996 2355 1053 2377 stu-

303 2425 326 2441 “
343 2425 407 2453 Luc.
425 2434 472 2459 vn,
489 2426 533 2454 28.
567 2425 590 2441 “
605 2426 671 2454 Luc.
686 2435 705 2459 t,
720 2427 763 2454 15.
801 2426 824 2442 ⁸⁸
839 2425 957 2460 Luc.vn,
975 2425 1018 2453 19.
1053 2425 1057 2439 ¹

1109 2425 1161 2453 ‘sal.
1177 2433 1262 2459 xxx",
1280 2425 1324 2454 16.

1108 1605 1234 1641 χρηστῶς
1250 1604 1335 1639 αὐτὴν
1356 1603 1493 1630 διέπουσιν
1512 1602 1609 1636 ἔθηκεν
1623 1602 1636 1628 ὁ
1655 1600 1731 1632 Θεὸς,
1744 1599 1898 1634 ἠμερότητι

1109 1652 1188 1686 κίρνα
1204 1650 1253 1686 τὴν
1268 1649 1402 1682 ἐξουσίαν,
1421 1649 1468 1675 καὶ
1487 1648 1572 1674 δέοντι
1591 1646 1752 1682 σκορπισμῷ
1768 1645 1799 1671 τὸ
1815 1644 1897 1680 βάρος

1108 1697 1219 1730 κούφιζε
1233 1695 1281 1722 τοῦ
1303 1687 1417 1722 πλούτου
1435 1702 1442 1710 ⁸
1470 1693 1529 1720 οὔτε
1553 1692 1606 1728 γὰρ
1629 1691 1744 1723 σώζεται
1769 1690 1896 1725 βασιλεὺς

1107 1741 1151 1768 διὰ
1173 1741 1271 1776 πολλὴν
1291 1741 1423 1774 δύναμιν,
1450 1739 1511 1766 οὔτε
1536 1737 1742 1772 εἰδωλολατρίας
1764 1734 1894 1770 ικφεύγει

1107 1787 1236 1814 ἀσέϐειαν
1259 1787 1273 1813 ὁ
1286 1785 1332 1812 τοῦ
1347 1786 1453 1822 ῥέοντος
1469 1783 1582 1811 πλούτου
1599 1783 1766 1818 φειδόμενος.

1167 1931 1237 1964 AG’.
1250 1945 1286 1951 —-
1297 1929 1450 1964 ΑΝΤΙΟΧῼ
1464 1927 1628 1962 ΕΥΝΟΥΧῼ
1642 1924 1825 1952 ΠΑΛΑΤΙΟΥ.

1142 1986 1201 2022 Χρή
1216 1994 1245 2012 σε
1263 1984 1312 2017 τὰς
1331 1985 1408 2020 ἱερὰς
1430 1982 1638 2011 ἀναπτύσσοντα
1655 1982 1776 2012 Βίὸλους,
1796 1979 1843 2006 καὶ
1859 1979 1891 2014 τῇ

1107 2031 1195 2057 αὐτῶν
1216 2028 1442 2064 ἐγκαρτεροῦντα,
1469 2028 1506 2059 ὥς
1531 2035 1629 2062 φασιν,
1654 2025 1816 2060 ἀναγνώσει,
1841 2024 1891 2058 τὴν

1107 2077 1178 2104 κατὰ
1202 2075 1248 2102 τὸν
1271 2075 1422 2109 θαυμάσιον
1442 2073 1540 2108 Δανιὴλ
1568 2072 1688 2108 ἱστορίαν
1715 2071 1825 2101 εἰδέναι,
1849 2070 1890 2095 ὅτι

1108 2123 1191 2157 μέσος
1209 2121 1256 2148 τοῦ
1279 2120 1414 2151 κλύδωνος
1436 2119 1485 2154 τῆς
1509 2118 1613 2153 πλάνης
1634 2116 1790 2151 ίστάμενος,
1815 2114 1891 2141 οὐδὲν

1107 2167 1238 2202 ὑπέμεινε
1253 2165 1339 2196 πάθος
1352 2165 1524 2200 αἰχμάλωτον
1539 2164 1606 2198 (δι),
1622 2163 1682 2189 οὐδὲ
1697 2162 1778 2197 μέχρι
1799 2160 1891 2186 σιτίων

1106 2212 1160 2239 τῶν
1176 2211 1273 2239 κοινῶν
1288 2212 1328 2243 εἰς
1344 2210 1506 2246 μετάληψιν,
1521 2210 1568 2236 καὶ
1587 2209 1624 2244 μὴ
1646 2208 1808 2235 κοινούντων
1821 2206 1891 2233 κατὰ

1107 2259 1267 2293 περίστασιν
1282 2258 1344 2289 τοὺς
1360 2257 1533 2292 μετέχοντας.
1562 2255 1617 2282 Καὶ
1639 2254 1734 2289 ἐπειδὴ
1757 2253 1787 2279 οὐ
1810 2253 1891 2287 μόνον

1105 2304 1228 2335 διάκονος
1247 2303 1389 2338 τυγχάνεις
1409 2303 1459 2337 τῆς
1480 2301 1635 2336 βασιλείας,
1658 2300 1726 2327 ἀλλὰ
1746 2300 1794 2326 καὶ
1815 2299 1890 2332 ἄγεις

1105 2349 1188 2384 αὐτὴν
1203 2347 1294 2380 καθὼς
1310 2348 1409 2383 βούλει,
1424 2347 1541 2374 σπεῦσον
1560 2346 1718 2382 ἀναρρῶσαι
1734 2345 1764 2371 τὸ
1787 2345 1892 2371 δίκαιον

1372 2425 1394 2441 ⁸⁸
1411 2425 1508 2459 Ephes.
1527 2432 1552 2456 ν,
1569 2424 1596 2451 5.
1635 2424 1657 2440 ι’
1676 2423 1742 2450 Dan.
1759 2430 1778 2456 I,
1789 2422 1890 2456 Sseqq.

795 2486 914 2530 vinus
935 2499 1127 2529 LECTIONES
1146 2500 1190 2528 ET
1208 2500 1325 2529 Nona.

305 2579 359 2615 (ὖᾷ)
378 2579 475 2615 Πόθος
498 2578 695 2615 αἰχμάλωτον,
719 2584 747 2606 ct
764 2586 823 2615 mox
847 2579 894 2615 ,μὴ
914 2578 1049 2615 κοίῃ-οὐν-

269 2613 335 2642 my.
350 2615 394 2642 Sic
411 2618 438 2641 et
452 2613 539 2641 Paris.
555 2615 597 2640 ed.
615 2619 641 2640 et
652 2613 748 2642 anar.
764 2614 824 2641 cod.
847 2614 948 2647 hqgunt.
959 2613 1048 2645 Quare

269 2658 320 2676 nun
336 2652 418 2683 probo
426 2651 497 2683 quod
515 2649 623 2683 quidam
639 2655 704 2683 pro"
717 2649 758 2675 his
776 2649 890 2681 reponit,
906 2648 1048 2682 αἰχμαλώ-

269 2692 314 2710 του
330 2682 357 2710 ct
372 2685 418 2710 καὶ
435 2682 499 2718 μήν,
514 2682 636 2717 quauwis
653 2688 679 2709 et
692 2682 783 2710 Billius
794 2683 831 2709 ita
849 2683 946 2717 legisse
957 2683 1047 2710 videa-

271 2724 314 2745 tur
331 2719 356 2745 iu
380 2726 426 2745 sua
449 2718 687 2751 interpretatione;
713 2718 758 2751 qui
786 2725 835 2744 nec
858 2723 929 2744 recte
955 2718 1047 2744 omisit

271 2757 374 2780 vertere
399 2752 462 2779 illud
481 2752 551 2778 κατὰ
577 2752 746 2786 περίστασιν,
770 2753 838 2786 quod
859 2757 916 2783 est,
940 2760 986 2785 pro
1004 2760 1048 2778 ra-

271 2788 338 2814 tione
356 2785 622 2814 circumstantiamm.
637 2785 696 2813 Non
714 2785 792 2814 modo
806 2787 910 2820 imperii
925 2787 1049 2813 minister

270 2828 310 2852 cs,
326 2823 370 2848 sed
385 2823 468 2856 ipsqu
486 2822 565 2848 etiam
583 2826 627 2848 tuo
640 2821 769 2848 arbitratu
786 2829 816 2848 ac
831 2821 905 2848 libitu
923 2822 1047 2848 modera-

273 2857 318 2884 ris.
335 2856 399 2882 Nota
416 2857 458 2883 hic
467 2857 581 2884 eunuchi
591 2857 735 2890 potentiam
752 2857 797 2892 (ad
810 2856 962 2884 eunuchum
975 2856 1046 2884 enim

1103 2578 1193 2612 palatii
1212 2578 1260 2604 ista
1282 2576 1447 2611 scribuntur)
1473 2582 1499 2612 et
1520 2577 1580 2604 vide
1594 2584 1654 2612 quae
1671 2577 1770 2604 notabo
1793 2585 1824 2604 ex
1851 2577 1890 2604 hi-

1101 2610 1192 2640 etoriis
1206 2613 1274 2639 infra
1285 2613 1319 2639 ad
1332 2620 1375 2646 ep.
1395 2612 1458 2638 ‘21”.
1473 2610 1558 2638 Βιττ.

1135 2662 1149 2666 -
1187 2648 1215 2674 In
1235 2647 1312 2674 titulo
1325 2650 1387 2673 ante
1401 2647 1533 2673 Παλατίου
1546 2646 1675 2674 articulus
1691 2646 1749 2674 τοῦ.
1766 2647 1842 2674 Vers.
1861 2647 1888 2678 5,

1100 2682 1200 2718 Δανιὴλ
1218 2682 1244 2718 in
1260 2682 1320 2709 cod.
1338 2682 1391 2709 Alt.
1410 2690 1484 2708 more
1501 2681 1769 2718 Gra‘cgdecliun’tur,
1787 2681 1888 2718 Clullltf,

1101 2716 1191 2750 utpote
1218 2717 1243 2743 iu
1270 2722 1366 2751 quarto
1396 2724 1480 2748 casu,
1509 2716 1627 2750 Δανιῆλα
1655 2717 1794 2744 scribitur.
1813 2716 1887 2743 Vers.

1101 2753 1261 2783 undecimo.
1279 2759 1327 2786 pro
1344 2751 1384 2778 his
1403 2760 1409 2778 :
1434 2752 1515 2778 αὐτὸν
1534 2752 1656 2786 ὑπάρχον
1675 2751 1729 2781 τὸν,
1746 2758 1811 2782 ete.,
1825 2751 1887 2777 cod.

1102 2787 1156 2814 Alt.
1183 2785 1301 2813 scribit:
1325 2785 1375 2821 1M
1389 2787 1547 2821 ὑπάρχοντα
1572 2785 1696 2813 θάνατον.
1727 2786 1807 2821 Vers.
1825 2792 1887 2818 pen.

1103 2821 1348 2856 ὑπέρχεταικεοιί.
1370 2820 1427 2848 Vat.
1450 2820 1519 2854 ⁷649,
1549 2826 1576 2848 el
1592 2821 1657 2848 Cod.
1674 2821 1728 2847 Alt.
1745 2820 1885 2852 scribunt,

1102 2856 1256 2891 ἐπέρχεται.
1268 2855 1377 2885 Possm.
