2064 3159
199 148 252 181 205

646 146 913 177 EPISTOLARUM
933 145 1005 176 LIB.
1028 146 1050 176 Ι.
1071 159 1105 162 -
1125 146 1242 177 EPIST.
1263 147 1397 178 XXXIX.

1784 149 1836 181 206

200 202 356 230 καταπεσδν
382 202 454 238 πρὸς
472 201 624 242 ἀσθένειαν,
649 202 667 237 ἢ
696 202 796 237 μᾶλλον
820 201 888 237 πρὶς
912 201 987 228 αὖτδι

1046 201 1090 228 dio
1105 208 1135 228 ac
1152 201 1288 236 diligentia
1312 203 1439 230 incumbe
1452 205 1504 236 ,'ttl
1518 203 1650 239 justitiam
1665 204 1691 230 in
1710 206 1834 232 morhum

201 248 322 284 ὑπάρχον
335 248 384 274 τὸν
399 247 526 280 θάνατον,
546 247 590 274 ἵνα
603 247 634 274 τὺ
650 247 755 274 δίκαιον
776 247 859 283 εὕρῃς
878 247 991 281 εὐμενὲς

200 294 386 329 δικαστήριον,
402 294 428 320 εἰ
445 294 493 320 καὶ
503 294 550 320 νῦν
561 293 643 320 αὑτοῦ
663 293 794 325 πολλάκις
811 302 851 319 σοι
871 292 991 327 ἐνθύμη-

201 349 241 372 σις
264 340 313 375 οὐχ
331 340 493 375 ὑπέρῄται,
518 340 570 366 ὑπὸ
589 340 639 375 τῆς
661 339 817 374 ὑπερφυοῦς
842 338 992 370 φαντασίας

199 387 282 421 inter;
287 385 371 421 μένῳ.

353 519 415 545 ΛΖ’.
431 533 467 538 -
484 519 628 554 ΕΥΣΕΒΙῼ
648 518 833 553 ΕΠΙΣΚΟΠῼ.

235 564 357 596 Κτίζεις,
373 564 411 596 ὦς
426 573 519 598 φασιν,
539 564 686 599 ἐκκλησίαν
705 564 734 590 ὲν
756 561 908 598 Πηλουσίῳ,
922 561 992 596 λαμ-

199 610 271 645 πρὰν
291 610 341 644 μὲν
356 612 412 642 τοῖς
429 613 619 646 μηχανήμασι,
632 611 762 645 πονηροῖς
779 609 807 636 δὲ
823 610 878 640 τοῖς
895 609 992 642 ἐπιτη-

198 655 327 690 δεύμασι,
356 655 532 690 χειροτονιῶν
558 655 706 690 τιμήμασι,
730 655 777 680 καὶ
795 653 924 684 ἀδικίαις,
945 653 993 679 καὶ

199 700 312 735 ὕϐρεσιν
325 701 372 727 καὶ
385 701 510 735 πενήτων
523 701 684 735 ἐκπιεσμοῖς
694 721 701 733 ,
716 700 764 726 καὶ
780 700 928 733 πτωχικοϊς
943 699 991 725 δα-

199 747 368 781 πανήμασιν,
390 747 459 781 ὅπερ
480 746 557 773 οὐδέν
581 746 655 772 ἐστιν
676 742 779 781 ἓτερον,
801 746 818 781 ἢ
838 745 989 781 οἰκοδομεῖν

198 791 269 818 Σιὼν
288 792 318 817 ἐν
343 791 452 826 αἵμασι,
476 792 523 818 καὶ
557 791 734 827 Ἰερουσαλὴμ
756 793 785 818 ὲν
804 791 931 823 ἀδικίαις.
950 792 988 818 Οὐ

198 837 295 873 χρῄζει
311 836 340 863 δὲ
359 837 395 872 [ὁ]
420 837 486 869 Θεδς
506 837 536 870 ἐξ
555 837 704 873 ἀλλοτρίων
729 837 825 864 θυσίαν
840 837 906 871 (55),
924 836 992 863 ἀλλὰ

197 882 302 917 ταύτην
316 882 355 914 ὠς
370 882 502 917 θυόμενον
518 882 586 909 κύνα
601 882 767 917 μυσάττεται
784 890 791 897 ·
814 882 918 908 παῦσαι
932 881 987 907 τοί-

1042 881 1082 908 nis
1100 880 1177 908 bonis
1194 880 1311 908 conﬂato
1331 881 1396 908 nihil
1419 889 1486 916 opus
1504 883 1583 909 habet

197 937 246 954 vuv
266 927 316 954 καὶ
331 927 431 959 κτίζων
446 928 494 954 καὶ
508 927 620 960 ἀδικῶν,
639 927 684 955 ῖνα
700 928 737 963 μὴ
759 928 798 959 είς
822 927 932 962 ἔλεγχόν
948 936 988 953 σοι

200 973 253 999 ὑπὸ
276 972 346 999 θεοῦ
369 974 382 999 ὁ
406 970 480 1004 οἶκος
505 973 607 1004 ἐκεῖνος
632 973 730 1009 εὑρεθῇ
747 981 754 989 °
777 973 913 1008 μετέωρος
941 971 990 1007 μὲν

201 1020 357 1054 ίςτάμενος,
375 1019 518 1046 καταϐοῶν
528 1019 556 1045 δέ.
570 1028 616 1046 σου
634 1019 742 1051 αἰώνια,
759 1019 789 1051 ἐξ
803 1019 867 1045 οἵων
879 1017 990 1053 ἐκτίσθη

198 1065 310 1098 κακῶν,
333 1065 380 1091 καὶ
404 1065 469 1096 τοὺς
493 1065 689 1100 ἐστερημένους
715 1064 827 1100 μισθοὺς
852 1062 990 1095 ἀπαντῶν,

200 1111 248 1136 καὶ
261 1110 310 1145 τὴν
324 1111 430 1145 ἄμυναν
447 1110 500 1136 τῶν
521 1110 674 1145 βλαϐέντων
690 1110 789 1145 ζητῶν.

1045 247 1216 281 prolapsam,
1236 248 1289 275 imo
1300 269 1307 282 ,
1330 254 1359 275 ut
1373 250 1474 277 rectius
1493 249 1589 285 loquar
1600 271 1608 283 ,
1624 249 1680 284 jam
1697 256 1835 278 extremos

1046 293 1157 327 spiritus
1173 293 1298 320 edentem
1312 313 1320 325 .
1344 296 1513 324 conﬁrmes:
1534 300 1563 322 ut
1588 296 1689 330 justum
1717 297 1833 323 tritmnal

1047 337 1093 363 tibi
1111 337 1244 371 placidum
1261 346 1293 365 ac
1315 339 1458 374 benignum
1479 341 1619 368 invenias:
1643 342 1746 369 etiamsi
1766 350 1836 369 nunc

1047 382 1131 416 ipsius
1152 383 1197 409 tihi
1217 383 1287 409 haud
1307 384 1403 410 crebro
1430 385 1454 411 in
1480 391 1596 413 mentem
1626 387 1717 419 venit,
1744 387 1837 421 immo-

1046 427 1113 454 dica:
1130 427 1254 454 videlicet
1283 435 1373 455 rerum
1395 429 1572 456 humanarum
1588 438 1691 465 pomprc
1715 431 1835 457 admira-

1048 472 1121 499 tione
1136 472 1273 506 perculso.

1143 518 1194 552 ιε
1208 517 1340 546 xxxvn.
1359 533 1392 540 .-
1409 516 1555 546 EUSEBIO
1571 519 1747 547 emscovo.

1078 563 1179 590 Condis
1194 564 1320 599 quidem,
1344 568 1373 591 ut
1388 565 1482 597 aiunt,
1506 565 1648 592 ecclesiam
1666 566 1693 592 in
1719 566 1833 599 Pelusio,

1047 609 1180 636 machinis
1198 609 1304 644 quidem
1320 617 1352 636 ac
1376 610 1561 637 molitionibus
1585 610 1746 638 luculentam
1762 630 1770 642 .
1788 612 1834 638 sed

1047 654 1178 689 improbis
1195 654 1293 682 studiis
1305 659 1333 682 et
1345 662 1484 682 sacrarum
1511 654 1672 682 electionnm
1686 656 1791 688 pretiis.
1806 660 1834 683 et
1849 681 1851 683 .

1047 699 1154 732 injuriis
1168 704 1248 733 atque
1261 699 1434 728 contumeliis
1448 720 1455 733 ,
1472 705 1499 728 et
1515 700 1666 727 tenuiorum
1679 701 1834 735 oppressio-

1046 744 1126 770 nibus
1137 763 1144 774 .
1159 747 1186 770 et
1201 750 1347 778 pauperum
1362 744 1524 779 sumptibus.
1549 744 1575 771 ld
1591 745 1662 779 quod
1679 744 1745 771 nihil
1762 743 1833 772 aliud

1047 793 1099 820 est,
1117 796 1196 823 quam
1214 788 1349 816 mdilicare
1364 789 1427 816 Sion
1442 791 1467 816 in
1484 790 1671 826 sanguinibus,
1683 794 1711 818 et
1724 790 1833 818 Jerusa-

1048 835 1098 862 lem
1124 835 1150 861 in
1172 834 1311 868 injustitiis
1325 836 1358 862 ".
1382 835 1454 863 Deus
1471 844 1552 871 porro
1575 837 1709 864 sacriﬁcio
1721 844 1753 864 ex
1768 836 1834 864 alie-

1610 891 1616 909 :
1639 890 1731 910 verum
1754 882 1831 914 illud,

1043 926 1153 961 perinde
1168 931 1250 960 atque
1262 933 1332 957 eum.
1346 926 1392 961 qui
1405 934 1498 954 canem
1514 932 1623 959 mactat,
1633 929 1831 956 exsecratur“.

1042 972 1107 1004 Quae
1123 979 1184 998 cum
1211 972 1247 999 ita
1272 972 1325 1000 sint
1338 992 1346 1004 ,
1364 976 1392 999 et
1410 972 1544 1000 aedificare
1556 993 1564 1006 ,
1585 978 1612 1000 et
1632 973 1756 1008 injuriam
1773 974 1833 1001 aliis

1044 1017 1144 1044 inferre
1161 1016 1269 1044 desine:
1290 1026 1323 1045 ne
1339 1018 1440 1053 alioqui
1456 1019 1551 1046 domus
1567 1019 1609 1045 illa
1625 1023 1651 1046 te
1665 1020 1733 1054 apud
1749 1020 1832 1046 Deum

1044 1062 1137 1096 prodat
1151 1065 1178 1088 et
1195 1062 1336 1088 convincat
1351 1070 1357 1088 :
1375 1067 1404 1089 ut
1417 1070 1475 1097 qua:
1489 1063 1611 1090 sublimis
1624 1064 1731 1097 quidem
1747 1068 1773 1091 et
1788 1071 1833 1090 ex-

1044 1108 1114 1134 celsa
1133 1110 1186 1135 stet
1200 1116 1206 1134 :
1223 1115 1315 1135 verum
1334 1107 1369 1134 ob
1385 1115 1415 1134 ea
1436 1107 1504 1134 mala
1515 1128 1522 1140 ,
1538 1112 1570 1135 ex
1585 1109 1682 1143 quibus
1695 1113 1832 1136 exstructa

199 1162 258 1190 est,
277 1158 442 1192 sempiterno
475 1157 593 1185 clamore
617 1162 644 1185 te
667 1157 814 1185 insecletur
828 1176 835 1189 ,
848 1160 1008 1190 ereptasque
1026 1154 1167 1183 mercedes
1181 1162 1196 1181 a
1219 1158 1245 1182 te
1263 1158 1385 1190 expetat,
1403 1154 1586 1190 ultionemque
1606 1163 1718 1189 eorum,
1731 1156 1776 1191 qui
1790 1155 1831 1184 in-

200 1206 350 1233 commodis
377 1213 409 1233 ac
438 1205 605 1232 detrimentis
632 1205 680 1232 abs
709 1210 734 1232 te
758 1205 846 1232 affecti
877 1204 988 1237 fuerint,
1008 1207 1111 1239 poscat.

455 1252 520 1279 AH’.
539 1267 575 1271 —
588 1250 732 1278 ΜΑΡΩΝῙ.

203 1297 281 1331 Πρὸς
307 1296 394 1330 ἱερεῖς
412 1297 560 1330 βιοῦντας
586 1297 684 1329 κακῶς
697 1304 704 1310 ·
730 1295 778 1323 καί
795 1295 845 1331 γὸτι
865 1295 913 1322 διὰ
935 1295 990 1329 τῆς

239 1332 349 1358 τούτων
359 1333 565 1366 κακοπραγίας
575 1332 593 1364 ἡ
610 1331 662 1358 τοῦ
678 1330 806 1365 Χριστοῦ
817 1331 990 1365 διασύρεται

239 1368 401 1401 οἰκονομία,
416 1367 465 1394 καὶ
478 1367 704 1402 ,βλασφημεῖται
719 1367 754 1393 τὰ
766 1366 821 1400 τῆς
834 1366 988 1400 θειοτάτης

238 1403 409 1435 θρησκείας.

234 1459 317 1485 Ξένον
345 1467 370 1485 τι
397 1459 444 1486 καὶ
462 1458 606 1486 ἀλλόκοτον
623 1456 693 1485 εἷναί
726 1467 756 1485 σε
775 1458 869 1494 θηρίον
889 1458 989 1490 πάντες

198 1504 388 1539 κωμῳδοῦσιν,
403 1504 465 1531 οὒτε
484 1505 607 1541 τραπέζῃ
629 1505 854 1540 κολακευόμενον,
870 1505 931 1532 οὔτε
945 1506 988 1532 δε-

199 1552 279 1584 σμοῖς
293 1550 404 1585 ἀγάπης
424 1550 620 1586 κρατούμενον,
638 1550 699 1576 οὕτε
727 1553 760 1586 τῇ
776 1551 908 1586 τυράννου
927 1559 984 1577 συν-

197 1595 279 1631 ηθείᾳ
299 1595 356 1631 (36)
371 1596 560 1631 χειρούμενον,
579 1596 626 1623 καὶ
641 1596 770 1632 τοιαύτην
785 1597 839 1631 (57)
856 1596 934 1631 ὖὸριν
950 1596 989 1632 τῷ

197 1642 387 1678 θυσιαστηρίῳ
407 1642 615 1678 ὲπισυρόμενον.
640 1642 676 1668 Ἦ
701 1643 790 1669 τοίνυν
815 1643 932 1678 ἄρνησσ.ι
958 1643 990 1669 τὸ

198 1687 356 1719 ἁτίθασσον,
380 1688 425 1714 καὶ
450 1688 510 1714 ἀντὶ
537 1687 633 1723 θηρίου
662 1687 761 1723 φάνηθι
788 1688 951 1723 ἅνθρωπος,
971 1689 987 1724 ἢ

198 1733 304 1759 παῦσον
321 1733 370 1768 τὴν
383 1734 454 1760 κατὰ
467 1734 517 1768 τῆς
539 1733 702 1769 Ἐκκλησίας
722 1733 865 1769 λοιδορίαν,
891 1734 988 1761 σαυτὸν

199 1779 303 1814 εἵργων
317 1779 367 1814 τῆς
382 1779 498 1814 φρικτῆς
512 1778 691 1814 λειτουργίας.

305 1872 584 1907 ΛΘ⁹.-ΘΕΟΔΟΣ1ῼ
600 1871 801 1899 MO‘NAZONTI
816 1872 881 1908 (58).

228 1916 271 1943 .Τί
283 1916 444 1952 θαυμάζεις,
466 1918 507 1944 ὅτι
524 1917 563 1944 δι’
584 1917 643 1949 ἐνὸς
659 1917 796 1953 ἁμαρτίαν
820 1916 878 1953 [καὶ
894 1917 985 1956 μόνου]

247 1993 271 2010 ⁸⁸
284 1993 366 2022 Μίοιι.
380 2002 421 2027 ιιι,
439 1994 483 2022 10.
529 1993 551 2009 ¹¹
563 1994 615 2022 lsa.
631 2002 704 2028 ιιι-ι,
717 1995 744 2021 3.

1256 1248 1401 1276 XXXVIII.
1417 1265 1452 1270 —
1466 1248 1607 1277 MARONI.

1043 1293 1084 1320 Ar!
1100 1294 1248 1322 sacerdotes
1267 1294 1334 1320 male
1347 1295 1458 1321 viventes
1476 1301 1485 1321 :
1502 1294 1572 1328 quod
1602 1295 1708 1321 illorum
1726 1294 1830 1321 malitia

1079 1328 1177 1365 Christi
1199 1329 1389 1363 dispensationi
1411 1329 1575 1362 detrahitur,
1594 1329 1730 1365 cultusque
1756 1337 1832 1357 sacer

1081 1364 1285 1397 blasphematur.

1073 1461 1175 1489 NOvam
1190 1461 1333 1496 quamdam
1361 1469 1394 1489 ac
1409 1461 1587 1497 prodigiosam
1608 1452 1693 1489 feram
1722 1465 1748 1489 te
1769 1469 1830 1490 esse

1042 1514 1137 1535 omnes
1151 1508 1273 1535 dictitant
1285 1527 1293 1540 ,
1309 1512 1338 1534 ut
1353 1507 1397 1542 qui
1412 1514 1460 1535 nec
1473 1514 1566 1535 mensa
1577 1508 1766 1541 demulcearis,
1779 1516 1830 1536 nec

1039 1553 1141 1580 amoris
1162 1560 1193 1580 ac
1211 1552 1404 1580 benevolentia:
1432 1553 1546 1581 vinculis
1575 1553 1746 1587 coercearis,
1779 1561 1829 1581 nec

1042 1599 1171 1634 principis
1195 1598 1390 1626 consuetudine
1415 1606 1447 1626 ac
1473 1599 1655 1627 familiaritate
1683 1599 1828 1634 subigaris,

1043 1650 1200 1679 tantamque
1212 1645 1290 1672 altari
1306 1644 1496 1672 contumeliam
1513 1652 1648 1673 accersas.
1671 1645 1724 1672 Aut
1749 1646 1830 1680 igitur

1042 1690 1201 1718 indomitam
1225 1689 1304 1717 istam
1327 1689 1462 1717 feritatem
1481 1690 1591 1725 abjura,
1622 1695 1650 1717 et
1673 1698 1722 1726 pro
1740 1691 1830 1722 bellua

1043 1736 1178 1763 hominem
1196 1741 1221 1763 te
1234 1736 1340 1771 praebe;
1356 1742 1402 1763 aut
1419 1736 1620 1767 contumeliam,
1633 1743 1692 1771 quae
1703 1736 1830 1764 Ecclesia:

1044 1782 1179 1816 inuritur,
1205 1782 1270 1810 siste
1288 1787 1367 1816 atque
1382 1782 1551 1816 comprime,
1569 1783 1682 1818 teipsum
1705 1782 1830 1810 videlicet

1043 1835 1057 1855 a
1079 1830 1218 1857 tremendo
1240 1829 1374 1856 sacriﬁcio
1393 1836 1546 1857 removens.

1149 1872 1272 1899 XXXIX.
1287 1887 1322 1892 —
1335 1871 1529 1901 THEODOSIO
1547 1871 1722 1900 MONACHO.

1079 1916 1148 1950 Quid
1163 1917 1271 1944 miraris
1284 1917 1318 1945 ob
1332 1917 1411 1945 unius
1423 1923 1456 1944 ac.
1474 1917 1557 1946 solius
1572 1921 1712 1952 peccatum
1723 1916 1832 1945 univer-

732 2070 846 2098 VARUE
864 2069 1059 2098 LECTIONES
1077 2069 1122 2098 ET
1141 2070 1258 2098 NOTAE.

238 2149 294 2183 (35)
309 2148 363 2176 Pro
383 2148 480 2175 θυσίαν
491 2149 551 2175 cod.
570 2148 624 2176 Alt.
642 2148 736 2180 θυσίας
750 2148 841 2180 habet,
858 2147 946 2182 aptius
958 2148 991 2175 atl

204 2185 335 2211 rationem
353 2184 492 2219 syntaxis.
503 2184 558 2219 Duo
573 2183 652 2210 verba
669 2183 807 2217 sequentia
820 2203 827 2215 ,
844 2183 910 2219 ἀλλὰ
925 2183 991 2210 ταύ-

203 2228 254 2253 την
271 2228 284 2244 ει
302 2217 379 2246 codd.
399 2218 459 2246 Vat.
481 2217 532 2245 649
546 2223 574 2253 et
595 2218 648 2253 Alt.
667 2219 784 2251 absunt;
814 2225 870 2253 pro)
887 2218 920 2245 iis
937 2226 989 2245 an-

202 2252 253 2292 tein
278 2258 392 2292 uterque
411 2254 492 2292 habet
509 2252 594 2292 ﬁv_tb_g
611 2252 835 2292 θυ<5μενον,.ιξιολ
851 2252 928 2292 vers.
954 2253 987 2280 10

200 2289 279 2315 ambo
291 2287 370 2314 iitlein
382 2289 462 2315 codd.
477 2287 529 2314 non
541 2288 594 2314 ὑπὸ
608 2287 676 2314 Θεοῦ
685 2289 741 2319 sed,
759 2289 804 2313 επὶ
817 2287 883 2313 Θεοῦ
897 2288 988 2321 legunt

202 2324 239 2350 uti
265 2329 291 2350 et
307 2331 377 2350 vers.
402 2323 506 2357 penult.
530 2331 578 2357 pro
595 2323 810 2357 ἐστηρημὲνους,
835 2323 987 2358 ἑστερημέ-

199 2366 270 2389 νους.
290 2359 396 2385 Possm.

238 2392 343 2427 (56)]‘17
358 2393 509 2427 τυράννου
521 2392 677 2452 συνηθείρ.
699 2391 793 2418 Billius
807 2392 898 2424 vertit,
913 2391 987 2426 prin-

238 2429 264 2452 Iil
302 2428 490 2452 corisuetudine
523 2436 554 2452 ac
582 2427 774 2452 fnmiiaritale.
806 2424 859 2452 Sed
900 2427 984 2452 multo

201 2424 264 2461 cipis
287 2424 490 2454 'consue‘tudine
523 2436 554 2454 ac
580 2424 774 2461 familiaritate.
806 2424 859 2452 Sed
900 2424 984 2453 multo

202 2463 295 2489 melior
320 2468 362 2489 est
389 2462 470 2490 lcetio
499 2463 558 2490 cod.
582 2461 691 2493 Ba’var”
714 2462 746 2496 τῇ
778 2461 986 2497 τυράννῳὲσυν-

202 2497 293 2532 ηθείᾳ.
310 2497 452 2531 Eleganter
463 2502 491 2532 et.
501 2499 578 2524 docte
594 2496 713 2532 lsitlorus
730 2495 874 2530 ουνήθειαν
887 2495 986 2532 τύραν-

200 2531 244 2558 νον
260 2531 334 2564 dicit,
346 2533 381 2559 ob
395 2535 448 2558 vim
463 2531 522 2564 ejus
542 2531 707 2567 tyrannicam
730 2539 810 2566 quam
837 2532 943 2558 tametsi
958 2531 984 2558 itt

202 2567 268 2594 alios
285 2567 409 2594 obtinere
440 2567 534 2599 soleat,
554 2566 643 2593 tamen
662 2571 751 2600 negat,
769 2566 914 2600 quidquam
937 2573 985 2601 po-

202 2603 281 2628 tuisse
297 2603 322 2629 in
333 2603 483 2629 Maronem.
502 2601 538 2628 De
550 2601 623 2628 nullo
638 2601 760 2635 principe
776 2601 818 2628 hic
831 2608 919 2628 sermo
931 2605 983 2633 est,

201 2638 240 2663 cui
264 2637 336 2664 Maro
362 2636 505 2663 familiaris
531 2637 619 2663 fuerit.
640 2636 721 2669 Quid,
748 2638 819 2671 quod
852 2635 984 2671 τύραννος

199 2679 246 2703 pro
261 2673 384 2706 principe
410 2671 436 2697 in
457 2671 553 2698 bonam
578 2668 682 2705 partem
700 2668 834 2706 hoc'mv'o.
854 2668 907 2704 qu'o
932 2670 983 2706 lsi-

198 2704 276 2734 tlorns
290 2704 413 2740 scripsit,
429 2713 482 2732 non
503 2704 584 2732 fuerit
601 2706 625 2732 in
641 2706 711 2731 usu?
729 2705 772 2732 Sic
795 2706 926 2740 adjective
936 2704 983 2731 τύ-

195 2750 289 2776 ραννον
305 2742 478 2776 ἀπόγνωσιν,
495 2741 561 2776 dixit
583 2740 701 2776 Isidorus
711 2741 795 2776 _infra
818 2741 898 2776 epist.
918 2740 980 2772 58!,

194 2774 270 2812 hujus
295 2774 375 2804 libri‘
386 2785 409 2812 tr;
425 2780 454 2803 et
470 2775 600 2812 τύραννον
621 2775 697 2812 πόλιν
711 2774 834 2810 Thucytl.
853 2775 898 2812 lib.
912 2783 931 2806 ι,
955 2780 982 2802 et

189 2809 339 2848 Aist-hylus
366 2809 646 2848 τύραννα-ξσκῆπτρα
670 2809 835 2848 Prometheo.
855 2810 911 2848 Alia
940 2814 981 2837 ta-

188 2856 246 2875 men
259 2844 370 2875 ratione
397 2844 453 2873 div.
480 2844 687 2881 Chrysbstomus
707 2845 774 2878 περὶ
790 2844 877 2876 ἔθους
894 2844 978 2880 legent

1047 2151 1171 2183 tyranno,
1191 2149 1413 2176 consuetudinem
1430 2149 1485 2182 regi
1500 2148 1566 2176 facit
1591 2150 1707 2177 similem
1726 2159 1733 2178 :
1753 2150 1830 2179 vide-

1044 2183 1107 2210 licet
1121 2184 1192 2217 quod
1219 2186 1386 2219 consuetudo
1409 2184 1536 2219 paulatim
1560 2184 1605 2218 jus
1619 2185 1728 2219 aliquod
1744 2186 1830 2213 intro-

1043 2219 1205 2256 tlttcat,ciim
1221 2218 1263 2245 lex
1274 2219 1349 2256 illico
1370 2223 1395 2245 el
1416 2217 1558 2252 praefracte
1580 2220 1652 2256 velit,
1661 2217 1771 2256 V‘jubeat
1787 2226 1828 2256 ty-

1044 2253 1120 2279 ranni
1143 2253 1241 2279 instar.
1273 2254 1310 2280 De
1333 2255 1356 2280 vi
1377 2260 1457 2289 porro
1479 2255 1681 2282 consuetudinis
1705 2253 1827 2289 plut-inite

1045 2292 1184 2314 auctorum
1209 2292 1316 2315 exstant
1341 2287 1481 2316 sententia:
1498 2297 1506 2315 :
1525 2296 1556 2315 ex
1577 2289 1676 2323 quibus
1695 2287 1738 2316 illa
1763 2299 1823 2318 cum

1040 2323 1136 2383 primis
1156 2323 1263 2355 nobilis,
1281 2331 1341 2357 quae
1359 2323 1442 2350 altera
1461 2329 1556 2350 natura
1573 2331 1634 2352 esse
1654 2325 1823 2359 perhibetur.

1067 2365 1125 2383 lT'l‘.

1067 2365 1125 2383 lT'l‘.

1076 2407 1112 2412 —
1128 2391 1205 2419 Vers.
1220 2392 1237 2419 '5
1257 2399 1304 2432 pro
1319 2393 1457 2432 Τυράννου
1468 2394 1534 2432 lead.
1547 2394 1609 2432 Alt._
1622 2394 1702 2422 habet
1717 2396 1824 2432 Τυράν-

1038 2434 1100 2453 νων.
1114 2434 1184 2464 vers.
1202 2434 1260 2464 seq.
1271 2427 1340 2464 Illem
1355 2427 1383 2464 et
1394 2427 1453 2455 Vat.
1465 2427 1516 2464 649
1528 2428 1662 2464 τοσαύτην
1675 2438 1723 2464 pro
1735 2427 1825 2459 τοιαύ-

1038 2468 1097 2495 την.
1114 2462 1190 2489 Vers.
1206 2461 1285 2500 6pm
1296 2461 1391 2500 θηρίου
1406 2463 1466 2500 col.
1479 2463 1531 2490 Alt.
1552 2464 1616 2498 legit
1634 2461 1728 2500 θηρός.
1747 2467 1824 2493 Uter-

1036 2503 1089 2535 que
1102 2501 1191 2535 autem
1209 2497 1267 2535 Alt:
1284 2503 1311 2523 et
1329 2498 1389 2535 _Va_t.
1412 2498 1546 2535 649Apost
1560 2497 1824 2535 νόεειιπάνθρωπος

1036 2531 1147 2569 addunt,
1163 2532 1212 2566 τὴν
1226 2531 1300 2557 θεῖσιν
1312 2532 1403 2569 εἰκόνα
1417 2533 1453 2568 μὴ
1466 2531 1638 2569 ψευδόμενος,
1656 2542 1714 2568 qua:
1728 2531 1753 2562 in
1766 2531 1824 2562 edi-

1037 2566 1071 2591 tis
1087 2574 1138 2592 non
1157 2572 1322 2599 comparent.
1339 2566 1441 2594 Possm.

1073 2601 1129 2638 (57)
1149 2601 1301 2638 Totatignr.
1315 2602 1345 2628 Β.
1362 2603 1422 2638 cod.
1437 2602 1572 2638 τοσαύτην
1600 2604 1673 2638 legit,
1687 2605 1822 2638 quomodo

1034 2640 1062 2662 et
1086 2637 1218 2670 interpres
1236 2636 1330 2663 Billius
1347 2637 1435 2669 vertit,
1451 2636 1562 2664 (uniuni.
1588 2636 1670 2666 llo-ir.

1070 2670 1126 2706 (58)
1136 2671 1168 2709 _ln
1180 2670 1269 2709 titulo,
1280 2679 1327 2709 pro
1335 2672 1476 2709 μονάζοντι
1484 2672 1611 2709 ςριῘτΑΙι.
1621 2673 1698 2709 habet
1711 2673 1821 2709 μοναχῷ

1034 2704 1144 2732 Vel-3.1
1160 2713 1207 2738 pro
1221 2704 1342 2737 ὅτιζΔΙιζ
1362 2712 1389 2733 et
1404 2704 1463 2733 Vat.
1480 2706 1532 2734 649
1547 2708 1645 2733 habent
1659 2707 1694 2735 εἰ,
1711 2704 1735 2732 ἐι
1760 2704 1821 2740 νόεἰ

1034 2741 1091 2771 ὲνὴς
1103 2741 1215 2776 addunt.
1228 2741 1333 2776 ἀνδρός.
1354 2741 1430 2768 Vers.
1451 2742 1478 2767 7.
1496 2742 1575 2767 iidem
1593 2741 1820 2776 napalapﬁﬁvov-

1032 2784 1078 2806 τος
1103 2775 1128 2801 in
1146 2775 1384 2811 ἀπολαμϐάνοντος
1400 2780 1514 2802 mutant.
1532 2780 1559 2802 et
1575 2783 1647 2803 vers.
1666 2775 1751 2811 87106
1768 2776 1820 2811 ἄρ-

1033 2817 1125 2845 χοντος
1141 2810 1167 2846 in
1183 2811 1247 2846 περὶ
1262 2811 1308 2846 τὸν
1323 2810 1456 2845 ἄρχοντα,
1472 2810 1586 2843 denique
1602 2817 1672 2837 vers.
1685 2810 1701 2837 9
1712 2810 1823 2838 ἐπισυν-

1032 2846 1127 2880 ηγόρει
1141 2844 1168 2872 in
1185 2844 1327 2887 ἐπιφόρει.
1343 2844 1447 2872 Possm.
