2064 3159
186 177 240 210 213

669 180 937 212 EPISTOLARUM
956 181 1029 211 LIB.
1051 181 1075 211 Ι.
1089 194 1122 198 -
1135 178 1253 212 EPIST.
1274 183 1338 213 LII.

1772 186 1825 218 2M

189 241 239 267 φον
257 233 339 268 μιμῇ,
355 232 372 267 ἢ
387 233 557 268 ἐργάζεσθαι
574 233 728 267 παίδευσον,
745 235 762 270 ἢ
779 234 828 270 τὴν
850 229 987 269 πρόφασιν

1043 235 1111 263 circa
1128 235 1150 262 si
1166 239 1193 262 et
1210 235 1319 264 Christo
1341 236 1396 265 Deo
1413 237 1595 273 obtemperas,
1617 243 1643 266 et
1653 239 1824 274 sapientissi-

187 279 312 312 δίδαξον,
334 277 430 316 ἀφ’ἦς
456 281 504 307 καὶ
527 281 732 316 τραφήσονται,
757 281 805 308 καὶ
830 281 984 308 ἀνάπαυσιν

186 324 301 357 ἔξουσι,
328 325 377 351 καὶ
403 325 533 361 πονηρῶν
557 326 695 361 λογισμῶν
724 326 983 362 καθαρεύπουσιν,οί

189 370 260 442 gifts
281 370 394 406 Χριστῷ
416 371 641 408 πειθαρχοῦντες,
663 372 732 407 μήτε
747 372 847 408 Παύλῳ
867 373 983 400 ἀκολου-

206 425 309 442 ουντεε.

206 425 309 448 ουντες.

281 519 323 546 Ν’.
335 534 372 538 —
384 519 578 556 ΣΤΡΛΤΗῙΊῼ
598 520 653 556 (49)
669 521 888 557 ΑΝΛΓΝΩΣΤῌ.

330 565 361 592 Τί
380 566 521 600 σημαίνει
540 567 559 600 ἡ
579 567 705 601 καρυΐνη
722 566 843 601 ῥάϐδος.

232 621 345 649 Ῥάὸδον
362 623 495 658 καρυῖνην
518 621 587 650 εἶδεν
606 624 758 660 Ἱερεμίας,
776 625 790 650 ὁ
807 624 861 650 τῶν
877 633 984 660 προφη-

190 667 246 694 τῶν
271 668 473 701 πολυκίνδυνος,
497 669 647 705 ἱερωσύνης
670 670 809 703 ὑπόθεσιν,
825 667 859 706 ἧς
880 670 914 697 τὰ
935 671 984 706 μὲν

190 713 320 749 προφανῆ
336 714 383 741 καὶ
401 715 560 747 ἐπιπόλαια,
577 716 623 742 καὶ
641 715 679 747 ὡς
699 716 732 743 ἄν
754 725 796 747 τις
809 716 881 743 εἴποι
896 717 984 752 προοί-

191 768 251 795 μια,
267 760 406 787 στυπτικὰ
422 761 469 788 καὶ
487 762 589 797 τραχέα
604 762 744 796 τυγχάνει,
761 763 808 789 καὶ
820 762 985 799 δριμύτητος

191 806 307 840 μέτοχα·
325 805 360 832 τὰ
374 805 402 832 δὲ
417 806 521 842 κρύφια
534 807 581 833 καὶ
594 807 726 842 ὲσώτερα,
746 807 865 844 σταθερά
885 817 916 835 τε
938 809 986 835 καὶ

190 851 301 886 βέϐαια,
317 852 366 878 καὶ
380 852 520 888 στηρίζειν
535 852 682 887 δυνάμενα.
700 853 760 889 Χρὴ
777 854 867 881 τοίνυν
884 855 932 881 καὶ
951 854 986 881 τὰ

1037 288 1109 307 mum
1130 281 1243 310 Paulum
1261 282 1388 315 imitaris,
1411 287 1458 311 aut
1473 292 1519 311 eos
1533 284 1660 312 laborare
1681 287 1760 318 docet,
1778 293 1822 314 aut

1035 334 1146 354 causam
1158 331 1186 354 et
1198 331 1358 362 praetextum
1379 329 1494 364 aliquem
1508 332 1632 362 ostende,
1653 331 1688 358 ob
1704 339 1785 366 quem
1797 337 1824 359 et

1035 372 1152 406 alentur,
1168 376 1196 400 et
1208 373 1326 408 quietem
1339 374 1510 408 obtinebunt,
1530 380 1557 403 et
1573 377 1703 412 improbis
1717 379 1821 412 cogita-

1036 419 1155 446 tionibus
1168 419 1303 447 vacabunt
1321 429 1328 447 :
1345 420 1391 454 qui
1418 428 1467 447 nec
1489 421 1598 449 Christo
1622 417 1824 452 obediehtes‘se

1036 465 1166 498 praebent,
1181 472 1229 492 nec
1243 464 1320 492 Pauli
1339 465 1452 500 vestigia
1466 472 1629 500 sequuntur.

1194 523 1225 551 L.
1242 538 1277 543 —-
1292 522 1489 551 STRATEGIO
1504 524 1664 552 LECTORI.

1227 568 1297 602 Quid
1308 569 1438 604 signiﬁcet
1451 577 1534 596 nucea
1551 570 1632 606 virga.

1073 627 1180 662 Virgam
1193 634 1305 654 nuceam
1318 627 1385 654 vidit
1400 626 1561 654 Jeremias"
1575 647 1582 660 ,
1593 627 1634 654 vir
1646 627 1672 654 in
1685 627 1817 662 pluribus,

1035 681 1117 708 quam
1140 673 1186 700 alii
1215 673 1364 708 prophetae,
1388 673 1516 708 periculis
1535 677 1669 706 versatus,
1687 674 1824 701 sacerdoti

1037 724 1130 755 typum
1149 723 1177 746 et
1193 724 1385 754 argumentum
1403 728 1409 746 :
1429 719 1505 754 cujus
1521 720 1670 754 perspicua:
1686 724 1713 747 et
1730 727 1826 755 Super-

1037 766 1147 794 [iciarite
1158 770 1260 801 partes,
1274 770 1366 800 alque,
1384 770 1413 792 ut
1424 765 1558 800 quispiam
1577 765 1694 794 fortasse
1709 766 1818 798 dixerit,

1037 812 1198 848 primordia,
1225 811 1402 846 astringentia
1426 815 1454 839 et
1477 819 1574 846 aspera
1602 818 1676 845 sunt,
1707 812 1826 840 acrimo-

1037 859 1138 893 niaque
1162 858 1294 893 praedita;
1318 857 1431 884 occultae
1460 862 1550 885 autem
1578 862 1659 892 atque
1681 857 1828 886 interiores

189 897 308 923 ἐπίπονα
332 897 383 932 τῆς
410 897 561 932 ἱερωσύνης
587 897 681 932 φέρειν
705 898 853 932 γενναίως,
879 899 926 926 καὶ
951 899 984 926 τὰ

1043 909 1128 939 partes
1147 903 1258 930 stabiles
1274 907 1301 930 et
1316 903 1400 930 [inure
1412 908 1487 936 sunt,
1507 911 1539 930 ac
1562 903 1689 931 fulciendi
1707 904 1760 930 vim
1780 904 1828 931 ha-

189 942 296 969 ἐπαθλα
308 943 411 978 ταύτης
425 942 585 979 περιμένειν
601 942 757 979 προθύμως.

317 1094 383 1120 NA'.
409 1109 443 1114 —
466 1093 657 1130 ΘΕΟΠΟΜΠῼ
675 1095 858 1130 ΤΡΙΒΟΥΝῼ.

336 1140 407 1174 Περὶ
422 1140 479 1174 τῆς
495 1141 714 1174 καταραθείσης
733 1141 842 1176 συκῆς.

229 1196 287 1232 Τὴν
306 1197 394 1232 συκῆν
416 1197 466 1233 οὐχ
488 1197 582 1229 ἁπλῶς
596 1199 610 1225 ὁ
627 1198 729 1233 Κύριος
744 1199 933 1234 κατηράσατο,
949 1199 987 1234 μὴ

191 1242 273 1270 τοῦτο
283 1243 389 1279 νόμιζε,
404 1240 427 1270 ὦ
446 1244 501 1270 τῶν
525 1243 604 1271 θείων
624 1244 767 1280 ἀκόρεστε,
780 1244 837 1271 ἀλλ’
849 1245 894 1271 ίνα
913 1243 986 1280 δείξῃ

195 1290 252 1321 τοῖς
267 1289 422 1324 ἁγνώμοσιν
440 1289 590 1322 Ἰουδαίοις,
604 1291 645 1317 ὅτι
660 1290 717 1326 ἔχει
731 1289 846 1325 δύναμιν
859 1289 906 1316 καὶ
918 1289 988 1324 πρὸς

196 1330 332 1371 τιμωρίαν
348 1335 498 1371 ἀρκοῦσαν.
509 1336 617 1372 Ἐπειδὴ
635 1336 689 1372 γὰρ
714 1338 743 1363 ἐν
764 1338 831 1364 πᾶσι
849 1338 904 1369 τοῖς
924 1336 988 1364 θαύ-

199 1391 283 1418 μασιν
303 1382 379 1409 οὐδὲν
397 1382 477 1409 αὐτὸν
498 1383 674 1418 παρασχόντα
697 1384 750 1409 τινὶ
763 1383 885 1419 λυπηρὸν
901 1382 989 1419 ἑωρά-

195 1437 302 1462 κεισαν,
321 1429 400 1463 μόνον
415 1429 571 1465 εὐεργετεῖν
592 1429 673 1455 αὑτὸν
697 1429 890 1464 ὑπελάμϐανον
909 1428 990 1455 δύνα-

196 1475 271 1506 σθαι,
282 1475 332 1502 οὒκ
342 1474 438 1511 ἔχοντα
446 1475 502 1511 (50)
515 1475 617 1502 κακοῦν
630 1475 694 1507 τοὺς
708 1475 842 1510 πονηροὺς
854 1475 988 1507 ἐξουσίαν.

202 1520 251 1547 Ἐκ
266 1521 316 1556 τῆς
330 1520 435 1555 ἀψύχου
455 1521 543 1547 τοίνυν
557 1520 662 1552 οὐσίας,
675 1519 764 1547 πείθει
780 1520 826 1546 τὸν
843 1521 990 1556 ἀχάριστον

195 1566 294 1602 δῆμον,
310 1567 351 1593 ὅτι
368 1567 417 1593 καὶ
431 1566 587 1602 ἀμύνασθαι
599 1566 722 1598 δύναται,
741 1566 788 1593 καὶ
799 1567 836 1598 ὡς
847 1566 950 1601 ἀγαθὸς
960 1567 990 1593 οὐ

198 1612 546 1648 βεϐούλευται.Ἐξηράνθη
570 1610 617 1639 οὖν
640 1611 728 1645 ξύλον,
747 1612 790 1639 ἵνα
817 1612 922 1649 φοϐήσῃ
943 1613 988 1640 ἀνι

198 1659 415 1696 θρώπους.”Ἀμα
429 1659 458 1686 δέ
473 1668 516 1690 τις
537 1659 625 1694 τούτῳ
647 1659 694 1685 καὶ
714 1657 871 1694 ἀπόρρητος
885 1658 991 1693 συμπί-

199 1706 314 1732 πλεκται
330 1705 418 1739 λόγος,
437 1705 513 1740 παρὰ
527 1704 661 1740 γερόντων
681 1704 721 1735 εἰς
735 1705 809 1739 ἡμᾶς
827 1703 916 1739 σοφῶν
931 1704 990 1731 δια-

199 1753 332 1787 φοιτήσας
344 1759 350 1766 ·
369 1752 408 1777 ὅτι
428 1751 459 1778 τὸ
476 1750 554 1784 ξύλον
575 1751 625 1786 τῆς
649 1749 831 1785 παραϐάσεως
855 1749 946 1782 τοῦτο,
961 1747 990 1777 οὗ

200 1799 248 1825 καὶ
273 1800 330 1830 τοῖς
356 1798 466 1832 φύλλοις
489 1798 528 1829 είς
551 1797 656 1832 σκέπην
671 1798 695 1823 οἱ
711 1796 884 1831 παραὸάντες
905 1796 990 1832 ἐχρή-

202 1852 292 1871 σαντο.
305 1845 360 1870 Καὶ
375 1843 518 1879 κατηράϐη
541 1843 618 1879 παρὰ
638 1842 756 1878 Χριστοῦ
781 1841 991 1877 φιλανθρώπως,

202 1891 300 1925 μηκέτι
326 1889 432 1926 καρπὸν
456 1890 580 1923 ἐνεγκεῖν
603 1889 689 1915 αἴτιον
715 1887 862 1923 ἁμαρτίας.
881 1886 992 1921 Ἐπειδὴ

201 1934 316 1971 δευτέρα
334 1934 401 1962 Θεοῦ
417 1935 565 1970 παρουσία,
578 1935 646 1970 πρὸς
656 1932 862 1969 Ξνανθρώπησιν
879 1932 929 1968 μὲν
942 1932 992 1959 οὐκ

202 1982 271 2013 ἑστι,
287 1981 356 2017 πρὸς
375 1981 403 2007 δὲ
414 1981 485 2008 τίσιν
498 1980 553 2007 τῶν
566 1980 769 2016 πεπραγμένων
784 1979 903 2014 ἑκάστῳ.

1037 951 1112 978 bent.
1137 949 1318 982 Quamobrem
1351 953 1378 976 et
1410 949 1557 976 sacerdotii
1585 949 1692 977 labores
1718 953 1828 977 strenuo

1038 997 1110 1024 ferre
1128 1000 1245 1030 oportet,
1269 1000 1295 1022 et
1318 996 1402 1030 ipsius
1423 996 1534 1030 prmmia
1557 1001 1683 1031 prompto
1702 1000 1730 1024 et
1743 996 1843 1023 alacri.

1038 1043 1129 1069 animo
1144 1046 1312 1076 exspectare.

1179 1098 1222 1127 Ll.
1237 1114 1272 1118 —-
1288 1097 1497 1126 THEOPOMPO
1522 1098 1684 1132 'l‘lllBUNt).

1295 1144 1333 1172 De
1347 1145 1488 1172 maledicta
1508 1145 1572 1179 ﬁcu.

1075 1203 1231 1230 Ficulneam
1249 1202 1379 1230 Dominus
1394 1203 1465 1230 haud
1474 1203 1532 1230 sine
1543 1210 1624 1230 causa
1637 1202 1828 1230 exsecratione

1039 1248 1257 1285 deviuxit“'(ne
1278 1248 1305 1276 id
1322 1242 1539 1284 existimes,'qni
1563 1256 1654 1276 rerum
1676 1248 1828 1275 divinarum

1039 1295 1194 1330 inexplebili
1222 1295 1368 1330 cupiditate
1392 1293 1518 1330 ﬂagras),
1543 1302 1634 1321 verum
1661 1299 1692 1321 ut
1715 1293 1828 1328 ingratis

1040 1341 1140 1369 Judaeis
1161 1341 1224 1368 illud
1242 1341 1411 1373 ostenderet,
1426 1347 1455 1367 se
1480 1348 1540 1368 eam
1565 1339 1748 1374 vim,hahere,
1772 1346 1831 1373 qua:

1041 1386 1183 1414 inferendo
1208 1394 1317 1421 quaque
1343 1386 1476 1421 supplicio
1501 1393 1548 1420 par
1582 1390 1665 1413 esset.
1695 1378 1829 1418 Quoniam

1040 1431 1113 1459 enim
1134 1439 1196 1459 eum
1222 1432 1250 1458 in
1276 1431 1403 1459 omnibus
1421 1430 1560 1458 miraculis
1581 1429 1682 1457 nullam
1702 1429 1827 1464 cuiquam

1041 1477 1193 1505 molestiam
1209 1476 1334 1504 intulisse
1352 1481 1559 1511 perspexerant,
1578 1475 1678 1503 idcirco
1693 1483 1754 1502 cum
1768 1482 1830 1510 pro-

1042 1523 1121 1551 desse
1144 1528 1248 1550 talltum
1273 1529 1352 1557 posse
1371 1522 1565 1550 existimabant
1589 1531 1596 1549 :
1621 1529 1653 1549 ac
1679 1529 1732 1549 non
1763 1520 1830 1548 item

1005 1581 1026 1610 ρ
1043 1576 1102 1596 eam
1125 1568 1178 1596 vim
1197 1568 1309 1601 habere,
1332 1575 1383 1602 qua
1408 1567 1544 1602 improbOs
1567 1567 1637 1594 malo
1651 1565 1757 1593 allicere
1772 1573 1833 1600 pos-

1044 1620 1095 1642 set.
1114 1614 1296 1648 Quamobrem
1309 1621 1324 1641 a
1337 1613 1488 1641 substantia
1501 1613 1599 1640 animae
1613 1612 1729 1647 experti,
1748 1619 1831 1647 popu-

1044 1661 1100 1688 lum
1117 1661 1252 1696 ingratum
1279 1659 1418 1692 admouet,
1446 1667 1476 1690 se
1498 1659 1593 1686 ulcisci
1615 1657 1723 1693 quidem
1748 1657 1834 1691 ipsius

1044 1707 1147 1735 scelera
1163 1714 1254 1741 posse,
1270 1707 1317 1734 sed
1338 1713 1387 1741 pro
1404 1713 1452 1733 sua
1470 1706 1593 1733 bonitate
1615 1704 1696 1732 nolle.
1722 1703 1836 1730 Exaruit

1044 1753 1127 1787 igitur
1144 1752 1236 1785 arbor,
1259 1756 1289 1779 ut
1305 1751 1460 1779 hominibus
1484 1755 1615 1779 terrorem
1635 1751 1748 1785 iujiciat.
1764 1749 1834 1782 Quin

1047 1797 1073 1823 in
1090 1797 1139 1824 hac
1151 1804 1259 1831 quoque
1286 1803 1315 1823 re
1339 1796 1456 1823 arcanus
1477 1795 1586 1830 quidam
1607 1802 1696 1822 sermo
1713 1801 1835 1821 annexus

1047 1847 1101 1875 est,
1113 1849 1128 1870 a
1143 1842 1254 1869 senibus
1271 1842 1440 1876 sapientibus
1456 1841 1489 1868 ad
1505 1848 1553 1868 nos
1566 1845 1716 1875 grassatus,
1739 1846 1836 1873 nempe

1047 1888 1117 1915 hanc
1152 1887 1377 1922 transgressionis
1400 1887 1526 1915 arborem
1552 1894 1623 1918 esse,
1648 1886 1725 1920 cujus
1750 1884 1834 1912 etiam

1046 1934 1119 1962 foliis
1133 1934 1167 1961 ad
1180 1941 1280 1969 corpus
1295 1935 1438 1970 tegendum
1468 1933 1497 1967 ii,
1514 1933 1561 1969 qui
1583 1933 1737 1960 mandatum
1752 1930 1836 1957 viola-

1048 1983 1122 2012 runt,
1149 1979 1191 2007 usi
1219 1984 1292 2007 sunt.
1323 1981 1362 2007 Ac
1386 1979 1501 2014 proinde
1521 1978 1647 2006 Christus
1671 1977 1790 2004 lmmano
1806 1982 1838 2002 ac

203 2027 377 2054 misericordi
404 2027 496 2054 animo
518 2026 570 2054 hoc
597 2027 622 2053 ei
645 2026 811 2061 imprecatus
837 2027 890 2058 est,
917 2027 946 2051 υι
960 2031 994 2051 ne
1012 2025 1128 2060 posthac
1142 2024 1272 2058 fructum,
1306 2025 1412 2061 peccati
1428 2032 1551 2058 causam,
1587 2025 1680 2052 ferret.
1703 2022 1838 2057 Quando-

204 2073 313 2107 quidem
330 2073 465 2100 secundus
484 2072 532 2100 Dei
547 2072 680 2100 adventus
709 2079 761 2098 non
779 2070 835 2106 jam
871 2070 904 2097 ad
938 2070 1133 2099 humanitatem
1155 2071 1245 2100 denuo
1269 2072 1461 2100 assumendam
1482 2071 1544 2104 crit,
1570 2078 1665 2098 verum
1699 2070 1733 2097 ad
1747 2067 1839 2097 scele-

205 2128 279 2152 rum,
291 2127 352 2155 quae
366 2119 482 2154 quisque
494 2118 670 2154 perpetrarit,
684 2117 826 2145 ultionem.

363 2177 425 2204 NB'.
434 2193 469 2198 —
479 2176 661 2212 ΛΑΜΠΕΤΙῼ
679 2176 835 2211 ΜΟΝΔΧῼ.

458 2222 539 2252 Κατὰ
558 2223 741 2257 Μανιχαίων.

1165 2177 1218 2212 ιθ
1230 2176 1284 2204 Lll.
1298 2191 1332 2197 —-
1347 2175 1524 2203 LAMPETIO
1545 2172 1722 2202 MONACHO.

1303 2221 1401 2249 Contra
1415 2220 1442 2248 Μ
1446 2220 1589 2248 anichaeos.

240 2281 342 2309 Πολλοὶ
356 2283 508 2317 προφάσεις
518 2282 572 2309 sict
583 2283 633 2318 τῆς
647 2281 752 2317 ἀποχῆς
763 2281 818 2308 τῶν
830 2280 991 2316 βρωμάτων,

1083 2279 1173 2306 Multae
1186 2285 1274 2306 causa!
1288 2282 1367 2310 sunt,
1383 2276 1559 2312 quamobrem
1581 2283 1596 2302 a
1619 2274 1689 2303 cibis
1707 2273 1841 2309 quispiam

205 2327 253 2354 καὶ
272 2327 334 2360 ἐθος
351 2328 399 2355 καὶ
415 2327 508 2362 φύσις,
523 2328 569 2355 καὶ
585 2328 694 2363 γνῶμαι
717 2327 750 2354 δι’
766 2327 930 2362 ἐγκράτειαν
953 2334 1000 2352 τε-

204 2375 336 2412 λούμεναι
352 2375 419 2412 (5t).
428 2375 466 2403 Τὸ
485 2376 535 2411 μὲν
548 2375 604 2411 γὰρ
618 2376 693 2412 νόμῳ
705 2374 835 2407 πολλάκις
850 2373 998 2410 παραδεδο-

243 2453 266 2470 ¹⁹
294 2453 350 2482 Jer.
367 2461 386 2487 I,
406 2454 452 2481 Η.
493 2451 526 2468 ‘°‘
539 2452 672 2486 Marc.xt,
687 2453 730 2485 14.

1053 2333 1083 2354 se
1095 2326 1241 2358 abstineat,
1255 2325 1382 2351 nimirum
1400 2329 1426 2351 et
1440 2322 1618 2354 consuetudo,
1642 2326 1671 2349 et
1692 2325 1799 2352 natura,
1814 2324 1842 2347 et

1054 2372 1188 2404 instituta,
1212 2379 1272 2406 qua:
1295 2370 1469 2398 continentiae
1496 2375 1578 2396 causa
1599 2367 1744 2395 obeuntur.
1773 2365 1839 2393 Nam

762 2529 878 2558 VARle
897 2527 1094 2557 LEGTIONES
1110 2526 1155 2555 ET
1171 2525 1288 2555 ΝΟΤΔΕ,

247 2611 303 2646 (49)
332 2611 493 2640 lnseribitnr
519 2611 577 2638 hmc
599 2610 712 2646 epistola
740 2610 765 2637 iu
792 2609 889 2646 codd.__
900 2609 955 2646 Alt.
970 2615 998 2636 et

209 2643 272 2711 l\"at.
287 2643 338 2676 649
369 2656 423 2676 non
453 2643 624 2682 Σρατηγίῳ,’
638 2647 685 2674 sed
705 2645 853 2680 Σίταγιρίῳ,
871 2644 998 2680 Stagirio.

222 2686 316 2711 ‘ossm.

222 2686 316 2711 ‘ossm.

247 2718 305 2754 (50)
330 2718 470 2754 Lacunan
486 2718 617 2754 asterisco
640 2716 786 2754 indicatam
799 2714 934 2754 _explesis,
953 2722 1003 2754 an:

210 2749 330 2782 t-uirib'us
339 2753 420 2781 codd.
430 2753 536 2780 duobus
548 2752 602 2779 Alt.
611 2757 638 2779 et
651 2750 710 2778 Vat.
722 2751 785 2782 649,
799 2749 943 2777 inserendo
955 2749 1002 2776 τοῦ

212 2790 282 2817 inter
296 2789 392 2824 ἔχοντα
409 2793 438 2824 et.
453 2787 566 2824 κακοῦν.
582 2787 676 2824 νθνξιικ
693 2787 755 2824 inde
773 2786 851 2824 tertio
880 2793 928 2820 pro

213 2819 354 2851 ϐούλευίέαι
383 2823 468 2850 iidem
509 2822 609 2849 habent
629 2819 915 2856 βεϐούληταιηνθνευ
940 2820 1003 2856 hinc

213 2861 295 2887 altero
322 2863 384 2895 post
407 2857 564 2895 ἀπόρρητος
579 2892 583 2895 _
598 2854 769 2895 particulam
787 2854 859 2895 τᾲχα
879 2855 904 2881 hi
924 2855 1004 2895 ambo

213 2896 289 2923 codd.
305 2890 448 2923 inserunt.
463 2890 541 2920 Vere.
559 2890 607 2920 ult.
622 2891 681 2919 eod.
692 2891 746 2919 Alt.
764 2891 826 2926 legit
848 2890 923 2916 ἔσται
945 2890 1004 2916 loco

1052 2608 1120 2635 ἐστι.
1137 2608 1170 2635 Et
1178 2611 1248 2641 post,
1259 2606 1325 2642 πρὸς
1334 2606 1374 2639 δέ,
1390 2609 1445 2633 tam
1463 2605 1534 2632 idem
1546 2605 1600 2631 Alt.
1614 2611 1694 2642 quam
1710 2603 1769 2642 Vat:
1782 2601 1845 2642 (ὶόίᾷ,

1055 2637 1204 2679 adjungunt
1220 2637 1310 2677 κρίσιν
1317 2637 1372 2668 καῖ
1382 2650 1455 2679 τιμ.,
1470 2647 1534 2679 etc_.,
1553 2648 1613 2679 qua:
1623 2637 1700 2679 satis
1712 2637 1846 2663 verisimi-

1056 2673 1117 2706 litér
1135 2673 1219 2712 proba
1235 2673 1301 2704 sunt
1317 2681 1344 2703 et
1355 2673 1435 2704 editis
1447 2673 1625 2712 praal'ereiLda.
1643 2673 1749 2711 Possm.

1094 2705 1241 2749 (5l')Verba
1254 2711 1361 2749 γνῶμαι
1381 2705 1542 2749 τελούμεναι
1554 2705 1846 2749 ρίὶξςνιιιιξιιξηείιιςιιιογί

1059 2740 1173 2776 nn‘me'ro
1189 2747 1216 2774 in
1240 2740 1343 2774 dhobhs
1360 2747 1438 2774 codd.
1456 2740 1511 2771 ᾹΙι.
1537 2749 1564 2771 et
1587 2743 1645 2768 Vat.
1664 2741 1727 2772 649,
1748 2740 1846 2775 γνώμη

1055 2782 1234 2818 «nouam;
1248 2781 1313 2818 Qme
1340 2785 1490 2818 sequuntur
1513 2780 1538 2805 in
1551 2778 1640 2818 ‘edito
1661 2776 1731 2802 haud
1745 2776 1848 2818 melubie

1057 2810 1184 2846 mendosa
1199 2810 1241 2852 ιτῷ
1254 2810 1317 2852 ’μὲν
1332 2810 1388 2852 γὰρ
1413 2815 1501 2852 νόμῳ.
1515 2812 1645 2852 πολλάκις
1665 2810 1847 2852 παραδέδοται

1057 2854 1126 2884 ἔθος.
1145 2845 1305 2887 (ἐστιὶξοόχ
1323 2845 1419 2878 ἱὶἐιίοιιι
1434 2845 1512 2877 codd.
1533 2847 1564 2872 τὸ
1583 2846 1631 2881 μὲν
1646 2845 1846 2887 γὰρχτθιετιῃι·

1060 2879 1162 2919 ξιιὲοοξ
1180 2879 1295 2923 primum
1311 2892 1409 2914 nomen
1429 2879 1659 2916 enumeratorum)
1683 2879 1759 2915 νόμῳ
1784 2879 1844 2907 πολ-
