2064 3159
256 158 308 194 235

848 157 878 188 S.
902 155 1049 189 ISI'DORI
1068 158 1286 191 PELUSIOT/E

1833 158 1886 190 236

257 221 341 256 ipsius
353 223 446 254 pectus
468 217 593 252 trajicere
610 214 752 251 potuisset.
767 214 808 242 Ad
827 216 950 243 eumdem
964 216 1030 251 igitu

1097 218 1276 253 τρωσκὸντων
1293 217 1342 253 τὴν
1366 216 1456 252 ψυχὴν
1480 215 1564 251 ξιφῶν
1584 215 1790 252 ὑπερανάσχῃς,
1809 217 1885 244 ἀντι-

256 266 367 294 modum
392 263 414 291 si
439 267 466 289 tu
488 267 595 295 quoque
616 267 688 294 eam,
708 267 787 295 quam
810 266 859 295 par
880 264 932 293 est,
957 260 1040 288 animi

258 309 472 345 magnitudinem
487 305 656 340 praestiteris,
667 305 933 342 gladiisque,quibus
949 305 1040 333 anima

255 354 477 385 convulneratur,
494 351 640 387 superatis,
658 356 684 379 te
700 351 727 380 in
752 351 837 379 animi
860 351 1041 387 tranquillita-

259 405 313 428 tem
334 397 504 431 asserueris,
526 397 616 434 angeli
637 397 688 426 tibi
713 401 775 432 post.
797 397 940 425 victoriam
959 397 1041 425 mini-

253 445 427 474 strabunt”:
444 452 499 472 non
525 444 635 479 quidem
651 443 776 472 senilem
790 443 817 471 in
832 444 940 472 modum
956 443 1038 471 mini-

1093 262 1192 289 τυπίαν
1208 262 1380 298 κτησάμενος
1397 263 1445 299 τὴν
1461 262 1604 293 ἀπάθειαν,
1618 260 1729 295 ἄγγελοι
1746 269 1787 287 σοι
1812 261 1885 296 μετὰ

1092 307 1143 342 τὴν
1160 307 1249 343 πάλην
1262 308 1478 344 διακονήσουσιν,
1494 308 1525 334 οὺ
1540 306 1672 338 δουλικῶς
1693 307 1887 342 ὑπηρετούμε-

1093 361 1144 385 νοι,
1159 352 1252 388 ἐπειδὴ
1266 352 1345 380 τοῦτο
1363 352 1422 388 Θεῷ
1440 353 1512 388 μόνῳ
1529 351 1667 386 ὠφείλετο,
1690 350 1758 378 ἀλλὰ
1777 359 1885 386 νικητι-

1095 398 1151 430 κῶς
1173 398 1366 433 στεφανοῦντες
1381 407 1422 425 σε.
1436 397 1536 425 Τοῦτον
1549 397 1603 433 γὰρ
1618 396 1674 432 ἔχει
1700 396 1795 432 μισθὸν
1808 397 1822 423 ὁ
1837 397 1884 424 τὸν

1092 443 1215 479 παρόντα
1233 444 1327 479 ἀγῶνα
1339 444 1470 479 γενναίως
1483 443 1685 478 άνδριζόμενος.

253 497 370 524 strantes
396 491 624 528 (quandoquidem
646 491 697 519 hoc
723 490 772 519 soli
795 490 852 518 Deo
872 489 1051 526 debebatur),
1072 497 1166 518 verum
1187 491 1299 519 victoris
1319 491 1346 519 in
1375 498 1479 519 morem
1503 495 1584 525 caput
1608 494 1683 518 tuum
1705 496 1804 518 corona
1825 488 1884 517 cin-

251 545 357 575 gentes.
373 538 449 567 lianc
460 538 532 566 enim
546 536 698 565 mercedem
710 536 792 564 habet
807 536 853 571 qui
866 535 894 564 in
907 536 1033 571 praesenti
1052 537 1202 564 certamine
1229 541 1339 564 strenue
1355 543 1384 563 se
1401 535 1480 571 gerit.

499 583 615 612 LXXVI.
630 599 665 604 —-
680 584 802 612 EIDEM.

371 642 427 670 Cur
439 641 540 677 lapides
555 649 608 669 non
619 640 681 676 fecit
695 649 775 676 panes
791 641 928 669 Dominus.

287 731 364 765 Quod
382 731 484 766 lapides
500 738 515 758 a
530 730 640 759 Christo
654 730 680 758 in
693 737 777 766 panes
788 730 899 758 minime
913 731 1037 758 conversi

257 777 344 805 sint"
359 776 411 813 (vir
422 776 668 811 praestantissime),
684 782 738 803 non
754 776 854 803 idcirco
868 774 968 803 factum
983 781 1036 809 est,

1340 584 1408 616 oq'.
1420 597 1454 602 —
1469 583 1512 618 Ta
1533 583 1634 618 ΔΥΤῼ.

1116 639 1175 666 -Διὰ
1194 639 1222 666 τι
1241 639 1308 672 τοὺς
1335 639 1514 701 λίθουςὲρὺκ
1536 639 1680 673 ἐποίησεν
1698 638 1806 673 ἄρτους
1828 638 1846 666 ὁ

1450 682 1542 701 υοιοίι.

1450 682 1542 707 υριος.

1129 729 1160 756 Οἱ
1173 729 1252 761 λίθοι,
1263 729 1340 765 ἄρτοι
1353 729 1427 765 παρὰ
1438 729 1555 765 Χριστοῦ
1565 729 1595 756 οὺ
1609 729 1761 763 γεγόνασιν,
1772 729 1880 763 ἄριστε,

1088 774 1149 810 οὐχὶ
1162 775 1210 810 τῆς
1221 775 1295 810 ὥρας
1306 775 1359 801 τῶν
1371 774 1517 810 θαυμάτων
1527 773 1590 810 [ἔτι]
1601 775 1638 810 μὴ
1649 774 1799 810 παρούσης,
1807 774 1845 805 ὡς
1855 774 1881 801 οἱ

251 822 323 858 qttod
335 822 500 850 edendorum
511 821 702 849 miraculorum
717 825 822 855 tempus
835 822 952 848 nondum
963 822 1032 849 ades-

1088 820 1246 855 κακόσχολοι
1260 820 1458 856 ῥητορεύουσιν,
1471 820 1540 848 ἀλλὰ
1550 821 1600 855 τῆς
1614 820 1747 856 αἰτήσεως
1760 820 1880 855 ματαίας

249 874 302 901 set,
316 867 541 903 quemadmodum
567 866 636 894 male
649 866 739 894 feriati
754 866 878 895 homines
891 868 1014 902 garriunt
1027 877 1033 895 :

249 913 296 941 sed
317 913 378 947 quia
398 912 493 947 petitio
509 919 578 939 vana
593 915 662 944 erat,
676 916 703 938 et
718 913 832 946 petitore
856 912 948 947 digna.
966 912 1035 941 Deus

249 959 321 986 enim
337 957 390 993 25
406 957 496 985 omnia
519 964 580 985 cum
598 957 726 992 pondere,
743 965 879 990 mensura,
894 962 921 985 et
943 966 1036 986 neces-

250 1006 330 1032 sitate
352 1004 477 1039 largitur.
495 1003 546 1031 Ubi
565 1008 657 1031 autem
673 1004 745 1038 quod
762 1004 892 1038 quaeritur
906 1011 1035 1039 superva-

248 1058 363 1079 caneum
386 1055 446 1083 est,
463 1049 518 1077 illic
537 1057 644 1085 quoque
666 1049 797 1077 miracula
819 1050 900 1077 edere
922 1057 1035 1084 prorsus

249 1096 467 1131 intempestivum
486 1099 537 1122 est.

459 1141 529 1168 LXX
535 1140 587 1168 \‘ll.
595 1156 630 1161 —-
642 1141 821 1170 DlOSCORO.

318 1199 484 1234 lmpouibile
498 1207 554 1226 esse
570 1199 596 1226 in
613 1199 698 1226 medio
714 1200 828 1227 tumultu
842 1200 963 1228 uirtutem

580 1242 708 1261 exercere.

284 1291 375 1327 Usque
403 1291 469 1318 adeo
493 1291 526 1318 ad
549 1291 663 1319 salutem
704 1291 830 1318 conducit
854 1298 976 1320 secessus
1000 1293 1034 1320 ab

248 1338 359 1365 urbanis
371 1336 539 1368 tumultibus,
554 1340 583 1363 ut
599 1336 680 1363 etiam
696 1335 743 1364 Dei
754 1336 837 1364 Filius
850 1336 952 1365 relictis
962 1337 1034 1365 urbi-

248 1384 309 1416 bus,
322 1390 379 1416 eos,
394 1382 440 1417 qui
455 1389 516 1409 cum
534 1382 650 1417 puritate
666 1382 772 1415 vivunt,
788 1382 814 1410 in
830 1383 930 1410 montis
950 1390 1032 1411 cacu-

248 1428 321 1454 mine
344 1427 438 1454 beatos
459 1425 613 1460 praedicarit
641 1426 673 1452 ⁹⁸.
700 1425 729 1453 In
760 1434 813 1462 quo
835 1435 884 1462 per
909 1435 950 1460 ea,
974 1435 1033 1462 quae

248 1472 374 1504 faciebat,
396 1471 461 1498 illud
475 1470 643 1504 ostendebat,
666 1471 723 1498 fieri
743 1478 796 1498 non
824 1479 914 1506 posse,
936 1478 965 1500 ut
987 1473 1032 1507 qui

1089 865 1182 901 οὔσης,
1197 867 1244 893 καὶ
1257 867 1296 902 τῷ
1313 866 1437 902 ζητοῦντι
1452 866 1619 902 πρεπούσης.
1633 866 1699 898 Θεὸς
1713 866 1766 902 γὰρ
1791 865 1881 893 πάντα

1090 911 1197 948 στάθμῃ
1214 912 1282 947 (733),
1294 912 1341 938 καὶ
1351 913 1452 947 μέτρῳ,
1469 912 1516 939 καὶ
1530 912 1611 947 χρείᾳ
1624 912 1775 947 χαρίζεται.
1793 911 1880 939 Ἔνθα

1088 957 1115 983 δὲ
1131 957 1184 993 [τὸ]
1203 958 1330 994 περιττὸν
1345 958 1374 985 τὸ
1391 957 1568 994 ζητούμενον,
1591 958 1638 984 κα)⁸
1660 957 1690 984 τὺ
1705 957 1880 993 θαυματουρ-

1088 1003 1146 1035 γεϊν
1162 1002 1270 1034 πάντως
1282 1002 1334 1029 οὐκ
1350 1002 1487 1038 εὔκαιρον.

1325 1139 1384 1166 οΖι.
1406 1153 1440 1158 -
1459 1138 1637 1173 ΔΙΟΣΚΟΡῼ.

1071 1188 1087 1196 θ
1101 1197 1151 1223 υτι
1164 1196 1321 1231 ἀμήχανοι·
1337 1197 1372 1223 ἐν
1386 1197 1470 1259 per?!)
1488 1198 1623 1231 θορύϐων
1642 1196 1754 1231 ἀρετὴν
1769 1205 1876 1232 κατορ-

1447 1240 1532 1259 ωσαι.

1447 1240 1532 1259 ωσαι.

1122 1290 1254 1317 Τοσοῦτον
1270 1290 1432 1325 χρησιμεύει
1448 1290 1517 1325 πρὸς
1539 1289 1675 1325 σωτηρίαν
1690 1290 1707 1325 ὴ
1723 1290 1777 1316 τῶν
1794 1288 1877 1326 θορύ-

1087 1334 1142 1361 ϐων
1158 1335 1214 1369 (76)
1237 1335 1291 1361 τῶν
1309 1335 1427 1362 ἀστικῶν
1451 1335 1634 1371 ἀναχώρησις,
1650 1336 1691 1362 ὅτι
1707 1335 1757 1366 τὰς
1783 1335 1877 1367 πόλεις

1087 1380 1245 1408 καταλιπὼν
1261 1382 1274 1408 ὁ
1293 1381 1340 1407 τοῦ
1357 1381 1424 1407 Θεοῦ
1441 1381 1514 1413 Υἱὸς,
1539 1382 1581 1407 ἐπ’
1597 1382 1688 1417 ἄκρων
1713 1382 1798 1416 ὀρέων
1812 1382 1877 1413 τοὺς

1087 1425 1214 1462 καθαρῶς
1231 1427 1354 1461 βιοῦντας
1371 1427 1532 1463 ἐμακάριζε.
1549 1428 1661 1459 Δεικνὺς
1680 1427 1714 1455 δι’
1727 1425 1765 1454 ὦν
1787 1428 1877 1462 πράτ-

1086 1480 1140 1498 των
1156 1471 1305 1504 ὲδίδασκεν,
1326 1472 1363 1504 ὡς
1387 1472 1526 1505 ἀδύνατον,
1544 1473 1589 1499 τὸν
1607 1474 1645 1509 μὴ
1663 1473 1876 1500 ἀποσπασθέντα

248 1518 282 1545 ab
300 1518 393 1545 inferis
412 1517 496 1544 rebus
516 1517 626 1544 minime
652 1524 682 1544 se
700 1517 886 1550 abstraxisset,
906 1523 986 1553 atque
1000 1518 1032 1546 ad

1086 1517 1140 1543 τῶν
1159 1517 1347 1553 χαμαιζήλων,
1371 1519 1417 1544 καὶ
1433 1519 1501 1554 πρὸς
1518 1519 1567 1554 τὴν
1585 1519 1672 1554 ἄκραν
1695 1519 1794 1554 ἀρετὴν
1811 1519 1876 1545 άνα-

247 1563 356 1591 virtutis
375 1561 513 1598 fastigium
526 1562 703 1596 ascendisset,
719 1563 814 1591 beatus
831 1571 845 1590 a
868 1564 922 1591 Deo
937 1572 1032 1592 cense-

247 1613 333 1641 retur,
367 1612 414 1636 aut
442 1608 533 1636 futura
560 1608 629 1636 bona
642 1615 864 1644 consequeretur.
892 1609 962 1637 Nam
987 1611 1039 1645 qui-

249 1662 365 1690 superna
392 1655 482 1690 sapit,
512 1654 566 1682 illic
591 1654 695 1682 habitat
720 1654 765 1682 ubi
792 1655 915 1684 Christus
939 1660 981 1683 est
1005 1656 1031 1683 in

247 1699 343 1728 dextra
354 1701 399 1728 Dei
417 1701 513 1728 sedens
529 1701 563 1728 ".

413 1755 552 1784 LXXVIII.
565 1771 600 1778 --
613 1756 726 1784 ESAUE
743 1757 857 1784 MlLlTI.

377 1801 418 1828 Ad
430 1802 539 1828 militem
556 1801 705 1829 inordinate
721 1810 747 1829 se
762 1806 901 1836 gerentem.

281 1859 310 1887 Si
325 1859 473 1895 gladiorum
500 1860 638 1895 cuspides,
654 1864 681 1888 et
706 1860 821 1895 galeam,
838 1867 870 1887 ac
895 1860 1030 1888 thoracem

245 1905 370 1941 praesidio
399 1905 445 1932 tibi
473 1905 506 1932 ad
535 1905 603 1932 bene
624 1905 766 1932 vivendum
790 1912 850 1932 esse
880 1906 1029 1939 existimas,

244 1951 349 1985 praedas
371 1957 453 1985 agens
478 1957 510 1977 ac
534 1950 590 1977 vias
608 1950 730 1977 desertas
754 1951 879 1982 reddens,
898 1951 948 1978 hoc
964 1951 1031 1978 scito

246 1996 343 2023 multos
365 1995 466 2022 ﬁrmius
493 1999 518 2022 te
536 1999 626 2029 septos
648 2000 676 2022 et
702 2000 821 2022 armatos
850 1995 1030 2024 miserrimam

246 2046 360 2068 mortem
376 2041 518 2068 retulisse.
536 2040 666 2075 Exemplo
697 2041 767 2073 sint,
785 2049 817 2068 ex
837 2041 870 2068 iis
891 2042 936 2076 qui
962 2043 1032 2077 apud

245 2094 294 2114 nos
315 2087 464 2114 litterarum
488 2086 668 2114 monumentis
684 2087 833 2122 consignati
854 2092 927 2120 sunt,
947 2087 1029 2122 Oreb,

243 2132 309 2164 'Leb,
326 2132 423 2165 Zebee,
440 2132 578 2165 Sahnana,
589 2132 755 2167 Abimelech,
769 2133 887 2165 Goliath,
900 2134 1028 2168 Absalon,

1086 1562 1181 1596 ὖάντα,
1201 1563 1402 1598 μακαρισθῆναι
1421 1564 1496 1599 παρὰ
1509 1563 1586 1596 Θεοῦ,
1610 1564 1626 1600 ἢ
1646 1563 1699 1591 τῶν
1723 1563 1874 1599 μελλόντων

1083 1609 1173 1643 τυχεῖν
1186 1608 1305 1642 ἀγαθῶν.
1328 1609 1357 1635 '0
1372 1609 1427 1645 γὰρ
1450 1610 1484 1635 τὰ
1500 1610 1556 1636 ἄνω
1571 1610 1688 1645 φρονῶν,
1705 1611 1764 1636 ἐκεῖ
1780 1617 1873 1636 κατοι-

1083 1654 1136 1686 κεῖ,
1163 1650 1194 1680 οὗ
1214 1654 1331 1689 Χριστός
1357 1654 1431 1681 ἐστιν
1455 1655 1485 1681 ὲν
1509 1654 1583 1690 δεξιᾷ
1606 1654 1653 1681 τοῦ
1669 1655 1738 1682 Θεοῦ
1759 1654 1874 1687 καθεζό-

1085 1707 1174 1733 μενος.

1262 1760 1325 1786 οιιι.
1337 1773 1371 1780 -
1385 1760 1488 1795 nuta
1504 1759 1706 1796 ΣΤΡΑΤιΩτιι.

1231 1806 1311 1840 Πρὸς
1326 1807 1510 1840 στρατιώτην
1523 1807 1719 1834 ἀτακτοῦντα.

1124 1862 1154 1888 Et
1173 1862 1263 1889 ὃπλων
1287 1863 1384 1898 αἰχμαὶ
1408 1863 1474 1898 (77),
1497 1863 1543 1889 καὶ
1564 1863 1672 1899 κράνος,
1697 1864 1744 1890 καὶ
1770 1863 1871 1898 θώραξ,

1084 1907 1222 1942 ἀσφάλειά
1233 1917 1273 1934 σοι
1288 1909 1356 1943 πρὸς
1367 1909 1482 1941 εὐζωΐαν
1497 1909 1663 1944 νενόμισται,
1674 1909 1872 1936 λωποδυτοῦντι

1082 1954 1131 1981 καὶ
1147 1954 1196 1985 τὰς
1215 1953 1366 1989 λεωφόρους
1390 1954 1552 1989 ἐρημοῦντιι
1573 1955 1625 1981 ἴσθι
1643 1954 1680 1986 ὡς
1704 1955 1796 1981 πολλοὶ
1809 1955 1874 1981 δυσ-

1082 2000 1247 2034 αλωτότερὸν
1266 2008 1312 2026 σου
1326 2000 1509 2035 φραξάμενοι,
1534 2001 1666 2027 οἴκτιστον
1684 2002 1874 2036 ἀπηνέγκαντο

1083 2046 1207 2073 Θάνατον.
1234 2046 1302 2081 Παρ’
1328 2046 1394 2081 ἡμῖν
1421 2046 1469 2082 μὲν
1493 2047 1678 2082 ἀνάγραπτοι,
1709 2048 1802 2082 Ὠρὴδ,
1826 2048 1872 2074 καὶ

1081 2091 1178 2127 Ζηὸεὲ,
1207 2092 1254 2118 καὶ
1277 2091 1415 2126 Σαλμανὰ,
1451 2092 1594 2127 ’Δῦιμελὲχ
1616 2093 1664 2119 καὶ
1686 2092 1794 2124 Γολιάθ,
1824 2094 1873 2120 καὶ

1089 2136 1275 2172 Ἀὄησσαλὼν,
1294 2138 1341 2164 καὶ
1365 2137 1421 2164 ὅσοι
1439 2137 1498 2164 κατ’
1521 2138 1653 2170 ἐκείνους.
1677 2138 1757 2173 Παρὰ
1771 2139 1799 2165 δὲ
1815 2140 1874 2170 τοῖς

245 2173 343 2213 aliique
366 2178 409 2206 itis
427 2178 529 2206 similes
544 2179 553 2194 ¹
570 2187 576 2206 :
600 2180 669 2214 apud
687 2185 794 2207 exteros
811 2185 912 2213 autem,
932 2181 1029 2208 liecto-

1090 2182 1154 2215 ἔξω,
1182 2183 1324 2218 Ἐκτορες,
1352 2183 1399 2210 καὶ
1426 2183 1549 2215 Αῐαντες,
1573 2185 1620 2211 καὶ
1644 2184 1720 2211 αὐτοὶ
1745 2185 1768 2211 οἱ
1798 2185 1872 2220 μέγα

243 2230 289 2250 res
299 2227 326 2250 et
338 2222 446 2256 Aiaces,
464 2227 544 2258 atque
564 2223 614 2258 ipsi
629 2223 836 2257 Lacedaemonii,
857 2225 903 2260 qui
925 2226 1030 2254 roboris

244 2270 352 2296 nomine
376 2277 457 2304 supra
471 2277 566 2298 omnes
592 2270 718 2298 mortales
733 2271 839 2306 gloriati
857 2276 930 2306 sunt,
962 2280 1030 2308 quo-

244 2314 316 2341 niam
337 2314 469 2348 justitiam
500 2315 626 2349 potentiae
657 2316 781 2344 comitem
820 2317 1028 2353 haudquaquam

243 2359 404 2386 habuerunt.
432 2358 523 2392 Quare
547 2360 600 2388 nisi
630 2369 714 2389 vanus
733 2362 811 2390 miles
834 2369 895 2390 esse
914 2362 964 2394 vis,
994 2363 1028 2390 ad

243 2404 383 2439 spirituaie
404 2404 503 2432 bellum
520 2407 716 2441 quamprimum
735 2412 760 2435 te
784 2412 923 2442 converte,
947 2412 1028 2443 atque

1085 2229 1193 2256 πάντων
1208 2229 1392 2264 φρονήσαντες
1403 2229 1609 2264 Λακεδαιμόνιοι
1622 2230 1669 2257 ἐπὶ
1679 2230 1768 2266 ῥώμῃ,
1777 2231 1871 2266 ἐπειδὴ

1084 2275 1133 2301 οὐκ
1150 2274 1228 2309 ἔσχον
1249 2274 1397 2310 σύνδρομον
1417 2276 1449 2310 τῇ
1467 2275 1580 2310 δυνάμει
1595 2276 1625 2302 τὸ
1647 2275 1759 2303 δίκαιον.
1777 2277 1808 2303 Εἰ
1824 2274 1872 2303 οὖν

1086 2320 1124 2355 μὴ
1150 2320 1263 2356 μάταιος
1288 2318 1357 2347 εἶναι
1382 2320 1471 2355 βούλει
1493 2321 1616 2357 ὁπλίτης,
1640 2321 1722 2355 ὀξέως
1743 2321 1812 2356 πρὸς
1825 2322 1871 2348 τδν

1083 2365 1177 2400 νοητὸν
1195 2366 1344 2401 μετάταξαι
1367 2367 1495 2403 πόλεμον,
1514 2368 1562 2395 καὶ
1589 2367 1688 2403 μᾶλλον
1710 2368 1743 2402 τῇ
1771 2366 1869 2394 σαυτοῦ

1081 2410 1181 2446 ἀταξίᾳ
1197 2410 1362 2447 πολέμησον.

242 2451 269 2478 id
282 2451 370 2485 potius
389 2458 447 2486 age,
471 2457 500 2479 ut
515 2453 644 2482 adversus
668 2454 837 2484 inordinatos
855 2460 916 2484 tuos
929 2460 1019 2484 motus
1040 2456 1140 2484 bellum
1162 2464 1250 2493 geras.

274 2528 300 2572 “It
309 2527 402 2572 Matth.
419 2538 456 2563 tv,
474 2530 515 2558 Il.
551 2532 573 2548 "’
588 2532 653 2560 ibid.
673 2534 699 2560 5.
739 2533 761 2549 ³⁸
777 2532 872 2561 Matth.
894 2541 920 2567 ν,
945 2533 972 2561 8.
1017 2534 1032 2550 "

1085 2533 1145 2562 )los.
1163 2542 1204 2569 ιιι,
1220 2535 1246 2563 1.
1285 2536 1294 2551 ί
1311 2535 1397 2564 Judic.
1414 2544 1470 2569 vn;
1489 2535 1577 2565 Judic.
1594 2544 1661 2570 vui;
1677 2537 1687 2564 Ι
1707 2537 1773 2572 Reg.
1795 2545 1868 2571 uti;

242 2561 263 2589 ll
281 2563 346 2598 Reg.
363 2571 438 2592 xvnl.

788 2645 905 2672 VARIL
925 2645 1120 2674 LECTIONES
1138 2646 1183 2674 ET
1201 2645 1319 2674 ΝΟΤᾸΕ.

287 2719 343 2754 (75)
356 2721 406 2758 Pro
423 2721 529 2758 σταθμῇ
550 2721 626 2749 codd.
649 2720 709 2748 Vat.
729 2720 780 2748 649
795 2725 821 2748 et
841 2721 896 2749 Alt.
919 2722 1023 2757 legunt,

239 2758 306 2784 σταο
312 2758 362 2784 αὐ.
377 2757 481 2784 Possm.

276 2767 306 2784 πυ
332 2767 362 2784 l‘).
379 2767 481 2784 ινοδδιιι.

276 2767 409 2828 (Ἰῶᾪυςι
419 2790 540 2828 θορύβων
549 2791 607 2818 cod.
620 2790 763 2828 Alt._atidit
778 2791 934 2828 πολιτικῶν,
944 2791 1022 2828 vers.

240 2825 258 2862 5
281 2825 329 2862 pro
352 2825 561 2862 ἀποσπασθέντα
582 2825 765 2862 codd.»Vatic.
779 2826 836 2862 βω
862 2832 886 2853 et
901 2827 955 2853 Alt.
975 2827 1024 2862 ha-

241 2858 304 2889 bent
318 2861 488 2888 eumcena.
499 2861 576 2887 γιιινε.
593 2860 696 2895 penult.
708 2867 756 2894 pro
764 2858 794 2888 οὗ
806 2861 933 2897 Χριστὸς,
944 2860 1023 2890 codd.

1081 2721 1236 2759 Sfortianus
1250 2726 1278 2750 et
1302 2722 1357 2750 Alt.
1371 2723 1468 2759 legunt
1490 2724 1504 2750 ὸ
1520 2724 1648 2759 Χριστός.
1667 2725 1743 2753 Vers.
1761 2726 1856 2756 ultimo

1078 2758 1153 2784 ἐστὶν
1168 2757 1244 2784 abest
1260 2765 1275 2784 ιι
1290 2759 1350 2784 cod.
1368 2757 1515 2786 Sfortiano.
1531 2757 1636 2786 Possm.

1115 2793 1172 2827 (77)
1193 2793 1244 2819 ιντο
1257 2793 1355 2831 aqua}
1368 2794 1427 2820 cod.
1443 2793 1498 2831 Ait.
1515 2795 1617 2831 scribit,
1636 2795 1736 2831 ἀκμαὶ,
1751 2799 1778 2824 et.
1793 2803 1864 2831 vers,

1079 2833 1205 2863 antepen.
1221 2834 1270 2863 pro
1285 2827 1408 2862 ὁπλίτης,
1426 2827 1547 2864 πολίτης.
1566 2829 1669 2858 Possm.
