2064 3159
242 189 296 223 243

825 193 855 224 S.
877 194 1022 224 ISIDORI
1041 194 1259 225 PELUSIOTrE

1814 191 1868 224 2ίὲ

247 243 385 273 mollitiem
408 243 536 278 impetum
557 243 660 276 facere,
678 244 909 282 cupiditatumque
924 248 1029 276 machi-

1084 249 1132 284 τῆς
1151 248 1325 284 χαυνώσεως,
1344 249 1390 276 καὶ
1405 249 1605 285 ἀποκρούεσθαι
1621 250 1741 284 στερρῶς
1755 249 1804 281 τὰς
1813 250 1869 276 τῶν

247 297 296 317 nas
312 293 392 323 atque
414 291 546 315 tormenta
559 287 672 316 ﬁrmiter
681 290 848 324 propulsare.
862 291 1028 321 Documento

246 339 309 361 sunt
333 333 447 361 celebris
475 332 518 360 illa
548 332 682 368 Susanna,
709 343 770 363 cum
790 336 843 364 filia
863 336 990 372 Jephthe,
1004 343 1031 366 et

246 379 404 406 admiranda
427 377 530 406 Iudith.
551 380 669 413 Quarum
693 382 779 415 prima
795 390 891 410 senum
905 384 1031 418 intempe-

247 428 350 450 rantem
370 423 507 451 libidinem
526 424 669 460 injuvenili
685 430 764 454 aetate
778 429 930 462 superavit;
947 429 1030 457 altera

244 473 359 496 mortem
373 476 479 503 quoque
493 476 589 505 magno
605 470 696 498 animo
717 473 846 507 suscepit,
871 478 952 508 atque
969 481 1030 502 cum

243 514 402 549 virginitate
420 514 549 549 praeclare
567 516 699 544 abscessit
713 525 720 550 ;
734 522 869 551 postrema
883 526 931 554 pro
946 519 1029 547 casti-

244 560 310 586 tatis
324 560 434 594 praemio
456 560 507 587 hoc
527 568 542 588 a
559 560 614 588 Deo
628 563 743 597 accepit,
756 567 784 590 ut
803 569 917 599 tyranno
937 573 1030 593 necem

243 604 363 633 afferret.
383 605 458 634 Adde
484 606 656 635 muliebrium
678 608 850 637 victoriarum
865 617 897 637 ac
916 615 1028 646 tropmo~

243 659 303 678 rum
327 657 420 686 caput,
441 652 492 680 hoc
518 657 560 680 est
582 653 653 681 illam
674 655 794 682 omnium
817 656 941 684 laudibus
959 657 1030 685 cele-

245 697 350 724 bratam
372 697 512 731 'l‘heclam,
537 705 596 733 qua:
621 703 751 735 tanquam
774 701 936 729 immortalis
958 703 1031 737 pudi-

238 738 316 768 citiae
330 741 453 770 columna
467 747 582 778 prostat,
600 751 713 779 quaeque
728 753 743 773 e
758 746 845 773 media
863 747 1029 775 turbidarum

245 786 414 814 atTectionum
443 792 600 822 tempestate
623 794 750 825 tanquam
776 790 820 818 fax
850 799 974 825 accensa,
997 793 1031 820 ad

245 837 350 866 portum
374 833 407 860 ab
433 833 557 862 omnibus
584 834 710 863 ﬂuctibus
739 837 885 864 immunem
917 838 1030 873 appulit.

247 878 377 911 Quocirca
392 878 415 905 si
423 879 456 906 ad
470 879 541 907 hunc
555 881 663 908 modum
677 881 769 910 laudes
781 886 886 910 vestras
901 887 1028 918 tanquam

1083 294 1236 330 ἐπιθυμιῶν
1259 294 1405 327 ἑλεπόλεις.
1431 295 1487 322 Καὶ
1505 295 1657 322 διδάσκαλοι
1680 295 1786 328 τούτου,
1810 296 1868 321 Σω-

1083 340 1168 367 σάννα
1181 342 1198 376 ἡ
1214 340 1336 376 εὐκλεὴς,
1353 342 1400 367 καὶ
1418 342 1434 377 ἡ
1450 341 1573 377 θυγάτηρ
1596 341 1692 376 Ἰεφθὲ,
1708 341 1755 367 καὶ
1768 342 1785 376 ὴ
1802 341 1867 367 θαυ-

1084 385 1173 421 μαστὴ
1204 385 1322 421 Ἰουδὴθ-
1344 387 1360 421 ὴ
1382 386 1431 421 μὲν
1460 387 1596 422 γερόντων
1620 387 1768 413 ἀκολασίαν
1791 386 1868 421 νική-

1083 440 1154 458 σασα
1173 432 1202 458 ὲν
1218 431 1341 466 νεότητι·
1371 432 1388 467 ἡ
1413 431 1441 458 δὲ
1456 433 1503 459 καὶ
1525 432 1639 459 θάνατον
1659 432 1789 467 ἀνδρείως
1808 431 1868 458 ἑλο-

1085 476 1163 511 μένη,
1180 476 1226 502 καὶ
1242 477 1274 511 τῇ
1297 475 1430 517 παρθενίᾳ
1453 475 1659 503 συναπελθοῦσα
1682 476 1830 511 ἀοιδίμως·
1850 477 1867 510 ἡ

1082 521 1111 548 δὲ
1131 521 1225 557 μισθὸν
1239 521 1289 556 τῆς
1305 521 1488 557 σωφροσύνης,
1506 521 1618 557 δύναμιν
1639 521 1717 557 παρὰ
1736 521 1803 548 Θεοῦ
1828 522 1869 548 εί-

1082 568 1192 603 ληφυῖα,
1215 568 1425 603 τυραννοκτόνος
1440 567 1575 601 γενέσθαι.
1600 567 1655 594 Καὶ
1672 567 1702 593 τὸ
1722 567 1869 601 κεφάλαιον

1082 613 1136 639 τῶν
1148 613 1309 647 γυναικείων
1329 612 1411 639 νικῶν
1426 613 1473 640 καὶ
1494 612 1641 648 τροπαίων,
1658 613 1675 647 ἡ
1691 612 1870 647 πανεὺφημὸς

1082 658 1181 689 Θέκλα,
1196 659 1280 693 στήλη
1298 658 1403 689 αἰώνιος
1416 658 1526 692 ἁγνείας
1541 657 1658 691 ἑστῶσα,
1673 657 1710 689 ὡς
1722 657 1825 693 πυρσὸς
1837 658 1871 684 ὲκ

1084 703 1167 738 μέσου
1182 703 1228 730 τοῦ
1243 703 1375 734 κλύδωνος
1396 703 1450 730 τῶν
1467 702 1560 729 παθῶν
1579 702 1740 737 ἀναφθεῖσα,
1760 703 1800 732 είς
1824 701 1870 728 τὺν

1083 747 1207 783 ἀκύμονα
1231 749 1375 784 κατάρασα
1387 748 1494 783 λιμένα.
1513 748 1544 774 Et
1569 747 1657 774 τοίνυν
1677 747 1764 779 οὕτως
1787 747 1871 782 ἀναῤ-

1084 794 1200 829 ρηοῆναι
1222 794 1389 828 ἐπιθυμεῖτε,
1400 793 1449 825 τὰς
1460 793 1602 828 λαμπάδας
1625 793 1772 824 ἁσϐἐστους
1785 794 1870 828 τηρή-

1084 847 1162 866 σατε·
1177 840 1191 865 ὁ
1205 839 1259 874 γὰρ
1272 840 1388 874 νυμφίος
1402 838 1483 870 εὐθὺς
1501 839 1698 875 παραγίνεται·
1715 838 1761 865 καὶ
1776 838 1872 873 μηδεὶς

1084 884 1156 919 ὑμᾶς
1173 884 1256 916 ὕπνος
1278 885 1444 920 ἡδυπαθείας
1465 885 1605 921 ἀνακλίνῃ,
1623 885 1636 911 ό
1652 884 1703 917 ἔξω
1718 884 1767 918 τῆς
1784 883 1871 918 θύρας

244 923 379 956 praeconis
402 930 469 952 voce
492 925 632 959 praedicari
658 926 766 960 cupitis,
783 927 960 955 inexstinctas
978 935 1026 956 ve-

1084 929 1125 956 τοῢ
1142 929 1284 965 νυμφῶνος
1300 930 1348 962 τὰς
1366 930 1487 964 ὑπνηλὶς
1509 930 1558 956 καὶ
1574 929 1713 965 ῥᾳθύμους
1734 928 1870 964 κατέχων.

244 974 315 998 stras
333 971 470 1006 lampades
481 977 641 1000 conservate
657 973 758 1009 (statim
772 976 844 1002 enim
860 983 975 1010 sponsus
993 977 1135 1005 adfuturus
1149 978 1213 1012 est),
1227 985 1313 1012 neque
1325 978 1496 1010 committite,
1518 982 1547 1004 ut
1562 985 1609 1005 vos
1626 977 1696 1004 ullus
1716 975 1865 1011 voluptatis

245 1025 356 1047 somnus
374 1020 516 1055 deprimat,
530 1021 577 1055 qui
594 1022 722 1049 socordes
732 1030 764 1049 ac
784 1024 969 1053 somnolentas
979 1029 1057 1053 extra
1076 1025 1186 1053 thalami
1199 1025 1272 1054 fores
1288 1026 1429 1054 retinet".

440 1076 534 1113 LXXX
542 1078 606 1106 Vill.
622 1094 657 1099 —
674 1079 836 1108 ARSENIO.

299 1121 376 1153 Quod
390 1122 431 1150 illi
442 1124 486 1158 qui
499 1123 564 1151 nillil
578 1124 638 1165 boni
649 1132 753 1160 egerunt
777 1134 828 1154 non
842 1126 933 1154 debent
951 1136 978 1155 se

588 1166 700 1193 motare.

279 1211 308 1240 Si
331 1212 498 1247 Pharisaaus,
523 1222 583 1242 cum
613 1223 645 1243 ea
673 1216 783 1244 fecisset
815 1225 875 1252 quae
898 1218 1030 1252 iactabat,

245 1262 388 1292 propterea
413 1259 608 1289 condemnatus
625 1262 686 1296 quia
714 1269 743 1290 se
766 1263 888 1297 iactavit,
918 1265 982 1300 quid
1006 1271 1032 1293 te

242 1302 342 1338 jactas,
354 1305 474 1340 garriens
489 1306 629 1340 duntaxat,
650 1315 682 1335 ac
690 1316 743 1336 non
760 1310 825 1337 item
844 1310 908 1338 boni
931 1311 1031 1346 aliquid

246 1349 349 1378 faciens
361 1370 369 1384 ,
386 1356 466 1386 teque
479 1354 597 1387 graviori
628 1361 715 1389 ptenae
734 1355 879 1384 obnoxium
905 1357 1030 1391 reddens,

245 1403 326 1429 quam
340 1404 392 1431 qua
407 1397 560 1426 Pharisreus
574 1399 703 1427 multatus
715 1401 776 1429 est?
792 1409 852 1429 cum
862 1407 949 1431 tamen
965 1403 1032 1431 nihil

247 1442 457 1476 reprehensione
471 1444 580 1479 dignum
590 1445 755 1479 admisisset,
771 1455 864 1475 verum
878 1449 928 1476 hoc
950 1457 1032 1477 unum

247 1486 283 1512 illi
296 1487 402 1515 crimini
419 1489 511 1517 datum
525 1490 631 1525 fuisset,
645 1493 716 1526 quod
729 1492 762 1520 de
778 1493 870 1528 probis
880 1496 1032 1524 actionibus

246 1532 416 1566 gloriaretur.
921 1545 927 1549 -

364 1589 547 1619 LXXXIX.—-
567 1592 715 1622 ISODORO
732 1594 910 1624 EPISCOPO.

281 1645 380 1673 Omnes
399 1647 518 1682 quidem,
549 1649 571 1676 si
589 1650 646 1678 fieri
662 1656 760 1686 potest,
779 1653 920 1680 mulierum
945 1659 1031 1681 coetus

245 1694 327 1724 atque
356 1692 490 1728 colloquia
518 1695 645 1730 defugere
672 1702 818 1732 oporteret,
848 1703 877 1726 ut
907 1707 968 1734 quae
998 1700 1031 1727 ad

243 1736 433 1765 emolliendum
454 1739 574 1767 animum
592 1741 644 1768 vim
658 1744 802 1777 quamdam
828 1751 861 1771 ac
875 1744 1029 1772 facultatem

245 1779 371 1809 habeant.
386 1782 517 1815 Quoniam
535 1790 625 1813 autem
637 1806 645 1819 ,
660 1788 695 1814 ob
711 1789 879 1817 necessarios
896 1790 1028 1824 quosdam

245 1833 327 1854 casus
350 1833 397 1855 aut
427 1837 574 1865 pauperum
601 1832 828 1868 dispensationcs,
844 1835 895 1863 hoc
921 1835 1032 1863 minime

246 1870 304 1898 lieri
332 1878 430 1907 potest,
459 1876 607 1904 curantium
631 1882 673 1905 est
696 1883 724 1905 ut
745 1879 831 1907 oculis
847 1880 920 1907 humi
935 1881 1030 1909 deﬁxis

245 1922 292 1942 ea:
310 1916 488 1951 alloquamur.
509 1920 595 1953 Quam
614 1922 737 1956 plurimis
756 1924 827 1951 enim
846 1926 984 1953 autetiam
1000 1926 1034 1954 iis

246 1960 329 1989 ferme
351 1964 486 1997 omnibus,
503 1966 548 2000 qui
574 1966 734 1995 feminarum
750 1969 951 2003 pulchritudine
968 1972 1032 1999 sub-

246 2008 298 2034 acti
322 2002 473 2041 sunt,'hoc
495 2011 603 2043 accidit,
624 2017 651 2039 ut
673 2020 745 2040 mors
766 2021 815 2048 per
838 2015 972 2043 fenestras
999 2016 1032 2044 ad

1345 1084 1410 1110 ﬂﬂ’.
1449 1083 1606 1117 ᾹΡΣΕΝΙῼ.

1085 1128 1148 1155 ὀτι
1161 1129 1295 1163 μάλιστα
1316 1130 1342 1155 οὶ
1366 1128 1462 1163 μηδὲν
1485 1114 1598 1161 aquae}
1611 1114 1797 1161 πεπραχότες
1813 1125 1871 1153 οὐκ

1256 1164 1433 1198 ὀφείλουσιν
1455 1163 1695 1193 ἀλαζονεύεσθαι.

1119 1221 1175 1256 (87)
1196 1221 1227 1247 Εἰ
1243 1220 1348 1255 πράξας
1363 1221 1376 1247 ὁ
1392 1221 1539 1255 Φαρισαῖος
1561 1219 1579 1245 a
1603 1219 1782 1254 ἐκαυχήσατο,
1799 1218 1830 1244 σὺ
1843 1219 1873 1244 τί

1083 1267 1218 1302 καυχᾶσαι
1233 1265 1405 1301 λαρυγγίζων
1419 1265 1522 1297 ἁπλῶς,
1540 1265 1587 1291 καὶ
1607 1265 1637 1290 οὐ
1655 1264 1781 1299 πράττων
1802 1271 1872 1298 χρη-

1055 1336 1057 1339 .
1084 1313 1164 1345 στῶς,
1183 1313 1231 1339 καὶ
1251 1311 1371 1348 χείρονος
1386 1312 1482 1339 ἑαυτὸν
1503 1311 1587 1338 ποιῶν
1600 1311 1691 1345 ἔνοχον
1707 1310 1823 1343 κρίσεως
1837 1306 1871 1344 ἦς

1083 1361 1097 1385 ὁ
1121 1360 1266 1392 Φαρισαῖος
1282 1359 1448 1393 ὑπέμεινεν;
1468 1358 1543 1385 οὐδὲν
1571 1357 1620 1392 μὲν
1640 1356 1714 1390 ἄξιον
1741 1355 1871 1391 μέμψεως

1083 1404 1250 1440 πεπραχὼς,
1279 1404 1363 1440 μόνην
1391 1404 1419 1430 δὲ
1450 1403 1499 1439 τὴν
1527 1403 1614 1438 οἴησιν
1640 1402 1689 1436 τῆς
1719 1399 1871 1436 εὐπραγίας

1083 1451 1235 1486 ἐγκληθείς.

1245 1598 1306 1625 ΠΘ¹.
1325 1613 1361 1618 ——
1380 1598 1510 1633 ΙΣΙΔΩΡῼ
1529 1597 1710 1632 ΕΠΙΣΚΟΠῼ.

1119 1654 1212 1685 Πάσας
1236 1654 1295 1689 μὲν,
1313 1655 1336 1681 εί
1349 1651 1404 1681 οἷόν
1418 1663 1458 1688 τε,
1472 1653 1578 1689 ὁμιλίας
1590 1652 1728 1688 γυναικῶν
1741 1652 1872 1688 ἐκτρέπε-

1085 1698 1146 1725 σθαι
1167 1699 1228 1735 χρὴ,
1252 1700 1289 1731 ὡς
1313 1700 1425 1735 ἐχούσας
1449 1700 1509 1727 τινὰ
1530 1700 1598 1735 πρὸς
1620 1699 1756 1734 χαύνωσιν
1779 1699 1872 1734 ἐπιτή-

1085 1745 1174 1771 δευσιν
1185 1753 1191 1759 ·
1206 1746 1268 1772 εἰδὲ
1281 1746 1359 1773 τοῦτο
1374 1746 1503 1773 ἀδύνατον
1517 1746 1560 1772 διὰ
1574 1746 1749 1780 περιστάσεις
1762 1743 1870 1779 χρειῶν,

1087 1791 1102 1825 ἢ
1128 1792 1280 1827 οἰκονομίας
1306 1787 1440 1827 πτωχῶν,¹
1454 1793 1529 1819 κάτω
1542 1792 1667 1824 νεύοντας
1689 1790 1870 1824 διαλέγεσθαι.

1087 1837 1150 1868 Τοῖς
1167 1838 1220 1872 γὰρ
1238 1839 1367 1872 πλείοσιν,
1383 1839 1399 1874 ἢ
1415 1840 1460 1866 καὶ
1481 1840 1547 1865 πᾶσι
1562 1839 1654 1874 σχεδὸν
1668 1840 1724 1869 τοῖς
1736 1837 1872 1873 ἡττηθεῖσι

1088 1883 1201 1915 κάλλους
1216 1885 1362 1918 γυναικῶν,
1379 1885 1422 1912 διὰ
1435 1885 1489 1912 τῶν
1501 1885 1614 1920 θυρίδων
1627 1885 1709 1920 ἀνέϐη
1723 1886 1736 1910 ὁ
1748 1884 1870 1915 θάνατος,

1087 1929 1117 1960 ὃς
1138 1929 1184 1955 καὶ
1198 1929 1245 1956 τοῦ
1269 1930 1387 1965 μεγάλου
1408 1931 1551 1966 Προφήτου
1574 1931 1621 1958 καὶ
1637 1931 1769 1966 βασιλέως
1791 1929 1872 1964 ἐκρά-

1088 1983 1180 2008 τησεν,
1203 1976 1246 2002 ὅτε
1266 1976 1332 2012 πρὸς
1352 1977 1382 2004 τὸ
1404 1976 1515 2011 λουτρὸν
1536 1977 1623 2002 ἐκεῖνο
1643 1976 1673 2002 τὸ
1687 1975 1872 2010 θανατηφόρον

1087 2019 1233 2054 ἀπέϐλεψε.

245 2060 293 2080 eos
313 2055 521 2084 asee‘nderet“:
542 2059 642 2093 quippe
655 2067 714 2093 qua:
728 2060 810 2088 etiam
830 2069 956 2097 magnum
972 2063 1047 2091 illum
1067 2063 1228 2102 Prophetam
1246 2075 1278 2095 ac
1295 2075 1383 2102 regem
1406 2068 1501 2095 vicerit
1515 2067 1546 2083 '“
1560 2089 1567 2100 ,
1580 2075 1640 2094 eum
1660 2066 1692 2093 ad
1716 2064 1871 2101 pestiferum

247 2099 312 2128 illud
324 2101 450 2130 balneum
468 2103 563 2131 oculos
580 2105 706 2140 conjecit.

520 2162 576 2190 XC.
594 2178 629 2184 --
643 2163 758 2191 EIDEM.

309 2206 485 2241 Apostolicum
499 2217 554 2237 esse
566 2209 688 2237 mulieres
703 2210 728 2237 in
743 2210 858 2238 ecclesiis
870 2220 970 2239 canere.

282 2305 451 2340 lmportunas
468 2315 494 2335 In
508 2309 630 2337 ecclesiis
660 2311 836 2346 loquacitates
856 2312 961 2339 Domini
980 2313 1035 2348 29

246 2350 360 2384 apostoli
384 2359 510 2381 coercere
538 2361 570 2382 ac
589 2357 769 2391 comprimere
793 2357 944 2390 studentes,
971 2365 1028 2385 mo-

247 2395 394 2432 destiaeque
421 2403 501 2434 atque
529 2401 670 2435 gravitatis
691 2403 834 2437 magistros
860 2410 920 2430 sese
958 2403 1036 2431 nobis

246 2443 409 2476 praebentes,
422 2449 451 2471 ut
473 2445 600 2474 mulieres
616 2447 644 2473 in
662 2447 729 2482 ipsis
751 2453 893 2481 canerent,
917 2449 1033 2483 sapienti

247 2487 361 2515 consilio
388 2489 579 2523 permiserunt.
615 2492 714 2520 Verum
751 2497 782 2520 ut
810 2493 901 2521 omnia
942 2493 1032 2520 divina

290 2564 312 2581 ¹⁸
323 2565 417 2594 Matth.
435 2576 498 2602 xxv,
515 2570 531 2598 5
544 2576 619 2605 seqq.

1344 2172 1378 2203 ιι.
1400 2185 1435 2190 —
1454 2170 1497 2204 rp
1516 2169 1617 2203 ΑΥΤῼ.

1093 2215 1155 2241 Ὀτι
1170 2215 1374 2252 ἀποστονζικὸν
1389 2215 1425 2252 τὸν
1438 2215 1473 2241 ἐν
1487 2212 1809 2252 ἐκκῖῐησίαιςψὰλλειν
1823 2221 1874 2247 γυ-

1249 2250 1364 2282 ναῖκας,
1380 2251 1429 2277 καί
1445 2250 1510 2284 περὶ
1533 2250 1712 2283 ἀσκητριῶν.

1124 2308 1178 2338 Τὰς
1199 2309 1228 2334 ἐν
1245 2307 1404 2342 ἐκκλησίαις
1426 2306 1559 2342 φλυαρίας
1582 2306 1759 2333 καταπαῦσαι
1784 2305 1874 2340 eam;

1091 2362 1166 2389 μενοι
1178 2353 1203 2379 οἰ
1218 2353 1263 2379 τοῦ
1279 2352 1383 2387 Κυρίου
1404 2352 1557 2386 ἀπόστολοι,
1581 2352 1628 2378 καὶ
1643 2352 1692 2387 τῆς
1715 2351 1794 2386 ἡμῶν
1813 2359 1875 2377 παι-

1088 2399 1178 2425 δευταί
1194 2398 1396 2429 καταστάσεως,
1411 2397 1522 2432 ψάλλειν
1535 2399 1563 2424 ἐν
1575 2398 1668 2428 αὐταῖς
1680 2397 1729 2428 τὰς
1745 2398 1875 2430 γυναῖκας

1090 2445 1206 2477 συνετῶς
1229 2444 1430 2480 συνεχώρησαν.
1464 2443 1533 2470 Ἀλλ’
1549 2443 1607 2479 [ὡς]
1636 2444 1725 2470 πάντα
1750 2444 1790 2474 εἰς
1817 2442 1877 2468 τού-

1090 2492 1193 2519 ναντίον
1210 2492 1316 2526 ἐτράπη
1328 2491 1362 2517 τὰ
1379 2490 1496 2525 θεοφόρα
1508 2489 1668 2524 διδάγματα,
1687 2488 1734 2515 καὶ
1744 2487 1823 2515 τοῦτο
1837 2487 1876 2518 είς

674 2571 696 2586 ’⁸
710 2570 766 2598 Jer.
782 2578 820 2602 rx,
832 2570 878 2597 21.
911 2569 975 2597 “‘ll
990 2569 1055 2605 Reg.
1072 2578 1110 2603 ιι,
1130 2570 1158 2598 Εὶ.

786 2648 904 2677 νΑιιιΑ]
923 2648 1116 2678 LECTIONES
1136 2649 1179 2676 ET
1191 2647 1307 2677 NO'UE.

251 2716 324 2743 bent.
345 2715 410 2743 Eam
426 2725 486 2745 cum
505 2719 556 2746 lide
577 2720 699 2753 cxpres.<i
713 2740 720 2751 ,
737 2725 766 2747 nt
778 2721 812 2747 sit
828 2721 1032 2749 fundamentum

251 2753 411 2791 assequendi
425 2753 603 2791 conjunctura
622 2757 841 2791 veramauctoris
859 2758 1032 2791 scripturam.

251 2793 320 2822 vers.
334 2786 351 2812 5
373 2786 487 2822 νῚεφθαέ
508 2789 638 2816 scribitur
655 2790 680 2815 in
703 2791 763 2818 cod.
785 2792 837 2818 Alt.
852 2786 929 2819 γενέ.
944 2792 960 2818 8
978 2793 1035 2819 ἀοι-

248 2819 333 2859 ξξίμως
346 2819 502 2859 adverbium
513 2823 538 2859 in
552 2831 646 2859 nomen
654 2824 774 2859 ἀοίδιμος
784 2828 934 2853 mutatcod.
947 2827 1034 2854 Vatic.

250 2855 511 2895 6&Q,_consentienle
523 2858 576 2895 Alt.
595 2858 672 2886 Vers.
689 2855 815 2895 antepen.
830 2863 908 2889 ambo
921 2862 938 2888 ii
956 2861 1034 2888 codd.

253 2889 346 2924 μηδεὶς
359 2896 525 2920 commutant
538 2893 564 2920 in
580 2894 670 2929 μήτις,
688 2889 793 2930 opinor,
809 2897 912 2925 melius.
929 2897 1035 2925 Possm.

1125 2720 1180 2758 (87)
1192 2718 1299 2758 l_nitiu_m
1317 2718 1394 2758 hujus
1407 2719 1486 2758 epist.
1503 2718 1544 2758 sic
1558 2717 1728 2758 einen-illatus
1744 2722 1770 2743 et
1787 2721 1877 2758 einen:

1088 2750 1146 2783 sitrs
1159 2750 1256 2794 légjtur
1272 2755 1298 2780 in
1316 2754 1394 2794 codri.
1411 2750 1466 2794 Alt.
1485 2753 1586 2794 etVIat.
1603 2752 1653 2794 64.9
1668 2762 1673 2779 :
1693 2753 1723 2778 El
1744 2750 1848 2794 πρόιξας
1863 2752 1877 2777 ὁ

1087 2787 1245 2825 Φαρισαῖος,
1258 2787 1522 2826 κατεκρίθη,-ὲπειὸῂ
1536 2788 1717 2822 ἐκαυχήσατο,
1731 2787 1764 2813 σὺ
1774 2787 1811 2818 τί,
1822 2791 1873 2826 etc.

1090 2823 1241 2851 Ili'iisdem
1267 2824 1292 2850 in
1316 2831 1395 2849 versu
1419 2823 1435 2850 5
1453 2823 1536 2849 ποιῶν
1554 2824 1688 2850 omittitur
1714 2827 1761 2848 aut
1789 2823 1876 2855 potius

1090 2858 1253 2886 transfertur
1268 2858 1293 2884 in
1309 2866 1416 2884 versum
1431 2863 1588 2891 sequentem
1606 2863 1662 2892 post
1681 2857 1810 2892 κρίσεως,
1831 2855 1877 2882 sed

1092 2899 1225 2921 mutatum
1239 2894 1264 2920 in
1283 2894 1379 2923 ποιεῖς.
1398 2892 1502 2920 Possm.
