2064 3159
249 149 302 182 259

858 147 887 175 S.
909 147 958 176 ISI
964 147 1052 176 DORI
1069 147 1286 177 PELUSIOTB

1812 150 1866 182 260

251 212 299 232 cro
311 209 504 237 commoratus,
520 207 619 238 quanto
632 201 713 228 Jonas
731 201 756 227 in
770 200 820 227 ceti
841 205 943 228 ventre.
957 201 1027 234 Quod

1084 202 1131 233 νᾶς
1153 203 1182 228 ὲν
1209 202 1244 236 τῷ
1271 202 1357 236 κήτει.
1374 201 1404 227 Ei
1420 201 1447 228 δὲ
1464 202 1509 228 καὶ
1531 201 1658 236 δευτέραν
1680 202 1780 236 ζητεῖς,
1795 205 1866 240 αὕτη

250 250 273 277 si
293 249 406 277 alteram
428 249 515 276 adhuc
527 247 606 282 hujus
622 246 672 274 loci
693 245 899 280 explicationem
924 247 1031 281 quwris,

252 297 361 323 habeto.
378 295 459 322 Sexta
474 294 541 320 hora
554 293 717 320 Parasceves
734 292 761 319 in
777 299 885 319 crucem
900 297 977 319 actus
988 296 1029 319 est

254 341 384 368 Dominus
396 339 430 366 ⁸⁸.
448 339 489 366 Ab
504 340 555 366 hac
570 339 636 366 hora
651 338 685 365 ad
699 345 797 365 nonam
815 345 901 372 usque
915 337 1032 365 tcncbrze

251 385 413 412 exstiterunt
427 385 460 412 υ.
478 384 533 412 Hoc
553 389 580 411 tu
610 389 716 412 noctem
745 383 872 418 intelligo.
899 383 1002 410 Rursus
1017 390 1032 410 a

249 438 320 458 nona
333 430 388 456 lux.
404 430 459 457 Hoc
484 437 578 457 rursus
605 436 653 464 pro
679 429 722 456 die
745 428 825 455 habe.
840 428 897 455 Nox
925 436 1032 456 rursum

255 475 430 502 Parasceves.
445 474 512 502 Tum
524 475 582 502 dies
595 474 717 502 Sabbati.
733 473 789 500 Nox
807 473 916 501 Sabbati
941 474 1032 500 Domi-

249 521 302 549 niei
314 521 367 548 diei
391 521 555 554 diluculum,
570 520 645 555 juxta
668 520 859 554 evangelistam
883 519 1029 547 dicentem:

251 575 261 593 ι
281 566 400 600 Vespere
423 571 514 593 autem
542 564 661 597 Sabbati,
689 572 748 599 qua:
777 564 887 591 lucescit
903 564 928 591 in
946 564 1030 599 prima

250 612 363 640 Sabbati
375 612 408 639 δ’.
429 621 438 638 ι
456 612 532 645 Quod
547 611 569 638 si
586 611 691 638 tertiam
707 617 739 637 ex
754 617 797 637 me
823 609 972 644 intelligere
986 615 1033 643 po-

249 659 346 690 stulas,
358 666 389 685 ea
404 663 445 685 est
459 657 611 692 hujusmodi
628 665 635 683 :
652 655 679 683 ln
698 657 740 683 die
755 657 922 683 Parasceves
937 655 1029 682 Domi-

249 712 301 732 nus
322 704 447 739 spiritum
469 702 589 730 tradidit.
605 701 644 729 En
660 709 711 728 una
723 702 781 728 dies
797 710 804 728 :
821 700 967 728 Sahhatum
992 704 1033 726 to-

253 756 308 777 tum
327 752 353 776 in
377 749 500 784 sepulcro
520 750 627 782 exegit;
648 752 738 781 postea
762 747 820 781 ejus
843 751 959 773 noctem.
980 745 1032 772 Lu-

249 799 376 822 resccnte
405 793 543 821 Dominica
556 801 571 821 a
586 793 709 826 sepulcro
727 791 856 819 surrexit.
869 791 897 818 Id
924 798 1031 826 quoque

249 842 304 868 dies
318 845 377 874 est;
394 841 526 874 siquidem
542 847 556 866 a
577 843 663 874 parte,
680 843 709 865 ut
728 837 810 870 nosti,
825 841 909 864 totum
932 836 1029 864 intelli-

1084 247 1167 273 ἐστίν·
1179 246 1266 282 Ἕκτῃ
1284 246 1342 282 ὥρᾳ
1357 247 1406 281 τῆς
1418 247 1597 282 Παρασκευῆς
1611 247 1768 283 ἐσταυρώθη
1781 251 1795 276 ὁ
1811 251 1868 276 Κύ-

1085 301 1152 328 ριος.
1162 293 1227 318 Ἀπὸ
1240 292 1340 328 ταύτης
1355 292 1407 324 ἕως
1422 293 1534 328 ὲννάτης
1547 293 1642 324 σκότος
1654 294 1771 327 ἐγένετο,
1785 295 1869 322 τοῦτο

1083 337 1169 364 νύκτα
1193 347 1238 373 μοι
1261 339 1366 374 νόησον.
1382 338 1466 366 Πάλιν
1487 339 1541 365 ἀπὸ
1561 340 1675 374 ὲννάτης
1689 339 1764 374 φῶςο
1790 340 1870 368 τοῦτο

1084 384 1164 411 πάλιν
1177 384 1298 420 ἡμέραν·
1313 385 1330 419 ἠ
1346 384 1393 417 νὺξ
1407 383 1485 416 αὖθις
1497 384 1545 418 τῆς
1558 385 1789 420 Παραπευῆςπὸ
1799 387 1869 414 Σάϐ-

1083 429 1164 457 ϐατον
1187 430 1319 458 πάλιν,Ἦ
1336 429 1383 462 νὺξ
1405 429 1452 456 τοῦ
1473 430 1610 457 Σαϐὒάτου
1632 431 1646 457 ὁ
1660 431 1709 465 τῆς
1724 432 1868 466 Κυριακῆς

1082 476 1189 511 ὄρθρος,
1212 475 1281 502 κατὰ
1297 476 1341 502 τὸν
1358 475 1552 511 εὐαγγελιστὴν
1575 475 1702 509 λέγοντα·
1724 486 1733 502 ι
1748 478 1786 512 Τῇ
1806 479 1867 504 ἐπι-

1083 522 1227 557 φωσκούσῃ
1241 523 1280 552 εἰς
1296 521 1359 556 μίαν
1372 521 1424 547 τῶν
1437 521 1592 548 Σαϐϐάτων.
1604 531 1613 547 ι
1628 522 1658 548 Εἰ
1668 522 1696 548 δὲ
1710 524 1756 549 καὶ
1771 524 1866 559 τρίτην

1082 567 1205 597 ἀπαιτεῖς
1215 567 1271 602 (15)
1285 567 1391 602 μαθεῖν,
1406 565 1513 598 οὖτως’“
1524 567 1558 593 Εν
1573 569 1605 602 τῇ
1619 568 1782 604 Παρασκευῇ
1793 577 1867 603 παρ-

1083 612 1184 639 έδωκεν
1197 613 1210 638 ὁ
1227 612 1329 647 Κύριος
1352 611 1382 638 τὸ
1405 612 1527 647 πνεῦμα·
1545 612 1623 638 τοῦτο
1641 613 1690 647 μία
1711 614 1812 648 ἡμέρα.
1829 614 1867 640 Τὸ

1072 657 1220 684 *Σάϐϐατον
1245 657 1304 684 ὅλον
1329 657 1454 692 ἐποίησεν
1475 659 1504 684 ὲν
1526 656 1565 692 τῷ
1587 658 1682 692 τάφιρ⁹
1697 656 1755 684 εἶτα
1771 659 1866 686 τούτου

1081 703 1130 738 τὴν
1146 702 1474 738 νύκτα.Ὲπιφωσκούσης
1493 703 1635 737 Κυριακῆς
1650 703 1748 739 ἀνέστη
1767 705 1798 730 ὲκ
1818 705 1866 731 τοῦ

1083 750 1179 784 τάφου,
1197 750 1243 776 καὶ
1268 750 1347 776 τοῦτο
1371 749 1476 785 ἡμέρα·
1493 749 1587 784 ἐπειδὴ
1615 749 1668 775 ἀπο
1693 750 1802 784 μέρους,
1829 751 1867 781 ὡς

1081 791 1168 825 οἶσθα,
1181 794 1211 820 τὺ
1233 794 1292 821 ὅλον
1307 793 1468 830 γνωρίζεται
1479 802 1486 809 ’
1511 793 1597 829 οὓτως
1611 794 1639 821 δὲ
1655 795 1701 821 καὶ
1717 795 1798 830 ἡμεῖς
1816 795 1867 826 τὰς

1082 839 1136 865 τῶν
1164 839 1351 865 τελευτώντων
1375 840 1484 874 μνήμας
1507 839 1643 874 εἰώθαμεν
1666 839 1867 876 τελεῖν.”οποίᾳ

247 887 329 919 gitur.
343 885 387 912 Sic
412 890 500 911 autent
521 891 570 911 nos
586 890 692 918 quoque
721 890 825 914 eorum,
841 883 887 917 qtti
917 887 1027 909 mortem

1081 885 1104 911 δ’
1126 885 1159 911 ἂν
1183 884 1242 920 ὥρᾳ
1258 884 1329 920 [τῆς]
1350 885 1456 920 ἡμέρας
1481 894 1523 917 τις
1547 885 1712 920 τελευτήσοι,
1727 887 1776 922 τήν
1801 887 1866 920 ἑξῆς

246 932 356 962 obeunt,
373 930 530 957 memoriam
541 929 678 956 celebrare
689 928 888 956 consuevimus.
903 927 1024 960 Quacun-

245 984 297 1011 que
320 975 391 1003 enim
408 976 460 1003 diei
491 977 555 1002 liora
577 976 710 1010 quispiam
746 975 826 1002 vitam
851 983 911 1002 cutn
942 980 1030 1003 morte

246 1021 431 1053 corntnutarit,
444 1026 553 1056 pestere
571 1022 700 1048 duntaxat
714 1021 756 1048 die
778 1021 930 1055 intcrjccto,
943 1022 1029 1048 altero

247 1073 304 1102 post
322 1068 364 1094 die
393 1067 537 1094 tertiannm
558 1067 640 1101 ipsius
669 1067 739 1093 diem
758 1067 872 1100 agimus.
890 1062 988 1098 llabcs,
1001 1067 1027 1093 ni

246 1113 333 1145 fallor,
348 1113 490 1147 proposita:
518 1112 676 1146 quaestionis
706 1111 879 1139 solutionem.
896 1112 972 1144 Quod
1003 1112 1024 1139 si

246 1157 378 1192 perfectos
391 1165 445 1185 tres
461 1159 519 1185 dics
531 1166 561 1184 ac
578 1162 670 1185 noctes
691 1164 815 1192 quaerunt
835 1157 879 1191 qui
895 1157 962 1184 male
979 1165 1026 1192 pn-

245 1208 337 1238 gnant,
355 1203 419 1230 illud
435 1203 658 1238 rcspotttle,qu0d
677 1211 723 1230 rex
742 1211 858 1238 quoijue,
875 1204 897 1229 si
909 1204 1026 1230 admissa

247 1250 405 1283 eorum,qui
425 1250 450 1276 in
463 1249 577 1276 metallis
604 1256 634 1276 ac
654 1249 769 1276 vinculis
797 1253 868 1281 sunt,
897 1251 1028 1283 depreca-

247 1295 319 1322 tione
331 1303 362 1321 ac
374 1294 578 1329 supplicatione,
588 1295 638 1322 hoc
653 1295 718 1329 ipsis
730 1294 864 1330 pollicitus
883 1295 989 1327 fuisset,
998 1302 1027 1321 se

243 1344 304 1374 post
324 1340 430 1367 tertium
445 1340 514 1366 diem
531 1347 578 1367 eos
596 1339 691 1367 missus
715 1339 860 1372 facturum,
879 1348 910 1367 ac
923 1341 1027 1375 pncsti-

248 1389 334 1411 tutum
355 1386 423 1412 diem
454 1390 625 1412 antevertens
649 1393 696 1413 eos
719 1385 872 1417 liberasset,
887 1394 934 1421 per
957 1387 1026 1413 hanc

1083 930 1274 964 ὑπερτίθεσοαι
1302 931 1395 966 μόνην,
1413 931 1458 956 καὶ
1477 932 1509 966 τῇ
1526 931 1606 966 ἑτέρᾳ
1630 931 1724 963 ἔωθεν,
1736 931 1784 966 τήν
1805 941 1866 967 τρι-

1082 976 1160 1002 ταίαν
1184 976 1265 1002 αὑτοῦ
1291 971 1368 1010 ἄνειν
1393 976 1508 1011 ἡμέραν.
1524 977 1625 1011 Ἔχεις,
1646 976 1683 1007 ὡς
1707 975 1793 1011 οἶμαι,
1816 977 1866 1013 τὴν

1082 1019 1157 1046 λύσιν
1169 1019 1214 1046 τοῦ
1227 1019 1402 1054 ζητουμένου.
1414 1021 1444 1046 Εἰ
1457 1021 1484 1046 δὲ
1498 1021 1601 1052 τελείας
1614 1022 1662 1053 τὰς
1673 1023 1745 1057 τρεῖς
1759 1022 1865 1057 ἡμέρας

1081 1067 1128 1092 καὶ
1151 1065 1251 1096 νύκτας
1274 1065 1399 1100 ζητοῦσιν
1423 1067 1446 1091 οί
1468 1067 1634 1101 κακομάχοι,
1651 1067 1805 1101 ἀπόκριναι,
1823 1068 1865 1093 ὅτι

1081 1111 1128 1137 καὶ
1140 1111 1266 1146 βασιλεὺς
1278 1113 1301 1137 εί
1315 1111 1461 1145 πρεσϐείαν
1475 1111 1520 1137 καὶ
1535 1112 1638 1138 ἱκεσίαν
1650 1112 1703 1137 τῶν
1720 1113 1747 1138 ὲν
1764 1112 1865 1146 μετάλ-

1079 1156 1134 1187 λοις
1150 1156 1196 1182 καὶ
1213 1155 1345 1190 φυλακαῖς
1362 1155 1584 1191 προσδεξάμενος,
1602 1157 1671 1191 μετὰ
1698 1157 1791 1191 τρίτην
1814 1157 1865 1183 αὐ-

1080 1205 1136 1234 τοῖς
1151 1204 1257 1239 ἡμέραν
1269 1203 1429 1238 μεταδοῦναι
1444 1203 1577 1238 ὑπέσχετο
1591 1203 1640 1238 τῆς
1664 1204 1796 1239 ἀφέσεως,
1816 1204 1865 1230 καὶ

1079 1249 1240 1282 προφθάσας
1261 1248 1310 1283 τὴν
1331 1248 1499 1283 προθεσμίαν
1523 1248 1571 1284 τὴν
1594 1248 1728 1284 λύτρωσιν
1752 1249 1863 1281 δέδωκε,

1080 1295 1179 1329 μᾶλλον
1191 1294 1230 1329 τῷ
1243 1295 1320 1329 τάχει
1334 1295 1491 1328 ὴλήθευσεν.
1501 1294 1530 1321 '0
1542 1294 1569 1320 δὲ
1580 1295 1717 1330 Δεσπότης
1731 1294 1864 1330 συντομὼ-

1077 1349 1155 1376 τερον
1177 1341 1295 1372 ἀναστὰς
1319 1340 1335 1375 ἢ
1358 1340 1502 1375 ὑπέσχετο,
1525 1341 1599 1376 παρὰ
1619 1341 1725 1368 πάντων
1750 1342 1865 1373 εἰκότως

1078 1385 1340 1420 προσκυνηῦἠσεται.

244 1433 412 1461 celeritatem
426 1441 517 1460 verum
528 1433 613 1468 magis
630 1434 753 1460 dixisset.
782 1433 821 1460 Ad
847 1433 971 1461 eumdem
1005 1433 1095 1468 itaque
1123 1433 1230 1460 modum
1273 1431 1413 1464 Dominus,
1424 1432 1504 1459 citius
1523 1439 1604 1467 quam
1628 1433 1800 1466 promiserat,
1818 1440 1862 1460 re-

246 1484 369 1511 surgens,
387 1477 420 1505 ab
432 1476 557 1504 erunibus
576 1477 672 1504 merito
697 1477 864 1504 adorabitur.

414 1531 494 1559 CXV.
506 1546 541 1552 —
553 1531 666 1559 HELle
684 1531 858 1560 MONACIIO.

281 1588 348 1621 Quid
361 1588 409 1615 tibi
427 1592 455 1615 et
473 1588 521 1615 via:
533 1587 652 1623 Egypti,
671 1593 699 1615 ut
718 1588 794 1615 bibas
816 1596 912 1622 aquam
926 1588 1025 1616 Gcon?

244 1633 277 1661 ad
292 1634 411 1668 refugam
425 1633 550 1668 populum
574 1633 659 1667 inquit
674 1634 813 1668 propheta,
830 1634 871 1660 vel
887 1641 934 1668 per
950 1634 1023 1661 illum

245 1679 334 1714 potius
354 1679 433 1706 Deus.
460 1679 527 1711 Quid
553 1679 598 1706 tibi
625 1684 652 1706 et
678 1679 840 1711 confusioni,
862 1687 893 1706 ex
921 1688 974 1714 qua
999 1680 1026 1707 in

245 1731 325 1752 tnanu
340 1722 387 1750 Dei
402 1723 505 1750 excelsa
525 1728 552 1749 et
570 1723 679 1750 brachio
699 1722 754 1758 36
772 1729 880 1750 extento
900 1724 1026 1752 liberatus

244 1777 274 1797 es
284 1768 330 1795 "T
347 1768 425 1801 Quid,
442 1773 615 1803 posteaquam
630 1770 754 1796 virtutem
772 1769 892 1804 attigisti.
905 1778 937 1796 ac
953 1779 1026 1797 sntit-

244 1823 315 1842 nnant
332 1815 527 1849 philosophiam
541 1815 699 1849 degustasti,
714 1814 745 1841 ad
760 1816 853 1841 vitimn
871 1816 1024 1849 reverteris,

243 1867 292 1886 nee
311 1859 358 1886 tibi
385 1859 449 1886 illud
480 1858 628 1893 Scriptum
651 1859 741 1886 animo
768 1860 938 1891 obversatur,
955 1859 1021 1887 Eum

242 1905 287 1940 qui
305 1912 319 1931 a
334 1905 437 1938 justitia
452 1906 484 1931 ad
505 1908 642 1937 peccatum
663 1912 692 1932 se
711 1905 851 1938 avertit“,
863 1905 887 1931 in
902 1905 1019 1938 gladium

243 1951 313 1978 Deus
339 1950 521 1985 praeparabit?
551 1950 623 1984 Fuge
647 1955 857 1984 tempestatem;
887 1950 946 1984 fuge
970 1951 1023 1977 [lu—

242 2003 312 2024 etus.
329 1997 453 2024 Christus
484 2001 593 2023 ventum
622 1996 771 2030 increpavit
785 1996 817 2021 ⁸⁸.
832 1995 937 2021 Nullum
957 2000 1025 2022 tem-

216 2070 224 2079 .
243 2043 352 2077 pcstatis
370 2042 516 2076 periculum
539 2041 632 2073 facies,
649 2041 671 2068 si
697 2046 790 2075 portus
810 2041 869 2068 loco
886 2040 1023 2068 Christum

242 2088 371 2115 tenueris.

361 2142 453 2170 CXVI.
467 2158 502 2164 —
514 2142 663 2170 AUSONIO
677 2142 905 2172 CORRECTOBI.

276 2199 342 2227 Cum
357 2201 464 2236 sapiens
477 2201 599 2228 veritatis
613 2201 750 2228 inventum
767 2201 868 2228 habeas
893 2201 1021 2236 multipli-

241 2250 299 2270 cem
332 2249 524 2272 tormentorum
545 2245 709 2277 machinam,
723 2245 818 2272 timore
833 2245 866 2272 ad
888 2246 1019 2279 judicium

241 2292 328 2321 utere,
344 2289 558 2324 quandoquidem
583 2295 609 2317 te
636 2294 767 2318 terrorem
785 2290 915 2325 improbis
930 2291 1021 2318 divina

240 2331 281 2359 lel
296 2334 444 2362 constituit.

307 2389 409 2417 CXVII.
422 2390 662 2419 —ATliANASlO
677 2391 956 2420 C(ENOBIARCHE.

303 2435 336 2463 In
348 2437 424 2470 illud,
440 2445 450 2462 ι
472 2436 508 2464 De
529 2438 572 2464 die
583 2438 629 2464 illa
642 2443 665 2464 et
682 2438 747 2464 liora
764 2447 837 2466 nemo
849 2440 928 2465 novit.
945 2447 954 2463 ι

275 2525 346 2559 Quid
368 2526 510 2554 adversum
537 2526 641 2561 seipsos
666 2527 772 2554 Domini
796 2516 923 2562 judicium
946 2527 1020 2562 impii

1272 1535 1344 1561 PIE'.
1360 1550 1395 1557 -
1413 1535 1495 1570 tuta
1514 1535 1668 1571 MoNaxo.

1112 1587 1146 1614 Τί
1169 1597 1211 1614 σοι
1226 1590 1272 1615 καὶ
1295 1591 1328 1624 τῇ
1355 1590 1406 1625 ὁδῷ
1429 1590 1579 1624 Αἰγύπτου,
1601 1591 1670 1627 [τοῦ]
1693 1594 1765 1618 πιεῖν
1791 1593 1863 1629 ὕδωρ

1078 1635 1171 1670 Γηών;
1187 1635 1254 1671 πρὸς
1270 1636 1315 1662 τὸν
1332 1636 1530 1671 παλίνστροφον
1546 1637 1608 1664 λαὸν
1630 1638 1644 1663 ὁ
1657 1639 1798 1674 προφήτης
1812 1648 1863 1674 φη-

1079 1681 1130 1712 σὶν,
1146 1680 1162 1714 ἧ
1182 1681 1281 1715 μᾶλλον
1297 1681 1330 1708 δι’
1344 1682 1448 1709 ἐκείνου
1469 1683 1545 1714 Θεός.
1564 1683 1596 1709 Τί
1615 1683 1656 1710 σοὶ
1680 1685 1726 1711 καὶ
1742 1687 1775 1720 τῇ
1797 1694 1863 1719 συγ-

1077 1727 1154 1761 χύσει
1180 1725 1212 1763 ἧς
1228 1727 1386 1762 ἀπηλλάγης
1403 1729 1474 1764 χειρὶ
1493 1728 1559 1755 Θεοῦ
1581 1731 1710 1764 κραταιᾷ,
1729 1731 1775 1757 καὶ
1793 1730 1860 1766 βρα-

1077 1771 1144 1806 χίονι
1160 1772 1267 1808 (id/qh};
1278 1774 1310 1799 Τί
1320 1773 1368 1808 τῆς
1382 1775 1480 1810 ἀρετῆς
1495 1775 1642 1809 ἁψάμενος,
1655 1777 1702 1801 καὶ
1714 1776 1761 1810 τῆς
1773 1777 1861 1812 ἄκρας

1077 1817 1236 1852 φιλοσοφίας
1255 1819 1432 1853 γευσάμενος,
1451 1821 1491 1851 εἰς
1504 1820 1601 1846 κακίαν
1617 1821 1794 1853 παλινοστεῖς,
1810 1823 1860 1849 ούκ

1077 1862 1145 1897 ἔχων
1157 1863 1186 1889 τὸ
1200 1863 1333 1899 Γραφικδν
1346 1865 1415 1891 κατὰ
1430 1865 1506 1897 νοῦν,
1521 1865 1572 1891 Τὸν
1584 1866 1789 1901 ἀποστρέφοντα
1807 1867 1860 1894 ἀπὸ

1075 1906 1248 1942 δικαιοσύνης
1269 1908 1315 1934 ἐπὶ
1339 1908 1475 1944 ἁμαρτίαν
1496 1910 1635 1945 ἑτοιμάσει
1658 1912 1672 1936 ὁ
1693 1912 1794 1946 Κύριος
1819 1913 1860 1944 είς

1077 1952 1230 1986 ῥομφαίαν;
1249 1952 1319 1986 Φύγε
1335 1954 1380 1980 τον
1395 1954 1526 1988 κλύδωνα,
1543 1956 1590 1982 καὶ
1607 1956 1676 1990 φύγε
1691 1957 1725 1983 τὰ
1737 1957 1857 1992 κύματα.

1081 1996 1245 2032 Ἐπετίμησε
1261 1999 1378 2035 Χριστὸς
1398 2000 1436 2035 τῷ
1451 2001 1554 2036 ἀνέμῳ.
1571 2003 1665 2034 υύδείς
1682 2012 1710 2029 σε
1725 2005 1859 2039 χειμῶνος

1074 2042 1261 2077 καταλήψεται
1288 2045 1381 2079 πεῖρα,
1408 2046 1431 2071 εί
1455 2045 1500 2072 τὸν
1520 2046 1616 2081 λιμένα
1639 2048 1766 2083 κρατοίης
1790 2050 1858 2084 Χρι-

1075 2087 1134 2114 στόν
1147 2088 1225 2123 (15‘).

1197 2144 1278 2177 Ριςι.
1293 2159 1327 2165 -
1346 2145 1494 2182 ΑΥΣΟΝῘῼ
1513 2147 1733 2176 ΚΟΡΡΙΚΊῸΡΙ.

1108 2200 1193 2235 Σοφὸν
1207 2200 1275 2235 ἔχων
1291 2201 1420 2236 ἀληθείας
1436 2202 1576 2238 ἐξεύρημα
1595 2204 1661 2239 (Η),
1675 2205 1706 2231 τὺ
1719 2204 1859 2238 πολυειδὲς

1073 2244 1127 2271 τῶν
1145 2245 1268 2280 βασάνων
1281 2247 1441 2282 μηχάνημα,
1457 2248 1556 2283 χρῆσαι
1570 2249 1610 2284 τῷ
1633 2249 1706 2284 φόϐῳ
1730 2251 1797 2285 πρὸς
1807 2251 1858 2286 τὴν

1075 2290 1177 2325 κρίσιν’
1197 2291 1289 2327 ἐπειδὴ
1307 2292 1388 2326 φόϐον
1413 2301 1442 2319 σε
1465 2295 1520 2325 τοῖς
1545 2295 1639 2324 κακοῖς
1658 2295 1672 2320 ὁ
1689 2295 1760 2326 (ista;
1776 2295 1859 2330 νόμος

1073 2335 1200 2370 ὡρίσατο.

1161 2392 1233 2419 PIZ'.
1249 2407 1284 2413 —
1296 2393 1466 2429 ΛΘΑΝΑΣΙῼ
1486 2395 1758 2433 ΑΡΧΙΜΑΝΔΡΙΊᾘ.

1073 2438 1125 2469 Εἰς
1139 2438 1183 2471 τὸ,
1202 2447 1211 2464 ι
1228 2439 1296 2472 Περὶ
1317 2439 1630 2476 τῆς-ἠμέραςγὲκεινης
1647 2442 1695 2468 καὶ
1707 2442 1762 2476 τῆς
1779 2443 1858 2476 ὧρας

1348 2474 1449 2507 οὐδεὶς
1465 2474 1555 2502 οἶδεν.
1573 2485 1580 2500 ι

1109 2528 1141 2554 Τί
1154 2529 1214 2556 καθ’
1225 2529 1327 2556 ἑαυτῶν
1343 2530 1391 2565 τὴν
1404 2530 1450 2556 τοῦ
1467 2531 1567 2567 Κυρίου
1581 2533 1749 2560 ἐπισπῶνται
1767 2533 1858 2569 κρίσιν

276 2600 384 2630 "Joan.
399 2609 453 2635 ιιι,
468 2602 510 2629 M.
530 2603 552 2618 λ’
563 2602 656 2630 Matth.
668 2611 754 2636 xxvu,
765 2603 810 2631 45.
826 2603 848 2618 "
861 2603 955 2630 Matth.
966 2611 1027 2631 xxvt

1079 2605 1096 2632 ι.
1118 2605 1225 2633 “Deut.
1237 2613 1262 2637 ν,
1275 2606 1319 2633 15.
1338 2606 1469 2634 “Ezecb.
1483 2609 1613 2642 xvtnﬂi.
1634 2610 1656 2626 "
1666 2610 1729 2638 Luc.
1743 2619 1800 2644 vui,
1810 2611 1854 2640 ει.

785 2677 901 2705 νΑιιιιΕ
920 2678 1110 2707 LECTIONES
1128 2681 1170 2707 ET
1190 2681 1305 2708 ΝΟΤᾹΞ.

273 2749 329 2783 (l3)
341 2749 425 2777 Codd.
441 2749 473 2776 V.
486 2749 537 2777 649
551 2754 577 2776 ct
589 2748 632 2781 Λ.,
647 2756 696 2783 pro
706 2748 839 2778 ἀπαιτεῖς,
851 2747 946 2780 θέλεις.
958 2749 1036 2783 Ροεε.Δ

274 2785 342 2817 (15⁸)
361 2785 438 2811 Deest
453 2792 501 2810 vox
517 2784 632 2818 Χριστδδ
647 2785 671 2810 in
685 2784 744 2810 cod.
757 2783 811 2808 Alt.
827 2783 928 2810 Possm.

276 2820 330 2851 (tt)
357 2819 401 2846 Sic
418 2824 444 2846 et
459 2820 490 2846 de
504 2819 571 2853 juris
587 2818 700 2846 consulti
721 2819 899 2851 qumstionuni
917 2827 966 2845 usu
988 2828 1017 2845 nc

1073 2751 1135 2777 line.
1151 2750 1233 2777 Rm.

1090 2801 1141 2826 .-
1158 2786 1226 2826 'V_crs-
1239 2785 1265 2826 ὃς
1292 2785 1421 2826 νςιιλίῑιο
1443 2791 1470 2814 et
1487 2787 1538 2815 Alt.
1556 2797 1607 2817 non
1623 2790 1671 2825 τὴν
1693 2791 1792 2826 κρίσιν,
1808 2793 1856 2821 scd

1070 2820 1119 2854 τὴν
1134 2820 1208 2852 τάξιν
1222 2821 1328 2847 littbcnl.
1345 2819 1448 2847 Possm.
