2064 3159
158 143 207 174 1‘61

627 142 895 173 EPISTULARUIII
916 141 987 170 LIB.
1009 142 1021 170 I
1054 155 1087 158 -
1106 143 1222 172 EPIST.
1244 143 1329 172 CXX.

1733 143 1785 174 ’ΞΜ

157 202 180 228 o!
193 201 370 235 βλάσφημοι,
389 199 421 226 Τί
440 200 471 226 τὸ
495 199 549 234 πῦρ
576 198 624 234 τῆς
648 200 760 235 γεέννης
774 200 798 225 οἱ
818 197 946 232 θεομάχοι

1000 197 1123 226 homines
1139 199 1296 226 attrahunt?
1312 198 1381 232 Quid
1407 199 1535 233 gehennae
1563 199 1650 234 ignem
1670 198 1717 225 Dei
1736 198 1785 225 ho-

156 246 326 273 ὲπικαίουσιν
343 245 419 281 (15);
450 246 593 281 Ἠγνόησε,
612 245 758 280 φάσκουσι,
776 245 825 281 τῆς
853 253 946 272 συντε-

155 291 230 323 λείας
253 291 304 326 τὴν
323 290 431 326 ἡμέραν
448 292 462 316 ὁ
479 291 590 326 Κύριος.
607 290 663 317 Οὐκ
679 291 828 326 ἠγνόησεν,
845 290 945 324 ἄπαγε,

154 337 222 365 ἀλλά
234 336 393 371 σαφηνίζειν
408 337 441 363 τὰ
454 337 742 372 ἀνωφελῆπαρῃτεῖτο
755 336 858 371 προϐλή
864 344 944 370 ματα.

161 384 236 411 Ἐπεὶ
251 383 310 415 πῶς
325 384 432 416 ἀγνοεῖν
445 383 560 418 ἠδύνατο
571 383 644 418 ὥραν
656 383 672 419 ἢ
684 383 789 418 ἡμέραν
805 383 819 408 ὁ
832 382 946 417 ποιητὴς

155 431 209 458 τῶν
223 430 341 461 αἰώνων,
356 430 385 455 ἐν
397 426 419 463 ᾧ
432 430 532 461 πάντες
547 429 616 455 εἰσὶν
628 430 651 456 oi
674 428 806 464 θησαυροὶ
829 430 878 463 τῆς
904 436 947 454 σο⁶

156 475 237 510 φίαςς
263 475 323 501 Οὐκ
337 472 371 509 ἦν
386 474 555 507 ἀγνοοῦντος,
570 475 599 500 τὸ
614 475 660 500 καὶ
677 474 711 500 τὰ
728 475 827 509 σημεῖα
851 473 897 500 καὶ
913 473 947 500 τὰ

156 520 280 556 φόϐητρα
302 521 444 555 προειπεῖν
460 520 509 554 τῆς
525 520 652 555 ἐσχάτης,
672 519 720 546 καὶ
736 519 830 554 ὥσπερ
845 518 947 553 παροῦ-

157 574 204 592 σαν
220 565 306 600 αὐτὴν
320 567 378 596 τοῖς
390 565 562 600 γνωρίσμασι
574 565 743 599 διαγράφειν.
754 564 822 590 Ἀλλ’
834 564 848 590 ὃ
862 564 946 598 ἔφθην

156 610 250 643 εἰπὼν,
268 611 318 645 τῆς
343 611 450 641 εἰκαίας
478 611 638 645 ἐρωτήσεως
660 610 709 645 τὴν
734 610 871 644 ἀπόφασιν
896 611 947 636 οὐκ

155 656 283 691 ἐδήλωσε.
293 656 326 682 Τί
341 656 395 691 γὰρ
408 656 512 690 ὖςςελος,
525 656 585 682 είπέ
601 664 654 690 μοι,
669 656 764 691 μαθεῖν
779 655 827 691 τὴν
840 655 946 691 ἡμέραν

156 702 202 728 τοῦ
218 702 330 734 τέλους;
350 702 471 735 Ἀγνοεῖν
484 702 512 728 δὲ
528 702 629 737 ταύτην
644 702 787 738 συμφέρει,
802 703 844 728 ἵνα
857 703 946 729 πᾶσαν

157 747 263 783 ἡμέραν
276 748 383 782 ἐκείνην
395 745 465 774 εἶναι
479 748 641 782 νομίζοντες,
654 748 756 783 ἕτοιμοι
768 748 835 783 πρὸς
846 748 945 783 ταύτην

157 794 334 828 τυγχάνωμεν
346 793 556 829 γρηγοροῦντες,
566 794 612 821 καί
620 794 663 821 τὸν
676 794 860 830 Κύριονὴμῶν
870 803 946 829 περι-

159 838 293 873 μένοντες.

296 940 373 966 PIH'.
389 955 424 959 ——
437 940 564 976 ΖΩΣΙΜῼ
584 941 643 967 ΚΑΙ
663 941 805 968 ΜΑΡΩΝΙ.

174 985 243 1019 Περὶ
257 986 468 1019 πρεσϐυτέγων
479 985 521 1018 μὴ
534 988 774 1018 περιπατούντων
788 987 862 1014 κατὰ
872 987 929 1020 τὴν

398 1021 452 1047 τοῦ
473 1021 547 1048 Θεοῦ
567 1022 705 1055 ἐντολή-ν.

193 1078 309 1112 Ἦρκεις
326 1078 375 1112 μὲν
392 1078 439 1104 καὶ
455 1078 676 1110 σὺ,ἀναιδέστατε
686 1079 860 1115 Ζώσιμεβὴν
872 1080 945 1107 θείαν

158 1122 306 1157 ἱερωσύνην
324 1122 379 1157 (16)
397 1122 588 1157 λυμαίνεσθαι,
603 1124 650 1149 καὶ
670 1125 759 1150 πᾶσαν
777 1125 844 1160 αὐτῇ
868 1125 946 1160 ὓϐριν

158 1167 382 1203 προπρίῦεσθαι·
410 1168 489 1203 ἔσχες
513 1169 542 1194 δὲ
569 1169 615 1195 καὶ
640 1169 754 1203 σύζυγον
780 1170 881 1204 ὅμοιον,
899 1170 946 1196 καὶ

158 1213 252 1248 ζεῦγος
265 1214 332 1248 βοῶν
344 1214 558 1249 συνηρμόσθητε,
570 1215 618 1250 τὴν
629 1215 812 1250 ἁκανθοφόρον
826 1215 877 1250 γῆν
892 1215 946 1241 τῶν
961 1251 964 1254 4

158 1259 250 1285 παθῶν
272 1260 461 1294 ἐργαζόμενοι.
487 1260 571 1294 Στῆτε
592 1261 689 1292 τοίνυν,
712 1257 734 1287 ὦ
760 1261 880 1292 δείλαιοι,
897 1261 946 1296 τῆς

159 1305 261 1330 ἀτόπου
277 1305 380 1339 μανίας.
398 1304 542 1332 Παύσασθε
562 1305 709 1340 πάντολμοι
732 1305 780 1340 τὴν
804 1306 945 1342 βασιλικὴν

158 1349 243 1383 αὐλὴν
261 1350 494 1385 καταχραίνοντες.
512 1351 571 1377 Τῶν
597 1351 741 1386 μολυσμῶν
766 1353 877 1383 ἑαυτοὺς
902 1353 947 1379 ὲκ-

157 1394 305 1429 καθάρατε.
335 1396 449 1430 Κηλῖδος
483 1396 513 1422 τὸ
545 1396 736 1432 θυσιαστήριον
764 1397 944 1430 ἀπαλλάξαιτε.

162 1441 251 1475 Ἦμᾶς
276 1440 401 1476 δακρύων
425 1442 660 1476 κουφίσατε,τοὺς
680 1442 799 1477 ὁρῶντας
830 1443 946 1470 σκανδά-

157 1486 208 1512 λων
223 1486 436 1522 ἐλευθερώσατε,
452 1488 514 1519 τοὺς
534 1487 730 1522 κωμῳδοῦντας
746 1489 823 1523 σιγᾷν
842 1497 947 1524 συγχω-

998 247 1053 270 stes
1071 244 1243 271 accendunt?
1265 244 1515 272 Consummationis
1540 245 1622 278 diem,
1646 244 1784 279 inquiunt,

1000 289 1128 316 Dominus
1155 289 1290 324 ignoravit
1304 290 1339 316 “.
1357 286 1566 318 Λιιεὶιίνοτυιη
1587 291 1695 318 inutiles
1710 298 1785 326 quae-

997 335 1100 362 stiones
1119 335 1257 370 explicare
1284 338 1439 364 recusabat.
1455 337 1565 372 Alioqui
1577 342 1694 373 quonam
1706 341 1785 372 pacto

998 380 1090 407 horam
1101 384 1147 407 aut
1160 379 1230 407 diem
1246 380 1373 416 ignorare
1395 385 1504 416 poterat
1532 383 1692 410 saculorum
1717 381 1785 409 eﬂ'e-

997 431 1065 458 ctor,
1078 426 1103 453 in
1116 433 1169 460 quo
1184 427 1302 453 thesauri
1314 435 1409 455 omnes
1433 427 1571 462 sapientia:
1596 428 1640 456 siti
1664 432 1727 455 sunt
1742 427 1785 454 "?

997 471 1054 499 Non
1070 477 1128 499 erat
1142 472 1302 506 ignorantis,
1318 473 1375 508 ipsa
1395 481 1503 508 quoque
1513 474 1627 502 extremi
1639 475 1692 502 diei
1709 475 1785 510 signa

997 522 1024 545 et
1050 522 1167 545 terrores
1194 519 1355 553 praedicere,
1382 527 1500 554 eumque
1531 520 1605 546 velut
1626 526 1785 554 prmsentem

997 563 1080 590 certis
1110 562 1182 590 nolis
1207 568 1288 598 atque
1314 564 1466 598 insignibus
1491 565 1656 592 describere.
1672 563 1784 598 Verum,

998 613 1026 636 ut
1053 609 1109 644 jam
1131 609 1198 642 dixi,
1233 617 1308 638 vana
1340 610 1554 645 percontationis
1579 610 1786 645 explicationem

997 661 1029 681 ac
1057 655 1220 682 sententiam
1250 656 1362 684 minimc
1386 656 1577 684 declarandam
1606 655 1693 683 duxit.
1717 654 1786 687 Quid

996 700 1078 731 enim,
1105 701 1159 734 dic,
1176 708 1278 735 quaeso,
1311 702 1436 730 utilitatis
1464 702 1585 730 attulerit
1609 701 1671 728 ﬁnis
1693 701 1786 728 mundi

997 746 1066 773 diem
1080 747 1251 781 exploratum
1277 748 1448 776 habere?At
1473 755 1538 775 vero
1556 747 1680 775 eumdem
1710 747 1786 781 igno-

997 799 1058 819 rare
1073 793 1209 824 conducit,
1221 797 1249 819 ut
1265 793 1449 820 omnemdiem
1467 793 1541 820 illum
1551 800 1610 820 esse
1625 792 1785 820 existiman-

997 841 1048 870 tes,
1064 839 1150 872 parati
1169 839 1204 865 ad
1232 846 1294 865 eum
1326 839 1422 873 simus,
1438 839 1588 874 vigilantes,
1600 846 1631 866 ac
1643 837 1785 866 Dominum

997 889 1118 910 nostrum
1140 889 1330 918 exspectantes
1339 885 1370 912 "9.

1126 940 1243 969 CXVIII.
1254 957 1288 961 —
1299 941 1427 970 ZOSIMO
1451 941 1494 970 AC
1510 941 1652 969 MARONI.

996 986 1035 1013 De
1066 987 1226 1021 presbyteris
1259 995 1311 1014 non
1347 987 1543 1048 argbulantibus
1568 987 1709 1014 secundum
1736 985 1784 1013 Dei

1312 1030 1373 1048 man
1394 1027 1476 1048 alunt.

1312 1027 1476 1049 mandatum.

1031 1077 1070 1105 Ad
1095 1078 1215 1105 divinum
1243 1078 1427 1106 sacerdotium
1455 1077 1682 1108 labefactandam,
1703 1081 1784 1111 atque

995 1132 1074 1151 omne
1095 1125 1145 1158 ipsi
1181 1124 1351 1151 contumelia:
1371 1131 1455 1159 genus
1478 1123 1651 1156 inurendum,
1667 1127 1694 1150 tu
1718 1131 1785 1158 quo-

995 1178 1058 1204 que,
1085 1170 1317 1203 impudentissime
1341 1170 1459 1202 Zosime,
1484 1169 1645 1196 suiliciebas.
1660 1169 1785 1196 Accessit

995 1220 1084 1241 autem
1109 1215 1206 1242 similis
1230 1216 1329 1248 socius,
1345 1223 1377 1242 ac
1405 1222 1453 1250 par
1472 1214 1551 1242 boum
1576 1214 1692 1249 copulati
1707 1214 1782 1246 estis,

995 1261 1118 1296 spiueum
1140 1261 1268 1288 vitiorum
1298 1269 1391 1288 arvum
1423 1261 1553 1288 colentes.
1569 1260 1608 1288 Ab
1624 1261 1675 1288 hoc
1703 1261 1784 1296 igitur

995 1312 1158 1342 praepostero
1187 1306 1289 1340 furore,
1313 1316 1330 1335 ο
1351 1307 1455 1340 miseri,
1477 1307 1608 1334 desistite.
1633 1307 1784 1341 Regiam,o

996 1352 1166 1380 andacissimi
1183 1353 1314 1384 homines,
1331 1352 1418 1380 aulam
1446 1352 1631 1379 contaminare
1658 1352 1782 1379 desinite.

996 1398 1126 1426 Sor-dibus
1157 1400 1279 1433 vosipsos
1309 1403 1466 1433 expurgate.
1486 1389 1584 1425 Labem
1601 1398 1635 1425 ab
1654 1398 1784 1424 altaribus

996 1448 1142 1471 removete.
1157 1444 1209 1471 Nos
1225 1444 1352 1479 Iacrymis
1366 1444 1462 1476 levate,
1475 1451 1530 1477 eos,
1550 1443 1594 1478 qui
1616 1451 1663 1470 vos
1682 1443 1782 1474 vident,

997 1491 1132 1518 scandalis
1153 1491 1276 1518 liberate.
1289 1492 1324 1519 lis
1347 1491 1392 1525 qui
1410 1491 1521 1518 comicis
1548 1490 1648 1517 salibus
1672 1497 1717 1516 vos
1743 1489 1784 1516 in-

159 1531 270 1565 ρήσατε,
287 1532 338 1567 τὴν
352 1532 443 1567 κρίσιν
469 1533 515 1559 τοῦ
537 1532 604 1559 Θεοῦ
620 1533 800 1569 ἐνθυμήθητε,
816 1534 867 1569 τῆς
882 1535 945 1561 ἑαυ-

998 1541 1146 1570 sectantur,
1158 1541 1187 1564 ut
1202 1542 1319 1569 taceant,
1331 1537 1492 1572 permittite.
1505 1536 1550 1563 Dei
1571 1536 1701 1570 judicium
1713 1536 1785 1570 cogi-

157 1575 210 1602 τῶν
226 1576 317 1611 ψυχῆς
334 1577 440 1603 καὶτοῦ
457 1577 579 1612 σώματος
596 1578 735 1612 φείσασθε.

311 1632 385 1661 PIB’.
399 1648 435 1653 —-
448 1634 591 1670 ΕΥΣΕΒΙῼ
607 1635 791 1670 ΕΠΙΣΚΟΠῼ.

160 1678 223 1705 Ὀτι
247 1679 375 1713 φρικτὸν
397 1680 442 1711 είς
466 1680 637 1713 ὑπερϐολὴν
653 1681 686 1706 τὸ
707 1681 887 1715 πιπράσκειν
907 1682 947 1708 IE-

367 1715 510 1748 ρωσύνην
524 1715 542 1749 ἢ
555 1715 738 1746 ἐξωνεῖσθαι.

194 1759 290 1789 Καλῶς
315 1760 344 1785 τὸ
367 1759 511 1795 Ψαλμικὺν
528 1760 705 1795 ὲμελέτησας,
730 1761 854 1793 καὶτοὺς
871 1771 947 1797 μονο-

163 1805 280 1840 τρόπους
292 1805 321 1830 ὲν
334 1804 372 1839 τῷ
383 1804 430 1830 τοῦ
450 1805 551 1840 Κυρίου
567 1806 633 1841 οἴκῳ
651 1807 815 1841 συνήγαγες,
831 1808 948 1843 Ζωσίμῳ

161 1850 292 1882 συζεύξας
311 1849 378 1885 [καὶ]
393 1851 515 1886 Μάρωνα
528 1859 534 1867 ·
551 1852 641 1878 πᾶσαν
655 1853 773 1887 σπουδὴν
784 1873 790 1883 ,
810 1852 846 1884 ὡς
860 1851 947 1888 οἶμαι,

159 1896 318 1931 τιθέμενος,
335 1897 371 1931 μή
388 1906 414 1922 τι
429 1897 483 1923 τῶν
500 1898 609 1932 φαύλων
623 1898 676 1930 ἔξω
695 1899 740 1925 τοῦ
756 1900 947 1935 θυσιαστηρίου

163 1942 252 1976 σταίη.
268 1942 337 1968 Ἴσθι
352 1943 440 1969 τοίνυν
453 1943 490 1975 ὡς
507 1944 647 1978 πληθύνων
662 1946 723 1977 τοὺς
735 1946 869 1980 Σίμωνας,
883 1947 948 1978 τοὺς

160 1988 284 2022 χρήμασι
313 1988 426 2015 κτᾶσθαι
449 1989 480 2015 τὸ
495 1989 540 2016 τοῦ
557 1990 624 2016 Θεοῦ
641 1990 752 2025 Πνεῦμα
767 1990 927 2026 νομίζοντας
939 2011 946 2024 ,

162 2033 250 2059 κοινὸν
280 2034 388 2069 ἐκτήσω
404 2034 545 2069 βαλάντιον
560 2035 598 2070 τῷ
613 2036 739 2071 προδότῃ,
756 2037 796 2067 είς
810 2036 890 2071 χολὴν
907 2046 949 2062 πι-

162 2078 242 2113 κρίας
266 2080 314 2106 καὶ
343 2079 492 2115 σύνδεσμον
515 2081 620 2113 ἀδικίας
649 2081 870 2116 καλινδούμενος,
901 2082 948 2108 καὶ

161 2125 301 2158 προπίνων
316 2125 460 2161 τολμηρῶς
484 2127 518 2153 τὰ
539 2127 585 2153 καὶ
608 2127 736 2162 ἀγγέλοις
761 2128 852 2159 αὐτοῖς
869 2137 946 2165 περι-

161 2169 277 2205 “deum.

258 2231 326 2257 PK'.
337 2244 373 2251 -
387 2229 531 2265 ΕΥΣΕΒῘῼ
547 2229 770 2265 ΠΡΕΣΒΥΤΕΡῼ
783 2230 848 2266 (l7).

196 2277 267 2311 Περὶ
282 2276 334 2303 τοῦ
348 2276 518 2303 ἐπισκόπου
534 2276 683 2303 Εὐσεϐίου
697 2275 747 2302 καὶ
762 2276 910 2311 Ζωσίμου.

196 2333 242 2368 Μὴ
257 2333 402 2367 θαυμάσῃς
415 2331 464 2367 τὴν
479 2331 580 2366 τόλμαν
595 2331 725 2358 Εὑσεὸίου
740 2332 786 2358 καὶ
800 2331 830 2358 τὸ
847 2331 947 2368 Θράσος

160 2377 296 2414 Ζωσίμου,
320 2377 390 2404 ἀλλὰ
413 2378 464 2412 τὴν
487 2376 533 2403 τοῦ
557 2376 625 2403 Θεσῦ
642 2377 842 2412 μακροθυμίαν,
860 2377 946 2409 οὕτως

162 2425 236 2459 ἡμᾶς
250 2425 289 2454 εἰς
305 2423 452 2458 μετάνοιαν
465 2422 669 2458 περιμένοντος,
683 2423 730 2450 καὶ
749 2422 779 2454 ἐξ
791 2423 946 2458 ἀκαθάρτου

161 2470 252 2506 χειρὸς
274 2470 421 2505 δεχομένου
447 2469 582 2504 θυμίαμα.
604 2469 636 2495 Εἰ
657 2469 710 2504 γάρ
734 2477 775 2500 τις
799 2469 947 2504 ἁμαρτίαις

161 2515 325 2551 ἀπότροφος,
351 2515 419 2541 πᾶσι
445 2514 657 2550 κατεστιγμένος
685 2514 831 2549 μολυσμοῖς
847 2522 877 2539 τε
900 2514 948 2540 καὶ

194 2582 216 2598 ⁵⁸
230 2582 313 2610 Marc.
333 2590 395 2615 xm,
407 2582 461 2614 δὶς
488 2580 583 2608 Matth.
605 2588 678 2613 xxrv,
695 2580 739 2608 56.

161 2612 184 2632 ’⁸
200 2617 258 2645 Act.
274 2625 336 2651 vui,
348 2617 365 2645 9
380 2612 458 2652 chq.

790 2580 811 2596 "
825 2580 928 2608 Coloss.
945 2588 982 2613 ιι,
1001 2582 1026 2609 5.

1000 1586 1062 1609 tate.
1082 1583 1187 1610 Vestris
1201 1583 1299 1610 animis
1313 1588 1339 1610 et
1355 1582 1515 1617 corporibus
1528 1582 1642 1616 parcite.

1103 1640 1156 1675 37
1170 1639 1262 1667 CXIX.
1282 1655 1314 1660 ——
1333 1639 1480 1668 EUSEBIO
1495 1639 1670 1668 EPISCOPO.

1118 1685 1277 1712 horrendum
1320 1694 1375 1712 esse
1408 1685 1515 1712 vendere
1550 1686 1725 1713 sacerdotium
1758 1692 1782 1713 et

1342 1728 1436 1746 emere.

1033 1765 1150 1792 Pulchre
1178 1765 1242 1792 illud
1271 1765 1422 1792 Psalmista:
1449 1765 1594 1792 meditatus
1627 1773 1668 1796 es.
1703 1771 1784 1801 atque

999 1810 1077 1837 unius
1093 1811 1177 1838 moris
1194 1811 1315 1837 homines
1333 1811 1358 1837 iu
1374 1809 1420 1837 Dei
1435 1811 1514 1838 domo
1537 1811 1667 1844 collegisti
1679 1811 1711 1843 δ’,
1738 1812 1783 1846 qui

999 1854 1134 1882 Maronem
1150 1856 1260 1882 Zosimo
1281 1855 1429 1890 adiunxisti
1445 1865 1451 1882 :
1473 1855 1537 1882 illud
1563 1856 1689 1883 videlicet
1705 1857 1778 1884 onmi

999 1901 1088 1929 studio
1102 1902 1277 1934 contendens,
1298 1910 1329 1928 ne
1345 1902 1408 1936 quid
1432 1901 1559 1928 vitiorum
1584 1902 1618 1928 ab
1635 1902 1711 1928 altari
1736 1909 1781 1928 re-

1000 1951 1101 1973 motum
1130 1947 1174 1973 sit.
1200 1947 1257 1973 Hoc
1284 1947 1366 1981 igitur
1394 1948 1475 1978 scias,
1506 1951 1542 1978 te,
1566 1951 1594 1973 ut
1611 1947 1656 1981 qui
1686 1946 1782 1974 Simo-

999 1999 1061 2018 num
1074 1991 1108 2023 5°,
1125 1992 1169 2026 qui
1183 1999 1212 2018 se
1228 1991 1273 2018 Dei
1287 1991 1416 2026 Spiritum
1431 1992 1544 2026 pecunia
1560 1992 1675 2018 mercari
1690 1992 1784 2019 existi-

999 2042 1083 2068 mant,
1108 2044 1249 2064 numerum
1271 2044 1380 2071 augeas,
1401 2045 1545 2064 commune
1566 2045 1627 2064 cum
1645 2038 1784 2072 proditore

1002 2078 1170 2116 marsupiu‘m
1186 2082 1233 2109 tibi
1248 2090 1441 2116 comparasse:
1460 2082 1522 2109 dum
1537 2082 1564 2109 in
1581 2082 1641 2109 felle
1654 2083 1785 2110 amaritu-

999 2128 1114 2159 tlinis,et
1128 2127 1300 2163 colligationc
1313 2128 1464 2162 iniquitatis
1476 2129 1589 2162 teipsum
1600 2129 1716 2160 volutas,
1731 2135 1784 2155 ea—

999 2182 1062 2209 que,
1075 2182 1136 2209 qua:
1146 2175 1179 2201 ab
1193 2174 1258 2206 ipsis
1275 2175 1354 2201 etiam
1373 2174 1476 2206 angelis
1490 2178 1663 2209 expetuntur,
1677 2173 1780 2208 prodis.

1124 2230 1205 2260 CXX.
1218 2247 1252 2251 —
1266 2231 1403 2259 ISIDORO
1424 2231 1662 2259 PRESBYTERO.

1151 2276 1189 2304 De
1206 2277 1326 2312 episcopo
1339 2277 1453 2304 Eusebia
1471 2282 1495 2304 et
1511 2276 1627 2304 Zosimo.

1003 1683 1085 1712 Valde

1038 2331 1148 2360 Eusebii
1163 2334 1355 2366 temeritatem,
1370 2339 1397 2361 et
1410 2334 1510 2362 Zosimi
1526 2334 1666 2361 audaciam
1684 2341 1718 2360 ne
1732 2334 1784 2361 mi-

1000 2378 1081 2410 reris,
1097 2385 1191 2405 vcrum
1205 2379 1252 2406 Dei
1269 2379 1420 2413 lenitatem,
1437 2379 1470 2406 ad
1482 2379 1669 2413 paenitentiam
1685 2386 1733 2406 nos
1747 2378 1784 2405 ita

1003 2424 1199 2458 exspectantis,
1216 2428 1298 2460 atque
1308 2432 1340 2452 ex
1359 2425 1463 2459 impura
1483 2433 1564 2452 manu
1583 2425 1722 2452 incensum
1740 2420 1785 2451 ac-

1001 2469 1137 2504 cipieutis.
1153 2469 1220 2497 Nam
1238 2470 1260 2498 si
1284 2469 1344 2505 quis
1365 2470 1392 2497 in
1416 2470 1563 2498 sceleribus
1579 2471 1718 2502 educatus,
1740 2473 1781 2496 at-

1002 2522 1055 2549 que
1068 2515 1142 2543 omni
1160 2516 1280 2544 sordium
1297 2524 1330 2544 ac
1347 2521 1520 2552 peccatorum
1538 2523 1637 2551 genere
1652 2522 1783 2550 compun-

1080 2583 1102 2598 ⁸³
1113 2583 1209 2611 Matth.
1226 2591 1300 2618 μιν,
1321 2583 1357 2612 42
1376 2591 1452 2620 seqq.
1506 2585 1528 2600 δ’
1542 2583 1614 2612 Psal.
1640 2590 1711 2610 uvu
1725 2603 1732 2616 ,
1751 2584 1784 2610 7.

710 2661 827 2688 VAIIIAE
849 2661 1041 2691 LECTIONES
1056 2663 1102 2691 ET
1117 2663 1233 2692 NOTIE.

386 2697 407 2712 Ψ

195 2732 250 2766 (I5)
266 2732 352 2759 Codd.
363 2731 445 2757 iidem
459 2731 551 2766 legunt
562 2738 610 2764 pro
620 2731 802 2764 ὲπικαίουσιν,
818 2731 944 2758 ἐκκαίου-

161 2776 200 2794 tm
219 2765 245 2793 et
262 2775 312 2801 pro
328 2767 479 2798 φάσκουσι,
491 2765 652 2801 φάσκοντες.
668 2766 773 2793 Possm.

189 2801 246 2836 (In)
263 2801 352 2829 Codd.
369 2801 439 2836 Vat,
451 2800 502 2827 649
519 2805 546 2827 et
560 2801 614 2836 Alt.
631 2801 710 2836 tertio
735 2805 946 2836 utunturrcasu,

157 2838 320 2871 scribentes,
339 2837 375 2870 τῇ
397 2835 460 2870 θείᾳ
481 2835 625 2871 ιερωσύνῃ.
640 2835 723 2864 Iidem
736 2842 814 2865 versu
830 2835 950 2871 Slegunt

998 2733 1188 2769 ᾒογαζόμενος,
1201 2741 1250 2768 pro
1263 2734 1450 2769 ἐργαζόμενοι.
1463 2732 1568 2769 Possm.

1035 2765 1091 2803 (17)
1101 2765 1269 2796 Ἰιιδωίῑίίῑιιι·
1280 2765 1351 2796 ’ίιωο
1366 2765 1409 2803 ep.
1434 2768 1542 2803 inﬂcod.
1560 2766 1614 2793 Alt.
1631 2772 1683 2792 non
1698 2765 1782 2791 Εὐσε-

1001 2801 1061 2838 ϐίῳ,
1078 2801 1124 2831 Sed
1144 2804 1270 2839 Ἰσιδώρῳ
1285 2801 1539 2839 πρεσόίθιοζνετς.
1559 2809 1609 2836 pen
1635 2807 1685 2834 pro
1697 2803 1782 2835 κριμα

1002 2837 1061 2868 cod.
1074 2839 1129 2867 Alt.
1144 2837 1280 2872 habetnon
1295 2837 1427 2869 κρίματα.
1444 2837 1481 2864 Po
1497 2843 1548 2863 sm.
