2064 3159
239 164 288 197 271

839 159 868 190 S.
890 160 1035 191 ISIDORI
1055 162 1273 192 FELUSIOTE

1813 161 1865 192 ,εἷῗὲ

241 228 292 254 que
304 219 338 246 ab
353 218 515 252 imperatore
538 215 736 250 praefecturam,
764 222 825 242 eam
850 216 904 242 vim
920 224 951 242 ac
979 225 1025 251 po‘

1084 217 1193 251 Ἐπειδὴ
1210 217 1299 243 τοίνυν
1311 215 1377 242 Θεοῦ
1393 216 1465 241 ἐστιν
1480 214 1621 250 ἀμφότερα
1639 215 1672 241 τὰ
1695 215 1865 251 χαρίσματα,

241 265 362 297 tentiam,
395 270 473 297 quatit
496 260 647 287 institutum
674 260 755 288 anitni
787 261 823 287 tui
856 261 1022 295 requirebat,

242 310 289 337 tibi
302 308 473 343 prtebentem.
487 306 619 339 Quoniam
638 311 727 332 autent
749 310 891 340 utrumque
914 306 963 332 hoc
976 306 1024 332 do-

241 363 303 382 num
327 353 371 380 Dei
388 352 518 380 beneﬁcio
531 352 578 380 libi
595 352 720 388 contigit,
739 356 865 386 utroque,
880 359 929 387 pro
951 352 1023 378 virili

245 405 300 432 tua,
323 399 354 426 ad
371 398 455 433 ipsius
472 398 572 425 cultutn
597 402 683 430 utere,
701 402 729 424 ut
747 396 876 431 majorem
899 404 1024 432 quoque,

241 445 289 472 tibi
310 443 458 479 potentiam
474 443 616 476 concedat,
629 443 650 470 si
668 443 737 470 itane
751 443 799 470 abs
819 447 843 470 te
861 449 927 477 pure
941 447 1022 477 atque

240 492 324 519 etiam
337 498 436 519 munus
448 497 510 518 cum
531 489 614 516 animi
633 489 819 524 magnitudine
849 489 1023 523 coniunctum

453 545 595 574 CXXXIV.
611 561 645 566 —
657 544 794 573 ZOSIMO.

481 592 519 619 De
537 591 636 618 doloris
653 592 791 618 vacuitate.

276 651 305 679 Si
320 657 371 679 nec
383 657 495 685 regnum
509 653 535 676 te
550 649 645 676 incitat
675 653 702 675 et
725 649 895 681 cohortatur,
911 656 959 676 nec
976 656 1023 684 ge‘

241 699 328 725 henna
357 703 465 724 rursum
488 700 583 727 terret,
617 702 669 722 non
699 694 940 721 animadvertimus
964 701 1023 727 nos,

240 751 300 771 cum
315 743 397 770 feram
411 747 439 769 et
455 741 613 769 indomitam
629 739 744 766 belluam
766 739 946 771 incantamus,
963 746 1023 765 cum

243 787 366 822 improbo
382 787 503 815 daemone
518 786 635 813 humana
653 784 738 812 forma
762 788 883 811 contecto
899 783 1004 811 luctari.

485 842 616 871 CXXXV.
628 840 784 869 -ΕΙΒΕΜ,

576 887 677 915 Simile.

277 949 345 978 Cum
371 946 465 978 libido,
486 949 512 973 et
528 945 650 980 corporis
675 946 768 978 robur,
792 949 819 972 et
844 944 927 971 animi
955 943 1028 972 vires

242 995 350 1031 dejiciat
363 999 391 1021 et
416 992 528 1025 adimat,
544 997 680 1026 eumque,
704 990 751 1025 qui
776 990 827 1017 hoc
848 989 914 1016 vitio
933 994 1027 1024 captus

241 1045 291 1072 est,
309 1039 433 1068 omnibus
449 1037 614 1065 illudendum
639 1041 667 1064 et
697 1035 864 1063 irridendum
891 1035 1026 1069 propinet,

241 1084 465 1121 quemadmodum
480 1087 631 1110 cxczecatus
643 1081 768 1115 Samson,
790 1081 868 1108 docet
882 1080 916 1113 ⁸⁸,
932 1079 1028 1114 ecquid

243 1138 270 1159 tu
289 1130 470 1159 voluntariam
487 1129 670 1163 captivitatem
686 1127 816 1159 accersis,
836 1134 886 1154 nec
906 1125 1029 1153 naturale

243 1177 327 1205 robur
344 1175 459 1203 illaesum
476 1179 557 1209 atque
570 1173 704 1208 integrum
725 1180 831 1204 servas,
844 1179 938 1199 verum
952 1171 1029 1198 vitio-

243 1223 282 1250 sis
299 1219 488 1248 affectionibus
504 1218 700 1246 conﬁciendum
718 1222 745 1245 te
770 1217 841 1245 ultro
854 1218 986 1252 prrebens.
1004 1219 1030 1243 et

244 1268 340 1298 Deum,
356 1265 403 1300 qui
419 1265 445 1291 in
461 1265 516 1291 vita
527 1269 582 1296 ttta,
597 1263 642 1291 ubi
656 1268 737 1297 caput
766 1263 888 1294 reclinet,
907 1270 959 1289 non
982 1261 1030 1288 ha-

245 1315 301 1345 bet.
317 1319 434 1340 mterore
447 1310 530 1338 amcis
541 1330 548 1343 ,
567 1314 594 1337 et
609 1316 670 1342 nos,
684 1309 728 1344 qui
745 1316 793 1344 pro
808 1314 850 1336 tua
869 1309 955 1335 salute
970 1313 1030 1334 vota

243 1357 357 1385 facimus
373 1362 529 1391 oppugnas;
546 1359 573 1382 et
586 1354 710 1389 injuriam
727 1353 774 1380 tibi
791 1353 840 1388 ipsi
858 1353 951 1385 infers,
968 1352 1030 1379 dum

243 1402 375 1430 salutaria
388 1401 585 1428 medicamenta
601 1398 748 1434 repudias?

385 1452 528 1484 CXXXVL
544 1469 578 1475 -
592 1452 747 1481 HERMINO
763 1451 890 1480 COMITI.

277 1514 315 1541 De
328 1512 420 1540 ordine
440 1512 564 1547 episcopi,
591 1517 614 1539 et
629 1512 768 1547 cujusnam
784 1512 898 1547 ﬁguram
919 1512 996 1547 gerit.

283 1572 424 1605 Quantum
444 1574 472 1597 tu
488 1569 643 1604 inexplebili
675 1569 798 1597 discendi
818 1569 965 1604 cupiditate
983 1568 1031 1596 ila-

248 1623 323 1652 gras,
341 1620 445 1642 tantum
475 1622 524 1650 ego
550 1615 583 1642 ad
609 1623 652 1648 ea,
674 1623 734 1650 quae
750 1615 862 1650 quaeris,
873 1614 1032 1650 explicanda

247 1665 387 1696 promptus
396 1669 427 1688 ac
439 1661 567 1696 proclivis
583 1669 661 1688 sum:
678 1662 822 1688 dummodo
845 1661 927 1693 Deus,
943 1661 1032 1695 preci-

246 1707 295 1735 bus
307 1707 525 1739 tuiseommotus,
540 1706 723 1735 inventionem
736 1706 801 1733 mihi
815 1706 921 1734 coalitus
936 1713 1032 1733 conce-

247 1754 303 1780 dat.
327 1752 451 1780 Lintenm
471 1752 536 1779 illud
564 1760 624 1780 cum
651 1760 705 1788 quo
726 1753 841 1785 diaconi,
874 1752 900 1779 in
932 1752 1033 1778 sanctis

248 1798 384 1834 mysteriis
397 1805 494 1826 munus
506 1805 583 1825 Suum
597 1798 708 1830 obeunt,
727 1798 905 1825 humilitatem
937 1796 1030 1824 Domi-

247 1845 286 1876 ni,
301 1842 345 1879 qui
361 1843 555 1878 discipulorum
572 1844 654 1878 pedes
668 1843 745 1876 lavit,
768 1848 795 1871 et
808 1843 922 1871 extersit
934 1843 968 1876 ",
983 1850 1033 1870 no-

247 1890 289 1917 bis
302 1890 328 1916 in
348 1889 506 1916 memoriam
523 1889 630 1923 redigit.
645 1889 673 1916 id
691 1894 781 1916 autem
791 1889 946 1922 amiculum,
962 1888 1032 1923 quod

248 1935 376 1962 sacerdos
397 1934 516 1961 timueris
532 1939 629 1968 gestat,
656 1938 736 1968 atque
762 1942 794 1961 ex
825 1935 898 1966 lana,
927 1942 980 1961 non
999 1941 1033 1960 cx

249 1979 303 2006 lino
317 1984 472 2006 contextum
487 1983 540 2010 est,
554 1979 612 2006 ovis
627 1979 708 2012 illius,
721 1987 802 2014 quam
820 1979 948 2006 Dominus
960 1979 1034 2006 aber-

250 2029 354 2051 rantem
367 2024 491 2058 quaesivit
521 2024 711 2060 inventamque
733 2025 853 2052 humeris
873 2025 929 2052 suis
944 2028 1034 2052 sustu-

253 2070 285 2097 lit
298 2071 333 2102 "°,
359 2069 454 2104 pellem
471 2069 603 2102 designat.
626 2069 774 2105 Episcopus
791 2071 874 2102 enim,
894 2070 939 2105 qni
955 2068 1033 2097 Chri-

250 2116 285 2143 sti
311 2120 400 2151 typum
429 2115 508 2150 gerit,
538 2115 621 2150 ipsius
654 2124 763 2143 munere
798 2116 926 2151 fungitur,
954 2120 1035 2149 atquc

251 2161 309 2195 ipso
323 2162 402 2188 etiam
420 2161 513 2188 habitu
531 2161 593 2188 illud
614 2162 739 2188 omnibus
761 2162 888 2193 ostendit,
911 2169 940 2188 se
972 2161 1032 2188 boni

251 2207 321 2234 illius
333 2214 366 2233 ac
377 2207 465 2241 magni
477 2207 592 2241 pastoris
615 2207 778 2234 imitatorem
793 2214 862 2240 esse,
878 2207 922 2241 qui
946 2207 1035 2242 gregis

252 2251 424 2279 inﬁrmitates
436 2252 486 2279 sibi
502 2252 627 2280 ferendas
643 2253 801 2287 proposuit.
831 2253 870 2280 Ac
893 2252 1036 2286 diligenter

251 2297 372 2323 animum
385 2297 504 2324 attende.
518 2297 583 2324 Nam
602 2305 662 2325 cum
676 2298 736 2333 ipse
765 2306 845 2326 verus
866 2303 960 2333 pastor
988 2306 1036 2332 per

252 2342 452 2370 adorandorum
489 2343 695 2378 Evangeliorum
727 2345 894 2379 apertionem
920 2345 1034 2377 accedit,

251 2386 305 2422 42
321 2391 375 2414 tum
391 2387 497 2415 demum
518 2390 660 2424 episcopus
692 2390 819 2424 assurgit,
850 2396 929 2425 atque
947 2389 1036 2416 imita-

1079 263 1177 297 χρῆσαι
1195 262 1298 292 τούτοις
1310 263 1349 292 εἰς
1363 261 1510 296 θεραπείαν
1521 261 1604 287 αὐτοῦ
1619 261 1668 296 ὅση
1680 261 1794 296 δύναμις
1805 269 1811 275 ’
1822 262 1866 286 ἵνα

1079 309 1124 334 καὶ
1138 308 1248 342 μείζονα
1270 307 1342 342 δώσῃ
1363 307 1495 340 ἐξουσίαν,
1514 307 1537 332 εί
1555 306 1658 342 ταύτην
1679 306 1720 342 ἴδῃ
1737 306 1866 341 καθαρῶς

1078 353 1275 388 διοικουμένην.
1293 351 1352 379 Οἵδε
1366 353 1420 388 γὰρ
1438 352 1486 379 καὶ
1505 352 1687 387 ποιμαντικὴν
1712 351 1866 388 μεγαλόψιν

1079 407 1136 434 χον,
1150 398 1289 433 βασιλείαν
1307 399 1394 426 ποιεῖν
1407 397 1605 432 πολυδύναμον.

1045 444 1148 478 integre
1181 444 1367 470 administrari
1384 442 1499 470 noverit.
1533 441 1674 477 Siquidem
1696 442 1866 476 pastoritintn

1045 489 1071 516 in
1103 490 1322 525 potentissimum
1336 497 1449 524 regnum
1469 493 1639 516 commutare
1661 489 1734 515 novit
1746 488 1779 514 ⁸⁷.

1333 545 1415 573 PAA'.
1428 560 1462 565 _
1479 546 1615 580 znstMn.

1326 591 1396 625 Περὶ
1419 592 1619 626 ἀναλγησίας.

1111 647 1143 674 Εἰ
1156 646 1279 682 βασιλεία
1295 655 1324 672 σε
1340 646 1370 672 οὐ
1388 645 1583 681 προτρέπεται,
1594 645 1654 672 οὐδὲ
1670 645 1765 679 γέεννα
1784 646 1867 673 πάλιν

1076 693 1233 725 δεδίττεται,
1255 692 1423 726 λανθάνομεν
1450 691 1588 726 ἁτιΟάσσῳ
1603 691 1689 727 Οηρίῳ
1709 691 1866 727 ἐπᾴδοντες,

1077 740 1104 765 ἐν
1120 738 1280 774 ἀνθρωπεία
1305 739 1413 774 μορφῇ,
1440 737 1551 773 πονηρῷ
1570 737 1675 772 δαίμονι
1701 737 1792 774 [πρὸς]
1819 747 1870 765 παι-

1076 785 1198 816 λαίοντες
1216 785 1282 819 (29).

1278 840 1362 867 ΡΛΕ’.
1379 857 1413 862 -
1428 840 1472 875 Τῼ
1486 840 1577 874 ΑΥΤῼ
1597 839 1663 874 (50).

1406 887 1539 921 "OJwtor.

1114 947 1146 973 Et
1157 946 1204 973 καὶ
1214 947 1262 981 τὴν
1272 946 1348 980 ἰσχὺν
1358 945 1405 972 τοῦ
1420 945 1556 978 σώματος,
1571 945 1619 972 καὶ
1631 945 1681 980 τὴν
1691 945 1773 971 αὐτοῦ
1788 945 1870 971 πνεύ-

1081 1002 1165 1029 ματος
1179 993 1306 1028 καθαιρεῖ
1321 992 1368 1019 καὶ
1385 992 1542 1026 ἀφαιρεῖται
1558 993 1574 1026 ὴ
1591 991 1715 1025 λαγνεία,
1730 987 1777 1018 παὶ
1791 992 1870 1026 εὐχε-

1081 1040 1114 1076 ρῆ
1130 1039 1202 1065 ποιεῖ
1226 1038 1293 1073 πρὸς
1312 1037 1471 1073 ἐμπαιγμδν
1493 1038 1540 1063 καὶ
1559 1037 1666 1072 γέλωτα
1689 1038 1735 1064 τὸν
1759 1038 1868 1068 ἁλόντα,

1080 1083 1171 1116 καθὼς
1182 1083 1304 1110 διδάσκει
1312 1082 1433 1118 Σαμψὼν
1443 1082 1575 1117 ὲκτυιρλού
1580 1091 1672 1117 μενος,
1681 1083 1707 1109 τί
1719 1085 1870 1111 ἐπισπᾶται

1080 1129 1269 1165 αἰχμαλωσίαν
1282 1128 1453 1164 αὐθαίρετον,
1467 1129 1513 1154 καὶ
1524 1129 1554 1155 οὐ
1566 1128 1710 1163 φυλάττεις
1725 1129 1774 1164 τὴν
1792 1139 1871 1164 φυσι-

1081 1175 1131 1212 κὴν
1152 1175 1248 1212 ῥώμην
1272 1175 1422 1210 ἀλώὸητον,
1445 1175 1503 1201 ἀλλ’
1524 1175 1603 1210 ἔργον
1621 1175 1714 1202 παθῶν
1738 1175 1871 1207 ἑκουσίως

1080 1222 1232 1257 γινόμενος,
1246 1221 1292 1248 καὶ
1303 1221 1349 1248 τὸν
1360 1221 1426 1247 Θεὸν
1438 1221 1534 1252 λυπεῖς
1545 1221 1594 1248 οὐκ
1607 1221 1702 1256 ἔχοντα
1718 1221 1807 1248 κλῖναι
1821 1222 1871 1256 τὴν

1082 1267 1202 1303 κεφαλὴν
1216 1267 1245 1293 ἐν
1259 1266 1297 1302 τῷ
1312 1266 1363 1302 βίῳ
1379 1275 1438 1298 σου,
1455 1267 1503 1293 καὶ
1518 1267 1583 1302 ημῖν
1605 1266 1732 1301 πολεμεῖς
1757 1267 1871 1302 εὐχομέ-

1081 1323 1136 1344 νοις
1152 1313 1271 1348 σωθῆναί
1285 1321 1325 1343 σε.
1335 1312 1381 1338 καὶ
1396 1312 1492 1339 σαυτὸν
1505 1312 1616 1344 ἀδικεῖς,
1629 1312 1661 1338 τὰ
1673 1311 1783 1347 ῥώσεως
1797 1320 1870 1346 παρ-

1083 1357 1241 1393 αιτούμενος
1259 1356 1394 1392 φάρμακα
1406 1366 1413 1390 ;

1239 1459 1331 1491 PAG’.
1358 1472 1393 1477 —
1413 1457 1544 1493 ΕΡΜΙΝῼ
1565 1458 1712 1485 KOMIITI.

1045 1516 1067 1544 C
1084 1515 1153 1550 Περὶ
1170 1515 1282 1548 τάξεως
1299 1516 1480 1547 ἐπισκόπου,
1500 1515 1548 1542 καὶ
1567 1517 1649 1548 τίνος
1666 1515 1763 1542 τύπον
1775 1514 1866 1549 φέρει.

1118 1573 1200 1598 Ὅσον
1211 1571 1292 1602 αὐτὸς
1302 1571 1440 1606 ἄπληστος
1455 1569 1479 1597 εἷ
1492 1570 1560 1606 πρὸς
1574 1570 1623 1605 τὴν
1636 1570 1764 1606 μάθησιν,
1776 1569 1871 1596 τοσοῦ-

1082 1626 1128 1644 τον
1145 1617 1200 1651 ἐγὼ
1218 1617 1358 1653 πρόθυμος
1375 1617 1441 1652 πρὲις
1456 1617 1506 1652 τὴν
1523 1616 1647 1651 δήλωσιν,
1669 1617 1749 1651 μόνον
1767 1617 1791 1642 εί
1807 1615 1872 1647 Θεὸς

1083 1662 1120 1698 δῷ
1134 1664 1193 1694 ταῖς
1208 1663 1301 1698 εὐχαῖς
1316 1671 1362 1688 σου
1382 1662 1430 1697 τὴν
1447 1661 1555 1697 εὕρεσιν
1569 1661 1671 1689 ἄνωθεν
1686 1662 1741 1695 (5i)
1754 1669 1760 1676 '
1780 1662 1796 1696 ἡ
1810 1661 1870 1689 ὀθό-

1083 1716 1127 1742 νη,
1143 1707 1202 1742 μεθ’
1218 1705 1251 1742 ἧς
1265 1706 1468 1741 λειτουργοῦσιν
1485 1707 1514 1732 ἐν
1531 1707 1586 1736 τοῖς
1606 1705 1694 1739 ἁγίοις
1705 1705 1730 1730 οἱ
1742 1705 1872 1736 διάκονοι,

1084 1753 1133 1788 τὴν
1147 1753 1194 1779 τοῦ
1209 1753 1311 1787 Κυρίου
1327 1752 1531 1787 ἀναμιμνήσκει
1548 1751 1724 1784 ταπείνωσιν,
1743 1751 1872 1786 νίψαντος

1083 1800 1146 1830 τοὺς
1158 1799 1240 1830 πόδας
1254 1799 1308 1824 τῶν
1325 1798 1463 1833 μαθητῶν,
1480 1798 1528 1824 καὶ
1543 1797 1722 1832 ὲκμάξαντος.
1740 1797 1776 1823 Τὸ
1789 1797 1816 1823 δὲ
1826 1797 1872 1822 τοῦ

1084 1845 1235 1871 ἐπισκόπου
1252 1844 1408 1879 ὠμοερόριον
1425 1843 1453 1875 ἐξ
1465 1843 1544 1878 ἐρέας
1558 1842 1599 1875 ὃν,
1613 1843 1671 1869 ἀλλ’
1682 1843 1712 1868 οὐ
1727 1843 1811 1875 λίνου,
1825 1843 1873 1877 τὴν

1083 1889 1130 1917 τοῦ
1147 1890 1284 1926 προϐάτου
1295 1889 1377 1925 δορὰν
1394 1890 1531 1923 σημαίνει,
1545 1890 1614 1923 ὅπερ
1637 1889 1771 1924 πλανηθὲν
1788 1888 1872 1924 ζητή-

1086 1945 1134 1968 σας
1154 1937 1167 1962 ὁ
1180 1935 1293 1971 Κύριος,
1317 1935 1364 1961 ἐπὶ
1388 1935 1442 1962 τῶν
1463 1934 1571 1961 οἰκείων
1586 1934 1670 1969 ὡμων
1684 1934 1824 1961 ἀνέλαϐεν.
1843 1935 1872 1960 '0

1085 1982 1139 2018 γὰρ
1152 1982 1300 2013 ἐπίσκοπος
1314 1982 1354 2013 εἰς
1365 1981 1450 2008 τύπον
1465 1980 1502 2007 ὢν
1525 1980 1570 2007 τοῦ
1589 1980 1707 2015 Χριστοῦ
1720 2000 1727 2012 ,
1747 1981 1777 2006 τὸ
1794 1980 1874 2015 ἔργον

1086 2028 1189 2055 ἐκείνου
1206 2028 1314 2062 πληροῖ,
1325 2027 1371 2054 κού¹
1382 2027 1501 2053 δείκνυσι
1519 2027 1585 2052 πᾶσι
1602 2025 1646 2052 διὰ
1661 2026 1708 2052 τοῦ
1723 2027 1872 2061 σχήματος,

1085 2075 1126 2100 ὅτι
1143 2074 1266 2108 μιμητής
1281 2073 1339 2099 ἐστι
1354 2072 1401 2098 τοῦ
1415 2071 1518 2105 ἀγαθοῦ
1536 2072 1581 2098 καὶ
1601 2071 1718 2107 μεγάλου
1734 2071 1874 2106 ποιμένος,

1086 2119 1100 2144 ὁ
1114 2118 1162 2148 τὰς
1177 2117 1319 2148 ἀσθενείας
1332 2117 1424 2152 φέρειν
1437 2117 1484 2142 τοῦ
1496 2116 1624 2150 ποιμνίου
1641 2115 1874 2151 προϐεϐλημένος·

1052 2186 1075 2214 D
1087 2163 1136 2190 καὶ
1151 2163 1270 2198 πρόσχες
1290 2162 1423 2196 ἀκριῦὦς.
1446 2162 1541 2188 Ἢνίκα
1559 2161 1613 2196 γὰρ
1627 2162 1708 2194 αὐτὸς
1723 2162 1736 2188 ὁ
1749 2159 1875 2196 ἀληθινὺς

1089 2207 1190 2242 ποιμὴν
1209 2206 1397 2241 παραγένηται
1418 2206 1462 2232 διὰ
1477 2208 1527 2242 τῆς
1549 2206 1603 2232 τῶν
1625 2205 1800 2239 Εὑαγγελίων
1822 2205 1876 2230 τῶν

1090 2252 1286 2288 προσκυνητῶν
1300 2252 1487 2285 ἀναπτύξεως,
1500 2252 1546 2278 καὶ
1557 2252 1735 2278 ὑπανίσταται
1747 2251 1794 2277 καὶ
1810 2251 1876 2276 ἁπο-

1087 2298 1191 2324 τίοεται
1205 2297 1235 2323 τὸ
1252 2298 1345 2332 σχῆμα
1358 2298 1408 2332 τῆς
1426 2299 1569 2333 μιμήσεως
1585 2298 1599 2323 ὁ
1618 2296 1778 2327 ἐπίσκοπος,
1795 2295 1877 2322 αὑτὸν

1088 2343 1175 2378 δηλῶν
1202 2345 1330 2378 παρεῖναι
1351 2343 1396 2369 τὸν
1418 2343 1540 2378 Κύριον,
1558 2343 1603 2369 τὸν
1625 2343 1674 2377 τῆς
1695 2340 1877 2376 ποιμαντικῆς

1090 2389 1222 2424 ἡγεμόνα,
1240 2389 1287 2416 καὶ
1303 2389 1368 2415 Θεὸν
1380 2389 1427 2416 καὶ
1441 2389 1584 2424 δεσπότην.

255 2432 337 2460 tionis
352 2431 473 2460 habitum
491 2434 601 2468 deponit
620 2435 704 2462 :hinc
729 2435 856 2462 nimirum
888 2434 1028 2462 Dominum
1059 2434 1157 2469 ipsum,
1182 2434 1324 2468 pastoralis
1345 2434 1412 2461 artis
1442 2434 1555 2467 ducem,
1572 2441 1602 2461 ac
1627 2433 1709 2461 Deum
1734 2436 1761 2459 et
1781 2431 1877 2471 herum

254 2478 350 2505 adesse
363 2477 537 2512 signiﬁcans.‘

288 2558 332 2585 "l
350 2558 415 2593 Reg.
433 2566 487 2591 nt,
505 2559 547 2585 Η.
587 2559 609 2574 ⁸⁸
628 2558 714 2586 Jtntic.
736 2567 789 2591 xw,
807 2559 850 2586 l7.

901 2560 922 2576 °'
939 2559 1016 2586 Joan.
1032 2567 1091 2592 xm,
1108 2559 1150 2586 15.
1188 2560 1210 2575 '°
1226 2558 1291 2586 Luc.
1307 2567 1352 2593 xv,
1368 2559 1411 2586 M.
1442 2554 1449 2562 “

814 2635 930 2663 νΑΙὶΙᾸΞ
945 2635 1135 2663 LECTlONES
1154 2635 1198 2664 ΕΤ
1215 2635 1331 2664 NOTAE}.

286 2714 343 2750 (29)
354 2713 438 2750 Codd.
453 2713 513 2750 Val.
527 2713 577 2750 (διο
586 2713 687 2750 ctAIt.,
698 2713 921 2750 προσπταίοντες.
931 2712 1035 2750 Possm.

289 2747 345 2784 (50)
365 2749 426 2776 llaec
445 2749 557 2784 epistola
579 2748 614 2784 _in
640 2749 716 2774 cotltl.
738 2747 798 2784 Vat.
820 2748 912 2784 timet
926 2748 978 2784 Alt.
997 2749 1038 2774 iu-

253 2781 391 2822 s_cr_'ib.i'tur,
409 2781 533 2822 Μάριονι.
550 2782 749 2822 lidcm_rers.d
777 2787 836 2822 post
861 2781 909 2822 τῂν
936 2783 1034 2809 addunt

253 2818 373 2851 ἀνδρίαν,
394 2823 420 2844 et
441 2817 546 2849 tollunt,
563 2817 632 2851 quod
654 2817 785 2850 sequitur,
808 2817 902 2848 αὑτοῦ,
929 2823 1033 2844 retenta

256 2852 348 2880 ultima
365 2852 477 2886 syllaba,
493 2858 630 2886 totumque
648 2852 735 2879 locum
748 2852 786 2879 sic
800 2852 940 2880 emendate
955 2852 1032 2880 exhi-

1090 2714 1155 2741 bent
1173 2721 1180 2741 :
1197 2713 1246 2748 τὴν
1261 2713 1370 2748 ἀνδρίαν
1386 2711 1433 2738 τοῦ
1447 2710 1611 2748 πνεύματος.
1632 2710 1708 2738 \‘ers.
1729 2717 1791 2745 pen.
1809 2709 1878 2736 intct

1090 2748 1124 2775 τὰ
1140 2754 1166 2775 et
1185 2747 1295 2784 ῥώσεως
1311 2747 1443 2774 inserunt
1454 2747 1512 2781 τῆς.
1529 2747 1635 2784 Possm.

1124 2778 1190 2818 (δυ’
1200 2778 1318 2810 Ἀνωονεν
1344 2790 1395 2818 non
1409 2778 1547 2818 comparet
1562 2782 1587 2807 in
1613 2780 1692 2818 codd.
1706 2778 1838 2818 ’για-³649
1853 2782 1879 2804 et

1087 2813 1141 2846 Alt.
1159 2813 1234 2846 Vers.
1252 2818 1266 2843 7
1279 2825 1327 2852 pro
1340 2817 1419 2852 ἐρέας
1434 2813 1494 2844 cod.
1512 2817 1563 2843 Alt.
1579 2815 1754 2850 habct'éptou.
1772 2813 1879 2841 Possm.
