2064 3159
248 155 300 187 219

845 155 874 184 S.
896 155 1041 185 ISIDOUI
1059 156 1276 186 PELUSIOT.’E

1130 53 1145 63 ι

1816 158 1876 189 250

251 217 350 238 amara:
372 209 506 240 lectionis,
523 208 630 235 exclusa
649 215 759 239 nausea,
789 207 888 236 divime
905 209 1034 236 doctrinae

1088 208 1160 240 θείας
1177 209 1354 241 παιδεύσεως,
1373 210 1421 244 τῆς
1434 210 1588 245 ἀνωφελοῦς
1603 211 1710 246 ὲκείνης
1721 211 1767 239 καὶ
1781 212 1871 246 ἁλμυ-

251 255 358 283 lectioni
373 261 481 288 operam
493 253 550 284 des,
572 251 625 288 45
650 252 810 286 Christique
838 254 964 279 mandata
992 253 1035 287 pio

251 310 283 329 ac
300 301 345 328 Dei
361 306 453 326 arnore
477 297 589 332 praedito
613 298 704 324 animo
731 297 894 332 susceperis.
912 306 921 322 ι
949 297 1036 324 Nolite

251 347 332 381 igitur
348 346 412 372 dare
425 351 550 371 sanctum
565 344 677 372 canibus
686 343 709 360 ⁸⁸
729 364 736 375 ,
758 353 767 368 ι
798 344 849 370 hoc
865 348 908 371 est
922 342 1033 375 Iudaeis,

253 391 298 425 qui
327 390 449 417 divinum
477 397 627 417 sermonem
654 397 773 425 persaepe
796 393 972 424 acceperunt,
1003 397 1034 416 ac

253 443 357 463 rursum
373 435 407 462 ad
421 436 549 462 vomitum
573 443 650 462 suum
673 439 845 462 revertuntur
856 435 877 450 ⁸⁷
895 443 902 461 :
917 439 964 460 aut
980 435 1034 462 ha:-

252 481 356 514 reticis,
371 481 404 508 ad
424 489 516 508 veram
544 481 694 508 doctrinam
721 488 750 508 se
777 480 990 511 conferentibus,
1003 487 1034 506 ac

251 535 358 555 rursum
386 527 418 554 ad
444 527 561 562 priorem
587 527 728 554 sententia:
743 526 949 560 perversitatem
971 526 1033 552 red-

250 573 386 600 euntibus.
411 572 571 607 Margaritas
598 573 660 598 item
684 579 717 598 ne
738 575 801 598 ante
822 577 920 605 parcos
947 570 1031 604 proji-

252 619 366 651 ciamus,
389 619 481 645 divino
501 617 644 645 interdicto
667 617 842 652 prohibemur
865 616 899 648 ",
922 615 973 643 hoc
992 620 1035 643 est

254 669 316 692 ante
329 671 386 696 eos,
401 663 445 698 qui
476 663 502 690 in
518 663 624 690 vitiosis
655 661 843 690 allectiOnibus
868 661 1033 693 volutantur,

253 717 285 737 ac
309 710 450 744 porcinum
478 709 538 736 vitae
562 715 647 743 genus
672 712 820 742 sequttutur
833 707 873 745 ‘9":
905 714 940 734 ne
966 706 1035 733 forte

252 755 466 783 conculcenteas
479 755 601 789 pedibus,
619 753 746 780 nimirum
768 752 795 780 in
811 752 954 780 sceleratis
979 752 1035 780 suis

252 801 348 828 studiis
361 801 452 828 divino
475 801 578 828 nomini
599 799 792 828 contumeliam
819 798 968 826 inferentes
986 807 991 824 :
1009 803 1036 825 et

253 847 375 874 conversi
407 847 574 882 disrumpant
605 853 662 872 vos.
710 844 852 880 Siquidem
882 843 1034 871 divinorum

253 892 443 927 mysteriorum
476 899 536 918 cum
575 890 726 924 huiusmodi

252 937 385 972 ejusmodi
401 937 519 971 diruptio
531 940 584 968 est,
598 943 631 964 ex
648 943 701 970 qua
722 943 860 969 emergere
875 939 1022 970 nequeant.

450 992 560 1020 CXLIV.
575 1007 609 1013 -—
623 991 829 1019 ATllANASlO.

292 1047 362 1081 Quid
380 1050 419 1079 tu,
433 1054 494 1074 cum
511 1051 613 1074 arctam
629 1047 698 1073 viam
715 1046 763 1073 tibi
781 1045 923 1073 tenendam
939 1052 1037 1079 propo-

253 1092 340 1120 sueris
357 1099 388 1119 ac
401 1091 435 1119 de
450 1099 481 1119 ea
501 1100 528 1120 re
546 1096 623 1126 pacta
643 1099 704 1118 cum
723 1091 777 1118 Deo
789 1091 894 1123 inieris,
910 1090 963 1117 lata
980 1090 1033 1122 via,

255 1146 314 1173 quae
336 1138 369 1166 ad
397 1143 511 1166 mortem
535 1138 608 1165 ducit
621 1137 656 1169 '°,
681 1136 804 1164 incedis?
831 1136 898 1163 Nam
916 1142 1036 1170 prmsens

254 1184 419 1219 indulgentia
441 1183 559 1210 futuram
580 1190 686 1216 poenam
708 1181 833 1209 accersit.
850 1181 950 1209 Contra
966 1188 1038 1216 pra:-

254 1236 317 1257 sens
334 1228 455 1261 atllictio,
470 1232 497 1256 et
510 1228 688 1263 cupiditatum
706 1227 870 1262 cornprcssio
885 1226 1036 1254 futurorum

254 1275 385 1303 bonorum
400 1275 516 1302 fructum
531 1276 612 1308 atque
628 1274 854 1301 oblectamentum
874 1278 952 1308 parat
969 1274 1002 1300 ἰ.

489 1333 590 1361 CXLV.
607 1348 642 1352 —
657 1331 800 1360 MARONI.

422 1378 603 1405 Venerandum
619 1386 674 1405 esse
689 1377 873 1404 sacerdotium.

292 1435 346 1462 Etsi
361 1434 568 1467 concursatione
583 1441 614 1461 ac
628 1434 804 1468 pecuniarum
820 1432 889 1460 mole
911 1433 1037 1460 sacerdo-

255 1481 321 1508 tium
337 1480 463 1515 rapuisti.
480 1479 614 1512 homines,
634 1483 728 1513 utpote
744 1478 777 1505 ad
791 1478 933 1505 veritatem
951 1484 1037 1504 απου-

256 1527 362 1558 tientes,
377 1526 527 1553 lallens:at
542 1533 594 1553 non
613 1526 676 1553 item
691 1529 733 1552 est
747 1524 818 1559 quod
835 1527 912 1559 putes
926 1528 951 1550 te
965 1523 1038 1550 futu-

257 1580 313 1599 ram
331 1571 537 1599 retributionem
561 1571 646 1598 latere
659 1578 749 1605 posse.
770 1569 835 1596 Nam
852 1575 900 1596 nec
923 1569 1039 1595 miracu-

256 1618 312 1646 lum
328 1618 354 1644 in
372 1617 472 1644 Christi
495 1617 603 1644 nomine
631 1623 645 1642 a
669 1616 829 1651 quibusdam
848 1615 961 1647 edittttn,
990 1621 1038 1641 nec

256 1662 406 1689 dmntouum
423 1661 586 1696 obiurgatio,
603 1668 652 1688 nec
666 1662 793 1687 virtutum
819 1660 962 1687 multarum
976 1665 1040 1693 ope-

257 1708 337 1740 ratio,
356 1715 388 1735 ex
407 1707 541 1734 horrenda
565 1706 672 1733 ﬂamma
698 1714 755 1738 eos,
773 1705 818 1740 qui
841 1705 903 1732 huic
926 1704 1037 1731 obnoxii

257 1758 346 1786 erunt,
363 1753 507 1780 extrahere
528 1752 638 1787 poterit.
657 1751 732 1785 Quod
756 1752 778 1780 si
797 1751 858 1786 quis
871 1750 942 1778 dicat
960 1759 967 1777 :
986 1749 1040 1777 Cur

255 1807 319 1834 ergo
338 1799 409 1826 Deus
426 1798 588 1826 edendorum
607 1797 798 1825 miraculorum
823 1800 982 1831 potestatem
1000 1795 1040 1822 iu-

257 1845 346 1879 dignis
371 1844 526 1872 hominibus
557 1843 731 1872 faciebat"?
762 1842 944 1877 responderim
969 1847 1038 1876 ego:

257 1889 388 1923 Quoniam
419 1890 550 1916 Dominus
573 1889 605 1915 ad
631 1888 827 1922 conciliandam
861 1886 961 1914 nomini
990 1893 1040 1912 suo

258 1935 371 1970 gloriam
387 1934 477 1961 divina
493 1933 568 1968 signa
583 1933 764 1967 perpetrabat,
777 1936 831 1958 tum
848 1935 876 1957 ut
891 1931 1038 1957 dannonum

259 1980 372 2007 insidias
395 1978 562 2014 prohiberet,
589 1982 644 2005 tum
671 1982 699 2004 ut
725 1976 831 2011 planam
843 1980 870 2003 et
883 1975 1038 2003 inoﬂ'eusam

258 2023 403 2058 Evangelio
427 2023 499 2050 viam
520 2022 637 2049 muniret
654 2031 660 2047 :
679 2029 792 2056 quorum
819 2027 962 2056 utrumque
977 2028 1039 2056 gra-

257 2071 360 2097 viorem
373 2069 485 2103 ingratis
505 2068 657 2096 hominibus
674 2074 780 2102 pmnam
799 2067 901 2101 all'cret,
916 2067 987 2102 quod
999 2067 1039 2094 vi-

259 2115 355 2142 delicet
367 2120 468 2141 lautam
485 2121 500 2141 a
518 2113 574 2141 Deo
585 2114 731 2148 potentiam
747 2113 895 2146 consecuti,
909 2113 1038 2140 bonorum

259 2163 379 2188 datorem
395 2165 490 2195 sponte
502 2167 551 2188 sua
568 2160 746 2194 ignorarunt:
762 2159 896 2186 daemones
912 2159 1039 2185 nimirum

258 2207 408 2241 ejicientes,
425 2213 457 2233 ac
476 2206 584 2233 morbos
605 2206 729 2232 invocato
745 2205 845 2232 Christi
858 2205 964 2232 nomine
978 2213 1041 2240 pro-

259 2253 392 2287 ﬂigantes,
418 2250 620 2285 ingratitudinis
644 2255 732 2277 autem
758 2250 792 2277 ab
816 2251 881 2284 ipsis
909 2251 1038 2278 convicti.

260 2296 400 2330 Siquidem
415 2295 528 2330 improbi
545 2302 576 2322 ae
591 2294 729 2322 saevissimi
745 2295 878 2322 daemones
890 2296 1040 2329 obsequen-

1090 255 1138 289 ρᾶς
1165 254 1343 288 ἀναγνώσεως
1366 255 1410 281 τὸν
1435 257 1599 291 ναυτιασμὶν
1618 257 1872 292 ἁποκλεισάμενος,

1087 300 1133 326 καὶ
1148 300 1197 331 τὰς
1209 300 1256 326 τοῦ
1271 300 1388 336 Χριστοῦ
1408 301 1515 333 ἐντολὰς
1535 303 1666 337 θεοφιλῶς
1686 303 1871 338 προσδεξάμες

1086 353 1139 377 νος.
1156 346 1202 381 Μὴ
1214 346 1272 372 δότε
1288 347 1375 373 τοίνυν
1387 347 1416 372 τὸ
1431 347 1507 381 ἆγιον
1520 349 1575 379 τοῖς
1587 348 1659 381 κυσὶ,
1673 350 1728 380 τοῖς
1742 349 1871 380 πολλάκις
1896 349 1900 364 ⁵

1085 391 1130 417 τὸν
1147 391 1217 418 θεῖον
1232 392 1311 426 λόγον
1326 391 1482 427 δεξαμένοις
1504 394 1652 425 Ἰουδαίοις,
1671 394 1716 420 καὶ
1733 394 1813 421 πάλιν
1825 395 1872 420 ἐπὶ
1892 391 1901 408 ⁸

1086 437 1130 463 τὸν
1149 437 1214 463 ἴδιον
1233 437 1328 472 ἔμετον
1341 439 1548 474 ἐπιστρέφουσιν
1559 459 1566 471 ,
1583 439 1598 475 ἢ
1622 441 1677 471 τοῖς
1694 439 1723 472 ἐξ
1738 439 1871 475 αἱρέσεων

1086 482 1132 508 ἐπὶ
1146 481 1190 508 τὸν
1214 482 1300 517 ἀληοῆ
1327 482 1403 516 λόγον
1426 482 1588 517 βαδίζουσιν,
1615 485 1661 510 καὶ
1681 484 1871 511 παλινοστοῦσι

1086 527 1154 562 προς
1169 527 1217 562 τὴν
1232 527 1366 563 προτέραν
1389 528 1539 556 κακόνοιαν.
1562 529 1630 560 Τοὺς
1654 529 1682 555 δὲ
1700 529 1871 564 μαργαρίτας

1087 573 1124 608 μὴ
1140 573 1245 608 βάλλειν
1256 573 1409 609 ἔμπροσθεν
1423 574 1476 600 τῶν
1485 575 1584 610 χοίρων
1595 575 1805 609 ἐκελεύσοημεν,
1817 575 1872 600 τῶν

1086 618 1183 644 πάθεσι
1209 618 1425 653 συμφυρομὲνων
1437 639 1443 650 ,
1463 620 1510 645 καὶ
1531 619 1647 654 χοιρώδη
1666 619 1723 654 βίον
1742 628 1872 655 μετερχοο

1087 663 1184 697 μένων,
1206 664 1242 698 μή
1256 671 1321 689 ποτε
1337 664 1567 699 καταπατήσωσιν
1587 665 1684 695 αὐτοὺς
1706 665 1734 690 ὲν
1751 666 1807 696 τοῖς
1822 673 1871 691 πο-

1085 709 1176 742 νηροῖς
1188 709 1278 734 αὐτῶν
1294 709 1504 744 ἐπιτηδεύμασι,
1522 709 1746 745 βλασφημοῦντες
1759 710 1787 736 τὸ
1801 710 1873 736 θεῖον

1085 754 1180 788 ὄνομα,
1197 755 1242 781 καὶ
1257 754 1420 789 στραφέντες
1439 754 1557 790 ῥήξωσιν
1575 756 1656 790 ὑμᾶς.
1689 755 1720 781 'll
1735 755 1789 790 γὰρ
1805 755 1873 790 πρὸς

1085 799 1147 830 τοὺς
1161 798 1299 830 τοιούτους
1310 799 1364 825 τῶν
1378 799 1534 834 μυστηρίων
1547 800 1697 834 μετάδοσις,
1710 799 1785 834 ρῆξίς
1799 801 1873 826 ἐστιν

1087 845 1230 880 ἀνέγερτος
1245 846 1300 876 τοῖς
1319 845 1564 880 καταφρονητικῶς
1584 846 1782 880 μεταδιδοῠσιν.

769 889 923 917 hominibus
962 890 1194 922 communicatio,
1222 891 1271 922 iis,
1296 891 1342 925 qui
1376 898 1423 925 per
1440 897 1623 925 contemptum
1643 898 1677 918 ea
1701 891 1877 925 impertiunt,

1308 993 1394 1019 PMA’.
1416 1007 1448 1012 ——-
1467 993 1648 1028 ΔΘᾹΝᾹΣΙῼ.

1123 1048 1179 1084 (59)
1199 1049 1230 1074 ΤΞ
1252 1049 1301 1084 τὴν
1319 1048 1414 1084 στενὴν
1434 1049 1568 1084 ἐλόμενος,
1587 1049 1633 1075 καὶ
1649 1048 1719 1084 [τὰςῖ
1736 1049 1872 1084 συνθήκας

1088 1095 1156 1128 ὑπὲρ
1166 1094 1249 1129 αὐτῆς
1263 1094 1322 1128 Θεῴ
1337 1094 1554 1129 παρασχόμενος,
1567 1094 1615 1130 τὴν
1627 1095 1756 1121 πλατεῖαν
1769 1094 1873 1125 ὁδεύεις

1087 1140 1155 1172 ὁδὸν,
1173 1139 1221 1171 τὴν
1250 1141 1289 1171 εἰς
1318 1139 1432 1167 θάνατον
1449 1141 1601 1175 φέριιυσαν;
1625 1140 1658 1166 Ἦ
1680 1140 1732 1175 γὰρ
1756 1139 1873 1167 ἐνταῦθα

1087 1184 1219 1218 ἀφείδεια,
1237 1185 1286 1219 τὴν
1307 1185 1410 1211 ἐκεῖθεν
1427 1185 1502 1219 φέρει
1518 1185 1661 1220 τιμωρίαν.
1690 1186 1731 1215 'H,
1749 1185 1777 1212 δὲ
1800 1194 1873 1221 ’παρ-

1087 1229 1155 1256 οῦσα
1172 1230 1301 1262 κάκωσις,
1319 1231 1366 1257 καὶ
1387 1231 1440 1256 τῶν
1455 1230 1570 1265 ὀρέξεων
1593 1231 1731 1263 στένωσις,
1746 1230 1793 1265 τὴν
1809 1230 1872 1265 μέλ-

1088 1275 1186 1301 λουσαν
1202 1275 1255 1301 τῶν
1273 1274 1381 1309 ἀγαθῶν
1395 1275 1533 1310 ἐτοιμάζει
1550 1276 1708 1311 ἀπόλαυσιν.

1326 1333 1417 1359 ΡΜΕ¹.
1438 1346 1471 1351 ——
1490 1332 1634 1358 MAPQ‘NI.

1300 1378 1363 1404 ’Ότι
1387 1378 1511 1412 φρικτὸν
1529 1379 1686 1412 Ιερωσύνη.

1124 1435 1154 1461 Εἰ
1177 1435 1225 1461 καὶ
1247 1435 1295 1469 τὴν
1318 1433 1466 1469 ἱερωσύνην
1484 1434 1633 1469 περιδρομῇ
1656 1434 1702 1462 καὶ
1725 1435 1875 1470 χρημάτων

1088 1481 1216 1516 ἥρπασας
1228 1479 1304 1514 ὁλκῇ,
1313 1478 1402 1506 λαϐὼν
1416 1480 1478 1510 τοὺς
1486 1479 1644 1515 ἀνθρώπους
1658 1480 1696 1511 ὡς
1711 1480 1875 1507 ἁδλεπτοῦν-

1090 1534 1138 1556 τας
1149 1525 1216 1560 πρὸς
1233 1524 1282 1560 τὴν
1298 1523 1441 1560 ἀλήθειαν·
1459 1524 1527 1551 ἀλλὰ
1544 1525 1582 1560 μὴ
1599 1525 1647 1550 καὶ
1660 1525 1708 1559 τὴν
1725 1525 1874 1560 μέλλουσαν

1089 1569 1159 1595 οὕτω
1174 1569 1286 1605 νομίσῃς
1301 1569 1442 1596 λανθάνειν
1453 1568 1640 1596 ἀνταπόδοσιν.
1657 1568 1725 1595 υῦτε
1741 1569 1795 1604 γὰρ
1809 1569 1873 1595 θαυ-

1092 1615 1241 1650 ματουργία
1260 1615 1299 1645 είς
1312 1614 1397 1649 ὄνομα
1412 1614 1530 1650 Χριστοῦ
1547 1615 1675 1649 γινομένη
1696 1615 1771 1649 παρά
1781 1623 1873 1646 τινων,

1053 1665 1074 1694 c
1089 1660 1150 1686 οὒτε
1172 1660 1306 1694 δαιμόνων
1330 1660 1498 1694 ἐπιτίμησις,
1513 1658 1575 1686 οὔτε
1592 1659 1734 1695 δυνάμεων
1750 1659 1874 1694 ἐνέργεια

1090 1705 1206 1738 πολλῶν,
1226 1705 1363 1736 ἐξελέσθαι
1379 1706 1428 1740 τῆς
1452 1705 1570 1740 φοϐερᾶς
1593 1705 1691 1739 φλογὸς
1713 1706 1776 1736 τοὺς
1791 1705 1873 1731 ὑπευ-

1091 1750 1186 1781 θύνους
1211 1750 1294 1785 αὐτῆς
1321 1750 1474 1786 δυνήσεται.
1499 1751 1531 1776 El
1555 1750 1584 1776 δὲ
1609 1751 1676 1785 φαίη
1696 1759 1748 1784 τις,
1767 1750 1799 1776 Τί
1829 1747 1874 1776 οὖν

1093 1796 1241 1831 συνεχώρει
1259 1797 1274 1821 ὁ
1292 1796 1357 1827 Θεὸς
1372 1798 1428 1828 τοῖς
1443 1797 1563 1829 ἀναξίοις
1583 1796 1618 1822 τὰ
1639 1797 1776 1830 θαύματα,
1791 1795 1873 1830 φαίην

1091 1841 1161 1875 ἐγώ·
1180 1841 1238 1868 Ὀτι
1255 1841 1300 1868 διὰ
1315 1843 1365 1877 τὴν
1382 1842 1460 1874 δόξαν
1481 1842 1581 1868 οἰκείου
1599 1841 1730 1876 ὀνόματος
1755 1840 1874 1876 ἐπλήρου

1090 1887 1139 1919 τὰς
1153 1887 1316 1922 θεοσημείας
1331 1889 1344 1914 ὁ
1358 1888 1468 1923 Κύριος.
1479 1887 1529 1915 καὶ
1541 1887 1596 1915 τῶν
1610 1888 1744 1922 δαιμόνων
1764 1887 1874 1913 κωλύόν

1095 1931 1252 1965 ὲπιὸουλὰς,
1271 1933 1316 1958 κα)¹
1331 1932 1390 1958 ὁδὸν
1409 1932 1449 1967 τῷ
1466 1932 1623 1966 Εὑαγγελίῳ
1640 1930 1776 1966 ὁμαλίζων
1790 1929 1872 1964 ἀπρό-

1093 1986 1193 2004 σκοπον
1202 1987 1209 1992 ·
1225 1977 1297 2012 ἅπερ
1306 1978 1449 2014 ἀμφότερα
1463 1978 1624 2012 κατάκρισιν
1637 1977 1705 2002 οἴσει
1717 1977 1771 2007 τοῖς
1785 1974 1873 2008 ἀγνώ-

1093 2032 1154 2058 μοσι
1185 2022 1305 2057 μείζονα,
1333 2024 1373 2049 ὅτι
1399 2023 1533 2058 τοσαύτης
1558 2022 1632 2057 παρὰ
1659 2021 1725 2047 Θεοῦ
1749 2021 1874 2054 τυχόντες

1090 2069 1240 2104 δυνάμεως,
1257 2070 1302 2095 τὸν
1320 2070 1421 2104 δοτῆρα
1433 2068 1487 2094 τῶν
1503 2068 1610 2102 ἀγαθῶν
1629 2066 1758 2097 ἑκουσίως
1774 2065 1874 2099 ἠγνόη-

1093 2124 1150 2147 σαν,
1179 2116 1241 2146 τοὺς
1269 2115 1317 2149 μὲν
1339 2115 1468 2149 δαίμονας
1497 2115 1542 2140 καὶ
1572 2113 1606 2139 τὰ
1629 2112 1701 2146 πάοη
1733 2111 1875 2145 ἐπικλήσει

1091 2161 1208 2196 Χριστοῦ
1225 2159 1420 2195 θερκπεύοντες
1432 2160 1499 2195 (40),
1517 2159 1658 2194 ἀχάριστοι
1678 2157 1705 2183 δὲ
1724 2157 1769 2182 ὑπ’
1785 2154 1874 2181 αὐτῶν

1091 2207 1273 2241 ἐλεγχόμενοι.
1293 2207 1324 2233 Οἱ
1338 2206 1391 2241 γὰρ
1407 2206 1519 2240 πονηροὶ
1537 2205 1583 2231 καὶ
1598 2203 1767 2238 παγχάλεποι
1781 2201 1874 2235 δαίμο-

1091 2261 1134 2283 νες
1150 2251 1352 2286 εὐπειθέστεροι
1368 2251 1469 2276 τούτων
1479 2250 1618 2283 γεγόνασι,
1632 2249 1679 2274 καὶ
1694 2246 1876 2277 δειλιὰσαντες

1091 2297 1137 2324 τοῦ
1163 2297 1265 2331 Κυρίου
1282 2297 1312 2322 τὸ
1328 2297 1421 2331 ὕνομα,
1440 2295 1487 2322 καὶ
1506 2296 1552 2321 σὺν
1574 2295 1650 2329 τάχει
1672 2293 1761 2327 πολλῷ
1777 2292 1878 2327 δραπε-

259 2341 342 2367 tiores
356 2347 436 2375 quam
453 2339 497 2367 isti
511 2346 540 2367 se
553 2340 735 2374 praebuerunt,
754 2344 782 2366 ut
803 2340 848 2374 qui
871 2340 974 2366 Domini
990 2347 1036 2367 no-

1094 2341 1247 2372 τεύσαντες.
1266 2341 1346 2367 Ὅθεν
1361 2341 1453 2372 αὐτοῖς
1467 2341 1586 2374 apex-to;
1600 2339 1743 2374 ὴπείληται
1755 2337 1875 2369 κόλασις,

260 2394 321 2413 men
343 2386 543 2421 pertimuerint,
563 2393 595 2413 ac
610 2393 690 2420 quam
705 2385 848 2413 celerrime
864 2385 891 2412 in
906 2385 994 2420 fugam
1011 2393 1040 2412 sc

261 2432 393 2460 dederint.
415 2431 594 2464 Quamobrem
618 2431 682 2466 ipsis
703 2431 857 2458 inevitabile
880 2431 1038 2465 supplicium

1097 2397 1106 2412 ι
1116 2388 1299 2422 Ἀποχωρείτε
1313 2387 1359 2413 ἀπ’
1377 2386 1454 2422 ἐμοῦ,
1470 2387 1518 2413 οὐκ
1530 2385 1587 2413 οἶδα
1603 2387 1684 2422 ὑμᾶς,
1696 2395 1705 2411 1
1721 2386 1744 2411 ol
1761 2383 1876 2419 ἐργάται

1094 2433 1141 2467 τῆς
1155 2433 1270 2467 ἀνομίας
1284 2432 1439 2459 ἁκούουσιν.

260 2478 445 2504 denuntiatum
472 2482 524 2508 est,
545 2475 609 2502 illud
626 2482 720 2510 nempe
747 2483 760 2501 a
784 2475 893 2502 Christo
928 2475 1107 2506 audientibus,
1125 2485 1133 2500 ι
1169 2476 1303 2503 Discedite
1336 2484 1350 2503 a
1369 2476 1549 2510 tlte,0|)crarii
1592 2475 1758 2509 iniquitatis,
1785 2471 1877 2500 nescio

260 2530 308 2551 vos
322 2522 355 2549 “.

305 2581 327 2597 “
341 2581 436 2608 Matth.
451 2589 499 2613 vn,
512 2581 538 2606 6.
576 2580 596 2595 ⁸⁷
611 2579 629 2606 ΙΙ
646 2580 718 2607 Petr.
732 2588 761 2613 tt,
776 2580 820 2608 22.
858 2579 880 2596 ‘°
894 2580 987 2607 Matth.
1003 2588 1033 2611 ll,
1046 2580 1072 2608 6.

259 2617 304 2644 εὴ.
350 2617 373 2633 ³³
387 2616 448 2643 Act.
464 2623 518 2647 xrx,
534 2615 563 2640 ι.
589 2615 681 2641 Matth.
698 2623 747 2647 vn,
763 2615 808 2642 2‘2.
859 2615 881 2631 "
899 2615 964 2643 ibid.
981 2616 1026 2642 25.

1117 2582 1138 2597 ⁵³
1152 2581 1171 2607 ll
1188 2581 1260 2609 Petr.
1275 2589 1304 2614 ιι,
1321 2582 1366 2608 9.2.
1405 2582 1427 2596 "’
1439 2571 1536 2608 Matth.
1554 2589 1601 2614 vn,
1620 2582 1660 2608 l5.
1699 2581 1720 2597 “
1735 2580 1799 2608 Luc.
1820 2588 1877 2612 xu,

808 2682 923 2710 VARl/E
942 2682 1133 2710 ΕΕΟΤΙΟΝΙιΒ
1151 2684 1193 2711 ΕΤ
1217 2683 1330 2712 NOTAE.

261 2743 338 2769 codd.
357 2741 416 2768 Vat.
431 2740 483 2768 649
501 2744 527 2767 et
548 2740 603 2776 Alt.
632 2741 840 2775 ἐπιστρέφουσιν
859 2741 884 2768 in
909 2742 1040 2776 ὑποστρὲη

263 2785 357 2809 eoum
368 2779 543 2806 commutant,
556 2775 593 2801 uti
605 2780 631 2802 et
646 2783 717 2803 vers.
734 2776 833 2810 penult.
851 2777 995 2810 ἀνέγερτος
1012 2778 1036 2802 in

262 2812 419 2846 ἁνήγερτος.
440 2810 542 2836 l’ossrx.

298 2847 355 2879 (59)
369 2845 458 2878 Longe
474 2845 619 2871 correctius
638 2846 713 2873 codd.
730 2846 789 2872 Vat.
807 2845 858 2873 Gl!)
874 2850 899 2873 ct
916 2845 969 2871 Alt.
986 2845 1036 2872 lltl-

1093 2741 1266 2778 inse-pistum:
1281 2741 1438 2778 principium
1452 2741 1489 2778 sic
1506 2742 1649 2778 exhibent:
1664 2741 1696 2767 Τί
1711 2742 1759 2777 τὴν
1778 2743 1878 2778 στενὴν

1093 2776 1243 2810 είλάμενος,
1258 2777 1305 2802 καὶ
1319 2776 1455 2810 συνθήκας
1469 2777 1540 2811 ὑπὲρ
1555 2777 1649 2811 αὐτῆς,
1668 2781 1720 2803 etc.
1738 2776 1845 2804 Possm.

1127 2810 1182 2845 (40)
1208 2811 1259 2838 Ριό
1279 2811 1475 2846 θεραπεύοντες
1490 2811 1581 2846 inulto
1603 2810 1697 2846 uit-lius
1718 2813 1795 2839 (odd.
1816 2813 1871 2840 Vat.

1092 2845 1143 2872 6l9
1155 2846 1243 2872 etAlt.
1262 2845 1358 2873 habent
1377 2845 1603 2879 φνγαδεύταντες.
1622 2845 1725 2873 Ροεδιῖι.
