2064 3159
237 173 287 204 287

833 169 861 198 S.
888 168 1031 198 ISIDOIU
1049 168 1265 200 PELUSIUT/E

1803 159 1859 191 288

237 227 317 260 seris,
340 225 460 254 ferarum
471 229 595 252 naturam
624 231 655 251 ac
681 223 884 252 similitudinem
914 225 1017 258 abjura,

1074 223 1154 249 καλὸν
1172 223 1256 258 τάττῃ
1279 220 1405 255 ποιμένα,
1428 219 1476 254 τὴν
1500 217 1554 245 τῶν
1579 216 1680 252 θηριων
1703 216 1783 250 φύσιν
1805 216 1858 244 καὶ

239 278 321 308 atque
336 272 421 307 ipsius
432 270 490 298 voci
503 269 670 304 obtempera,
683 270 740 304 qui,
754 277 786 296 ne
798 270 908 298 omnino
917 270 993 304 jures
1002 289 1009 301 .

237 315 394 351 prohibet‘.
411 314 495 341 Porro
517 321 568 341 non
582 314 692 348 jttrare,
710 322 742 341 ne
752 314 940 349 jusjurandum
960 316 1020 348 qui-

237 363 296 388 dem
313 361 346 387 ab
360 361 413 387 alio
431 360 539 394 exigere
559 366 610 388 est.
629 359 695 387 Nam
712 360 958 395 sijurareminime
968 361 1018 394 vis,

237 413 270 432 ne
284 406 317 432 ab
333 405 395 432 aliis
412 405 534 439 quidem,
551 410 580 432 ut
592 405 695 439 iurent,
715 410 855 440 extorque,
872 406 950 440 idque
973 406 1020 432 du-

237 451 299 484 plici
316 451 348 478 de
363 458 444 477 causa
459 460 466 478 ε
481 451 609 477 nimirum
632 455 678 478 aut
689 451 751 485 quia
764 452 819 478 veri
833 451 969 479 studiosus
979 455 1020 478 est

236 495 282 528 qui
310 496 506 531 interrogatur;
523 501 569 522 aut
584 502 690 528 contra,
710 497 771 530 quia
785 497 900 523 libenter
919 497 1017 524 menti—

237 544 290 566 tur.
315 540 343 567 Si
367 541 438 567 enim
460 541 505 568 ille
522 549 584 568 vera
608 542 680 576 loqui
701 542 780 575 solet,
808 542 918 569 omnino
938 543 1018 569 etiam

237 584 310 612 nrrllo
343 586 502 620 interposito
534 586 709 620 jurejurando
737 594 799 614 vera
829 587 976 620 loquetur:
997 587 1019 614 si

237 634 328 656 autent
344 631 458 656 mendax
482 635 536 662 est,
556 632 650 666 jurans
668 632 750 658 etiarn
778 632 934 658 mentietur.
951 631 1020 664 Qua-

237 679 347 708 propter
374 675 471 708 duplici
501 677 550 703 hoe
574 677 682 704 nomine
710 677 899 712 jusjurandum
926 677 1018 704 haud-

238 726 370 753 quaquam
396 720 558 755 exigendum
578 726 629 748 est.

448 776 535 804 CLVI.
549 793 584 797 -—
600 778 810 806 EUSTATIIIO.

522 823 560 850 De
574 824 730 851 sacerdotio.

272 877 326 913 Ego
342 878 448 912 quidem
472 879 581 913 librttrn,
599 888 678 914 quem
698 888 713 906 a
730 888 772 907 me
789 881 902 916 petiisti,
931 882 990 909 misi
1011 891 1018 910 :

237 924 406 958 fructumque
422 932 453 951 ex
467 932 499 952 eo
514 933 560 959 per
592 931 617 952 te
632 931 769 960 exspecto,
781 928 827 961 qui
847 927 880 954 ab
894 929 1018 955 omnibus

237 969 306 1003 exigi
336 971 487 997 constravit.
513 970 619 997 Nullum
643 971 731 1003 enim,
754 972 873 1004 nullum,
894 973 1014 1007 inquam,

237 1019 330 1047 pectus
357 1014 435 1048 hujus
460 1015 541 1042 lectio
565 1017 728 1050 penetravit,
749 1017 804 1052 49
818 1019 888 1052 quod
906 1026 958 1045 non
979 1019 1019 1046 di-

238 1060 300 1085 vino
316 1067 407 1086 artiore
423 1061 551 1087 sauciarit
570 1070 577 1087 :
596 1066 623 1087 trt
638 1062 682 1095 qui
699 1066 840 1094 augustam
854 1063 973 1096 quidem,
987 1071 1018 1090 ac

236 1105 416 1132 venerandam
435 1113 490 1133 rem
508 1113 673 1141 accessuque
685 1107 820 1134 diilicilem
838 1109 1018 1136 sacerdotium

236 1157 296 1176 esse
313 1150 448 1184 ostendat,
467 1158 560 1178 verum
577 1151 636 1178 sine
653 1151 705 1178 ulla
724 1153 941 1186 reprehensionis
960 1154 1019 1182 labe

236 1195 445 1222 consectandum
469 1204 530 1223 esse
557 1197 662 1224 doceat.
686 1196 824 1231 Siquidem
851 1199 957 1233 sapiens
974 1200 1018 1227 ille

237 1244 264 1266 et
276 1241 396 1268 eruditus
411 1248 571 1268 arcanorum
596 1241 641 1268 Dei
660 1243 801 1276 interpres,
817 1242 944 1276 Joannes,
968 1245 1019 1279 By-

238 1285 351 1311 santina!
366 1286 503 1318 Ecclesim,
516 1291 596 1320 atque
609 1287 676 1313 adeo
688 1286 868 1314 Ecclesiarum
882 1289 1013 1323 omnium,

237 1328 342 1360 oculus,
358 1329 454 1357 librurtr
479 1338 540 1357 eum
559 1331 595 1357 ita
616 1331 753 1358 subtiliter
769 1336 795 1359 et
816 1333 962 1367 prudenter
975 1339 1016 1361 at-

237 1380 289 1406 que
311 1380 438 1402 accurate
456 1376 585 1408 condidit,
603 1381 631 1402 ut
649 1385 744 1404 omnes
759 1383 810 1405 tam
828 1378 882 1412 qui,
907 1383 936 1406 ut
963 1379 1018 1406 Deo

237 1421 342 1450 gratum
357 1423 409 1450 est,
426 1420 574 1447 sacerdotio
596 1420 752 1455 funguntur,
771 1430 852 1457 quam
874 1424 919 1458 qui
935 1425 1019 1460 negli-

1039 903 1056 928 Β

1068 269 1197 303 ὁμοίωσιν
1216 269 1341 302 ἄρνησαι,
1357 267 1402 293 καὶ
1417 267 1449 301 τῇ
1469 266 1544 300 φωνῇ
1561 263 1643 291 αὑτοῦ
1657 262 1852 297 ἀκολούθησον.

1070 314 1108 348 μὴ
1120 314 1217 348 ὀμόσαι
1233 314 1300 344 ὅλως
1321 311 1485 342 κελεύοντος.
1508 311 1545 336 Τὸ
1557 310 1585 336 δὲ
1606 309 1643 345 μὴ
1663 309 1770 344 ὀμόσαι,
1786 307 1854 342 μηδὲ

1069 359 1217 394 ἀπαιτῆσαι
1234 359 1314 393 ὅρκον
1334 357 1418 384 ἐστίν.
1443 357 1474 383 Εἰ
1493 356 1548 391 γὰρ
1572 354 1609 390 μὴ
1634 353 1722 389 βούλει
1743 352 1853 388 ὀμόσαι,

1071 405 1138 440 μηδὲ
1153 405 1217 440 παρ’
1231 404 1332 439 ἐτέρων
1343 404 1424 439 ὅρκον
1436 402 1556 433 ἀπαίτει,
1572 401 1615 427 διὰ
1628 400 1674 427 δύο
1694 399 1794 429 ταύτας
1809 399 1854 425 αἰ-

1069 451 1141 482 τίας
1153 451 1168 486 ἢ
1184 451 1214 476 τὸ
1223 449 1401 485 ἐπαληθεύειν
1412 449 1457 475 τὸν
1472 446 1695 483 ἐπερωτώμενον,
1709 445 1726 480 ἣ
1740 444 1769 471 τὸ
1779 445 1854 470 ἐναν-
1876 454 1878 456 ·

1068 496 1124 522 τίον
1138 495 1167 522 τὺ
1179 495 1333 529 ψεύᾱεσθςιι.
1359 495 1388 521 El
1411 494 1464 528 γὰρ
1479 493 1607 528 ἀληθεύει
1631 491 1753 526 συνήθως
1776 491 1789 516 ὸ
1805 491 1852 516 ἄν-

1070 541 1187 577 θρωπος,
1204 542 1251 568 καὶ
1266 541 1318 576 πρὸ
1335 540 1382 566 τοῦ
1396 540 1476 574 ὅρκου
1494 539 1602 570 πάντως
1621 536 1766 572 ἀληθεύει*
1787 536 1811 561 εἰ
1825 535 1854 561 δὲ

1069 587 1188 622 ψεύστης
1202 587 1268 617 ἐστὶ,
1285 586 1332 613 καὶ
1343 585 1450 620 ὀμνύων
1463 585 1590 619 ψεύδεται
1603 583 1671 620 (50).
1688 582 1724 608 Οὑ
1743 581 1794 617 χρὴ
1807 578 1853 606 οὗν

1069 633 1149 668 ὅρκον
1170 633 1295 660 ἀπαιτεῖν
1309 633 1342 659 δι’
1358 631 1512 666 ἀμφότερα.

1290 779 1382 813 ΡΝςι.
1404 794 1439 798 -
1457 777 1636 812 ΕΥΣΤΑθιᾳι

1335 824 1403 858 Περὶ
1420 824 1585 858 Ιερωσύνης

1113 880 1183 914 Ἐγὼ
1208 881 1257 916 μὲν
1269 880 1317 915 τὴν
1333 880 1421 914 βίϐλον
1441 880 1474 914 ἣν
1494 879 1630 914 ἐζήτησας
1651 877 1793 912 πέπομφα,
1809 877 1856 903 καὶ

1072 925 1177 959 καρπὸν
1191 925 1220 957 ἐξ
1236 925 1320 960 αὐτῆς
1335 925 1378 951 διὰ
1401 924 1446 950 σοῦ
1471 925 1644 960 περιέμενον,
1658 923 1688 954 ὃς
1707 922 1761 957 (5|)
1780 922 1857 957 παρᾶ

1073 972 1179 998 πάντων
1202 971 1324 1007 συνήθως
1347 971 1550 1006 εἰσπράττεται,
1567 971 1603 997 Οὐ
1624 970 1677 1005 γὰρ
1700 969 1772 996 ἔστιν
1785 991 1791 1001 ,
1806 970 1857 995 οῦκ

1072 1016 1130 1042 ἔστι
1148 1017 1255 1052 καρδία,
1271 1018 1303 1052 ἣν
1327 1017 1441 1052 ἐπῆλθεν
1465 1017 1481 1051 ἡ
1505 1016 1605 1051 ταύτης
1630 1016 1793 1049 ἀνάγνωσις,
1809 1014 1857 1040 καὶ

1072 1061 1140 1096 πρὸς
1150 1062 1195 1088 τὸν
1207 1062 1277 1088 θεῖον
1289 1062 1372 1097 αὑτὴν
1382 1062 1432 1088 οὐκ
1445 1062 1562 1096 ἔτρωσεν
1576 1061 1664 1096 ἔρωτα
1674 1069 1680 1075 η
1696 1060 1795 1096 σεπτὴν
1808 1060 1857 1095 μὲν

1073 1107 1122 1141 τὴν
1143 1107 1291 1142 ἱερωσύνην
1305 1107 1352 1133 καὶ
1370 1107 1548 1142 δυσπρόσιτον
1563 1106 1683 1138 δείξασα,
1705 1106 1856 1141 ἀμέμπτως

1072 1153 1100 1179 δὲ
1117 1154 1199 1188 αὐτὴν
1217 1153 1396 1189 μετέρχεσθαι
1408 1153 1549 1185 διδάξασαι
1562 1155 1574 1175 ίι
1589 1153 1643 1188 γὰρ
1661 1153 1713 1179 τῶν
1725 1152 1769 1178 τοῦ
1788 1151 1856 1178 Ger-6

1073 1199 1235 1234 ἀπορρήτων
1255 1199 1335 1232 σοφὸς
1356 1199 1497 1233 ὑποφήτης
1518 1199 1653 1232 Ἰωάννης,
1671 1199 1684 1223 ὁ
1698 1198 1746 1232 τῆς
1760 1198 1789 1223 ὲν
1805 1197 1857 1224 Βυ-

1072 1243 1172 1278 ζαντίῳ
1189 1243 1350 1278 Ἐκκλησίας
1361 1244 1408 1270 καὶ
1418 1244 1508 1278 πάσης
1518 1243 1665 1278 ὀφθαλμὸς,
1677 1242 1761 1274 οὕτως
1773 1242 1857 1277 αὑτὴν

1071 1288 1176 1320 λεπτῶς
1191 1289 1236 1315 καὶ
1250 1288 1359 1320 πυκνῶς
1376 1288 1570 1322 ὲξηκρίϐωσεν,
1587 1289 1657 1314 ὥστε
1679 1287 1781 1318 πάντας
1795 1287 1858 1318 τούς

1071 1343 1100 1361 τε
1112 1334 1182 1361 κατᾶ
1196 1334 1262 1360 Θεὸν
1275 1333 1473 1369 ἱερατεύιιντας,
1489 1333 1552 1365 τούς
1569 1342 1598 1360 τε
1610 1333 1739 1368 ῥᾳθύμως
1759 1333 1859 1367 ἱερατι-

1073 1380 1122 1414 κὴν
1137 1379 1422 1414 μεταχειρίζοντας,ἒν
1444 1379 1530 1414 ταύτῃ
1550 1379 1584 1405 τὰ
1608 1379 1694 1405 οἰκεῖα
1716 1378 1856 1413 εὑρίσκειν

1073 1425 1272 1462 κατορθώματα
1285 1434 1315 1452 τε
1329 1426 1376 1452 καὶ
1393 1425 1558 1460 σκώμματα.

239 1466 332 1495 genter
353 1469 379 1490 et
401 1464 497 1498 ignave
522 1466 718 1494 sacerdotalem
751 1467 909 1502 dignitatem
953 1471 1153 1504 administrant,
1191 1472 1234 1498 hic
1254 1476 1281 1498 et
1321 1471 1436 1498 virtutes
1450 1477 1513 1498 suas
1535 1473 1562 1496 el
1587 1469 1747 1497 offensiones
1780 1475 1857 1503 repe~

240 1505 321 1535 riunt.

308 1564 408 1592 CLVII.
422 1550 662 1595 —VPANSOPIII0
674 1569 936 1598 ARCHIDIACONO.
961 1585 969 1596 1

462 1613 503 1639 Ad
538 1614 682 1640 sacerdotes
696 1623 797 1642 auaros.

272 1669 302 1697 Si
324 1668 423 1697 Christi
448 1669 525 1697 altari
545 1670 683 1698 ministras
698 1693 706 1704 ,
722 1673 754 1699 da
778 1679 886 1707 operam
911 1678 939 1700 ut
961 1680 1021 1700 cum

239 1715 321 1749 ipsius
333 1715 434 1750 legibus
451 1722 548 1743 munus
564 1721 636 1743 tuum
649 1717 838 1750 administres,
855 1722 1020 1745 mansuetum

239 1759 361 1786 videlicet
381 1764 461 1794 atque
495 1761 576 1787 corde
611 1762 737 1789 humilem
759 1767 786 1788 et
807 1763 969 1790 submissrtm
997 1767 1023 1790 te

239 1804 370 1838 praebens.
395 1804 486 1839 Neque
500 1806 570 1832 enim
597 1806 729 1834 forensem
754 1808 898 1841 quamdam
925 1808 1022 1842 praefe-

240 1853 346 1875 cturam
362 1853 442 1883 atque
459 1849 613 1884 imperirrrn,
625 1850 694 1878 fastu
708 1859 740 1879 ac
755 1859 849 1887 pompa
864 1857 891 1880 et
907 1853 1023 1880 insolen-

240 1894 275 1919 tia
292 1894 421 1920 tumidtrrn
440 1899 556 1922 tractas:
574 1903 665 1923 verum
684 1902 808 1931 pacatum
834 1905 865 1925 ac
892 1898 1022 1933 tranquil-

241 1939 295 1965 ltrm
318 1939 507 1966 ministerium.
529 1940 605 1973 Quod
625 1941 646 1968 si
663 1948 728 1975 opes
754 1942 853 1976 iniquis
874 1943 1022 1970 rationibus

239 1984 356 2011 colleetm
371 1985 472 2012 animos
489 1985 536 2012 tibi
552 1985 655 2019 tollunt,
674 1987 738 2019 ipsa:
749 1987 855 2021 quidem
882 1988 1019 2015 confestim

239 2034 407 2067 eromentur,
424 2035 453 2056 ut
469 2037 528 2064 qum
549 2035 642 2057 natura
666 2030 733 2057 ﬂuxa
747 2035 774 2058 et
792 2032 928 2060 instabiles
943 2033 996 2059 sint
1012 2041 1019 2059 :

1038 1564 1059 1592 (ἒ

1147 1571 1231 1597 PNZ'.
1244 1586 1278 1590 —
1293 1570 1463 1605 ΠΛΝΣΟΦΙῼ
1477 1569 1709 1604 ΑΡΧΙΔΙΑΚΟΝῼ
1719 1569 1786 1604 (55ὶ.

1170 1616 1248 1650 Πρὸς
1262 1615 1349 1650 ἱερεῖς
1369 1616 1569 1650 φιλαργυρίαν
1584 1615 1763 1648 νοσοῦντας.

1112 1671 1142 1697 Εἰ
1157 1671 1195 1705 τῷ
1211 1671 1328 1706 Χριστοῦ
1349 1672 1483 1702 διακονεῖς
1501 1671 1695 1707 θυσιαστηρίῳ,
1717 1671 1787 1706 μετὰ
1805 1671 1859 1698 τῶν

1075 1717 1157 1743 αὑτοῦ
1183 1717 1272 1752 νόμων
1304 1717 1422 1753 μετέρχῃ
1438 1718 1494 1753 (52)
1517 1718 1566 1754 τὴν
1592 1717 1760 1754 λειτουργὶαν
1791 1727 1855 1751 σου,

1076 1763 1161 1797 πρᾶος
1176 1763 1223 1788 καὶ
1248 1763 1374 1795 ταπεινὸς
1388 1764 1421 1798 τῇ
1444 1763 1543 1799 καρδίᾳ
1562 1764 1732 1799 φαινόμενος.
1750 1764 1787 1790 Οὐ
1805 1764 1859 1799 γὰρ

1076 1807 1215 1842 πολιτικήν
1227 1816 1286 1834 τινα
1299 1808 1428 1842 χειρίζεις
1440 1809 1595 1844 ἡγεμονίαν,
1608 1809 1684 1844 τύφῳ
1699 1810 1746 1837 καὶ
1760 1810 1859 1845 κόμπῳ

1076 1852 1307 1886 φλεγμαίνουσαν⁸
1326 1853 1393 1880 ἀλλὰ
1411 1854 1547 1881 διακονίαν
1573 1855 1712 1890 εἰρηνικὴν
1730 1855 1776 1882 καὶ
1793 1856 1858 1882 ἀτά-

1076 1904 1165 1931 ραχον.
1183 1897 1214 1923 Εἰ
1228 1897 1256 1923 δὲ
1271 1897 1383 1930 πλοῦτος
1396 1898 1486 1930 ἄδικος
1498 1899 1640 1934 συναχθεὶς
1659 1900 1801 1935 ὑπεραίρει
1816 1908 1856 1932 σε,

1074 1941 1154 1972 αὐτὸς
1176 1942 1224 1975 μὲν
1247 1941 1343 1969 θᾶττον
1359 1942 1563 1977 ἐξεμεοὴσεται,
1581 1945 1697 1980 ῥευστὴν
1718 1944 1786 1979 ἔχων
1807 1945 1857 1980 τὴν

1075 1986 1155 2020 φύσιν
1165 1986 1213 2012 καὶ
1227 1986 1342 2014 ἄστατον
1350 1996 1357 2003 ·
1370 1987 1402 2014 σὺ
1413 1988 1441 2015 δὲ
1452 1988 1533 2014 πολὺν
1543 1988 1671 2023 ὀφλήσεις
1683 1990 1728 2016 τὸν
1740 1989 1856 2024 γέλωτα,

1074 2034 1128 2064 τοῖς
1145 2033 1361 2068 παρατρέχουσιν
1378 2034 1414 2066 ὡς
1433 2035 1532 2061 ἑστῶσι
1544 2035 1728 2071 προσθέμενος

241 2080 267 2101 ιιι
281 2083 345 2102 vero
356 2076 492 2110 ingentem
508 2076 546 2103 tui
562 2076 645 2104 risum
659 2078 800 2112 exeitabis,
817 2079 863 2114 qui
878 2080 1103 2114 prtetereuutibus
1133 2081 1214 2108 rebus
1241 2086 1367 2116 tatrquam
1406 2082 1492 2110 ﬁrmis
1528 2089 1560 2110 ac
1582 2082 1721 2111 stabilibus
1737 2083 1855 2110 anitnurn

240 2121 383 2148 addixeris.

379 2180 488 2208 CLVIII.
503 2197 538 2202 —
548 2182 668 2211 PRISCO
683 2183 790 2211 CAPPA
797 2184 881 2212 DOCI.

275 2236 380 2263 Saevum
395 2245 423 2264 et
435 2237 710 2273 importunum'atque
723 2244 892 2274 arrogantem
909 2245 934 2267 te
949 2246 1018 2273 esse,

241 2281 432 2317 hominumque
460 2287 584 2310 naturam
610 2284 781 2318 improbitate
805 2291 933 2320 superare
959 2286 1021 2320 qui-

240 2327 300 2354 dam
315 2327 398 2355 aitrnt.
418 2327 472 2363 Ego
485 2335 550 2356 vero
566 2337 626 2357 eum
641 2329 755 2357 absurda
772 2330 852 2358 multa
871 2331 905 2358 de
932 2335 956 2358 le
978 2331 1021 2359 dc-

286 2402 295 2416 ‘
308 2403 402 2432 Matth.
426 2412 452 2437 τ’,
470 2405 514 2432 54.

1041 2179 1062 2206 D

1172 2185 1260 2211 PNH’.
1275 2200 1308 2204 —
1322 2185 1449 2219 ΠΡΙΣΚῼ
1465 2185 1678 2222 ΚΛΠΠΔΔΟΚῌ
1691 2187 1757 2221 (55).

1109 2240 1204 2266 Σκαιόν
1224 2240 1253 2266 σέ
1270 2241 1335 2275 φασί
1355 2250 1426 2272 τινες
1447 2243 1493 2268 καὶ
1517 2241 1633 2273 ἀλαζόνα
1657 2243 1705 2269 καὶ
1725 2243 1855 2277 ὑπερόπὶ-

1073 2293 1152 2312 νοντα
1169 2285 1217 2320 τὴν
1235 2286 1314 2320 φύσιν
1332 2286 1386 2312 τῶν
1394 2287 1545 2321 ἀνθρώπων
1561 2288 1717 2323 φαυλότητι.
1739 2289 1809 2322 Ἐγὼ
1827 2289 1855 2316 δὲ

1075 2331 1178 2358 πολλῶν
1197 2332 1260 2368 περὶ
1276 2332 1323 2358 σοῦ
1339 2332 1452 2367 ἁπηχῶν
1467 2332 1605 2368 ᾀδομένων
1619 2334 1669 2360 οὐκ
1684 2334 1738 2369 ἔχω
1752 2334 1781 2360 τὸ
1797 2335 1855 2364 πεί-

784 2462 900 2490 VARIAEI
925 2463 1115 2492 LEC'I‘IONES
1141 2464 1184 2491 ΕΤ
1207 2464 1322 2493 NOTAE.

277 2538 332 2572 (30)
353 2537 476 2574 Suggegil
496 2539 555 2565 eod.
578 2539 632 2565 Alt.
659 2539 729 2566 unde
754 2540 895 2566 commode
908 2540 1018 2573 expleas

240 2572 362 2610 lacunam
380 2572 509 2610 asterisco
522 2574 671 2608 signatam;
692 2574 830 2601 interserit
853 2575 924 2601 enim
939 2572 1018 2610 δῆλον

239 2614 300 2633 ante
311 2607 341 2632 οὐ
353 2607 415 2642 χρή.
430 2606 533 2634 Possm.

277 2641 332 2676 (Si)
351 2641 427 2668 νει-ε.
441 2641 459 2667 2
478 2649 525 2675 pro
544 2643 573 2673 ὂς
593 2643 649 2675 lege
674 2642 720 2676 ὃν,
737 2644 759 2670 si
779 2643 889 2670 credere
905 2644 1012 2677 dignum

240 2682 320 2710 putas
349 2677 432 2702 trihus
462 2677 539 2703 bonis
560 2677 728 2709 auctoribus,
750 2678 826 2705 codd.
861 2677 919 2705 Vat.
951 2679 1012 2711 (M9,

242 2711 326 2737 δῖοι-ι.
340 2716 365 2737 et
384 2711 436 2736 Alt.
456 2711 558 2738 Possm.

278 2746 333 2779 (52)
352 2745 426 2772 Vers.
443 2746 460 2771 Ξ
477 2754 524 2779 pro
535 2746 666 2781 μετέρχῃ
680 2747 757 2773 codd.
772 2746 832 2772 Vat.
850 2746 901 2773 εις)
920 2754 947 2773 et
962 2748 1014 2774 All.

243 2781 341 2816 habent
362 2781 503 2814 μετέρχου.
522 2780 595 2807 Vcrs.
613 2782 629 2807 3
644 2780 722 2816 iidem
739 2789 785 2813 pro
803 2782 963 2816 φαινόμενος
978 2783 1014 2809 Ie-

242 2820 307 2847 gunt
321 2814 535 2849 διαφαινόμενος.
554 2815 627 2842 Vers.
647 2816 672 2847 ὓ,
696 2815 785 2846 ἄδικος
801 2814 825 2841 itr
844 2814 940 2848 ἀδίκως
958 2825 1016 2842 mrt-

243 2853 319 2882 tant,
337 2850 526 2884 congruentius
548 2851 580 2877 ad
596 2850 765 2877 sententiam.
787 2850 904 2885 Denique
921 2854 946 2878 in
965 2852 1016 2878 line

1073 2548 1088 2567 a
1110 2542 1308 2578 προσθέμενος,
1331 2542 1397 2569 ιοΙΙίι
1415 2551 1428 2569 σ
1450 2551 1519 2571 unus
1546 2543 1606 2571 Vat.
1626 2543 1699 2578 649,
1720 2545 1853 2578 scribens,

1071 2577 1247 2611 προθέμενος.
1265 2577 1367 2604 Possm.
1846 2577 1849 2578 ν

1102 2611 1163 2652 ‘55)
1178 2611 1205 2638 ln
1221 2611 1297 2651 ti_tulo
1311 2611 1389 2652 huius
1405 2611 1526 2652 epistolae
1537 2613 1700 2652 sr_rpp_|endus
1715 2614 1741 2641 irt
1759 2615 1854 2652 Graeco

1068 2646 1196 2684 articulus
1215 2646 1254 2680 τῷ
1268 2652 1330 2674 ante
1350 2646 1625 2684 Καππαδόκῃ-νῇ.
1643 2649 1805 2684 πράγματος
1826 2649 1851 2675 irt

1066 2681 1206 2715 τάγματος
1224 2685 1297 2708 recte
1317 2686 1419 2707 rnrrtant
1433 2681 1486 2707 dno
1498 2682 1576 2709 codd.
1597 2681 1727 2710 Vatftim
1743 2689 1770 2710 et
1784 2684 1850 2715 ΔΗ..

1067 2716 1102 2752 rrtl
1120 2721 1147 2741 et
1164 2716 1218 2752 Alt.
1243 2716 1345 2752 vers._8
1359 2715 1440 2750 ἑτέρα
1462 2716 1487 2752 in
1507 2715 1618 2752 θατὲρα.
1645 2718 1738 2744 lliatns
1756 2725 1848 2744 versus

1067 2750 1099 2776 12
1115 2751 1245 2777 asterisco
1266 2750 1409 2782 indicatus,
1425 2750 1548 2784 expletur
1566 2750 1591 2777 in
1612 2752 1672 2778 Vat.
1687 2752 1738 2778 649
1755 2757 1781 2778 et
1796 2753 1849 2779 Alt.

1066 2784 1176 2823 addito,
1187 2785 1305 2823 ﬁétvtmg.
1321 2785 1396 2823 V_crs.
1411 2792 1470 2823 seq.
1489 2792 1505 2811 e
1524 2787 1633 2823 regione
1650 2787 1731 2823 vox-is,
1744 2786 1850 2823 ἀνθρώ-

1067 2828 1130 2851 πους,
1147 2819 1200 2847 Alt.
1216 2820 1241 2846 in
1261 2820 1381 2854 rnargiuc
1396 2821 1492 2853 signat,
1509 2821 1643 2856 πατέρας.
1658 2821 1759 2848 I’oastn.

1878 628 1891 635 κ
