2045 3158
260 189 313 221 919

839 190 870 221 S.
892 190 1039 222 ISIDORI
1057 191 1277 222 PELUSIOT/E

1835 188 1887 221 920

260 247 312 276 est,
326 242 456 277 operibus
473 245 563 270 autem
594 241 719 276 arduum,
737 248 819 279 atque
851 244 916 272 illud
937 246 1043 281 quidem

1097 244 1189 280 ἔργοις
1215 243 1354 277 δύσκολον,
1373 243 1420 271 καὶ
1440 243 1471 270 τὺ
1486 243 1535 279 μὲν
1554 243 1604 275 τὰς
1621 242 1706 275 ἀκοὰς
1722 241 1829 278 τέρπει,
1855 245 1886 271 τὸ

259 296 339 316 aures
354 288 481 321 oblectat,
495 289 546 316 hoc
567 292 657 316 autem
680 289 785 318 animos
801 291 889 319 erudit
905 292 961 320 :ob
987 299 1046 320 eam

260 341 369 361 causam
389 333 459 361 Deus
471 334 504 362 ad
522 341 568 362 eos
595 335 641 370 qui
669 335 816 364 sacerdotii
845 344 957 365 munere
977 339 1046 365 redi-

259 379 318 407 miti
338 384 411 413 sunt,
429 380 466 413 id,
481 381 552 416 quod
574 381 622 409 tibi
646 382 786 418 explanari
816 383 903 417 cupis,
918 383 1019 411 clamat
1037 394 1044 412 :

264 434 273 449 ι
290 423 463 459 Sacerdotes,
480 425 621 461 loquimini
645 427 678 454 ad
705 434 752 454 cor
773 425 935 455 Jerusalem.
952 437 961 454 ι
976 427 1047 461 ροο‹

259 470 332 498 niam
344 469 416 498 enim
429 471 475 506 qui
499 471 589 499 verbis
606 471 741 500 duntaxat
767 472 875 505 docent,
894 480 948 500 non
966 474 1047 502 modo

260 514 410 543 molestiam
425 516 596 545 auditoribus
612 517 751 550 exhibent,
766 518 814 546 sed
829 518 910 546 etiarn
923 518 1046 546 irriden-

259 561 308 587 dos
321 567 354 588 ac
369 561 534 596 sugillandos
555 570 584 590 se
607 563 763 598 propinant,
777 563 880 591 idcirco
908 564 1046 593 actionum

259 606 483 643 virtutem,352
497 615 556 643 quae
569 609 602 636 ad
621 609 776 637 auditorum
791 610 897 638 animos
908 615 1042 645 penetret,

259 653 294 680 ab
319 653 386 687 ipsis
418 654 543 688 requirit.
561 654 742 688 Quamobrem
764 661 964 684 sacrosanctum
985 664 1046 685 esso

257 704 363 734 oportet
374 706 435 727 eum
445 700 490 735 qui
505 706 680 729 consecratus
691 705 742 729 est.
759 701 852 738 Neque
861 703 935 731 enim
953 702 1045 738 profa-

260 753 322 772 num
339 746 426 774 sacris
437 747 543 781 operari
560 747 602 776 ias
612 752 668 776 εει.

365 801 407 829 CC
412 801 532 831 XXXIX.
541 818 577 823 ——
586 803 698 832 PALLA
703 803 759 832 DIO
776 804 938 833 DlACONO.

259 845 358 874 Malam
369 848 518 882 opinionem
534 857 589 876 rem
611 849 748 877 matulam
764 858 884 881 (suum:
898 859 950 878 non
962 851 1044 879 inuti-

310 881 348 910 les
369 881 425 910 (ue
441 891 531 911 eorum
543 885 587 919 qui
603 884 652 912 hac
677 886 789 920 correpti
802 890 863 913 runt
877 885 990 914 labores.

292 975 529 1005 Existimationcm
553 981 638 1010 tuam,
654 978 696 1006 vir
708 978 820 1014 optime,
838 987 903 1007 cura
920 984 949 1007 ut
964 987 1042 1008 recn-

258 1027 346 1055 peres,
367 1028 420 1048 non
440 1021 514 1049 illam
538 1022 647 1057 quidem
669 1024 764 1051 morbo
786 1023 910 1051 aﬂectam
930 1028 956 1051 et
980 1031 1043 1052 cor-

258 1071 376 1100 ruptam,
392 1071 473 1101 atque
497 1067 524 1094 in
550 1067 665 1095 nihilum
686 1069 823 1096 redactam
847 1069 948 1104 (devius
969 1070 1042 1098 enim

257 1111 284 1139 id
296 1112 395 1140 malum
411 1112 535 1141 fortassis
546 1113 648 1149 esset);
664 1121 755 1142 verum
772 1115 798 1142 in
812 1122 934 1144 errorem
946 1121 973 1144 et
987 1116 1043 1144 bai-

257 1157 339 1186 resim
357 1166 528 1187 conversam.

383 1217 483 1246 CCXL.
493 1233 528 1239 —
537 1218 710 1248 LAMPETIO
733 1219 906 1249 EPISCOPO.

291 1273 350 1302 Non
365 1274 474 1310 quidem
487 1282 530 1303 me
544 1275 624 1312 fugit,
635 1283 651 1303 ο
666 1276 800 1304 castitatis
813 1277 967 1312 delubrum,
984 1285 1042 1305 me-

255 1321 308 1348 rito
332 1325 359 1349 te
375 1321 426 1349 hoc
446 1321 556 1350 nomine
585 1322 757 1355 discruciari,
774 1323 846 1358 quod
867 1323 991 1351 Zosimus
1015 1329 1042 1351 et

254 1366 445 1399 Martiuianus,
459 1367 590 1402 Maroque
610 1368 673 1396 item
689 1374 717 1396 ct
740 1369 914 1403 Eustathius,
928 1370 976 1406 qui
996 1378 1042 1398 sa.

255 1412 395 1441 cerdotum
413 1413 529 1448 speciem
544 1412 701 1447 praeierunt,
717 1414 821 1449 seipsos
851 1415 924 1442 omni
946 1416 1040 1443 virtuti

255 1458 413 1485 inaccessos
436 1462 464 1485 et
489 1458 588 1490 invios,
600 1459 673 1485 omni
695 1464 786 1486 autem
802 1459 870 1487 vitio
883 1460 990 1494 planam
1009 1468 1042 1488 ac

254 1502 361 1530 facilem
381 1502 452 1529 viam
480 1503 626 1537 sedemque
651 1504 829 1531 reddiderint.
845 1505 943 1532 Verum
969 1505 1036 1533 illud

255 1547 303 1576 tibi
318 1548 487 1584 exploratum
506 1555 571 1576 esse
588 1548 682 1583 debet,
696 1551 768 1584 quod
783 1558 837 1585 quo
861 1551 978 1585 majores
993 1552 1041 1578 ito-

256 1600 338 1620 nores
351 1594 490 1622 consecuti
513 1598 587 1627 sunt,
601 1602 634 1622 eo
654 1602 761 1630 quoque
787 1596 959 1631 gravioribus
978 1604 1040 1631 sup.
1055 1589 1077 1620 (ἶ

255 1639 344 1674 pliciis
355 1639 516 1674 allicientur,
527 1645 558 1668 ut
576 1641 622 1676 qui
638 1649 672 1668 ne
697 1642 829 1670 beneﬂcio
851 1642 959 1676 quidem
985 1649 1041 1670 nte-

256 1684 338 1713 iiores
355 1685 443 1714 eiiccti
457 1686 522 1714 sint.

509 1730 621 1760 CCXLI.
632 1746 666 1752 —-
676 1731 790 1761 ElDEiI.

291 1785 331 1813 Tu
344 1786 452 1822 quidem
466 1786 582 1815 fortasse
598 1795 640 1815 me
664 1789 810 1816 multorum
834 1796 989 1818 sermonum
1010 1798 1043 1818 ac

256 1839 397 1859 sensorum
411 1838 569 1868 apparatum
586 1834 686 1861 habere
699 1835 850 1862 arbitraris.
865 1837 898 1862 At
915 1844 966 1871 ego
978 1837 1041 1864 illud

255 1878 338 1912 probe
356 1879 423 1911 scio,
442 1885 484 1906 me
497 1879 563 1906 nihil
578 1879 658 1906 scire.
674 1879 750 1912 Quod
776 1881 800 1908 si
821 1882 886 1916 quid
904 1882 983 1909 laude
1000 1882 1042 1910 di-

255 1930 338 1956 gnum
354 1930 368 1948 ιι
383 1930 427 1949 me
439 1922 578 1954 ail'eralur.
592 1924 647 1951 Deo
660 1925 687 1952 id
713 1926 904 1953 ascribendum
935 1931 985 1960 est,
995 1927 1042 1961 qui

256 1971 286 1995 ut.
304 1967 457 1995 auditorum
475 1969 590 1996 utilitate
602 1970 735 2002 consulat,
755 1972 835 1999 rudes
852 1977 933 2007 atque
945 1973 1039 2000 ineru-

256 2014 328 2040 ditos
363 2012 487 2041 homines
516 2021 638 2049 persaepe
676 2016 807 2051 sapientia
839 2021 867 2044 et
889 2017 1042 2046 eruditione

257 2058 377 2086 instruit.

327 2103 451 2133 CCXLll.
464 2104 697 2134 -—NILMIMON1
717 2106 963 2136 SCHOLASTICO.

293 2160 347 2189 Etsi
363 2165 390 2188 tu
418 2168 466 2196 pro
493 2168 524 2188 ea
556 2161 720 2196 eloquentia,
735 2170 786 2197 qua
812 2163 1043 2198 polles,antever-

257 2213 329 2241 lens,
343 2207 493 2242 apologiam
506 2215 592 2235 meam
615 2207 750 2240 lacerasti,
765 2216 826 2236 cum
851 2209 884 2236 ad
900 2210 971 2237 hunc
985 2218 1042 2238 mo-

1097 291 1126 318 δὲ
1142 291 1193 323 τὰς
1210 291 1299 326 ψυχὰς
1321 289 1453 318 παιδεύει.
1471 290 1520 317 Διὰ
1541 289 1620 316 τοῦτο
1634 290 1648 316 ὁ
1666 289 1743 322 Θεὸς,
1759 290 1817 321 τοῖς
1836 290 1885 325 τῆς

1099 335 1249 372 ἱερωσύνης
1267 335 1438 371 λειτουργίαν
1455 334 1635 370 ἑστεμμένοις
1658 333 1708 369 βοᾷ
1725 333 1800 361 τοῦθ’
1814 335 1884 370 ὅπερ
1902 339 1906 351 ί

1099 381 1194 417 μαθεῖν
1207 380 1352 417 ἠθέλησας.
1369 390 1378 406 t
1403 381 1510 416 'lepsi;,
1532 380 1670 415 λαλήσατε
1692 379 1733 411 είς
1747 379 1800 414 τὴν
1818 389 1883 416 καρ-
1899 385 1904 390 ”

1096 427 1156 455 δίαν
1178 427 1366 464 Ἰερουσαλήμ.
1393 435 1402 452 ›
1425 425 1534 461 Ἐπειδὴ
1557 425 1611 459 γὰρ
1626 425 1651 452 οί
1668 425 1712 452 διὰ
1729 425 1818 459 λόγων
1840 435 1885 460 φι-

1097 471 1274 507 λοσοφοῦντες
1297 472 1328 499 οὐ
1352 471 1432 508 μόνον
1466 470 1605 506 ἐνοχλοῦσι
1633 471 1697 502 τοὺς
1724 470 1882 503 ἀκούοντας,

1096 517 1165 545 ἀλλὰ
1183 518 1229 545 καὶ
1240 517 1273 545 δι’
1298 514 1336 545 ὧν
1352 517 1387 544 τὰ
1403 516 1511 544 ἓναντία
1524 513 1574 548 ,οἷς
1591 515 1701 550 λέγουσι
1717 515 1882 551 πράττουσι.

1097 563 1286 600 κωμῳδεῖσθαι
1315 563 1429 595 ἑαυτοὺς
1453 562 1710 598 παρασκευάζουσι·
1737 561 1783 588 διὰ
1805 561 1885 588 τοῦτο

1095 609 1146 645 τὴν
1170 608 1225 636 τῶν
1242 608 1331 644 ἔργων
1352 608 1452 644 ἀρετὴν
1479 608 1535 643 (98)
1551 608 1664 640 τούτους
1689 608 1811 640 ἀπαιτεῖ,
1834 609 1883 642 τὴν

1095 655 1146 691 τ’ής
1162 655 1251 691 ψυχῆς
1273 655 1329 682 τῶν
1351 654 1495 690 ἀκροατῶν
1520 654 1685 690 ἁπτομένην,
1705 654 1787 680 Ὥστε
1811 654 1882 688 ἱερὸν

1095 699 1165 729 εἶναι
1182 701 1236 737 χρὴ
1252 700 1298 728 τδν
1312 700 1471 736 ἱερωμένον.
1498 700 1633 735 ’ἱερᾶσθαι
1646 699 1702 735 γὰρ
1715 699 1761 726 τὸν
1776 699 1882 735 ἀνίερον

1095 749 1126 776 οὐ
1139 748 1228 784 θέμις.

1236 807 1317 834 ΣΛΘ¹.
1330 822 1365 826 -
1382 804 1555 840 ΠΑΛΛΔΔῘῼ
1576 803 1740 839 maxum.

1096 853 1161 880 ὀτι
1189 851 1328 885 χαλεπῶς
1355 851 1385 883 (ί.
1411 849 1557 885 χαλεπὸν)
1586 850 1605 883 ἠ
1628 848 1809 881 κακοδοξία·
1832 849 1881 885 καί

1134 884 1275 921 ἀκόίίητοι
1290 886 1327 921 (Ῐ.
1341 884 1499 919 ἀνόνητοι)
1516 885 1575 913 τῶν
1591 885 1683 918 ταύτῃ
1703 884 1880 919 κεκρατημές

1392 929 1454 948 νων
1465 921 1493 947 οι
1502 920 1600 947 πόνοι,

1136 980 1300 1017 ’Δνὰκτησαι
1312 978 1424 1011 σαυτοῦ,
1442 975 1464 1004 ὣ
1480 977 1612 1012 βέλτιστε,
1626 976 1675 1010 τὴν
1687 975 1831 1010 ὑπόληψιν,
1849 975 1881 1002 οὗ

1094 1027 1247 1062 νοσήσασαν
1264 1027 1311 1053 καὶ
1321 1024 1528 1060 διαφθαρεῖσαν,
1541 1023 1588 1050 καὶ
1600 1024 1641 1054 είς
1656 1022 1684 1048 τὸ
1697 1022 1735 1057 μὴ
1747 1021 1777 1048 ὃν
1787 1022 1878 1057 χωρῆ-

1093 1081 1180 1100 σασαν
1194 1080 1200 1087 ·
1219 1069 1302 1108 ἦττον
1316 1071 1371 1106 γὰρ
1389 1070 1423 1098 ἂν
1498 1069 1563 1101 ῐσως
1582 1068 1666 1096 κακόν
1679 1076 1686 1083 ·
1701 1068 1759 1095 ἀλλ’
1774 1068 1818 1100 είς
1827 1075 1879 1094 κα-

1094 1117 1215 1150 κώοξίαν
1227 1126 1242 1144 τ
1246 1118 1388 1153 ραπεῖσαν.

1228 1223 1293 1250 XM’.
1314 1236 1347 1243 -—-
1364 1222 1542 1256 ΛΑΜΠΕΤῙῼ
1560 1220 1746 1256 ΕΠΙΣΚΟΠῼ.

1128 1278 1193 1308 υἷδα
1208 1280 1267 1315 μὲν,
1281 1276 1303 1306 ὧ
1323 1279 1432 1314 ἁγνείας
1443 1278 1601 1312 ἀνάκτορον.
1622 1277 1662 1304 ὅτι
1682 1276 1795 1308 εἰκότως
1813 1275 1880 1302 δυση

1092 1327 1246 1363 χεραίνεις,
1276 1326 1400 1361 Ζωσίμου
1421 1333 1451 1351 τε
1465 1325 1512 1351 καὶ
1533 1323 1728 1359 Μαρτινιανοῦ,
1744 1322 1877 1356 Μάρωνός

1092 1382 1121 1400 τε
1145 1373 1192 1400 καὶ
1214 1372 1364 1400 Εὐσταθίου
1388 1371 1512 1406 ἱερᾶσθαι
1534 1369 1696 1402 δοκούντων,
1725 1367 1877 1402 ἀνθρώπων

1092 1420 1166 1455 πάσῃ
1185 1419 1234 1454 μὲν
1257 1420 1343 1454 ἀρετῇ
1359 1418 1515 1454 ἀπροσίτων
1543 1427 1573 1444 τε
1590 1417 1638 1445 καὶ
1657 1416 1777 1446 ἀὸάτων,
1803 1414 1877 1446 πάσῃ

1094 1466 1123 1492 δὲ
1139 1465 1224 1500 κακίᾳ
1245 1465 1395 1499 ἱππήλατον
1412 1463 1526 1494 ἑαυτοὺς
1541 1461 1808 1490 κατασκευασάντων
1820 1459 1878 1486 ὁδόν

1091 1521 1121 1539 τε
1139 1512 1186 1539 καὶ
1211 1511 1308 1547 χῶρον.
1331 1511 1400 1537 Ἀλλ’
1425 1508 1454 1537 εὖ
1484 1510 1583 1537 εἰδέναι
1611 1509 1740 1543 ὀφείλεις,
1758 1508 1799 1534 ὅτι
1824 1507 1880 1540 ὅσῳ

1094 1558 1217 1593 μείζονος
1247 1556 1404 1591 ἠξιώθησαν
1433 1558 1527 1591 τιμῆς.
1553 1555 1674 1590 τοσούτῳ
1697 1554 1744 1580 καὶ
1768 1551 1879 1588 μείζονα.

1092 1603 1207 1631 δώσουσι
1218 1603 1309 1637 δίκην,
1325 1603 1366 1629 ὅτι
1388 1602 1456 1638 μηδὲ
1466 1603 1499 1637 τῇ
1517 1600 1660 1637 εὐεργεσίᾳ
1681 1599 1802 1635 βελτίους
1815 1597 1878 1632 ὲγέ-

1092 1657 1152 1676 νοντ
1154 1657 1179 1676 ο.

1321 1729 1410 1756 ΣΜΑΩ
1425 1743 1459 1748 --
1476 1728 1520 1762 Τῼ
1535 1727 1637 1762 ΛΥΤῼ.

1127 1786 1214 1818 Αὺτδς
1232 1786 1281 1821 μὲν
1298 1785 1364 1816 ίσως
1386 1784 1492 1811 πολλῶν
1515 1792 1545 1810 τε
1564 1783 1651 1817 λόγων
1673 1783 1720 1809 καὶ
1735 1781 1880 1817 νοημάτων

1092 1832 1165 1867 ἔχειν
1182 1841 1216 1867 με
1239 1831 1359 1866 νομίζεις
1374 1831 1563 1866 παρασκευὴν,
1580 1829 1636 1863 ἐγὼ
1655 1829 1685 1855 δὲ
1703 1826 1762 1855 οἶδα
1776 1827 1878 1861 σαφῶς,

1092 1878 1134 1904 ὅτι
1149 1877 1225 1904 οὐδὲν
1244 1874 1304 1903 οῐδα
1320 1875 1386 1911 (99).
1406 1876 1437 1902 El
1456 1875 1486 1902 δέ
1503 1884 1530 1902 τι
1547 1875 1654 1910 λεχθείη
1668 1873 1821 1908 εὐδόκιμον,
1840 1871 1879 1905 τῷ

1091 1922 1152 1958 θεῷ
1168 1922 1218 1958 τὴν
1231 1922 1323 1948 αἰτίαν
1339 1921 1480 1956 λογιστέον
1507 1921 1557 1956 (l),
1579 1920 1618 1955 τῷ
1633 1919 1682 1947 καὶ⁵
1697 1918 1816 1949 ἰδιώτας,
1835 1916 1879 1943 διὰ

1092 1969 1143 2006 τὴν
1159 1969 1214 1996 τῶν
1231 1968 1384 1996 ἀκουόντων
1395 1967 1540 2002 ὠφέλειαν,
1554 1966 1682 1997 πολλάκις
1694 1964 1843 1999 σοφίζοντι.

1182 2107 1270 2136 ΣΜΒ’.
1280 2121 1316 2128 -
1327 2106 1548 2134 ΝΕῙΛΑΜΜΩΝΙ
1566 2104 1795 2139 ΣΧΟΛΔΣΤΙΚῼ.

1129 2165 1161 2191 Εί
1185 2163 1233 2191 καὶ
1252 2164 1290 2199 τῷ
1310 2162 1396 2194 δεινὸς
1409 2159 1479 2189 εἶναι
1504 2161 1647 2197 προλαϐὼν
1663 2160 1713 2195 τὴν
1732 2158 1878 2192 ἀπολογίαν

1093 2210 1221 2246 διέσυρας
1236 2208 1393 2244 γεγραφὼς,
1417 2207 1476 2234 εἰπὲ
1499 2207 1580 2234 πάλιν
1597 2207 1637 2233 ῦτι
1657 2205 1697 2240 τῷ
1714 2204 1831 2239 δόγματι
1849 2203 1877 2229 οὗ

257 2254 320 2280 dum
349 2254 509 2288 scripsisti:
533 2254 579 2281 Dic
611 2262 720 2282 rursum
751 2255 822 2289 quod
852 2254 1039 2284 Christianum

1094 2256 1254 2292 λυμαίνεται
1271 2256 1287 2291 ἡ
1305 2253 1448 2290 ὑπερφυὴς
1467 2251 1652 2288 Μαρτινιανοῠ
1673 2251 1721 2278 καὶ
1742 2250 1875 2284 Ζωσίμου.

257 2302 354 2333 dogma
371 2307 424 2327 non
439 2299 583 2328 labefactet
593 2300 740 2336 singularis
751 2300 796 2328 illa
814 2300 979 2335 Martiniani,
990 2302 1042 2331 Ζο-

259 2345 332 2377 simi,
360 2345 478 2372 Maronis
516 2350 543 2372 ct
570 2345 704 2373 Eustathii
736 2346 902 2380 improbitas,
926 2354 1040 2382 quorum

259 2390 313 2416 vita
331 2389 387 2425 jam
415 2389 449 2417 ad
475 2397 584 2417 scenam
607 2390 708 2424 prodit,
722 2395 803 2426 atque
825 2390 998 2426 ignominiam
1014 2397 1041 2420 et

259 2436 412 2463 irrisionem
427 2440 606 2464 sacrosanctae
617 2436 739 2471 religioni
752 2436 836 2464 inurit
851 2446 858 2464 :
873 2442 902 2464 at
917 2445 969 2465 non
983 2438 1040 2473 ipse

259 2487 348 2508 tamen
363 2480 477 2516 proinde
488 2488 503 2507 a
517 2481 631 2510 veritate
641 2481 795 2513 abscedam,
811 2489 904 2509 verum
930 2489 990 2510 eam
1005 2483 1038 2511 ad

258 2527 444 2555 defensionem
461 2527 606 2554 adhibebo.
623 2526 688 2554 Nam
711 2528 838 2562 quoniam
855 2527 920 2556 nihil
937 2530 1040 2557 habens

259 2582 312 2610 quo
338 2574 534 2602 divinissimam
566 2573 722 2608 religionem
752 2574 868 2608 incuses,
911 2577 1039 2604 adversus

258 2620 414 2649 sacerdmes
429 2619 561 2655 quosdam
580 2619 780 2647 accusationem
799 2621 1039 2654 convertisti,ver-

1093 2303 1226 2338 Μάρωνός
1244 2310 1274 2328 τε
1291 2301 1338 2328 καὶ
1356 2299 1506 2327 Εὐσταθίου
1523 2299 1617 2329 κακία,
1637 2295 1674 2325 ὧν
1686 2299 1701 2324 ὁ
1715 2297 1774 2332 βίος
1787 2295 1877 2322 λοιπῦν

1094 2348 1312 2384 σκηνοϐατεῖται,
1335 2347 1444 2380 ἀδοξίαν
1461 2346 1507 2373 καὶ
1524 2344 1671 2380 κωμῳδίαν
1692 2345 1724 2378 τῇ
1745 2342 1877 2377 ίερωτάτῃ

1093 2394 1228 2431 θρησκείᾳ
1242 2393 1484 2429 προστριϐόμενος.
1507 2391 1578 2417 Ἀλλ’
1594 2390 1680 2423 ἔγωγε
1696 2388 1747 2414 οὐκ
1764 2388 1799 2414 ἂν
1815 2387 1876 2413 ἁπο-

1093 2440 1189 2474 σταίην
1198 2439 1247 2474 τῆς
1262 2438 1400 2473 ἀληθείας,
1415 2437 1472 2465 ἀλλ’
1487 2437 1555 2471 αὐτῇ
1570 2436 1638 2470 πρὸς
1650 2433 1803 2467 ἀπολογίαν
1817 2439 1876 2466 χρη-

1095 2485 1208 2521 σαίμην.
1241 2484 1350 2519 Ἐπειδὴ
1372 2483 1427 2518 γὰρ
1446 2483 1496 2509 οὐκ
1517 2482 1588 2517 ἔχων
1603 2481 1617 2507 ὃ
1645 2489 1672 2506 τι
1695 2479 1744 2506 καὶ
1763 2478 1875 2514 μέμψοιο

1094 2531 1143 2565 τὴν
1158 2530 1301 2564 θειοτάτην
1316 2529 1475 2564 θρησκείαν,
1498 2527 1539 2559 είς
1556 2535 1631 2557 τινας
1651 2525 1705 2551 τῶν
1721 2523 1875 2571 ίερωμένων

1093 2575 1210 2611 ἔτρεψας
1223 2576 1272 2610 τὴν
1287 2573 1466 2609 κατηγορίαν,
1483 2571 1640 2607 εὑφώρατός
1658 2578 1699 2595 σοι
1715 2569 1733 2604 ἡ
1744 2569 1876 2618 σκαιωρίει

1094 2622 1205 2655 γέγονεν
1213 2621 1266 2647 ὑπὸ
1282 2620 1390 2646 πάντων
1406 2618 1443 2654 (‘2)
1455 2617 1509 2644 τῶν
1522 2617 1656 2648 συνέσεως
1672 2615 1723 2642 οὒκ
1736 2615 1878 2648 ἀμοιροῦν-

807 2696 921 2724 νΑΒΙᾹῖ.
941 2696 1131 2725 LECTIONES
1149 2697 1194 2724 ET
1211 2696 1329 2724 ΝΟΤᾹΕ.

294 2777 350 2812 (98)
365 2777 429 2804 Cod.
449 2775 535 2812 Vaticr.
551 2776 613 2812 7650;
628 2783 676 2812 pro
689 2775 812 2812 =i;v_-rd>v
833 2774 921 2810 ἔργων
935 2775 1034 2810 ἀρετὴν

258 2809 330 2839 me
341 2809 449 2844 'sr-ribil,
463 2812 511 2847 τὴν
521 2811 564 2837 διὰ
579 2810 634 2836 τῶν
654 2809 724 2845 ἔρῃ,
741 2809 845 2836 Possm.

294 2848 349 2881 (99,
366 2848 385 2873 Α
412 2844 524 2874 Socrate
543 2847 597 2881 tum;
615 2849 750 2872 IIHllttaiuS
773 2849 824 2876 ρει,
853 2844 929 2879 cujus
959 2845 1037 2872 verba

259 2883 317 2910 \‘ide
333 2883 400 2919 apud
415 2883 562 2909 Platonem.
583 2880 664 2906 iin‘r.

1123 2774 1161 2809 (i)
1187 2773 1317 2802 Similiter
1330 2773 1378 2800 ini.
1400 2773 1427 2800 Ιι.
1447 2772 1465 2798 l.
1489 2779 1531 2806 ep.
1554 2771 1608 2797 253
1628 2773 1655 2796 et
1675 2768 1740 2801 512,
1763 2774 1814 2795 nec
1827 2773 1879 2793 non

1091 2809 1290 2878 Ill’iﬁivi’i’rliiiis
1314 2844 1379 2871 editi
1404 2842 1512 2878 verbis.
1522 2849 1563 2878 σοι
1576 2841 1600 2878 fi)
1617 2839 1752 2878 σκαίωρία
1769 2838 1882 2878 γέγονεν

1092 2880 1144 2906 ὑπὸ
1157 2876 1281 2912 πάντων,
1306 2880 1365 2907 cod.
1385 2878 1442 2905 Vat.
1464 2877 1517 2905 650
1531 2876 1605 2910 legit,
1624 2876 1702 2909 σοῡὴ
1725 2876 1882 2908 κακηγορίι
