2045 3158
186 201 234 237 921

610 197 880 229 EPISTOLARUM
899 198 973 228 LIB.
994 197 1053 228 III.
1073 210 1108 215 —
1123 198 1243 229 EPIST.
1261 200 1414 231 CCXLIII.

1763 199 1828 232 922'

186 266 252 290 των,
269 254 324 282 τῶν
333 254 382 290 τὴν
392 253 442 290 μὲν
454 253 530 281 θείαν
541 253 814 289 ὗωρεπαινεσάντων
827 252 975 286 πολιτείαν,

1027 252 1099 280 Sulia
1111 256 1156 280 tua
1169 253 1204 280 ab
1218 254 1354 287 omnibus,
1365 254 1411 289 qui
1423 254 1532 290 quidem
1546 253 1689 290 prudentia
1704 253 1816 283 minime

185 303 236 338 τὴν
258 301 288 327 δὲ
303 299 474 335 κατηγορίαν
499 299 539 330 είς
561 298 682 329 ἐκείνως
705 298 874 333 τρεψάντων.
893 298 925 324 El
945 296 974 323 δὲ

186 347 234 374 καὶ
253 345 336 377 αὐτὸς
357 345 406 380 τῆς
428 343 594 378 φιλονεικίας
610 343 774 378 ἀποσταίης,
794 342 924 378 ἀποδείξῃ
940 342 975 369 τὰ

186 393 330 429 εἰρημένα.
348 391 382 418 Τί
398 391 452 425 γὰρ
465 389 566 417 ἄτοπόν
582 397 684 424 φαμεν,
699 389 835 423 λέγοντες,
849 388 891 415 ὅτι
907 387 975 415 αὐτὸ

185 439 217 465 τὸ
240 438 359 474 πρᾶγμα
384 435 580 472 βασανίζεσθαι
603 435 656 470 χρή
671 442 679 449 ·
701 434 751 462 καὶ
771 434 796 461 εἰ
817 434 866 470 μὲν
893 433 975 461 καλὸν

187 484 337 519 φωραθείη,
370 481 534 513 ἀσπαστέον,
567 480 618 507 κᾶν
642 489 716 512 τινες
741 481 796 507 τῶν
821 479 973 507 δοκούντων

186 528 402 565 αὑτδιμετιέναι,
428 528 469 559 εἰς
486 526 570 554 αὐτὸν
592 526 643 560 τῆς
660 525 760 557 κακίας
780 525 825 552 τὸν
851 524 976 560 πυθμένα

186 575 356 602 κατέπεσονο
371 574 396 600 εί
411 573 433 599 δ’
448 571 573 607 αἰσχρὸν,
588 571 732 606 φευκτέον,
757 570 810 597 κᾶν
827 579 900 602 τινες
920 570 976 596 τῶν

186 619 338 647 δοκούντων
356 618 432 653 αὑτῷ
449 617 664 653 προσκεκλίσθαι
691 617 740 652 (ὅ),
760 617 800 648 εις
824 615 909 651 αὐτὴν
925 616 976 651 τῆς

186 665 288 701 ἀρετῆς
301 665 405 692 δοκοῖεν
419 663 580 698 ἐληλακέναι
605 663 655 698 τὴν
681 662 820 698 κορυφὴν;
841 661 895 697 χρὴ
920 662 974 697 γὰρ

185 711 237 747 τὴν
255 712 303 747 μὲν
311 709 411 746 ἀρετὴν
424 709 569 745 ἀσπαστὴν
583 707 662 740 εἶναι,
678 708 732 735 κᾶν
742 708 843 739 πάντες
854 707 974 742 ψέγωσιν

186 758 212 784 οἱ
231 756 280 791 τὴν
294 756 386 792 κρίσιν
404 755 459 782 τῶν
477 755 648 790 πραγμάτων
670 754 720 780 οὐκ
740 753 846 788 ἔχοντες
870 753 953 789 ὀρθὴν
966 760 974 768 ο

189 802 239 838 τὴν
262 801 291 830 δὲ
305 801 404 828 κακίαν
427 799 560 836 φευκτὴν,
578 799 630 826 κᾶν
645 800 745 831 πάντες
759 799 784 826 οί
811 798 865 825 τῶν
879 798 975 825 κακῶν

190 847 304 884 ἐρασταὶ
330 846 414 882 αὐτὴν
426 846 666 881 ἀνακηρύττωσιν.
690 845 727 872 Οὐ
758 845 814 880 γὰρ
841 844 895 872 ἀπὸ
920 845 974 870 τῶν

187 893 349 926 νοσούντων,
365 893 423 920 ἀλλ’
437 892 492 920 ἀπὸ
517 892 572 919 τῶν
589 891 766 926 ὑγιαινόντων
796 890 849 926 χρὴ
866 890 974 925 λαμΰά-

1025 303 1147 332 careant,
1160 299 1239 326 facile
1252 300 1420 334 deprehensa
1432 306 1484 335 est,
1506 302 1552 336 qui
1568 301 1687 329 divinam
1705 301 1815 336 quidem

1025 344 1088 371 vita:
1102 344 1240 371 rationem
1252 345 1367 373 summis
1397 345 1522 374 laudibus
1543 347 1711 381 extulerunt,
1731 355 1813 375 accu-

1025 389 1162 417 sationem
1179 394 1270 417 autem
1297 391 1324 417 in
1355 398 1402 418 eos
1429 397 1637 421 converterunt.
1652 394 1728 427 Quod
1747 395 1769 422 si
1788 399 1815 422 ιιι

1025 441 1135 470 quoque
1150 442 1165 462 a
1181 435 1367 463 contentionls
1391 437 1482 464 studio
1517 438 1633 472 teipsum
1661 446 1814 472 removeas.

1029 487 1060 507 ea
1075 488 1136 516 qua:
1151 481 1206 508 dixi
1219 481 1419 516 comprobabis.
1448 481 1517 515 Quid
1541 483 1613 510 enim
1625 484 1735 512 absurdi
1748 485 1816 512 dici-

1026 533 1097 558 mus,
1106 533 1168 553 cum
1186 533 1243 553 rem
1258 526 1344 560 ipsam
1357 526 1493 560 explorari
1505 534 1537 554 ac
1546 529 1674 562 perpendi
1688 535 1815 563 oportere

1026 571 1142 599 dicimus
1158 578 1166 598 :
1183 571 1255 603 ac,si
1271 572 1340 599 bona
1355 580 1416 600 esse
1430 573 1627 608 comperiatur,
1645 575 1813 609 amplecten-

1026 617 1087 644 dam
1100 623 1170 650 esse,
1189 617 1269 653 353
1299 618 1407 646 etiamsi
1431 618 1540 653 quidam
1567 621 1730 654 eorum,qu
1756 629 1816 648 eam

1024 663 1178 691 consectari
1198 663 1354 696 videantur,
1365 663 1400 690 ad
1422 663 1510 698 ipsum
1535 672 1643 699 quoque
1667 665 1726 692 vitii
1753 665 1818 692 fun-

1025 708 1089 736 dum
1106 708 1223 744 prolapsi
1236 709 1311 743 sint;
1335 709 1358 737 si
1375 715 1468 737 autem
1480 711 1567 745 turpis
1592 714 1674 746 atque
1701 711 1816 738 inhone-

1024 758 1079 787 sta,
1095 755 1250 789 fugiendam
1268 763 1338 788 esse,
1352 756 1531 791 quantumvis
1559 757 1679 784 nonnulli
1708 765 1739 785 ex
1772 758 1816 791 iis,

1025 800 1071 835 qui
1088 800 1139 835 ipsi
1162 800 1264 828 addicti
1298 801 1366 833 sint,
1379 802 1413 829 ad
1439 802 1526 837 ipsum
1549 803 1659 830 virtutis
1685 804 1816 831 verticem

1024 846 1180 880 pervenisse
1194 846 1355 874 videantur?
1372 847 1567 882 Amplectenda
1577 849 1649 876 enim
1663 849 1750 876 virtus
1761 855 1814 883 est,

1025 892 1134 919 etiamsi
1165 899 1270 927 omnes,
1292 893 1390 928 quibus
1416 894 1527 921 minime
1547 900 1649 922 rectum
1676 896 1710 923 de
1737 895 1817 923 rebus

184 949 242 968 νειν
254 940 304 973 τὰς
325 940 390 976 περὶ
409 939 463 966 τῶν
478 938 651 974 πραγμάτων
671 937 777 973 ψήφους
796 937 846 972 (4).
869 936 900 963 El
918 936 973 972 γὰρ

1024 936 1153 970 iudicium
1175 943 1228 970 est,
1255 945 1315 966 eam
1343 939 1692 974 vituperentziugiendum
1722 947 1815 968 autem

185 987 242 1018 τοῖς
257 985 380 1013 νοσοῦσιν
394 984 529 1021 ἑψόμεθα,
546 985 592 1011 καὶ
615 983 775 1019 φιλοσοφίας
794 982 972 1017 καταγνωσό-

187 1032 268 1067 μεθα.

1025 983 1130 1016 vitium,
1154 983 1261 1011 etiamsi
1284 992 1390 1018 omnes,
1405 992 1474 1020 quos
1496 986 1560 1012 vitia
1583 986 1729 1019 delectant,
1751 987 1818 1014 illud

1025 1026 1151 1056 laudibus
1167 1029 1360 1064 praedicatione
1375 1030 1499 1058 eﬂ'erant.
1516 1030 1610 1066 Neque
1630 1031 1702 1058 enim
1718 1032 1752 1060 ab
1770 1033 1816 1066 iis,

186 1077 232 1112 qui
247 1077 360 1105 adversa
374 1076 525 1104 valetudine
535 1075 669 1108 laborant,
689 1074 736 1102 sed
748 1082 762 1102 a
778 1074 862 1108 sanis,
878 1081 968 1101 rerum
982 1072 1085 1107 judicia
1100 1075 1232 1109 capienda
1255 1081 1326 1104 sunt.
1362 1075 1430 1104 Nam
1447 1077 1470 1104 si
1507 1085 1640 1113 aegrorum
1656 1077 1759 1112 judicia
1775 1085 1816 1106 se-

186 1131 312 1159 quamur,
334 1122 534 1157 philosophiam
559 1128 669 1157 quoque
689 1121 776 1156 ipsam
807 1119 1061 1148 condemnabimus.

399 1178 485 1205 ΣΜΡ.
505 1192 541 1198 -
560 1177 762 1205 ΕΥΔΑΙΜΟΝΙ.

186 1226 239 1259 Εις
264 1224 308 1258 τὸ,
335 1233 344 1250 ι
377 1223 665 1259 Αὕτηνκληθήσεται
691 1223 779 1258 γυνὴ,
798 1223 843 1251 ὅτι
868 1223 902 1250 ἐκ
921 1223 974 1250 τοῦ

383 1258 493 1293 ἀνδρὸς
506 1258 602 1293 αὐτῆς
618 1259 745 1293 ἐλήφθη.
764 1268 773 1284 ι

223 1327 260 1354 Σὺ
286 1327 335 1362 μὶν
361 1327 391 1353 οὗ
411 1325 482 1353 κατὰ
506 1325 584 1360 λόγον
609 1325 677 1360 ἔφης
704 1325 829 1361 εἰρῆσθαι
842 1324 883 1358 τδ,
899 1325 975 1360 Αὕτη

185 1373 355 1409 κληθήσεται
369 1372 449 1407 γυνὴ,
464 1372 505 1399 ὅτι
518 1373 551 1398 ὲκ
563 1371 611 1398 τοῦ
635 1371 733 1408 ἀνδρὸς
754 1371 838 1407 αὐτῆς
857 1371 973 1407 ἐλήφθη.

191 1419 263 1454 Ἐγὼ
276 1419 305 1446 δὲ
318 1419 348 1446 οὺ
368 1418 447 1454 μόνον
468 1417 540 1445 κατὰ
559 1417 648 1451 λόγον.
667 1417 737 1444 ἀλλὰ
756 1417 802 1444 καὶ
816 1416 975 1452 θαυμασίως

185 1465 252 1494 αὐτὸ
272 1464 427 1500 γεγράφθαι
446 1463 528 1499 φημὶ,
554 1464 601 1490 καὶ
619 1463 704 1495 ὅπως,
721 1463 814 1489 ἄκουε.
844 1461 876 1488 Ἦ
905 1461 974 1498 γυνὴ

185 1511 262 1547 παρὰ
285 1510 335 1546 τὴν
356 1509 437 1546 γονὴν
466 1509 585 1545 εἴρηται.
614 1508 689 1544 Αὕτη
712 1508 777 1543 γοῦν
805 1508 973 1543 κληθήσεται

186 1558 267 1593 γυνὴ.
282 1556 407 1584 τουτέστι
425 1555 534 1592 γονίμη,
547 1555 588 1582 ὅτι
603 1555 636 1582 ὲκ
649 1554 696 1581 τοῦ
706 1554 826 1590 [ἀνδρὸς]
838 1554 923 1589 αὐτῆς
935 1554 972 1590 (5)

182 1604 232 1630 τοῦ
266 1602 407 1638 μέλλοντος
435 1602 545 1637 γόνιμον
566 1602 663 1633 ποιεῖν,
698 1600 814 1636 ἐλήφθη.
840 1600 896 1635 Τὴν
919 1600 973 1635 γὰρ

184 1649 323 1685 παρθένον
337 1650 351 1676 ὁ
375 1648 444 1683 ἀνὴρ
468 1647 681 1682 συναπτόμενος,
694 1648 823 1681 γυναῖκα,
848 1646 974 1673 τουτέστι

184 1694 297 1729 γόνιμον
319 1695 401 1721 ποιεῖ.
417 1693 462 1720 Διὺ
476 1694 524 1720 καὶ
538 1692 602 1729 παρ’
629 1692 781 1728 Ἀθηναίοις
801 1693 818 1727 ἡ
842 1692 974 1726 συνάφεια

183 1742 201 1776 ἡ
217 1741 288 1768 κατὰ
304 1741 396 1776 νόμον,
411 1740 455 1767 ἐπ’
474 1740 583 1776 ἀρότρῳ
597 1739 701 1766 παίδων
716 1739 827 1774 ἐλέγετο
839 1738 972 1772 γίνεσθαι,

183 1787 232 1813 καὶ
245 1787 333 1822 γονεῖς
345 1787 370 1813 oi
386 1786 511 1818 τεκόντες
524 1786 681 1813 καλοῦνται.
699 1785 768 1817 Τοὺς
776 1785 831 1820 γὰρ
845 1785 973 1820 λέγοντας

183 1833 263 1869 παρὰ
282 1833 317 1859 τὰ
337 1834 410 1866 γυῖα,
432 1832 554 1860 τουτέστι
578 1831 612 1859 τὰ
644 1831 722 1867 μέλη,
747 1831 884 1867 εἰρῆσθαι,
912 1830 973 1857 οὐδὲ

183 1879 265 1914 λόγου
279 1878 416 1911 ἀξιωτέον.
437 1878 482 1914 Τῷ
497 1878 546 1913 μὲν
560 1878 615 1912 γὰρ
627 1877 702 1913 μέλει
714 1877 761 1904 καὶ
779 1877 856 1912 μέρει
870 1876 900 1902 τὸ
913 1876 973 1902 ὅλον

183 1925 233 1953 καὶ
244 1925 274 1951 τὸ
289 1925 343 1951 πᾶν
367 1923 619 1952 ἀντιδιαστέλλεται.
640 1924 678 1959 Τῇ
696 1922 725 1950 δὲ
740 1923 851 1956 γυναικὶ
862 1923 876 1949 ὁ
890 1922 971 1958 ἀνὴρ,

182 1969 307 1997 τουτέστι
324 1969 362 2004 τῷ
383 1968 521 2004 σπείροντι
541 1967 658 2004 γεωργῷ
670 1968 717 1994 καὶ
733 1966 907 2002 ἀνορύττοντι
923 1966 972 2002 τὴν

182 2014 343 2049 γυναικείαν
357 2014 447 2049 χώραν
459 2014 513 2049 (6)'
537 2013 601 2049 παρ’
624 2013 638 2040 ὂ
663 2013 709 2040 καὶ
731 2013 812 2047 ἀνὴρ,
828 2012 866 2044 ὡς
880 2010 969 2047 οἶμαι,

183 2060 304 2095 λέγεται.
338 2060 375 2086 Τὸ
402 2059 455 2096 γὰρ
478 2059 621 2094 ἄνθρωπος
651 2058 741 2085 κοινὸν
771 2058 864 2090 αὐτοῖς
897 2058 972 2085 ἔστιν

183 2106 271 2142 ὁνομα
283 2114 291 2122 ·
306 2107 322 2141 ἡ
341 2105 506 2142 σπειρομένη
521 2105 557 2140 γῆ
569 2105 617 2140 (Τ),
636 2105 683 2132 καὶ
707 2104 750 2131 διὰ
765 2105 844 2131 τοῦτο
858 2103 971 2138 γόνιμος

183 2150 325 2186 γινομένη.
343 2150 403 2177 Τῶν
415 2149 483 2185 πρός
493 2158 519 2176 τι
534 2150 589 2185 γὰρ
605 2148 725 2184 ἠγοῦμαι
742 2148 788 2176 καὶ
800 2148 871 2175 τοῦτ’
889 2146 970 2178 εἶναι.

184 2197 262 2231 Ἀμει
274 2196 328 2232 γὰρ
340 2195 426 2230 εζποις
442 2196 536 2231 ἄνδρα,
550 2196 597 2222 καὶ
609 2195 677 2230 γυνὴ
698 2196 730 2230 τῇ
755 2194 844 2230 ἐννοίᾳ
859 2202 969 2222 συνεισ-

1209 1177 1273 1206 CCX
1280 1177 1348 1206 Lill.
1363 1194 1398 1200 —
1412 1178 1615 1207 EUDZEMOM.

1026 1222 1060 1250 In
1077 1222 1165 1251 illud:
1184 1233 1194 1250 ι
1209 1223 1272 1259 Ipsa
1285 1225 1420 1252 vocabitur
1440 1225 1551 1258 mulier,
1576 1226 1638 1260 quia
1651 1225 1683 1252 de
1697 1225 1752 1253 viro
1769 1234 1817 1253 suo

1309 1264 1416 1294 sumpta
1429 1266 1466 1287 es!
1477 1259 1509 1288 °‘.
1523 1269 1532 1286 ι

1063 1323 1102 1352 Tu
1118 1324 1227 1360 quidem
1242 1325 1314 1353 haud
1337 1330 1411 1354 recte
1427 1326 1492 1354 illud
1510 1327 1611 1354 dictum
1631 1335 1692 1355 esse
1704 1332 1818 1356 conten-

1025 1369 1087 1397 dis:
1104 1371 1165 1405 lpsa
1181 1370 1322 1398 vocabitur
1333 1371 1413 1407 γυνὴ.
1428 1372 1490 1407 quia
1510 1373 1544 1399 de
1557 1373 1615 1400 viro
1631 1377 1737 1407 sumpta
1753 1379 1814 1402 est:

1025 1422 1075 1450 ego
1092 1423 1157 1442 vero
1171 1423 1224 1443 non
1247 1417 1327 1444 modo
1344 1421 1433 1449 recte,
1456 1417 1502 1444 sed
1521 1418 1603 1445 etiam
1619 1419 1720 1446 eximio
1734 1423 1816 1453 atque

1025 1461 1186 1488 admirando
1209 1462 1290 1489 modo
1310 1463 1360 1490 hoc
1383 1464 1513 1496 scriptum
1530 1463 1612 1491 inisse
1626 1464 1685 1495 aio,
1700 1469 1745 1496 et,
1763 1473 1816 1499 qua

1024 1508 1130 1535 ratione
1146 1509 1253 1541 ductus,
1271 1509 1345 1536 audi.
1370 1508 1402 1535 'H
1417 1509 1485 1544 γυνὴ
1501 1510 1576 1545 παρὰ
1589 1510 1637 1544 τὴν
1654 1510 1743 1546 γονὴν,
1765 1512 1816 1538 hoc

1025 1558 1076 1586 est,
1089 1561 1104 1580 a
1117 1554 1243 1588 genitura
1256 1554 1327 1582 dicta
1347 1560 1398 1582 est.
1416 1554 1474 1589 ipsa
1487 1555 1569 1591 igitur
1582 1556 1650 1591 γυνὴ
1665 1557 1814 1587 vocabitur,

1026 1600 1077 1628 hoc
1091 1604 1133 1628 est
1145 1621 1152 1634 ,
1171 1601 1205 1628 ad
1226 1601 1389 1636 gignendum
1413 1601 1508 1629 idonea
1523 1610 1529 1628 :
1547 1602 1609 1636 quia
1625 1610 1656 1629 ex
1678 1602 1737 1630 viro
1755 1609 1816 1634 suo,

1025 1646 1071 1680 qui
1092 1653 1151 1674 eam
1172 1647 1315 1674 iecundam
1334 1646 1489 1674 redditurus
1503 1653 1561 1681 est,
1578 1652 1683 1683 sumpta
1698 1653 1749 1676 est.
1767 1647 1816 1675 Vir

1024 1692 1124 1726 quippe
1141 1692 1275 1726 virginem
1290 1693 1340 1720 sibi
1353 1692 1526 1720 matrimonio
1537 1693 1676 1727 copulans,
1692 1694 1814 1728 γόνιμον,

1025 1738 1076 1765 boc
1093 1742 1135 1765 est
1153 1738 1309 1771 fecundam,
1327 1739 1444 1773 γυναῖκα
1458 1739 1556 1767 reddit.
1572 1738 1612 1766 0b
1631 1739 1711 1774 idque
1732 1740 1814 1766 etiam

1025 1783 1095 1817 apud
1114 1783 1295 1811 Athenienses
1316 1784 1453 1818 legitimus
1476 1791 1638 1819 congressus
1651 1785 1813 1811 arandorum

1027 1828 1145 1856 ﬁliorum
1166 1836 1247 1856 causa
1269 1829 1327 1856 ﬁeri
1345 1829 1503 1856 dicebatur:
1521 1837 1553 1856 ac
1568 1830 1666 1863 γονεῖς,
1689 1834 1814 1864 parentes

1024 1874 1202 1910 appellantur.
1218 1874 1283 1902 Nam
1301 1882 1334 1902 ne
1355 1875 1480 1902 audiendi
1499 1875 1606 1908 quidem
1625 1876 1651 1902 hi
1674 1880 1752 1907 sunt,
1767 1876 1813 1910 qui

1025 1921 1100 1956 παρὰ
1113 1920 1147 1948 τὰ
1161 1922 1236 1955 γυῖα,
1252 1922 1303 1948 hoc
1318 1926 1359 1948 est
1373 1921 1409 1949 ob
1427 1922 1548 1949 membra
1559 1942 1566 1953 ,
1584 1922 1618 1948 ab
1633 1921 1685 1948 hoc
1701 1921 1812 1949 nomine

1024 1967 1171 2002 appellatos
1191 1974 1252 1994 esse
1264 1967 1367 1994 dicunt.
1381 1967 1500 1994 Membro
1518 1968 1590 1994 enim
1607 1973 1633 1994 et
1646 1967 1713 1999 parti
1728 1972 1812 1994 totum

1024 2017 1051 2040 et
1064 2020 1144 2040 omne
1165 2013 1327 2047 opponitur:
1347 2012 1452 2039 mulieri
1477 2020 1541 2039 vero
1565 2013 1619 2045 vir,
1640 2013 1691 2040 hoc
1708 2017 1749 2040 est
1765 2019 1810 2039 se-

1024 2059 1092 2086 renti
1103 2058 1238 2094 agricolae,
1248 2065 1279 2086 ac
1289 2058 1416 2085 feminam
1429 2059 1565 2094 regionem
1581 2057 1716 2086 eﬂ'odienti
1729 2057 1812 2093 (unde

1024 2105 1103 2131 etiam
1119 2103 1199 2140 ἀνὴρ,
1217 2109 1246 2131 ut
1272 2104 1384 2138 opinor,
1402 2111 1502 2131 nomen
1522 2104 1615 2137 traxit,
1633 2111 1694 2130 nam
1711 2104 1811 2138 alioqui

1024 2149 1140 2178 hominis
1149 2150 1308 2178 vocabulum
1320 2150 1425 2184 utrique
1437 2157 1580 2187 commune
1589 2149 1639 2185 est)
1654 2153 1724 2177 terra
1739 2154 1810 2181 sata,

1024 2200 1222 2230 proptereaque
1233 2195 1346 2223 fecunda
1357 2195 1505 2223 exsistens.
1517 2195 1593 2223 lianc
1604 2195 1702 2230 quippe
1717 2202 1810 2222 vocem

181 2242 294 2276 έρχεται
307 2248 313 2255 '
329 2240 367 2271 ὡς
397 2239 445 2266 καὶ
457 2239 560 2275 πατρὸς
581 2239 720 2275 ῥηθέντος,
738 2239 752 2265 ὁ
769 2239 832 2270 παῖς
847 2245 970 2265 συνυπα-

1024 2249 1057 2269 ex
1077 2249 1169 2269 earttm
1188 2249 1300 2269 numero
1315 2248 1374 2269 esse
1391 2241 1518 2274 arbitror,
1530 2248 1590 2275 qua:
1607 2241 1639 2267 ad
1655 2240 1755 2275 aliquid
1769 2247 1811 2267 re-

184 2287 308 2320 κούεται,
325 2287 372 2314 καὶ
391 2287 520 2314 δεσπότου
544 2286 695 2322 λεχθέντος,
710 2286 724 2312 ὁ
743 2285 834 2317 δοῦλος
859 2293 971 2312 συνεπι-

183 2333 297 2359 νοεῖται.

1025 2285 1157 2313 feruntur.
1170 2284 1236 2313 Nam
1250 2285 1329 2313 simul
1342 2291 1423 2320 atque
1433 2285 1520 2311 virum
1535 2285 1646 2317 dixeris,
1659 2292 1725 2312 uxor
1740 2291 1808 2318 quo-

1025 2337 1079 2366 que
1093 2331 1182 2359 animo
1195 2332 1286 2359 statim
1302 2331 1431 2363 occurrit,
1450 2330 1676 2366 quemadmodum
1692 2330 1807 2363 scilicet,

183 2385 210 2406 et
229 2385 290 2406 cum
311 2382 414 2413 patrem
429 2377 541 2411 dixisti,
562 2377 633 2406 (ilius
657 2385 710 2406 una
739 2377 911 2413 intelligitur,
939 2382 967 2405 et
985 2385 1046 2405 cum
1069 2378 1209 2406 dominum
1224 2378 1316 2406 dixisti
1351 2385 1444 2406 servus
1478 2377 1559 2405 etiam
1594 2385 1646 2405 una
1665 2377 1808 2412 cogitatur.

219 2434 244 2451 “
255 2434 325 2463 Gen.
339 2443 370 2468 ιι,
383 2436 428 2464 23.

744 2479 861 2507 VARIIE
885 2479 1075 2508 LECTlONES
1096 2480 1138 2509 ET
1155 2480 1270 2508 NOTAE.

182 2547 296 2582 γέγονεν
317 2546 373 2582 ἀπο
391 2547 483 2580 πάντ.,
497 2551 549 2575 etc.
571 2546 662 2582 Vers.
670 2546 768 2582 deinde
793 2553 889 2581 quarto
918 2556 966 2582 pro

182 2581 314 2618 ἀποδείξῃ
325 2581 386 2609 cod.
399 2582 470 2618 idem
481 2583 567 2618 habet
583 2581 709 2617 ἀποδέξῃ,
725 2585 752 2608 ει
762 2582 879 2610 secundo
895 2581 966 2617 pest,

183 2616 281 2651 φανείη
300 2616 348 2650 pro
363 2616 515 2651 φωραθείη.
527 2616 631 2644 Possm.

220 2625 263 2642 ,νει
300 2625 348 2650 pro
363 2625 515 2651 φωραυειη.
528 2625 631 2644 rossm.

220 2625 328 2688 g5)_ri’ro
344 2651 554 2688 προσκεκλίσθαι
575 2653 645 2688 idem
666 2651 724 2688 eod.
743 2652 837 2679 scribit
850 2661 967 2688 προσκε-

182 2685 312 2722 χρῆσθαι,
332 2685 448 2713 δι’νειε.
464 2687 525 2714 inde
533 2687 651 2714 secundo
667 2686 803 2720 ψεύσωσιν
818 2695 866 2721 pro
874 2685 970 2722 ’ψέγω-

183 2728 236 2757 σιν,
256 2720 331 2757 Yers.
358 2728 402 2755 ep.
423 2721 526 2755 penult.
541 2726 568 2749 et
591 2722 638 2748 ult.
660 2729 708 2757 pro
722 2720 965 2757 φιλοσοφίαςῖαοιιι

181 2754 254 2791 legit
264 2754 397 2791 ἰατρικῆς.
411 2754 450 2782 ιι).

220 2789 259 2825 (4)
283 2789 409 2817 Eamdem
429 2791 588 2817 sententiam
606 2791 686 2818 habet
707 2791 824 2819 lsidorus
846 2792 892 2820 lib.
922 2800 962 2825 ιιι,

1021 2549 1092 2576 lutea
1106 2549 1239 2582 videntur,
1256 2549 1294 2575 sic
1319 2549 1420 2576 insanis
1433 2549 1490 2576 sani
1509 2553 1535 2576 et
1550 2546 1661 2575 furiosis
1682 2545 1808 2572 videntur

1021 2591 1081 2612 esse
1102 2584 1198 2612 insani.
1215 2593 1224 2609 ι
1242 2583 1324 2610 Enr.

1059 2619 1097 2652 (5)
1116 2619 1170 2645 Vox
1186 2619 1270 2654 αὐτῆς
1288 2622 1359 2646 recte
1370 2619 1446 2646 abest
1461 2626 1476 2645 a
1492 2614 1808 2653 cod.V:nt.650.Possiu.

1059 2654 1097 2688 (6)
1120 2653 1255 2680 Mirabiles
1271 2661 1335 2680 sane
1348 2654 1525 2688 etymologizr,
1541 2658 1655 2688 quarum
1672 2654 1807 2688 posterlo-

1024 2684 1175 2715 rem'ctiatn
1189 2688 1258 2715 Just.
1273 2684 1383 2722 Lipsius
1397 2684 1556 2714 iucul'cavit'
1568 2687 1593 2712 in
1610 2684 1728 2722 quadam
1747 2684 1807 2722 epi-

1024 2723 1103 2755 stola,
1125 2724 1262 2750 nominato
1284 2727 1393 2750 auctore
1416 2726 1517 2749 nostro.
1540 2721 1727 2755 Quodrautem
1756 2721 1805 2748 ait,

1019 2757 1068 2793 τὴν
1083 2754 1239 2792 γυναικείαν
1256 2757 1347 2792 χώραν
1358 2757 1512 2793 ὁψορύττειν
1524 2754 1682 2793 ⁸τιδνρΑιδροι,
1699 2759 1731 2793 eo
1745 2757 1808 2784 pcr-

1021 2789 1096 2825 tinet,
1114 2793 1184 2827 quod
1207 2789 1353 2826 supra'ep.
1371 2789 1422 2827 512
1436 2791 1554 2827 scripsit,
1577 2789 1807 2827 feminumlterrw

180 2820 229 2861 ep;
246 2824 310 2861 242,
334 2824 387 2861 Nec
414 2826 559 2861 immerito.
581 2826 681 2861 (Egroti
705 2827 776 2853 enim
800 2820 962 2854 insinceruui
1018 2827 1078 2855 loco
1090 2820 1160 2859 'csge,
1178 2820 1279 2853 marem
1300 2820 1424 2861 agricola:
1441 2820 1571 2861 rationum
1590 2820 1803 2861 habere-.liljtt

183 2859 285 2886 habent
295 2859 436 2893 judicium.
450 2859 524 2887 Unde
542 2859 627 2887 Varro
639 2861 819 2889 Emuenidib.:
837 2871 846 2888 ι
865 2862 898 2889 Ut
919 2870 963 2888 ar-

1037 2853 1364 2902 ;(7)i>m'qﬂampop‘éw,
1378 2860 1414 2896 γῆ
1431 2861 1489 2888 cod.
1510 2858 1568 2886 vat.
1588 2857 1641 2885 (ιδο
1665 2853 1760 2891 1εεὶιή
1778 2856 1808 2883 δὲ

184 2895 276 2931 quatis
292 2900 317 2922 et
334 2895 495 2926 veternosis,
518 2903 576 2930 quae
591 2896 661 2923 lutea
677 2903 728 2924 non
749 2902 820 2930 sunt,
842 2905 916 2931 :cque
935 2902 962 2925 ut
1017 2897 1051 2932 γῆ
1069 2906 1169 2932 τηειρ..
1182 2895 1289 2924 Possm.
