2045 3158
216 175 267 207 927

805 175 837 205 S.
857 173 1002 205 ISIDORI
1021 172 1240 203 PELUSIOT/E

1792 168 1846 201 928

217 234 259 256 ter
271 227 396 263 cll‘erar);
411 235 480 255 unus
504 233 595 256 autent
611 236 643 256 ex
659 228 702 260 iis,
717 230 761 265 qui
777 229 899 263 adorant,
916 230 956 257 vir
981 233 1008 256 et

1065 228 1178 260 δεικνὺς,
1197 226 1408 264 κατορθώματος
1435 226 1464 253 δὲ
1485 226 1545 252 οὐδὲ
1573 225 1646 260 [χνος
1659 224 1726 260 (l5).
1759 224 1804 256 Ὦς
1817 225 1846 251 δδ

217 275 279 301 vitzr
299 273 392 306 laude,
408 279 433 300 et
449 274 570 301 doctrina
587 274 677 302 clarus
696 274 802 311 (neque
816 276 888 302 enim
903 275 1005 303 verita-

218 324 270 345 te.“
286 318 414 351 reticebo,
429 319 552 352 quamvis
574 319 618 346 ille
639 327 682 352 ea,
697 327 756 354 quae
769 327 783 347 a
801 328 844 348 me
864 321 934 348 dicta
951 320 1007 348 fue-

219 370 290 398 rant,
300 369 422 392 eVertere
433 365 598 400 cenaretur),
610 366 706 401 exiguo
715 367 824 394 silentio
833 374 909 399 usus,
921 371 1004 400 tuam,

217 412 319 445 optime
333 410 457 442 Zosime,
475 411 558 437 vitam
580 411 732 446 proferens,
749 413 900 439 oralionem
920 419 1007 439 meam

221 456 337 483 refutare
354 455 508 482 nitebatur:
532 455 596 483 illud
618 456 744 484 videlicet
759 457 925 489 ostendens,
943 457 1008 484 vitia

219 501 328 535 quidem
353 501 444 528 omnia
469 501 495 528 in
513 506 538 528 te
557 501 632 528 velut
651 501 750 529 choros
772 509 853 537 agere
869 522 876 535 ,
899 501 1008 529 virtutis

220 552 309 574 autent
329 553 379 573 nec
395 546 537 580 vestigium
558 546 642 574 ullum
658 547 756 575 inesse.
773 546 841 574 Cum
855 551 944 573 atttem
959 554 1008 582 ego

221 593 299 619 ﬁdem
318 591 360 619 his
377 591 466 619 verbis
479 592 589 619 ntiniute
604 593 731 620 haberem
743 612 750 624 ,
778 599 883 623 omnes,
898 592 943 626 qui
959 593 1007 619 ad-

220 641 310 668 erant,
325 644 385 663 cum
402 643 465 663 vera
477 635 548 670 loqui
562 637 741 669 testabantur,
758 637 863 672 tuisque
876 637 949 664 vitiis
961 646 1009 664 cx-

221 681 353 714 pouentlis
368 687 475 708 omnem
486 680 606 716 linguam
620 681 750 716 imparem
764 689 822 709 esse
839 681 1009 709 dictitabant.

221 726 287 753 Cum
313 731 404 752 atttetn
430 732 480 762 ego
507 726 549 753 his
572 726 671 754 auditis
694 731 810 754 tacerem
836 726 1011 762 (contendere

221 771 292 797 enim
308 771 455 797 absurdum
477 779 536 798 esse
548 770 702 805 judicabant
713 771 735 805 ),
752 772 906 807 hujusmodi
921 771 1011 799 verbis

223 816 259 842 illi
273 816 306 842 ad
322 823 364 843 tne
385 816 424 843 usi
442 822 503 843 sunt
526 825 532 844 :
549 816 606 843 Non
628 822 656 844 ut
676 817 825 844 orationem
840 820 914 844 tuam
935 824 1012 844 ever-

224 867 327 892 tannts,
345 860 427 896 356
443 861 482 888 vir
496 862 711 895 sapientissime,
732 863 787 890 hzec
800 863 914 890 dicimus
931 863 1009 898 (naut

222 914 252 933 ea
269 914 330 933 vera
344 913 395 938 est,
411 912 492 941 atque
503 907 576 935 omni
592 908 670 935 laude
685 908 935 943 praestantior),sed
949 908 1012 943 quia

223 960 284 979 eum
302 952 335 978 ab
354 952 461 979 lmntaui
478 953 585 987 generis
606 958 678 980 ccetu
696 954 909 988 prOsCribimus,
931 959 1014 989 atque

224 998 339 1025 belluam
351 998 495 1026 humanam
509 999 622 1026 fortnam
634 1005 782 1034 gerentem,
796 1005 842 1027 aut
855 1000 1012 1035 pestiferum

223 1044 383 1077 daemonem,
403 1050 558 1079 naturasque
576 1046 681 1073 hostem
709 1054 770 1073 esse
792 1047 948 1074 statuimus.
966 1047 1012 1073 At-

223 1096 276 1121 que
292 1089 347 1116 Ιιςιιε
360 1097 453 1116 omnes
466 1089 532 1122 fere,
546 1091 617 1118 velut
630 1099 662 1118 ex
678 1099 731 1119 uno
747 1099 805 1124 ore,
822 1092 1012 1126 loquebantur.

225 1133 338 1167 Quidam
356 1139 444 1162 autem
459 1143 491 1162 ex
510 1136 575 1170 ipsis
592 1135 720 1170 majorem
746 1136 772 1164 in
798 1137 904 1163 modum
929 1145 944 1163 a
971 1144 1013 1163 me

225 1180 444 1213 contendebant,
474 1186 502 1207 ut
518 1182 575 1209 haec
591 1182 647 1216 ipsa
677 1182 724 1210 tibi
744 1182 945 1217 signiﬁcarent:
974 1183 1013 1210 sic

223 1224 296 1250 ettim
315 1223 429 1252 fortasse
449 1230 474 1252 te
507 1226 539 1252 ad
558 1226 697 1254 tneliorem
720 1232 839 1254 mentem
864 1227 1014 1255 rediturum

225 1276 295 1297 esse.
312 1269 366 1304 Ego
385 1278 448 1298 vero
465 1272 581 1306 primum
598 1273 709 1308 quidem
727 1272 753 1300 id
777 1273 866 1300 facere
880 1273 1015 1301 detracta-

226 1316 306 1343 bam:
322 1322 383 1351 post
396 1322 486 1344 autem
501 1325 594 1345 eorum
614 1318 740 1353 precibus
757 1319 874 1351 cedens,
899 1318 1016 1351 scriptu-

226 1369 284 1388 rum
304 1370 346 1390 me
364 1363 396 1390 ad
423 1369 448 1390 te
481 1364 583 1399 recepi.
611 1364 697 1392 Tuum
727 1370 817 1392 autetn
839 1364 894 1400 jam
922 1364 1014 1397 fuerit,

225 1407 340 1441 teipsum
367 1410 560 1442 considerare,
583 1415 664 1444 atque
687 1417 798 1444 operam
827 1410 912 1443 dare,
934 1413 963 1436 ut
989 1415 1018 1437 et

1058 274 1191 309 ἠπίστουν
1206 273 1271 308 ἐγὼ,
1290 273 1390 305 πάντες
1405 273 1430 298 oi.
1442 272 1517 303 ὄντες
1531 271 1704 306 ἐμαρτύρουν
1719 269 1795 305 αὐτῷ
1808 269 1847 301 ὡς

1057 317 1227 353 ἀληθεύοντι,
1245 318 1292 344 καὶ
1308 317 1346 349 ὡς
1367 315 1529 352 ἡττωμένης
1541 315 1632 350 πάσης
1651 314 1786 349 γλώττης,
1808 314 1848 345 εις

1057 364 1087 399 τὸ
1105 364 1138 390 τὰ
1168 365 1203 390 σὰ
1219 363 1342 399 ἀκριϐῶς
1364 362 1500 397 ἐκφράσαι
1524 361 1606 388 κακά.
1627 361 1672 392 Ὠς
1692 360 1721 387 δὲ
1740 359 1848 386 ἀκούων

1057 411 1173 446 ἡσυχίαν
1199 408 1268 446 ἦγον
1281 418 1289 426 ο
1313 409 1481 444 ζυγομαχεῖν
1497 407 1551 443 γὰρ
1572 406 1672 434 ἄτοπον
1701 405 1846 442 ήγούμηνυ

1058 456 1162 492 ἔφασαν
1180 457 1297 483 ἐκεῖνοι·
1318 464 1328 482 ‹
1349 454 1387 481 Οὐ
1402 454 1447 480 τδν
1467 453 1512 480 σὺν
1527 453 1737 488 ἀνατρέποντες,
1763 448 1784 478 ὦ
1801 460 1848 478 σο-

1059 501 1178 536 φώτατε,
1191 501 1280 535 λόγον,
1300 499 1387 527 ταῦτά
1403 506 1494 533 φαμεν
1507 497 1564 533 (16)
1579 505 1587 514 ·
1603 496 1706 531 ἀληθὴς
1720 496 1775 532 γάρ
1790 497 1849 522 ἐστι

1059 546 1107 572 καὶ
1122 545 1211 579 πάσης
1225 544 1363 579 εὐφημίας
1374 543 1509 578 κρείττων
1520 551 1527 558 ·
1544 541 1602 569 ἀλλ’
1614 542 1718 568 ἐκεῖνον
1735 540 1781 567 τοῦ
1794 540 1849 567 τῶν

1059 591 1214 627 ἀνθρώπων
1237 589 1487 625 ἀποδοκιμάζοντες
1513 586 1582 615 εἶναι
1599 587 1705 622 γένους,
1735 587 1781 613 καὶ
1806 587 1849 613 ἀν-

1060 637 1259 673 Θρωπόμορφον
1273 636 1377 671 θηρίον,
1393 635 1410 671 ἢ
1428 635 1544 670 δαίμονα
1567 634 1717 668 ἀλάστορα,
1737 633 1785 659 καὶ
1800 632 1849 667 τῆς

1061 682 1167 717 φύσεως
1181 681 1278 717 ἐχθρὸν
1304 679 1469 716 ὁριζόμενοι.
1488 689 1497 705 ι
1517 679 1571 706 Καὶ
1586 678 1672 705 ταῦτα
1688 678 1736 714 μὲν
1758 677 1851 713 σχεδὸν

1061 728 1162 759 πάντες
1175 727 1268 763 ὥσπερ
1295 726 1324 759 ὲξ
1340 727 1400 758 eve;
1429 726 1563 762 στόματος
1579 724 1754 759 ἐφθέγγοντο.
1771 723 1851 755 Τινὲς

1061 773 1089 800 δὲ
1103 773 1133 806 ἐξ
1148 773 1236 799 αὐτῶν
1258 771 1382 808 λιπαρῶς
1397 771 1579 806 παρεκάλουν,
1596 769 1666 797 αὐτὰ
1689 769 1776 796 ταῦτα
1794 778 1848 805 μη-

1062 819 1175 854 νυθῆναί
1198 827 1257 845 σοι·
1273 818 1344 854 τάχα
1362 817 1421 849 πῶς
1448 817 1697 852 γνωσιμαχήσειας.
1730 815 1801 850 Ἐγὼ
1822 815 1852 841 δὲ

1063 865 1092 899 ἐξ
1108 866 1195 901 ἀρχῆς
1211 865 1261 900 μὲν
1282 864 1470 898 ἀνεϐαλλόμην
1485 871 1491 878 '
1513 862 1664 898 ὕστερονδὲ
1678 863 1767 894 ἐνδοὺς
1783 861 1851 897 πρὸς

1031 899 1049 926 Β
1066 911 1115 943 τὰς
1128 899 1245 942 ίκεοίας,
1269 910 1384 946 γράφειν
1411 908 1631 944 ἐπηγγειλάμην.
1649 908 1698 934 Σὺν
1719 907 1741 933 δ’
1755 906 1788 934 ἂν
1807 907 1851 941 εἴη

1065 957 1158 984 λοιπὸν
1190 957 1225 983 τὰ
1251 957 1319 984 κατά
1346 955 1443 982 σαυτὸν
1475 956 1620 990 σκοπῆσαι,
1647 954 1691 980 ἵνα
1706 953 1853 988 κωμῳδίας

1066 1003 1113 1030 καὶ
1125 1003 1252 1037 γέλωτος,
1270 1002 1316 1028 καὶ
1331 1000 1464 1037 τιμωρίας
1491 999 1678 1035 ἀπαλλαγείης
1695 999 1763 1034 (l7).
1778 999 1810 1024 Εἰ
1823 998 1852 1024 δὲ

1066 1049 1185 1084 νομίζων
1200 1049 1244 1075 τὸν
1263 1049 1377 1075 Θάνατον
1390 1047 1430 1078 είς
1450 1045 1621 1082 ἀνυπαρείαν
1644 1044 1852 1080 παραπέμπειν,

1067 1093 1152 1125 ἀδεῶς
1171 1092 1352 1128 πλημμελεῖς,
1379 1090 1493 1118 σεαυτὸν
1515 1090 1628 1117 ἀπατῶν
1648 1089 1799 1119 λανθάνεις.
1826 1089 1854 1114 ’0

1064 1139 1177 1170 θάνατος
1202 1139 1255 1173 γὰρ
1278 1139 1294 1164 ὁ
1315 1137 1401 1164 δοκῶν
1418 1136 1448 1163 τὸ
1470 1136 1577 1170 εὐγενὲς
1596 1136 1679 1170 φυτὸν
1698 1135 1852 1170 μαραίνειν,

1063 1184 1139 1211 οὐδὲν
1159 1184 1252 1219 ἕτερόν
1278 1183 1381 1218 ἐστινῆ
1409 1181 1548 1218 χωρισμὸς
1576 1181 1667 1216 ψυχῆς
1683 1189 1712 1206 τε
1736 1180 1783 1207 καὶ
1799 1179 1852 1216 σῴ-

1066 1237 1152 1264 ματος
1165 1229 1231 1264 (18).
1249 1229 1279 1255 ΕΞ
1302 1229 1330 1255 δὲ
1351 1229 1486 1261 ἀπιστεῖς,
1505 1228 1588 1255 ἄκουε
1603 1226 1745 1258 Πλάτωνος
1761 1226 1854 1260 λέγον-

1064 1282 1122 1307 τος,
1141 1274 1280 1305 Ἐπιόντος
1298 1273 1413 1300 θανάτου
1434 1273 1480 1300 ἐπὶ
1507 1272 1559 1307 τὸν.
1577 1272 1731 1307 ἄνθρωπον,
1759 1271 1790 1297 τὸ
1804 1270 1855 1306 μὲν

1064 1319 1173 1354 θνητὸν,
1191 1319 1229 1351 ὼς
1249 1319 1348 1350 ἔοικεν,
1373 1318 1457 1345 αὐτοῦ
1480 1318 1664 1353 ἀποθνήσκει·
1687 1316 1717 1343 τὸ
1740 1317 1767 1343 δὲ
1789 1315 1856 1343 ἀθά-

1066 1372 1156 1396 νατον,
1181 1364 1250 1390 σῶον
1274 1364 1321 1390 καὶ
1346 1363 1508 1399 ἀδιάφθορον
1537 1364 1653 1398 οἴχεται,
1672 1362 1855 1397 ὺποχωρῆσαν

1065 1409 1104 1445 τῷ
1124 1409 1231 1445 θανάτῳ
1242 1410 1310 1445 (19).

225 1455 357 1488 dicteriis,
372 1462 399 1484 et
416 1457 542 1488 ludibrio,
555 1461 582 1484 et
595 1465 672 1492 poena
685 1458 801 1492 teipsum
815 1457 924 1486 liberes.
939 1457 1015 1490 Quod
1033 1457 1067 1491 si,
1082 1458 1145 1492 quia
1179 1462 1293 1485 mortem
1310 1459 1344 1486 ad
1359 1458 1499 1486 interitum
1514 1457 1604 1485 omnia
1637 1457 1787 1492 perducere
1800 1454 1858 1483 exi-

225 1501 335 1534 stimas,
355 1503 454 1530 idcirco
472 1504 574 1538 absque
592 1509 664 1531 tnettt
681 1512 793 1539 peccas,
811 1504 966 1539 imprudens
1004 1509 1031 1532 te
1050 1504 1162 1539 decipis.
1199 1504 1271 1533 Mors
1292 1505 1410 1540 quippe,
1430 1512 1490 1540 qua:
1505 1503 1621 1531 nobilem
1635 1502 1754 1538 plantam
1768 1499 1857 1528 arefa-

225 1553 288 1573 cere
306 1547 429 1580 videtur,
448 1548 514 1576 nihil
533 1549 605 1577 aliud
621 1555 682 1584 est,
699 1559 781 1586 quam
799 1552 896 1579 animae
911 1556 939 1579 et
955 1551 1077 1586 corporis
1112 1552 1266 1586 disjunctio.
1295 1552 1324 1580 Id
1341 1552 1364 1580 si
1401 1559 1454 1579 non
1486 1551 1592 1584 credis,
1608 1550 1671 1577 audi
1696 1548 1759 1584 quid
1786 1548 1857 1576 dicat

227 1593 302 1620 Plato
322 1603 328 1620 :
353 1593 438 1622 Mone
458 1595 594 1624 hominem
620 1597 779 1632 invadente,
805 1598 944 1631 mortalis,
968 1603 998 1626 ut
1032 1599 1147 1631 videtur,
1166 1599 1253 1634 ipsius
1273 1607 1336 1635 pars
1371 1599 1441 1627 mori
1473 1598 1595 1626 videtur:
1614 1597 1686 1632 quod
1703 1600 1794 1624 autem
1808 1595 1858 1623 im-

228 1640 341 1668 mortale
361 1646 420 1674 est,
435 1641 538 1669 salvum
552 1647 578 1670 et
594 1643 728 1670 incolume
740 1645 816 1676 abit,
839 1649 1016 1679 posteaquam
1037 1644 1116 1671 morti
1132 1644 1206 1672 velut
1220 1644 1306 1672 fasces
1319 1643 1456 1672 Submisit.

369 1697 507 1725 CCXLlX.
519 1712 553 1717 -
565 1698 873 1728 lSlDOROIDIACONO.

299 1743 333 1770 In
349 1744 434 1771 illud:
452 1744 696 1772 (Extertninabitur
710 1747 799 1773 unctio
810 1746 844 1778 ⁸⁸,
859 1755 869 1772 ι
892 1751 944 1773 etc.

268 1834 304 1862 Ex
322 1834 472 1862 sacerdotio
490 1838 517 1861 et
532 1841 625 1870 regno,
639 1835 681 1862 vir
697 1835 763 1862 mihi
775 1835 954 1870 cognominis,
973 1841 1018 1862 rea

231 1887 290 1906 rutn
306 1880 507 1907 administratio
524 1881 638 1907 conflata
653 1885 704 1908 est.
721 1880 851 1914 Quamvis
872 1880 944 1908 enim
958 1888 1019 1915 per-

233 1932 329 1959 magna
355 1925 495 1958 utriusque
515 1925 666 1952 dill‘erentia
691 1926 726 1953 sit
756 1927 833 1962 (illud
850 1926 922 1954 enim
949 1926 1022 1954 velut

232 1969 322 1996 anima
338 1973 400 2000 est,
418 1969 469 1995 hoc
485 1968 556 1996 velut
566 1970 692 2004 corpus),
714 1971 747 1997 ad
775 1979 856 1998 unum
884 1975 972 1998 tamen
994 1975 1021 1998 et

232 2013 358 2041 eumdem
376 2013 456 2040 tinem
473 2015 596 2046 tettduttt,
619 2015 669 2043 hoc
682 2021 725 2043 est
740 2017 773 2043 ad
786 2016 926 2044 hominum
941 2017 1021 2044 salu--

234 2065 298 2086 tem.
314 2059 485 2094 Quapropter
495 2066 556 2086 cum
565 2059 684 2088 Iudaicae
698 2069 741 2089 res
754 2061 858 2089 initium
868 2061 1020 2093 sumebant,

233 2105 427 2138 sacerdotium,
443 2110 472 2132 ut
487 2106 574 2140 magis
588 2107 784 2141 necessarium,
799 2108 952 2135 institutum
967 2111 1020 2140 est,

234 2158 266 2178 ac
286 2151 381 2185 perdiu
405 2151 521 2179 duravit.
540 2151 717 2187 Posteaquam
734 2158 825 2181 autem
839 2173 846 2185 ,
865 2161 926 2181 cum
946 2153 1023 2181 carni

235 2198 398 2225 addictiores
411 2202 493 2233 atque
507 2198 657 2226 crassiores
674 2203 784 2232 essent,
801 2206 914 2234 regnum
935 2206 1023 2234 popo—

235 2247 360 2271 scerunt:
385 2243 452 2271 illud
475 2244 540 2279 ipsis
563 2252 722 2274 concessum
745 2245 809 2278 fuit.
833 2245 932 2281 quippe
952 2246 1024 2281 quod

272 2331 295 2349 "
306 2333 374 2361 Dan.
393 2340 432 2368 ιι,
449 2333 496 2362 27.

1217 1701 1305 1728 mea
1332 1715 1367 1721 —
1388 1699 1519 1735 tmnpa
1545 1698 1709 1734 AtAKONo.

1071 1747 1123 1779 Εἰς
1148 1746 1192 1778 τὸ,
1220 1755 1228 1772 t
1274 1745 1576 1812 Ἐξολοθρεὲιὲρήσεται
1605 1746 1719 1780 χρίσμα
1735 1751 1744 1769 ι
1763 1740 1859 1770 καὶτὰ

1453 1788 1497 1812 ης.

1453 1788 1497 1815 ης-

1113 1837 1157 1869 Ὲξ
1171 1836 1321 1872 ἱερωσύνης
1349 1836 1397 1862 καὶ
1418 1834 1633 1870 βασιλείας(⁴ὶο),
1654 1832 1702 1869 [ὦ]
1718 1832 1857 1867 ὁμώνυμε,

1072 1883 1107 1910 τὰ
1131 1883 1282 1918 πράγματα
1304 1882 1469 1916 συνέστηκεν
1481 1880 1546 1916 (21).
1573 1880 1604 1907 Εἰ
1631 1878 1754 1919 γὰρκαὶ
1772 1877 1859 1912 πολλῷ

1073 1927 1196 1962 ἀλλήλων
1215 1926 1401 1961 διαφέρουσιν·
1416 1926 1432 1960 ὴ
1457 1925 1506 1960 μὲν
1530 1924 1584 1959 γὰρ
1601 1924 1637 1955 ὡς
1655 1923 1729 1959 ψυχή
1745 1923 1828 1954 ἐστιν,
1843 1922 1859 1956 ἠ

1073 1971 1102 1998 δὲ
1126 1971 1226 2007 σῶμα·
1250 1971 1306 1998 ἀλλ’
1329 1972 1369 2003 εις
1387 1970 1416 1997 ἓν
1443 1970 1528 2006 ὁρῶσι
1553 1970 1640 2001 τέλος,
1657 1969 1708 2004 τὴν
1728 1969 1782 1995 τῶν
1809 1968 1859 1994 ὑπ-

1073 2017 1164 2053 ηκόων
1181 2017 1329 2052 σωτηρίαν.
1358 2017 1407 2044 Διά
1429 2017 1508 2044 τοῦτο
1522 2016 1569 2043 καὶ
1580 2016 1661 2051 ἡνίκα.
1675 2015 1709 2042 τὰ
1729 2013 1860 2041 Ἰουδαϊκὰ

1073 2063 1225 2098 πράγματα
1240 2064 1327 2099 ἀρχὴν
1340 2062 1504 2098 ἐλάμϐανεν,
1514 2063 1530 2096 ὴ
1559 2060 1693 2096 ἱερωσύνη
1714 2061 1859 2092 ἀναγκαιο-

1073 2107 1141 2142 τέρα
1171 2107 1398 2142 ὲοεσμοθετήοη,
1431 2107 1479 2134 καὶ
1519 2105 1567 2132 ἐπὶ
1599 2104 1666 2131 πολὺ
1696 2104 1858 2139 διήρκεσεν·

1075 2153 1170 2187 ἐπειδὴ
1189 2153 1217 2179 δὲ
1244 2152 1442 2188 σαρκικώτεροι
1461 2151 1537 2184 ὅντες
1553 2152 1600 2178 καὶ
1625 2150 1788 2185 παχύτεροι,
1815 2149 1861 2175 καὶ

1078 2199 1215 2235 βασιλείαν
1237 2198 1416 2235 ἐξεζήτησαν,
1439 2198 1488 2225 καὶ
1512 2197 1583 2232 αὕτη
1604 2196 1700 2231 ἐδόθη,
1721 2203 1861 2230 χρησιμω-

1077 2245 1145 2282 τάτη
1160 2243 1238 2279 οὖσα,
1258 2245 1304 2271 καὶ
1319 2244 1521 2272 ἀναστέλλουσα
1533 2243 1568 2271 τὰ
1583 2243 1747 2277 πταίσματα.
1765 2241 1818 2268 τῶν
1828 2240 1861 2275 τῇ

803 2399 919 2428 νΑιιιλΕ
939 2399 1131 2428 LECTIONES
1151 2399 1194 2427 ET
1214 2397 1329 2427 ΝΟΤιΕ.

272 2480 329 2515 (15)
344 2480 415 2507 Ante
433 2480 505 2515 ῐχνος
520 2480 580 2507 cod.
600 2479 671 2506 idem
684 2478 854 2513 adjungittv.
871 2479 949 2507 Vers.
963 2486 1022 2515 seq.

236 2523 286 2547 pro
294 2515 368 2547 ὅντες
379 2514 473 2542 scribit
487 2515 621 2546 συνόντες,
633 2518 660 2540 et
672 2521 742 2541 vers.
753 2514 814 2541 inde
826 2515 843 2541 4
857 2522 905 2548 pro
916 2514 1023 2541 ἀκούων

237 2550 320 2577 habet
336 2550 464 2581 ἀκούσας.
480 2549 584 2576 Possm.

275 2585 330 2626 (1‘6)
352 2585 421 2626 Idem
442 2585 515 2626 ('0t|.,
543 2583 670 2626 λέγομεν.
689 2590 761 2626 vers.
785 2591 843 2626 seq.
868 2583 971 2620 ἀληθὴς
997 2583 1024 2611 in

239 2619 384 2655 quGtiicAet
398 2619 530 2655 κρείττων
543 2620 569 2655 in
580 2619 698 2654 κρείττω
709 2623 803 2655 mutat.
822 2619 859 2655 In.

276 2653 333 2688 (⁷17)
349 2653 402 2682 Pro
416 2653 612 2689 ἀπαλλαγείης,
628 2655 688 2681 cod.
717 2653 775 2680 Vat.
793 2653 887 2681 scribit
906 2653 1027 2680 ἀπαλλα-

241 2689 324 2725 γήσῃ.
339 2690 428 2725 νει-9η
440 2689 502 2717 inde
520 2689 612 2725 ﬂante
631 2689 745 2725 θάνατος
771 2689 870 2716 omittit
885 2693 946 2725 _art.
960 2690 974 2715 ὀ
999 2691 1027 2716 et

241 2723 357 2765 postilla
375 2723 455 2786 virba
464 2725 479 2751 ὁ
494 2724 579 2751 δοκῶν
591 2724 700 2760 εὐγενὲς
711 2724 793 2758 φυτὸν
806 2723 946 2760 μαραίνειν
958 2731 1026 2758 prae—

244 2763 377 2786 termttut.
412 2768 436 2786 υ.

244 2759 377 2786 termitlit.
397 2759 436 2786 lo.

279 2794 336 2834 (l8_)
357 2794 488 2834 Θάνατος
502 2794 594 2834 οὐδὲν
610 2794 714 2834 ἕζρρόφς
728 2794 812 2834 ἐστιν
832 2794 850 2828 ἦ
875 2792 1023 2827 χωρισμὸς

244 2830 348 2863 ψυχῆς
358 2838 389 2857 τε
407 2831 456 2856 καὶ
469 2830 615 2864 σώματος.
637 2831 681 2857 Sic
697 2831 831 2857 Arnobius
845 2834 958 2864 mortem
975 2835 1024 2853 vo-

245 2862 497 2900 bsdivagatiuttcttt
512 2862 612 2893 animo:
629 2874 643 2893 a
656 2873 776 2900 corpore.
795 2863 888 2892 \id.ct
902 2862 988 2890 ClCCl'.
1005 2870 1024 2895 ι,

1079 2477 1186 2505 Tuscul.
1202 2477 1284 2504 Rtrr.

1117 2512 1173 2547 (‘19)
1194 2511 1413 2546 ’Υποχωρῆσαν
1425 2510 1464 2544 τῷ
1474 2509 1599 2547 (iuxtim.
1614 2508 1686 2542 Bill.,
1700 2513 1864 2547 posteaquam

1078 2542 1241 2575 mo‘rti'velut
1256 2542 1483 2582 [o'sc'es'sunntisin
1507 2542 1708 2582 Malimpmorti
1725 2552 1752 2571 se
1765 2542 1865 2582 subdit:

1079 2590 1151 2614 cens,
1173 2582 1214 2609 vel
1237 2579 1345 2608 mortem
1365 2581 1501 2615 effugiens.
1533 2580 1561 2607 Si
1582 2581 1654 2607 enim
1679 2579 1767 2606 fasces
1786 2579 1863 2604 morti

1081 2616 1263 2650 sttbmisisset,
1276 2624 1327 2643 non
1341 2621 1414 2643 esset
1429 2615 1590 2642 immortalis
1600 2615 1702 2647 anima,
1715 2621 1765 2641 nec
1776 2616 1865 2648 posset

1081 2652 1156 2688 salva
1172 2655 1253 2688 atque
1272 2651 1414 2688 incolumis
1426 2650 1512 2688 abire.
1531 2650 1569 2688 lp.
1616 2686 1623 2688 _
1649 2684 1654 2688 _
1736 2683 1763 2688 ω

1118 2687 1173 2722 (ΞΟ)
1200 2682 1251 2719 Ἓξ
1269 2686 1434 2722 (epotand
1454 2685 1504 2722 καὶ
1527 2684 1702 2722 βασίλεως.
1735 2682 1866 2722 _Similiter

1079 2717 1249 2750 Jtts‘tin'ianus
1264 2717 1413 2748 ili-Noua.
1428 2724 1455 2748 et.
1471 2720 1589 2755 lgnatius
1600 2720 1627 2746 in
1641 2720 1720 2769 epist.
1738 2717 1776 2758 lo.

1117 2757 1171 2769 Ian
1193 2757 1243 2769 η--
1273 2757 1435 2769 -..λ--.κη
1458 2756 1506 2769 ιη...
1535 2755 1612 2769 νΑΙῖιι
1640 2755 1693 2769 tt.“
1711 2753 1772 2769 Ιηηιι

1127 2757 1172 2791 ﬁt)
1193 2757 1250 2792 Pro
1271 2757 1435 2792 συνέπηκεν
1457 2753 1517 2783 cod.
1535 2755 1623 2792 Yatic.
1640 2753 1693 2792 biit)
1711 2753 1775 2788 legit
1791 2759 1865 2792 ουνε-

1127 2757 1172 2791 ΞΙ)
1193 2757 1244 2784 Pro
1271 2757 1435 2790 συνέστηκεν
1457 2757 1517 2783 cod.
1536 2757 1623 2782 Vatic.
1640 2757 1693 2781 650
1711 2757 1775 2788 legit
1791 2759 1865 2791 συνε-

1081 2757 1207 2826 στίλκισι.
1229 2791 1307 2819 Vers.
1333 2791 1349 2818 6
1372 2798 1463 2826 vocent
1489 2789 1639 2826 πράγματα
1651 2789 1732 2826 _idem
1757 2787 1865 2815 omittit.

1081 2823 1158 2853 Vm.
1177 2827 1192 2852 7
1208 2832 1270 2854 ante
1287 2825 1484 2861 ἀναγκαιοτέρα
1502 2823 1576 2860 ponit
1587 2824 1634 2856 ὡς.
1651 2823 1757 2852 Possm.
