2045 3158
187 141 239 174 929

632 138 900 169 EPISTOLARUM
919 138 992 169 LIB.
1015 139 1071 170 III.
1091 153 1125 158 -
1144 140 1262 171 EPIST.
1280 142 1374 172 CCLI.

1755 143 1807 173 930

189 194 324 231 ιερωσύνῃ
359 194 396 229 μὴ
428 193 606 228 πειθομένων.
641 193 718 220 Ἐπεὶ
735 193 822 221 τοίνυν
850 194 889 229 πῆ
913 194 973 230 μὲν,

1030 194 1196 222 utilissimum
1211 200 1295 229 esset,
1312 201 1393 231 atque
1406 204 1509 229 eorum,
1528 196 1572 231 qui
1590 196 1742 224 sacerdotio
1758 201 1808 224 mi.

187 242 238 276 τὴν
273 239 424 276 ἱερωσύνην
455 239 562 274 ἔχοντες
595 239 756 274 διέλαμπον,
790 241 828 275 πῆ
854 240 894 272 δὲ,
924 241 974 276 τὴν

189 285 329 322 βασιλείαν
361 284 528 320 κτησάμενοι
556 283 726 318 διεσώζοντο,
760 285 922 321 ἀμφοτέρων
950 285 972 311 δ’

187 331 403 367 ἀναιρουμένων,
425 330 540 366 οὐδεμία
555 330 647 362 αὐτοῖς
663 331 824 358 ὑπελείπετο
839 331 975 367 σωτηρίας

188 378 319 409 ὑπόθεσις
330 386 338 393 ο
357 377 518 413 βουλόμενος
531 376 616 409 δεῖξαι
630 377 644 403 ὁ
659 377 802 413 προφήτης
813 377 913 412 Δανιὴλ
926 376 976 413 τὴν

191 423 309 458 παντελῆ
323 422 378 450 τῶν
399 421 553 449 Ἰουδαϊκῶν
567 423 738 458 πραγμάτων
754 423 824 458 μετὰ
837 423 881 450 τὸν
896 431 976 450 σταυ-

190 469 237 505 ρὸν
252 468 422 504 καθαίρεσιν,
435 468 482 495 καὶ
493 468 530 499 ὡς
541 467 602 494 οὐδὲ
620 467 745 503 λείψανον
756 469 846 499 αὐτοῖς
855 468 977 504 χρηστῆς

189 515 297 547 ἐλπίδος
314 513 566 550 περιλειφθήσεται,
587 513 647 541 οὐδέ
670 522 712 546 τις
724 513 871 550 προσδοκία
885 514 976 545 αὺτοῖς

189 560 310 596 ἀμείνων
338 560 472 593 φανεῖται,
491 558 555 593 ἔφη.
581 568 591 584 ι
625 558 894 594 Ἐξολοθρευθήσεται
917 559 977 594 χρῖ-

190 613 257 639 σμα,
274 604 322 630 καὶ
350 604 437 640 κρίμα
463 603 514 630 οὐκ
539 603 614 630 ἔσται
626 605 655 630 ὲν
675 603 755 639 αὐτῇ.
770 612 780 629 ι
797 603 846 629 Διὰ
864 603 914 638 μὲν
929 602 976 630 τοῦ

190 651 340 686 χρίσματος
362 649 412 684 τὴν
436 648 586 684 ἱερωσύνην
610 648 729 684 μηνύων*
748 649 792 676 διὰ
805 649 832 675 δὲ
852 648 899 675 τοῦ
916 650 977 684 κρί-

191 703 289 730 ματος,
300 694 350 729 τὴν
363 694 512 729 βασιλείαν,
525 694 573 720 καὶ
583 694 633 729 τὴν
646 693 787 729 πολιτικὴν
800 694 975 722 κατάστασιν.

190 740 319 767 Μάλιστα
337 740 386 775 μὲν
405 739 459 774 γὰρ
473 739 516 766 διὰ
541 739 591 774 τῆς
617 739 784 775 ἀναιρέσεως
797 739 848 773 τῆς
865 739 978 775 ἱερωσύ-

191 794 252 821 νης,
270 785 316 811 καὶ
326 784 373 819 τὴν
385 784 435 819 τῆς
450 784 598 819 βασιλείας,
614 785 662 812 καὶ
677 784 731 812 τῶν
745 784 833 812 ἄλλων
849 784 976 812 ἁπάντων

194 829 358 865 συνανέφηνε
371 829 437 864 (22).
455 829 508 856 Τοῦ
516 830 570 864 γὰρ
582 829 851 865 κεφαλαιωδεστέρου
863 830 910 856 καὶ
928 838 978 857 κυ-

1026 238 1260 272 nimeparebant,
1279 247 1389 274 peccata
1404 247 1542 269 coerceret
1566 250 1597 269 ac
1621 242 1806 277 restringeret.

1025 281 1157 314 Quoniam
1173 283 1263 318 igitur,
1281 286 1378 319 partim
1390 287 1496 322 quidem
1511 288 1691 316 sacerdotium
1710 289 1809 315 haben-

1026 331 1067 354 tes
1094 325 1257 362 elucebant,
1283 330 1380 363 partim
1409 335 1498 357 autem
1521 339 1632 366 regnum
1658 332 1809 360 obtinentes

1026 371 1272 406 conservabanlur,
1297 378 1413 408 utroque
1441 380 1532 402 autem
1560 377 1664 404 sublato
1680 396 1687 408 ,
1710 378 1808 403 nullum

1026 416 1092 451 ipsis
1107 417 1204 445 salutis
1219 418 1368 445 subsidium
1390 419 1522 453 reliquum
1540 426 1615 448 erat:
1639 422 1740 450 idcirco
1756 422 1810 448 Dn-

1027 462 1081 490 niel
1097 463 1226 497 propheta
1237 483 1243 495 ,
1259 467 1288 490 ut
1304 463 1369 491 illud
1385 465 1560 497 ostenderet,
1574 466 1648 500 fore,
1662 473 1690 493 ut
1702 467 1810 495 ludam:-

1027 514 1087 534 rum
1101 515 1145 536 res
1157 508 1362 543 postChristum
1380 510 1406 536 in
1421 517 1529 537 crucem
1542 511 1678 539 sublatum
1691 513 1811 540 l'iirutims

1028 552 1197 584 delerentur,
1218 560 1267 581 nec
1287 554 1370 581 ullum
1390 555 1500 582 laetioris
1515 556 1571 589 spei
1590 558 1730 591 vestigium
1747 560 1811 592 ipsis

1028 601 1154 630 restaret,
1174 605 1225 624 nec
1242 597 1338 626 melior
1361 598 1412 626 ulla
1434 601 1601 633 exspectatio
1616 600 1751 633 eluceret,
1770 604 1812 630 his

1026 642 1117 670 verbis
1128 650 1194 670 usus
1205 648 1263 671 est:
1275 653 1284 670 ι
1294 643 1524 672 Exterminabitur
1536 646 1670 678 unctio,et
1680 647 1810 681 judicium

1028 695 1080 715 non
1095 690 1147 716 erit
1160 690 1186 717 in
1203 698 1252 717 ea:
1267 700 1277 716 ›
1298 697 1346 725 per
1359 692 1514 719 unctionem
1530 691 1667 724 videlicet,
1687 695 1814 722 sacerdo~

1029 734 1095 761 tium
1113 735 1256 769 indicans;
1280 743 1328 770 per
1339 736 1471 770 judicium
1493 743 1599 771 autem,
1628 746 1758 773 regnum,
1783 748 1815 766 ac

1028 780 1135 808 civilem
1151 787 1262 809 statum.
1277 782 1316 810 Ac
1336 783 1454 811 maxime
1473 783 1581 818 quidem
1598 791 1647 818 per
1668 785 1814 812 sacerdotii

1029 826 1236 853 exstinctioncm
1249 847 1258 860 ,
1276 827 1350 862 regni
1365 835 1489 862 quoque,
1514 833 1541 855 et
1555 828 1669 856 aliarum
1690 830 1812 858 omnium

195 876 370 910 ριωδεστέρου
393 874 549 901 παντάπασι
567 874 782 910 καταλυομένου,
798 874 852 901 οὐδ’
869 874 934 901 ἄλλο
949 883 976 901 τι

1030 879 1118 898 rerum
1135 872 1302 900 eversionem
1320 873 1399 900 simul
1413 873 1637 902 demonstrabat:
1655 875 1735 910 357
1745 876 1810 903 sub~

193 922 323 956 συστῆναι
336 920 450 956 ἠδύνατο
462 928 468 935 ·
484 920 544 946 ἐπεὶ
558 920 605 947 καὶ
625 920 675 954 τῆς
686 920 824 955 βασιλείας
834 921 851 957 ἡ
863 921 976 956 κρηπὶς,

191 968 210 1002 ἡ
224 967 292 1002 πρὸς
306 967 336 993 τὸ
353 966 429 992 Θεῖον
445 966 593 1001 ἐτύγχανεν
609 967 746 999 εὐσέϐεια,
758 966 818 1002 ἥτις
827 967 855 994 ὲν
867 968 901 1002 τῇ
912 966 978 1001 πρὸς

191 1013 258 1038 Θεὸν
270 1013 394 1047 ἐκρίνετο
408 1013 530 1049 λατρεία.
546 1013 619 1048 Πλὴν
633 1012 703 1041 ἀλλὰ
715 1013 762 1040 καὶ
779 1013 828 1048 τὴν
840 1012 978 1048 βασιλείαν

191 1057 244 1093 ἔφη
263 1057 448 1093 τελευτήσειν,
458 1057 578 1093 παντελῆ
592 1057 801 1094 προαναφαίνων
809 1059 858 1094 τῆς
872 1057 979 1085 Ἰουδαϊ-

191 1103 244 1138 κῆς
260 1102 399 1135 πολιτείας
415 1103 464 1140 τὴν
480 1103 630 1140 ἀναίρεσιν.
648 1104 702 1131 Καὶ
716 1104 851 1140 μαρτυρεῖ
861 1103 895 1132 τὰ
908 1103 979 1139 πρά-

192 1158 294 1185 γματα,
307 1149 355 1176 ἐπὶ
369 1149 491 1185 βελτίονα
503 1148 592 1185 πολλῷ
604 1149 651 1176 καὶ
668 1149 809 1185 θειοτέραν
825 1147 976 1185 θρησκείαν

191 1194 390 1230 ὲπαναχθέντα.

435 1349 497 1377 ΣΝι.
512 1362 548 1369 -
559 1348 604 1385 Tu
618 1348 720 1384 ΔΥΤῼ.

188 1406 241 1440 Et;
252 1405 287 1433 τὸ
306 1405 510 1441 γεγραμμένον
526 1405 562 1433 ὲν
574 1404 616 1441 τῷ
637 1404 735 1441 νόμῳτ
755 1412 764 1430 ι
784 1403 902 1438 Πένητα
923 1405 979 1432 οὐκ

418 1440 557 1474 sla-licere
570 1440 604 1467 ἐν
617 1440 724 1474 κρίσει.
739 1448 749 1465 ›

232 1506 341 1541 Ἐπειδὴ
359 1506 374 1532 ὁ
391 1505 440 1541 μὲν
456 1505 583 1541 δεόμενος
606 1505 691 1532 δεῖται
705 1503 753 1531 τοῦ
768 1502 913 1536 δώσοντος·
929 1504 980 1531 ὀδὲ

190 1551 373 1587 ἀμφισϐητῶν
398 1550 444 1577 τοῦ
470 1551 643 1583 δικάσοντος·
664 1550 694 1577 οὐ
720 1550 770 1585 τὴν
795 1550 890 1578 πενίαν
906 1550 980 1585 φιλο-

190 1598 360 1633 πραγμονεῖν
383 1596 508 1632 βούλεται
520 1617 528 1628 ,
551 1597 620 1624 ἀλλὰ
634 1596 814 1633 παρακαλεῖν.
834 1597 866 1624 Εἰ
884 1597 912 1624 δὲ
928 1597 980 1633 τὴν

189 1643 363 1678 παράκλησιν
382 1643 481 1678 ἀφεῖσα
492 1663 499 1675 ,
523 1643 563 1674 είς
580 1642 761 1677 συκοφαντίαν
778 1642 835 1679 (25)
848 1642 978 1678 τραπείη,

190 1689 326 1715 ἐλεεῖσθαι
340 1690 368 1715 ὲν
383 1688 471 1724 κρίσει
482 1689 532 1715 οὐκ
541 1687 574 1715 ἂν
587 1688 631 1723 εἴη
643 1688 745 1716 δικαία.
764 1688 813 1715 Διὰ
825 1689 903 1715 τοῦτο
915 1688 977 1724 ἔφη,

189 1735 241 1761 οὐκ
255 1734 378 1770 ὲλεήσεις
391 1734 500 1770 πτωχὸν
522 1735 552 1761 ὲν
572 1735 674 1770 κρίσει.
695 1734 836 1770 Ἐλεητέον
848 1735 899 1770 μὲν
911 1734 976 1771 γὰρ,

191 1780 224 1807 οὐ
238 1780 397 1815 κρινόμενον
409 1780 448 1814 δὲ,
468 1780 525 1808 ἀλλ’
537 1780 740 1808 ἀντιϐολοῦντα.
752 1781 784 1807 Et
800 1781 828 1807 δὲ
843 1781 874 1807 τὸ
890 1789 978 1816 παρα-

191 1825 284 1852 καλεῖν
301 1826 341 1857 sic
360 1826 392 1852 τὸ
407 1826 535 1859 ἐγκαλεῖν
552 1826 688 1862 τρέψειεν,
706 1825 736 1852 τὺ
755 1825 858 1853 δίκαιον
875 1826 979 1862 ἔμπρο-

191 1871 256 1897 σθεν
274 1870 320 1897 τοῦ
333 1871 407 1898 ἐλέου
418 1871 519 1898 θετέοψ
536 1872 566 1899 οὑ
579 1872 635 1907 γὰρ
652 1872 756 1898 δίκαιον
770 1871 912 1899 τὸδίκαιον
926 1871 979 1898 δια-

192 1915 361 1951 φθείρεσθαι.

1030 915 1085 943 lato
1114 916 1185 944 enim
1203 925 1235 944 ac
1254 925 1365 952 prorsus
1383 918 1472 946 deleto
1494 926 1543 953 eo,
1565 920 1636 954 quod
1651 927 1731 954 caput
1745 927 1814 953 erat,

1029 961 1196 997 majorisque
1211 964 1361 997 momenti,
1384 971 1418 991 ne
1446 964 1517 991 aliud
1536 966 1645 1000 quidem
1669 966 1814 1001 quidquam

1031 1008 1179 1036 consistere
1195 1013 1310 1044 poterat.
1324 1009 1391 1036 Nam
1417 1011 1490 1046 regni
1510 1019 1617 1046 quoque
1642 1012 1713 1039 basis
1731 1013 1816 1047 pictas

1030 1061 1094 1088 erga
1112 1054 1194 1082 Deum
1212 1059 1289 1088 erat,
1310 1063 1370 1090 quae
1386 1055 1412 1083 in
1431 1056 1478 1084 Dei
1498 1057 1568 1084 cultu
1583 1059 1670 1093 posita
1687 1059 1816 1086 censeba-

1032 1103 1084 1126 tur.
1117 1099 1171 1126 Sed
1201 1104 1290 1128 tamen
1315 1108 1426 1136 regnum
1451 1103 1531 1130 etiam
1558 1104 1639 1131 linem
1660 1104 1815 1131 habiturum

1030 1144 1118 1172 dixit:
1137 1145 1201 1173 hinc
1218 1145 1345 1173 nimirum
1359 1147 1506 1181 perlectam
1528 1147 1647 1175 Judaica:
1663 1149 1817 1184 reipublicae

1031 1190 1235 1218 subversionem
1252 1192 1412 1226 praedicens.
1434 1192 1509 1226 Quod
1531 1193 1613 1220 etiam
1629 1201 1673 1221 res
1693 1195 1756 1229 ipsae
1782 1199 1819 1222 tce

1031 1240 1155 1270 stantur,
1169 1237 1203 1264 ad
1217 1237 1302 1265 multo
1312 1239 1528 1273 pratstantiorem
1543 1244 1570 1266 et
1584 1240 1744 1268 diriuiorem
1759 1241 1816 1268 cut-

1032 1285 1088 1311 tum
1101 1289 1134 1311 ac
1148 1282 1306 1319 religionem
1321 1284 1462 1311 traductae.

1308 1348 1384 1377 CCL.
1401 1363 1436 1370 —-
1451 1349 1566 1377 EIDEM.

1031 1403 1065 1432 In
1074 1404 1162 1432 illud:
1178 1413 1187 1430 ι
1206 1404 1332 1439 Pauperis
1349 1412 1400 1432 non
1417 1405 1579 1433 misereberis
1593 1407 1620 1433 in
1632 1407 1736 1442 judicio
1750 1408 1782 1437 “.
1805 1418 1814 1435 ι

1068 1505 1290 1540 Quandoquidem
1319 1507 1353 1540 is,
1384 1507 1432 1543 qui
1463 1508 1552 1544 inopia
1576 1510 1739 1538 constrictus
1763 1515 1815 1542 est,

1032 1553 1163 1581 donatore
1189 1553 1301 1587 indiget,
1321 1553 1365 1588 qui
1392 1557 1481 1581 autem
1507 1554 1629 1589 ambigit,
1645 1555 1745 1590 judieis
1767 1564 1819 1592 ope

1032 1602 1114 1634 atque
1129 1597 1239 1630 auxilio,
1253 1598 1352 1626 idcirco
1367 1598 1463 1636 [Deus]
1481 1606 1677 1635 paupertatem,
1693 1609 1747 1629 non
1759 1610 1817 1629 mo-

1032 1645 1135 1672 lestiam
1170 1644 1293 1678 cuiquam
1328 1644 1467 1677 exhibere,
1496 1647 1543 1674 sed
1577 1647 1721 1675 obsecrare
1748 1649 1816 1677 vult.

1033 1690 1109 1724 Quod
1118 1690 1151 1722 si,
1163 1690 1261 1717 omissa
1270 1690 1467 1723 obsecratione,
1475 1692 1507 1718 ad
1518 1693 1661 1721 struendas
1672 1694 1819 1722 calumnias

1032 1743 1092 1764 sese
1112 1741 1261 1768 convertat,
1278 1743 1337 1762 eam
1356 1737 1475 1771 profecto
1490 1737 1516 1764 in
1529 1737 1632 1772 judicio
1650 1740 1817 1767 niiseratiopi

1033 1788 1093 1809 esse
1106 1781 1219 1808 minime
1235 1788 1340 1816 tequum
1356 1781 1447 1808 fuerit.
1463 1782 1502 1808 Ac
1516 1787 1655 1817 propterea
1671 1784 1712 1811 his
1727 1785 1817 1812 verbis

1035 1834 1100 1854 usus
1119 1830 1180 1854 est:
1202 1835 1212 1852 ι
1228 1826 1257 1854 1η
1277 1826 1378 1861 judicio
1395 1835 1448 1855 non
1464 1828 1635 1856 misereberis
1648 1830 1785 1864 pauperis.
1806 1840 1815 1856 ι

1034 1872 1139 1900 Etenim
1158 1873 1240 1908 ipsius
1256 1873 1363 1907 quidem
1387 1873 1573 1902 misericordia
1589 1874 1657 1902 allici
1680 1876 1818 1904 convenit.

1033 1922 1062 1945 at
1080 1924 1133 1944 non
1148 1925 1208 1945 cum
1233 1917 1331 1952 litigat,
1347 1918 1394 1944 sed
1420 1925 1481 1945 cum
1509 1920 1642 1947 obsecrat.
1668 1920 1696 1947 Si
1727 1926 1817 1948 autem

191 1969 289 1996 preces
309 1962 334 1989 in
357 1963 558 1991 accusationem
577 1965 677 1996 vertat,
690 1961 799 1996 iustitia
829 1962 1022 1992 misericordiae
1047 1962 1236 1998 anteponenda
1269 1967 1320 1991 est.
1348 1962 1441 1999 Neque
1475 1963 1547 1991 enim
1565 1964 1610 1999 jus
1630 1966 1764 2001 corrumpi
1775 1966 1820 2001 ju-

191 2012 265 2035 stum
277 2012 328 2036 est.

426 2064 513 2093 ΣΝΑι.
532 2079 568 2086 -
587 2065 632 2101 Tn
644 2065 746 2102 arra.

232 2134 270 2161 οὐ
299 2134 414 2166 πλοῦτος
439 2133 513 2170 (24),
528 2134 558 2161 οὺ
573 2134 668 2172 ῥώμη,
694 2135 744 2162 οὐκ
762 2134 923 2170 εὐγλωττία,
948 2134 978 2161 οὐ

1295 2064 1382 2094 CCLI.
1392 2081 1427 2087 —
1441 2065 1557 2095 EIDEM.

1066 2133 1125 2162 Non
1138 2140 1213 2168 opes,
1231 2141 1284 2162 non
1303 2134 1485 2170 pulchritudo,
1501 2142 1554 2163 non
1573 2136 1667 2169 robur,
1696 2143 1749 2164 non
1779 2137 1820 2164 fa-

191 2179 344 2215 λαμπρδνῆ
354 2179 549 2216 ὑπέρλαμπρον
562 2181 670 2215 ἀξίωμα
679 2201 686 2213 ,
697 2180 746 2216 οὐχ
759 2181 773 2207 ὁ
783 2180 837 2208 τῶν
850 2180 977 2216 ὑπάρχων

1033 2180 1142 2212 cundia,
1153 2187 1207 2207 non
1222 2179 1361 2215 splendida
1376 2185 1422 2208 aut
1433 2181 1602 2215 splendorem
1618 2190 1725 2210 omnem
1740 2190 1820 2211 exce-

191 2225 300 2261 Θρόνος,
322 2226 371 2261 οὐχ
385 2225 515 2261 ἁλουργὶς
527 2247 535 2259 ,
558 2227 606 2253 καὶ
624 2226 742 2262 διάδημα
759 2226 901 2262 σεμνύνειν
916 2227 977 2259 τοὺς

1033 2225 1098 2254 dens
1112 2225 1239 2260 dignitas,
1254 2233 1306 2252 non
1324 2225 1529 2261 Hyparchorum
1547 2228 1669 2262 thronus,
1685 2236 1738 2256 non
1755 2236 1819 2264 pur-

191 2272 305 2307 ἐχοντας
335 2272 467 2306 πέφυκεν,
492 2273 530 2304 ὡς
545 2272 631 2308 ἀρετὴ
654 2272 702 2299 καὶ
725 2272 878 2307 φιλοσοφία.
903 2272 977 2304 Τίνος

1036 2277 1114 2305 pura,
1127 2277 1179 2297 non
1205 2270 1339 2304 diadema,
1353 2278 1410 2303 eos,
1438 2271 1483 2305 qui
1504 2272 1561 2299 haec
1576 2272 1685 2306 habent,
1708 2274 1821 2308 perinde

194 2316 244 2345 οὖν
259 2318 350 2345 ἕνεκεν
364 2319 388 2345 οι
411 2318 503 2345 πολλοὶ
519 2318 574 2345 τῶν
590 2318 743 2354 ἀνθρώπων
756 2318 820 2355 περὶ
832 2319 880 2354 μὲν
891 2319 977 2346 ἐκεῖνο

1037 2316 1181 2344 honestare
1207 2315 1304 2348 solent,
1327 2321 1356 2343 ut
1382 2317 1467 2345 virtus
1493 2324 1525 2345 ac
1551 2318 1731 2353 philosophia.
1751 2320 1819 2353 Quid

192 2364 352 2399 ἐπτόηνται,
370 2364 473 2391 τούτων
497 2364 525 2391 δὲ
543 2362 624 2400 ἦττον
648 2364 851 2399 φροντίζουσιν;
873 2364 977 2399 Ἐπειδὴ

1037 2361 1119 2394 igitur
1136 2368 1223 2389 causa:
1248 2366 1300 2394 est,
1316 2362 1493 2396 quamobrem
1526 2363 1680 2391 mortalium
1699 2365 1820 2399 plerique

193 2409 221 2435 oi.
234 2409 284 2443 μὲν
298 2409 333 2436 τὰ
346 2409 477 2436 δοκοῦντα
491 2409 544 2444 πρὸ
565 2408 620 2436 τῶν
634 2409 720 2436 ὄντων
735 2409 906 2444 θηρεύουσιν,
917 2409 942 2434 oi.
953 2408 977 2435 δὲ

1035 2407 1168 2434 acerrima
1184 2407 1293 2442 quidem
1304 2407 1411 2434 illarum
1426 2415 1516 2435 rerum
1533 2409 1680 2443 cupiditate
1704 2410 1818 2437 incitan-

192 2454 226 2481 τὸ
239 2454 337 2481 αὐτίκα
348 2455 422 2490 μάλα
434 2455 482 2481 τοῦ
497 2454 594 2490 μικρὸν
609 2453 721 2490 ὕστερον
735 2453 903 2486 ουνοίσοντος
914 2461 977 2489 προ‹

1034 2458 1087 2487 tur,
1104 2453 1152 2482 bas
1161 2459 1250 2482 autem
1265 2454 1353 2483 minus
1367 2460 1465 2483 curant
1475 2455 1488 2483 7
1498 2454 1630 2484 Nimirum
1645 2457 1707 2491 quia
1720 2457 1818 2492 partim

230 2543 265 2561 ω
278 2543 366 2573 Exod.
383 2551 465 2577 unt,
485 2545 512 2572 5.

757 2609 876 2639 VARUE
896 2610 1089 2640 LECTIONES
1108 2611 1153 2639 ET
1173 2610 1291 2639 NOTE.

229 2689 287 2724 (22)
307 2690 358 2717 Pro
375 2690 544 2727 συνανέφηνε
560 2689 630 2727 idem
640 2691 701 2719 cod.
714 2691 822 2723 scribit,
839 2690 982 2727 συνέφηνε.

190 2724 274 2752 Vers.
290 2733 349 2762 seq.
366 2733 415 2760 pro
440 2724 656 2762 κυριὼδεστέρου
672 2727 753 2754 habet
772 2724 940 2762 κυριωτέρου
958 2730 986 2753 et

200 2767 276 2797 vers.
296 2760 382 2797 aiterp
398 2768 446 2797 pro
468 2760 672 2797 καταλυομένου
689 2762 784 2790 scribit
798 2760 846 2797 aiat
866 2760 985 2797 κατακυ-

193 2793 333 2833 λισμένου,
351 2793 482 2833 _Dehique
498 2802 570 2824 vers.
587 2793 649 2825 inde
663 2797 680 2826 5
698 2804 748 2833 pro
761 2796 884 2833 ἐκρίνετο
909 2796 985 2832 ponit

195 2830 336 2864 ὲκιρνᾶτο.
351 2830 458 2858 Possm.

1037 2726 1044 2732 .
1057 2726 1063 2732 _
1076 2691 1133 2726 (25)
1147 2691 1331 2732 Συκοφαντίαν
1346 2691 1488 2728 pluraliter
1502 2691 1615 2720 inﬂectit
1637 2693 1819 2728 συκοφαντίας

1037 2726 1107 2754 idem
1122 2727 1183 2754 eod.
1197 2726 1234 2754 In.
1347 2726 1356 2728 “
1711 2726 1716 2728 ⁷

1074 2761 1130 2796 (24)
1147 2762 1211 2790 Post
1238 2762 1268 2789 οὐ
1290 2762 1405 2794 πλοῦτος
1421 2762 1494 2790 addit
1517 2762 1578 2791 cod.
1604 2761 1686 2790 Vatic.
1709 2761 1771 2794 650,
1786 2762 1819 2789 οὗ

1039 2796 1146 2828 κάλλος,
1158 2802 1185 2824 et
1199 2805 1260 2824 mox
1269 2805 1318 2832 pro
1330 2797 1478 2831 εὐγλωττία
1492 2797 1586 2825 scribit
1604 2797 1722 2832 εὐλογία.
1738 2796 1818 2825 Vers.

1040 2831 1089 2859 ult.
1102 2831 1198 2860 scribit
1214 2833 1347 2868 μετιᾶσιν,
1365 2839 1417 2860 non
1436 2832 1570 2867 μετίασιν.
1588 2832 1627 2861 In.
