2045 3158
172 146 224 179 933

610 138 873 170 EPISTOLARUNI
895 138 967 168 LIB.
983 137 1039 167 ΙΙΙ.
1060 151 1091 155 --
1104 139 1220 168 EPIST.
1239 138 1374 168 CCLVII.

1743 135 1794 168 934

171 198 321 234 τοιγαροῦν
344 197 381 232 μὴ
399 196 453 223 ἀπὸ
467 196 514 231 τῆς
531 195 625 230 φήμης
640 194 756 229 ψηφίζου
771 201 777 208 '
794 192 862 219 ἀλλὰ
881 193 961 228 ἁκριυ

1023 195 1128 224 uittatu,
1138 194 1262 227 precibus
1276 201 1289 220 a
1306 201 1348 220 tne
1359 193 1508 226 contendis,
1521 193 1621 220 idcirco
1633 201 1691 220 eam
1705 194 1792 220 mitto.

173 246 229 277 εὼς
245 243 394 279 βασανίσας
421 241 579 276 δοκίμασον.
603 240 659 267 Καὶ
675 241 699 266 εί
716 239 765 274 μὲν
784 236 812 264 εὖ
829 238 895 273 ἔχει,
922 237 961 273 τῷ

173 290 233 324 Θεῷ
251 288 322 316 ἴσθι·
337 288 362 314 εξ
376 287 402 314 δὲ
418 287 487 319 δόξει
509 295 549 312 σοι
565 286 670 312 ἐλλιπεῖ
681 284 846 320 γεγράφθαι,
860 285 892 319 τῇ
913 284 961 310 ἁν-

173 335 299 371 Θρωπίνῃ
327 332 453 368 ἀσθενείᾳ
480 331 650 366 συγγίνωσκε
663 331 696 366 τῇ
722 330 759 366 μὴ
775 329 910 365 δυναμένῃ
924 328 962 359 ὡς

175 380 302 416 βούλεται
323 378 439 414 φράσαι.

433 525 514 552 ENA’.
530 539 567 544 —
583 523 710 559 ΠΑΥΛῼ.

264 575 318 606 Εἰς
331 573 365 600 τὸ
376 572 484 607 ῥητόν·
501 579 510 597 ι
531 570 562 597 ‘0
569 569 696 602 ,βλέπων
707 569 843 604 γυναῖκα.
865 579 874 596 ι

219 641 330 676 Ἐπειδὴ
349 641 381 666 ὲκ
397 639 443 666 τοῦ
465 640 531 674 ὀρᾷν
546 638 576 664 τὸ
591 638 656 673 ὲρᾷν
672 637 814 670 τίκτεται,
829 637 872 664 διὰ
887 638 965 664 τοῦτο

178 688 226 714 καὶ
251 687 264 713 6
290 685 406 722 Χριστος
424 685 469 711 τὸν
493 684 651 714 ἀκολάστως
680 683 812 710 ἑστιῶντα
835 682 891 718 (32)
915 683 964 715 τὰς

179 733 255 767 ὖψεις
275 731 365 767 μοιχὸν
382 728 452 757 εἶναι
464 730 631 765 ἀπεφήνατο,
647 729 677 755 οὺ
693 728 743 763 τὴν
760 728 858 763 πρᾶξιν
875 727 964 763 μόνον,

180 777 251 804 ἀλλὰ
267 778 313 804 καὶ
328 777 376 812 τὴν
395 775 500 803 ἔννοιαν
525 774 761 810 προαναστέλλων,
780 773 827 800 καὶ
848 773 894 799 ἐπὶ
917 773 965 799 τοῦ

181 823 264 857 φόνου
279 823 317 854 δὲ,
334 822 347 848 ὁ
363 822 413 856 μὲν
428 821 511 856 νόμος
527 821 573 847 τὸν
588 819 762 856 ἀνδροφόνον,
774 820 787 845 ὀ
801 818 829 845 δὲ
849 818 966 853 Χριστὸς

1013 237 1051 264 Tu
1066 246 1128 265 vero
1146 247 1178 265 ne
1197 238 1275 265 lanae
1287 238 1417 272 judicium
1436 238 1461 265 in
1480 239 1610 266 sententia
1629 238 1736 265 ferenda
1753 246 1795 265 sc-

1012 291 1094 319 qucre
1105 292 1111 311 :
1124 292 1216 310 verum
1228 292 1286 310 eam
1299 289 1424 311 accurate
1437 285 1570 319 perpende
1581 290 1662 318 atque
1673 284 1793 319 explora.

1012 330 1051 357 Ac
1067 329 1088 356 si
1109 336 1138 355 ea
1162 329 1302 355 commode
1327 337 1340 355 a
1369 337 1411 357 me
1434 331 1591 364 scriptasit,
1609 331 1662 358 Deo
1681 330 1794 365 gratiam

1014 375 1083 402 habe
1099 383 1105 401 :
1121 375 1162 401 sin
1184 378 1273 400 autem
1292 373 1317 400 in
1336 381 1366 400 ea
1382 375 1518 409 quidpiam
1537 375 1683 402 desiderari
1702 375 1795 402 videa-

1013 426 1066 454 tur,
1082 421 1206 447 humanae
1222 419 1410 451 imbecillitati,
1429 427 1488 454 qua:
1513 420 1632 453 minimc,
1656 426 1685 448 ut
1711 420 1795 455 cupit,

1014 467 1086 502 loqui
1105 470 1202 501 potest,
1220 465 1338 500 ignosce.

1251 521 1362 550 CCLIV.
1380 537 1414 542 —
1431 521 1497 549 PAU
1503 520 1555 548 L0.

1103 567 1136 595 In
1148 567 1213 595 illud
1223 576 1232 594 :
1247 577 1255 594 ι
1271 568 1361 595 Omnis
1371 568 1416 603 qui
1427 568 1492 595 videt
1504 567 1636 594 mulierem
1649 567 1682 594 ⁷⁸.
1698 576 1708 593 ι

1052 635 1275 670 Quandoquidem
1293 643 1370 663 amor
1392 642 1424 662 ex
1450 638 1560 669 aspectu
1583 634 1679 665 oritur,
1698 633 1798 661 idcirco

1017 682 1142 709 Christus
1162 688 1269 715 quoque
1285 688 1356 713 cum,
1373 680 1417 715 qui
1438 679 1589 714 petulanter
1608 685 1688 713 atque
1713 680 1799 714 impu-

1017 726 1076 753 dice
1095 725 1188 752 oculos
1210 725 1306 760 pasoit,
1323 725 1474 752 adulterum
1498 731 1559 751 esse
1583 723 1768 758 pronuntiavit
1792 732 1798 748 :

1017 779 1072 806 quo
1086 771 1211 798 videlicet
1225 779 1277 798 non
1292 771 1397 798 facinus
1409 771 1547 802 duntaxat,
1563 771 1610 798 sed
1630 770 1710 797 etiam
1725 770 1801 804 cogi-

1019 817 1146 844 tationem
1162 816 1327 851 prohiberet.
1342 818 1429 851 Atque
1441 816 1474 843 ad
1489 816 1612 843 eumdem
1627 817 1745 848 modum,
1759 816 1800 842 lex

182 869 230 895 καὶ
248 868 293 894 τὸν
316 866 492 902 ὀργιζόμενον
518 867 689 901 τιμωρεῖται.
724 865 754 890 '0
779 864 828 899 μὲν
854 865 908 899 γὰρ
933 865 965 899 τῇ

1023 864 1125 898 quidem
1141 863 1173 890 de
1186 863 1328 894 homicida.
1346 863 1471 890 Christus
1485 867 1574 889 autem
1589 862 1622 889 de
1635 869 1668 890 eo
1680 869 1799 897 quoque,

180 914 266 948 ψυχῇ,
285 913 299 938 ὁ
313 912 340 938 δὲ
352 913 385 946 τῇ
397 911 468 946 χειρὶ
484 910 640 945 νομοθετεῖ-
657 910 704 936 xei.
714 909 757 936 διὰ
769 909 798 935 τὸ
812 909 849 944 μὴ
867 917 968 944 συγχω·

183 957 267 993 ρ’ἠσαι
290 957 372 991 φύναι
395 955 444 991 τὴν
463 955 551 991 ῥίζαν,
569 954 615 981 καὶ
632 955 695 985 τοὺς
718 953 833 984 κλάδους
848 962 968 989 προανα-

183 1002 299 1029 στέλλει.
318 1001 434 1028 Χαλίνου
450 1001 540 1027 τοίνυν
569 1000 615 1026 καὶ
634 999 679 1027 τὸν
702 999 841 1035 ὸφθαλμδν
862 999 909 1025 καὶ
922 999 966 1025 τὸν

181 1045 281 1080 θυμὸν,
298 1045 342 1071 ίνα
358 1045 394 1080 μὴ
407 1045 421 1071 ὁ
436 1044 487 1079 μὲν
499 1044 539 1076 εις
555 1043 695 1080 μοιχείαν,
715 1045 729 1070 ὁ
746 1043 775 1070 δὲ
788 1043 828 1075 είς
845 1043 923 1077 φόνον
939 1052 968 1070 σε

182 1091 388 1126 χειραγωγήση-

354 1191 439 1219 ΣΝΕ’.
456 1206 491 1211 -—
506 1191 636 1226 ΕΡΜΙΝῼ
649 1190 796 1218 ΚΟΜΗΤΙ.

221 1248 268 1282 Μὴ
280 1247 468 1282 μεταϐαλλέτω
483 1256 522 1280 σε,
536 1244 558 1274 ὦ
569 1247 674 1282 ἄριστε,
686 1247 721 1279 ὡς
732 1246 780 1273 ἕνα
787 1246 840 1273 τῶν
854 1245 968 1277 πολλῶν,

185 1293 337 1330 εὐημερίας
357 1291 443 1328 αὖρα·
466 1293 535 1320 ἀλλὰ
557 1293 715 1327 φυλαττέτω
732 1292 840 1328 βέϐαιον
857 1294 911 1324 τοῖς
928 1292 971 1327 φί-

185 1338 244 1370 λοις
265 1339 280 1374 ἡ
301 1338 447 1374 σύντροφος
473 1338 627 1373 φιλοσοφία.
659 1338 763 1364 Ἐκεῖνο
781 1337 830 1373 μὲν
845 1337 899 1372 γὰρ
916 1339 970 1369 τοῖς

186 1384 380 1420 ἀπειροκάλως
399 1385 446 1411 καὶ
458 1384 596 1419 ἀγελαίοις
609 1384 687 1411 εἴωθε
703 1384 862 1419 συμϐαίνειν
874 1393 882 1399 ·
894 1384 972 1410 τοῦτο

184 1431 216 1456 δὲ
228 1432 286 1461 τοῖς
302 1430 398 1466 κομιδῇ
422 1431 524 1465 σοφοῖς,
539 1427 577 1458 ὧν
593 1430 632 1462 εἰς
649 1429 694 1456 τὸν
710 1429 838 1464 σύλλογον
860 1429 972 1465 ἐνεγρά-

185 1483 252 1510 φης.
269 1475 335 1510 (55).

404 1577 497 1611 anan
514 1592 549 1597 —
563 1576 763 1604 ΕΥΔΑιΜοΝι.

233 1644 385 1680 Ἑτόλμησα
401 1644 433 1671 ἂν
451 1644 489 1676 εἰς
510 1644 556 1670 τὸν
581 1643 672 1677 ἀγῶνα
688 1643 742 1670 τῶν
756 1644 903 1680 ἐγκωμίων
928 1644 975 1670 τοῦ

189 1690 332 1724 θεοφιλοῦς
351 1689 492 1716 Θεοδοσίου
505 1688 552 1715 τοῦ
567 1689 717 1716 ἐπισκόπου
733 1689 883 1722 κατελθεῖν,
898 1690 922 1715 εί
939 1689 975 1724 μὴ

189 1736 334 1763 ἐδεδοίκειν
363 1736 467 1772 μήποτε
493 1735 589 1767 ἐνδεῶς
613 1735 717 1767 εἰπὼν,
741 1735 794 1762 τῶν
822 1735 976 1771 προσόντων

189 1781 266 1817 αὐτῷ
289 1781 398 1816 ἀγαθῶν
422 1780 566 1807 ὲλαττώσω
587 1780 636 1816 τὴν
663 1780 752 1813 δόξαν.
784 1780 853 1807 Ἀλλ’
884 1780 976 1815 ἐπειδὴ

191 1827 269 1853 πᾶσα
295 1826 374 1860 λόγου
396 1825 510 1860 δύναμις
539 1826 701 1860 παραχωρεῖ
724 1825 763 1861 τῷ
792 1824 901 1860 μεγέθει
927 1825 977 1859 τῆς

192 1873 364 1904 ὑποθέσεως,
389 1872 500 1903 εἰκότως
516 1872 562 1898 καὶ
587 1872 668 1902 αὐτὸς
687 1872 766 1907 σιγὴν
785 1871 904 1906 ἐμαυτοῦ
922 1872 977 1908 (54)

192 1918 437 1953 κατεψηφισάμην.
458 1917 512 1944 Καί
524 1926 564 1944 τοι
579 1917 705 1951 γινώσκω
717 1938 724 1950 ,
739 1917 780 1944 ὅτι
797 1918 844 1944 ἐὰν
861 1919 874 1944 ὁ
893 1919 979 1951 ἐγκω-

193 1963 361 2000 μιαζόμενος
387 1964 418 1989 ὲκ
440 1963 490 1998 τῆς
516 1963 644 1998 ἀληθείας
669 1963 719 1998 τὴν
747 1963 898 1999 μαρτυρίαν
918 1963 976 1999 ἔχῃ.

192 2011 270 2038 οὐδὲν
285 2011 302 2046 ἡ
320 2011 367 2046 τῇς
382 2009 483 2045 ἀρετῆς
508 2009 602 2044 κτῆσις
627 2008 846 2036 καταῦλάπτεται
861 2009 913 2034 om
930 2009 979 2043 τῆς

195 2056 340 2087 ἀσθενείας
365 2055 412 2082 τοῦ
440 2055 575 2089 λέγοντος.
601 2055 645 2082 Ἑν
668 2055 722 2090 γὰρ
743 2056 802 2087 ταῖς
818 2054 979 2090 ὑπερῦολαῖς

192 2102 243 2136 οὐχ
266 2102 280 2128 ό
299 2100 424 2136 ἡττηθεὶς
447 2101 496 2135 τῆς
518 2101 595 2133 ἀξίας
617 2100 794 2136 κατῄσχυνεν,
814 2100 881 2127 ἀλλὰ
900 2099 979 2126 πλέον

192 2146 352 2181 ὲλάμπρυνε
363 2167 371 2179 ,
387 2145 475 2178 δείξας
491 2146 588 2173 ἑαυτὸν
604 2146 655 2172 ὑπὸ
671 2147 716 2172 τοῦ
734 2146 787 2173 τῶν
811 2145 979 2181 πραγμάτων

195 2191 331 2227 μεγέθους
344 2191 523 2226 καλυφθέντα.

445 2340 527 2367 ΣΝΖι.
545 2355 580 2360 -
595 2341 722 2376 ΠΑΥΛῼ.

192 2387 246 2420 Εἰς
259 2386 292 2413 τὸ
314 2385 492 2420 εἰρημένονο
515 2394 524 2411 ι
549 2386 612 2412 Ὅτι
636 2387 684 2413 καὶ
704 2386 760 2419 τὴν
779 2387 870 2414 πόλιν
887 2387 980 2413 καὶτὸ

233 2422 318 2456 ἅγιον
329 2420 481 2455 διαφθερεῖ
491 2421 552 2448 σὺν
567 2420 606 2453 τῷ
618 2421 769 2456 ἐρχομένῳ
785 2421 938 2456 ἡγουμένῳ
955 2431 978 2448 ,ι

233 2478 271 2505 Τὸ
303 2477 448 2514 εἰρημένον
481 2478 556 2511 παρὰ
585 2477 632 2504 τοῦ
660 2478 776 2512 ἀγγέλου
805 2478 843 2513 τῷ
872 2478 982 2514 Δανιὴλ,

199 2532 209 2549 ι
231 2523 293 2550 Ὀτι
307 2523 353 2550 καὶ
367 2522 417 2558 τὴν
434 2523 511 2550 πόλιν
525 2524 572 2550 καὶ
585 2524 614 2550 τὸ
629 2523 707 2558 ἅγιον
728 2524 868 2560 διαφθερεί
883 2524 931 2551 σὺν
944 2524 983 2558 τῷ

234 2612 258 2628 ’³
269 2612 363 2640 Matth.
377 2621 403 2646 v,
416 2614 462 2641 28.
499 2613 524 2630 7‘
535 2612 600 2640 Dan.
621 2621 656 2646 ut,
672 2614 716 2642 ‘26.

1019 908 1063 942 qui
1082 908 1219 940 irascitur,
1233 908 1393 943 supplicium
1418 907 1509 935 sumit.
1532 906 1577 933 illa
1603 907 1674 933 enim
1699 908 1799 939 manui,

1019 953 1062 979 hic
1075 953 1169 980 animte
1185 954 1256 988 leges
1271 954 1369 987 sancit,
1384 961 1415 981 ac
1432 953 1494 980 dum
1514 953 1631 980 radicem
1655 953 1721 979 oriri
1747 960 1799 979 nou

1019 999 1130 1033 patitur,
1153 1007 1242 1026 ramos
1271 1000 1351 1027 etiam
1369 1005 1432 1026 ante
1455 999 1571 1027 cohibet.
1588 998 1653 1032 Qua:
1679 1007 1740 1026 cum
1766 999 1801 1025 ita

1018 1044 1081 1076 sint,
1101 1043 1207 1071 oculum
1236 1049 1263 1072 et
1295 1044 1460 1071 iracundiam
1491 1045 1562 1071 velut
1594 1045 1693 1078 injecto
1727 1045 1802 1070 lreuo

1019 1096 1114 1117 coerce
1135 1099 1143 1117 :
1170 1098 1204 1118 ne
1234 1091 1277 1118 ille
1295 1091 1327 1118 ad
1344 1090 1515 1124 adulterium,
1532 1091 1588 1118 haec
1606 1091 1639 1118 ad
1663 1091 1762 1118 caedem
1778 1095 1803 1117 te

1020 1135 1094 1162 velut
1108 1142 1233 1170 porrecta
1250 1144 1331 1164 manu
1348 1137 1438 1164 ducat.

1134 1191 1216 1227 359
1231 1190 1329 1219 CCLV.
1348 1206 1383 1212 —
1397 1189 1552 1218 llERMINO
1567 1190 1695 1219 conm.

1057 1251 1094 1278 Da
1107 1257 1227 1285 operam,
1244 1249 1285 1276 vir
1302 1248 1411 1284 optime,
1434 1255 1469 1275 ne
1489 1252 1516 1275 te
1536 1252 1663 1283 tauquam
1682 1256 1763 1276 unum
1790 1256 1805 1276 e

1022 1297 1111 1333 vulgo,
1126 1297 1248 1324 itnmutet
1265 1302 1353 1322 rerum
1370 1294 1548 1322 secundarum
1560 1301 1636 1326 aura,
1654 1301 1746 1321 verum
1759 1294 1806 1321 lir-

1022 1351 1095 1371 mum
1110 1348 1190 1376 atque
1205 1345 1375 1368 constantem
1398 1340 1494 1367 amicis
1510 1343 1601 1367 servet
1624 1339 1804 1374 philosophia,

1022 1397 1083 1416 cum
1098 1395 1151 1422 qua
1174 1395 1203 1414 es
1227 1387 1366 1413 educatus.
1383 1385 1448 1412 Illud
1466 1385 1538 1412 cniru
1557 1385 1689 1419 imperitis
1701 1392 1732 1412 ac
1747 1393 1807 1420 gre-

1023 1433 1105 1469 gariis
1121 1433 1276 1467 contingere
1289 1431 1358 1458 solet
1381 1439 1388 1458 :
1410 1430 1462 1457 hoc
1479 1434 1568 1457 autem
1585 1430 1629 1462 iis,
1645 1431 1690 1465 qui
1706 1431 1807 1465 ingenti

1024 1480 1156 1515 sapientia
1181 1479 1285 1514 praediti
1305 1483 1379 1511 sunt,
1407 1484 1521 1513 quorum
1541 1476 1684 1504 incoatum
1711 1485 1807 1505 nomen

1026 1532 1099 1554 tuutn
1114 1525 1257 1560 ascriptum
1269 1528 1321 1552 est.

1233 1579 1340 1608 CCLVI.
1357 1595 1393 1599 —
1403 1579 1601 1608 ΕυθΑ-ΣΜΟΜ.

1061 1649 1090 1676 in
1109 1649 1216 1676 laudum
1241 1648 1276 1683 pii
1300 1648 1416 1683 episcopi
1431 1647 1575 1675 Theodosii
1602 1651 1738 1675 certamen
1765 1647 1811 1673 dc-

1027 1695 1156 1722 sccndere
1171 1695 1280 1721 minime
1293 1694 1407 1720 fortasse
1422 1693 1598 1724 dubitassem,
1615 1693 1667 1719 nisi
1681 1693 1744 1720 illud
1763 1700 1807 1719 ve-

1027 1741 1096 1767 ritus
1110 1741 1231 1772 luissem,
1245 1747 1278 1766 ue
1292 1740 1314 1766 si
1328 1740 1411 1774 ipsius
1420 1739 1564 1765 virtutibus
1578 1739 1731 1765 inferiorem
1745 1745 1809 1764 ora-

1029 1788 1129 1814 tionem
1143 1787 1281 1819 haberem,
1294 1785 1378 1820 ipsius
1392 1785 1505 1820 gloriam
1521 1784 1722 1811 imiuiuuerem.
1734 1784 1810 1816 Quo-

1029 1833 1100 1859 niam
1131 1835 1220 1858 aulem
1249 1830 1337 1857 omnis
1379 1829 1483 1856 dicendi
1518 1828 1632 1856 facultas
1660 1829 1810 1863 argumenti

1029 1877 1206 1912 magnitudini
1224 1876 1305 1908 cedit,
1322 1875 1421 1902 idcirco
1445 1875 1500 1910 ipse
1514 1881 1619 1908 quoque
1644 1874 1750 1901 silentio
1770 1882 1811 1901 me

1029 1925 1100 1952 haud
1126 1922 1260 1950 immerito
1278 1921 1463 1949 condemnavi.
1484 1921 1641 1954 Quanquam
1662 1919 1726 1946 illud
1744 1920 1811 1950 scio,

1030 1970 1100 2006 quod
1112 1969 1134 1996 si
1149 1969 1181 2001 is,
1193 1967 1268 2002 cujus
1281 1967 1371 1994 laudes
1384 1966 1574 2001 praedicantur,
1587 1973 1601 1992 a
1614 1965 1725 1992 veritate
1739 1966 1812 1992 testi-

1030 2015 1148 2042 mouimu
1167 2014 1273 2047 habeat,
1287 2013 1408 2040 veritatis
1422 2013 1555 2047 possessio
1578 2019 1610 2039 ex
1636 2011 1750 2038 dicentis
1764 2011 1811 2038 im-

1030 2060 1174 2088 becillitate
1187 2058 1414 2086 uihildetrimeuti
1428 2058 1510 2092 capit.
1524 2057 1629 2085 Etenim
1642 2057 1668 2084 in
1683 2057 1811 2091 singulari

1030 2107 1159 2133 virtutum
1184 2104 1377 2140 magnitudine,
1395 2112 1448 2131 non
1470 2104 1503 2136 is,
1520 2103 1565 2138 qui
1581 2102 1647 2130 infra
1665 2110 1754 2130 rerum
1771 2103 1812 2130 di-

1031 2152 1158 2186 gnitatem
1177 2150 1309 2182 substitit,
1323 2157 1395 2182 eum,
1414 2157 1492 2184 quem
1508 2149 1668 2175 laudandum
1683 2151 1811 2184 suscepit,

1032 2197 1162 2224 dedecore
1171 2194 1272 2228 ali‘eeit,
1283 2195 1424 2230 sedripsius
1435 2194 1524 2229 potius
1536 2193 1704 2229 splendorem
1716 2195 1790 2219 auxit
1804 2202 1811 2221 :

1033 2242 1104 2277 quod
1131 2241 1234 2268 scilicet
1253 2241 1368 2275 seipsum
1384 2248 1473 2268 rerum
1489 2238 1671 2273 magnitudine
1687 2239 1813 2266 obrutum

1033 2287 1235 2316 demoustrarit.

1271 2339 1394 2367 CCLV".
1410 2355 1444 2360 —-
1458 2339 1499 2366 PA
1506 2340 1582 2368 [ιο.

1034 2385 1162 2413 Iuillud:
1177 2395 1187 2411 ι
1204 2385 1273 2419 Quia
1287 2387 1374 2412 urbem
1383 2391 1407 2413 et
1421 2392 1540 2413 sanctum
1554 2386 1665 2412 destruet
1682 2393 1739 2411 cum
1751 2386 1816 2412 dure

1343 2427 1458 2448 uenturo.
1476 2429 1485 2446 )

1069 2476 1097 2504 Id
1113 2477 1183 2511 quod
1203 2477 1305 2504 Dauieli
1320 2478 1353 2505 ab
1365 2477 1460 2513 angelo
1477 2477 1576 2504 dictum
1592 2476 1662 2504 est"
1681 2485 1687 2503 :
1702 2485 1711 2501 ι
1727 2475 1762 2502 -Ει
1777 2476 1816 2502 ri-

1036 2523 1156 2555 vitatetu,
1172 2528 1199 2550 et
1213 2529 1334 2551 sanctum
1352 2523 1452 2552 delebit
1463 2531 1524 2551 cum
1541 2523 1608 2550 duce
1625 2527 1746 2552 venturo,
1765 2529 1776 2546 ›
1793 2521 1814 2548 si

756 2682 873 2710 VARLE
891 2682 1081 2711 LECTIONES
1099 2683 1144 2711 ΕΤ
1163 2682 1278 2712 NOTAE.

236 2756 364 2796 (52)“Pm
383 2758 513 2796 ἑστιῶντα
533 2758 591 2796 eod».
611 2758 672 2796 Vat,
694 2759 755 2796 6507
773 2760 837 2796 legit
856 2761 975 2788 ἐπιόντα.

196 2792 278 2828 Vers.
292 2791 312 2828 5Δ
324 2797 384 2826 post
396 2793 476 2827 φόνου
490 2793 518 2819 δὲ
527 2794 600 2820 addit
612 2794 721 2828 ὁμοίως.
736 2791 811 2822 νει-εἶ
826 2796 842 2823 6
855 2797 924 2824 inter
933 2798 978 2823 τὸν

195 2832 225 2854 et
239 2826 416 2862 ὀργιζόμενος
432 2833 503 2855 recte
523 2828 615 2855 inserit
630 2826 700 2863 εἰκῆ.
715 2831 821 2858 l‘ossm.

1067 2761 1123 2795 ('53)
1143 2760 1195 2788 Pro
1217 2761 1371 2796 ἐνεγράφης
1391 2760 1449 2787 cod.
1472 2759 1531 2786 Vat.
1562 2758 1614 2786 650
1635 2756 1731 2786 scribit
1754 2756 1816 2785 ἁνε-

1031 2798 1150 2831 γράφης.
1167 2796 1204 2822 ln-

1067 2831 1121 2866 (Ξιί)
1141 2830 1206 2858 Cod.
1223 2829 1283 2857 Vat.
1297 2829 1359 2861 650,
1375 2828 1498 2864 ἐμαυτῷ.
1511 2828 1547 2855 lo.
