2045 3158
143 187 192 222 941

591 185 858 218 EPISTOLARUM
877 188 950 218 LIB.
972 186 1029 218 IIl.
1049 202 1084 206 —
1102 188 1221 220 EPIST.
1241 190 1345 221 CCLX.

1730 192 1782 224 94⁸2

143 246 187 273 τὸν
215 244 292 280 ἱερέα
317 242 569 278 ἑκμειλισσόμενος,
597 243 655 269 ἀλλ’
670 243 684 269 ὁ
699 242 745 270 τδν
771 242 934 278 ἀδικηθέντα

988 247 1070 278 atque
1086 242 1151 270 illud
1167 243 1242 275 item,
1260 252 1270 269 ί
1289 242 1316 270 Si
1332 242 1508 276 solveritis",
1525 252 1534 269 ›
1549 243 1581 272 de
1598 243 1642 279 iis,
1659 245 1704 280 qui
1722 253 1780 281 pm-

143 288 395 325 éEsupswCépsvoc.
421 288 453 314 El
477 287 532 324 γὰρ
550 288 608 319 τοῖς
635 287 795 323 ίερωμένοις
815 287 937 323 νομίζεις

142 335 263 364 δεδόσθαι
275 336 325 370 τὴν
338 334 466 370 τοιαύτην
481 334 615 367 ἐξουσίαν,
635 334 690 361 τῶν
702 334 937 370 πλημμελούντων

145 382 182 418 μὴ
201 380 408 413 σπουδαζόντων
434 380 639 415 ἀποτρίψασθαι
658 380 691 408 τὰ
706 381 876 416 πταίσματα,
892 390 938 407 τυ-

145 427 272 464 ραννικὸς
296 427 349 462 μὲν
366 425 439 453 εἶναι
462 425 532 459 δόξει
554 426 568 452 ὁ
587 426 723 461 χρησμὸς,
741 427 789 453 καὶ
810 428 878 462 πρὸς
907 428 937 454 τὸ

146 471 283 507 ίερατικον
311 471 407 505 κέρδος
433 470 513 505 μόνον
527 471 593 506 ὁρᾷν
612 470 686 506 (49)·
703 471 758 498 τῶν
781 469 810 497 δὲ
841 472 937 508 ἀδικη-

145 516 244 544 θέντων
258 516 354 543 οὐδένα
366 515 530 551 ποιούμενος
542 515 622 550 λόγον
632 524 639 531 ⁸
655 516 792 552 ὠμότατοι
809 517 836 544 δὲ
851 519 938 545 ἁπαν-

145 563 308 597 θρωπότατα
332 562 357 588 οἱ
380 561 429 597 τὴν
452 562 502 597 τῆς
526 562 677 597 ἱερωσύνης
696 563 859 599 ἐστεμμένοι
883 564 938 591 λει-

144 608 285 642 τουργίαν,
308 607 344 642 μὴ
361 607 466 638 πάντας
490 607 655 640 ἀπολύοντες
672 608 726 635 τῶν
744 609 934 644 ἐγκλημάτων.

150 653 219 679 Ἀλλ’
237 654 288 680 οὐκ
301 653 360 679 ἐστι
386 652 483 683 ταῦτα.
499 653 550 680 οὐκ
575 653 642 681 ἔστι.
665 653 711 689 Μὴ
731 655 829 682 σαυτὸν
851 663 937 690 παρα-

142 700 249 735 λογίσῃ,
276 699 376 735 μᾶλλον
394 699 421 725 δὲ
449 699 486 734 μὴ
512 699 610 726 σαυτὸν
630 699 677 726 καὶ
703 700 768 732 τοὺς
786 700 935 733 ἀκούοντάς

144 755 191 773 σου
210 745 278 781 (50),
303 745 342 776 είς
364 744 504 780 βάραθρον
521 745 607 782 ῶσῃς,
632 745 700 781 μηδὲ
718 746 753 773 τὰ
767 745 821 773 τῶν
841 747 935 781 Γραμ-

145 792 256 826 ματέων
268 791 314 817 καὶ
329 790 483 826 Φαρισαίων
500 792 574 818 κακὰ
590 791 759 827 ἀνανεὼσῃς,
775 793 829 818 τῶν
846 798 934 827 παρα-

144 837 246 873 μυθίας
260 837 335 868 τινὰς
348 838 404 868 τοῖς
415 837 574 872 ἐπιορκοῦσι
590 837 623 864 δι’
637 837 750 872 αἰσχρὸν
764 837 860 873 κέρδος
874 839 935 864 ὲπια

142 883 311 917 νοησάντων,
330 880 376 908 καὶ
397 882 460 912 τοὺς
474 882 572 914 παῖδας
589 882 661 909 κατὰ
674 882 729 909 τῶν
745 884 846 917 γονέων
861 884 936 910 ὁπλι-

990 288 1101 316 nitentia
1118 289 1262 316 ducuntur.
1279 288 1401 316 Crimine
1412 293 1502 317 autem
1517 289 1641 325 solvitur,
1663 298 1714 319 non
1731 293 1776 327 qui

988 335 1159 362 sacerdotem
1180 334 1289 366 delinit,
1306 335 1352 361 sed
1370 335 1414 369 qui
1429 341 1502 367 eum,
1519 335 1562 363 cui
1580 336 1680 371 injuria
1705 337 1778 365 illata

989 384 1042 412 est,
1062 380 1162 416 placat.
1179 378 1247 407 Nam
1264 381 1285 407 si
1304 380 1490 408 sacerdotibus
1514 381 1667 416 hujusmodi
1699 388 1777 418 pote-

988 430 1086 453 statem
1101 433 1259 453 concessam
1277 433 1336 453 esse
1355 426 1508 458 arbitraris,
1532 427 1575 459 iis,
1593 427 1638 462 qui
1654 434 1778 463 peccant,

988 471 1084 499 delicta
1094 478 1140 499 sua
1158 471 1309 506 propellere
1326 475 1408 506 atque
1427 471 1586 507 alistcrgere
1599 473 1709 502 minime
1721 479 1779 502 stn-

988 516 1127 549 dentibus,
1144 520 1200 542 tnm
1220 516 1390 551 tyrannicum
1408 515 1458 542 hoc
1481 517 1622 544 oraculum
1635 525 1697 545 esse
1707 519 1780 547 vide-

988 561 1072 595 bitur,
1091 565 1172 596 atque
1182 561 1351 588 sacerdotum
1368 561 1500 589 duntaxat
1520 564 1692 591 commodum
1719 572 1780 600 spe-

987 610 1065 632 ctans
1090 614 1096 632 :
1121 613 1215 633 eorum
1233 610 1334 638 autem,
1369 606 1467 641 quibus
1497 606 1595 642 injuria
1625 608 1694 636 facta
1725 615 1778 644 est,

988 651 1087 678 nullam
1109 652 1241 680 rationem
1268 653 1372 680 habens
1392 662 1399 680 :
1416 653 1599 682 crudelissimi
1613 655 1676 682 item
1692 661 1718 683 et
1733 656 1777 683 in-

988 698 1187 731 humanissimi,
1213 699 1258 733 qui
1293 699 1439 726 sacerdolii
1468 707 1580 727 munere
1609 700 1777 736 funguntur.

987 743 1058 776 quod
1079 751 1131 769 non
1159 751 1254 770 omnes
1279 744 1441 771 criminibus
1466 744 1582 773 solvant.
1607 745 1641 772 At
1668 754 1719 773 non
1742 747 1779 774 ita

987 792 1039 819 est,
1054 795 1159 816 nonest
1177 790 1285 824 inquam
1300 791 1334 817 ita
1354 798 1360 816 :
1378 797 1412 817 ne
1424 790 1537 824 teipsum
1556 791 1777 826 circumscribas,

987 833 1041 866 vel,
1059 840 1087 862 ut
1104 836 1204 863 t'cctius
1223 838 1329 871 loquar,
1347 843 1379 863 ne
1390 836 1472 863 simul
1487 841 1515 863 et
1533 837 1661 872 teipsnm,
1678 844 1704 866 ct
1720 846 1776 870 eos.

987 882 1032 916 qui
1052 886 1078 909 te
1092 883 1216 916 audiam,
1236 884 1260 910 in
1282 884 1436 918 voraginem
1457 884 1589 920 impellas,
1608 894 1656 913 nec
1670 886 1778 914 Scriba-

143 928 260 959 σάντων,
278 926 386 958 καὶτὰς
397 925 473 958 θείας
492 927 792 963 παρερμηνευσάντων,
810 929 857 956 καὶ
872 930 934 957 ἀνα-

989 935 1048 955 rum
1062 933 1089 955 et
1109 927 1309 956 ‘Pliarismorum
1327 929 1391 966 (qui
1409 930 1504 957 solatia
1517 932 1639 966 quaedam
1657 932 1777 966 pejeran-

141 972 300 1008 τρεψάντων
328 972 455 1004 ὲντολάςν
488 971 548 999 ἀλλ’
574 973 682 1007 εὐαγῶς
711 975 759 1000 καὶ
781 975 934 1010 εἰλικρινῶς

141 1017 253 1049 τοῖςτδιὰ
263 1017 317 1044 τῶν
330 1017 462 1052 χρησμῶν
477 1017 718 1054 θεσμοθετηθεῖσιν
733 1019 816 1045 ἕπου·
833 1018 874 1051 οἷς
888 1020 934 1046 καὶ

141 1065 156 1091 ό
172 1064 244 1099 ίερὺς
261 1063 423 1093 ’Δπόστολος
434 1062 590 1094 ἀκολούθως
602 1063 658 1099 (51)
672 1063 766 1098 ἔλεγεν
776 1071 782 1078 ·
802 1073 810 1090 ι
828 1065 865 1091 Οὺ
880 1065 935 1100 γὰρ

142 1110 280 1145 δυνάμεθά
292 1118 319 1137 τι
334 1109 405 1136 κατά
418 1109 467 1144 τῆς
482 1109 626 1144 ἀληθείας,
642 1109 699 1136 ἀλλ’
717 1110 788 1146 ὑπὲρ
802 1111 853 1146 τῆς
866 1111 934 1146 ἀλη-

142 1155 228 1187 θείας.
249 1165 258 1181 ι
279 1156 313 1183 Ἣ
340 1155 374 1182 ἂν
398 1155 448 1191 μὲν
466 1155 595 1187 πλούσιος
655 1157 669 1182 ὁ
690 1156 871 1192 ἐπιορκήσας,
888 1157 935 1183 καὶ

140 1203 315 1238 προσενέγκῃ
329 1201 368 1237 τῷ
385 1202 463 1236 ἱερεῖ,
479 1202 645 1229 ἀπολύεται·
663 1202 711 1229 ἐὰν
738 1202 767 1229 δὲ
783 1203 867 1238 πένης
887 1203 934 1230 καὶ

142 1249 181 1284 μὴ
207 1250 388 1285 προσενέγκῃ,
414 1248 569 1277 εὐθύνεται.
599 1249 681 1276 Ἀλλὰ
711 1250 799 1276 ταῦτα
817 1248 846 1276 οὕ
864 1258 934 1284 φημι

140 1295 288 1330 πράττειν,
313 1295 371 1322 ἀλλ’
396 1294 451 1322 οὐδ’
466 1296 567 1322 ἐννοεῖν
590 1295 679 1331 θέμις.
703 1295 776 1331 Ἑρεῖ
793 1295 847 1331 γάρ
862 1304 904 1322 σοι
920 1297 934 1323 ὁ

139 1341 255 1376 κριτής·
287 1339 466 1372 ι⁶Υπέλα6ες
492 1340 525 1368 ἄν
554 1349 588 1376 με
619 1340 685 1376 (52),
714 1341 756 1367 ὅτι
780 1340 876 1376 ἔσομαί
893 1349 934 1367 σοι

139 1386 234 1422 ὅμοιος
247 1395 254 1419 ;
274 1395 283 1411 ›
306 1387 361 1413 Καὶ
377 1385 434 1417 πῶς
455 1383 511 1412 οἷόν
525 1394 572 1419 τες
595 1385 625 1413 Ὅ
640 1386 695 1421 γὰρ
710 1386 865 1422 προστάξας
877 1386 932 1419 τοῖς

140 1432 274 1467 ὑπηκόοις
289 1431 364 1467 δῶρα
386 1431 429 1457 ἐπ’
451 1430 551 1467 ἀθώοις
576 1431 613 1467 μὴ
635 1431 771 1467 δέχεσθαι,
788 1432 838 1458 οὐκ
853 1431 887 1458 ἂν
900 1432 932 1468 δή

140 1485 193 1503 που
211 1477 274 1508 τοὺς
290 1477 456 1512 ίερωμένους
469 1476 576 1508 τούτοις
590 1477 862 1512 καταρῤυπαίνεσθαι
877 1479 933 1509 τοῖς

139 1523 263 1556 αἰσχροῖς
278 1522 386 1557 κέρδεσι
402 1523 595 1556 προσέταττεν.
620 1522 701 1548 Ἀλλὰ
715 1522 794 1549 τοῦτο
810 1522 873 1558 ἔφη,
889 1522 932 1549 ἵνα

142 1567 213 1602 μετὰ
233 1567 283 1602 τὴν
298 1567 448 1600 ἀπολογίαν
471 1567 525 1593 τῶν
539 1567 781 1603 ἀποστερηθέντων
797 1568 853 1604 (55)
871 1577 933 1595 συν-

988 972 1062 999 tibus
1081 973 1115 999 ob
1143 977 1248 1007 turpem
1273 979 1407 1008 qua-stum
1428 975 1628 1010 excogitarunt,
1652 981 1679 1002 et
1708 976 1779 1004 tilios

990 1018 1120 1044 adversus
1144 1023 1270 1052 parentes
1289 1024 1449 1050 armarunt,
1478 1024 1505 1046 et
1526 1020 1615 1046 divina
1651 1022 1777 1048 mandata

989 1063 1100 1090 sinistra
1115 1063 1340 1098 interpretatione
1359 1065 1545 1098 detorserant,
1559 1074 1590 1093 ac
1604 1067 1777 1102 everterunt)

990 1109 1053 1135 vitia
1070 1116 1184 1136 renoves
1204 1118 1210 1134 :
1229 1116 1321 1135 verum
1337 1117 1379 1141 ca,
1395 1117 1454 1144 quae
1472 1110 1570 1137 divinis
1586 1112 1704 1138 oraculis
1720 1119 1780 1139 sau-

989 1153 1042 1180 cita
1057 1158 1138 1186 sunt,
1157 1153 1199 1188 pie
1224 1161 1256 1180 ac
1278 1154 1384 1182 sincere
1399 1162 1527 1188 Sequere,
1542 1155 1641 1190 quibus
1661 1162 1776 1184 consen-

990 1203 1068 1226 tanee
1083 1204 1275 1226 sacrosanctus
1291 1200 1373 1227 etiam
1389 1200 1535 1235 Apostolus
1549 1201 1655 1228 dicebat
1668 1211 1675 1228 :
1696 1211 1705 1227 ‹
1719 1201 1777 1230 Non

988 1245 1060 1272 enim
1077 1253 1220 1280 possumus
1232 1245 1333 1280 aliquid
1351 1245 1481 1273 adversus
1497 1246 1649 1279 veritatem,
1668 1247 1716 1274 scd
1730 1254 1778 1281 pro

989 1291 1103 1318 veritate
1122 1290 1157 1317 τ’.
1177 1300 1186 1317 ι
1202 1291 1241 1318 Αιι
1267 1299 1331 1318 vero
1347 1291 1369 1319 si
1394 1291 1427 1325 is,
1444 1292 1489 1326 qui
1518 1292 1637 1327 perjurio
1655 1300 1714 1320 sese
1730 1294 1778 1321 ob-

989 1337 1107 1369 strinxit,
1124 1336 1199 1363 divcs
1213 1340 1239 1363 et
1256 1336 1382 1370 copiosus
1403 1336 1449 1369 sit,
1479 1344 1509 1363 ac
1528 1337 1662 1363 sacerdoti
1677 1344 1776 1363 munus

988 1382 1096 1416 aliquod
1115 1382 1254 1414 obtulerit,
1280 1381 1411 1409 liberatur
1427 1390 1434 1409 :
1450 1382 1471 1409 si
1487 1387 1580 1408 autent
1604 1382 1680 1416 inops
1696 1388 1722 1409 et
1738 1387 1778 1410 te-

989 1428 1064 1459 nuis,
1088 1434 1138 1455 nec
1157 1427 1295 1462 quidpiam
1321 1427 1430 1458 oll‘erat,
1453 1427 1584 1462 supplicio
1600 1426 1778 1455 allicitur?At

988 1473 1055 1506 haec,
1073 1480 1124 1499 non
1152 1473 1211 1500 dico
1237 1472 1338 1505 facere,
1356 1473 1402 1500 sed
1425 1481 1457 1500 ne
1481 1473 1599 1508 cogitare
1615 1473 1722 1507 quidem
1738 1473 1778 1501 fas
1797 1499 1802 1504 ,

988 1524 1039 1547 est.
1066 1519 1143 1547 Dicet
1161 1519 1233 1546 enim
1254 1518 1336 1553 judex
1355 1528 1362 1546 :
1382 1528 1390 1545 ι
1409 1519 1575 1546 Existimasti
1591 1521 1662 1554 quod
1679 1527 1726 1547 ero
1741 1522 1776 1546 tui

988 1565 1086 1592 similis
1096 1565 1140 1592 5°?
1157 1575 1166 1591 ι
1186 1565 1238 1598 Qui
1268 1570 1359 1592 autent
1382 1565 1407 1592 id
1429 1566 1486 1592 ﬁeri
1511 1566 1615 1599 queat?
1639 1565 1707 1592 Nam
1732 1566 1777 1600 qui

140 1612 301 1647 ευχόμενοι,
314 1612 364 1638 καὶ
389 1612 615 1648 συννηστεύοντες
630 1614 685 1644 τοῖς
706 1613 846 1646 πταίσασι,
859 1613 934 1640 λύσιν

989 1609 1112 1637 subditos
1135 1617 1247 1637 munera
1272 1617 1354 1643 super
1375 1609 1532 1637 innocentes
1547 1611 1671 1644 accipere
1687 1611 1777 1645 prohi-

140 1657 234 1688 αὐτοῖς
255 1657 401 1692 οὐρανόθεν
426 1657 586 1693 ¹ιτορίσοιντο
597 1665 603 1672 ·
620 1658 708 1685 ἐκεῖνο
726 1659 788 1694 μηδ’
816 1659 856 1690 είς
872 1658 934 1686 νοῦν

139 1702 327 1738 λαμϐάνοντες
350 1703 397 1730 τό·
419 1712 427 1728 ι
445 1703 540 1737 Δεῦτε,
562 1703 814 1739 κληρονομήσωμεν
829 1705 935 1736 ἑαυτοῖς

139 1749 172 1775 τὸ
186 1748 381 1784 θυσιαστήριον
397 1749 444 1776 τοῦ
472 1750 551 1776 Θεοῦ.
571 1759 580 1775 ι
598 1750 759 1785 Λειτουργοὶ
775 1751 829 1786 γάρ
854 1751 933 1784 εἰσιν,

143 1794 176 1820 οὑ
191 1794 331 1821 κοινωνοί·
348 1795 488 1831 πρέσὸεις,
506 1795 536 1822 οὑ
551 1795 660 1831 κριταί”
682 1795 801 1831 μεσίται,
815 1797 845 1822 οὐ
863 1796 936 1832 βασι-

140 1841 210 1872 λεῖς.
236 1840 268 1866 Οἱ
292 1840 347 1876 γὰρ
373 1840 421 1867 καὶ
449 1841 514 1876 περὶ
536 1841 645 1868 οἰκείων
666 1841 882 1877 ἁμαρτημάτων,
897 1842 936 1874 ὠς

141 1885 196 1921 ἔφη
222 1885 237 1911 ὁ
263 1886 436 1919 ’Δπόστολος,
466 1885 561 1919 θυσίας
585 1888 797 1922 προσφέροντες,
828 1887 878 1914 οὐκ
897 1888 936 1915 ,ἂν

140 1931 230 1966 δήπου
256 1931 285 1964 ἐξ
300 1931 442 1964 αὑθεντίας
470 1933 517 1959 καὶ
537 1933 595 1964 τοῖς
614 1933 820 1968 ἁμετανοήτοις,
843 1934 866 1960 εί
888 1933 936 1960 καὶ

141 1977 270 2003 πλούσιοι
285 1975 351 2010 εἷεν,
367 1978 484 2005 δύναιντ’
499 1979 607 2013 ἀφεῖναι
632 1978 778 2014 ἁμαρτίας.
800 1979 861 2006 Ὅτι
882 1979 936 2014 γὰρ

141 2023 174 2049 οὐ
201 2024 258 2054 τοῖς
285 2023 444 2059 ίερωμένοις
470 2024 637 2059 καπηλεύειν
653 2024 688 2051 τὰ
714 2025 864 2060 πράγματα
879 2025 936 2060 (54)

141 2068 307 2103 ἐπέτρεψεν,
323 2069 383 2096 οὐδὲ
399 2069 466 2105 πρὸς
483 2070 514 2096 τὸ
524 2070 623 2097 οἰκεῖον
637 2070 731 2105 κέρδος
750 2071 816 2106 ὀρᾷν
828 2071 936 2098 ἐθέσπι-

141 2122 201 2147 σεν,
223 2115 293 2140 ἀλλὰ
309 2115 375 2151 πρὸς
389 2115 419 2142 τὸ
444 2115 498 2142 τῶν
511 2116 671 2151 ἀρχομένων
689 2117 828 2152 συμφέρον
849 2117 936 2145 πάντα

140 2160 345 2195 ἐνομοθέτησεν
367 2161 381 2187 ὸ
407 2161 499 2196 πάσης
525 2162 637 2196 ἁγνείας
666 2163 713 2190 καὶ
738 2163 933 2199 καθαρότητος,

139 2206 298 2241 ἀνάκτορον
317 2207 373 2242 (55)
391 2207 490 2239 αὐτοὺς
514 2207 583 2235 εἶναι
607 2208 778 2243 βουλόμενος,
795 2209 935 2244 μεμήνυκε

140 2252 197 2286 μὲν
220 2253 268 2278 καὶ
289 2252 332 2279 διὰ
347 2252 393 2279 τοῦ
420 2253 578 2288 ἱεροφάντου
602 2254 733 2286 Μωσέως,
749 2254 890 2289 μεμήνυκε
907 2253 936 2280 δὲ

987 1655 1055 1689 buit,
1074 1655 1272 1687 sacerdotibus,
1291 1659 1320 1681 ut
1342 1655 1466 1689 turpibus
1480 1654 1522 1682 his
1533 1655 1615 1683 lucris
1628 1664 1688 1684 sese
1702 1664 1776 1683 com-

987 1701 1166 1733 macularenl,
1194 1700 1265 1727 haud
1288 1701 1409 1734 profecto
1437 1701 1594 1735 imperaret.
1616 1702 1714 1729 Verum
1733 1702 1776 1730 his

989 1747 1078 1774 verbis
1099 1746 1292 1773 idcirco’uSus
1314 1750 1366 1778 est,
1383 1750 1410 1773 ut
1429 1751 1490 1780 post
1512 1751 1666 1780 ercptarum
1685 1755 1774 1776 rerum

988 1792 1189 1820 restitutionem
1205 1799 1268 1818 curn
1281 1791 1333 1825 his,
1348 1792 1394 1826 qui
1407 1791 1589 1826 deliquerant,
1603 1793 1683 1820 simul
1697 1801 1778 1821 oran-

987 1841 1029 1865 tes
1046 1845 1077 1865 ac
1091 1838 1259 1871 jejunantes,
1275 1837 1381 1864 veniam
1407 1838 1476 1872 ipsis
1491 1845 1522 1865 ac
1534 1839 1696 1867 solutionem
1711 1840 1776 1868 divi-

989 1884 1061 1910 nitus
1077 1888 1276 1918 compararent.
1291 1882 1357 1910 Illud
1372 1891 1405 1911 ne
1432 1880 1463 1911 n1
1478 1883 1597 1911 animum
1624 1885 1731 1920 quidem
1751 1891 1779 1914 et

987 1930 1178 1965 cogitationem
1194 1929 1382 1958 immittentes.
1402 1938 1411 1956 ι
1428 1930 1495 1965 Age,
1513 1931 1672 1959 haereditate
1690 1932 1777 1966 possi-

988 1976 1102 2003 deamus
1121 1976 1305 2004 sanctuarium
1331 1976 1378 2003 Dei
1394 1976 1427 2004 ⁵¹.
1445 1985 1454 2003 ι
1470 1975 1586 2003 Ministri
1614 1977 1684 2004 enim
1703 1982 1776 2009 sunt,

988 2029 1040 2049 non
1055 2022 1220 2057 participes:
1240 2022 1438 2057 deprecatores,
1461 2022 1542 2058 363
1570 2030 1623 2050 non
1650 2022 1776 2057 judiccs;

987 2068 1161 2101 mediatores,
1192 2075 1245 2095 non
1263 2076 1350 2103 reges.
1367 2068 1433 2096 Nam
1449 2070 1495 2103 qui
1526 2076 1574 2104 pro
1597 2069 1653 2097 suis
1670 2076 1777 2104 quoquo

987 2114 1156 2148 peccatis,ut
1184 2114 1218 2141 ab
1244 2113 1374 2150 Apostolo
1402 2115 1504 2142 dictum
1532 2120 1574 2142 est
1594 2115 1774 2148 ",saeriiicia

987 2159 1113 2193 otTeruut,
1129 2161 1199 2188 haud
1215 2169 1280 2188 sane
1296 2161 1369 2189 velut
1384 2169 1433 2197 pro
1447 2169 1496 2189 suo
1509 2162 1579 2196 jure,
1598 2162 1631 2190 iis
1640 2169 1707 2197 quos
1717 2169 1775 2190 sce-

987 2206 1073 2234 lerum
1103 2207 1214 2234 minime
1244 2208 1384 2242 pmniteal,
1420 2208 1526 2235 etiamsi
1547 2207 1724 2243 locupletibus
1752 2214 1780 2236 et

987 2252 1133 2286 opulentis,
1163 2257 1275 2287 peccata
1294 2253 1449 2281 condonare
1477 2258 1587 2289 queant.
1618 2253 1685 2280 Nam
1707 2255 1779 2288 quod

139 2296 191 2322 ναὶ
204 2296 239 2323 δι’
262 2297 359 2324 ἑαυτοῦ
371 2306 377 2312 ·
394 2298 438 2324 διὰ
456 2299 507 2333 μὲν
530 2298 578 2324 τοῦ
593 2299 738 2334 νομοθέτου
767 2300 872 2334 φήσας,
895 2299 934 2326 ὅτι

989 2298 1177 2326 sacerdotibus
1199 2306 1354 2334 cauponum
1378 2299 1467 2327 instar
1486 2299 1600 2334 quastui
1622 2307 1667 2327 res
1679 2300 1780 2327 habere

142 2351 155 2368 ι
179 2342 215 2368 El
239 2351 281 2374 ¹τις
307 2344 546 2380 παρακαταθήκην
573 2344 721 2376 νοθεύσειε,
751 2345 858 2380 πρῶτον
887 2346 936 2381 μὲν

138 2387 296 2414 ἀποδιδότω
307 2388 342 2415 τὰ
355 2389 549 2424 ἀφαιρεθέντα,
563 2388 623 2417 εἶτα
634 2390 726 2425 ἡκέτω
739 2391 779 2422 εἰς
795 2390 840 2418 τὸν
856 2389 935 2423 νεὼν,

179 2476 204 2492 ⁷⁵
215 2476 268 2503 Ma:
277 2477 314 2505 th.
332 2485 389 2509 xvr,
409 2477 452 2503 19.

991 2345 1102 2372 minime
1125 2345 1291 2380 permiserit,
1314 2352 1365 2373 nec
1381 2345 1485 2380 privata
1502 2346 1643 2373 commoda
1656 2349 1780 2381 spectare

991 2391 1163 2426 praeceperit,
1176 2399 1268 2418 verum
1292 2391 1325 2419 ad
1348 2391 1516 2419 subditorum
1531 2391 1675 2419 utilitatem
1689 2391 1780 2420 omnia

493 2478 515 2494 ⁷⁷
527 2476 549 2503 ll
566 2477 627 2505 Cor.
643 2485 704 2509 xui,
721 2477 748 2504 8.
786 2478 808 2493 ⁸⁸
820 2477 870 2505 lsa.
887 2486 934 2505 xu

988 2478 1004 2505 ἰ.
1044 2479 1066 2494 ¹¹
1081 2478 1150 2506 Psal.
1169 2486 1274 2512 Luxu,
1290 2479 1333 2507 l3.
1372 2478 1395 2495 ⁸¹
1408 2478 1490 2507 Hebr.
1506 2487 1535 2512 ι’,
1552 2479 1563 2506 Ι
1579 2486 1654 2514 seqq.

699 2553 816 2582 VARIA‘Z
837 2554 1030 2584 LECTIONES
1050 2555 1093 2583 ET
1113 2556 1228 2584 NOTAE.

191 2644 239 2678 49)
260 2643 333 2679 idem
351 2651 404 2671 non
423 2644 492 2671 male
505 2643 575 2679 ὁρῶν
588 2651 637 2678 pro
650 2643 726 2679 ὁρᾷν.
738 2643 850 2679 Possm.

191 2679 238 2713 50)
260 2678 312 2707 Pro
339 2679 394 2711 his,
424 2678 576 2713 μᾶλλονδὲ
604 2679 640 2714 μὴ
667 2678 766 2705 σαυτὸν
800 2679 847 2705 καὶ
871 2680 935 2714 τοὺς

135 2713 294 2746 ἀκούοντάς
307 2722 366 2746 σου,
379 2714 548 2741 emendatius
557 2714 597 2740 sic
610 2714 706 2740 scribit
720 2714 780 2740 cod.
795 2714 856 2741 Vat.
870 2713 932 2745 650,

137 2750 247 2786 μᾶλλον
268 2750 296 2776 δὲ
314 2749 413 2776 σαυτὸν
433 2749 480 2776 καὶ
498 2749 560 2780 τοὺς
576 2747 726 2780 ἀκούοντας
741 2748 789 2776 σύν
817 2758 859 2776 σοι
883 2750 934 2781 εἰς,

135 2786 433 2882 θμὼίῗἸἊκολούθως
455 2824 528 2847 recte
556 2819 582 2846 in
607 2818 763 2846 ἀκολουθῶν
785 2819 854 2847 idem
874 2820 934 2847 cod.

137 2860 237 2882 vertit.
269 2863 296 2882 ι).

137 2860 237 2882 vertit.
255 2860 296 2882 ID.

181 2889 235 2927 (5'2)
256 2889 425 2918 Rectissime
449 2890 510 2918 cod.
539 2890 600 2918 Val.
627 2889 659 2916 ἄν
687 2889 815 2926 μερΙιιηθ
842 2889 939 2917 vitioso

991 2644 1118 2681 positum
1126 2645 1246 2681 restituit
1261 2645 1287 2672 in
1302 2645 1402 2681 ἄνομα,
1412 2645 1451 2673 In.

1028 2679 1083 2714 (55)
1101 2679 1166 2707 Cod.
1182 2680 1242 2707 Vat.
1255 2677 1475 2716 ὲκστερηθέντων
1487 2678 1560 2714 ponit
1575 2685 1623 2716 pro
1631 2677 1776 2713 άποστιρ.,

987 2713 1059 2748 etc.;
1076 2723 1149 2742 vers.
1166 2720 1227 2749 post
1243 2716 1260 2742 2
1283 2713 1520 2749 ιιι-σ’πορίσοιντο,
1546 2713 1723 2749 πορίσωνται,
1751 2718 1777 2739 et

986 2757 1064 2786 vers.
1075 2757 1133 2784 seq.
1149 2747 1331 2786 ἁνιαστήριον
1349 2747 1398 2784 pro
1408 2748 1612 2786 θυσιαστήριον.
1624 2747 1662 2774 Ιι).

1035 2785 1080 2821 ξξῤ)
1100 2787 1168 2812 Cod.
1189 2784 1444 2821 ννο1.,⁷’γράμματα.
1453 2784 1506 2821 _lo_._
1612 2817 1618 2821 _
1758 2816 1764 2821 .

1034 2817 1080 2854 ὃὸ)
1101 2821 1153 2848 Pro
1164 2817 1315 2855 ἀνάκτορον
1325 2817 1396 2848 idem
1410 2818 1470 2847 cod.
1487 2817 1547 2846 Vat.
1566 2817 1666 2852 optime
1679 2817 1779 2845 rescri-

988 2855 1028 2883 bit
1050 2855 1215 2902 ςξνάκτορας.
1236 2855 1273 2882 In.
