2045 3158
174 163 229 197 ΜΞ)

438 215 516 244 Σεθι.
538 230 572 235 -
591 216 717 253 nemo.

177 264 239 291 ὀτι
265 262 404 297 χαλεπῶς
420 262 456 296 (f.
487 262 622 297 χαλεπὸν
645 263 686 298 vel
708 263 921 298 χαλεπωτάτη)
948 264 967 298 ἠ

213 298 395 330 κακοδοξία,
412 298 461 324 καὶ
479 299 620 332 ἀνόνητοι
634 297 693 324 τῶν
709 297 800 333 ταύτῃ
821 307 967 332 κεκρατη-

210 333 311 369 μένων
331 335 357 360 οὶ
379 334 477 360 πόνοι.

219 388 329 425 Ἐπειδὴ
345 389 370 415 οἱ
384 389 477 421 κακῶς
495 390 708 425 δογματίσαντες
723 391 838 418 θανάτου
857 391 968 427 μείζονα

177 437 314 473 τιμωρίαν
338 438 394 468 τοῖς
418 437 629 472 ἀπερισκέπτως
653 438 831 465 πιστεύσασιν
858 438 967 471 ἔτεκον,

177 483 248 509 ἔστω
270 484 327 515 τοῖς
351 483 529 519 βεϐλημένοις
550 483 659 519 ἄριστον
683 484 830 520 φάρμακον
849 486 865 520 ἡ
887 486 969 520 μετὰ-

177 537 289 562 γνωσις.

315 631 374 658 Σοί.
392 644 426 650 —
444 630 622 666 ΛΔΜΠΕἹΊῼ
642 630 828 666 ΕΠΙΣΚΟΠῼ.

221 688 399 723 Ἀποδέχομαι
416 688 466 723 μέν
491 696 520 714 σε
541 689 590 723 τῆς
606 689 669 723 περὶ
686 688 735 724 τὴν
755 688 832 715 πόλιν
847 689 968 722 εὐνοίας,

178 734 269 759 ἐκεῖνο
286 733 314 759 δὲ
339 732 504 768 παραινέσαι
526 733 629 760 δίκαιον
647 733 757 769 ᾠήθην,
780 735 818 770 μὴ
840 734 969 770 θρήνοις,

179 776 239 802 ἀλλ’
256 776 348 810 εὐχαῖς
366 776 451 811 αὐτὴν
468 777 674 813 ἀνακτήσασθαι
695 778 760 814 (68).
781 779 812 805 Ei
832 778 894 814 γὰρ·
911 779 968 813 καὶ,

180 821 220 851 ὼς
237 820 388 855 γέγραφας,
409 821 557 856 Ἀμμωνίῳ
572 821 678 849 θανόντι
691 823 871 858 συντέθνηκεν
886 825 902 859 ὴ
919 824 969 850 πό-

181 867 235 898 λις,
247 866 303 893 ἀλλ’
318 866 392 898 ἐλπίς
404 866 533 901 ὲστιιτῆς
548 867 623 898 θείας
639 868 851 903 προηγουμένως
859 867 970 904 βοηθού-

181 920 232 946 σης
255 912 355 946 ῥοπῆς,
377 910 458 937 πάλιν
481 909 566 947 αὐτὴν
585 911 746 946 ἀναστῆναι.
767 912 870 944 Ὄντως
895 912 968 948 γὰρ,

179 957 265 991 ἔφης,
293 956 420 992 εὐανδρία
447 955 543 991 πρώην
564 957 612 983 καὶ
635 957 759 992 χρήμασι
784 958 898 994 κομῶσα
925 959 971 987 καὶ

180 1004 266 1038 ἀρετῇ
289 1002 484 1037 κεκοσμημένη
496 1023 504 1034 ,
522 1002 566 1029 διὰ
586 1002 636 1034 τὰς
651 1002 757 1031 ἐκείνω
777 1003 824 1030 τοῦ
848 1004 971 1040 ἀοιδίμου

179 1048 280 1084 εὐχὰς,
293 1047 340 1075 νῦν
357 1049 396 1080 είς
411 1048 544 1083 τοσαύτην
561 1048 716 1084 κατηνέχθη
730 1049 842 1083 πενίαν,
860 1051 906 1077 καὶ
920 1058 973 1077 σω-

181 1095 275 1130 μάτων
284 1115 291 1125 ,
309 1093 356 1120 καὶ
371 1093 537 1129 χρημάτων,
551 1094 598 1120 καὶ
612 1094 852 1130 οἰκοδομημάτων,
866 1096 903 1126 ὡς
917 1095 971 1122 τῶν

181 1139 397 1174 ὑπολειφθέντων
413 1139 475 1171 τοὺς
495 1139 544 1174 μὲν
562 1140 718 1174 ἀποπτῆναι
736 1140 793 1176 (69)
809 1141 859 1175 τῆς
873 1140 971 1177 πατρί-

179 1187 243 1218 δος,
272 1185 335 1217 τοὺς
359 1184 385 1211 δὲ
407 1185 592 1219 τυπτομένους
609 1186 637 1212 ὲν
652 1185 849 1222 δεσμωτηρίοις
871 1186 972 1213 ἀποθα-

179 1234 235 1258 νεῖν
247 1241 254 1248 ·
274 1231 322 1258 τοῦ
344 1231 484 1263 δοκοῦντος
495 1232 620 1267 ἡγεῖσθαι
631 1253 639 1265 ,
657 1232 793 1268 μηδεμίαν
808 1233 972 1268 ποιουμένου

179 1278 327 1312 πρόνοιαν,
348 1276 406 1303 ἀλλ’
425 1276 610 1312 ὲντρυφῶντος
634 1277 684 1311 μὲν
705 1278 752 1312 ἀφ’
772 1274 810 1305 ὧν
826 1279 857 1304 οὐ
874 1278 971 1313 θέμις,

178 1323 230 1355 τὰς
244 1322 392 1357 ἀναγκαίας
407 1322 461 1348 τῶν
477 1323 598 1357 πενήτων
612 1324 716 1358 τροφὰς
733 1324 772 1355 εἰς
789 1324 856 1355 ιδίας
870 1325 972 1359 φιλοτι-

181 1368 248 1404 μίας
269 1368 479 1399 ἀναλίσκοντος
502 1369 763 1403 πραγματευομένου
781 1369 809 1396 δὲ
827 1370 876 1400 τὰς
897 1370 974 1396 ἀλλο-

177 1415 259 1451 τρίας
283 1414 435 1450 συμφορὰς,
459 1415 507 1441 καὶ
535 1415 603 1451 μήτε
625 1414 741 1450 δάκρυον
765 1416 924 1451 αἰδουμένου
944 1416 973 1443 ἐν

178 1461 299 1498 τοσαύτῃ
311 1461 404 1488 κακῶν
416 1461 534 1496 ἀνάγκῃ,
551 1461 619 1496 μήτε
630 1462 709 1497 χεῖρα
724 1461 877 1496 ὀρέγοντος.
897 1463 973 1489 Ἐπεὶ

179 1507 271 1533 τοίνυν
288 1505 399 1533 τοιαῦτα
416 1506 595 1542 καταθρηνῶν
614 1507 756 1543 γέγραφας
771 1507 838 1542 (70),
859 1509 906 1536 καὶ
924 1518 975 1540 παι

182 1553 356 1588 ρακέκληκας
373 1552 443 1579 ὥστε
457 1553 531 1588 ἡμᾶς
549 1552 624 1588 αὐτῷ
636 1553 753 1588 γράψαι,
775 1553 829 1581 ῐσθι
844 1554 885 1581 ὃτι
899 1556 974 1582 πᾶσα

181 1599 291 1634 ἰατρικὴ
306 1598 387 1634 τέχνη
406 1599 521 1634 ἥττηται
537 1598 577 1634 τῷ
592 1600 727 1634 νοσήματι
740 1600 863 1635 τάνδρός.
882 1600 972 1628 Πολλὰ

180 1645 237 1681 γὰρ
258 1645 303 1672 καὶ
319 1645 441 1680 προσηνῆ
458 1646 506 1671 καὶ
521 1645 675 1680 δραστήρια
689 1645 841 1680 γράμματα
858 1644 972 1681 δεξάμε-

180 1700 242 1724 νος,
260 1691 386 1717 ἀπώνατο
401 1691 488 1718 οὐδέν.
511 1691 557 1717 Διὺ
574 1691 620 1718 καὶ
641 1691 691 1726 τὴν
709 1692 788 1726 σιγὴν
813 1691 904 1718 λοιπὸν
924 1691 974 1727 τὴν

181 1737 254 1772 πρὸς
264 1736 363 1768 αὐτοὺς
373 1737 572 1772 τετιμήκαμεν.
586 1737 616 1762 El
628 1736 718 1763 τοίνυν
730 1736 821 1763 δύναιο
838 1738 872 1763 δι’
887 1737 974 1772 εὐχῶν

179 1782 352 1818 κατορθῶναί
366 1791 390 1808 τι
406 1781 497 1817 σαυτῷ
513 1791 543 1808 τε
561 1782 608 1808 καὶ
623 1783 655 1817 τῇ
675 1781 762 1813 πόλει,
775 1782 912 1817 ἀφέμενος
928 1782 974 1809 τὸν

180 1828 292 1863 Θρῆνον,
307 1828 369 1863 ἔχου
384 1828 440 1864 (71)
453 1828 524 1863 τάχα
536 1837 594 1860 πως
605 1829 619 1854 ὁ
630 1828 677 1854 καὶ
692 1828 726 1854 τὰ
737 1828 874 1863 ἀνήκεστα
892 1828 974 1863 ἰώμε-

180 1882 229 1906 νος
241 1872 325 1908 πάθη,
341 1875 450 1910 ποιήσει
467 1874 514 1901 καὶ
529 1873 610 1900 αὑτὸν
621 1875 653 1900 ὲκ
666 1873 716 1908 τῆς
727 1873 862 1909 τοσαύτης
877 1874 975 1909 μανίας

181 1921 355 1954 ἀνενεγκεῖν,
377 1921 424 1947 κα)¹
445 1920 494 1957 τὴν
511 1920 590 1948 πόλιν
606 1921 653 1947 ἐπὶ
668 1921 732 1955 γόνυ
749 1920 896 1956 κειμένην,
911 1921 977 1956 μᾶλ-

179 1964 229 1993 λον
246 1965 289 1999 δὲ,
302 1966 339 1998 ὡς
354 1967 433 2002 ἔφης,
447 1968 610 2003 τεθνηκυῖαν
623 1967 783 2002 ἀναστῆναι.

601 150 874 192 EPISTOLARUM‘
887 162 962 192 LIB.
983 162 1041 192 III.
1061 175 1095 180 -
1115 163 1234 193 EPIST.
1256 161 1403 192 CCLXXI.

1759 158 1810 190 9εο

1251 215 1385 244 CCLXIX.
1402 231 1435 235 —
1451 213 1575 242 PAULO.

1021 262 1121 289 Malam
1137 262 1284 296 opinionem
1303 270 1357 288 rem
1373 262 1508 288 molestam
1524 269 1589 294 esse,
1605 268 1747 296 eorumque
1760 268 1805 296 qui

1117 297 1174 330 ipsa
1192 297 1303 331 correpti
1321 301 1382 323 sunt
1397 296 1499 324 labores
1516 304 1571 324 esse
1589 296 1708 323 inutiles.

1053 387 1277 422 Quandoquidem
1305 387 1333 420 ii,
1360 387 1405 421 qui
1430 387 1499 413 mala
1517 387 1642 422 dogmata
1667 391 1808 419 severum,

1021 437 1106 461 morte
1127 433 1279 468 graviorem
1303 433 1462 464 Cruciatum,
1485 433 1538 463 his,
1565 433 1610 466 qui
1639 432 1716 460 ﬁdem
1745 433 1810 467 ipsis

1021 479 1213 510 adhibuerunt,
1236 480 1408 512 pepererunt,
1431 476 1602 503 saluberrimi
1619 477 1809 504 medicamenti

1021 526 1078 553 loco
1099 525 1135 552 sit
1156 525 1198 556 iis,
1215 524 1261 558 qui
1284 523 1396 550 sauciati
1418 526 1491 555 sunt,
1514 522 1674 556 poenitentia
1692 527 1719 549 et
1741 523 1809 549 rosi-

1022 573 1162 609 piscentia.
1614 591 1621 594 Α

1135 627 1262 656 CCLXX.
1274 642 1309 647 —
1322 626 1498 654 LAMPE-TIO
1518 624 1693 652 EPISCOPO.

1058 687 1089 713 Et
1114 687 1136 713 si
1164 691 1236 712 tuam
1258 692 1322 720 erga
1343 684 1437 711 urbem
1465 682 1681 710 benevolentiam
1705 681 1810 716 probo:

1023 737 1114 759 tamen
1130 731 1195 758 illud
1212 737 1238 758 te
1254 730 1422 758 admonitum
1439 722 1530 761 vclim,
1543 733 1572 756 ut
1591 735 1649 756 eam
1668 735 1720 755 non
1740 727 1811 754 luctu

1021 786 1054 806 ac
1077 778 1224 814 lacrymis,
1262 777 1308 805 sed
1341 777 1410 804 votis
1428 783 1467 815 'ac
1497 775 1624 810 precibus
1654 780 1810 809 recuperes.

1022 825 1152 858 Quamvis
1167 824 1240 852 enim
1255 831 1297 853 ea.
1317 827 1346 850 ut
1361 822 1507 858 scripsisti,
1520 829 1573 848 una
1591 828 1652 848 cum
1666 819 1812 847 Ammonio

1024 874 1112 897 morte
1129 869 1299 900 occubuerit,
1316 876 1378 903 spes
1393 873 1482 895 tamen
1498 871 1550 899 est,
1566 865 1716 901 praesertim
1734 871 1811 892 acce-

1023 916 1104 943 dente
1120 915 1204 942 divini
1225 914 1344 941 numinis
1365 913 1477 946 auxilio,
1495 912 1563 945 fore,
1581 916 1611 938 ut
1628 911 1686 946 ipsa
1706 917 1812 937 rursum

1023 962 1154 995 erigatur.
1170 959 1240 987 Vere
1254 959 1339 992 enim,
1353 963 1382 986 ut
1404 966 1419 985 a
1439 962 1466 986 te
1483 958 1585 985 dictum
1600 960 1652 989 est,
1672 955 1812 983 hominum

1024 1006 1196 1034 multi-tudine
1208 1013 1243 1032 ac
1258 1005 1359 1032 divitiis
1377 1005 1412 1032 ob
1428 1003 1572 1031 clarissimi
1593 1002 1664 1030 illius
1681 1001 1731 1028 viri
1747 1007 1811 1035 pre-

1022 1060 1068 1080 ces
1087 1059 1172 1086 nuper
1188 1051 1299 1084 ﬂorens,
1318 1059 1350 1078 ac
1371 1050 1515 1077 virtutibus
1530 1053 1628 1076 ornata
1647 1052 1674 1075 et
1694 1047 1812 1078 exculta,

1024 1105 1096 1125 nunc
1118 1097 1151 1123 ad
1167 1103 1241 1129 eain,
1257 1099 1284 1123 et
1304 1102 1460 1130 corporum,
1479 1099 1506 1121 et
1524 1093 1692 1125 divitiarum,
1708 1097 1735 1119 et
1749 1091 1813 1118 aedi-

1025 1143 1146 1170 ficiorum
1171 1146 1356 1176 paupertatem
1382 1140 1484 1174 deiecta
1513 1142 1564 1170 est,
1592 1143 1620 1165 ut
1645 1137 1691 1172 qui
1716 1136 1813 1171 reliqui

1024 1189 1087 1217 facti
1108 1193 1181 1222 sunt,
1200 1187 1299 1222 partim
1317 1194 1332 1212 θ
1348 1186 1434 1222 patria
1454 1185 1597 1217 evolarint,
1614 1183 1712 1218 partim
1728 1182 1815 1217 plagis

1024 1235 1114 1262 allecti
1131 1236 1157 1262 in
1181 1240 1291 1261 carcere
1306 1233 1377 1260 diem
1393 1232 1454 1258 vitaz
1469 1236 1620 1259 extremum
1645 1228 1789 1256 (:lauserinl
1805 1237 1813 1254 :

1025 1282 1089 1308 dum
1107 1280 1216 1307 interim
1233 1279 1267 1310 is,
1286 1278 1331 1313 qui
1357 1277 1487 1304 antistitis
1510 1275 1627 1310 speciem
1649 1274 1728 1310 gerit,
1748 1273 1815 1300 nihil

1029 1328 1126 1355 horum
1142 1331 1229 1359 curat,
1250 1333 1344 1353 verum
1359 1332 1393 1352 ex
1411 1324 1453 1352 his
1468 1324 1576 1358 quidem
1591 1323 1681 1354 rebus,
1705 1329 1737 1348 cx
1755 1320 1815 1355 qui-

1024 1373 1075 1401 bus
1099 1373 1174 1400 nel‘as
1197 1377 1249 1404 est,
1274 1371 1384 1399 delicias
1418 1370 1469 1398 sibi
1495 1374 1583 1404 parat,
1608 1367 1816 1401 necessariaque

1026 1425 1174 1454 pauperum
1194 1417 1322 1444 alimenta
1349 1416 1375 1443 in
1394 1415 1593 1442 muttiﬁccntias
1610 1421 1674 1440 suas
1691 1412 1814 1444 insumit,

1025 1471 1196 1499 messcmque
1211 1471 1243 1492 ex
1260 1463 1356 1491 alienis
1368 1461 1568 1489 calamitatibus
1589 1459 1664 1492 facit,
1684 1463 1764 1493 atque
1787 1457 1816 1484 in

1027 1515 1100 1537 tanta
1118 1510 1251 1537 malorum
1268 1508 1395 1544 angustia
1410 1514 1461 1534 ncc
1478 1506 1607 1542 lacrymis
1624 1506 1685 1533 ullis
1697 1511 1818 1533 commo-

1026 1561 1113 1588 vetur,
1141 1563 1191 1584 nec
1210 1563 1322 1582 manmn
1346 1553 1468 1589 porrigit.
1497 1552 1630 1586 Quoniam
1657 1551 1739 1586 igitur
1760 1551 1818 1578 haec

1017 1597 1179 1630 llamentans
1197 1601 1343 1636 scripsisti,
1355 1607 1452 1634 meque
1465 1600 1590 1627 hortulus
1606 1606 1648 1629 es,
1664 1601 1693 1624 ut
1708 1598 1741 1624 ad
1755 1604 1817 1624 eum

1027 1648 1133 1675 litteras
1153 1648 1300 1679 mitterem,
1324 1646 1387 1673 illud
1405 1646 1486 1673 velim
1510 1653 1543 1672 ne
1569 1645 1689 1679 ignores,
1708 1650 1817 1669 omnem

1028 1693 1152 1721 medendi
1170 1697 1256 1720 artem
1273 1691 1360 1720 morbi
1380 1691 1465 1726 ipsius
1481 1691 1607 1725 gravitati
1632 1688 1816 1716 succubuisse.

1028 1737 1098 1765 Nam
1127 1745 1187 1765 cum
1219 1738 1328 1769 multas,
1347 1741 1402 1763 tum
1429 1735 1542 1762 blandas
1571 1739 1598 1762 et
1627 1741 1734 1765 suaves,
1763 1737 1817 1759 tum

1029 1789 1107 1811 acres
1121 1788 1147 1811 ct
1166 1783 1341 1811 vehementes
1366 1782 1470 1809 litteras
1493 1780 1638 1814 acceperit,
1653 1779 1754 1807 nullum
1779 1784 1819 1804 ta-

1030 1837 1091 1857 men
1116 1837 1150 1856 ex
1173 1829 1240 1863 ipsis
1265 1829 1383 1856 fructum
1408 1828 1489 1863 cepit.
1515 1827 1553 1853 Ac
1572 1831 1713 1861 propterea
1734 1825 1818 1851 silen-

1031 1876 1097 1903 tium
1112 1876 1167 1910 jam
1188 1875 1222 1902 ad
1240 1883 1302 1902 eum
1318 1875 1460 1902 colendum
1482 1873 1618 1901 duximus;
1637 1871 1818 1905 Quamobrem

1031 1922 1054 1949 si
1070 1922 1146 1957 quid,
1161 1921 1233 1956 quod
1258 1921 1369 1955 tibiipsi,
1387 1925 1414 1948 et
1429 1920 1533 1948 civitati
1550 1919 1614 1947 utile
1629 1919 1675 1952 sit,
1692 1917 1819 1952 precibus

1031 1968 1084 1995 tuis
1102 1967 1209 1995 ctlicere
1227 1973 1314 2002 potes,
1339 1967 1440 1994 omisso
1467 1966 1540 1993 luctu
1559 1965 1586 1992 in
1614 1972 1673 1992 eam
1696 1971 1752 1991 rem
1778 1962 1820 1989 in-

181 2014 290 2042 cumbe.
307 2014 352 2042 Sic
374 2015 446 2042 enim
462 2014 578 2043 fortasse
605 2015 638 2048 is,
654 2016 699 2050 qui
715 2015 870 2050 deploratos
891 2017 974 2043 etiam
994 2016 1103 2043 morbos
1117 2019 1206 2048 sanat,
1220 2021 1250 2043 ut
1278 2021 1305 2043 et
1318 2015 1374 2050 ipse
1401 2022 1435 2042 ex
1452 2014 1552 2049 ingenti
1567 2013 1672 2040 insania
1686 2015 1820 2046 emergat.

181 2061 321 2091 etcivitas
341 2061 367 2088 in
389 2069 475 2096 genua
488 2061 590 2096 iacens,
611 2062 651 2089 vel
665 2062 767 2096 potius,
784 2067 814 2089 ut
829 2063 911 2090 verbo
930 2066 975 2089 tuo
994 2066 1068 2095 utar,
1083 2067 1189 2089 mortua
1205 2067 1233 2089 ct
1248 2061 1384 2089 exstincta
1400 2061 1547 2093 excitetur,
1577 2059 1685 2087 etliciet.

286 2116 366 2144 ΣοΑν.
389 2131 422 2136 -
440 2117 617 2154 ΑΦΡοΔιΣιᾳ
638 2117 875 2155 ΠΡΕΣΒΥΤΕΡῼ.

181 2161 256 2196 Περὶ
271 2163 439 2196 πολιτείας,
456 2162 500 2189 ὅτι
513 2164 780 2224 ἀῖῐροοίωπόληπτα
794 2165 831 2192 τὰ
846 2165 910 2192 θεῖα
924 2173 976 2200 χα-

513 2207 530 2224 ο
544 2207 652 2224 imam.

509 2207 539 2232 pt
544 2207 653 2232 σματα.

227 2242 339 2279 Ἐπειδὴ
355 2243 511 2279 γέγραφας·
529 2245 569 2270 Δι’
585 2245 617 2280 ἣν
633 2245 722 2272 αἰτίαν
735 2246 764 2272 οὐ
783 2246 868 2272 πᾶσιν
882 2247 899 2282 ἡ
919 2245 978 2273 θεία

181 2287 334 2322 ἐφίπταται
358 2287 457 2324 χάρις,
482 2289 554 2321 ἴσθι,
571 2285 594 2315 ὦ
609 2288 758 2324 θαυμάσιε,
781 2289 860 2326 [ὅτι]
882 2291 975 2326 ἐπειδὴ

181 2333 235 2368 τὴν
255 2334 413 2370 προαίρεσιν
433 2333 598 2366 ὲξετάζουσα
612 2335 668 2370 ('72)
684 2336 791 2371 πρῶτον
812 2336 899 2368 οὕτως
915 2338 975 2363 ὲπι-

183 2380 279 2415 φοιτᾷ.
294 2380 325 2406 Εἰ
337 2380 392 2415 γὰρ
405 2380 452 2407 καὶ
464 2380 546 2416 χάρις
565 2381 653 2414 ἐστὶν,
667 2382 716 2417 οὐχ
731 2381 824 2414 ἁπλῶς
836 2383 972 2418 ἐκχεῖται,

182 2425 255 2452 ἀλλὰ
268 2425 302 2452 τὰ
317 2426 404 2461 μέτρα
419 2426 495 2461 παρὰ
507 2426 561 2453 τῶν
574 2427 728 2462 δεχομένων
742 2427 918 2463 λαμϐάνουσα
934 2437 978 2455 το-

1085 2117 1224 2145 CCLXXI.
1245 2133 1280 2138 -—
1293 2115 1502 2144 APllRODlSlO
1523 2113 1766 2142 PRESBYTERO.

1032 2163 1129 2191 Divina
1157 2165 1227 2191 dona
1254 2163 1327 2190 nulla
1360 2170 1530 2232 pars/onerum
1553 2161 1702 2196 acceptione
1731 2159 1822 2186 habita

1365 2207 1412 2225 con
1427 2206 1491 2226 em.
1726 2207 1734 2213 ι

1365 2206 1491 2226 εοηΙεγνι.
1726 2207 1734 2213 ⁴

1068 2245 1201 2279 Quoniam
1228 2252 1275 2280 per
1296 2245 1402 2271 litteras
1425 2251 1458 2270 cx
1483 2250 1525 2270 me
1545 2241 1705 2274 sciscitaris,
1724 2239 1821 2274 ecquid

1030 2291 1076 2324 sit,
1093 2291 1271 2326 quamobrem
1289 2290 1334 2317 Dei
1355 2290 1442 2326 gratia
1466 2296 1517 2316 non
1541 2287 1574 2315 ad
1595 2295 1690 2322 omnes
1704 2285 1820 2318 advolet,

1031 2337 1095 2364 illud
1118 2337 1196 2370 scito,
1219 2337 1260 2363 vir
1276 2336 1445 2367 admirando,
1470 2335 1521 2362 hoc
1542 2333 1645 2361 idcirco
1662 2332 1732 2365 ﬁeri,
1749 2331 1820 2366 quod

1029 2391 1060 2412 ea
1084 2384 1202 2417 primum
1229 2383 1311 2410 animi
1332 2382 1485 2409 institutum
1505 2381 1651 2416 expendat,
1677 2384 1759 2414 atque
1782 2378 1819 2409 ita

1033 2429 1131 2456 deinde
1148 2429 1269 2456 accedat.
1285 2428 1365 2469 367
1381 2427 1439 2455 Etsi
1451 2427 1523 2455 enim
1539 2427 1629 2463 gratia
1647 2426 1691 2459 sit,
1715 2432 1767 2452 non
1780 2429 1822 2450 ta-

742 2515 859 2560 VAleE
880 2515 1070 2544 LECTIONES
1089 2516 1133 2544 ET
1154 2515 1269 2547 NOT/E.

223 2594 280 2630 (68)
300 2594 352 2622 Pro
376 2593 583 2630 ἀνακτήσασθαι
604 2594 664 2630 cod.
689 2593 777 2622 Vatic.
803 2594 856 2622 650
881 2595 978 2622 scribit

185 2628 395 2665 ἀναστήσεσθαι
417 2635 443 2656 et
465 2628 536 2656 vers.
564 2628 581 2655 5
596 2636 627 2655 ac
643 2629 659 2656 6
686 2637 733 2663 pro
750 2631 975 2665 προηγουμένως,

183 2666 411 2701 προηγουμένης.
433 2665 509 2692 Vers.
527 2671 585 2698 seq.
607 2672 654 2699 pm
670 2664 738 2700 ἔφης
759 2666 828 2692 idem
844 2664 904 2692 cod.
928 2666 978 2692 ha-

184 2702 232 2728 bet
246 2702 282 2733 ὡς
303 2704 367 2736 φῄς.
385 2701 491 2736 Possm.

222 2736 278 2772 (69)
302 2734 505 2772 ln'dmomﬁvat
533 2738 559 2761 et
585 2734 731 2761 ἀποθανεῖν
751 2735 822 2763 idem
846 2736 905 2763 cod.
923 2736 977 2762 ἀπὸ

184 2770 275 2799 imitat
294 2772 319 2797 in
337 2773 378 2798 ἐκ.
399 2770 437 2797 In.

223 2806 280 2841 ('70)
302 2805 424 2834 Τοιιιῦτιι
441 2805 633 2839 καταθρηνῶν
647 2806 808 2840 γέγγιαφας.
825 2806 878 2832 Pro
893 2815 978 2832 κατα-

184 2840 296 2876 θρηνῶν
325 2844 387 2869 cmt.
414 2841 473 2867 Vat.
492 2840 545 2866 630
574 2841 669 2867 scribit
693 2841 888 2875 καταθνηνεῖν·
910 2842 978 2868 male

185 2875 280 2913 utique
295 2886 301 2909 ;
322 2882 413 2904 tamen
427 2875 547 2904 balbutic
562 2875 607 2902 illa
628 2876 773 2909 intligitans
790 2876 977 2909 primigeniam

1033 2596 1196 2630 scripturam
1212 2603 1292 2630 quam
1306 2597 1429 2630 suspicor
1439 2596 1524 2622 fuisse
1540 2592 1727 2630 κατευθύνειν.
1740 2590 1821 2630 Quod

1033 2631 1055 2658 si
1069 2626 1300 2664 récipiluristhuc
1324 2626 1512 2666 interpretatio
1540 2627 1690 2661 adaptanda
1708 2626 1759 2652 erit

1034 2667 1105 2694 hunc
1127 2659 1251 2698 inodum,
1274 2659 1403 2701 quaniaml
1425 2666 1507 2700 igitur
1523 2667 1578 2690 lima
1592 2659 1640 2698 per
1657 2669 1696 2688 me
1723 2659 1820 2694 corrigi

1032 2710 1111 2728 orans
1127 2702 1268 2734 scripsisti.
1286 2703 1322 2728 in.
1680 2731 1685 2734 _
1767 2726 1771 2730 .

1068 2737 1124 2772 (71)
1144 2729 1195 2763 Pro
1216 2737 1279 2772 ἔχου
1301 2738 1378 2771 longe
1399 2736 1521 2772 argutius
1538 2734 1609 2772 idem
1636 2731 1698 2772 cod.
1712 2729 1822 2772 .scribit

1033 2764 1124 2807 εὖχουξ
1142 2779 1169 2798 et
1180 2764 1374 2806 congruentius
1384 2773 1415 2807 att
1488 2767 1678 2807 praecedentia,
1696 2766 1719 2791 et
1730 2764 1820 2791 τοίνυν

1033 2802 1124 2833 δύναιο
1135 2807 1168 2833 δι’
1183 2802 1269 2842 εὐχῶν
1281 2805 1452 2842 κατορθῶσαί
1465 2813 1503 2842 τι,
1523 2808 1578 2842 (τιςἱ
1587 2802 1631 2842 Jb.

1035 2877 1049 2909 ζ
1070 2843 1125 2878 (7'2)
1147 2843 1199 2904 fro
1216 2833 1381 2875 ἓξετάζουσα
1402 2840 1462 2867 cod.
1483 2839 1541 2866 Vat.
1568 2837 1620 2865 650
1644 2835 1707 2870 legit
1728 2833 1817 2867 ἐεισά-

1051 2887 1128 2905 ουσα.
1161 2886 1186 2905 D.

1051 2887 1128 2905 ουπα.
1149 2886 1186 2905 ID.
