2045 3158
233 134 286 166 955

825 135 855 165 S.
876 135 1024 166 ISIDORI
1039 136 1265 168 PELUSIOTIE‘

1811 138 1864 167 956

235 194 312 228 plura
338 199 365 220 et
389 191 545 220 sublimiora
569 191 651 224 dixit,
674 191 788 226 gloriam
811 198 952 220 assecutus
977 192 1022 220 sil.

1080 194 1177 220 ’Ᾱκουε
1192 192 1281 219 τοίνυν
1298 191 1437 226 συντόμως
1450 199 1456 206 ’
1471 191 1531 218 οὐδὲ
1550 191 1602 227 γὰρ
1618 191 1706 223 ἄλλως
1720 191 1862 228 δυναίμην.

234 239 303 267 Audi
326 241 416 274 itaque
438 239 567 272 breviter,
594 245 681 273 neque
707 239 780 266 enim
805 239 885 267 aliter
905 246 1021 274 possem.

234 285 386 312 Pharisteus
402 284 458 316 ille,
481 284 543 318 quia
568 285 675 312 nemine
696 285 850 312 concitante
872 293 904 312 ac
927 285 1023 312 stimu-

234 331 307 357 lante
327 329 468 364 magniﬁca
489 329 522 356 de
547 336 576 356 se
594 329 768 363 praedicabat,
793 330 926 365 altiusque
942 337 1023 364 quam

235 375 378 402 universus
397 379 533 402 terrarum
556 375 642 407 orbis,
658 375 691 402 de
716 383 746 402 se
762 375 908 408 sentiebat,
924 375 1023 402 merito

235 422 262 448 in
286 420 332 448 Dei
353 420 530 448 ollensionem
555 421 660 453 incidit,
676 420 759 456 369
773 421 905 455 siquidem
930 428 1024 455 super-

235 468 288 495 biae
308 467 400 494 morbo
414 467 563 495 laborabat.
578 467 671 502 Atqui
690 467 716 494 in
732 467 817 502 gloria
839 471 866 494 et
880 467 1024 501 splendore

236 513 428 549 esthvirlutes
449 520 513 540 suas
535 513 662 545 occultat,
680 521 741 540 cum
760 518 848 540 autetn
872 513 1023 540 maledictis

238 558 394 590 incessitur,
410 565 469 590 eas,
492 562 522 585 ut
545 557 634 585 illatas
655 557 858 585 criminationes
873 557 1021 592 propulset,

238 609 436 632 commemorat
448 604 685 639 (quemadmodum
697 604 787 632 clarus
802 604 846 631 ille
858 608 938 639 atque
949 605 1023 632 omni

238 650 318 677 laude
336 650 507 685 prmstantior
520 649 604 676 Jobus
630 649 715 684 fecit).
739 649 773 676 ab
787 649 861 677 omni
884 650 960 684 culp:
984 657 1026 676 re-

239 700 328 722 tnotus
351 700 409 728 est,
429 702 460 722 ea
482 695 609 722 nimirum
634 695 660 721 in
685 702 732 722 eos
759 694 868 729 rejects,
894 696 939 730 qui
964 702 1026 722 eum

239 745 402 769 accusarunt
422 740 522 775 inique.
542 740 682 775 Frigidum
699 740 771 768 enim
789 745 870 775 atque
896 740 1026 767 insulsum

240 791 270 814 ut
292 791 344 819 est,
372 787 408 813 ita
429 786 510 813 etiam
532 786 653 818 videtur,
673 785 765 813 laudes
787 793 851 813 suas
868 785 1025 820 praedicare,

240 840 300 860 cum
315 831 387 860 nulla
400 836 477 865 urget
491 833 648 860 necessitas.
667 833 702 860 At
715 832 737 859 si
754 832 825 867 quis,
843 839 902 867 qua:
917 831 1028 858 minime

239 878 378 910 convenit,
401 878 511 904 audiens
541 877 566 904 iu
589 877 741 912 huiusmodi
765 884 904 904 sermones
929 878 1027 905 invitus

241 923 352 956 incidat,
368 923 395 950 in
419 930 476 955 eos,
499 923 544 958 qui
569 923 638 950 hanc
664 923 854 950 necessitatem
875 923 1025 956 attulerint,

240 969 317 1003 culpa
337 968 588 1006 quoque\conferri
609 969 699 996 debet.
721 969 760 996 Ac
775 973 918 1004 propterea
937 969 1027 996 divina

240 1016 375 1042 sententia
398 1022 472 1047 eum,
498 1015 543 1049 qui
569 1013 667 1041 nullius
687 1014 860 1041 contumeliis
886 1014 1027 1046 incitatus.

237 1061 338 1095 justum
355 1068 415 1088 sese
433 1060 633 1095 pronuntiarat,
650 1060 771 1094 aliosque
789 1068 883 1088 omnes
898 1061 1026 1088 condem-

241 1112 328 1138 narat,
350 1115 382 1134 ac
406 1113 439 1134 ne
455 1111 614 1141 przesenlem
632 1106 740 1140 quidem
761 1105 934 1141 publicanum
955 1106 1026 1132 veri-

241 1160 285 1181 tus
304 1154 401 1185 luerat,
417 1153 567 1188 repudiavit
584 1163 590 1179 ;
606 1159 668 1178 eum
687 1156 787 1184 autem,
804 1159 883 1186 quem
908 1152 1029 1178 necessi-

1080 239 1110 266 Ὀ
1127 239 1176 274 μὲν
1198 238 1309 274 μηδενὸς
1330 236 1561 272 παρακινοῦντος,
1584 237 1650 272 μηδὲ
1677 236 1863 272 ἐρεθίζοντος,

1077 284 1289 320 μεγαληγορῶν,
1307 284 1354 310 καὶ
1374 284 1424 318 τῆς
1445 283 1607 318 οἰκουμένης
1630 283 1741 318 ἀπάσης
1760 283 1864 319 φρονῶν

1068 333 1168 371 ,μεῖζον
1176 333 1189 358 ὁ
1199 333 1354 367 Φαρισαῖος,
1366 331 1477 362 εἰκότως
1489 331 1664 366 προσκρούει,
1675 331 1864 365 ὑπερηφανίαν

1075 378 1130 413 γάρ
1143 378 1239 404 ἐνόσει.
1261 377 1290 404 '0
1303 378 1331 404 δὲ
1345 378 1373 404 ὲν
1391 377 1438 412 μὲν
1456 376 1495 411 τῷ
1510 377 1664 411 εὐδοκιμεῖν
1685 375 1815 410 κρύπτων
1832 377 1864 403 τά

1075 425 1162 451 οίκεῖα
1176 424 1409 458 πλεονεκτήματα,
1421 423 1449 449 ὲν
1461 422 1489 448 δὲ
1504 421 1542 456 τῷ
1554 421 1769 457 κακηγορεῖσθαι
1785 420 1864 457 [φρά-

1076 469 1168 501 ζοντος
1184 469 1256 505 (80)]
1269 467 1379 504 φράζων
1393 468 1461 503 πρὸς
1474 467 1505 494 τὸ
1520 467 1709 495 ἀπολύσασθαι
1724 467 1758 494 τὰ
1773 469 1865 502 ἐπιφε-

1078 515 1178 550 ρόμενα
1204 515 1382 550 ἐγκλήματα,
1407 513 1501 546 ὥσπερ
1521 515 1535 540 ὸ
1557 514 1694 549 ἀοίδιμος
1711 514 1760 540 καὶ
1777 513 1865 548 πάσης

1076 561 1215 596 εὐφημίας
1239 561 1372 596 κρείττων
1390 560 1543 594 πεποίηκεν
1565 559 1643 593 Ἰὼϐ,
1665 559 1756 595 πάσης
1778 560 1866 592 αἰτίας

1076 606 1129 638 ἔξω
1145 605 1328 641 καθέστηκεν,
1344 606 1385 637 είς
1400 607 1464 637 τοὺς
1480 605 1511 632 οὑ
1524 605 1640 636 δεόντως
1655 606 1865 641 κακηγορήσαν-

1077 661 1142 683 τας,
1161 652 1210 686 τῆς
1228 651 1319 682 αίτίας
1343 650 1580 686 παλινδρομούσης
1592 658 1599 665 °
1618 650 1722 686 ψυχρὸν
1747 651 1798 686 μὲν
1814 651 1866 686 γὰρ

1077 697 1125 723 καὶ
1149 697 1207 723 ἐστι
1236 696 1283 723 καὶ
1304 696 1378 722 δοκεῖ
1397 696 1453 732 (81)
1469 695 1500 722 τὸ
1519 695 1661 731 σεμνύνειν
1684 696 1798 722 ἑαυτόν·
1822 696 1867 722 καὶ

1077 743 1190 774 εἰκότως
1204 743 1294 775 δοκεῖ,
1312 743 1448 777 μηδεμιᾶς
1467 742 1592 777 ἀνάγκης
1607 742 1807 778 ὲκῦιαζομένης
1817 750 1824 757 ·
1845 743 1868 768 εί

1077 788 1105 814 δέ
1119 796 1160 819 τις
1183 787 1292 814 ἀκούων
1307 787 1326 814 ἃ
1347 787 1384 823 μὴ
1401 787 1557 823 προσῆκεν,
1574 789 1613 819 είς
1634 787 1771 819 τοιούτους
1796 789 1869 815 ἄκων

1078 831 1193 866 ἐμπέσοι
1218 831 1330 865 λόγους,
1352 833 1408 862 τοῖς
1432 832 1482 866 τὴν
1503 831 1629 866 ἀνάγκην
1654 831 1868 859 κατεσκευακόσι

1079 876 1126 903 καὶ
1138 878 1154 911 ἠ
1170 876 1245 903 αἰτία
1260 877 1485 912 προστρίπτεται.
1500 876 1600 911 Διόπερ
1614 876 1662 902 καὶ
1675 877 1691 911 ἡ
1709 876 1768 903 θεία
1781 875 1868 910 ψῆφος

1080 922 1125 949 τὸν
1143 923 1192 958 μὲν
1218 922 1314 951 ἑαυτὸν
1337 923 1450 957 μηδενὸς
1468 922 1663 957 παροινοῦντος
1685 922 1741 957 (82)
1761 922 1870 949 δικαιὼ-

1081 977 1177 1001 σαντα,
1202 968 1317 995 καὶτῶν
1340 968 1427 996 ἄλλων
1453 968 1580 995 ἁπάντων
1598 968 1869 1004 καταψηφισάμενον,

1080 1014 1127 1041 καὶ
1143 1014 1211 1049 μηδὲ
1225 1013 1269 1040 τὸν
1285 1014 1407 1049 παρόντα
1427 1013 1546 1049 τελώνην
1561 1013 1730 1045 αἱδεσθέντα,
1743 1014 1869 1040 obicint:-

1078 1059 1192 1091 δέξατο·
1210 1059 1254 1085 τὸν
1280 1059 1309 1085 δὲ
1331 1058 1360 1091 ἐξ
1382 1059 1505 1093 ἀνάγκης
1533 1059 1573 1089 εἰς
1595 1057 1675 1084 τοῦτο
1689 1058 1807 1093 ἀχθέντα
1827 1059 1870 1092 (τί

1080 1106 1134 1141 γὰρ
1159 1105 1212 1132 τῶν
1237 1105 1360 1140 ἐρεθίσαι
1390 1104 1548 1139 δυναμένων
1571 1105 1595 1130 οἱ
1617 1105 1690 1138 φίλοι
1709 1104 1870 1139 παραλελοί-

1081 1159 1148 1177 πασι
1159 1151 1183 1186 ;)
1202 1151 1341 1186 μεγίστοις
1357 1150 1506 1185 ἐγκωμίοις
1521 1150 1721 1184 ἐστεφάνωσεν.

241 1206 283 1228 tas
309 1201 341 1227 ad
367 1201 418 1227 hoc
447 1200 592 1235 impulerat
611 1199 687 1234 (quid
703 1198 787 1231 enim,
803 1199 875 1233 quod
894 1199 927 1226 ad
963 1199 1156 1227 stimulandum
1181 1199 1266 1234 ipsius
1304 1199 1425 1226 anitnum
1450 1198 1540 1226 facere
1573 1202 1677 1234 posset,
1702 1198 1782 1226 amici
1805 1205 1870 1233 pra:-

241 1248 455 1283 termiseranti),
474 1247 650 1283 amplissimis
669 1247 794 1276 laudibus
811 1247 960 1275 coronavit.

458 1329 621 1357 CCLXXIX.
634 1345 669 1350 —
684 1329 809 1357 PETRO.

276 1387 508 1421 Quemadmodum
524 1387 604 1422 periti
617 1387 715 1414 medici
730 1388 756 1413 in
777 1386 932 1413 morborum
946 1385 1030 1413 initiis

242 1433 362 1460 remedia
389 1432 461 1460 haud
484 1437 588 1460 temere
617 1432 746 1459 adhibent
770 1432 927 1466 (propterea
958 1431 1029 1465 qttod

241 1477 403 1504 deﬂuxionis
423 1477 540 1511 impetus
566 1476 656 1503 oblata
675 1476 869 1503 medicamenta
897 1475 1029 1507 debilitat,

1341 1329 1422 1356 ΣΟΘ’.
1436 1344 1470 1350 -
1484 1329 1607 1360 ΠΕΤΡΩ.

1121 1386 1226 1421 Ὠσπερ
1241 1386 1266 1412 οι
1281 1386 1462 1421 ἐπιστήμονες
1474 1385 1529 1411 τῶν
1546 1384 1646 1420 ἰατρῶν
1661 1385 1690 1411 ὲν
1710 1386 1766 1415 τοῖς
1784 1393 1872 1420 repons-

1083 1433 1154 1469 μίοις
1167 1433 1221 1458 τῶν
1235 1431 1328 1458 παθῶν
1340 1431 1370 1457 οὐ
1385 1430 1484 1466 ῥᾳδίως
1499 1431 1684 1465 προσφέρουσι
1701 1430 1872 1465 βοηθήματα,

1080 1478 1124 1506 διὰ
1139 1479 1169 1504 τὸ
1182 1477 1230 1512 τὴν
1245 1476 1377 1511 ἐπιφορὰν
1391 1476 1438 1502 τοῦ
1454 1475 1588 1510 ῥεύματος
1603 1476 1659 1511 (85)
1678 1475 1825 1510 ἐξυδαροῦν
1839 1475 1872 1502 τὰ

241 1530 274 1550 ac
289 1522 362 1549 velut
378 1522 404 1549 in
421 1529 519 1556 aquam
545 1521 698 1555 convertit)
716 1529 809 1549 verum
833 1521 1027 1556 aliquantisper

1083 1523 1293 1559 προσφερόμενα
1311 1522 1444 1557 φάρμακα
1456 1529 1463 1536 ·
1482 1521 1538 1548 ἀλλ’
1561 1522 1683 1553 ἐνδόντες
1706 1521 1796 1555 ὀλίγον
1821 1521 1871 1548 λω-

243 1572 415 1602 exspectant,
431 1567 495 1594 dum
524 1567 634 1594 morbus
663 1567 696 1594 de
728 1566 876 1594 acrimonia
906 1566 1029 1593 nonnihil

244 1613 374 1645 remittat,
390 1621 421 1640 ac
437 1617 492 1640 tum
509 1613 625 1647 denique
647 1612 680 1639 ad
699 1612 861 1639 medendum
883 1618 912 1638 se
935 1611 1030 1639 confe-

243 1664 321 1687 runt:
334 1659 428 1687 eodem
462 1659 542 1686 modo
557 1665 608 1685 nec
619 1658 737 1693 Ivigente
751 1664 880 1691 moerere,
894 1665 967 1690 eum,
983 1658 1030 1692 qui

243 1712 299 1740 pra:
315 1705 399 1738 ipsius
414 1704 597 1739 magnitudine
625 1703 699 1730 velut
723 1703 881 1730 temulentis
912 1704 1029 1738 quadam

243 1750 506 1784 laborat,objurgare
518 1749 645 1777 convenit
662 1749 740 1784 (nam
753 1749 852 1783 alioqui
866 1756 1030 1782 sermonem,

244 1804 298 1823 non
313 1804 392 1824 secus
403 1804 436 1823 ac
450 1796 604 1831 collyrium,
619 1795 741 1823 inutilem
772 1795 957 1830 imprudentes
967 1795 1029 1822 red-

245 1842 354 1878 demus)
387 1851 394 1870 :
429 1850 534 1874 verum,
565 1846 741 1876 posteaquam
765 1841 798 1868 ad
821 1841 902 1868 breve
925 1846 1030 1876 tempus

247 1888 370 1915 mteroris
385 1888 472 1915 socios
486 1895 535 1914 nos
552 1886 756 1921 praebuerimus,
771 1892 852 1921 atque
868 1887 1025 1921 hujusmodl

246 1933 371 1961 affectum
395 1932 517 1960 nonnihil
535 1932 622 1966 sedari
647 1932 803 1964 siverimus,
820 1932 856 1959 ita
878 1933 985 1960 demum
997 1933 1030 1960 ad

247 1976 415 2004 curationem
428 1975 573 2008 proﬁcisci.
586 1975 650 2008 Quae
658 1975 765 2010 quidem
779 1976 861 2002 etiatn
876 1975 953 2002 nobis
967 1983 1032 2003 cau-

246 2030 276 2049 sa
292 2022 351 2054 l'uit,
366 2028 417 2048 cur
429 2021 463 2047 ad
481 2025 506 2048 te
531 2021 680 2048 curandum
706 2021 794 2049 serius
822 2022 1031 2050 accesserimus.

246 2067 427 2098 Quamobrem
454 2065 527 2100 erige
543 2070 578 2098 te,
596 2073 696 2100 quaso,
713 2067 808 2098 amice,
825 2073 860 2093 ex
886 2066 1033 2094 immodica

1083 1569 1167 1604 φῆσαι
1188 1567 1221 1593 τὰ
1238 1566 1324 1602 πάθη,
1337 1566 1423 1597 οὕτως
1436 1567 1482 1592 επὶ
1497 1566 1545 1600 τὴν
1561 1566 1685 1602 ἰατρικὴν
1703 1566 1855 1601 βαδίζουσιν
1865 1574 1871 1580 '

1083 1613 1169 1644 οὕτως
1182 1612 1237 1639 οὐδ’
1247 1611 1425 1646 ἀκμαζούσης
1440 1611 1490 1646 τῆς
1503 1611 1591 1646 λύπης
1601 1611 1642 1637 δεῖ
1654 1611 1691 1646 τῷ
1705 1611 1758 1637 ὑπὸ
1772 1611 1872 1645 ταύτης

1085 1657 1211 1693 μεθύοντι
1228 1657 1418 1692 ἐπιπλήττειν
1437 1657 1461 1682 εἱ
1487 1656 1516 1683 δὲ
1534 1656 1571 1691 μὴ
1587 1656 1705 1691 λήσομεν
1719 1656 1763 1683 τὸν
1783 1656 1870 1690 λόγον,

1083 1703 1177 1738 ὥσπερ
1193 1702 1350 1738 κολλούριον
1365 1702 1502 1737 ἄχρηστον
1517 1701 1711 1734 καθιστῶντες,
1727 1701 1795 1728 ἀλλά
1813 1700 1872 1727 συλ-

1083 1749 1248 1784 λυπηθέντες
1267 1749 1354 1784 βραχὺ
1369 1750 1415 1776 καὶ
1431 1748 1551 1780 ἐνδόντες
1567 1748 1657 1782 ὀλίγον
1675 1749 1766 1784 ῥαῖσαι
1776 1749 1807 1774 τὸ
1822 1748 1871 1775 πά-

1084 1796 1144 1827 θος·
1163 1795 1249 1826 οὕτως
1266 1795 1313 1821 ἐπὶ
1336 1795 1384 1829 τὴν
1407 1794 1556 1830 θεραπείαν
1579 1795 1696 1822 ὁδεῦσαι.
1719 1791 1757 1821 Οὗ
1778 1794 1810 1829 δὴ
1828 1795 1872 1821 καὶ

1082 1839 1163 1873 ἡμεῖς
1184 1838 1263 1873 χάριν
1282 1837 1444 1873 βραδύτερον
1463 1839 1510 1865 ἐπὶ
1524 1838 1572 1874 τὴν
1588 1839 1737 1874 θεραπείαν
1759 1838 1808 1874 τὴν
1824 1839 1872 1874 σὴν

1083 1882 1261 1919 ἐληλύθαμεν.
1280 1884 1438 1911 ’Δνάνευσον
1461 1885 1617 1920 τοιγαροῦν,
1634 1882 1656 1911 ὦ
1673 1884 1759 1919 φίλος,
1781 1885 1813 1910 ὲκ
1828 1885 1873 1919 τῆς

1084 1929 1203 1964 ἀκράτου
1222 1929 1320 1965 λύπης,
1336 1929 1433 1957 ἐννοῶν
1446 1930 1486 1956 ὃτι
1507 1930 1568 1956 οὒτε
1586 1930 1676 1965 μόνος,
1691 1929 1754 1956 οὔτε
1770 1930 1873 1964 πρῶτος

1083 1975 1164 2002 τοῦτο
1189 1975 1324 2007 πέπονθας
1337 1983 1344 1991 ⁸
1364 1976 1432 2003 ἀλλὰ
1453 1976 1541 2003 κοινόν
1558 1977 1616 2002 ἐστι
1632 1976 1727 2008 πάθος,
1748 1976 1797 2002 καὶ
1813 1976 1873 2002 ὅσον

1084 2021 1192 2048 οὐδέπω
1207 2022 1253 2048 καὶ
1267 2022 1348 2057 ἡμεῖς
1365 2023 1414 2057 τὴν
1433 2022 1518 2057 αὐτὴν
1533 2022 1697 2058 βαδιούμεθα
1713 2022 1782 2056 ὁδὸν,
1799 2021 1874 2056 λόγον

1085 2067 1140 2094 τῶν
1156 2067 1359 2102 πεπραγμένων
1376 2067 1530 2102 ὑφέξοντες.

247 2113 297 2139 hac
318 2112 457 2144 maestitia,
473 2112 538 2139 illud
564 2119 625 2139 cum
651 2112 743 2139 animo
777 2116 824 2139 tuo
850 2117 990 2147 reputans,
1005 2117 1031 2140 te
1049 2120 1100 2141 nec
1114 2113 1214 2146 solum,
1232 2121 1281 2141 nec
1310 2113 1427 2147 pritnum
1448 2114 1475 2141 in
1508 2114 1577 2141 hanc
1603 2113 1786 2141 calamitatem
1809 2114 1873 2142 inci—

246 2159 318 2187 disse
333 2168 341 2186 :
361 2167 453 2187 verum
468 2165 640 2187 communem
651 2159 721 2185 hunc
736 2165 829 2186 casum
842 2166 912 2193 esse,
928 2167 1031 2195 nosque
1059 2159 1228 2196 iamiamque
1256 2160 1379 2188 eamdem
1399 2160 1468 2187 viam
1491 2160 1674 2196 ingressuros,
1702 2165 1732 2188 ut
1747 2169 1839 2189 rerum
1850 2162 1874 2190 in

247 2207 298 2233 hac
312 2204 366 2232 vita
384 2210 520 2240 gestarum
535 2204 654 2232 rationes
668 2204 820 2232 reddamus.

369 2272 718 2301 CCLXXX.—EUTONIO
749 2271 906 2301 DIACONO.

282 2330 348 2357 lllud
362 2330 469 2364 quidem
485 2330 594 2357 minime
607 2330 665 2357 ﬁeri
682 2337 761 2364 posse
790 2329 920 2362 arbitror,
935 2335 965 2357 ut
980 2330 1033 2357 ini-

248 2377 332 2404 micos
343 2376 418 2411 probi
432 2376 483 2403 viri
505 2384 558 2403 non
576 2377 748 2404 habeantutt
760 2382 850 2405 autem
865 2376 1035 2404 inimicitiam

250 2427 322 2450 recte
347 2426 428 2456 atque
450 2422 593 2449 commode
620 2427 747 2454 tractent,
767 2424 824 2450 fieri
851 2426 949 2457 potest.
968 2422 1035 2448 Natn

1255 2275 1318 2302 ΣΠ¹.
1329 2291 1362 2295 -
1374 2275 1524 2312 ΕΥΤΟΝΙῼ
1542 2277 1705 2313 ΔΙΔΚΟΝῼ.

1129 2330 1257 2366 Ἐχθροὺς
1281 2331 1330 2366 μὲν
1354 2331 1392 2366 μὴ
1419 2330 1491 2366 ἔχειν
1509 2332 1572 2362 τοὺς
1595 2331 1776 2366 φιλαρέτους,
1801 2329 1874 2366 οἶμαι

1086 2375 1230 2403 ἀδύνατον·
1248 2376 1361 2403 δυνατὸν
1378 2377 1407 2403 δὲ
1421 2377 1470 2412 τὴν
1490 2377 1590 2412 ἔχθραν
1607 2377 1698 2409 καλῶς
1719 2379 1874 2412 μεταχειρί-

1086 2422 1193 2449 σασθαι.
1208 2423 1239 2448 El
1256 2423 1306 2457 μὲν
1320 2422 1374 2457 γὰρ
1388 2422 1419 2448 οὑ
1437 2423 1564 2449 πταίουσι
1581 2422 1800 2458 φιλοσοφοῦντες,
1818 2425 1874 2450 ἑαυ-

249 2468 273 2495 si
292 2467 318 2495 in
334 2467 527 2502 philosophicas
551 2467 614 2494 vitae
640 2467 776 2495 curriculo
806 2475 858 2495 non
885 2466 1027 2500 ollendunt1

1084 2468 1147 2499 τοὺς
1171 2468 1220 2503 μὲν
1236 2468 1396 2502 ὠφελοῦσιν,
1418 2468 1538 2500 ἐκείνους
1559 2469 1588 2495 δὲ
1605 2469 1756 2504 ἀμύνονται
1770 2478 1776 2484 ·
1801 2470 1825 2496 εἰ
1848 2469 1874 2495 δὲ

248 2514 366 2549 sibiipsis
378 2513 486 2549 quidem
502 2517 625 2548 prosunt.
650 2512 709 2540 illos
730 2518 820 2541 autem
837 2513 1008 2541 ulciscuntur
1024 2521 1030 2540 :

1089 2512 1240 2545 πταίουσιν,
1253 2513 1420 2548 ὠφελοῦνται
1436 2514 1512 2549 παρά
1535 2513 1590 2541 τῶν
1608 2513 1722 2549 ἐχθρῶν.
1744 2514 1875 2546 Πολλάκις

793 2612 912 2640 VARle
932 2611 1122 2642 LECTIONES
1142 2612 1186 2639 ET
1206 2612 1323 2640 NOTAE.

288 2693 345 2728 (80)
366 2690 566 2728 Quod_legitttr
600 2690 748 2728 φράζοντος
771 2690 905 2717 omittitur
931 2699 948 2728 ο
974 2692 1035 2728 cod.

251 2725 339 2755 Vatic.
360 2727 422 2754 650.
449 2725 573 2760 Idemque
591 2725 661 2760 quod
685 2734 757 2753 vers.
785 2733 845 2760 ssq.
868 2730 919 2758 est,
937 2726 1036 2753 ἀπολύ-

252 2762 360 2795 σασθαι,
376 2766 459 2788 mulat
471 2762 496 2788 in
511 2761 681 2788 ἐνδύσασθαι.
697 2762 765 2788 Poss
777 2768 802 2786 Ν.

289 2797 346 2832 (Si)
364 2797 438 2830 Quod
454 2797 478 2832 in
490 2797 566 2832 edito
580 2797 709 2825 scribitur
723 2796 805 2828 δοκεῖ,
821 2803 874 2822 non
896 2801 1035 2832 comparet

253 2833 280 2861 in
295 2831 355 2860 cod.
376 2832 433 2860 Vat.
449 2831 512 2859 650.
530 2831 568 2859 in.

1129 2693 1185 2724 (82)
1205 2693 1272 2720 Cod.
1288 2693 1347 2719 Vat.
1363 2692 1586 2727 παρακινοῦντος.
1607 2692 1645 2720 ln.

1125 2727 1181 2762 (85)
1201 2728 1252 2754 Διὰ
1264 2728 1296 2754 τὸ
1309 2728 1521 2762 τὴν-ἐπιφορὰν
1532 2727 1586 2754 τοῦ
1595 2728 1684 2762 ρεὑμ.
1696 2727 1751 2753 Pro
1762 2727 1806 2754 liis
1816 2728 1875 2755 cod.

1090 2763 1149 2789 Vat.
1166 2762 1218 2798 650
1240 2763 1346 2794 scribit,
1364 2763 1407 2789 διὰ
1421 2763 1450 2789 τὸ
1467 2763 1503 2798 μὴ
1528 2763 1646 2798 ἐπιφορᾷ
1667 2762 1715 2788 τοῦ
1735 2763 1807 2796 ρεύ..
1823 2768 1874 2789 etc.

1089 2805 1159 2825 vers.
1181 2797 1197 2824 6
1211 2805 1253 2832 ep.
1274 2798 1342 2825 idem
1359 2805 1406 2832 pro
1420 2798 1545 2833 ἰατρικὴν
1559 2797 1621 2832 legit
1642 2798 1776 2831 ἰατρείαν.
1796 2797 1832 2824 In.
