2045 3158
161 155 215 186 9ῦὸ

565 156 831 187 EPISTULARUM
854 156 926 185 LIB.
946 153 1005 184 IlI.
1024 167 1058 172 ·-
1076 155 1196 186 EPIST.
1218 158 1351 187 CCXClI.

1743 156 1794 188 966

162 212 219 247 γὰρ
239 212 254 247 ἡ
279 211 315 247 γῆ
340 212 436 246 χανδὸν
463 213 605 240 κατέπιεν·
626 215 650 240 οἱ
676 214 703 240 δὲ
731 214 816 249 πυρὸς
840 212 960 248 αίθερίου

1014 213 1178 248 redimeret)
1210 214 1256 241 sed
1292 214 1392 252 divinis
1420 213 1539 241 oraculis
1567 213 1728 248 obsequens.
1753 211 1794 239 0b

162 257 243 292 ἔργον
257 258 389 292 ἐγένοντο.

1008 264 1124 291 eamque
1153 264 1274 289 causam,
1288 258 1332 292 qui
1360 258 1491 286 adversus
1506 266 1568 286 eum
1595 258 1689 285 rabido
1705 257 1794 285 anitno

163 304 294 338 impetum
318 302 456 336 fecerant,
480 311 511 331 ac
536 311 588 331 non
618 305 709 333 divino
724 305 861 342 suﬂ‘ragio,
883 309 930 337 sed
953 311 1060 346 privato
1081 311 1162 338 animi
1182 311 1284 345 judicio
1306 312 1417 340 fratrem
1440 314 1475 340 ab
1499 322 1530 341 eo
1552 316 1720 342 sacerdotem
1749 315 1792 342 de-

163 351 298 386 signatum
312 352 395 379 fuisse
409 353 623 384 arbitrabantur,
644 360 727 381 novas
755 359 782 382 et
798 355 939 386 inusitatas
956 367 1050 394 poenas
1067 360 1262 394 pependerunt.
1279 359 1311 386 Hi
1333 361 1404 387 enim
1429 361 1527 396 partim
1545 363 1700 390 dehiscente
1721 368 1792 389 terra

162 398 282 432 absorpti
299 401 372 428 sunt,
389 397 489 432 partim
501 398 620 425 emlestis
637 399 705 434 ignis
730 401 827 428 ardore
853 404 1065 439 conﬂagrarunt.

306 477 361 509 Et".
381 492 418 498 —
434 477 631 504 XAIPHMONI
648 478 821 514 AIAKONQu

198 535 230 560 Ei
245 534 293 560 καὶ
309 534 449 566 Εὐσέϐιος,
476 534 514 566 ὡς
527 535 682 570 γέγραφας,
694 537 727 571 τῇ
746 537 831 572 κακία
845 538 954 564 σπενδό-

164 589 254 615 μενος,
268 582 301 615 τῇ
320 581 404 615 ἀρετῇ
421 580 545 615 πολεμεῖ,
559 581 623 613 ὀξὺς
646 582 697 616 μὲν
719 581 757 608 ὢν
771 583 803 609 ἐκ
826 582 954 617 διαϐολῆς

163 627 202 657 εἰς
228 625 375 656 ἐπιϐουλὰς
400 625 552 660 ἐπαχθῆναι
577 626 643 660 (Η),
661 627 809 662 πρόχειρος
832 627 859 653 δὲ
885 629 952 654 ὐπο-

163 672 250 703 νοίαις
266 672 303 706 μὴ
318 671 524 706 προσηκούσαις
550 672 646 698 ἑαυτὸν
674 672 862 699 πιστώσασθαι
876 681 882 687 ”
907 675 954 700 καὶ

162 718 192 743 ὲν
213 717 262 751 μὲν
281 718 337 748 τοῖς
361 716 511 751 ἐπιτιμίοις
533 717 588 744 τῶν
614 718 814 753 ἡμαρτηκότων
832 719 953 754 ἀπαραί-

163 771 257 797 τητος,
275 763 303 788 ὲν
319 762 347 788 δὲ
365 763 425 793 ταῖς
440 763 570 797 ἀμοιϐαῖς
585 763 640 789 τῶν
653 764 858 799 κατορθούντων
873 766 954 800 ὀκνη-

165 808 279 843 ρότατος
294 816 299 823 -
314 807 370 834 ἀλλ’
402 805 450 834 οὖν
465 816 497 841 γε
526 808 607 839 αὐτὸς
630 808 679 834 οὐκ
709 809 741 835 ἃν
765 809 824 844 εἴης
847 809 950 842 δίκαιος

1113 483 1211 510 CCXC.
1231 498 1267 502 —
1285 483 1500 511 LH/EREMONI
1527 485 1686 516 DIACONO.

1043 535 1099 563 Etsi
1115 536 1247 564 Eusebius
1261 538 1488 572 quetnadmodunt
1513 540 1547 566 ad
1577 548 1619 567 me
1639 541 1786 575 scripsisti,

1007 581 1096 609 foedus
1107 590 1167 609 cum
1180 583 1245 609 vitio
1261 584 1374 615 feriens,
1389 585 1481 611 virtuti
1509 585 1608 612 bellum
1629 586 1719 619 infert,
1754 593 1794 613 :it-

1009 635 1061 662 que
1078 628 1205 656 celeriter
1232 636 1264 656 ex
1292 629 1427 656 calumnia
1455 630 1487 656 ad
1513 632 1657 658 struendas
1681 632 1793 659 insidias

1007 674 1162 706 adducitur,
1183 680 1361 709 promptaque
1388 676 1588 709 suspicionibus
1610 685 1704 710 parum
1727 686 1793 703 con-

1007 721 1144 747 sentaneis
1160 721 1239 747 tidem
1251 721 1361 748 adhibet
1376 729 1382 747 :
1400 729 1432 748 ac
1448 727 1576 755 pt'mtcrea
1606 723 1631 749 in
1660 723 1702 750 his
1726 724 1789 757 qui-

1007 765 1080 797 dem,
1097 766 1142 799 qui
1159 766 1343 800 deliquerunt,
1361 767 1649 801 supplici0atlicicndis
1663 769 1790 795 acerbum

1006 815 1034 836 ct
1048 810 1252 844 inexorabilem,
1270 812 1297 838 in
1310 812 1343 838 iis
1353 817 1454 844 autent,
1468 813 1512 846 qui
1528 813 1628 847 aliquid
1643 821 1674 840 ex
1692 814 1791 841 virtute

163 854 270 880 ἐκεῖνον
287 853 436 888 κωμῳδεῖν,
455 853 469 879 ὁ
483 853 519 879 τὰ
540 853 608 880 αὐτὰ
633 853 717 888 αὐτῷ,
740 854 778 885 ὥς
797 863 890 889 φασιν,
910 855 954 883 ἵνα

1008 860 1112 890 gerunt,
1130 857 1334 884 remunerandis
1351 857 1525 892 pigerrimum
1550 866 1578 885 se
1600 861 1720 893 ρΓειιΙιυῑε
1739 860 1792 886 tni-

163 899 203 934 μὴ
233 899 303 932 λέγω
329 898 541 934 ἁργαλεώτερα,
566 899 745 934 πλημμελῶν.
770 901 804 926 Ἢ
834 901 888 936 γὰρ
915 901 952 936 μὴ

162 946 268 980 πρᾶττε
284 945 406 977 τοιαῦτα,
421 945 438 980 ἢ
459 945 496 980 μὴ
511 944 636 981 κωμῴδει
652 946 715 977 τοὺς
729 946 859 981 δρῶντας.
876 947 952 982 Τάχα

162 991 192 1017 δὲ
212 991 284 1017 τοῦτ’
301 991 377 1026 αὐτῷ
402 992 461 1018 κατ’
475 991 554 1022 ἀξίαν
582 991 694 1027 συνέϐη,
722 992 763 1018 ὅτι
782 1000 811 1018 σε
833 992 952 1019 τοιοῦτον

162 1038 228 1064 ὅντα
252 1038 457 1073 χειροτονήσας,
474 1038 524 1064 οὐκ
549 1037 627 1064 ἔλαθε
652 1037 701 1073 τὴν
727 1038 816 1073 δίκην.
850 1039 878 1065 '0
897 1038 951 1074 γὰρ

162 1083 412 1118 ἀποκεκλεισμένον
433 1083 488 1110 ἀπὸ
506 1084 560 1109 τῶν
586 1083 823 1118 ὲκκλησιαστικῶν
843 1083 952 1119 θεσμῶν

163 1129 252 1164 στόμα
266 1129 297 1155 οὺ
309 1129 426 1159 δεόντως
440 1128 560 1160 ἀνοίξας,
586 1128 647 1155 καθ’
662 1129 773 1161 ἑαυτοῦ,
795 1129 832 1160 ὡς
852 1129 951 1162 ἔοικεν,

161 1174 254 1210 ἤνοιξε
264 1182 270 1188 ·
287 1174 335 1201 καὶ
357 1174 429 1201 κατὰ
442 1174 496 1201 τῶν
522 1173 673 1208 εὐδοκίμων
688 1174 802 1209 νομίσας
814 1173 953 1209 ἁθύρωτον

161 1219 285 1253 ὁπλίζειν
306 1220 439 1255 γλῶτταν,
457 1219 518 1246 καθ’
535 1220 630 1246 ἑαυτοῦ
647 1219 776 1247 ὥπλισεν.

161 1267 317 1301 oportebat,
330 1267 447 1301 aperuit,
465 1266 596 1293 adversus
627 1266 759 1300 seipsum,
786 1271 814 1293 ut
849 1270 972 1302 apparet,
993 1267 1119 1302 aperuit:

1007 901 1080 928 nitne
1094 906 1183 928 tamen
1212 910 1317 936 aequum
1335 907 1378 930 est
1405 903 1491 937 ipsum
1508 911 1520 929 a
1538 908 1562 930 te
1581 904 1728 938 suggillari,
1747 905 1791 938 qui

1011 947 1119 980 eadem,
1134 954 1193 981 qum
1209 947 1277 982 ipse,
1288 952 1316 974 ut
1331 956 1423 975 rumor
1436 953 1486 980 est,
1503 956 1535 974 ne
1550 949 1638 975 dicanti
1653 951 1791 983 graviora,

1011 998 1163 1028 perpetras.
1179 993 1231 1020 Aut
1245 994 1316 1020 enim
1330 994 1363 1020 ab
1376 993 1528 1027 huiusmodi
1542 994 1651 1029 ﬂagitiis
1666 996 1791 1022 abstine:

1006 1043 1053 1066 aut.
1070 1046 1126 1070 eos,
1138 1040 1182 1073 qui
1192 1046 1223 1065 ea
1237 1039 1419 1071 committunt,
1434 1047 1467 1066 ne
1481 1040 1604 1074 suggilla.
1629 1041 1790 1074 Quanquam

1006 1084 1120 1111 fortasse
1135 1084 1186 1111 hoc
1201 1084 1251 1118 ipsi
1272 1085 1368 1111 merito
1382 1085 1492 1116 accidit,
1511 1085 1583 1119 quod
1596 1094 1656 1112 cum
1675 1090 1710 1116 te,
1729 1093 1790 1112 cum

1006 1130 1163 1162 talisesses,
1180 1129 1324 1156 diaconum
1352 1130 1500 1162 creaverit,
1532 1137 1564 1156 ac
1593 1129 1708 1163 proinde
1737 1129 1790 1155 vim

1006 1175 1125 1202 nutninis
1144 1175 1267 1202 ultricem
1281 1174 1391 1202 minime
1419 1174 1529 1209 fugerit.
1556 1174 1622 1201 Nam
1638 1173 1684 1209 qui
1701 1173 1792 1200 eccle-

1007 1221 1124 1249 siasticis
1143 1221 1331 1248 sanctionibus
1351 1220 1491 1248 occlusum
1515 1228 1558 1253 os,
1588 1225 1688 1248 contra
1708 1227 1791 1254 quam

1158 1271 1187 1294 et
1205 1266 1251 1300 qui
1274 1273 1303 1294 se
1329 1265 1486 1293 effrenatam
1516 1266 1633 1301 linguam
1661 1266 1790 1292 adversus

161 1311 265 1346 probos
285 1311 418 1338 instruere
434 1310 629 1342 arbitrabatur,
655 1317 716 1337 eam
731 1310 861 1338 adversus
887 1311 1005 1346 seipsum
1024 1312 1150 1339 armavit.

356 1378 435 1412 Σιιιλι.
450 1393 487 1401 -
499 1379 664 1415 ΓΕΡΜΑΝῼ
680 1379 746 1415 (ιε).

205 1437 235 1464 '0
248 1437 297 1472 μὲν
309 1436 357 1467 τὰς
377 1435 485 1467 πολλοῖς
503 1436 628 1471 ἀμάχους
643 1433 713 1462 εἶναι
740 1434 872 1467 δοκούσας
892 1433 953 1470 ἡδο-

1221 1377 1331 1406 CCXCI.
1343 1393 1378 1398 —
1389 1378 1566 1406 GERMANO.

1042 1422 1091 1467 Qui
1119 1434 1279 1468 voluptates,
1305 1442 1372 1469 quas
1399 1435 1474 1462 nmlti
1507 1436 1654 1470 expugnari
1681 1436 1792 1464 minimc

160 1484 211 1514 νὰς
239 1481 400 1517 σωφροσύνῃ
418 1482 465 1508 καὶ
492 1481 643 1517 ἐγκρατείᾳ
666 1481 837 1517 τυραννικῶς
858 1480 967 1516 βιαζό-ι

1008 1488 1085 1516 posse
1102 1481 1268 1513 existimant,
1295 1489 1343 1516 per
1364 1482 1572 1516 temperantiam
1596 1486 1623 1509 et
1644 1483 1791 1510 continen-

162 1537 256 1565 μενος,
274 1525 350 1559 οὗτος
364 1527 509 1562 ἐλευθέραν
525 1527 626 1558 παντὸς
641 1527 754 1563 αἰσχροῦ
769 1527 870 1559 πάθους
886 1527 954 1562 ἔχων

162 1575 215 1610 τὴν
242 1574 341 1609 ψυχὴν,
373 1573 514 1608 τροπαίοις
535 1572 673 1607 λαμπροῖς
696 1572 744 1598 καὶ
764 1572 872 1603 πολλοῖς
899 1571 954 1607 (15)

162 1619 365 1653 ὲναγάλλεσθαι
379 1618 493 1649 δίκαιος.
511 1617 541 1645 Ὀ
553 1618 579 1644 δὲ
593 1618 711 1649 ἐκείναις
723 1618 773 1653 μὲν
784 1618 955 1653 κατακράτος

161 1665 258 1696 ἁλοὺς,
275 1665 321 1692 καὶ
342 1663 394 1690 ὑπὸ
414 1663 468 1690 τῶν
487 1663 662 1699 βαρϐαρικῶν
682 1663 730 1690 τοῦ
755 1662 881 1698 σώματος
903 1671 956 1689 πα-

163 1711 221 1739 θῶν
245 1711 474 1747 τυραννούμενος,
491 1710 670 1746 βαρϐαρικοῖς
683 1710 710 1736 δὲ
725 1710 868 1745 τροπαίοις
894 1710 955 1736 ἔνα-

163 1758 345 1793 ϐρυνόμενος,
365 1755 443 1789 οὗτος
459 1757 505 1784 καὶ
523 1756 624 1791 ἠλίθιος
643 1753 713 1783 εἶναί
737 1764 782 1791 μοι
799 1755 882 1787 δοκεῖ,
907 1756 955 1782 καὶ

163 1802 384 1838 ἀνδραποδώδης.
411 1801 501 1836 Δειλίᾳ
515 1801 570 1836 γὰρ
591 1801 637 1827 καὶ
655 1800 731 1835 φόϐῳ
746 1799 879 1835 μειζόνων
900 1808 951 1826 κα-

164 1848 224 1875 κῶν
242 1848 276 1884 (εἰ
294 1847 341 1874 καὶ
356 1846 507 1882 παράδοξον
527 1847 576 1873 καὶ
591 1847 679 1873 είπεῖν
699 1846 745 1873 καὶ
763 1845 891 1881 ἀκοῦσαι)
907 1847 955 1873 ἀν-

163 1894 255 1929 δρεῖος
268 1891 337 1919 εἶναι
356 1893 440 1920 δοκεῖ.
461 1891 630 1927 Φοϐοὑμενος
645 1892 700 1928 γὰρ
718 1891 845 1919 δουλείαν
859 1891 875 1918 ἣ
891 1892 955 1918 ἑαυ-

163 1939 214 1966 τοῦ
227 1939 244 1974 ἤ
262 1938 316 1966 τῶν
337 1939 452 1972 παίδων,
465 1937 589 1973 πολεμεῖ.

290 2086 369 2120 ΣΗΒἏ
391 2102 425 2107 -
442 2086 573 2113 ΔΑΝΙΗΛ
591 2085 826 2120 ΠΡΕΣΒΥΤΕΡῼ.

1007 1527 1070 1554 tiam
1084 1526 1157 1553 velut
1175 1526 1315 1562 tyrannide
1328 1527 1465 1561 opprimit,
1486 1526 1568 1562 374
1596 1527 1649 1560 hic,
1675 1535 1736 1554 cum
1752 1527 1789 1554 li-

1005 1572 1097 1599 heram
1107 1571 1140 1598 ab
1155 1572 1226 1598 onini
1242 1571 1340 1598 vitiosa
1364 1571 1507 1598 :tti‘eetione
1532 1573 1649 1598 animam
1680 1573 1790 1604 habeat,

1006 1617 1031 1644 id
1048 1622 1177 1650 meretur,
1195 1622 1222 1644 ut
1241 1617 1331 1644 multis
1358 1625 1390 1644 ac
1411 1618 1548 1651 praeclaris
1572 1618 1680 1652 tropaeis
1699 1619 1792 1646 exsul-

1007 1668 1054 1690 tet.
1067 1663 1117 1696 Qui
1129 1669 1231 1693 autem.
1244 1671 1306 1691 cum
1325 1664 1357 1690 ab
1374 1663 1427 1690 illis
1443 1671 1555 1698 prorsus
1572 1665 1738 1691 constrictus
1752 1670 1791 1691 te-

1006 1714 1114 1742 neatur,
1129 1714 1210 1744 atque
1226 1718 1239 1735 τι
1257 1710 1408 1737 barbaricis
1422 1710 1545 1743 corporis
1558 1709 1631 1737 vitiis
1647 1710 1790 1745 tyrannide

1006 1760 1153 1790 prematur,
1168 1755 1317 1782 barbaricis
1336 1759 1424 1782 tamen
1451 1755 1558 1788 tropreis
1578 1755 1717 1789 gloriatur,
1746 1755 1791 1782 hic

1015 1800 1137 1836 profecto
1154 1801 1218 1827 ntihi
1234 1805 1260 1827 et
1275 1801 1399 1833 stolidus,
1415 1807 1443 1827 ct
1460 1800 1564 1827 servilis
1581 1800 1663 1827 animi
1681 1807 1740 1827 esse
1752 1801 1792 1826 vi-

1007 1848 1096 1874 detttr.
1124 1846 1227 1880 Quippe
1258 1846 1292 1872 ob
1321 1845 1452 1878 majorum
1487 1845 1618 1872 malorunt
1637 1851 1737 1873 metum
1759 1853 1791 1872 ac

1008 1892 1177 1919 formidinem
1196 1891 1314 1926 (etiamsi
1329 1891 1380 1917 hoc
1394 1895 1422 1917 et
1446 1890 1520 1917 dictu
1545 1895 1572 1917 et
1598 1890 1668 1917 {actu
1693 1890 1792 1917 mirtnn

1007 1937 1054 1970 sit)
1070 1937 1146 1964 fortis
1159 1942 1186 1963 et
1199 1936 1302 1964 strenui
1317 1936 1366 1962 viri
1379 1935 1497 1970 speciem
1521 1936 1602 1970 gerit.
1631 1935 1699 1962 Dum
1719 1936 1792 1963 cnim

1008 1983 1033 2011 id
1047 1983 1134 2015 timet.
1153 1989 1185 2009 ne
1202 1986 1248 2008 aut
1265 1982 1332 2016 ipse,
1346 1987 1392 2009 aut
1411 1981 1495 2016 ipsius
1519 1981 1566 2008 lilii
1583 1981 1715 2015 serviant,
1735 1981 1792 2009 bel-

1007 2029 1062 2056 lum
1077 2028 1157 2063 gerit.

1096 2085 1218 2113 CCXCIL
1235 2099 1270 2105 —
1284 2084 1422 2111 DANIELI
1457 2083 1699 2112 PRESBYTERO.

203 2155 257 2182 Τὸν
269 2154 400 2190 λαμπρᾶς
414 2153 571 2189 ἁπτόμενον
588 2152 753 2185 ὑποθέσεως,
769 2151 817 2178 καὶ
833 2151 879 2178 τὸν
895 2150 956 2178 νοῦν

1044 2153 1124 2185 Eum,
1139 2152 1184 2186 qui
1212 2151 1373 2186 praeclarum
1405 2150 1513 2184 aliquod
1539 2154 1727 2184 argumentum
1752 2155 1793 2176 at-

163 2201 221 2228 τῶν
253 2201 335 2237 ιερῶν
359 2199 478 2235 Γραφῶν
503 2199 671 2234 ἑρμηνεῦσαι.
695 2197 876 2233 πειρώμενον,
904 2196 958 2232 χρὴ

163 2247 217 2283 τὴν
234 2247 284 2282 μὲν
300 2246 422 2281 γλῶτταν
447 2245 518 2280 ἔχειν
537 2245 639 2280 σεμνὴν
661 2253 690 2270 τε
709 2244 757 2271 καὶ
778 2243 890 2279 τρανὴν,
909 2243 958 2277 τὴν

162 2293 194 2321 δὲ
212 2292 327 2329 γνώμην
346 2292 446 2328 εὐσεϐῆ
461 2301 490 2319 τε
510 2293 557 2318 καὶ
575 2290 674 2326 εὐαγῆ,
691 2289 851 2317 ἀκολουθεῖν
865 2297 895 2315 τε
911 2288 960 2315 αὺ-

163 2340 237 2371 ταῐς,
257 2339 305 2365 καὶ
331 2339 369 2374 μὴ
395 2338 533 2374 ἡγεῖσθαι,
560 2337 628 2372 μηδὲ
645 2336 712 2371 πρὸς
734 2336 764 2361 τὸ
782 2336 882 2361 οἰκεῖον
900 2333 961 2369 βού-

163 2386 253 2421 λημα,
267 2385 315 2412 τὸν
331 2384 444 2411 ἐκείνων
456 2384 518 2411 νοῦν
532 2382 718 2415 ἐκϐιάζεσθαι.
728 2382 791 2413 Τοῖς
805 2380 858 2416 γὰρ
871 2388 959 2415 παρα-

163 2432 255 2457 ποιεῐν
269 2430 316 2456 καὶ
334 2428 556 2464 παρερμηνεύειν
580 2427 714 2462 τολμῶσι,
733 2425 855 2456 κίνδυνος
871 2424 957 2460 ἔπὴρυ

163 2485 247 2512 τηται
272 2476 400 2512 μέγιστος
426 2476 466 2507 εἰς
485 2475 569 2511 αὐτὴν
583 2474 632 2509 τὴν
649 2472 736 2509 ψυχὴν
754 2472 870 2507 βλέπων.

1011 2197 1100 2233 tingit,
1113 2205 1145 2224 ac
1161 2196 1364 2231 Scripturarum
1389 2203 1531 2222 sacrarum
1558 2200 1675 2222 tuentem
1708 2195 1795 2222 inter-

1008 2245 1109 2279 pretari
1137 2247 1261 2275 conatur,
1290 2242 1341 2269 hoc
1364 2242 1456 2269 tacere
1486 2246 1604 2276 oportet,
1632 2247 1660 2268 nt
1677 2241 1794 2276 linguam

1008 2290 1117 2325 quidem
1132 2296 1240 2324 gravem
1254 2293 1280 2315 et
1291 2293 1412 2322 apertam
1429 2295 1460 2315 ac
1486 2287 1645 2320 dilucidam,
1678 2293 1795 2315 mentem

1008 2345 1073 2365 vero
1092 2337 1163 2370 piam
1191 2340 1217 2363 et
1238 2341 1360 2363 sanctam
1377 2335 1475 2362 habeat
1492 2343 1500 2363 :
1527 2343 1627 2370 easque
1655 2340 1796 2369 sequatur,

1012 2391 1065 2410 non
1077 2387 1166 2409 autem
1180 2383 1332 2412 antecedat,
1345 2388 1394 2408 nec
1412 2382 1446 2408 ad
1475 2381 1618 2408 arbitrimn
1646 2389 1723 2407 suum
1752 2388 1782 2407 ea

1013 2437 1071 2456 rum
1088 2436 1196 2455 sensum
1216 2432 1350 2462 torqueat.
1364 2427 1399 2455 lis
1412 2427 1494 2460 enim,
1512 2427 1557 2462 qui
1570 2434 1617 2454 eas
1629 2431 1796 2461 pervertere,

1013 2483 1045 2503 ac
1059 2474 1168 2502 sinistra
1186 2473 1407 2508 interpretatione
1418 2473 1568 2508 depravare
1593 2480 1645 2500 non
1663 2472 1796 2502 dubitant.

1012 2521 1159 2548 maximum
1175 2519 1335 2555 periculum,
1352 2519 1385 2546 ad
1413 2519 1499 2554 ipsam
1520 2518 1641 2546 animam
1657 2521 1795 2551 spectans,

1013 2567 1159 2602 impendet.

718 2669 836 2698 VARUS
855 2668 1048 2697 LECTIONES
1067 2667 1112 2696 ET
1132 2668 1248 2696 NOTAE.

200 2752 259 2788 (Η)
287 2751 355 2788 god.
375 2750 437 2778 Vat.
461 2750 513 2788 [559
542 2750 703 2788 homst-tax.
725 2748 771 2776 sed
798 2748 955 2788 ἀπαχθῆναι

166 2784 272 2828 scribit.
291 2787 446 2828 Y'erskpost
458 2786 475 2812 2
494 2786 565 2812 inter
580 2784 635 2812 τῶν
648 2790 675 2812 et
693 2784 893 2820 ἡμαρτηκότων
913 2784 955 2810 in-

167 2823 234 2851 serit
249 2821 348 2884 quév.
364 2820 480 2861 Possttt._
613 2854 625 2860 _

203 2857 261 2893 (t2)
293 2865 309 2884 ιι
331 2857 409 2884 ιιιυιο
425 2864 481 2884 voci
496 2855 630 2891 Γερμανῳ
642 2855 703 2882 cod.
721 2854 784 2883 Vat.
803 2853 856 2882 650
871 2860 952 2903 appo-

1011 2748 1049 2775 nit
1063 2748 1183 2783 Κόμητι.
1196 2747 1275 2775 Vers.
1292 2747 1360 2783 epJ
1376 2749 1424 2783 pro
1440 2744 1547 2783 πολλοῖς
1559 2742 1623 2783 legit
1634 2740 1744 2783 πολλας.
1757 2739 1797 2783 Ιρ.

1009 2819 1024 2846 λ
1040 2774 1113 2844 ;(t3')'
1124 2774 1196 2810 idem
1221 2774 1280 2811 cod.
1299 2774 1437 2809 t'ollit'illa
1467 2780 1519 2808 duo
1538 2774 1642 2810 verba,
1664 2776 1711 2803 καὶ
1731 2774 1798 2802 πολ-

1025 2827 1074 2851 οις.
1106 2826 1132 2846 υ.
