2045 3158
161 145 213 176 969

608 125 873 178 ΕΡῐΞΤΟῘΛὶὶίΤΜ
893 150 964 178 LIB.
985 149 1040 179 III.
1061 162 1094 167 α-
1114 151 1231 180 EPIST.
1252 151 1375 181 CCXCV.

1732 152 1782 183 970

163 201 266 236 βαδίζει
286 200 333 227 ἐπὶ
350 201 398 233 τὰς
434 203 587 239 συμφοράς.
619 206 724 241 ’Ὠσπερ
750 206 804 241 γὰρ
829 207 858 232 ὲν
876 206 947 241 θήρᾳ

1000 208 1122 241 protinus
1137 209 1238 242 optima
1268 214 1426 241 cst,verum
1456 216 1486 237 ca
1513 209 1620 238 demum
1645 217 1704 245 qua:
1720 219 1781 239 cum

162 248 209 272 καὶ
225 246 255 272 τὸ
266 247 337 273 ἑλεῖν
354 247 446 281 καλὸν,
466 249 514 275 καὶ
537 250 568 276 τὸ
591 250 750 286 διαμαρτεῖν
776 251 885 279 κάλλιον
912 252 947 285 (εἰ

160 292 191 317 τὸ
205 292 255 326 μὲν
271 291 422 325 ἀκινδύνως
435 301 442 308 ”
455 294 486 320 τὸ
504 295 543 327 δὲ,
569 295 615 322 ἐπὶ
627 287 666 330 τῷ
680 296 797 330 χαλεπόν
813 305 839 323 τι
853 296 948 323 παθεῖν

160 338 304 372 γίγνοιτο),
321 338 393 366 οὕτω
409 340 457 366 καὶ
476 341 524 368 ἐπ)⁸
544 342 598 368 τῶν
613 343 727 378 κερδῶν.
745 343 880 378 Alﬁ-Jqu
896 343 949 377 γὰρ

162 384 440 418 προσοφλισκάνουσι,
458 387 505 413 καὶ
522 387 661 420 κινδύνους
677 388 888 425 κληρονομοῦσιν
900 398 907 404 ·
926 389 951 414 εἰ

161 438 193 464 γε
208 430 389 462 πλεονεκτεῖν,
403 432 472 466 μετὰ
484 433 530 459 τοῦ
542 433 646 460 δικαίου
671 434 719 466 τὰς
734 434 863 470 εὐπορίας
877 433 949 469 ἔχειν

160 476 315 510 δυνάμενοι,
339 478 512 513 ἐπιχειροῖεν.
534 479 565 505 Εἰ
589 479 617 505 δέ
649 488 690 511 τις
718 480 805 515 φαίη·
827 480 874 511 Τίς
900 480 949 506 οὐκ

159 520 193 547 ἂν
201 521 339 556 ἐθελήσειε
349 522 492 557 λαμὸάνων
506 524 633 559 εὐπορεῖν
644 533 651 557 ;
662 539 695 544 --
710 525 758 556 Τίς
783 525 805 552 δ’
817 525 850 552 ἂν
863 526 949 551 ἓλοιτο

160 565 297 601 κερδήσας
322 567 508 600 ἀπολωλέναι;
537 569 621 604 φαίην
640 569 683 595 ἄν’
704 569 734 595 τὸ
758 569 812 605 γὰρ
839 570 886 604 ἀφ’
911 566 948 595 ὧν

160 611 327 638 κινδυνεύειν
350 612 483 648 περίεστι,
508 613 659 648 κερδαίνειν
681 615 793 649 ἐθέλειν,
819 614 850 641 οὐ
866 615 948 650 κέρδη

160 658 330 693 θηρωμένων
362 659 448 692 ἐστὶν,
479 660 536 686 ἀλλ’
567 661 675 693 ἀδοξίας
705 662 753 688 καὶ
788 661 947 696 συμφοράς·

159 705 255 740 ἐπειδὴ
277 705 331 731 τῶν
346 705 450 740 κερδῶν
466 706 522 741 (19)
547 707 582 733 τὰ
606 707 654 743 μὲν
679 707 795 743 αἰσχρὰν
817 707 873 742 ἔχει
900 707 948 742 τὴν

160 750 299 781 ὑπόθεσιν,
313 750 347 776 τὰ
361 750 389 776 δὲ
402 751 571 778 ἐπικίνδυνον
581 752 629 788 τὴν
644 752 810 785 πλεονεξίαν.
825 753 887 779 Εἴτε
902 751 948 779 οὖν

161 795 207 822 διὰ
216 797 250 822 τὰ
266 795 393 831 παρόντα,
408 797 461 823 εἴτε
474 797 517 823 διὰ
526 798 559 824 τὰ
573 799 712 834 μέλλοντα,
732 799 887 834 βαρυτάτην
896 799 946 833 τὴν

161 841 265 876 ζημίαν
281 843 310 868 τὸ
336 842 426 874 κακῶς
448 844 598 878 κερδαίνειν
608 845 664 880 (20)
691 845 848 882 ἡγούμενοι,
867 845 948 872 παντὶ

160 888 251 914 σθένει
274 887 322 923 τὴν
345 888 451 915 ἀδικίαν
468 890 651 923 φευγέτωσαν.

1001 253 1141 280 honestate
1153 255 1295 288 conjuncta
1305 261 1347 282 est
1361 265 1367 283 :
1387 264 1445 290 qua:
1461 257 1481 284 si
1497 257 1576 290 desit,
1605 257 1638 284 ad
1662 257 1781 284 calami-

1000 304 1068 326 tates
1086 305 1159 326 recta
1176 300 1271 327 tendit.
1285 301 1515 333 Quemadmodum
1542 304 1613 330 enim
1650 303 1676 330 in
1692 311 1778 330 vena-

1000 344 1082 376 tione,
1098 348 1125 370 et
1137 344 1243 378 cepisse
1259 345 1399 378 pulchrum
1423 351 1474 379 est,
1507 351 1534 373 et
1550 354 1563 373 a
1578 347 1668 381 pra-da
1699 348 1781 375 aber-

1002 396 1077 417 rasse
1090 389 1242 424 pulchrius,
1275 390 1407 425 siquidem
1436 392 1499 418 illud
1525 392 1646 426 periculo
1669 398 1780 425 careat,

1000 436 1050 462 hoc
1067 440 1156 462 autem
1186 436 1366 463 calamitatem
1395 436 1511 470 aliquam
1543 437 1660 464 all‘erat:
1686 439 1780 466 eodem

1000 482 1113 509 modoin
1127 481 1209 509 lucris
1223 489 1331 516 quoque
1350 489 1380 508 se
1398 489 1441 508 res
1469 482 1559 509 habet.
1590 482 1775 517 Praeterquam

999 527 1149 562 quodenim
1162 528 1288 561 probrum
1307 531 1333 554 et
1346 527 1521 562 ignominiam
1546 527 1677 560 conﬂant,
1712 529 1781 562 peri-

1000 573 1058 600 cula
1068 573 1150 600 etiam
1165 573 1235 600 velut
1253 573 1426 600 hmreditario
1453 572 1513 606 jure
1541 573 1695 607 percipiunt
1711 582 1718 600 :
1740 575 1780 599 si-

999 619 1107 653 quidem
1125 625 1185 645 cmn
1211 618 1292 653 justis
1320 619 1470 646 rationibus
1499 625 1565 652 opes
1594 625 1656 645 suas
1681 625 1779 652 augere

999 665 1112 699 possint,
1128 665 1196 691 alios
1212 672 1258 699 per
1275 664 1394 691 fraudem
1412 658 1608 691 circumvenire
1625 661 1782 699 aggredian-

1000 713 1051 735 tur.
1067 708 1142 741 Quod
1155 709 1176 736 si
1189 709 1248 742 quis
1259 709 1357 736 dixerit
1372 718 1378 735 :
1393 708 1459 741 Quis
1474 716 1525 736 non
1540 710 1671 737 sumendo
1691 708 1780 735 facul-

1001 757 1069 780 tates
1088 761 1161 784 suas,
1175 759 1259 788 atque
1275 753 1367 788 copias
1393 754 1530 781 auctiores
1558 755 1669 781 reddere
1699 754 1782 780 velit?

999 805 1050 832 ego
1067 805 1159 826 contra
1179 801 1230 827 hoc
1245 800 1359 827 direrim
1381 810 1388 828 :
1406 800 1472 834 Quis
1487 801 1615 828 lucrando
1636 801 1724 834 perire
1756 801 1781 827 in

999 845 1117 872 animum
1130 846 1256 873 inducat?
1270 846 1373 873 Etenim
1389 848 1423 874 ab
1451 847 1483 874 iis
1503 848 1595 878 rebus,
1629 854 1688 881 qum
1708 848 1781 881 peri-

962 888 983 916 B
998 890 1087 917 culum
1103 890 1229 924 aﬂerunt,
1249 892 1349 918 lucrari
1367 892 1446 924 velle,
1462 900 1513 920 non
1532 893 1619 927 lucra,
1638 893 1686 919 sed
1706 893 1785 926 igllO'.

159 933 478 961 miniasetcalamitates
517 936 710 970 aucupantium
744 936 882 963 hominum
914 941 965 964 est.
1004 935 1226 970 Quandoquidem
1252 936 1386 964 lucrorum
1410 938 1461 964 alia
1491 942 1595 972 torpent
1621 945 1732 964 causam
1751 945 1782 964 ac

161 979 301 1006 materiam
318 979 428 1014 habent,
456 982 508 1009 alia
524 983 704 1016 periculosatn
729 982 936 1010 fraudationem.
958 982 1022 1015 Quae
1038 990 1098 1009 cum
1112 982 1149 1008 ita
1164 983 1293 1014 sint,sive
1303 984 1337 1010 ob
1347 984 1502 1017 praesentia,
1537 985 1594 1012 sive
1622 985 1657 1012 ob
1681 985 1781 1017 futura,

159 1024 347 1058 gravissimum
361 1026 487 1054 damnum
505 1027 603 1054 malum
619 1033 751 1063 quaestum
766 1036 827 1055 esse
836 1028 1034 1058 existimantes,
1050 1028 1178 1056 omnibus
1191 1028 1293 1055 viribus
1308 1029 1434 1063 iniuriam
1466 1030 1580 1063 fugiant.

212 1083 288 1116 ΣῖπΕκ
305 1099 338 1105 -
354 1084 560 1118 ΧΛΙΡΗΜΩΝῘ,
587 1086 724 1120 ΖΩΣΙΜῼ,
750 1086 893 1113 ΜΑΡΩΝΙ.

370 1130 430 1157 ’Ὁτι
443 1131 592 1164 ἀθάνατος
603 1133 621 1166 ὴ
635 1132 731 1166 ψυχή.

193 1175 240 1210 Μὴ
256 1174 422 1209 νομξζοντες,
443 1173 465 1202 ὦ
481 1176 624 1211 βέλτιστοι,
647 1177 717 1212 μετὰ
739 1178 793 1204 τῶν
815 1179 949 1214 σωμάτων

158 1220 318 1247 σΰέννυσθαι
334 1221 383 1253 τὰς
400 1222 498 1257 ψυχὰς,
515 1223 601 1254 ἀδεῶς
621 1223 805 1259 ἁμαρτάνετε,
824 1224 862 1255 ὡς
872 1224 949 1256 δίκας

159 1267 199 1301 μὴ
217 1267 359 1300 ὑφέξοντες
371 1276 377 1282 ·
396 1267 464 1294 ἀλλὰ
481 1269 556 1304 παρὰ
576 1269 622 1295 τοῦ
640 1270 733 1305 κριτοῦ
754 1270 803 1306 τὴν
817 1270 945 1306 ἀλήθειαν

158 1313 302 1347 μαθόντες,
317 1314 356 1340 ὅτι
374 1315 421 1340 καὶ
437 1314 565 1341 ἀθάνατοί
588 1316 640 1342 εἰσι
655 1316 700 1342 καὶ
713 1316 790 1351 δίκην
806 1316 943 1351 ὑφέξουσι,

157 1358 325 1394 παλινῳδίαν
337 1359 430 1394 ᾁσατε.
445 1369 453 1385 t
468 1361 513 1395 Μὴ
536 1360 671 1396 φοϐηθῆτε
684 1362 748 1397 γὰρ,
773 1363 865 1397 φησιν,
891 1362 946 1389 ἀπὸ

157 1404 212 1430 τῶν
226 1405 438 1432 ἀποκτεινόντων
448 1405 479 1431 τὸ
495 1406 582 1441 σῶμα,
595 1407 643 1442 τὴν
659 1407 688 1433 δὲ
704 1407 791 1443 ψυχὴν
810 1406 846 1443 μὴ
865 1407 945 1434 δυνα-

158 1449 249 1485 μένων
263 1451 420 1478 ἀποκτεῐναι
432 1462 440 1477 ι
451 1452 530 1487 (αὕτη
538 1452 731 1488 ἀναντίβρητος
740 1453 788 1487 τῆς
799 1453 946 1483 ἀθανασίας

156 1495 207 1530 τῆς
226 1496 314 1530 ψυχῆς
333 1498 348 1530 ἡ
375 1498 538 1533 μαρτυρία)·
552 1507 560 1524 ι
576 1497 711 1533 φοϐήθητε
737 1498 765 1525 δὲ
788 1498 886 1532 μᾶλλον
901 1499 946 1525 τὶν

1000 1085 1124 1113 Ουῖϐν.
1145 1100 1179 1106 ——
1190 1085 1421 1119 (ΣΙΙΑΞΒΕΜΟΝΙ,
1434 1085 1561 1114 2081Μο
1580 1086 1622 1114 ET
1639 1086 1781 1116 MARONI.

1217 1131 1292 1164 Quod
1304 1131 1460 1158 immortalis
1477 1131 1576 1158 quinm.

1035 1176 1073 1204 Ne
1092 1176 1141 1204 hac
1153 1177 1281 1211 opinione
1294 1176 1378 1209 ducti,
1392 1177 1485 1212 optimi
1508 1177 1568 1209 viri,
1589 1177 1659 1210 quod
1687 1177 1783 1204 aniuue

1000 1230 1051 1250 una
1066 1231 1128 1250 cum
1144 1223 1302 1258 corporibus
1318 1223 1536 1257 exstinguantur,
1551 1223 1609 1250 sine
1630 1223 1684 1250 ullo
1711 1229 1782 1250 metu

1000 1268 1127 1303 peccetis,
1142 1272 1270 1303 tanquam
1284 1275 1380 1303 pmnas
1394 1268 1505 1295 minime
1523 1268 1610 1295 daturi
1624 1277 1631 1295 :
1658 1276 1751 1296 verum
1767 1277 1782 1295 a

997 1314 1087 1349 judice
1106 1314 1246 1342 veritatem
1258 1314 1358 1347 edocti,
1372 1313 1422 1342 hoc
1437 1319 1489 1346 est,
1505 1314 1574 1348 quod
1599 1319 1623 1341 et
1644 1314 1782 1341 immorta-

998 1360 1037 1387 les
1051 1360 1116 1392 sint,
1135 1363 1161 1387 et
1174 1360 1305 1394 judicium
1317 1359 1445 1387 subitura
1466 1360 1532 1391 sint,
1558 1360 1720 1394 palinodiam
1736 1367 1783 1387 ca-

998 1406 1063 1433 nite.
1081 1415 1090 1431 ι
1110 1405 1149 1433 Ne
1165 1405 1282 1433 linteatis
1303 1406 1386 1437 enim.
1407 1405 1504 1439 inquit,
1527 1405 1560 1432 ab
1583 1405 1616 1432 iis
1641 1405 1686 1440 qui
1708 1406 1783 1432 occi-

999 1452 1066 1479 dunt
1080 1459 1188 1486 corpus,
1203 1452 1322 1478 animam
1345 1455 1434 1478 autem
1454 1458 1506 1478 non
1526 1457 1638 1486 possunt
1660 1452 1783 1479 occidere

999 1497 1042 1532 (en
1072 1497 1203 1531 ejusmodi
1231 1496 1441 1524 immortalitatis
1466 1497 1563 1524 anima:
1586 1497 1782 1529 testimonium,

156 1541 306 1576 δυνάμενον
318 1542 364 1568 καὶ
374 1542 461 1578 ψυχὴν
471 1544 517 1570 καὶ
529 1543 608 1579 σῶμα
620 1543 749 1570 ἀπολέσαι
767 1545 795 1570 ὲν
809 1544 916 1579 γεέννῃ.
934 1553 944 1570 ι

999 1543 1040 1571 cui
1059 1551 1138 1570 nemo
1151 1542 1287 1570 adversari
1297 1542 1388 1578 queat)
1399 1551 1406 1574 ;
1418 1541 1511 1570 timete
1527 1546 1615 1569 autem
1627 1543 1714 1577 potius
1722 1550 1783 1570 eum

155 1586 233 1620 Αὕτη
249 1587 295 1613 καὶ
311 1588 359 1623 τῆς
376 1589 550 1620 ἀναστάσεως
571 1590 615 1615 καὶ
630 1590 679 1624 τῆς
703 1589 839 1619 κολάσεως
862 1589 945 1623 ἀψευ-

156 1632 207 1666 δὴς
228 1633 372 1666 ἀπόδειξις.
396 1634 450 1669 Τὴν
474 1635 529 1670 γὰρ
543 1635 590 1661 τοῦ
619 1634 790 1670 Δημιουργοῦ
809 1635 945 1669 ἀπόφασιν

156 1679 250 1714 πάσης
275 1679 436 1712 ἀποδείξεως
457 1681 631 1716 ἰσχυροτέραν
657 1681 710 1716 χρὴ
729 1681 858 1716 νομίζειν.
884 1681 945 1707 ’Ότι

154 1723 187 1749 δὲ
207 1724 254 1749 καὶ
281 1725 309 1750 ὲν
335 1726 367 1759 τῇ
401 1725 505 1760 Παλαιᾷ
538 1726 659 1761 Διαοήκῃ
685 1726 710 1752 ot
733 1726 871 1760 εὐδόκιμοι
899 1725 946 1752 καὶ

156 1768 282 1803 λαμπροὶ
311 1769 359 1804 τὴν
383 1771 432 1805 τῆς
470 1770 559 1805 ψυχῆς
576 1770 630 1806 (21)
657 1771 755 1806 ᾔδεσαν
784 1770 943 1804 ἀθανασίαν,

156 1814 294 1840 ἀκούσατε
310 1815 364 1841 τῶν
379 1815 461 1850 τριῶν
478 1815 579 1842 παίδων
591 1818 619 1842 εν
633 1817 667 1852 τῇ
683 1816 790 1851 καμίνῳ
802 1815 943 1849 λεγόντων·

161 1871 170 1886 ι
198 1860 354 1894 Εὑλογεῖτε,
369 1861 510 1896 πνεύματα
524 1862 570 1888 καὶ
583 1862 668 1897 ψυχαὶ
685 1861 809 1894 δικαίων,
827 1861 872 1887 τὸν
887 1861 944 1888 Κύ-

158 1915 229 1942 ριον.
249 1916 258 1932 ι
284 1901 445 1940 Ἀξιόπίστοι
460 1907 488 1933 δὲ
505 1906 638 1942 δήπουθέν
655 1908 734 1940 εἰσιν,
753 1908 776 1933 οἱ
788 1907 834 1933 τὸν
847 1907 946 1942 τύραν-

157 1960 205 1978 νον
225 1951 263 1987 μὴ
277 1953 450 1987 φοδηθέντες,
467 1951 535 1980 ἀλλὰ
548 1953 597 1988 τὴν
609 1953 750 1980 εὐσέϐειαν
773 1953 945 1988 ἐπιδειξάμε-

156 2006 210 2029 νοι,
224 1998 271 2024 καὶ
290 1998 320 2024 τὸ
340 1998 396 2032 πῦρ
417 1999 639 2034 δυσωπήσαντες.
659 1999 687 2025 '0
702 1999 731 2026 δὲ
749 1999 803 2025 τῶν
820 1999 946 2034 Σεραφὶμ

157 2042 263 2078 θεωρὸς
284 2043 352 2078 βοῶν
365 2065 372 2077 ,
393 2053 402 2070 ι
425 2044 472 2075 Τίς
491 2044 636 2079 ἀναγγελεῖ
649 2045 713 2079 ὑμῖν
734 2045 774 2071 ὅτι
792 2044 848 2080 πῦρ
871 2044 956 2085 uate-1

155 2099 218 2123 ταις
235 2099 244 2116 ι
271 2091 297 2117 τί
311 2091 375 2118 ἀλλο
396 2091 412 2127 ἢ
434 2092 482 2127 τὴν
505 2092 627 2126 γέενναν,
648 2091 694 2119 καὶ
709 2091 758 2126 τὴν
785 2091 839 2118 τῶν
851 2090 945 2126 ψυχῶν

156 2136 320 2170 ἀθανασίαν,
335 2137 380 2163 καί¹
395 2137 443 2172 τὴν
464 2135 517 2164 τῶν
533 2138 666 2171 σωμάτων
682 2136 828 2163 ἀναϐίωσιν
843 2135 946 2172 κηρύτ-

155 2191 218 2215 τει;
239 2183 285 2218 Μὴ
315 2181 361 2210 οὖν
387 2183 487 2218 μύθους
514 2183 652 2218 ἡγήσησθε
683 2183 746 2214 τοὺς
776 2182 945 2217 ἐπᾳσθέντας

999 1589 1043 1623 qui
1069 1592 1158 1622 potest
1177 1595 1276 1622 corpus
1300 1593 1327 1615 et
1347 1588 1465 1614 animam
1493 1588 1606 1622 perdere
1633 1589 1657 1615 in
1682 1589 1783 1623 gehen-

999 1643 1060 1662 nam
1075 1635 1108 1661 ".
1130 1643 1139 1660 ι
1154 1634 1191 1661 Eu
1203 1638 1231 1661 et
1243 1633 1451 1660 resurrectionis
1468 1638 1494 1659 et
1505 1633 1630 1668 supplicii
1655 1635 1688 1661 ab
1709 1635 1782 1660 omni

999 1680 1139 1707 mendacio
1154 1679 1240 1706 aliena
1253 1678 1460 1706 demonstratio.
1484 1678 1622 1712 Siquidem
1645 1679 1783 1707 Creatoris

999 1726 1159 1753 sententiam
1172 1725 1268 1759 quovis
1286 1729 1446 1758 argumento
1467 1723 1613 1750 ﬁrmiorem
1637 1732 1670 1751 ac
1690 1725 1783 1752 valen-

999 1770 1265 1798 tiorcmexistimare
1279 1772 1394 1803 oportet.
1430 1767 1505 1800 Quod
1530 1774 1618 1794 autent
1645 1769 1670 1794 in
1694 1767 1782 1794 Veteri

999 1823 1105 1852 quoque
1122 1814 1295 1842 Testamento
1309 1813 1384 1848 probi
1399 1818 1426 1840 et
1438 1813 1502 1840 clari
1516 1813 1565 1840 viri
1585 1813 1718 1847 cognitam
1734 1814 1782 1840 ha-

999 1863 1107 1889 buerint
1130 1861 1227 1888 anima:
1251 1859 1490 1889 inunorlalilatem.
1515 1859 1605 1886 audite
1630 1859 1694 1894 quid
1726 1864 1781 1886 tres

999 1908 1074 1942 pueri
1087 1907 1113 1934 in
1127 1907 1237 1934 fornace
1249 1906 1340 1933 dicant
1354 1915 1360 1932 2
1379 1905 1556 1936 «Benedicitc,
1565 1905 1676 1939 spiritus
1685 1910 1710 1932 et
1724 1905 1782 1932 ani-

999 1954 1201 1989 majustorum,
1216 1952 1329 1979 Domino
1343 1951 1362 1978 ‘.
1379 1961 1388 1977 ι
1402 1951 1483 1986 376
1501 1951 1590 1978 ldonei
1604 1957 1692 1978 amem
1705 1951 1778 1978 srili-

999 2004 1051 2031 cet,
1063 1999 1163 2034 quibus
1176 1999 1241 2026 lides
1257 1997 1427 2029 adhibeatur,
1444 1997 1561 2028 illisunt,
1575 1997 1619 2032 qui
1635 2001 1776 2032 tyrannum

1000 2046 1110 2072 minime
1123 2046 1332 2081 pertimuerunt,
1349 2051 1441 2071 verum
1458 2043 1565 2077 pietatis
1577 2043 1711 2077 specimen
1723 2043 1782 2070 edi-

1000 2091 1106 2122 derunt,
1132 2094 1212 2124 atque
1236 2089 1323 2123 ignem
1343 2092 1470 2122 tanquam
1499 2087 1599 2121 pudore
1621 2086 1779 2114 aﬂ‘ecerunt.

999 2135 1056 2163 Jam
1075 2136 1119 2162 ille
1135 2135 1345 2169 Seraphiuorum
1372 2137 1506 2168 spectator
1530 2133 1648 2160 clamans
1665 2142 1671 2159 :
1693 2142 1702 2158 ι
1717 2133 1782 2166 Quis

999 2180 1167 2208 aunuutiahit
1183 2179 1258 2206 vobis
1272 2178 1342 2214 quod
1356 2178 1424 2213 ignis
1445 2178 1538 2204 ardeat
1553 2177 1583 2204 ’Ἰ
1599 2187 1607 2202 ι
1628 2176 1691 2211 quid
1711 2177 1782 2203 aliud

156 2229 226 2263 ὑμῖν
245 2228 320 2264 παρά
343 2229 393 2263 τῆς
410 2229 520 2264 Γραφῆς
543 2229 638 2263 λόγους
652 2249 658 2261 ,
687 2228 743 2254 ἀλλ’
770 2229 943 2262 ἀνενέγκατε.

999 2233 1077 2261 quam
1101 2225 1249 2261 gehennam
1274 2229 1353 2258 atque
1373 2222 1523 2249 auitnorum
1553 2221 1781 2249 immortalitatem

157 2274 271 2306 Ἔξεστι
295 2275 349 2310 γὰρ
371 2275 424 2307 ’ἕως
454 2275 545 2302 ἐνθάδε
570 2275 662 2309 ἐσμέν.
694 2275 731 2300 Οὐ
761 2274 814 2308 γὰρ
839 2274 912 2300 θέλει
932 2275 945 2300 ὁ

155 2319 226 2351 Θεὸς
239 2320 286 2346 τὸν
300 2319 413 2347 θάνατον
427 2320 474 2346 τοῦ
494 2318 670 2354 ἁμαρτωλοῦ,
688 2319 725 2350 ὡς
739 2318 768 2345 τὸ
783 2319 944 2354 ἐπιστρέψαι

155 2366 240 2393 αὐτὴν
273 2366 327 2392 ἀπὸ
343 2366 391 2401 τῆς
416 2365 475 2392 ὁδοῦ
502 2365 584 2392 αὑτοῦ
601 2365 650 2399 τῆς
674 2365 806 2399 πονηρᾶς,
834 2364 880 2390 καὶ
895 2364 945 2398 ζῇν

155 2412 241 2439 αὐτὸν
261 2412 310 2446 τὴν
326 2412 447 2447 ἀοίδιμον
463 2412 546 2446 ζωήν.
560 2412 592 2438 El
613 2411 667 2446 γὰρ
691 2409 898 2446 προφθάσοιμεν
915 2409 945 2435 τὸ

155 2457 304 2492 πρόσωπον
316 2457 398 2484 αὐτοῦ
413 2458 442 2484 εν
461 2456 666 2492 ἐξομολογήσει,
680 2456 831 2488 τουτέστιν,
846 2456 870 2481 εἰ
892 2455 946 2490 πρὸ

153 2503 206 2538 τῆς
222 2503 320 2538 κυρίας
342 2502 387 2530 διὰ
411 2502 583 2538 πραγμάτων
611 2501 680 2528 αὐτὰ
705 2500 943 2536 ἀπολογησόμεθα,

1003 2277 1202 2306 corporumque
1216 2270 1248 2296 ad
1266 2270 1348 2295 vitam
1363 2268 1478 2295 reditum
1509 2267 1656 2302 pradicat?
1681 2267 1783 2300 Quam-

999 2317 1092 2344 obrem
1111 2324 1143 2342 ne
1158 2316 1239 2341 verba
1253 2322 1284 2344 ea
1303 2321 1362 2348 quae
1375 2313 1512 2348 Scriptura
1525 2312 1600 2339 vobis
1613 2312 1721 2344 aceinit,
1735 2320 1783 2345 pro

998 2362 1095 2389 fabulis
1122 2361 1211 2388 ducite
1235 2369 1242 2386 :
1265 2367 1359 2388 verum
1380 2360 1412 2386 ad
1433 2359 1570 2385 meliorem
1598 2362 1714 2384 mentem
1739 2365 1783 2383 re-

997 2409 1082 2435 dite“.
1113 2407 1141 2434 ld
1171 2407 1331 2437 enimlicct,
1352 2405 1508 2439 quantisper
1535 2404 1560 2430 in
1590 2405 1643 2430 vita
1677 2410 1781 2429 sumus.

998 2454 1068 2481 Deus
1079 2453 1177 2487 quippe
1189 2459 1243 2478 non
1258 2451 1316 2478 vult
1331 2456 1445 2478 mortem
1472 2449 1633 2484 peccatoris,
1651 2447 1698 2475 sed
1723 2455 1782 2473 ma—

999 2500 1040 2533 gis
1051 2503 1079 2525 ut
1097 2506 1111 2524 a
1124 2499 1165 2524 via
1182 2505 1229 2525 sua
1246 2497 1315 2524 mala
1336 2499 1518 2527 convertatur,
1547 2501 1579 2521 ac
1595 2494 1725 2521 celebrent
1741 2491 1779 2517 vi-

191 2581 215 2596 ”
228 2580 322 2608 Matth.
339 2589 365 2613 ιι,
377 2581 422 2608 28.
461 2581 469 2596 ⁸
484 2581 550 2609 Dan.
567 2588 606 2614 Ill,
618 2579 663 2607 86.
700 2581 709 2596 '
723 2578 775 2606 Isa.
792 2585 888 2610 xxmi,
906 2577 950 2604 Η.

1009 2576 1059 2604 Isa.
1082 2575 1152 2607 nvi,
1174 2574 1218 2601 ll.

706 2655 822 2683 VARIAS
843 2652 1038 2683 LECTIONES
1059 2652 1102 2679 ET
1121 2650 1236 2679 NOTIE.

191 2736 248 2769 (l9)
266 2736 332 2763 Cod.
351 2735 424 2766 Van,
441 2735 546 2764 melius.
564 2734 610 2760 ἐπὶ
624 2732 670 2765 οὖν
689 2734 742 2760 τῶν
762 2734 836 2769 κερδ.
855 2733 891 2760 In.

190 2768 247 2805 (20)
271 2771 447 2805 Βαρυτάτην
462 2769 517 2803 τὴν
525 2769 629 2803 ζημίαν
648 2770 679 2795 τὸ
695 2768 922 2802 κακῶςόιερόιιί-

141 2804 359 2832 νειν.ΙΙεε.ἐυ‹1ιιε
373 2812 480 2838 qtmque
494 2807 543 2831 hoc
558 2805 675 2837 agnovit,
689 2812 749 2838 cum
766 2804 883 2838 scripsit.

191 2844 236 2879 Μὴ
258 2841 331 2868 κακὰ
345 2837 496 2875 κερδαίνειν
507 2848 513 2855 ⁵
528 2839 600 2865 κακὰ
616 2839 714 2873 κέρδεα
728 2837 762 2864 ἶς’
779 2837 885 2874 ἅτῄσιν.

319 2888 456 2917 Parnm.
480 2886 536 2916 Gn.
561 2885 724 2916 LXXVIII.

1035 2729 1074 2757 Ne
1091 2729 1158 2756 male
1174 2729 1284 2756 lucrm}
1298 2737 1307 2756 :
1320 2728 1389 2755 ηιαία
1404 2729 1477 2753 lucra
1492 2723 1605 2758 ιειιιιιιίὶα
1622 2722 1735 2749 damnis;

999 2766 1031 2793 Et
1046 2765 1219 2799 Sophocles:
1400 2797 1404 2799 ἓ
1443 2796 1448 2799 _
1499 2789 1506 2799 ί

1030 2801 1070 2826 Τὰ
1085 2792 1180 2833 ’φαῦλα
1200 2799 1282 2833 κέρδη
1301 2797 1426 2832 πημονὰς
1442 2792 1595 2833 ὲργᾷζεται.
1607 2792 1696 2833 Ima.

1039 2836 1084 2870 2|)
1098 2826 1182 2862 Verba
1193 2826 1241 2872 τὴν
1250 2826 1299 2868 τῆς
1309 2826 1394 2867 ψυχῆς
1406 2826 1544 2858 οιιιῐιῐιξιηιι
1553 2829 1595 2854 ed.
1607 2828 1691 2855 Paris.
1702 2826 1780 2854 Eutr.

1564 2874 1596 2904 31
