2045 3158
241 222 300 248 ΤΘ’.
320 237 356 244 -
381 223 558 260 ΜΑΡΤΥΡΙῼ
579 226 809 265 ΠΡΕΣΒΥΤΕΡῼ.

166 276 198 302 ΕΞ
226 275 325 311 βούλει,
350 275 372 304 ὦ
396 278 527 314 βέλτιστε,
545 282 651 315 μεγάλα
666 284 750 317 δεῖξαι
775 286 807 312 τὰ
824 287 920 313 σαυτοῦ

132 321 344 357 κατορθώματα,
363 325 399 359 μὴ
416 325 487 359 μέγα
501 327 603 360 φρόνει,
619 329 664 354 καὶ
679 330 739 356 τότε
754 331 839 357 ταῦτα
860 332 920 367 μεί-

131 367 195 398 ζονα
218 368 387 402 ἀποφαίνεις.
413 371 458 406 Μὴ
481 372 594 408 νομίσῃς
619 382 644 400 τι
667 376 855 411 πεποιηκέναι,
873 379 920 404 καὶ

131 413 191 438 τότε
206 413 395 449 λαμπρότερος
411 415 470 452 ἔσῃ.
485 417 516 444 Εἰ
531 418 583 452 γὰρ
600 420 613 445 ὁ
628 420 788 455 ἁμαρτωλὸς
802 423 919 456 νομίζων

131 455 200 482 εἶναι
221 458 292 484 τοῦθ’
307 459 375 494 ὅπερ
396 461 463 491 ἐστὶ,
483 462 586 493 δίκαιος
602 464 705 497 γίνεται
720 465 824 502 (ὥσπερ
844 468 890 494 καὶ
904 469 918 494 ὀ

130 503 272 538 τελώνης)·
288 506 302 531 o'
324 505 426 537 δίκαιος
454 507 615 543 ἁμαρτωλὸν
641 511 735 537 ἑαυτὸν
762 513 920 547 ἡγούμενος,

132 548 188 579 πῶς
202 549 232 575 οὑ
250 551 410 586 σεμνότερός
420 554 475 580 ἐστι
489 556 535 580 καὶ
551 556 756 592 εὐκλεέστεροςξ
773 558 804 584 Ἡ
818 559 921 592 εὐγνω-

132 594 235 629 μοσύνη
251 596 379 630 στέφανον
398 598 551 635 ἁμαρτωλῷ
577 601 691 635 ἤνεγκεν
707 602 776 636 (οὐδὲ
796 602 849 638 γὰρ
872 594 918 629 τα-

132 642 324 675 πεινοφρονῶν,
345 643 401 670 ἀλλ’
415 645 555 679 ἀληθεύων
572 646 672 682 ἔλεγε),
684 649 916 684 ταπεινοφροσύνῃ

129 684 225 719 δικαίῳ
254 687 312 719 πῶς
338 689 368 714 οὐ
386 689 496 724 μυρίους
512 691 603 723 πλέξει
620 693 785 727 nephew;

554 168 817 201 EPISTOLARUM
835 173 906 202 LIB.
931 174 983 204 III.
998 188 1031 192 *-
1044 177 1160 207 EPIST.
1181 179 1329 210 CCCXIII.
1702 188 1754 216 1)·ῖὸ

1062 235 1174 263 CCCIX.
1189 253 1224 257 —
1239 237 1420 267 MAIITYIIIO
1436 239 1671 269 PRESBYTI'ZIIU;

1008 290 1036 317 Si
1050 291 1111 318 illud
1129 292 1175 319 tibi
1199 294 1287 320 studio
1302 300 1341 321 est
1356 314 1363 325 ,
1383 296 1423 322 vir
1438 297 1537 330 optime
1553 317 1559 329 ,
1584 302 1612 324 ut
1630 306 1688 332 quae
1705 299 1753 326 abs

972 342 997 364 te
1012 345 1072 364 cum
1088 338 1188 364 virtute
1203 343 1341 372 geruntur,
1356 349 1449 374 magna
1467 350 1526 369 esse
1542 343 1683 371 videantur
1695 364 1702 376 ,
1720 353 1752 372 ne

971 382 1121 409 sublimiter
1134 390 1165 409 ac
1179 383 1318 417 magniﬁce
1335 385 1368 410 de
1385 390 1410 411 tc
1430 388 1531 413 sentias
1544 408 1550 418 ,
1571 396 1602 414 ac
1618 393 1672 415 tum
1694 397 1752 416 atil-

969 428 1052 462 pliora
1078 435 1108 455 ea
1135 429 1238 455 reddes.
1262 428 1300 455 Ne
1317 434 1342 456 te
1360 429 1456 457 fecisse
1472 432 1624 459 existimes:
1651 442 1680 460 ac
1697 438 1751 460 tum

973 473 1101 506 majorem
1115 473 1282 507 splenderent)
1299 475 1483 508 consequeris.
1501 475 1564 502 Nam
1579 477 1599 503 si
1616 483 1751 510 peccator,

972 518 996 544 id
1015 526 1054 549 se,
1066 519 1135 552 quod
1150 524 1201 551 est,
1211 526 1271 546 esse
1287 519 1519 555 judicans,justns
1531 521 1753 556 elticitur(quem-

974 563 1117 588 admodum
1145 562 1289 596 publicano
1306 563 1439 598 contigit),
1457 564 1520 597 quid
1538 565 1642 590 tandem
1664 565 1753 591 atI'erri

968 610 1066 638 potest,
1082 606 1146 640 quin
1161 606 1262 640 justus,
1280 611 1450 641 peccatorem
1466 615 1494 634 se
1511 615 1568 634 esse
1583 601 1753 639 existimans,

968 650 1096 684 majorem
1112 652 1175 678 hinc
1194 652 1395 679 venerationem
1419 652 1587 686 gloriamque
1606 654 1656 680 sibi
1680 660 1753 680 cetu-

966 685 1098 729 paret?Si
1114 696 1226 723 candida
1244 697 1347 730 peccati
1361 698 1463 733 agnitio
1474 705 1601 725 coronam
1619 699 1752 732 peccatori

129 731 220 779 attulit
236 732 298 765 (non
318 734 388 760 cnim
413 742 461 767 per
477 737 558 764 animi
587 739 805 771 submissionem,
821 740 867 766 sed
885 740 995 767 veritate
1029 742 1140 773 ductus,
1175 743 1226 769 hoc
1260 731 1389 778 dicebat);
1399 743 1462 778 quid
1477 751 1565 771 causa:
1581 731 1630 774 cst,
1658 752 1754 779 quatu-

128 775 224 803 obrem
242 777 376 805 humilitas
390 781 463 813 justo
474 787 616 809 sexcentas
626 791 741 811 coronas
760 793 812 811 non
830 786 937 812 nectat?

282 836 331 862 TI’.
350 853 384 857 —
403 838 516 875 ΠΕΤΡῼ
536 841 764 877 ΣΧΟΛΑΣΤΙΚῼ.

165 879 262 905 Πολλοὶ
277 881 324 915 μὲν
339 881 489 915 ἀνθρώπων
509 885 622 919 (πάντας
647 886 700 922 γὰρ
715 887 852 914 αἰτιᾶσθαι
867 889 916 924 οὐχ

126 924 222 958 ὅσιον),
238 926 271 952 τὰ
287 927 336 960 μὲν
361 928 433 955 κακὰ
448 930 495 956 καὶ
514 931 549 965 μὴ
572 932 701 966 μαθόντες
719 933 813 968 δρῶσι,
838 934 872 961 τὰ
887 935 915 961 δὲ

128 970 220 1003 ἀγαθὰ
234 971 293 997 οὐδὲ
313 973 498 1009 διδασκόμενοι
517 977 637 1003 συνίασιν
648 986 654 993 ⁸
677 979 745 1005 ἀλλὰ
760 979 792 1005 τὰ
811 980 859 1014 μὲν
874 989 914 1007 τι·

129 1015 235 1050 μωρίας
253 1017 366 1044 πνέοντα
387 1018 433 1053 ἀφ’
458 1021 512 1055 (54)
538 1022 641 1048 ἑαυτῶν
667 1024 805 1057 ποιοῦντες
826 1025 915 1052 διατε-

127 1059 220 1086 λοῦσι·
236 1061 269 1088 τὰ
286 1063 314 1089 δὲ
330 1064 468 1098 στεφάνων
486 1067 613 1102 πρόξενοι,
630 1069 683 1095 οὐδ’
697 1069 914 1105 ἀναγκαζόμενοι

126 1105 353 1140 διαπράττονται·
384 1110 496 1137 κάκεῖνα
531 1113 579 1147 μὲν
608 1114 675 1148 μηδὲ
706 1115 914 1151 παραδείγματα

126 1151 256 1184 πολλάκις
268 1153 373 1187 ἔχοντες
389 1155 520 1182 τίκτουσι·
535 1158 620 1185 ταῦτα
637 1159 676 1192 δὲ,
698 1161 744 1187 καὶ
768 1153 914 1196 παραδείγ-

127 1205 202 1242 ματα
226 1199 341 1231 ὁρῶντες
363 1201 597 1236 παραγράφονται.
628 1205 760 1233 Τοσοῦτον
784 1207 913 1242 ἀπέχουσι

124 1241 173 1288 τοῦ
192 1243 344 1278 μιμεῖσθαι.
370 1245 422 1272 Τοῦ
441 1247 519 1281 χάριν
544 1247 575 1283 δὴ
592 1249 676 1276 ταῦτα
702 1251 809 1286 γράφω,
834 1241 913 1288 τυχὸν

124 1287 178 1312 οὐκ
193 1288 316 1321 ἀγνοεῖς·
340 1289 379 1316 ὅτι
396 1291 520 1326 Ζωσίμου
538 1293 584 1319 καὶ
605 1294 738 1329 Μάρωνος
762 1297 824 1327 τοὺς
840 1296 913 1331 βίους

124 1332 261 1369 ἐκιομῴδη
266 1342 322 1366 σας.

252 1419 325 1452 TIA’,
346 1441 380 1446 --
405 1427 532 1454 ΔᾹΝΙΗΛ
553 1429 787 1467 ΠΡΕΣΒΥΤΕΡῼ.

168 1469 197 1495 '0
217 1470 295 1504 σοφὸς
320 1471 468 1504 Εὖστάθιος
487 1475 500 1500 ὁ
515 1475 708 1511 πρεσϐύτερος,
731 1478 745 1503 ὁ
768 1477 819 1503 ὑπὸ
838 1477 911 1510 θείας

1085 845 1184 874 CCCX.
1201 861 1234 866 —-
1249 847 1362 874 PETRI)
1379 847 1628 876 SCIIOLAS'I‘ICO.

1005 890 1129 926 Plerique
1145 893 1299 920 mortalium
1309 893 1408 928 (neque
1423 894 1493 921 enim
1512 902 1606 921 omnes
1623 901 1752 920 accusare

970 935 1010 962 fas
1030 937 1086 969 est)
1110 937 1179 964 mala
1194 937 1301 971 quidem
1321 938 1401 965 etiam
1418 939 1476 966 sine
1494 939 1652 973 cujusquam
1671 938 1750 964 disci-

969 982 1039 1016 plina
1056 982 1169 1015 faciunl,
1186 983 1253 1010 bona
1267 988 1354 1010 autem
1370 984 1489 1011 adltibito
1501 991 1607 1018 quoque
1621 984 1751 1018 magistro

968 1035 1020 1054 non
1035 1027 1205 1062 intelligunt:
1223 1033 1303 1061 atque
1323 1035 1354 1055 ea
1371 1036 1428 1063 quae
1444 1037 1549 1063 poenam
1563 1034 1589 1056 et.
1602 1029 1749 1055 cruciatum

967 1070 1091 1103 spirant,
1109 1077 1156 1097 sua
1178 1076 1272 1105 sponte
1292 1078 1371 1105 agere
1390 1080 1442 1099 non
1463 1072 1666 1103 intermittunt,
1691 1080 1751 1106 qua:
1769 1078 1775 1083 ‘

968 1119 1057 1142 antem
1072 1122 1186 1142 coronas
1200 1121 1359 1149 accersunt,
1383 1123 1417 1143 ne
1437 1117 1523 1143 coacti
1542 1117 1648 1150 quidem
1664 1117 1750 1142 admi-

967 1161 1100 1188 nistrant:
1123 1165 1202 1196 atque
1224 1161 1286 1193 illa,
1308 1162 1414 1189 tametsi
1433 1169 1550 1196 persa-pe
1571 1170 1604 1189 ne
1628 1162 1750 1196 exempla

967 1207 1073 1242 quidem
1088 1207 1139 1234 ulla
1156 1207 1286 1240 habeant,
1306 1207 1413 1242 pariunt
1428 1217 1435 1234 :
1454 1208 1512 1234 haec
1529 1211 1617 1234 autent
1631 1227 1639 1239 ,
1669 1208 1750 1234 ctiam

967 1253 1099 1287 exemplis
1117 1258 1178 1280 ante
1193 1254 1284 1280 oculos
1299 1253 1454 1287 propositis,
1472 1253 1633 1287 itnprobant,
1653 1253 1750 1279 nedum

967 1299 1115 1326 imitentur.
1133 1298 1218 1332 Quam
1241 1300 1275 1326 ob
1289 1307 1398 1327 causam
1415 1300 1471 1326 hate
1489 1299 1621 1331 scribam,
1636 1299 1750 1326 fortasse

967 1353 1017 1371 non
1033 1344 1160 1378 ignoras:
1188 1353 1284 1378 nempe
1307 1346 1368 1380 quia
1386 1345 1486 1372 Zosimi
1501 1350 1528 1372 et
1541 1344 1658 1372 Maronis
1681 1345 1749 1372 vitas
1783 1378 1791 1384 ἱ

967 1391 1096 1418 comicum
1114 1391 1139 1417 in
1154 1392 1260 1418 modum
1279 1391 1442 1426 proscidisti.

1073 1436 1182 1464 CCCXL
1198 1451 1231 1456 —
1251 1436 1386 1466 DANIELI
1402 1435 1641 1464 PRESBYTERO.

1001 1481 1115 1515 Sapiens
1127 1481 1268 1516 presbyter
1279 1481 1446 1513 Eustathius,
1462 1482 1518 1515 qui,
1535 1488 1581 1516 pro
1596 1480 1685 1508 divino
1699 1488 1748 1507 suo

126 1515 337 1550 μισοπονηρίας,
364 1516 410 1542 καὶ
434 1518 479 1544 ἐπὶ
493 1520 525 1554 τῇ
550 1519 694 1556 ὁμωνυμίᾳ.
716 1522 762 1548 τοῦ
788 1523 910 1556 ἐναγοῦς,

126 1560 164 1572 1.-
194 1557 270 1572 ,ζ’-ιι..
317 1561 348 1572 π]
360 1562 433 1572 ,κνΛμ
497 1563 509 1572 n
589 1565 595 1572 1
756 1567 762 1572 .
804 1568 810 1572 .
854 1568 877 1572 ...

965 1527 991 1554 in
1008 1527 1142 1562 improbos
1160 1528 1238 1559 odio,
1257 1528 1338 1554 etiam
1353 1528 1422 1555 idem
1445 1528 1495 1555 sibi
1516 1535 1576 1555 cum
1596 1527 1701 1560 impuro
1721 1531 1749 1553 et

123 1560 164 1590 ὼς
193 1557 282 1591 οἶσθα,
317 1561 466 1589 Εὑσταθίου
496 1563 695 1599 βαρυνόμενος,
721 1567 767 1593 καὶ
798 1568 912 1603 ἀμεῖψαι

124 1605 224 1630 ἑαυτοῦ
247 1605 295 1641 τὴν
326 1609 510 1644 προσηγορίαν
533 1610 691 1646 βουλόμενος
717 1611 829 1647 οἴχεται.
863 1613 913 1639 Τέ-

124 1651 210 1685 θνηκε
233 1653 296 1687 γὰρ,
312 1654 397 1679 είπεῖν
412 1655 475 1686 ἴσως
490 1655 520 1681 οὗ
538 1655 624 1691 θέμις.
646 1657 678 1684 Ἡ
703 1658 756 1693 γὰρ
775 1659 828 1685 τῶν
854 1659 913 1693 φιλ-

124 1697 234 1731 αρέτων
258 1698 361 1733 ἀνδρῶν
377 1700 513 1735 κοίμησις,
530 1698 567 1728 ὧν
592 1699 631 1733 εἷς
643 1700 676 1738 ἦν
692 1704 738 1729 καὶ
757 1704 846 1736 αὐτὸς,
868 1713 912 1731 τε-

124 1741 208 1778 λευτὴ
226 1743 280 1778 μέν,
291 1745 349 1770 ἐστι
361 1744 414 1771 τῶν
436 1745 573 1781 λυπηρῶν,
588 1748 658 1783 ἀρχὴ
675 1749 702 1775 δὲ
718 1749 771 1775 τῶν
787 1750 908 1784 ἀγαθῶν.

124 1787 163 1813 Τὸ
181 1787 235 1823 γὰρ
249 1788 302 1815 τῶν
319 1789 406 1817 ἄθλων
423 1791 517 1826 πέρας,
534 1792 603 1828 ἀρχὴ
617 1793 669 1820 τῶν
692 1795 829 1829 στεφάνων
848 1796 913 1822 m0-

125 1832 238 1867 ἔστηκε.

270 1927 342 1954 TIB’.
364 1943 397 1948 —
416 1929 587 1965 ΠΑΛΛΑΔΙῼ
607 1932 769 1969 ΔῐΑΚΟΝῼ.

165 1972 242 2006 Ἔχει
256 1981 282 1999 τι
304 1974 320 2008 ἠ
343 1974 416 2010 ψυχή
435 1984 485 2010 μου
510 1977 667 2013 ὲπιρῤεπὲς,
686 1976 708 2005 ὦ
725 1980 796 2014 φίλε,
821 1981 859 2012 είς
884 1981 913 2007 τὺ

125 2017 266 2044 πιστεύειν
288 2019 337 2052 μὲν
359 2021 416 2051 τοῖς
442 2021 579 2056 μεγίστοις
603 2024 823 2059 κατορθώμασιν,
850 2026 914 2052 drm-

125 2063 201 2088 στεῖν
223 2061 251 2087 δὲ
268 2063 324 2094 τοῖς
351 2063 477 2098 μεγάλοις
505 2066 692 2101 ἁμαρτήμασι.
718 2068 762 2094 Διὸ
784 2069 830 2094 καὶ
851 2068 914 2100 τοὺς

123 2108 220 2133 ἐκεῖνα
236 2108 284 2142 μὲν
303 2109 494 2144 διηγουμένους
517 2112 635 2138 ἐπαινῶ·
654 2114 716 2145 τοὺς
730 2114 758 2140 δὲ
777 2114 872 2146 ταῦτα,
889 2115 914 2140 εἰ

125 2154 177 2188 μὲν
192 2154 336 2189 δυναίμην,
353 2155 534 2191 ἐπιστομίζω·
554 2159 577 2184 εί
593 2158 620 2184 δὲ
640 2159 687 2193 μὴ,
699 2159 738 2194 τῷ
757 2161 914 2195 στυγνὰζειν

963 1570 1110 1605 scelerato,
1127 1578 1156 1600 ut
1171 1573 1260 1606 nosti,
1277 1573 1417 1600 Eustathio
1439 1581 1534 1601 nomen
1554 1580 1613 1601 esse
1630 1574 1748 1607 graviter

962 1623 988 1646 et
1005 1619 1117 1646 moleste
1137 1618 1239 1646 ferebat
1255 1639 1262 1651 ,
1281 1626 1312 1645 ac
1329 1625 1424 1645 nomen
1447 1625 1523 1645 suum
1537 1619 1679 1645 immutare
1702 1625 1747 1644 cu-

963 1665 1050 1700 pichat
1062 1685 1069 1697 ,
1086 1665 1149 1691 hinc
1165 1664 1305 1692 abscessit.
1323 1663 1416 1698 Neque
1432 1664 1505 1691 enim
1529 1663 1646 1690 fortasse
1658 1663 1749 1689 dicere

964 1710 1003 1737 fas
1020 1714 1071 1743 est,
1090 1714 1212 1736 mortuus
1227 1714 1277 1736 est.
1293 1707 1359 1736 Nam
1374 1708 1518 1743 proborum
1536 1707 1654 1734 virorum
1671 1707 1747 1741 (quo-

964 1763 1021 1783 rum
1037 1761 1177 1782 numerum
1203 1754 1260 1788 ipse
1282 1760 1387 1788 quoque
1401 1751 1526 1787 augebat)
1544 1759 1653 1778 somnus
1667 1770 1674 1783 ,
1688 1758 1746 1778 mo-

962 1800 1100 1827 lestiarum
1119 1798 1230 1833 quidem
1248 1799 1308 1825 ﬁnis
1328 1803 1382 1831 est,
1400 1799 1530 1825 bonorum
1544 1805 1608 1824 vero
1629 1797 1745 1824 initium.

963 1841 1100 1879 Siquidem
1114 1843 1290 1872 certaminum
1310 1844 1370 1870 finis
1386 1863 1392 1876 ,
1409 1850 1569 1871 coronarum
1585 1842 1744 1877 principium

961 1890 1077 1917 exsistit.
1107 1885 1111 1888 ’

1091 1935 1213 1963 CCCXII.
1228 1950 1261 1955 -—
1277 1934 1446 1962 PALLADIO
1464 1933 1621 1962 DIACONO.

998 1980 1034 2007 Ea
1046 1981 1243 2015 quodammodo
1255 1980 1336 2007 animi
1352 1981 1529 2015 propensione
1539 1988 1608 2011 sum,
1621 1987 1637 2006 ο
1647 1979 1744 2010 amice.

963 2030 992 2052 ul.
1008 2026 1132 2052 maximis
1146 2025 1253 2060 quidem
1269 2025 1412 2052 virtutibus
1429 2025 1507 2052 [idem
1522 2025 1683 2056 adhibeam,
1705 2024 1745 2050 in,-

963 2070 1087 2105 gcntibus
1102 2076 1191 2096 autent
1209 2071 1327 2104 peccatis
1341 2071 1476 2105 abrogem.
1494 2071 1532 2096 Ex
1549 2078 1601 2104 quo
1620 2070 1744 2101 edicitur,

963 2123 991 2145 ut
1009 2125 1071 2151 eos,
1096 2118 1141 2152 qui
1159 2117 1201 2144 illa
1218 2123 1449 2150 commemorant,
1473 2117 1599 2145 laudibus
1613 2118 1742 2145 adiciant:

963 2162 996 2190 iis
1009 2168 1096 2189 autem
1114 2183 1120 2194 ,
1136 2163 1181 2197 qui
1201 2163 1259 2190 haec
1274 2168 1404 2196 narrant,
1426 2164 1447 2190 si
1463 2171 1568 2198 possunt
1585 2183 1592 2195 ,
1608 2164 1745 2191 silentium

122 2199 290 2238 ἀναστέλλῳ.
311 2200 340 2226 Εἰ
358 2198 447 2228 τοίνυν
471 2202 518 2228 καὶ
544 2203 588 2230 τὸν
614 2203 658 2230 σὺν
683 2205 777 2239 ἐχθρὸν
805 2206 911 2242 ἄρρητά

965 2207 1078 2234 indicant
1092 2217 1099 2241 ;
1115 2208 1154 2234 sin
1172 2208 1273 2240 minus,
1287 2208 1391 2235 tristem
1407 2209 1508 2235 vultum
1521 2209 1686 2244 praeferendo
1698 2217 1744 2238 eos

121 2252 187 2270 τινα
204 2244 274 2271 κατὰ
297 2246 344 2271 σοῦ
363 2247 563 2282 ρητορεύσαντα
588 2249 763 2285 ἐπεστόμιοα,
791 2252 828 2286 μὴ
851 2253 912 2286 ἐμοὶ

122 2290 207 2325 χάριν
229 2290 293 2323 ἴσοι,
311 2291 378 2318 ἀλλὰ
392 2293 430 2327 τῷ
444 2293 502 2329 Θεῷ
524 2293 563 2328 τῷ
579 2295 707 2327 τοιαύτην
723 2305 767 2331 μοι
784 2297 911 2332 προαίρὲ-

124 2343 169 2361 σιν
185 2336 370 2372 χαρισαμένῳ.
397 2338 452 2364 Καὶ
475 2339 562 2374 πειρῶ
587 2341 699 2372 ἐκεῖνον,
717 2341 750 2367 δι’
766 2339 802 2368 ὧν
826 2343 911 2377 πράτ-

122 2388 193 2412 τεις,
209 2380 340 2415 ἐλέγχειν.
359 2381 436 2409 Οὕτω
460 2384 514 2419 γὰρ
531 2383 585 2418 ἐγὼ
600 2385 678 2420 χάριν
701 2386 818 2421 εἴσομαι,
835 2388 857 2413 εἰ
874 2387 910 2423 μὴ

121 2425 288 2462 ἑλεγχοίμην
311 2427 379 2462 ὑπὲρ
405 2428 462 2461 σοῦ,
480 2429 537 2455 ἀλλ’
554 2430 623 2466 ὑπὲρ
647 2431 696 2466 τῆς
719 2431 846 2467 ἀληθείας
865 2433 910 2459 τὸν

122 2469 204 2503 λόγον
222 2472 415 2506 ποιησάμενος.

263 2562 335 2590 Tlr'.
356 2578 390 2583 —
410 2564 589 2601 ΛΑΜΠΕΤΙῼ
613 2567 772 2603 ΔιΑκοΝῼ.

304 2608 375 2641 Περὶ
397 2608 451 2643 τῆς
470 2610 552 2643 θείας
566 2611 731 2646 ἐπιδημίας.

160 2651 242 2683 Ἰτθι,
259 2648 281 2678 ὦ
298 2652 392 2687 σοφίας
412 2654 545 2689 aetneos;
567 2656 686 2691 ἄγαλμα,
707 2658 746 2684 ὅτι
763 2660 776 2685 ὁ
793 2659 910 2686 καλλίνι-

963 2253 1117 2286 reprimam.
1132 2253 1323 2286 Quamobrem,
1334 2254 1355 2280 si
1368 2254 1438 2280 hosti
1448 2262 1563 2289 quoque,
1577 2255 1622 2289 qui
1637 2255 1744 2282 infanda

963 2298 1082 2332 qtnedam
1095 2299 1236 2326 adversum
1250 2305 1275 2326 te
1288 2300 1443 2333 prolocutus
1455 2299 1552 2332 fuerat,
1568 2307 1599 2327 os
1611 2301 1744 2332 obstruxi,

963 2343 1082 2376 nemihi,
1099 2344 1145 2371 sed
1158 2344 1223 2377 Deo,
1240 2345 1285 2379 qui
1298 2346 1361 2372 mihi
1378 2346 1447 2373 hanc
1464 2346 1545 2373 animi
1563 2346 1746 2374 inductionem

963 2389 1051 2422 dedit,
1068 2389 1181 2424 gratiam
1197 2390 1284 2417 habe:
1309 2395 1389 2425 atque
1400 2411 1407 2424 ,
1425 2397 1454 2419 ut
1468 2391 1540 2418 illum
1556 2411 1563 2424 ,
1577 2399 1624 2426 per
1638 2399 1668 2419 ea
1687 2399 1754 2426 quas.

964 2434 1030 2468 agis.
1041 2441 1179 2469 coarguas,
1192 2436 1303 2462 enitere.
1321 2436 1387 2463 Nam
1398 2437 1434 2463 ita
1448 2437 1553 2465 demum
1568 2445 1617 2471 ego
1632 2437 1744 2471 gratiam

964 2478 1011 2505 tibi
1030 2479 1170 2506 habiturus
1188 2487 1259 2511 sum,
1279 2480 1301 2507 si
1317 2488 1369 2508 non
1389 2486 1443 2514 tua,
1462 2482 1509 2510 sed
1527 2482 1648 2510 veritatis
1665 2488 1744 2509 causa

965 2524 1044 2550 verba
1062 2523 1159 2552 fecisse
1174 2527 1334 2560 comperiar.

1034 2570 1115 2605 380
1131 2570 1265 2598 CCCXIII.
1279 2587 1314 2592 -—
1330 2572 1503 2601 LAMPETIO
1517 2572 1673 2600 DIACONO.

1215 2617 1252 2644 De
1274 2618 1362 2645 divino
1381 2620 1504 2646 adventu.

998 2660 1064 2688 Illud
1073 2662 1150 2695 scito,
1159 2670 1174 2689 ο
1189 2663 1308 2690 nativum
1327 2664 1465 2698 sapientia:
1477 2663 1660 2694 simulacrum,
1673 2663 1744 2697 quod

658 2735 772 2764 VARI/1';
793 2736 982 2766 LECTIONES
1002 2738 1046 2765 ET
1070 2739 1187 2768 NO'I'xE.

158 2807 215 2848 (ῗξί)
232 2808 286 2835 Pro
366 2811 424 2838 rod.
447 2811 573 2848 “H.650
590 2813 669 2841 habet
689 2814 729 2848 ἐφ’
747 2819 774 2841 et
799 2823 868 2842 vers.
886 2815 901 2841 8

119 2843 250 2880 εὑρόντες
273 2845 366 2872 scribit
388 2855 436 2877 pro
461 2847 588 2881 ὁρῶντες.
612 2848 688 2876 Vers.
710 2843 772 2884 pen.
802 2858 849 2884 pro
864 2850 903 2876 ὅτι

958 2817 1021 2878 llegit
1035 2819 1048 2844 ὁ
1067 2821 1092 2844 et
1115 2826 1184 2846 vers.
1203 2820 1250 2847 ult.
1271 2827 1320 2855 pro
1337 2820 1530 2856 ὲκωμῴδησας,
1544 2818 1740 2854 ,κωμῳδήσαφ

981 2859 1063 2878 OSSIN.

981 2859 1063 2880 OSSIN.
