2045 3158
282 152 333 184 999

282 215 415 244 quaquam
432 205 603 234 sustinebunt
618 213 624 231 2
643 211 733 230 verum
751 205 826 231 irrito
837 209 933 249 conatu
946 204 1065 233 abibunt.
1082 206 1106 234 Α

282 255 423 282 victoriam
440 251 549 281 rationi,
572 258 630 284 qua:
654 250 750 276 victrix
776 258 836 277 esse
860 250 950 282 debet,
969 257 1068 277 conce-

282 301 386 327 dentes.
405 297 491 330 Atque
504 296 555 322 hoc
571 299 611 321 est
624 295 694 329 quod
712 294 815 322 Psaltes
833 296 939 329 quidem
956 295 1068 326 monuit,

283 349 308 370 tu
325 349 414 369 autem
444 341 592 374 intelligere
609 340 685 374 cupis
703 350 709 366 ;
730 349 738 365 ι
760 340 918 372 Irascimiui,
937 345 964 367 et
987 341 1070 367 nolite

283 396 394 424 peccare
407 387 439 413 ³⁸.
461 396 470 412 ›

281 440 469 470 CCCXXXIX.
497 454 532 459 ——
574 437 793 465 NEMESSIANO
822 436 1066 465 SCHOLASTICO.

317 495 547 529 Quemadnmdum
565 494 678 528 gentiles
693 498 720 520 el
735 492 842 519 .Iudneos
852 513 860 523 ,
872 493 932 519 etsi
947 493 991 526 qui
1005 496 1068 518 sunt

281 544 327 577 qui
345 550 438 569 eorum
462 542 584 575 dogmata
602 544 801 571 consectentur,
816 539 912 572 impios
936 544 963 564 et
979 545 1069 565 vecor-

280 589 328 614 des
345 595 404 614 esse
417 591 516 616 statuo,
533 586 603 619 quod
619 587 763 619 prophetas
787 584 853 611 nihil
880 585 913 611 de
929 583 1069 610 Salvatore

280 633 382 659 locutos
395 638 455 658 esse
470 630 660 665 pronuntient:
674 630 768 656 eodem
785 629 863 655 tnodo
875 635 931 661 eos,
947 628 991 662 qui
1006 629 1068 655 uni—

280 686 388 706 versum
415 677 498 704 Vetus
522 675 724 702 Testamentum
750 675 784 702 ad
810 676 895 710 ipsunt
922 674 1069 702 transferre

281 729 412 751 conantur
428 722 505 756 culpa
526 721 635 748 minime
655 727 749 748 carere
765 722 862 754 sentio,
881 725 909 747 ut
928 720 974 755 qui
990 721 1016 747 in
1036 728 1067 748 ea

281 777 381 804 pugna,
409 775 489 803 quam
521 767 663 794 adversum
691 773 739 794 nos
768 767 872 798 ineunt,
899 766 1068 793 adversarios

280 814 417 847 a'ljuvent.
442 812 508 839 Nam
521 812 584 840 dum
599 820 659 848 qua:
672 812 704 839 de.
722 811 781 846 ipso
795 819 845 838 llOlI
868 816 930 838 sunt
949 813 1018 839 dicta
1034 813 1067 839 ad

281 861 367 894 ipsmn
381 858 451 884 vehtt
469 858 576 884 obtorto
592 863 657 883 naso
681 856 788 883 trahere
817 857 850 882 ab
870 857 934 891 ipsis
955 857 1067 884 convin-
1083 871 1104 898 Β

280 910 388 937 cuntur,
402 912 494 931 eornnt
511 904 592 930 etiam
616 903 642 929 in
670 902 721 933 his.
746 909 806 937 qua:
819 909 882 929 vere
907 909 940 929 ac
960 902 1068 930 disertis

280 950 370 977 verbis
385 953 418 976 de
432 957 464 977 co
477 949 547 976 dicta
565 952 637 981 sunt,
651 947 830 982 suspicionem
855 949 971 981 pariunt.
987 948 1067 983 Atqui

281 1005 333 1024 non
349 997 386 1023 ita
398 996 486 1023 facere
503 995 629 1022 convenit
644 1003 650 1021 :
671 1002 763 1022 verum
779 1003 809 1021 ea
823 995 942 1029 quidem,
958 1002 1017 1029 quae
1033 996 1067 1021 ad

280 1049 341 1070 eunt
370 1045 462 1075 aperte
491 1044 624 1075 spectant,
642 1039 754 1071 dicere;
770 1047 828 1074 qua:
844 1044 931 1066 autem
955 1040 987 1066 de
1009 1039 1067 1066 aliis

281 1087 371 1119 rebus,
384 1094 415 1114 ea
433 1087 465 1113 de
480 1087 522 1113 his
539 1086 629 1118 rebus,
643 1086 676 1113 de
696 1086 793 1120 quibus
809 1086 881 1113 dicta
908 1091 979 1119 sunt,
996 1087 1067 1113 dicta

281 1140 341 1160 esse
360 1133 459 1160 sinere.
473 1132 539 1159 Nam
563 1132 620 1158 lucc
635 1132 741 1159 demutu
764 1132 885 1159 veritatis
904 1139 935 1159 ac
954 1132 1066 1159 demon-

281 1179 421 1206 strationis
436 1179 527 1213 regula
549 1182 599 1205 est.
616 1178 667 1211 Qui
680 1183 768 1206 autem
792 1186 835 1210 ea,
863 1186 922 1213 qua:
946 1178 979 1206 ad
1005 1186 1066 1205 eum

282 1225 392 1252 minimc
415 1225 540 1257 attinent,
566 1223 715 1259 proferunt,
751 1224 803 1252 hoc
833 1224 961 1256 alliciunt,
985 1229 1012 1250 nt
1035 1231 1066 1252 ea

281 1270 377 1303 etiam,
390 1277 449 1304 quae
465 1269 514 1304 ipsi
531 1270 705 1302 conveniunt,
721 1273 888 1296 evertuntur.

381 1315 504 1344 CCC-XL.
524 1331 556 1336 —
577 1314 703 1344 ZOSIMO
727 1314 965 1343 PRESBYTERO.

316 1372 364 1400 Vir
376 1372 482 1406 quidam
497 1371 624 1404 disertus,
641 1375 722 1405 atque
739 1375 766 1398 et
780 1370 898 1397 moribus
913 1370 1025 1404 integer,
1039 1374 1067 1396 et

280 1418 336 1445 vita
353 1417 510 1452 splendidus
528 1418 602 1451 (nam
627 1416 698 1451 quod
713 1417 794 1443 etiam
815 1415 897 1451 39o
916 1415 973 1450 ipse
996 1414 1068 1441 lucu-

281 1463 350 1490 lenta
370 1463 498 1498 dignitate
512 1467 623 1490 ornatus
642 1463 687 1494 sit,
702 1462 863 1496 prmtcribo:
880 1460 974 1488 umbra
994 1460 1065 1487 enim

281 1509 332 1535 hoc
346 1513 387 1536 est
402 1513 429 1535 et
448 1507 634 1542 insomnium),
651 1515 694 1534 me
714 1503 849 1538 convenit,
864 1506 981 1540 illudque
1003 1513 1065 1532 nar-

281 1555 349 1581 ravit
372 1561 401 1582 se
417 1553 450 1581 ad
472 1554 656 1581 venerandum
674 1552 782 1588 quidem
799 1552 882 1578 altare
905 1551 1065 1589 accessisse,
1079 1551 1100 1580 C

281 1605 310 1627 ut
326 1600 415 1626 divina
433 1599 560 1634 mysteria
576 1599 725 1633 perciperet
739 1607 744 1624 :
762 1602 790 1624 at
804 1598 847 1625 ubi
867 1602 901 1628 te,
919 1596 1064 1628 hominem,

280 1650 358 1672 atate
374 1645 480 1679 quidem
497 1651 600 1674 senem,
616 1643 746 1678 dignitate
758 1647 847 1670 autent
867 1643 1064 1678 presbyterum,

281 1690 391 1717 libidine
409 1693 497 1716 autem
519 1688 661 1724 vigentem,
676 1693 756 1723 atque
768 1695 873 1720 omnes,
887 1695 1002 1723 quorum
1015 1687 1065 1714 itit-

281 1736 410 1770 pudicilia
422 1735 560 1762 hominum
575 1741 698 1762 sermone
709 1734 870 1766 celebratur,
883 1738 1065 1768 superanlem,

281 1779 335 1806 illic
360 1783 449 1806 astare
473 1778 623 1813 conspexit,
638 1778 732 1812 pedem
749 1777 895 1810 retulisse;
920 1778 990 1812 quod
1014 1777 1066 1804 sci-

281 1825 343 1852 licet
358 1824 494 1860 indignam
517 1831 572 1851 rem
591 1831 651 1852 esse
673 1823 803 1854 duxisset.
820 1828 992 1851 sacrosancta
1010 1831 1066 1858 my-

281 1871 363 1898 steria
379 1879 426 1905 per
442 1871 573 1904 impuram
592 1878 623 1898 ac
635 1870 776 1898 scelestam
792 1878 900 1897 manum
913 1871 1064 1905 suscipere.

282 1915 338 1950 Ego
356 1923 418 1942 vero
433 1916 475 1942 his
497 1917 593 1943 auditis
616 1921 744 1950 quantum
761 1918 851 1944 animo
871 1917 966 1944 vulnus
987 1924 1067 1944 acce-

282 1962 378 1996 perim,
400 1961 490 1987 dicere
515 1963 716 1994 praztcrmittam
740 1969 747 1988 :
764 1963 861 1997 quibus
873 1967 961 1990 autem
978 1962 1067 1990 verbis

282 2014 343 2033 eum
368 2006 526 2040 gravissime
551 2006 780 2041 reprehenderim,
803 2015 946 2043 exponam.
974 2008 1064 2041 Nullo,

281 2052 402 2086 inquam,
422 2052 591 2084 detrimento,
607 2053 647 2078 vir
661 2053 869 2087 sapientissime,
883 2053 916 2087 is,
928 2054 973 2088 qui
985 2054 1067 2081 susci-

281 2097 330 2132 pit,
344 2096 466 2130 al‘l‘tcitur,
485 2097 566 2124 etiam
593 2097 615 2124 si
643 2098 664 2125 is
689 2099 848 2132 quitribuit
862 2100 987 2134 indignus
1007 2107 1067 2127 esse

280 2143 418 2175 videatur;
439 2149 526 2177 neque
552 2143 762 2170 incontaminata
789 2145 917 2179 mysteria
934 2151 1065 2179 conspur-

280 2193 384 2220 cantur,
408 2188 512 2215 etiamsi
531 2189 657 2216 sacerdos
682 2196 776 2216 omnes
791 2189 918 2216 mortales
939 2189 1067 2224 improbi-

283 2239 336 2260 tate
357 2239 475 2267 superet.
494 2233 570 2266 Quod
591 2235 613 2261 si
629 2235 693 2262 mihi
711 2234 822 2266 difﬁdis,
839 2242 949 2262 corvum
966 2236 1065 2271 cogita,

279 2278 425 2313 impurum,
440 2279 560 2314 inquam,
585 2280 649 2308 illud
664 2285 745 2316 atque
770 2281 796 2308 in
821 2282 906 2315 pullos
929 2289 991 2310 suos
1006 2290 1068 2310 crn-

279 2324 338 2350 dele
354 2324 470 2357 animal,
488 2325 565 2360 cujus
583 2334 664 2361 opera
683 2327 726 2354 ille
751 2328 776 2354 itt
797 2327 893 2355 malum
921 2336 1068 2355 excurrens

278 2375 310 2394 ac
324 2369 383 2395 cadi
397 2369 463 2396 civis
487 2369 558 2397 Elias
577 2371 699 2398 alebatur
714 2371 746 2399 ³⁷.
770 2374 858 2407 Atque
881 2374 934 2401 alia
958 2374 1068 2408 illSttpCl’

279 2413 360 2439 tnulta
377 2413 442 2446 dixi,
457 2423 517 2449 qua:
534 2416 633 2450 duplici
649 2417 680 2443 de
701 2425 782 2444 causa
800 2420 833 2446 ad
849 2424 874 2446 te
890 2420 1009 2447 scribere
1025 2428 1066 2447 re-

279 2459 369 2486 cusavi
392 2469 398 2487 :
426 2461 522 2492 altera,
556 2469 590 2489 nc
619 2469 843 2496 supervacaneam
883 2466 1062 2499 prolixitatem

276 2503 396 2538 epistolae
425 2505 573 2538 adderem;
600 2506 701 2538 altera,
727 2516 759 2534 ne
786 2513 830 2535 tua
865 2511 928 2537 vitia
952 2511 1064 2539 nimium

276 2557 441 2585 (‘xaggcrare
457 2550 558 2577 videar.
574 2551 802 2583 Quemadmodum
828 2555 910 2590 igitur
938 2557 975 2584 illi
1004 2565 1065 2585 suc-

864 150 894 178 S.
918 148 1059 179 ISIDORI
1085 146 1302 178 PELUSIOTIE

1083 2220 1105 2247 D

1828 147 1900 177 10υῦ

1121 203 1188 229 ἀλλά
1212 202 1320 237 φροῦδοι
1343 202 1507 236 οἰχήσονται,
1521 201 1552 228 τὸ
1568 202 1655 237 νικᾷν,
1678 201 1716 236 τῷ
1730 202 1808 237 νικᾷν
1826 200 1899 235 ὀφεί-

1121 249 1193 274 λοντι
1217 247 1340 282 λογισμῷ
1364 248 1556 283 ἐπιτρέψασαι.
1578 248 1631 274 Καὶ
1652 248 1724 274 τοῦτ’
1748 247 1822 274 ἐστιν
1837 248 1904 283 ὅπερ

1120 295 1133 319 ὁ
1144 293 1269 328 Μελῳδὺς
1290 293 1339 327 μὲν
1359 294 1594 326 παρεκελεύσατο,
1605 294 1636 320 σὺ
1646 293 1674 319 δὲ
1686 293 1784 328 μαΟεῖν
1808 293 1906 328 ἠθελη-

1121 347 1169 370 σας
1183 347 1190 354 ο
1212 349 1220 364 ι
1248 339 1412 374 Ὀργίζεσθε,
1429 340 1476 366 καὶ
1495 340 1531 374 μὴ
1547 340 1728 375 ἁμαρτάνετε.
1747 349 1757 365 ι

1206 438 1289 465 ΤΛΘ’.
1303 453 1338 458 —
1350 439 1570 475 ΝΕΜΕΣΣΙΛΝῼ
1591 440 1818 476 ΣΧΟᾹᾹΣΤΙΚῼ.

1156 492 1262 528 Ὥσπερ
1287 493 1430 530 Ἕλληνας,
1447 494 1495 520 καὶ
1517 494 1671 525 Ἰουδαίους,
1685 495 1730 520 καὶ
1746 495 1772 521 εἴ
1782 503 1854 526 τινες
1872 495 1903 521 τὰ

1119 537 1230 564 ἐκείνων
1245 537 1394 572 ἐζήλωσαν,
1406 538 1514 569 ἀσεϐεῖς
1530 546 1561 564 τε
1576 537 1624 563 καὶ
1635 538 1764 573 ἀνοήτους
1780 538 1835 572 (67)
1849 538 1903 572 ὁρί-

1120 582 1211 615 ζομαι,
1239 583 1472 621 ἀποφαινομένους
1497 585 1580 621 μηδὲν
1616 584 1681 619 περὶ
1706 583 1753 610 τοῦ
1780 583 1903 618 Σωτῆρος

1119 627 1181 659 τοὺς
1202 628 1344 662 προφήτας
1375 618 1527 663 είῖηκέναιι
1548 629 1634 660 οὕτως
1657 629 1719 660 τοὺς
1743 629 1834 654 πᾶσαν
1856 627 1904 663 τὴν

1120 673 1240 699 Παλαιὰν
1255 674 1294 704 είς
1309 673 1388 699 αὐτὸν
1405 674 1566 708 μεταφέρειν
1580 674 1778 710 πειρωμένους,
1793 674 1842 700 οὐκ
1852 674 1903 705 ἔξω

1119 720 1207 751 αἰτίας
1224 719 1328 754 τίθημι,
1349 720 1396 746 ἆτε
1412 720 1444 755 δὴ
1460 721 1489 746 ἐν
1503 721 1536 755 τῇ
1553 719 1612 746 καθ’
1628 721 1706 756 ἡμῶν
1721 720 1794 755 μάχῃ
1806 719 1904 755 τρόπον

1118 766 1178 793 τινὰ
1201 767 1257 797 τοῖς
1278 766 1408 798 διαδίκοις
1433 766 1670 801 συμπράττοντας.
1697 767 1742 799 Τῷ
1760 766 1814 801 γὰρ
1829 765 1903 799 ἐλέγ-

1119 812 1214 847 χεσθαι
1234 812 1298 847 παρ’
1324 813 1437 838 ἐκείνων
1463 817 1528 846 περι
1550 811 1632 839 αὐτοῦ
1660 812 1696 847 μὴ
1716 812 1847 846 είρημένα
1864 811 1903 843 εἰς

1119 857 1199 884 αὐτὸν
1213 858 1302 884 ἕλκειν
1317 857 1518 892 ἐκϐιαζόμενοι,
1530 856 1632 883 τούτων
1645 857 1696 883 κὰν
1708 859 1763 888 τοῖς
1779 856 1843 892 περὶ
1857 856 1904 883 αὖ·

1118 904 1165 931 τοῦ
1182 903 1290 939 ἀληθῶς
1309 904 1355 930 καὶ
1371 903 1519 939 διαρρήδην
1535 903 1701 939 εἰρημένοις,
1718 903 1845 930 ὑπόνοιαν
1862 902 1904 929 τί-

1119 959 1222 977 κτουσι.
1232 949 1291 985 Χρὴ
1305 949 1327 976 δ’
1339 949 1388 983 οὐχ
1397 949 1494 981 οὕτως,
1507 948 1574 976 ἀλλά
1584 949 1618 975 τὰ
1634 948 1682 982 μὲν
1693 948 1818 978 είςαύτδν
1832 949 1905 984 εἰρη-

1119 995 1198 1031 μένα,
1213 995 1306 1029 σαφῶς
1318 995 1418 1028 λέγειν,
1427 994 1496 1020 τὰδὲ
1505 993 1568 1028 περὶ
1576 993 1664 1020 ἄλλων
1678 992 1847 1027 πραγμάτων
1859 993 1905 1027 ὲᾷν

1118 1041 1185 1076 περὶ
1197 1041 1309 1068 ἐκείνων
1333 1040 1470 1076 είρῆσθαι,
1485 1040 1548 1074 περὶ
1562 1037 1599 1066 ὧν
1615 1039 1731 1074 εῐρηται.
1750 1034 1833 1068 οἶτος
1851 1036 1905 1072 γὰρ

1119 1087 1165 1114 καὶ
1182 1086 1310 1122 ἀληθείας
1326 1086 1372 1112 καὶ
1387 1085 1550 1117 ἀποδείξεως
1564 1085 1635 1120 ὄρος.
1651 1084 1682 1110 Οί
1693 1083 1761 1110 δὲτὰ
1773 1083 1811 1118 μὴ
1823 1091 1906 1118 προσ-

1117 1133 1217 1167 ήκοντα
1243 1132 1435 1167 προφέροντες,
1458 1130 1504 1156 καὶ
1530 1130 1563 1156 τὰ
1591 1129 1765 1164 προσήκοντα
1792 1128 1907 1162 ἀνατρέ-

1118 1177 1217 1204 πεσθαι
1234 1177 1482 1212 παρασκευάζουσι.

1259 1312 1376 1349 ΤΜ’,-
1392 1311 1517 1346 ΖΩΣΙΜῼ
1535 1309 1767 1345 ΠΡΕΣΒΥΤΕΡῼ.

1160 1366 1241 1402 Ἀνὴρ
1263 1367 1405 1402 ἐλλόγιμος
1420 1367 1466 1393 καὶ
1487 1366 1566 1401 ὀρθὸς
1582 1366 1631 1401 μὲν
1643 1366 1688 1392 τὸν
1710 1365 1821 1400 τρόπον,
1837 1362 1907 1399 λαμ-

1118 1412 1185 1448 πρὸς
1201 1413 1229 1439 δὲ
1244 1413 1289 1439 τὸν
1308 1412 1363 1447 βίον
1381 1412 1423 1448 (τὸ
1437 1412 1491 1448 γὰρ
1506 1412 1553 1439 καὶ
1575 1411 1710 1447 ἀξιώματι
1727 1411 1809 1438 αὐτὸν
1836 1410 1908 1445 λαμ-

1117 1458 1181 1494 πρῷ
1211 1458 1410 1494 κεκοσμῆσθαι,
1438 1459 1562 1494 παρήσω
1590 1458 1654 1485 σκιά
1678 1458 1732 1493 γὰρ
1754 1457 1834 1484 τοῦτο
1860 1456 1910 1483 καὶ

1117 1503 1206 1540 ὄναρ),
1217 1503 1334 1540 ἐντυχὼν
1347 1505 1413 1540 ἡμῖν
1425 1504 1647 1540 ἀπήγγειλεν,ὃτι
1659 1503 1795 1539 προσῆλθε
1809 1503 1857 1538 μὲν
1868 1503 1908 1537 τῷ

1118 1549 1210 1585 σεπτῷ
1227 1550 1412 1586 Θυσιαστηρίῳ
1435 1550 1490 1578 τῶν
1505 1550 1583 1577 Θείων
1601 1550 1760 1585 μυστηρίων
1788 1549 1907 1583 μεταλη-

1118 1596 1249 1631 ψόμενος·
1271 1596 1436 1632 θεασάμενος
1459 1596 1489 1623 δέ
1511 1605 1540 1623 σε
1563 1596 1636 1632 αὺτῷ
1658 1596 1840 1633 παρεστῶτα,
1859 1597 1907 1623 ἀν-

1119 1642 1226 1678 θρωπον
1258 1642 1414 1678 πρεσϐύτην
1445 1643 1495 1678 μὲν
1523 1643 1572 1678 τὴν
1602 1643 1721 1678 ἡλικίαν,
1755 1642 1908 1678 πρεσϐύτε-

1118 1696 1164 1723 ρον
1185 1689 1212 1714 δὲ
1234 1689 1282 1724 τὴν
1298 1688 1387 1722 ἀξίαν,
1410 1689 1569 1725 ἀκμάζοντα
1589 1690 1618 1715 δὲ
1644 1691 1677 1725 τῇ
1700 1689 1831 1724 λαγνείᾳ,
1859 1689 1908 1715 καὶ

1118 1734 1221 1766 πάντας
1240 1735 1303 1766 τοὺς
1326 1736 1369 1761 ἐπ’
1393 1735 1521 1770 ἀσελγείᾳ
1544 1735 1724 1770 βεεοημὲνους
1752 1735 1907 1770 ὑπερακον-

1117 1779 1240 1814 τίσαντα,
1252 1781 1292 1812 εἰς
1306 1781 1426 1808 τούπίσω
1441 1780 1595 1816 κεχώρηκε,
1611 1781 1648 1817 μὴ
1661 1780 1780 1813 ἀξιώσας
1798 1781 1832 1808 τὰ
1847 1781 1909 1817 ιερὰ

1120 1827 1257 1861 μυστήρια
1272 1826 1315 1854 διὰ
1331 1827 1432 1862 μιαρᾶς
1447 1827 1536 1862 χειρὸς
1549 1826 1686 1859 δέξασθαι.
1709 1827 1782 1861 Ἐγὼ
1796 1827 1821 1854 δ’
1833 1828 1908 1858 ὅπως

1119 1872 1169 1907 μὲν
1195 1873 1317 1909 ἐπλήγην
1340 1873 1388 1909 τὴν
1410 1873 1498 1908 ψυχὴν
1524 1872 1609 1900 ταῦτα
1629 1873 1759 1907 ἀκούσας,
1778 1874 1906 1909 παρήσω·

1117 1918 1135 1945 ἃ.
1155 1919 1177 1945 δ’
1199 1919 1302 1946 ἐκεῖνον
1322 1920 1494 1954 κατακράτος
1511 1919 1689 1955 ἐμεμψάμην,
1705 1919 1785 1951 λέξω.
1811 1920 1906 1951 Οὐδὲν,

1117 1964 1196 1999 ἔφην,
1219 1962 1242 1993 ὦ
1261 1966 1410 2000 σοφώτατε,
1429 1966 1656 2002 παραὸλάπτεται
1681 1967 1695 1992 ὁ
1711 1966 1866 2001 δεχόμενος,
1883 1967 1907 1992 εἰ

1117 2010 1165 2037 καὶ
1184 2011 1198 2037 ὁ
1217 2011 1304 2042 διδοὺς
1319 2011 1427 2045 ἀνάξιος
1459 2009 1527 2039 εἶναι
1541 2012 1642 2047 δοκοίη,
1655 2012 1716 2039 οὐδὲ
1731 2013 1767 2039 τά
1777 2008 1908 2047 ’ἄκραντα

1118 2057 1258 2092 χραίνεται
1274 2058 1421 2093 μυστήρια,
1439 2058 1463 2084 εἱ
1484 2059 1498 2084 ὁ
1517 2058 1606 2094 ἱερεὺς
1630 2059 1734 2090 πάντας
1745 2058 1908 2094 ἀνθρώπους

1117 2103 1158 2133 εἰς
1174 2102 1272 2130 κακίαν
1288 2103 1476 2139 παρελάσειεν.
1503 2104 1533 2130 ΕΙ
1548 2104 1570 2130 δ’
1591 2104 1727 2136 ἀπιστεῖς,
1754 2104 1841 2132 ὲννὸει
1863 2104 1907 2129 τὸν

1117 2149 1233 2184 κόρακα,
1256 2148 1286 2175 τὸ
1300 2148 1455 2184 ἀκάθαρτον
1469 2149 1516 2176 καὶ
1533 2149 1690 2184 μισότεκνον
1707 2148 1788 2180 ζῶον,
1801 2148 1835 2175 δι’
1849 2145 1881 2174 οὗ
1893 2149 1906 2174 ὁ

1118 2194 1314 2230 οὺρανοδρόμος
1334 2194 1382 2221 καὶ
1405 2193 1618 2229 οὐρανοπολίτης
1647 2194 1740 2226 Ἠλίας
1765 2194 1904 2229 ἐτρέφετο.

1119 2241 1172 2267 Καὶ
1194 2240 1261 2267 ἄλλα
1283 2240 1311 2266 δὲ
1339 2239 1424 2267 πολλὰ
1447 2239 1526 2274 ἔφην,
1544 2239 1616 2274 ἅπερ
1643 2239 1749 2275 γράψαι
1776 2247 1818 2266 σοι
1835 2239 1905 2264 δυεῖν

1118 2286 1210 2312 ἕνεκεν
1224 2285 1436 2321 παρῃτησάμην,
1448 2284 1494 2311 τοῦ
1509 2293 1539 2311 τε
1559 2285 1595 2320 μὴ
1614 2285 1702 2320 μῆκος
1722 2285 1852 2319 περιττὸν
1873 2286 1903 2318 τῇ

1119 2331 1247 2366 ἐπιστολῇ
1262 2331 1429 2367 προσθεῖναι,
1444 2331 1489 2357 τοῦ
1502 2340 1531 2357 τε
1546 2331 1582 2366 μὴ
1593 2331 1666 2364 δόξαι
1682 2330 1743 2357 λίαν
1757 2331 1790 2357 τὰ
1806 2331 1840 2357 σὰ
1863 2332 1907 2356 ἐκ·

1119 2377 1266 2412 τραγῳδεῖν
1281 2377 1364 2404 κακά.
1387 2377 1492 2412 Ὠσπερ
1506 2377 1594 2404 τοίνυν
1611 2377 1709 2411 ἐκείνῳ
1724 2377 1904 2412 ἐμεμψάμην,

1117 2422 1189 2449 οὕτω
1202 2424 1249 2449 καὶ
1265 2423 1306 2449 σοὶ
1321 2423 1455 2459 παραινῶ,
1479 2423 1494 2458 ἢ
1523 2423 1734 2459 μεταγνῶναι,ἢ
1754 2423 1906 2457 ἀποστῆναι

1117 2469 1164 2494 τοῦ
1189 2468 1287 2495 σεπτοῦ
1309 2468 1519 2504 θυσιαστηρίου,
1545 2469 1589 2496 ἵνα
1615 2469 1653 2504 μὴ
1679 2469 1744 2501 τοὺς
1764 2469 1906 2504 προσιέναι

1117 2514 1192 2550 αὐτῷ
1207 2515 1413 2551 προῃρημένους
1442 2515 1486 2542 διὰ
1503 2515 1557 2542 τῶν
1582 2516 1682 2542 σαυτοῦ
1697 2515 1828 2552 πράξεων
1853 2515 1909 2541 ἀπ-

1119 2561 1252 2592 ελαύνοις.

275 2597 379 2644 censui,
396 2596 436 2622 sic
454 2597 541 2644 etiam
559 2602 584 2624 te
600 2606 695 2626 mOneo
714 2605 802 2628 utaut
816 2604 970 2638 resipiscas,
986 2611 1030 2633 aut
1043 2616 1056 2634 ιι
1079 2609 1231 2635 venerando
1246 2608 1322 2636 altari
1353 2608 1503 2641 συνεύδῃ
1528 2615 1562 2636 ne
1587 2609 1688 2644 alioqui
1723 2616 1783 2641 eos,
1807 2609 1851 2643 qui
1871 2604 1915 2632 ad

275 2643 362 2676 ipsum
379 2642 507 2669 accedere
535 2643 689 2678 instituunt,
707 2653 754 2680 per
777 2652 835 2676 tuas
851 2650 973 2678 actiones
995 2652 1162 2681 subntoveas.

315 2719 338 2734 ³⁶
349 2718 460 2753 ΡείιίΛν,
472 2720 499 2748 5.
545 2722 566 2737 ³⁷
579 2721 611 2749 lll
625 2722 691 2759 Reg.
705 2733 770 2757 xvn,
783 2726 808 2752 4.

790 2791 922 2818 VARI/l3
943 2792 1133 2822 LECTIONES
1153 2796 1197 2823 ET
1217 2796 1320 2824 ΝΟΤιΕ

309 2841 364 2877 (67)
386 2842 538 2881 ldemcod.,
559 2847 686 2882 ἀνόμους.
705 2849 741 2876 lu.
