2045 3158
173 173 239 206 1001

424 226 514 254 TMA'.
540 241 568 246 —
583 227 709 265 ΠΑΪΛῼ.

175 276 225 308 Εἰς
247 274 281 301 τὸ
308 272 512 308 τεγφαμμένον
542 282 551 298 ι
573 274 633 300 οὐκ
656 273 703 300 ἐπ’
721 273 798 308 ἄρτῳ
822 274 904 308 μόνῳ
921 272 969 305 (ri-

422 316 506 334 σεται
517 308 682 343 ἅνθρωπος.
699 318 709 334 ι

217 364 325 400 Ἐπειδὴ
356 363 477 399 Ἑϐραῖοι
504 364 709 399 τεσσαράκοντα
740 364 788 400 ἔτη
810 363 848 399 τῷ
877 363 966 398 μάννα

173 409 348 445 τρεφόμενοι,
373 409 424 435 οὐκ
449 407 610 443 ἀξιοπίστῳ,
637 408 699 435 ὅσον
717 408 775 434 κατ’
799 408 970 443 ἀνθρώπινον

174 455 316 490 λογισμὸν,
332 454 400 490 πρὸς
418 454 494 489 ἰσχὺν
511 455 645 490 σωμάτων
660 454 831 489 τυγχάνοντι,
847 453 969 489 διέμενον

176 502 223 528 ἐπὶ
233 501 281 535 τῆς
294 500 354 535 ἴσης
368 500 455 535 ἀλκῆς
468 508 498 526 τε
509 500 556 526 καὶ
573 499 678 536 ῥώμης,
696 501 760 532 ἴσως
773 500 802 526 δὲ
815 500 862 526 καὶ
879 498 971 534 μείζο-

175 556 220 578 νος
231 547 367 573 ἀπέλαυον
379 546 520 581 δυνάμεως
536 546 581 577 (οὐ
598 546 652 582 γὰρ
668 547 684 582 ἠ
695 547 793 582 τροφὴ,
809 546 865 573 ἀλλ’
877 547 890 572 ὸ
901 546 971 576 θεῖος

175 594 237 629 ὄρος
252 593 390 628 διεκράτει
403 592 450 618 καὶ
468 592 517 623 τὰς
538 592 628 627 ψυχὰς
650 593 697 619 καὶ
711 593 745 620 τὰ
760 592 902 628 σώματα),
919 592 971 628 ἐᾳη

176 640 363 675 ὅνομοθετης,
382 639 451 674 ὅπερ
469 638 565 673 μαθεῖν
582 638 623 674 [ἦ]
644 639 777 674 ὲθέλησας
793 638 866 674 (b8)'
886 647 895 664 ι
914 639 972 666 Οὐκ

177 686 222 713 ἐπ’
243 687 319 722 ἄρτῳ
336 685 410 721 μόνῳ
432 685 543 720 ζήσεται
573 685 726 720 ἄνθρωπος,
745 685 802 712 ἀλλ’
824 685 870 711 ἐπὶ
889 685 972 711 παντὶ

180 733 284 768 ῥήματι
308 733 520 767 ἐκπορευομένῳ
535 731 579 758 διὰ
604 731 738 766 στόματος
760 730 838 757 Θεοῦ.
856 740 865 756 ›
883 731 972 766 Ὅπερ

179 779 228 805 καὶ
242 779 255 804 ὀ
273 777 390 813 Χριστὸς
407 777 620 812 διακρουόμενος
639 777 670 803 τὸ
695 776 850 804 διαϐολικὸν
881 776 972 811 μηχά-

180 832 272 859 νημα,
301 822 492 859 προεῦάλλετο,
508 823 555 849 καὶ
571 822 713 849 κατέσεισε
731 822 778 848 τοῦ
795 821 971 857 πειράζοντος

180 868 230 903 τὴν
249 868 337 903 ἰσχύν.

437 916 527 943 TMB’.
545 931 578 936 —
598 916 709 942 ΘΕΩΝΙ.

304 962 371 996 Περὶ
397 961 555 996 Ἀρειανῶν
571 961 621 988 καὶ
638 961 835 996 Εὐνομιιινῶν

216 1007 400 1034 Λανθάνουσιν
434 1007 569 1042 αἱρετικοὶ
593 1007 627 1033 δι’
657 1003 695 1034 ὧν
726 1007 971 1039 κατασκευάζουσι,

180 1053 226 1080 διὰ
249 1053 352 1079 τούτων
376 1053 566 1088 ἁλισκόμενοι,
585 1054 632 1080 καὶ
657 1052 689 1079 δι’
707 1049 744 1079 ὧν
759 1053 837 1088 νικᾷν
859 1053 971 1085 οἴονται,

180 1098 226 1125 διὰ
250 1098 353 1125 τούτων
372 1098 507 1133 λαμπρῶς
534 1098 698 1133 ἡττώμενοι.
728 1099 759 1125 Εἰ
788 1099 842 1134 γὰρ
870 1099 973 1133 κτίσμα

187 1145 263 1171 ἐστὶν
277 1144 291 1170 ὁ
313 1144 386 1176 Υἱὸς,
410 1144 471 1171 οὐδὲ
494 1144 525 1171 τὸ
542 1145 633 1179 μεῖζον
657 1145 716 1171 κατ’
731 1145 829 1176 αὐτοὺς
854 1144 971 1170 ἵσταται.

182 1190 220 1216 To
235 1189 288 1225 γὰρ
309 1189 401 1225 μεῖζον
425 1190 534 1225 λέγεται
550 1191 582 1217 ἐκ
609 1191 790 1226 συγκρίσεως.
810 1191 857 1217 καὶ
873 1191 923 1217 οὐκ
942 1191 974 1217 ὲκ

181 1234 233 1268 τῆς
247 1234 413 1270 ἀσυγκρίτου
431 1235 579 1271 ὑπεροχῆς.
598 1236 681 1262 Ποίαν
696 1234 743 1263 οὖν
760 1235 903 1271 σύγκρισιν
919 1235 975 1271 ἔχει

182 1279 214 1304 τὸ
227 1279 328 1314 κτίσμα
344 1280 412 1314 πρὸς
422 1280 468 1306 τὸν
487 1280 618 1315 Κτεστην;
638 1281 793 1316 λεγέτωσαν
809 1282 833 1307 οἱ
848 1282 934 1316 σοφοί.

440 1418 528 1446 ΤΜΓ¹.
549 1433 584 1438 -—
604 1418 726 1454 ΠΕΤΡῼ.

220 1465 258 1490 Οὐ
276 1464 372 1500 μικρὸν
392 1464 500 1496 συνετὸς
516 1464 664 1499 ἀκροατὴς,
680 1465 694 1490 ὁ
709 1464 746 1500 μὴ
764 1464 844 1499 μόνον
859 1465 977 1500 Θαύματι

184 1510 341 1537 διακόπτων
359 1509 405 1536 τοῦ
432 1509 511 1543 λόγου
528 1509 573 1535 τὸν
589 1509 698 1544 δρόμον,
716 1509 782 1535 ἀλλὰ
797 1509 844 1536 καὶ
863 1510 978 1536 ἐπινοῶν

183 1556 219 1582 τὰ
236 1555 423 1591 δυσθεώρητα,
443 1555 488 1582 καί
504 1564 529 1581 τι
547 1555 611 1590 παρ’
629 1555 726 1582 ἑαυτοῦ
743 1555 881 1591 εἰσφέρειν
898 1554 976 1582 δυνά-

614 172 881 202 EPISTOLARUM
901 173 973 202 LIB.
994 172 1051 203 ΠΙ.
1070 184 1105 189 --
1121 172 1239 202 EPIST.
1261 171 1409 201 CCCXLV.

1741 165 1809 198 1002

1251 224 1385 253 CCCXLI.
1402 239 1437 245 —
1452 222 1576 251 PAULO.

1099 271 1130 298 In
1146 271 1221 303 illud,
1237 279 1245 296 ι
1265 270 1326 297 Non
1340 271 1367 298 in
1383 270 1437 298 solo
1451 278 1517 305 pane
1533 270 1596 298 υῑυῑι
1610 270 1687 297 homo
1699 269 1731 297 ³⁸.
1743 279 1752 296 ι

1055 363 1187 396 Quoniam
1219 363 1336 394 llebrzci,
1374 370 1434 390 cum
1472 363 1650 398 quadraginta
1676 368 1810 389 annorum

1020 411 1107 444 spatio
1120 416 1218 436 manna
1231 408 1369 435 alerentur
1379 408 1473 444 (quod,
1484 409 1505 436 si
1522 409 1667 436 humanam
1679 408 1810 435 rationem

1020 461 1135 491 spectes,
1157 455 1190 482 ad
1219 455 1302 482 robur
1327 454 1486 489 corporibus
1520 455 1685 482 afferendum
1715 463 1810 490 parum

1021 501 1234 535 idoneumerat),
1245 501 1270 527 in
1281 500 1376 528 eadem
1389 499 1546 527 fortitudine
1558 508 1589 527 ac
1603 501 1699 527 robore
1709 508 1812 536 persta-

1021 547 1096 581 bant,
1111 555 1143 574 ac
1158 547 1273 574 fortasse
1289 545 1419 580 majorem
1435 546 1518 572 etiam
1537 546 1589 572 vim
1606 547 1812 581 consequeban-

1022 597 1065 619 tur
1076 592 1142 628 (non
1157 592 1228 619 enim
1247 591 1388 623 alimonia,
1408 590 1454 618 sed
1471 590 1590 618 divinum
1602 591 1739 619 decretum
1756 593 1812 620 ani-

1021 646 1079 666 mas
1091 643 1118 666 et
1137 645 1252 673 corpora
1270 638 1471 672 conservabat),
1495 637 1607 671 idcirco,
1626 637 1651 664 id
1678 638 1748 672 quod
1767 639 1814 666 tibi

1021 684 1117 719 exponi
1143 684 1279 719 quaesisti,
1305 683 1442 719 legislator
1470 684 1537 711 dixit
1559 693 1565 711 :
1592 693 1602 710 ‹
1631 683 1690 711 Νοη
1714 684 1741 711 in
1758 684 1814 712 solo

1023 737 1091 765 pane
1111 730 1177 758 vivit
1191 731 1281 762 homo,
1303 729 1350 758 sed
1365 731 1391 757 iu
1408 730 1479 757 omni
1497 730 1580 757 verbo
1602 731 1672 766 quod
1694 731 1816 765 proeedit

1021 777 1054 804 de
1067 784 1113 804 ore
1127 776 1185 804 Dei.
1207 785 1216 802 ι
1237 777 1313 809 Quod
1328 776 1410 804 etiam
1425 776 1561 809 Christus,
1578 776 1740 805 diabolicam
1759 785 1816 804 ma-

1021 823 1127 850 chinam
1154 822 1325 857 propulsans,
1341 823 1466 857 opposuit
1492 832 1499 850 :
1525 827 1608 858 atque
1636 822 1685 850 hac
1711 822 1816 850 ratione

1023 868 1164 896 tentatoris
1181 869 1252 896 vires
1267 869 1405 896 concussit
1419 877 1450 897 ac
1462 869 1604 904 perfregit.

1245 913 1389 941 CCCXL“.
1401 930 1434 936 —
1454 915 1592 943 TllEONl.

1220 960 1256 987 De
1270 961 1376 988 Arionis
1391 966 1415 988 et
1438 960 1623 990 Ettnomiam's.

1060 1005 1117 1033 Non
1146 1006 1364 1034 animadvertunt.
1395 1007 1516 1035 haeretici
1540 1015 1589 1042 per
1616 1015 1647 1036 ea
1676 1009 1743 1045 ipsa,
1759 1018 1818 1045 qua:

1025 1055 1159 1085 astruunt,
1175 1059 1203 1079 se
1220 1052 1332 1085 irretiri,
1346 1060 1377 1079 ac
1395 1060 1443 1087 per
1456 1061 1488 1080 ea
1503 1053 1560 1087 ipsa
1574 1054 1716 1089 perspicue
1734 1056 1816 1090 vinci,

1025 1104 1073 1132 per
1101 1104 1161 1131 quae
1188 1104 1218 1124 se
1244 1098 1353 1125 vincere
1369 1098 1548 1127 arbitrantur.
1564 1099 1632 1126 Nam
1655 1100 1678 1128 si
1695 1106 1817 1129 creatum

1026 1143 1154 1178 quiddam
1166 1149 1207 1171 est
1217 1144 1310 1177 Filius,
1324 1151 1357 1172 ne
1373 1145 1461 1179 majus
1480 1145 1589 1180 quidem
1604 1146 1638 1174 de
1649 1154 1743 1174 eorum
1757 1155 1820 1175 sen-

1028 1190 1109 1218 tentia
1133 1194 1197 1218 stat.
1223 1190 1306 1224 Maius
1324 1191 1395 1218 enim
1420 1198 1452 1217 ex
1480 1192 1682 1225 comparatione
1708 1193 1817 1227 dicitur,

1027 1243 1079 1263 non
1094 1241 1182 1263 autem
1193 1243 1226 1263 ex
1240 1236 1442 1270 incomparabili
1461 1237 1650 1271 praecellentia.
1667 1238 1817 1271 Quamnam

1021 1283 1112 1318 igitur
1131 1283 1157 1309 id
1174 1283 1246 1317 quod
1263 1287 1383 1310 creatum
1394 1288 1446 1316 est,
1460 1291 1521 1310 cum
1537 1284 1665 1312 Creatore
1675 1292 1816 1320 compara-

1029 1328 1130 1356 tionem
1147 1328 1254 1360 habeat,
1282 1328 1419 1363 sapientes
1434 1332 1462 1355 et
1481 1328 1578 1356 eruditi
1598 1330 1722 1357 homines
1739 1331 1818 1358 velim

1029 1379 1174 1409 exponant.

1195 1420 1272 1455 39],
1296 1420 1453 1448 CCCXLlll.
1473 1437 1508 1442 —
1525 1421 1650 1450 PETRO.

1068 1466 1125 1494 Non
1141 1467 1215 1501 parvi
1236 1467 1363 1494 momenti
1380 1475 1422 1495 res
1437 1471 1478 1494 est
1491 1473 1587 1496 acutus
1600 1473 1627 1496 et
1644 1476 1726 1504 sagax
1741 1469 1820 1497 audi-

1033 1519 1084 1545 tor,
1098 1513 1141 1547 qui
1158 1520 1210 1539 non
1228 1516 1332 1540 tantum
1347 1513 1381 1540 ob
1399 1513 1605 1542 admirationem
1618 1515 1748 1542 orationis
1758 1522 1823 1543 cur-

1031 1566 1091 1585 sum
1108 1558 1290 1593 interrumpit,
1310 1566 1403 1586 verum
1418 1559 1499 1586 etiam
1516 1567 1546 1586 ea
1568 1568 1626 1594 qua:
1645 1561 1737 1588 ardua:
1755 1568 1820 1588 con-

186 1611 278 1637 μενος.
297 1602 357 1628 Ὅτι
378 1602 406 1628 δὲ
420 1602 450 1628 οὐ
466 1601 573 1637 μικρὸν,
592 1602 661 1637 μετᾶ
684 1603 739 1628 τῶν
757 1602 844 1629 ἄλλων
859 1602 912 1628 τῶν
929 1610 978 1636 με-

1036 1604 1218 1638 lemplationis
1231 1609 1304 1637 sunt,
1323 1604 1469 1639 excogitat,
1490 1609 1571 1639 atque
1586 1612 1600 1632 a
1621 1606 1710 1640 seipso
1722 1605 1823 1640 aliquid

185 1647 278 1681 γάλων
301 1648 349 1674 καὶ
369 1648 515 1684 ἐξαιρέτων
535 1645 571 1676 ὧν
589 1649 737 1684 ἠπείλησεν
753 1648 766 1675 ὀ
782 1648 847 1680 Θεὸς
862 1648 916 1674 ἀπὸ
929 1649 980 1682 τῆς

192 1692 370 1728 Ἰερουσαλὴμ
402 1693 597 1728 παραιρεῖσθαι
628 1694 694 1728 (69),
721 1693 768 1720 καὶ
795 1693 842 1719 τὸν
871 1693 980 1719 συνετὸν

185 1737 325 1773 ἀκροατὴν
348 1738 487 1771 ὲνέταξεν·
510 1737 560 1764 οὐκ
580 1738 613 1765 ἂν
636 1738 715 1764 τοῦτο
738 1738 838 1773 φήσας,
855 1738 878 1763 εξ
897 1738 980 1772 μηδὲν

188 1785 262 1820 μέγα
277 1784 421 1812 συνετέλει.
443 1786 489 1812 Διδ
502 1786 549 1812 καὶ
563 1786 577 1811 ὀ
593 1785 797 1820 Παροιμιαστὴς
816 1785 878 1819 ἔφη,
900 1794 908 1810 ι
929 1782 981 1815 υῦς

187 1831 335 1865 ἀκροατοῦ,
347 1831 479 1866 ἐπιθυμία
493 1831 585 1866 σοφοῦ.
602 1841 611 1856 ι
626 1833 663 1858 Οὐ
677 1831 731 1866 γὰρ
746 1831 858 1862 πολλοὺς
873 1831 981 1863 πόνους,

188 1875 249 1902 οὗθ’
267 1876 383 1912 ἱδρῶτας
397 1877 472 1912 αὐτῷ
487 1877 611 1912 παρέχει,
627 1878 684 1904 ἁλλ’
696 1877 823 1912 decepta};
840 1876 920 1912 μόνον
935 1877 982 1903 καὶ

188 1921 337 1957 σπέρματα
353 1923 472 1949 ἀπαιτεῖ.
488 1923 558 1958 Πρὸς
572 1923 626 1958 γὰρ
639 1922 688 1958 τὴν
709 1922 846 1957 γεωργίαν
903 1922 981 1948 σύνει

190 1974 234 1997 σις
249 1967 337 2002 ἀρκεῖ.

1034 1657 1145 1685 erogare
1170 1654 1267 1684 potest.
1293 1650 1423 1685 Quodque
1448 1658 1500 1678 non
1525 1652 1600 1685 parvi
1631 1652 1758 1679 momenti
1777 1653 1823 1684 sit,

1035 1695 1098 1721 hinc
1118 1699 1223 1721 constat
1241 1695 1311 1729 quod
1329 1695 1399 1722 Deus
1425 1703 1475 1722 una
1504 1703 1564 1723 cum
1591 1697 1695 1731 ntagnis
1717 1697 1779 1724 aliis
1798 1701 1825 1724 et

1035 1740 1141 1768 exinniis
1160 1741 1250 1773 rebus,
1265 1748 1323 1775 qum
1343 1748 1372 1768 se
1391 1740 1643 1776 llicrosolymitanat
1658 1742 1717 1769 urbi
1732 1742 1822 1770 detra‘

1040 1791 1146 1813 cturum
1172 1786 1333 1819 minabatur,
1355 1787 1514 1820 prudentem
1534 1794 1640 1821 quoque
1655 1794 1686 1813 ac
1700 1794 1825 1822 sagacem

1037 1832 1185 1859 auditorem
1200 1831 1333 1866 atljunxit.
1358 1831 1433 1864 Quod
1451 1830 1572 1865 profecto
1590 1838 1641 1858 non
1668 1831 1790 1864 dixisset,
1802 1831 1824 1857 si

1037 1877 1103 1903 nihil
1124 1877 1212 1911 magni
1239 1877 1295 1911 ipse
1317 1876 1463 1904 conferret.
1486 1876 1577 1912 anue
1591 1877 1625 1904 de
1638 1884 1719 1905 causa
1734 1876 1826 1904 Parte-

1036 1922 1146 1949 miastes
1161 1922 1202 1949 his
1216 1921 1304 1949 verbis
1317 1930 1381 1949 usus
1396 1927 1452 1949 est:
1473 1931 1482 1947 (
1499 1923 1581 1950 Auris
1600 1923 1742 1954 auditoris,
1756 1922 1827 1950 desi-

1036 1967 1138 1995 derium
1160 1971 1199 1994 cst
1219 1967 1346 2002 sapientis
1360 1967 1392 1995 ³³.
1412 1977 1420 1993 ι
1439 1966 1531 2001 Neque
1551 1967 1622 1994 enim
1640 1967 1740 1995 multos
1751 1967 1826 1994 labo-

191 2019 236 2040 res
250 2020 282 2040 ac
311 2013 423 2040 sudores
437 2013 486 2047 ipsi
513 2013 632 2046 exhibet,
666 2020 759 2041 verum
800 2018 958 2047 argui-tenta
975 2013 1106 2040 duntaxat
1122 2020 1152 2040 ac
1178 2013 1279 2041 semina
1303 2014 1426 2047 requirit.
1454 2014 1592 2048 Siquidem
1616 2013 1649 2040 ad
1670 2013 1773 2041 cultum
1795 2020 1826 2040 ac

190 2064 312 2093 aegetem
333 2059 431 2093 ingenii
448 2058 581 2094 sagacitas
598 2058 708 2086 sufficit.

317 2103 404 2130 TMA’.
424 2118 459 2123 —-
475 2103 591 2130 lEPAKI
611 2103 857 2138 ΛΑΜΠΡΟΤᾹΤῼ.

232 2149 313 2181 Ἰσθι,
334 2146 357 2175 ὢ
378 2149 562 2185 καθαρότητος
579 2149 702 2184 τέμενος,
717 2149 754 2181 ὡς
768 2149 818 2184 ἅδῃ
837 2148 907 2175 κατὰ
931 2149 977 2175 πᾶ-

193 2203 246 2221 σαν
267 2194 317 2230 τὴν
344 2194 435 2221 πόλιν·
463 2194 613 2230 παράδοξον
630 2194 683 2229 γὰρ
705 2194 786 2229 ἔργον
800 2194 901 2226 ἀνύσας
917 2193 985 2229 (70),

193 2226 412 2275 παραδοξότερον
436 2226 510 2267 αὐτὸ·
526 2226 679 2276 πεποίηκαξ
701 2226 841 2276 τῷ-τάχει.
859 2226 925 2266 ’Ἦν⁷
938 2240 986 2274 μὲν
1003 2226 1024 2254 D

192 2286 250 2321 γὰρ
265 2286 311 2312 καὶ
334 2286 400 2312 αὐτὸ
420 2286 482 2313 καθ’
497 2286 579 2313 ἑαυτὸ
595 2286 678 2321 μέγα,
694 2287 723 2313 τὸ
739 2286 768 2312 δὲ
782 2286 865 2321 τάχος
883 2285 986 2320 μεῖζον,

195 2330 299 2366 μᾶλλον
312 2330 341 2356 δὲ
357 2330 484 2365 μέγιστον
499 2331 565 2358 αὐτὸ
577 2331 672 2364 ἔδειξε,
690 2331 832 2366 κοσμῆσαν
846 2331 895 2366 τὴν
908 2330 988 2366 χάριν

194 2377 245 2403 καὶ
260 2378 442 2412 χαριεστέραν
457 2379 616 2414 πεποιηκός.
635 2378 778 2412 Διάλαμπε
791 2377 880 2404 τοίνυν
894 2377 922 2403 ὲν
934 2377 989 2408 τοῖς

192 2422 328 2454 τοιούτοις
343 2424 548 2459 κατορθώμασι.
563 2423 665 2459 Πρέπει
677 2423 731 2458 γάρ
741 2431 790 2449 σοι.

359 2515 448 2542 ΤΜΕ’.
455 2529 487 2534 -—
494 2514 657 2550 ΑΡΠΟΚΡᾼ
675 2515 828 2550 ΣΟΦΙΣἹᾙ.

253 2559 323 2594 Περὶ
340 2560 393 2595 τῆς
406 2556 560 2596 δυνάμεως
574 2562 627 2589 τοῦ
641 2563 722 2589 θείου
736 2561 934 2596 κηρύῃιατος.

235 2605 268 2631 Εἰ
284 2605 409 2641 ἀγχίνοια
424 2607 569 2642 ἀνθρώπου
589 2609 639 2644 τῆς
662 2607 716 2634 τῶν
735 2606 905 2642 γραμμάτων
920 2606 991 2641 εἰδή-

241 2663 264 2678 ”
281 2664 376 2691 Matth.
389 2673 427 2698 IV,
443 2667 469 2692 4.
513 2665 534 2681 ³⁸
551 2665 634 2693 Et-cli.
651 2673 714 2697 xxv,
734 2666 777 2693 12.

1131 2103 1289 2132 CCCXLIV.
1310 2119 1342 2124 -—
1361 2104 1499 2131 lllEliACl
1524 2103 1739 2132 CLARISSIMO.

1076 2149 1131 2177 lloc
1143 2150 1213 2179 scias
1226 2151 1316 2182 velim,
1327 2158 1343 2177 ο
1357 2150 1464 2186 pietatis
1476 2150 1630 2183 delubrum,
1646 2155 1672 2178 te
1690 2154 1744 2177 tota
1761 2150 1826 2178 urbe

1040 2196 1180 2224 celebrari.
1213 2196 1279 2224 Nam
1302 2205 1362 2224 cum
1391 2197 1548 2225 admirabile
1573 2204 1641 2230 opus
1665 2196 1826 2226 confeceris.

1040 2242 1224 2270 admirabilius
1252 2243 1315 2270 illud
1347 2250 1394 2277 per
1421 2242 1588 2270 celeritatem
1617 2241 1739 2269 effecisti.
1765 2241 1830 2268 Erat

1040 2287 1111 2314 enim
1128 2288 1153 2315 id
1169 2288 1276 2322 quidem
1303 2295 1350 2322 per
1375 2295 1405 2315 se
1429 2294 1538 2322 quoque
1555 2294 1680 2322 magnum
1696 2293 1704 2314 :
1718 2291 1745 2313 at
1759 2286 1829 2313 cele-

1041 2333 1106 2359 ritas
1125 2333 1212 2368 majus
1236 2333 1334 2367 ipsum,
1364 2333 1418 2360 imo
1443 2333 1591 2360 maximum
1621 2332 1746 2365 reddidit,
1776 2339 1829 2366 qua

1041 2377 1201 2405 beneficium
1222 2382 1347 2405 ornatum
1364 2382 1415 2409 est.
1438 2378 1594 2413 gratiusque
1625 2385 1657 2405 ac
1688 2376 1830 2404 iucundius

1041 2423 1177 2451 effectum.
1192 2424 1373 2457 Quamobrem
1395 2425 1421 2452 in
1445 2424 1597 2459 hnjusmodi
1623 2424 1768 2451 virtutibus
1788 2423 1830 2449 fac

1043 2468 1160 2496 elucens.
1174 2468 1202 2495 ld
1222 2469 1292 2496 enim
1311 2474 1336 2496 te
1355 2469 1463 2504 dignum
1478 2474 1531 2497 est.

1142 2513 1285 2541 CCCXLV.
1301 2530 1336 2534 —
1351 2514 1525 2543 ARPOCRE
1539 2513 1728 2542 SOPHIST/E.

1192 2559 1229 2586 De
1249 2560 1343 2587 virtute
1367 2560 1462 2588 divina:
1476 2559 1680 2595 prtrdirationis.

1053 2607 1055 2609 ’
1081 2605 1108 2633 Si
1122 2605 1231 2632 humani
1249 2606 1348 2640 ingenii
1372 2606 1529 2637 acrimonia,
1544 2605 1693 2632 litterarum
1710 2603 1831 2630 scientiae

737 2723 853 2751 V.\lll/E
875 2721 1068 2751 LECTIONES
1088 2722 1132 2750 ΕΤ
1151 2721 1255 2750 NOTAE

237 2801 296 2837 (68)
316 2801 368 2828 Pro
387 2801 518 2835 ἐθέλησας
537 2801 597 2837 cod.
619 2801 678 2837 ἵει.
693 2801 745 2828 650
765 2802 860 2830 scribit
892 2801 992 2836 ἐζήτη-

202 2835 265 2869 sae,
285 2835 312 2864 et
328 2837 481 2871 praecedens
495 2836 511 2870 ἥ
526 2836 603 2862 ιοΙΙίι.
621 2835 725 2864 Possm.
852 2864 855 2867 _

239 2872 299 2908 ((59)
321 2870 392 2898 Idem
410 2870 484 2903 θοὰ..
501 2870 704 2906 παραινεῖσθαι.
723 2872 757 2898 lo.

326 2919 461 2950 PATROL.
483 2919 540 2949 Gn.
556 2919 713 2950 LXXVIII.

1084 2799 1140 2835 (70)
1161 2799 1236 2829 llaec.
1262 2799 1464 2835 mpiGoEou..._._
1481 2797 1597 2835 evocas,
1621 2795 1763 2835 omittebat
1786 2795 1833 2825 ed.

1046 2830 1149 2868 Ῥεῖ-ἱείς
1167 2830 1309 2862 adduntur'
1318 2841 1351 2862 ex
1367 2833 1426 2861 cod.
1445 2833 1530 2860 Vatic.
1549 2831 1610 2859 650.
1626 2830 1707 2860 Eutr.

1591 2915 1630 2946 3'2
