2045 3158
239 165 308 198 1033

840 161 869 191 S.
894 161 1038 191 lSlDORI
1060 162 1278 192 PELUSIOTE

1810 163 1877 194 1034

239 220 401 251 antefertur,
416 217 480 253 quid
495 215 593 243 mirum
605 215 627 242 si
638 214 762 250 apostoli,
774 215 819 250 qui
835 215 936 242 indocti
951 220 1031 250 atque

1091 224 1150 248 πεως
1175 215 1362 251 προκρίνεται,
1386 215 1412 242 τί
1433 214 1590 251 θαυμαστὸν
1613 216 1637 243 εί
1660 217 1688 244 οι
1708 217 1880 250 Ἀπόστολοι,

239 263 372 294 illitterali
387 265 477 293 erant,
495 259 587 287 divina
603 259 735 294 sapientia
749 259 864 294 impleti,
875 259 1032 287 dialecticos

239 313 320 340 etiam
332 314 360 336 ct
371 312 495 336 oratores
513 310 677 340 superarunt
691 305 701 333 2
717 305 784 332 Nam
808 306 830 333 si
845 313 907 333 eum
924 307 1032 341 quidem

236 357 285 391 qui
305 343 381 388 legit,
405 351 656 386 interpretationem
674 351 801 386 ignorare
815 351 963 379 verisimile
979 356 1032 385 est,

239 409 301 429 cum
317 407 380 427 vero
397 398 444 433 qui
459 397 612 424 litterarum
639 401 718 423 notas
735 395 852 431 ignorat,
865 403 958 423 eorum
973 403 1034 431 qua:

240 445 342 479 scripta
356 447 419 471 sunt
436 446 552 469 mentem
571 445 663 468 tenere
683 440 850 475 impossibile
865 446 916 468 est.
934 439 1033 468 Verum

241 497 363 526 persaepe
376 496 425 516 usu
441 488 515 515 venit
532 492 560 514 ut
578 488 622 522 qui
640 487 712 522 legit,
725 494 836 514 sensum
849 487 953 514 nesciat
970 487 1033 522 :qui

242 541 332 565 autem
345 534 432 567 audit.
447 533 470 562 si
487 534 567 561 modo
587 533 682 568 majori
702 534 827 561 acumine
841 533 877 561 sit
892 537 919 561 et
935 533 1033 568 ingenii

243 582 392 611 acrimonia
413 585 533 616 prmstet,
551 587 613 607 eum
642 580 782 615 intelligat,
808 579 919 608 etiamsi
933 580 1034 615 alioqui

240 630 396 656 litterarum
413 633 492 655 notas
513 627 625 654 minime
640 626 761 661 cognitas
776 626 884 654 habeat.
904 625 972 653 Nam
989 627 1035 661 qui

244 675 279 702 ob
292 674 487 702 elementorum
500 672 697 707 ignorationem
722 680 765 703 ea,
780 679 841 707 quae
855 672 953 700 litteris
970 680 1035 700 con-

247 722 353 756 signata
368 725 442 752 sunt,
459 718 599 754 percipere
613 719 716 753 nequit,
738 718 818 754 hujus
838 726 1033 754 szepenumero,

245 768 307 794 dum
320 767 364 794 alii
380 767 484 802 legunt,
494 765 630 800 ingenium
645 766 724 800 viget.
739 765 871 798 Quocirca
886 773 948 792 eum
960 773 1037 793 meu-

246 813 279 840 tis
303 819 415 839 acumen
443 811 583 838 scientiam
609 815 727 846 superet,
745 811 809 844 quid
826 811 916 838 alien-ri
937 815 1035 846 potest.

245 859 308 894 quin
325 858 414 886 divina
428 858 561 892 sapientia
585 865 742 885 sermonum
762 857 907 884 artiﬁcium
928 857 1035 884 vincat?

344 913 499 941 CCCXLVI.
518 927 553 933 —
570 911 746 939 LAMPETIO
761 911 937 940 EPISCOPO.

563 956 601 984 De
623 957 715 984 altari.

279 1012 502 1048 Quandoquidem
529 1011 745 1046 inexpugnabilis
765 1016 848 1047 atque
873 1012 946 1039 omni
970 1018 1036 1039 cou-

245 1058 406 1087 tradictione
418 1057 503 1092 major
513 1064 545 1084 ea
555 1057 644 1085 oratio
660 1061 712 1089 est,
727 1057 770 1084 cui
783 1057 931 1084 adversarii
942 1064 1035 1085 assen-

244 1107 357 1138 tiuntur,
373 1105 474 1132 idcirco
499 1103 532 1131 ad
555 1111 691 1138 quamque
711 1103 848 1131 nationem
869 1111 902 1131 ex
919 1103 953 1130 iis
975 1110 1036 1138 quae

244 1151 313 1185 apud
335 1157 395 1177 eam
418 1149 539 1176 moribus
562 1153 671 1184 recepta
689 1153 763 1182 sunt,
780 1149 966 1176 disserendum
981 1152 1034 1176 est.

243 1196 319 1230 Quod
332 1196 413 1223 etiam
428 1195 471 1222 ille
482 1202 622 1222 sensorum
637 1194 737 1222 Christi
750 1195 923 1229 dispensator
933 1195 1033 1223 Paulus

244 1241 372 1273 iaciebat,
391 1241 462 1276 apud
475 1240 584 1268 Judacos
600 1241 709 1275 quidem
728 1241 762 1267 de
778 1240 928 1275 Scripturis
942 1241 1035 1274 dispu-

246 1293 317 1320 tans,
332 1287 403 1321 apud
421 1285 601 1314 Athenienses
617 1289 707 1312 autem
722 1285 755 1312 ab
771 1291 828 1312 ara.
847 1285 951 1312 Idcirco
962 1285 1037 1312 dice-

245 1334 310 1360 bat:
333 1342 341 1359 l
360 1333 459 1360 Factus
470 1339 529 1359 sum
546 1330 631 1365 legem
655 1338 709 1358 non
730 1330 893 1358 habentibus
909 1335 1036 1365 tanquam

246 1379 331 1413 legem
347 1386 399 1406 non
411 1377 514 1405 habens
524 1377 558 1403 ⁸⁸.
579 1386 588 1402 ι
607 1376 723 1403 Perinde
738 1376 811 1403 enim
828 1383 860 1403 ac
869 1377 891 1403 si
905 1376 986 1411 392
1005 1376 1038 1403 de

246 1425 302 1460 lege
318 1424 385 1451 nihil
400 1423 540 1456 audiissel,
553 1423 586 1450 ab
601 1429 650 1449 ara
675 1421 801 1450 monendi
814 1422 954 1449 materiam
969 1422 1039 1450 arri-

246 1470 347 1505 picbat,
376 1476 428 1496 non
457 1468 529 1502 quod
558 1474 635 1494 aram
669 1467 730 1501 plus
759 1466 930 1494 auctoritatis
957 1474 1038 1501 quam

1085 261 1188 288 ίδιῶται
1212 262 1289 293 ὕντες
1312 261 1359 288 καὶ
1375 262 1555 298 ἀγράμματοι
1572 262 1621 297 τῆς
1638 262 1712 294 θείας
1731 264 1875 300 ἐμπεπλη-

1084 307 1178 342 σμένοι
1204 307 1309 342 σοφίας,
1342 308 1390 335 καὶ
1409 307 1464 334 τῶν
1487 308 1675 341 διαλεκτικῶν,
1695 309 1741 336 καὶ
1757 310 1811 337 τῶν
1827 312 1877 347 ρη-

1082 353 1170 388 τόρων
1185 354 1360 389 ὲκράτησανς
1385 354 1416 380 El
1442 354 1496 390 γὰρ
1517 353 1561 380 τδν
1586 354 1635 389 μὲν
1655 355 1878 389 ἀναγινώσκοντα

1086 399 1124 435 μὴ
1136 399 1235 427 εἰδέναι
1245 400 1295 436 τὴν
1310 400 1456 436 ἑρμηνείαν
1469 399 1553 433 εἰκὸς,
1567 399 1614 426 τὸν
1627 401 1649 427 δ’
1662 401 1812 435 ἀγνοοῦντα
1825 402 1878 429 τῶν

1085 446 1256 482 γραμμάτων
1281 447 1345 478 τοὺς
1370 446 1549 482 χαρακτῆρας
1564 446 1610 472 τὸν
1635 446 1696 473 νοῦν
1715 447 1877 474 ἐπίστασθαι

1084 493 1139 520 τῶν
1152 493 1351 529 γεγραμμένων
1369 492 1510 520 ἀδύνατον.
1529 492 1598 518 Ἀλλ’
1611 491 1669 519 ἔστι
1685 492 1814 524 πολλάκις
1833 493 1878 519 τον

1088 540 1139 575 μὲν
1155 539 1377 573 ἀναγινώσκοντα
1402 539 1440 574 μὴ
1454 538 1554 565 ειδέναι
1571 538 1616 565 τδν
1632 538 1694 564 νοῦν
1711 539 1778 574 (Ἠ),
1797 539 1842 565 τὸν
1857 539 1878 565 δ’

1086 584 1220 611 ἀκούοντα
1236 584 1366 620 ὀξύτερον
1391 583 1456 610 ὅντα
1471 583 1516 610 καὶ
1535 582 1642 609 συνέσει
1661 582 1824 618 διαφέροντα
1841 584 1877 610 εξ-

1085 630 1169 663 δέναι,
1193 631 1282 657 καίτοι
1305 630 1358 656 τῶν
1378 629 1552 666 γραμμάτων
1567 629 1604 663 μὴ
1620 628 1803 662 ἐπιστάμενον
1816 630 1879 660 τοὺς

1086 677 1274 712 χαρακτῆρας.
1302 673 1337 711 ᾯ
1364 675 1418 710 γὰρ
1447 674 1578 706 ἀδύνατος
1608 675 1624 710 ὴ
1651 674 1802 710 κατάληψις
1825 675 1878 701 τῶν

1087 721 1254 756 ἐγκειμένων
1267 720 1310 747 διὰ
1324 720 1374 756 τὴν
1395 718 1507 752 ἄγνοιαν
1526 719 1580 746 τῶν
1594 719 1745 753 στοιχείων,
1761 719 1848 754 τούτῳ
1863 721 1878 754 ἡ

1088 767 1195 798 σύνεσις
1214 766 1333 802 ἀκμάζει
1359 766 1500 797 πολλάκις,
1516 765 1605 792 ἄλλων
1624 764 1878 799 ἀναγινωσκόντων.

1088 814 1120 841 Ei
1138 813 1228 840 τοίνυν
1249 812 1376 848 ἀγχίνοια
1395 812 1444 847 τῆς
1466 812 1622 846 ἐπιστήμης
1639 812 1746 846 κρατεῖ,
1774 811 1833 842 πῶς
1850 811 1879 836 οὐ

1089 859 1148 886 θεία
1159 859 1249 893 σοφία,
1265 859 1352 893 λόγων
1366 858 1465 893 τέχνης
1481 857 1639 892 περιέσταις

1205 915 1303 948 TMG’.
1326 929 1363 934 -—
1379 913 1559 949 ΛΑΜΠΕΤΙῼ
1579 913 1763 949 ΕΠΙΣΚΟΠῼ.

1346 959 1416 993 Περὶ
1434 959 1487 986 τοῦ
1501 957 1617 993 βωμοῦ.

1131 1013 1240 1048 Ἐπειδὴ
1256 1014 1361 1049 ἄμαχος
1378 1013 1425 1040 καὶ
1441 1013 1638 1048 ἀναντίῤῥητος
1650 1013 1702 1043 πᾶς
1714 1012 1793 1046 λόγος
1804 1013 1879 1048 παρὰ

1088 1060 1143 1087 τῶν
1169 1059 1299 1086 ἐναντίων
1319 1059 1598 1094 συνομολογοὺμενος,
1615 1058 1722 1094 ἑκάστῳ
1744 1059 1815 1085 ἔθνει
1829 1059 1882 1086 ἀπὸ

1089 1104 1142 1131 τῶν
1156 1104 1220 1139 παρ’
1238 1104 1331 1136 αὐτοῖς
1352 1103 1552 1139 νενομισμένων
1566 1103 1731 1135 διαλεκτέον,
1752 1104 1766 1130 ὃ
1783 1105 1830 1130 καὶ
1845 1103 1880 1140 [ὁ]

1088 1149 1142 1176 τῶν
1158 1149 1228 1185 [τοῦ]
1245 1149 1363 1185 Χριστοῦ
1380 1150 1524 1185 νοημάτων
1541 1149 1642 1184 ταμίας
1658 1150 1744 1176 ἐποίει
1765 1150 1881 1182 Παῦλος,

1097 1195 1235 1228 Ἰουδαίοις
1252 1195 1302 1230 μὲν
1317 1196 1370 1222 ἀπὸ
1385 1195 1438 1222 τῶν
1453 1195 1569 1231 Γραςρῶν
1581 1195 1783 1230 διαλεγόμενος,
1803 1195 1882 1230 Ἀθη-

1090 1241 1175 1273 ναίοις
1189 1241 1217 1268 δὲ
1233 1242 1288 1269 ἀπὸ
1309 1241 1354 1268 τοῦ
1373 1241 1476 1277 βωμοῦ,
1492 1242 1535 1268 Διὸ
1553 1241 1598 1268 καὶ
1615 1242 1678 1276 ἔφη,
1696 1251 1704 1268 ι
1733 1243 1884 1278 Ἐγενόμην

1089 1288 1146 1318 τοῖς
1165 1287 1286 1321 ἀνόμοις,
1304 1285 1342 1318 ὡς
1358 1287 1468 1322 ἄνομος.
1489 1295 1498 1312 ι
1529 1286 1572 1318 Ὠς
1586 1287 1640 1322 γὰρ
1659 1287 1773 1322 ἀνήκοος
1789 1287 1826 1312 ὦν
1836 1287 1881 1313 τοῦ

1089 1333 1183 1368 νόμου,
1198 1333 1252 1360 ἀπὸ
1266 1332 1313 1360 τοῦ
1329 1332 1421 1368 βωμοῦ
1439 1333 1488 1368 τὴν
1512 1333 1673 1368 παραίνεσιν
1697 1333 1826 1364 ἐποιεῖτο,
1851 1332 1883 1358 οὺ

1091 1379 1136 1406 τὸν
1150 1379 1241 1415 βωμδν
1264 1379 1484 1414 ἀξιοπιστότερον
1509 1378 1561 1405 ’τῶν
1582 1378 1699 1414 rga;th
1720 1378 1884 1413 ἡγούμενος.

1090 1423 1159 1451 ἀλλὰ
1181 1425 1244 1456 τοὺς
1267 1424 1450 1456 ἀπιστοῦντας
1480 1423 1585 1456 αὑταῖς,
1616 1424 1670 1450 ἀπὸ
1694 1423 1748 1450 τῶν
1773 1423 1883 1450 οἰκείων

1093 1467 1185 1504 χειρού
1191 1477 1270 1503 μενος
1285 1468 1440 1503 δογμάτων.

247 1516 401 1550 Scriplut‘as
417 1514 516 1541 habere
530 1513 674 1548 iudicaret,
690 1513 736 1540 sed
756 1517 784 1540 ut
798 1519 857 1545 eos,
873 1512 919 1547 qui
935 1512 1034 1540 nullam
1052 1512 1119 1549 ipsis
1141 1514 1220 1542 [idem
1242 1515 1417 1548 arrogabant,
1439 1514 1472 1542 ab
1502 1514 1679 1548 ipsorummet
1713 1514 1884 1548 dogmat'bus

247 1562 394 1598 subigeret.

374 1613 544 1642 CCCXLVII.
557 1628 591 1633 -—
607 1612 649 1639 ΡΑ
655 1611 722 1640 ULO
741 1611 906 1640 TRIBUNO.

287 1669 368 1696 \‘ctus
391 1675 492 1700 sermo,
513 1674 545 1694 ac
570 1666 611 1694 lex
637 1666 757 1693 omnium
777 1667 915 1693 hominum
939 1666 1041 1700 judicio

250 1721 323 1742 recta
342 1719 370 1742 et
391 1711 538 1744 laudanda,
553 1711 604 1739 hoc
618 1711 780 1746 praescribit.
794 1717 822 1738 ut
834 1719 867 1739 ne
881 1712 942 1747 quis
959 1713 1043 1748 lapsis

242 1760 372 1792 .insultet,
387 1758 569 1794 necjacentes
580 1758 709 1789 trucidet,
726 1764 820 1784 verum
839 1761 968 1792 tanquam
981 1766 1043 1792 sup-

250 1806 334 1842 plices
360 1805 535 1837 misereatur,
552 1803 692 1838 captisquc
712 1810 822 1830 manum
839 1803 968 1838 porrigat.
985 1803 1042 1830 Au-

252 1854 294 1881 dio
311 1858 401 1881 autem
415 1852 488 1880 feras
502 1851 595 1884 etiam,
610 1850 709 1885 quibus
732 1851 792 1885 plus
814 1850 898 1878 animi
921 1851 999 1883 inest,
1017 1850 1042 1878 id

251 1899 370 1934 quidem,
399 1899 471 1933 quod
498 1897 663 1930 obluctatur,
691 1898 784 1925 ulcisci
812 1906 820 1925 :
851 1898 923 1932 quod
951 1903 1042 1925 autem

251 1944 367 1972 fractum
388 1948 415 1971 ct
436 1944 604 1971 debilitatum
628 1949 680 1977 est,
705 1943 890 1971 misericordia
913 1944 1040 1979 prosequi

251 1989 348 2016 solere.
364 1987 431 2015 Cum
444 1988 536 2024 igitur,
550 1993 576 2016 et
598 1988 669 2023 apud
695 1988 829 2022 homines,
846 1994 872 2017 et
889 1991 957 2024 apud
971 1989 1043 2017 feras

253 2034 401 2062 inimicitiae
416 2041 448 2060 ac
461 2033 521 2062 belli
536 2034 603 2062 certi
623 2035 721 2062 limites
748 2035 803 2063 sint
821 2044 889 2071 quos
906 2036 1043 2063 transilire

251 2080 363 2107 minime
375 2084 507 2115 oporteat,
521 2084 593 2108 netu
611 2088 717 2116 quoque
732 2082 898 2114 committas,
911 2087 940 2109 ut
951 2082 983 2108 iis
996 2082 1042 2116 qui

251 2124 315 2152 victi
343 2128 416 2158 sunt,
446 2125 586 2159 irascaris,
603 2133 653 2153 nec
677 2133 723 2153 eos
745 2126 790 2160 qui
816 2126 890 2153 humi
912 2126 1042 2161 prostrati

248 2175 315 2198 S|Illl
332 2174 460 2206 tanquam
478 2171 570 2198 llOSlCS
588 2178 706 2205 premas.

471 2225 653 2253 CCCXLVIII.
669 2241 703 2246 —
719 2225 831 2254 lSAI/E.

1251 1615 1342 1642 TMZ.’
1356 1629 1389 1635 —
1406 1615 1524 1650 ΠΛΥΛῼ
1543 1613 1724 1648 ΤΡΙΒΟΥΝῼ.

1130 1668 1247 1700 Παλαιὸς
1262 1669 1340 1703 λόγος
1351 1669 1409 1704 (72)
1420 1668 1584 1704 διαγορεύει,
1601 1668 1648 1694 καὶ
1661 1667 1761 1701 θεσμὸς
1773 1665 1803 1694 εὖ
1816 1668 1886 1703 ἔχειν

1095 1714 1196 1742 ἅπασιν
1213 1713 1367 1749 ἀνθρώποις
1388 1714 1477 1747 δόξας,
1502 1714 1539 1749 μὴ
1565 1714 1742 1748 ἐπεμϐαίνειν
1765 1714 1822 1744 τοῖς
1840 1722 1885 1739 πε-

1098 1759 1229 1792 πτωκόσι,
1257 1760 1325 1795 μηδὲ
1341 1760 1542 1794 κατασφάττειν
1569 1760 1631 1791 τοὺς
1648 1759 1803 1795 κειμένους,
1831 1759 1886 1786 ἀλλ’

1094 1806 1225 1834 αἰδεῖσθαι
1239 1805 1277 1837 ὡς
1298 1806 1401 1838 ἱκέτας,
1417 1806 1463 1832 καὶ
1478 1807 1557 1842 χεῖρα
1572 1806 1680 1842 ὀρέγειν
1699 1807 1756 1838 τοῖς
1770 1806 1886 1832 ἑαλωκό-

1095 1859 1147 1879 σιν,
1157 1851 1261 1877 ’Δκούω
1275 1850 1302 1877 δὲ
1313 1851 1354 1877 ὅτι
1366 1851 1400 1877 τὰ
1411 1850 1511 1887 Θηρία,
1520 1847 1560 1882 οἷς
1576 1850 1688 1885 μέτεστι
1701 1851 1885 1885 φρονήματος,

1094 1896 1124 1923 τὸ
1140 1897 1188 1931 μὲν
1202 1896 1367 1931 ἀλιοεστηκὺς
1378 1895 1528 1930 ἁμύνεται’
1546 1895 1576 1921 τὺ
1589 1895 1618 1921 δὲ
1635 1894 1788 1929 ἀπειρηκδς
1803 1893 1885 1920 αἰδεῖι

1095 1950 1152 1969 ται.
1168 1942 1199 1969 Εἰ
1211 1943 1300 1969 τοίνυν
1312 1942 1358 1969 καὶ
1369 1942 1444 1978 παρὰ
1455 1941 1620 1977 ἀνθρώποις,
1636 1941 1682 1967 καὶ
1699 1941 1774 1975 παρὰ
1789 1939 1885 1975 Θηρσίν

1095 1989 1163 2016 εἰσιν
1178 1988 1278 2024 ἔχθρας
1292 1989 1338 2016 καὶ
1357 1988 1475 2023 πολέμου
1497 1989 1566 2024 ὅροι,
1581 1987 1629 2019 οὒς
1642 1987 1672 2014 οὺ
1688 1986 1741 2022 χρὴ
1753 1985 1884 2021 ὑπερεῖαί-

1095 2044 1169 2062 νειν·
1199 2035 1267 2071 μηδὲ
1290 2035 1372 2067 αὐτὸς
1396 2035 1508 2070 ὀργίζου
1533 2036 1588 2066 τοῖς
1618 2034 1794 2068 ἡττημένοις,
1820 2032 1883 2068 μηδὲ

1095 2083 1149 2114 τοῖς
1162 2083 1248 2117 χαμαὶ
1259 2082 1396 2117 κειμένοις
1411 2082 1449 2114 ὡς
1461 2081 1620 2112 ἀντιπάλοις
1633 2080 1755 2114 ἐγκεισο.

1354 2228 1446 2255 ΤΜΗ¹.
1464 2241 1498 2247 -
1513 2228 1626 2264 ΠΣΛΙᾼ.

340 2292 368 2314 tu
392 2287 457 2315 illud
474 2287 584 2322 veritus,
611 2296 645 2316 ue
671 2289 695 2316 is
712 2289 757 2324 qui
781 2296 796 2316 a
824 2293 850 2316 te
872 2289 1037 2317 contumelia

1135 2292 1164 2318 Εί
1179 2291 1228 2326 μὲν
1252 2290 1332 2318 τοῦτο
1352 2291 1455 2324 δεδιὼς,
1482 2291 1519 2326 μὴ
1538 2291 1629 2326 φθάσῃ
1644 2289 1798 2324 ἐγκαλέσας
1812 2289 1825 2314 ό
1841 2297 1887 2314 πα-

251 2332 365 2360 all‘ectus
379 2339 421 2361 est
438 2334 513 2368 prior
537 2338 563 2360 te
580 2338 730 2366 accusaret,
745 2334 908 2361 existimasti
930 2334 988 2361 fore
1001 2339 1040 2367 ut,

251 2379 274 2405 si
290 2383 486 2411 anteverteres,
497 2379 603 2414 culpam
618 2380 806 2412 atlutubrares,
824 2386 855 2406 ac
868 2379 981 2407 crimina
998 2387 1041 2412 ea,

252 2431 313 2459 qua:
334 2424 360 2451 in
378 2429 402 2451 te
423 2423 610 2456 conferuntur,
632 2423 797 2457 succideres,
819 2424 918 2451 scitum
936 2431 1040 2457 revera,

252 2477 288 2497 ne
300 2470 387 2497 dicam
403 2469 549 2504 malignum
563 2477 595 2496 ac
609 2470 812 2504 veteratot'ium,
828 2475 870 2498 est
890 2471 940 2498 hoc
957 2471 1042 2498 artill-

295 2547 319 2564 ⁴³
335 2547 343 2575 l
359 2547 421 2575 Cor.
437 2555 474 2580 ix,
489 2547 534 2574 2!.

1099 2337 1235 2375 ροινηθεὶς
1258 2338 1335 2373 παρὰ
1353 2337 1411 2370 σοῦ,
1441 2338 1534 2374 ᾠήθης
1551 2337 1696 2373 προλαὸὼι
1723 2335 1886 2363 ἐπισκιάσει-

1098 2385 1159 2411 σοαι
1177 2385 1232 2419 (75)
1259 2385 1308 2416 τὰς
1336 2384 1434 2416 αἰτίας,
1459 2385 1505 2411 καὶ
1530 2384 1580 2415 τὰς
1608 2383 1727 2418 μέμψεις
1744 2383 1795 2414 τὰς
1823 2382 1888 2409 κατὰ

1098 2429 1200 2456 σαυτοῦ
1216 2429 1423 2464 ὐποτεμεῖσοαι,
1437 2430 1517 2464 σοφὸν
1528 2429 1567 2464 τῷ
1579 2429 1646 2460 ὄντι,
1663 2429 1706 2454 ἵνα
1723 2428 1760 2463 μὴ
1779 2427 1889 2461 κακοῦρ-

1096 2480 1143 2506 γον
1165 2472 1243 2505 εἴπω,
1261 2473 1307 2499 καὶ
1322 2472 1399 2500 τοῦτο
1415 2473 1580 2508 μηχάνημα·
1594 2473 1618 2499 εί
1630 2472 1652 2499 δ’
1667 2472 1706 2504 ὡς
1723 2471 1835 2507 ἀληθῶς
1849 2471 1888 2497 αἱ-

805 2615 922 2644 ἿΑΗΙᾸΞ
941 2615 1134 2645 LECTlONES
1156 2616 1199 2645 ET
1221 2617 1339 2646 ΝΟΤᾸΞ,

292 2696 349 2727 (Ἠ)
365 2694 434 2726 Qum
451 2693 577 2728 leguntur
596 2693 623 2720 iu
644 2693 716 2721 edito
731 2693 788 2720 haec
803 2694 896 2726 verba,
912 2694 970 2721 ἀλλ’
984 2694 1042 2722 ἐστι

255 2730 385 2760 πολλάκις
395 2729 441 2755 τὸν
454 2729 502 2764 μὲν
517 2728 738 2762 ἀναγινώσκοντα
750 2728 788 2764 μὴ
797 2729 894 2755 εἰδέναι
910 2730 956 2756 τὸν
969 2730 1042 2761 νοῦν,

254 2774 286 2792 ca
303 2769 400 2792 cuncta
413 2765 437 2790 in
453 2763 514 2790 cod.
534 2763 593 2791 Vat.
609 2763 661 2790 650
677 2763 748 2791 velut
762 2763 945 2798 ὑποϐολιμαῖα
962 2765 1043 2791 omit-

255 2805 359 2827 tuntur.
381 2798 457 2827 Vere.
485 2799 533 2826 ult.
556 2806 600 2834 ep.
616 2799 687 2826 idem
708 2806 756 2833 pro
771 2798 859 2832 λόγων
885 2799 980 2826 scribit
997 2799 1041 2824 λό-

254 2843 314 2869 γου.
324 2835 430 2862 Possm.

291 2870 346 2906 (72)
368 2869 419 2897 Pro
431 2869 545 2902 παλαιὸς
555 2869 634 2904 λόγος
645 2868 739 2897 melius
751 2868 815 2902 legit
829 2867 890 2896 cod.
901 2867 965 2895 Vat.
976 2867 1038 2901 650,

1099 2696 1210 2740 παλαιὸς
1225 2696 1317 2731 νόμος.
1338 2695 1368 2723 γ.
1384 2696 1401 2723 5
1416 2696 1490 2723 inter
1507 2697 1547 2723 ὃτι
1570 2700 1597 2723 et
1608 2695 1642 2722 τὰ
1661 2696 1803 2723 interserit
1823 2696 1890 2724 idem

1099 2732 1259 2801 χἿθέΓΡι-ιι
1271 2766 1481 2794 ὲπισκιέισασοαι
1499 2766 1569 2794 idem
1583 2767 1646 2793 cod.
1661 2765 1745 2801 habet
1760 2766 1889 2792 ἐπισκιά-

1098 2799 1153 2833 σαι,
1173 2807 1199 2829 et
1216 2809 1288 2829 vers.
1304 2810 1362 2836 seq.
1377 2810 1426 2836 pro
1440 2801 1649 2836 ὑποτεμεῖσθαι,
1663 2799 1828 2836 ὑποτεμεῖς.
1842 2801 1889 2828 De-

1097 2837 1178 2871 nique
1195 2844 1263 2865 vcrs.
1283 2834 1350 2872 pen;
1362 2834 1404 2872 ep.
1419 2845 1467 2872 pro
1483 2834 1569 2868 ἑάλως
1587 2836 1650 2870 legit
1667 2834 1758 2862 ἑάλω(
1772 2836 1812 2863 In.
