2045 3158
180 187 249 222 1CO5

600 193 865 224 EPISTOLARUM
881 193 954 224 LIB.
974 193 1032 224 Ill.
1052 206 1087 211 —
1106 194 1223 224 EPIS'I‘.
1246 194 1357 224 CCCLI.

1731 190 1797 223 10θῦ

180 247 276 284 ρήσειν
301 246 468 282 προσδοκῶν,
489 246 594 281 ἠλίθιόν
608 255 633 273 τι
652 247 798 278 πέπονθας.
814 247 851 274 οὐ
867 246 920 282 γὰρ
935 245 967 273 ἂν

1025 246 1099 273 rium.
1118 246 1146 274 Si
1162 252 1249 274 autem
1264 247 1314 274 hoc
1329 254 1359 273 ea
1380 254 1426 281 spe
1442 250 1521 281 atque
1540 247 1740 280 exspectatione
1757 247 1798 274 fe-

180 293 255 328 ἁλοίη
277 292 320 326 ἐφ’
340 289 381 324 οἷς
396 292 446 327 ἤδη
469 292 554 324 ἑάλως
571 292 640 319 κατὰ
662 292 711 328 τὴν
731 292 786 320 τῶν
802 293 965 328 γραψάντων

180 337 282 374 ἀψευδῆ
296 338 458 374 μαρτυρίαν.

286 483 374 510 ΤΜΘ¹.
389 497 425 503 -
443 482 606 519 ΘΕΟΔΟΣΙῼ
627 482 861 518 ΠΡΕΣΒΥΤΕΡῼ.

219 536 298 569 Ἰσθι,
320 533 342 563 ὧ
366 536 585 571 θαυμασιώτατε,
600 537 642 564 ὅτι
664 537 727 573 μήτ’
745 537 882 570 ἐξειπὼνν
899 538 967 574 μήτε

182 582 382 616 κοινωσάμενός
400 582 455 618 (74)
473 583 540 617 μοιὸ
553 583 638 610 δοκῶν
651 581 721 610 εῐναι
738 583 813 617 φίλος
827 583 901 619 (ᾔδει
915 584 969 618 γὰρ

182 629 232 655 οὐκ
256 628 426 662 άνεξόμενον,
451 627 512 654 οὐδὲ
540 629 751 664 συγχωρήσοντα
786 629 860 663 αὐτῷ
890 628 969 655 λῦσαι

184 674 358 709 πολυχρόνιον
376 673 486 709 φιλίαν)
514 674 654 709 πέπρακεν
669 674 686 701 ἃ
711 674 846 709 πέπραχε.
862 674 907 701 Διὸ
923 675 970 700 καὶ

183 720 233 754 τῆς
245 719 334 753 φιλίας
349 718 428 754 ἡμῶν
442 719 635 754 άπεκηρύχθη.

319 818 382 847 ΤΝ’.
400 833 432 838 -
448 817 578 854 ΕΡΜΕΙᾼ
594 817 832 853 ΓΡᾹΜΜᾹΤΙΚῼ.

187 864 258 900 Περὶ
285 863 347 897 τοῦ,
375 873 384 890 ι
415 864 588 895 Φάσκοντες
618 862 692 891 εἶναι
719 864 809 899 σοφοὶ
840 863 968 898 ἐμωράν-

500 901 609 932 θησαν.
635 907 644 924 t

221 953 391 985 Κινδυνεύεις
415 953 532 987 ἀγνοεῖν,
556 952 597 979 ὅτι
613 953 641 980 οἱ
661 951 774 987 ποιηταὶ
795 952 858 983 τοὺς
876 951 969 978 πλεον-

187 999 339 1033 εκτήμασιν
354 997 492 1031 εὐγενείας
507 997 660 1032 ὲμπρέπειν
680 997 729 1024 οὐκ
744 996 865 1032 ἔχοντας,
888 996 970 1032 μυθο-

187 1045 289 1078 λογίαις
305 1044 428 1075 ἀπίστοις
443 1043 602 1078 ἐσέμνυναν.

301 1096 387 1124 TNA’.
409 1111 441 1116 —
457 1096 608 1132 ΑΝΤΩΝΙῼ
622 1096 852 1132 ΣΧΟΛΔΣΤΙΚῼ.

229 1154 257 1180 '0
278 1153 329 1188 τῆς
340 1153 488 1188 παρθενίας
504 1152 590 1187 ἀγὼν,
612 1152 700 1188 μέγας
717 1151 767 1186 μὲν
783 1152 829 1178 καὶ
847 1151 972 1186 λαμπρὸς

189 1200 235 1226 καί
259 1199 348 1230 ἔνθεος
375 1198 461 1233 (πρὸς
487 1198 541 1233 γάρ
563 1197 611 1233 τὴν
636 1198 755 1233 ἔμφυτον
781 1196 827 1224 τοῦ
849 1197 972 1232 σώματος

188 1245 284 1280 ἡδονὴν
310 1246 323 1271 ὁ
351 1244 499 1279 πόλεμος),
518 1245 546 1271 ὲν
570 1244 597 1271 δὲ
625 1245 680 1275 τοῖς
699 1243 786 1275 ἄλλοις
811 1242 900 1274 ἄθλοις
917 1243 972 1277 (75)

189 1289 437 1326 ὲξευμαρίζειτοὺς
464 1289 571 1321 πόνους.
595 1289 707 1324 Ῥᾳδίως
724 1288 779 1324 γὰρ
805 1289 973 1324 φιλοχρημα-

189 1336 250 1367 τίας
275 1336 414 1371 κρατήσει,
441 1335 541 1370 κόσμου
567 1334 737 1370 σωματικοῦ,
765 1334 860 1369 ἀνδρός
877 1342 906 1360 τε
927 1333 973 1360 καὶ

189 1381 292 1407 παίδων
307 1380 344 1416 μὴ
364 1380 551 1415 φροντίζουσα,
566 1380 598 1406 δι’
614 1379 627 1406 ὃ
641 1380 654 1406 ὁ
667 1379 720 1406 τῶν
736 1379 886 1414 ¹χρημάτων
899 1387 974 1414 πορι-

191 1426 258 1462 σμὸς
271 1426 416 1460 ἀναγκαῖος
430 1423 499 1453 εἶναι
513 1427 569 1457 τοῖς
583 1425 757 1460 ἀφιλοπόφοις
777 1424 867 1450 δοκεῖ’
881 1423 973 1450 πένθει

189 1480 219 1498 τε
232 1472 366 1502 ἀνάλωτος
378 1471 463 1498 ἔσται.
481 1472 517 1498 Οὐ
534 1471 589 1506 γὰρ
603 1470 702 1506 ἤνθησε
717 1469 839 1501 κλάδους,
853 1467 892 1500 οἷς
910 1477 973 1495 συν-

190 1517 300 1544 ανιθοῦςι
320 1517 366 1543 καὶ
388 1517 414 1543 αξ
435 1516 572 1551 φροντίδες
591 1517 636 1542 καὶ
658 1515 691 1542 τὰ
707 1515 790 1550 πένθη
810 1514 877 1551 (76).
903 1513 974 1541 Ζών-

191 1571 245 1589 των
263 1562 312 1597 μὲν
329 1562 382 1597 γὰρ
402 1562 456 1588 τῶν
477 1561 590 1594 παίδων,
608 1561 805 1595 ἀναγκάζονται
823 1561 973 1596 μεριμνᾷν,
989 1581 1011 1610 c

191 1606 347 1634 τεθνεώτων
371 1606 400 1632 δὲ
434 1606 551 1633 πενθεῖν.
584 1605 698 1632 Ὀδυνὼν
727 1614 757 1632 τε
782 1606 829 1632 καί
852 1605 975 1640 άΟυμιῶν

191 1654 244 1686 ἔξω
260 1653 428 1688 ἐσκήνωται,
448 1652 508 1688 μηδ’
526 1651 620 1686 ἀνδρὸς
636 1651 813 1687 δουλευομὲνη
836 1652 976 1687 φρονήμα-

192 1709 254 1732 τος,
271 1700 339 1734 μήτε
354 1699 429 1725 ὠδῖσι
444 1700 503 1730 ταῖς
519 1698 564 1725 τοῦ
583 1697 698 1725 θανάτου
718 1697 820 1731 γείτοσι
833 1697 977 1724 διακοπτο-

193 1745 273 1780 μὲνη.
290 1745 327 1771 Οὐ
345 1743 719 1779 παρευδοκιμουμένηιζηλοῖ,
742 1743 792 1770 οὐκ
809 1742 977 1778 ἀγαπωμένη

194 1790 346 1817 Cimini-tat.
370 1790 427 1816 Οὐκ
446 1789 682 1825 ἀποστρεφόμενον
701 1789 859 1821 κολακεύει,
884 1789 913 1815 οὐ
933 1797 977 1824 μι-

195 1835 292 1862 σοῦντα
307 1834 423 1861 θωπεύει
433 1854 439 1866 ,
457 1835 506 1870 οὐχ
520 1834 664 1869 ὑϐρίζοντα
677 1834 893 1869 ἀποστρέφεται,
911 1834 978 1862 ἀλλὰ

197 1881 304 1907 πάντων
313 1880 413 1907 τούτων
424 1880 477 1906 τῶν
487 1880 642 1916 ἀνηκέστων
652 1880 744 1906 κακῶν
756 1880 811 1916 (77)
822 1880 977 1915 ἀπαλλαγὴ,

195 1927 212 1961 ἡ
228 1927 294 1962 πρὸς
308 1926 357 1961 τὴν
372 1925 491 1960 ἔμφυτον
509 1925 653 1960 ἐπιθυμίαν
669 1925 742 1960 μάχη
754 1944 761 1958 ,
774 1922 808 1960 ἧς
831 1926 976 1961 κρατοῦσα,

196 1972 286 1997 πάντα
307 1971 398 1997 ἐκεῖνα
417 1970 606 1997 ὑποκύπτοντα
627 1970 694 2005 ἔχει.
710 1970 755 1997 Διὸ
769 1971 815 1997 καὶ
830 1971 844 1996 ὁ
861 1971 914 1997 τῶν
931 1971 977 1997 ἀν-

196 2016 340 2051 θρωπίνων
353 2017 521 2052 πραγμάτων
534 2016 655 2052 ἀκριῦῶς
666 2016 813 2051 βασανίσας
824 2016 872 2052 τὴν
887 2019 977 2051 φύσιν,

195 2063 300 2098 ἔγραφε
317 2064 379 2098 περὶ
398 2062 452 2089 τῶν
469 2063 556 2089 πάντα
575 2062 764 2098 ὑπομενόντων
786 2062 820 2088 τὰ
843 2063 976 2098 δυσχερῆ,

197 2106 241 2132 ἴνα
254 2105 333 2140 μόνον
349 2106 398 2141 τὴν
415 2106 468 2133 ἀπὸ
484 2107 531 2141 τῆς
548 2106 693 2141 ἐπιθυμίας
707 2106 806 2133 λύτταν
827 2107 864 2143 μὴ
880 2108 978 2143 χειρὼ-

197 2159 297 2176 σωνται
307 2170 314 2182 ,
335 2159 343 2176 ι
356 2150 449 2185 etiam
462 2151 496 2186 τῇ
509 2151 591 2185 σαρκὶ
607 2151 712 2184 ἕξουσιν
727 2152 750 2177 ol
763 2151 887 2178 τοιοῦτοι.
909 2151 978 2185 Ἐγὼ

195 2196 224 2222 δὲ
240 2196 316 2230 ὑμων
338 2196 471 2231 φείδομαι.
497 2205 505 2220 ι
542 2196 609 2234 Ἀλλ’
629 2196 722 2232 ἐπειδὴ
745 2197 836 2223 πολλοὶ
859 2197 908 2232 μὲν
929 2198 978 2233 τὴν

1017 293 1088 324 cisti,
1109 296 1234 326 tanquam
1253 292 1354 325 judicio
1370 293 1492 327 superior
1503 299 1567 320 vere
1580 292 1757 326 discessurus,
1771 293 1798 321 in

1015 337 1130 372 quadam
1147 335 1266 371 profecto
1282 337 1394 364 stultitia
1410 340 1536 366 versaris.
1551 339 1645 375 Neque
1666 339 1737 366 enim
1753 339 1797 367 ille

1016 383 1050 410 ob
1077 389 1109 409 ea
1131 382 1316 414 convincetur,
1342 383 1376 410 ob
1406 390 1465 417 qua;
1489 389 1515 411 tu
1539 382 1593 418 jam
1616 385 1691 419 juxta
1706 392 1798 412 verum

1017 436 1120 462 eorum,
1134 429 1178 463 qui
1199 428 1375 463 scripserunt,
1396 429 1576 456 testimonium
1605 431 1744 458 convictus
1758 438 1798 458 es.

1068 482 1225 510 CCCXLIX.
1241 497 1276 502 —
1292 481 1485 509 TllEODOSIO
1507 482 1745 512 PRESBYTERO.

1052 537 1116 564 Illud
1135 537 1212 570 scito,
1227 536 1268 564 vir
1288 544 1444 571 cumprimis
1462 537 1629 569 admiranue,
1653 545 1724 569 eum,
1753 539 1799 572 qui

1018 583 1096 610 amici
1112 583 1229 617 speciem
1253 590 1308 617 prae
1325 589 1354 609 se
1376 581 1489 614 ferebat,
1509 589 1538 609 re
1553 582 1618 609 mihi
1637 583 1747 610 minime
1762 584 1800 610 si-

1018 628 1143 664 gniﬁcata
1164 636 1214 656 nec
1239 627 1435 655 communicata
1471 628 1560 662 (norat
1583 629 1654 655 enim
1682 636 1724 655 me
1749 636 1799 656 non

1019 681 1218 709 perpessurum,
1240 681 1290 701 nec
1317 673 1366 708 ipsi
1392 673 1597 708 permissurum,
1610 679 1637 701 ut
1655 673 1800 700 amicitiam

1020 724 1149 747 vetustam
1181 720 1365 755 discinderet),
1391 728 1422 747 ea
1446 719 1544 748 fecisse
1574 728 1634 755 quae
1663 720 1735 747 fecit.
1764 721 1803 748 Ac

1019 766 1132 800 proinde
1147 767 1180 793 ab
1193 765 1309 793 amicitia
1328 771 1416 792 nostra
1429 766 1595 800 proscriptus
1607 771 1659 794 est.

1124 819 1220 848 CCCL.
1233 835 1267 840 —-
1281 819 1422 847 HERMIIE
1444 820 1681 849 GRAMMATICO.

1022 865 1058 891 De
1066 873 1105 896 eo,
1128 874 1137 891 (
1157 864 1275 892 Dicentcs
1290 872 1344 891 esse
1358 865 1485 898 sapientes
1497 865 1570 892 stulti
1591 866 1654 900 [αειί
1669 871 1727 894 sunt
1743 866 1776 892 “.
1791 877 1800 893 ι

1057 955 1123 982 Illud
1145 954 1269 988 ignorare
1285 955 1395 987 videris,
1420 960 1523 990 poetas,
1538 963 1585 984 eos
1608 957 1652 991 qui
1670 957 1740 984 veris
1757 965 1804 984 no-

1021 1000 1134 1027 bilitatis
1153 1000 1259 1027 dotibus
1274 1001 1394 1028 eminere
1415 1007 1468 1028 non
1493 1006 1625 1035 poterant,
1643 1002 1804 1030 incredibili-

1021 1046 1072 1073 bus
1084 1045 1181 1073 fabulis
1197 1053 1352 1073 exornasse.

1109 1099 1220 1127 CCCLl.
1242 1115 1277 1121 -—
1303 1099 1452 1127 ANTONIO
1469 1100 1714 1129 SCllULASTlCO.

1059 1151 1225 1186 Virginitatis
1252 1156 1389 1180 certamen
1416 1160 1541 1186 magnum
1571 1154 1679 1188 quidem
1697 1159 1723 1181 et
1739 1162 1807 1190 prae-

1024 1197 1125 1224 clarum
1153 1205 1184 1224 ac
1212 1198 1330 1225 divinum
1363 1202 1405 1226 est
1432 1198 1505 1235 (nam
1530 1199 1663 1227 adversus
1686 1200 1807 1234 corporis

1025 1244 1187 1278 voluptatem
1202 1243 1250 1278 ipsi
1274 1243 1372 1271 bellum
1394 1245 1456 1279 est),
1474 1249 1500 1271 at
1516 1245 1542 1271 in
1566 1245 1626 1272 aliis
1652 1245 1807 1273 certamini-

1025 1289 1073 1316 bus
1097 1289 1201 1316 labores
1225 1289 1330 1317 minuit.
1364 1288 1468 1316 Etenim
1492 1291 1805 1324 pecuniarnm'amorem

1024 1332 1102 1359 facile
1118 1333 1218 1365 vincet,
1231 1341 1291 1360 cum
1311 1334 1430 1367 corporis
1456 1338 1591 1367 ornatum,
1607 1342 1638 1362 ac
1659 1336 1756 1369 virum,
1780 1341 1806 1364 et

1025 1377 1134 1409 liberos,
1156 1378 1190 1405 ob
1213 1385 1273 1412 qua:
1292 1379 1464 1413 pecuniarum
1500 1381 1621 1414 quaesitio
1654 1382 1807 1410 hominibus

1025 1431 1118 1459 parum
1142 1424 1306 1459 philosophis
1341 1426 1492 1453 necessaria
1522 1433 1582 1453 esse
1618 1428 1734 1459 videtur.
1758 1429 1809 1455 mi-

1026 1471 1097 1496 nime
1111 1474 1196 1497 curet.
1213 1469 1319 1497 Μυειωί
1348 1471 1428 1497 etiam
1457 1472 1663 1507 haudquaquam
1693 1473 1808 1500 obnoxia

1026 1516 1094 1548 erit;
1125 1524 1177 1543 non
1200 1517 1272 1543 enim
1303 1524 1391 1544 ramos
1417 1517 1536 1551 protulit,
1566 1525 1625 1545 cum
1654 1519 1752 1552 quibus
1783 1524 1809 1546 et

1027 1569 1099 1588 cura:
1123 1566 1151 1588 et
1178 1569 1309 1589 maerores
1327 1561 1460 1589 elllorent.
1482 1561 1638 1590 Viventibus
1659 1563 1758 1598 quippe
1780 1564 1810 1590 ll-

1029 1606 1082 1638 llis,
1115 1605 1231 1634 sollicito
1250 1607 1339 1634 animo
1357 1613 1417 1634 esse
1439 1612 1585 1641 coguntur;
1609 1612 1695 1635 morte
1721 1613 1809 1636 autem

1028 1651 1138 1684 functis,
1162 1651 1189 1678 in
1226 1651 1298 1679 luctu
1333 1652 1444 1679 versari.
1473 1652 1495 1679 Α
1527 1653 1664 1682 doloribus
1692 1654 1756 1682 item
1783 1660 1811 1683 et

1027 1696 1107 1731 393
1121 1697 1202 1724 animi
1216 1698 1360 1731 angoribus
1373 1697 1499 1724 immunis
1511 1702 1565 1731 est,
1579 1703 1606 1726 ut
1620 1707 1680 1733 quae
1694 1708 1743 1728 nec
1759 1701 1810 1728 viri

1028 1741 1187 1776 arrogantia:
1209 1747 1336 1776 tanquam
1359 1743 1385 1770 in
1407 1743 1564 1770 servitutem
1587 1745 1736 1778 addicatur,
1760 1755 1810 1775 nec

1029 1792 1122 1821 partus
1139 1787 1276 1815 doloribus
1291 1788 1385 1816 mortis
1399 1788 1493 1815 vicinis
1508 1789 1727 1825 interrumpatur.
1742 1791 1809 1819 Cum

1029 1838 1182 1868 superatur,
1200 1833 1326 1860 invidiam
1344 1841 1396 1860 non
1415 1834 1531 1868 concipit
1550 1843 1557 1862 :
1576 1842 1641 1868 non,
1656 1843 1716 1863 cum
1735 1844 1810 1864 ama-

1031 1880 1072 1903 tur
1085 1877 1180 1912 supino
1195 1878 1285 1905 animo
1299 1882 1358 1910 est;
1374 1885 1426 1905 non
1443 1879 1576 1906 aversanli
1590 1887 1619 1907 se
1633 1885 1786 1908 assentatur
1801 1891 1807 1909 :

1029 1928 1081 1948 non
1097 1921 1160 1949 odio
1178 1922 1285 1949 babenti
1303 1922 1439 1950 blanditur
1455 1932 1462 1950 :
1482 1931 1534 1951 non
1551 1931 1624 1958 eum,
1642 1932 1656 1952 a
1674 1932 1726 1960 quo
1743 1933 1808 1953 con-

1031 1966 1147 1994 tumeliis
1161 1967 1286 2000 aﬂicitur,
1300 1973 1439 1995 aversatur
1453 1977 1459 1996 :
1474 1975 1566 1996 verum
1582 1970 1615 1997 ab
1630 1971 1755 1998 omnibus
1768 1971 1810 1999 his

1030 2011 1162 2046 pestiferis
1179 2012 1251 2040 vitiis
1268 2012 1352 2040 libera
1369 2019 1410 2040 est
1428 2021 1515 2049 pugna
1532 2014 1660 2043 adversus
1676 2015 1809 2050 cupidita-

1031 2062 1082 2084 tem
1096 2066 1109 2084 a
1124 2062 1218 2084 natura
1231 2058 1338 2085 insitam
1352 2067 1358 2086 :
1370 2066 1449 2094 quam
1462 2067 1521 2086 cum
1534 2065 1652 2094 superat,
1664 2061 1752 2088 omnia
1766 2061 1810 2088 illa

1029 2102 1079 2129 sibi
1095 2103 1215 2136 subjecta
1231 2104 1322 2131 habet.
1337 2104 1393 2137 Qua
1410 2105 1490 2132 etiam
1505 2105 1538 2132 de
1551 2113 1633 2133 causa
1650 2106 1686 2138 is,
1701 2106 1746 2141 qui
1762 2107 1808 2134 lm-

1030 2155 1168 2174 manarum
1184 2155 1274 2175 rerum
1292 2152 1414 2176 naturam
1432 2155 1557 2177 accurate
1573 2152 1761 2185 perpenderat,
1778 2152 1811 2178 de

1031 2193 1073 2224 iis.
1088 2194 1132 2226 qui
1149 2194 1286 2222 molestias
1300 2203 1394 2223 omnes
1406 2195 1548 2228 sustinent.
1564 2201 1593 2223 ut
1609 2197 1737 2223 duntaxat
1751 2197 1811 2224 libi-

195 2241 376 2276 άποστο).ικὴν
392 2241 556 2277 συμϐουλὴν,
575 2241 613 2273 ὡς
627 2241 671 2268 διὰ
691 2243 858 2277 πραγμάτων
873 2243 910 2278 μὴ
921 2243 974 2270 δεμ

1029 2239 1099 2266 dinis
1115 2239 1215 2267 rabiem
1233 2240 1343 2268 minime
1357 2241 1497 2275 subigam,
1513 2241 1648 2269 scribebat
1665 2251 1672 2269 :
1690 2251 1700 2268 ι
1716 2243 1811 2270 Tribu-

195 2286 336 2322 κνυμένην
354 2287 547 2322 ἀτιμάζοντες,
564 2287 594 2313 τὸ
616 2287 638 2313 δ’
652 2287 750 2322 ἀληθὲς
766 2289 799 2323 τῇ
815 2288 894 2324 ἡδονῇ
919 2297 979 2315 συν-

195 2331 358 2367 ηγοροῦντες
373 2340 462 2365 φασιν,
478 2332 528 2364 ὅτι,
540 2331 627 2366 θλίψιν
647 2332 697 2367 μὲν
709 2334 760 2358 οὐκ
773 2333 877 2368 ἔχουσιν
894 2335 918 2360 ol
933 2334 979 2360 τὸν

195 2377 285 2411 γάμον
306 2378 511 2412 ἀσπασάμενοι,
528 2378 594 2405 ἀλλὰ
616 2379 661 2405 καὶ
675 2378 769 2414 τέρψιν
792 2380 837 2406 καὶ
855 2381 976 2415 τρυφὴν·

195 2422 290 2449 πολλοὶ
304 2422 332 2449 δὲ
342 2423 472 2458 δεινότητι
488 2423 637 2458 χρώμενοι,
649 2424 696 2450 καὶ
710 2424 907 2460 ἀνδρειοτέρους
920 2427 979 2452 ἐαυ-

194 2469 258 2500 coit;
273 2468 327 2495 τῶν
340 2469 389 2503 τὴν
402 2469 511 2503 ἁγνείαν
525 2469 698 2504 ὲστεμμένων
715 2469 845 2505 οἰόμενοι,
861 2466 893 2497 οὐ
908 2471 979 2498 δεόν-

234 2557 255 2572 "
272 2555 349 2584 Rom.
373 2565 392 2590 ι,
412 2556 454 2583 22.
483 2557 504 2572 δ’
523 2556 531 2582 l
547 2556 609 2584 Cor.
630 2564 678 2589 vit,
694 2555 740 2583 28.

1032 2284 1158 2312 lationem
1181 2286 1271 2313 carnis
1295 2286 1431 2314 habebunt
1454 2287 1616 2321 hujusmodi.
1640 2287 1695 2323 Ego
1720 2292 1810 2315 autem

1032 2331 1107 2358 vobis
1124 2338 1205 2366 parco
1219 2331 1250 2358 ".
1272 2341 1280 2357 ι
1299 2333 1334 2360 At
1351 2333 1476 2367 quoniam
1494 2333 1617 2368 permulti
1636 2333 1810 2368 apostolicum

1032 2377 1185 2409 consilium,
1197 2377 1267 2412 quod
1281 2385 1327 2412 per
1339 2386 1382 2405 res
1394 2378 1467 2413 ipsas
1481 2379 1590 2406 minimc
1602 2379 1812 2412 demonstratur,

1032 2428 1254 2455 contemnentes,
1278 2424 1332 2451 imo
1354 2432 1448 2452 revera
1469 2425 1611 2459 voluptatis
1635 2425 1812 2460 patrocinium

1033 2468 1225 2502 suscipientes,
1244 2476 1305 2502 eos,
1322 2469 1366 2504 qui
1384 2470 1584 2498 matrimonium
1601 2470 1716 2505 amplexi
1733 2474 1811 2501 sunt,

739 2615 856 2642 VARI/fi
878 2614 1069 2642 LECTlONES
1090 2614 1133 2640 ET
1153 2613 1266 2642 NOTIE.

231 2693 288 2729 (74)
308 2693 361 2720 Pro
381 2693 579 2729 κοινωσάμενος
600 2692 670 2720 idem
683 2693 747 2729 cod._
765 2693 828 2727 legit
843 2701 972 2729 κοινωνη-

193 2726 361 2768 ctipﬂioqlet
377 2735 446 2768 vers.
462 2726 510 2768 ult}
523 2735 572 2761 pro
591 2727 781 2768 άπεκηριξχθτὶ,
795 2726 915 2762 άπέστη.
933 2726 970 2753 lo.

229 2762 362 2798 (75)-l’ro
376 2762 466 2798 ἄθλοις
482 2762 550 2790 idem
562 2763 621 2798 cod.
638 2762 732 2798 scribit
745 2763 844 2798 λόγοις,
861 2768 888 2789 et
902 2769 971 2788 vers.

192 2799 207 2825 7
226 2796 270 2832 ep.
290 2806 339 2833 pro
350 2797 536 2833 ὰφιλοσό-ροις,
550 2796 758 2833 φιλοπῳμάτοις.
776 2797 880 2833 Possm.

228 2831 297 2866 (‘16)—
309 2833 439 2864 Ἤνθησε
464 2831 597 2864 κλάδοις,
615 2831 659 2864 οἷς
679 2831 866 2859 away-901701
883 2831 930 2858 καὶ
944 2834 974 2858 αἱ

191 2865 352 2902 φροντίδες
364 2866 412 2894 καὶ
425 2867 459 2893 τὰ
473 2866 577 2900 πένθη.
605 2867 745 2900 Eleganter
767 2865 928 2901 περιφράζει
945 2867 975 2893 li-

1029 2693 1116 2719 heros.
1134 2692 1179 2719 Sic
1195 2692 1277 2720 Eveni
1292 2694 1361 2727 apud
1374 2692 1548 2720 Plutarchum
1563 2695 1591 2718 et
1607 2690 1808 2718 Artemidorum

1028 2727 1151 2755 laudatus
1169 2735 1264 2755 versus
1283 2728 1438 2755 exclamat:

1033 2784 1090 2811 ’1δὲ
1105 2784 1161 2818 ὅση
1175 2784 1257 2818 λύπη
1269 2784 1339 2816 παῖς
1351 2783 1437 2817 πατρὶ
1448 2782 1546 2809 πάντα
1560 2781 1678 2815 χρόνον.
1690 2780 1771 2806 Ri".

1063 2829 1120 2863 ('17)
1135 2829 1208 2856 Idem
1220 2831 1292 2859 cod..
1310 2829 1423 2857 κακιῶν.
1439 2828 1514 2857 Vers.
1533 2827 1593 2855 inde
1610 2830 1706 2860 quarto
1728 2825 1807 2860 μόνον

1030 2869 1114 2891 mutat
1127 2864 1152 2891 in
1170 2863 1261 2899 μόνην.
1278 2864 1382 2892 Ρονεικ.
