  <div class='ocr_page' id='page_1' title='image "/cluster/home/n/w/nwhite01/storage/ocr_20150623/78/njp.32101077772794/543.png"; bbox 0 0 2045 3158; ppageno 0'>
   <div class='ocr_carea' id='block_1_1' title="bbox 241 197 318 229">
    <p class='ocr_par' dir='ltr' id='par_1_1' title="bbox 241 197 318 229">
     <span class='ocr_line' id='line_1_1' title="bbox 241 197 318 229; baseline 0 -1"><span class='ocrx_word' id='word_1_1' title='bbox 241 197 262 228; x_wconf 70' lang='grc' dir='ltr'><strong>’ἱ</strong></span> <span class='ocrx_word' id='word_1_2' title='bbox 269 197 318 229; x_wconf 79' lang='lat'><strong>007</strong></span> 
     </span>
    </p>
   </div>
   <div class='ocr_carea' id='block_1_2' title="bbox 850 186 1287 220">
    <p class='ocr_par' dir='ltr' id='par_1_2' title="bbox 850 186 1287 220">
     <span class='ocr_line' id='line_1_2' title="bbox 850 186 1287 220; baseline -0.009 -1"><span class='ocrx_word' id='word_1_3' title='bbox 850 191 880 220; x_wconf 80' lang='lat' dir='ltr'><strong>S.</strong></span> <span class='ocrx_word' id='word_1_4' title='bbox 906 189 1049 219; x_wconf 64' lang='lat' dir='ltr'><strong>lSlDORI</strong></span> <span class='ocrx_word' id='word_1_5' title='bbox 1070 186 1287 219; x_wconf 56' lang='lat' dir='ltr'><strong>PELUSIOTA“.</strong></span> 
     </span>
    </p>
   </div>
   <div class='ocr_carea' id='block_1_3' title="bbox 1812 183 1881 214">
    <p class='ocr_par' dir='ltr' id='par_1_3' title="bbox 1812 183 1881 214">
     <span class='ocr_line' id='line_1_3' title="bbox 1812 183 1881 214; baseline 0 0"><span class='ocrx_word' id='word_1_6' title='bbox 1812 183 1881 214; x_wconf 69' lang='lat'><strong>1003</strong></span> 
     </span>
    </p>
   </div>
   <div class='ocr_carea' id='block_1_4' title="bbox 249 240 1037 284">
    <p class='ocr_par' dir='ltr' id='par_1_4' title="bbox 249 247 1033 284">
     <span class='ocr_line' id='line_1_4' title="bbox 249 247 1033 284; baseline -0.01 -3"><span class='ocrx_word' id='word_1_7' title='bbox 249 253 449 282; x_wconf 87' lang='lat' dir='ltr'><strong>tribulationem</strong></span> <span class='ocrx_word' id='word_1_8' title='bbox 467 250 568 278; x_wconf 81' lang='lat' dir='ltr'><strong>habere</strong></span> <span class='ocrx_word' id='word_1_9' title='bbox 586 254 698 284; x_wconf 77' lang='lat' dir='ltr'><strong>negant,</strong></span> <span class='ocrx_word' id='word_1_10' title='bbox 715 255 809 275; x_wconf 85' lang='lat' dir='ltr'><strong>verum</strong></span> <span class='ocrx_word' id='word_1_11' title='bbox 827 247 1033 275; x_wconf 85' lang='lat' dir='ltr'><strong>oblectationem</strong></span> 
     </span>
    </p>
   </div>
   <div class='ocr_carea' id='block_1_5' title="bbox 1088 240 1879 284">
    <p class='ocr_par' dir='ltr' id='par_1_5' title="bbox 1088 240 1879 278">
     <span class='ocr_line' id='line_1_5' title="bbox 1088 240 1879 278; baseline -0.004 -7"><span class='ocrx_word' id='word_1_12' title='bbox 1088 254 1138 276; x_wconf 85' lang='grc' dir='ltr'><strong>τως</strong></span> <span class='ocrx_word' id='word_1_13' title='bbox 1157 245 1291 278; x_wconf 80' lang='grc' dir='ltr'>λέγουσιν,</span> <span class='ocrx_word' id='word_1_14' title='bbox 1307 243 1347 270; x_wconf 77' lang='grc' dir='ltr'>ὅτι</span> <span class='ocrx_word' id='word_1_15' title='bbox 1369 241 1499 277; x_wconf 65' lang='grc' dir='ltr'>ἀγεννοῦς</span> <span class='ocrx_word' id='word_1_16' title='bbox 1518 241 1595 267; x_wconf 73' lang='grc' dir='ltr'>τοῦτο</span> <span class='ocrx_word' id='word_1_17' title='bbox 1615 241 1703 276; x_wconf 68' lang='grc' dir='ltr'>ψυχῆς</span> <span class='ocrx_word' id='word_1_18' title='bbox 1719 240 1879 277; x_wconf 84' lang='grc' dir='ltr'>τεκμήριον.</span> 
     </span>
    </p>
   </div>
   <div class='ocr_carea' id='block_1_6' title="bbox 249 294 1034 333">
    <p class='ocr_par' dir='ltr' id='par_1_6' title="bbox 249 294 1034 333">
     <span class='ocr_line' id='line_1_6' title="bbox 249 294 1034 333; baseline -0.009 -7"><span class='ocrx_word' id='word_1_19' title='bbox 249 299 340 333; x_wconf 89' lang='lat' dir='ltr'><strong>potius</strong></span> <span class='ocrx_word' id='word_1_20' title='bbox 360 305 392 325; x_wconf 90' lang='lat' dir='ltr'><strong>ac</strong></span> <span class='ocrx_word' id='word_1_21' title='bbox 412 297 539 329; x_wconf 82' lang='lat' dir='ltr'><strong>delicias,</strong></span> <span class='ocrx_word' id='word_1_22' title='bbox 560 303 592 323; x_wconf 87' lang='lat' dir='ltr'><strong>ac</strong></span> <span class='ocrx_word' id='word_1_23' title='bbox 613 295 733 330; x_wconf 84' lang='lat' dir='ltr'><strong>plerique</strong></span> <span class='ocrx_word' id='word_1_24' title='bbox 753 294 835 322; x_wconf 82' lang='lat' dir='ltr'><strong>etiam</strong></span> <span class='ocrx_word' id='word_1_25' title='bbox 855 294 907 320; x_wconf 89' lang='lat' dir='ltr'><strong>vim</strong></span> <span class='ocrx_word' id='word_1_26' title='bbox 929 294 1034 320; x_wconf 80' lang='lat' dir='ltr'><strong>dicendi</strong></span> 
     </span>
    </p>
   </div>
   <div class='ocr_carea' id='block_1_7' title="bbox 249 340 1036 378">
    <p class='ocr_par' dir='ltr' id='par_1_7' title="bbox 249 340 1036 378">
     <span class='ocr_line' id='line_1_7' title="bbox 249 340 1036 378; baseline -0.008 -7"><span class='ocrx_word' id='word_1_27' title='bbox 249 345 423 376; x_wconf 84' lang='lat' dir='ltr'><strong>adhibentes,</strong></span> <span class='ocrx_word' id='word_1_28' title='bbox 449 350 544 378; x_wconf 84' lang='lat' dir='ltr'><strong>parum</strong></span> <span class='ocrx_word' id='word_1_29' title='bbox 570 341 762 369; x_wconf 76' lang='lat' dir='ltr'><strong>convenienter</strong></span> <span class='ocrx_word' id='word_1_30' title='bbox 784 345 909 368; x_wconf 90' lang='lat' dir='ltr'><strong>asserunt</strong></span> <span class='ocrx_word' id='word_1_31' title='bbox 934 340 1036 374; x_wconf 65' lang='lat' dir='ltr'><strong>ignava!</strong></span> 
     </span>
    </p>
   </div>
   <div class='ocr_carea' id='block_1_8' title="bbox 249 385 1036 422">
    <p class='ocr_par' dir='ltr' id='par_1_8' title="bbox 249 385 1036 422">
     <span class='ocr_line' id='line_1_8' title="bbox 249 385 1036 422; baseline -0.006 -6"><span class='ocrx_word' id='word_1_32' title='bbox 249 389 345 416; x_wconf 71' lang='lat' dir='ltr'><strong>anima:</strong></span> <span class='ocrx_word' id='word_1_33' title='bbox 360 388 431 416; x_wconf 92' lang='lat' dir='ltr'><strong>istud</strong></span> <span class='ocrx_word' id='word_1_34' title='bbox 446 391 634 422; x_wconf 78' lang='lat' dir='ltr'><strong>argumentum</strong></span> <span class='ocrx_word' id='word_1_35' title='bbox 648 393 709 413; x_wconf 88' lang='lat' dir='ltr'><strong>esse</strong></span> <span class='ocrx_word' id='word_1_36' title='bbox 723 395 728 414; x_wconf 91' lang='lat'>:</span> <span class='ocrx_word' id='word_1_37' title='bbox 743 394 804 413; x_wconf 90' lang='lat' dir='ltr'><strong>nam</strong></span> <span class='ocrx_word' id='word_1_38' title='bbox 819 386 881 413; x_wconf 90' lang='lat' dir='ltr'><strong>dum</strong></span> <span class='ocrx_word' id='word_1_39' title='bbox 896 385 1036 413; x_wconf 56' lang='lat' dir='ltr'><strong>caelibatus</strong></span> 
     </span>
    </p>
   </div>
   <div class='ocr_carea' id='block_1_9' title="bbox 249 430 1036 468">
    <p class='ocr_par' dir='ltr' id='par_1_9' title="bbox 249 430 1036 468">
     <span class='ocr_line' id='line_1_9' title="bbox 249 430 1036 468; baseline -0.008 -6"><span class='ocrx_word' id='word_1_40' title='bbox 249 434 385 462; x_wconf 77' lang='lat' dir='ltr'><strong>sanctitati</strong></span> <span class='ocrx_word' id='word_1_41' title='bbox 401 441 461 461; x_wconf 83' lang='lat' dir='ltr'><strong>sese</strong></span> <span class='ocrx_word' id='word_1_42' title='bbox 475 433 609 466; x_wconf 87' lang='lat' dir='ltr'><strong>dicarunt,</strong></span> <span class='ocrx_word' id='word_1_43' title='bbox 623 432 790 468; x_wconf 87' lang='lat' dir='ltr'><strong>generationi</strong></span> <span class='ocrx_word' id='word_1_44' title='bbox 807 432 907 458; x_wconf 82' lang='lat' dir='ltr'><strong>aditum</strong></span> <span class='ocrx_word' id='word_1_45' title='bbox 924 430 1036 465; x_wconf 67' lang='lat' dir='ltr'><strong>praeclu-</strong></span> 
     </span>
    </p>
   </div>
   <div class='ocr_carea' id='block_1_10' title="bbox 249 476 1035 513">
    <p class='ocr_par' dir='ltr' id='par_1_10' title="bbox 249 476 1035 513">
     <span class='ocr_line' id='line_1_10' title="bbox 249 476 1035 513; baseline -0.008 -5"><span class='ocrx_word' id='word_1_46' title='bbox 249 484 358 511; x_wconf 89' lang='lat' dir='ltr'><strong>serunt,</strong></span> <span class='ocrx_word' id='word_1_47' title='bbox 375 479 540 507; x_wconf 82' lang='lat' dir='ltr'><strong>matrimonii</strong></span> <span class='ocrx_word' id='word_1_48' title='bbox 556 483 681 513; x_wconf 78' lang='lat' dir='ltr'><strong>expertes</strong></span> <span class='ocrx_word' id='word_1_49' title='bbox 697 481 836 504; x_wconf 86' lang='lat' dir='ltr'><strong>manentes</strong></span> <span class='ocrx_word' id='word_1_50' title='bbox 854 485 860 503; x_wconf 88' lang='lat'><strong>:</strong></span> <span class='ocrx_word' id='word_1_51' title='bbox 877 481 957 510; x_wconf 84' lang='lat' dir='ltr'><strong>atque</strong></span> <span class='ocrx_word' id='word_1_52' title='bbox 973 476 1035 502; x_wconf 91' lang='lat' dir='ltr'><strong>dum</strong></span> 
     </span>
    </p>
   </div>
   <div class='ocr_carea' id='block_1_11' title="bbox 250 523 1035 560">
    <p class='ocr_par' dir='ltr' id='par_1_11' title="bbox 250 523 1035 560">
     <span class='ocr_line' id='line_1_11' title="bbox 250 523 1035 560; baseline -0.004 -10"><span class='ocrx_word' id='word_1_53' title='bbox 250 533 299 560; x_wconf 77' lang='lat' dir='ltr'><strong>per</strong></span> <span class='ocrx_word' id='word_1_54' title='bbox 315 524 499 553; x_wconf 74' lang='lat' dir='ltr'><strong>difficultatum</strong></span> <span class='ocrx_word' id='word_1_55' title='bbox 519 524 669 551; x_wconf 82' lang='lat' dir='ltr'><strong>nuditatem</strong></span> <span class='ocrx_word' id='word_1_56' title='bbox 689 523 819 549; x_wconf 86' lang='lat' dir='ltr'><strong>adversus</strong></span> <span class='ocrx_word' id='word_1_57' title='bbox 839 529 928 548; x_wconf 89' lang='lat' dir='ltr'><strong>rerum</strong></span> <span class='ocrx_word' id='word_1_58' title='bbox 948 526 1035 548; x_wconf 90' lang='lat' dir='ltr'><strong>muta-</strong></span> 
     </span>
    </p>
   </div>
   <div class='ocr_carea' id='block_1_12' title="bbox 250 568 1037 605">
    <p class='ocr_par' dir='ltr' id='par_1_12' title="bbox 250 568 1037 605">
     <span class='ocr_line' id='line_1_12' title="bbox 250 568 1037 605; baseline -0.006 -6"><span class='ocrx_word' id='word_1_59' title='bbox 250 572 338 600; x_wconf 85' lang='lat' dir='ltr'><strong>tiones</strong></span> <span class='ocrx_word' id='word_1_60' title='bbox 354 576 463 599; x_wconf 81' lang='lat' dir='ltr'><strong>strenue</strong></span> <span class='ocrx_word' id='word_1_61' title='bbox 480 578 509 598; x_wconf 90' lang='lat' dir='ltr'><strong>se</strong></span> <span class='ocrx_word' id='word_1_62' title='bbox 532 574 672 605; x_wconf 78' lang='lat' dir='ltr'><strong>gesserunt</strong></span> <span class='ocrx_word' id='word_1_63' title='bbox 694 568 818 596; x_wconf 78' lang='lat' dir='ltr'><strong>similiter</strong></span> <span class='ocrx_word' id='word_1_64' title='bbox 840 568 1037 602; x_wconf 84' lang='lat' dir='ltr'><strong>quodammodo</strong></span> 
     </span>
    </p>
   </div>
   <div class='ocr_carea' id='block_1_13' title="bbox 251 611 1036 651">
    <p class='ocr_par' dir='ltr' id='par_1_13' title="bbox 251 611 1036 651">
     <span class='ocr_line' id='line_1_13' title="bbox 251 611 1036 651; baseline -0.008 -7"><span class='ocrx_word' id='word_1_65' title='bbox 251 617 363 649; x_wconf 86' lang='lat' dir='ltr'><strong>faciunt,</strong></span> <span class='ocrx_word' id='word_1_66' title='bbox 376 621 406 644; x_wconf 90' lang='lat' dir='ltr'><strong>ut</strong></span> <span class='ocrx_word' id='word_1_67' title='bbox 419 616 441 644; x_wconf 88' lang='lat' dir='ltr'><strong>si</strong></span> <span class='ocrx_word' id='word_1_68' title='bbox 455 617 515 651; x_wconf 81' lang='lat' dir='ltr'><strong>quis</strong></span> <span class='ocrx_word' id='word_1_69' title='bbox 529 622 643 650; x_wconf 89' lang='lat' dir='ltr'><strong>corpore</strong></span> <span class='ocrx_word' id='word_1_70' title='bbox 654 621 764 645; x_wconf 83' lang='lat' dir='ltr'><strong>vacans,</strong></span> <span class='ocrx_word' id='word_1_71' title='bbox 778 613 908 648; x_wconf 77' lang='lat' dir='ltr'><strong>glorietur</strong></span> <span class='ocrx_word' id='word_1_72' title='bbox 919 620 948 639; x_wconf 87' lang='lat' dir='ltr'><strong>se</strong></span> <span class='ocrx_word' id='word_1_73' title='bbox 964 611 1036 639; x_wconf 91' lang='lat' dir='ltr'><strong>nullo</strong></span> 
     </span>
    </p>
   </div>
   <div class='ocr_carea' id='block_1_14' title="bbox 250 657 1037 696">
    <p class='ocr_par' dir='ltr' id='par_1_14' title="bbox 250 657 1037 696">
     <span class='ocr_line' id='line_1_14' title="bbox 250 657 1037 696; baseline -0.005 -8"><span class='ocrx_word' id='word_1_74' title='bbox 250 662 341 690; x_wconf 88' lang='lat' dir='ltr'><strong>ulcere</strong></span> <span class='ocrx_word' id='word_1_75' title='bbox 357 661 426 689; x_wconf 81' lang='lat' dir='ltr'><strong>allici</strong></span> <span class='ocrx_word' id='word_1_76' title='bbox 445 668 524 696; x_wconf 85' lang='lat' dir='ltr'><strong>posse</strong></span> <span class='ocrx_word' id='word_1_77' title='bbox 541 669 547 687; x_wconf 86' lang='lat'><strong>:</strong></span> <span class='ocrx_word' id='word_1_78' title='bbox 564 659 658 687; x_wconf 81' lang='lat' dir='ltr'><strong>eodem</strong></span> <span class='ocrx_word' id='word_1_79' title='bbox 675 658 747 686; x_wconf 88' lang='lat' dir='ltr'><strong>enim</strong></span> <span class='ocrx_word' id='word_1_80' title='bbox 766 658 844 685; x_wconf 82' lang='lat' dir='ltr'><strong>modo</strong></span> <span class='ocrx_word' id='word_1_81' title='bbox 862 657 912 692; x_wconf 88' lang='lat' dir='ltr'><strong>ipsi</strong></span> <span class='ocrx_word' id='word_1_82' title='bbox 931 664 1037 692; x_wconf 90' lang='lat' dir='ltr'><strong>quoque</strong></span> 
     </span>
    </p>
   </div>
   <div class='ocr_carea' id='block_1_15' title="bbox 251 703 1037 743">
    <p class='ocr_par' dir='ltr' id='par_1_15' title="bbox 251 703 1037 743">
     <span class='ocr_line' id='line_1_15' title="bbox 251 703 1037 743; baseline -0.01 -6"><span class='ocrx_word' id='word_1_83' title='bbox 251 708 402 743; x_wconf 90' lang='lat' dir='ltr'><strong>inopinatas</strong></span> <span class='ocrx_word' id='word_1_84' title='bbox 419 707 591 735; x_wconf 82' lang='lat' dir='ltr'><strong>fortuitarum</strong></span> <span class='ocrx_word' id='word_1_85' title='bbox 613 713 701 732; x_wconf 90' lang='lat' dir='ltr'><strong>rerum</strong></span> <span class='ocrx_word' id='word_1_86' title='bbox 722 703 890 731; x_wconf 78' lang='lat' dir='ltr'><strong>incursiones</strong></span> <span class='ocrx_word' id='word_1_87' title='bbox 908 704 1037 738; x_wconf 90' lang='lat' dir='ltr'><strong>pertime-</strong></span> 
     </span>
    </p>
   </div>
   <div class='ocr_carea' id='block_1_16' title="bbox 251 749 1036 786">
    <p class='ocr_par' dir='ltr' id='par_1_16' title="bbox 251 749 1036 786">
     <span class='ocr_line' id='line_1_16' title="bbox 251 749 1036 786; baseline -0.008 -5"><span class='ocrx_word' id='word_1_88' title='bbox 251 757 371 786; x_wconf 87' lang='lat' dir='ltr'><strong>scentcs,</strong></span> <span class='ocrx_word' id='word_1_89' title='bbox 387 751 579 786; x_wconf 78' lang='lat' dir='ltr'><strong>gignendorum</strong></span> <span class='ocrx_word' id='word_1_90' title='bbox 596 750 744 777; x_wconf 86' lang='lat' dir='ltr'><strong>liberorum</strong></span> <span class='ocrx_word' id='word_1_91' title='bbox 762 749 848 785; x_wconf 80' lang='lat' dir='ltr'><strong>legem</strong></span> <span class='ocrx_word' id='word_1_92' title='bbox 864 753 1036 782; x_wconf 83' lang='lat' dir='ltr'><strong>contempse-</strong></span> 
     </span>
    </p>
   </div>
   <div class='ocr_carea' id='block_1_17' title="bbox 251 793 1037 832">
    <p class='ocr_par' dir='ltr' id='par_1_17' title="bbox 251 793 1037 832">
     <span class='ocr_line' id='line_1_17' title="bbox 251 793 1037 832; baseline -0.008 -6"><span class='ocrx_word' id='word_1_93' title='bbox 251 803 362 832; x_wconf 89' lang='lat' dir='ltr'><strong>runt,ut</strong></span> <span class='ocrx_word' id='word_1_94' title='bbox 377 798 421 832; x_wconf 90' lang='lat' dir='ltr'><strong>qui</strong></span> <span class='ocrx_word' id='word_1_95' title='bbox 435 796 559 824; x_wconf 78' lang='lat' dir='ltr'><strong>videlicet</strong></span> <span class='ocrx_word' id='word_1_96' title='bbox 573 796 704 823; x_wconf 88' lang='lat' dir='ltr'><strong>adversus</strong></span> <span class='ocrx_word' id='word_1_97' title='bbox 718 795 880 822; x_wconf 77' lang='lat' dir='ltr'><strong>mutationes</strong></span> <span class='ocrx_word' id='word_1_98' title='bbox 894 793 1037 822; x_wconf 76' lang='lat' dir='ltr'><strong>sterilitate</strong></span> 
     </span>
    </p>
   </div>
   <div class='ocr_carea' id='block_1_18' title="bbox 251 840 1036 876">
    <p class='ocr_par' dir='ltr' id='par_1_18' title="bbox 251 840 1036 876">
     <span class='ocr_line' id='line_1_18' title="bbox 251 840 1036 876; baseline -0.006 -5"><span class='ocrx_word' id='word_1_99' title='bbox 251 852 310 872; x_wconf 88' lang='lat' dir='ltr'><strong>sese</strong></span> <span class='ocrx_word' id='word_1_100' title='bbox 328 843 502 875; x_wconf 84' lang='lat' dir='ltr'><strong>muniverint,</strong></span> <span class='ocrx_word' id='word_1_101' title='bbox 519 849 549 869; x_wconf 91' lang='lat' dir='ltr'><strong>ac</strong></span> <span class='ocrx_word' id='word_1_102' title='bbox 567 848 614 876; x_wconf 85' lang='lat' dir='ltr'><strong>per</strong></span> <span class='ocrx_word' id='word_1_103' title='bbox 629 849 688 868; x_wconf 87' lang='lat' dir='ltr'><strong>eam</strong></span> <span class='ocrx_word' id='word_1_104' title='bbox 706 840 758 868; x_wconf 87' lang='lat' dir='ltr'><strong>hoc</strong></span> <span class='ocrx_word' id='word_1_105' title='bbox 775 840 826 868; x_wconf 89' lang='lat' dir='ltr'><strong>sibi</strong></span> <span class='ocrx_word' id='word_1_106' title='bbox 843 840 1036 874; x_wconf 79' lang='lat' dir='ltr'><strong>compararim,</strong></span> 
     </span>
    </p>
   </div>
   <div class='ocr_carea' id='block_1_19' title="bbox 251 885 1035 922">
    <p class='ocr_par' dir='ltr' id='par_1_19' title="bbox 251 885 1035 922">
     <span class='ocr_line' id='line_1_19' title="bbox 251 885 1035 922; baseline -0.008 -5"><span class='ocrx_word' id='word_1_107' title='bbox 251 896 280 917; x_wconf 87' lang='lat' dir='ltr'><strong>ut</strong></span> <span class='ocrx_word' id='word_1_108' title='bbox 297 889 366 917; x_wconf 89' lang='lat' dir='ltr'><strong>vinei</strong></span> <span class='ocrx_word' id='word_1_109' title='bbox 384 893 411 916; x_wconf 92' lang='lat' dir='ltr'><strong>et</strong></span> <span class='ocrx_word' id='word_1_110' title='bbox 427 888 486 922; x_wconf 86' lang='lat' dir='ltr'><strong>capi</strong></span> <span class='ocrx_word' id='word_1_111' title='bbox 504 895 556 914; x_wconf 92' lang='lat' dir='ltr'><strong>non</strong></span> <span class='ocrx_word' id='word_1_112' title='bbox 574 887 696 922; x_wconf 83' lang='lat' dir='ltr'><strong>possint;</strong></span> <span class='ocrx_word' id='word_1_113' title='bbox 714 893 762 922; x_wconf 82' lang='lat' dir='ltr'><strong>nos</strong></span> <span class='ocrx_word' id='word_1_114' title='bbox 779 891 869 913; x_wconf 83' lang='lat' dir='ltr'><strong>autem</strong></span> <span class='ocrx_word' id='word_1_115' title='bbox 887 886 931 920; x_wconf 84' lang='lat' dir='ltr'><strong>qui</strong></span> <span class='ocrx_word' id='word_1_116' title='bbox 952 885 1035 920; x_wconf 83' lang='lat' dir='ltr'><strong>inepi-</strong></span> 
     </span>
    </p>
   </div>
   <div class='ocr_carea' id='block_1_20' title="bbox 251 930 1035 966">
    <p class='ocr_par' dir='ltr' id='par_1_20' title="bbox 251 930 1035 966">
     <span class='ocr_line' id='line_1_20' title="bbox 251 930 1035 966; baseline -0.005 -4"><span class='ocrx_word' id='word_1_117' title='bbox 251 936 322 962; x_wconf 89' lang='lat' dir='ltr'><strong>natis</strong></span> <span class='ocrx_word' id='word_1_118' title='bbox 345 934 503 961; x_wconf 76' lang='lat' dir='ltr'><strong>mutationis</strong></span> <span class='ocrx_word' id='word_1_119' title='bbox 528 933 672 960; x_wconf 90' lang='lat' dir='ltr'><strong>momentis</strong></span> <span class='ocrx_word' id='word_1_120' title='bbox 695 939 743 959; x_wconf 90' lang='lat' dir='ltr'><strong>nos</strong></span> <span class='ocrx_word' id='word_1_121' title='bbox 766 933 837 966; x_wconf 83' lang='lat' dir='ltr'><strong>ipsos</strong></span> <span class='ocrx_word' id='word_1_122' title='bbox 860 930 1035 962; x_wconf 84' lang='lat' dir='ltr'><strong>tradidimus,</strong></span> 
     </span>
    </p>
   </div>
   <div class='ocr_carea' id='block_1_21' title="bbox 251 975 1035 1008">
    <p class='ocr_par' dir='ltr' id='par_1_21' title="bbox 251 975 1035 1008">
     <span class='ocr_line' id='line_1_21' title="bbox 251 975 1035 1008; baseline -0.008 -1"><span class='ocrx_word' id='word_1_123' title='bbox 251 988 300 1008; x_wconf 88' lang='lat' dir='ltr'><strong>nec</strong></span> <span class='ocrx_word' id='word_1_124' title='bbox 310 979 433 1007; x_wconf 88' lang='lat' dir='ltr'><strong>calonum</strong></span> <span class='ocrx_word' id='word_1_125' title='bbox 443 986 518 1006; x_wconf 89' lang='lat' dir='ltr'><strong>more</strong></span> <span class='ocrx_word' id='word_1_126' title='bbox 527 978 656 1005; x_wconf 84' lang='lat' dir='ltr'><strong>adversus</strong></span> <span class='ocrx_word' id='word_1_127' title='bbox 665 984 723 1004; x_wconf 89' lang='lat' dir='ltr'><strong>eam</strong></span> <span class='ocrx_word' id='word_1_128' title='bbox 733 976 854 1004; x_wconf 87' lang='lat' dir='ltr'><strong>collocati</strong></span> <span class='ocrx_word' id='word_1_129' title='bbox 864 979 939 1003; x_wconf 82' lang='lat' dir='ltr'><strong>extra</strong></span> <span class='ocrx_word' id='word_1_130' title='bbox 950 975 1035 1002; x_wconf 86' lang='lat' dir='ltr'><strong>aciem</strong></span> 
     </span>
    </p>
   </div>
   <div class='ocr_carea' id='block_1_22' title="bbox 252 1019 1036 1058">
    <p class='ocr_par' dir='ltr' id='par_1_22' title="bbox 252 1019 1036 1058">
     <span class='ocr_line' id='line_1_22' title="bbox 252 1019 1036 1058; baseline -0.008 -6"><span class='ocrx_word' id='word_1_131' title='bbox 252 1026 389 1058; x_wconf 88' lang='lat' dir='ltr'><strong>stetimus,</strong></span> <span class='ocrx_word' id='word_1_132' title='bbox 411 1031 516 1057; x_wconf 88' lang='lat' dir='ltr'><strong>verum,</strong></span> <span class='ocrx_word' id='word_1_133' title='bbox 536 1024 591 1050; x_wconf 87' lang='lat' dir='ltr'><strong>vita</strong></span> <span class='ocrx_word' id='word_1_134' title='bbox 614 1027 705 1050; x_wconf 85' lang='lat' dir='ltr'><strong>nostra</strong></span> <span class='ocrx_word' id='word_1_135' title='bbox 727 1022 811 1056; x_wconf 88' lang='lat' dir='ltr'><strong>ipsius</strong></span> <span class='ocrx_word' id='word_1_136' title='bbox 834 1021 893 1048; x_wconf 86' lang='lat' dir='ltr'><strong>telis</strong></span> <span class='ocrx_word' id='word_1_137' title='bbox 913 1019 1036 1055; x_wconf 81' lang='lat' dir='ltr'><strong>exposita</strong></span> 
     </span>
    </p>
   </div>
   <div class='ocr_carea' id='block_1_23' title="bbox 251 1067 1036 1105">
    <p class='ocr_par' dir='ltr' id='par_1_23' title="bbox 251 1067 1036 1105">
     <span class='ocr_line' id='line_1_23' title="bbox 251 1067 1036 1105; baseline -0.009 -6"><span class='ocrx_word' id='word_1_138' title='bbox 251 1078 432 1105; x_wconf 88' lang='lat' dir='ltr'><strong>eoneessaqne</strong></span> <span class='ocrx_word' id='word_1_139' title='bbox 449 1070 472 1098; x_wconf 86' lang='lat' dir='ltr'><strong>ei</strong></span> <span class='ocrx_word' id='word_1_140' title='bbox 490 1069 656 1104; x_wconf 86' lang='lat' dir='ltr'><strong>amplissima</strong></span> <span class='ocrx_word' id='word_1_141' title='bbox 673 1067 809 1100; x_wconf 77' lang='lat' dir='ltr'><strong>facultate,</strong></span> <span class='ocrx_word' id='word_1_142' title='bbox 826 1074 875 1094; x_wconf 89' lang='lat' dir='ltr'><strong>nos</strong></span> <span class='ocrx_word' id='word_1_143' title='bbox 893 1067 919 1093; x_wconf 82' lang='lat' dir='ltr'><strong>in</strong></span> <span class='ocrx_word' id='word_1_144' title='bbox 939 1067 1036 1100; x_wconf 83' lang='lat' dir='ltr'><strong>quibus</strong></span> 
     </span>
    </p>
   </div>
   <div class='ocr_carea' id='block_1_24' title="bbox 251 1111 1036 1153">
    <p class='ocr_par' dir='ltr' id='par_1_24' title="bbox 251 1111 1036 1153">
     <span class='ocr_line' id='line_1_24' title="bbox 251 1111 1036 1153; baseline -0.01 -8"><span class='ocrx_word' id='word_1_145' title='bbox 251 1119 301 1153; x_wconf 82' lang='lat' dir='ltr'><strong>ipsi</strong></span> <span class='ocrx_word' id='word_1_146' title='bbox 333 1117 442 1145; x_wconf 88' lang='lat' dir='ltr'><strong>libuerit</strong></span> <span class='ocrx_word' id='word_1_147' title='bbox 469 1116 549 1144; x_wconf 85' lang='lat' dir='ltr'><strong>rebus</strong></span> <span class='ocrx_word' id='word_1_148' title='bbox 570 1115 684 1142; x_wconf 88' lang='lat' dir='ltr'><strong>feriendi</strong></span> <span class='ocrx_word' id='word_1_149' title='bbox 707 1114 836 1142; x_wconf 87' lang='lat' dir='ltr'><strong>adversus</strong></span> <span class='ocrx_word' id='word_1_150' title='bbox 857 1121 917 1140; x_wconf 88' lang='lat' dir='ltr'><strong>eam</strong></span> <span class='ocrx_word' id='word_1_151' title='bbox 939 1111 1036 1138; x_wconf 83' lang='lat' dir='ltr'><strong>armati</strong></span> 
     </span>
    </p>
   </div>
   <div class='ocr_carea' id='block_1_25' title="bbox 251 1158 1037 1196">
    <p class='ocr_par' dir='ltr' id='par_1_25' title="bbox 251 1158 1037 1196">
     <span class='ocr_line' id='line_1_25' title="bbox 251 1158 1037 1196; baseline -0.01 -4"><span class='ocrx_word' id='word_1_152' title='bbox 251 1172 354 1196; x_wconf 84' lang='lat' dir='ltr'><strong>sumus,</strong></span> <span class='ocrx_word' id='word_1_153' title='bbox 374 1164 441 1191; x_wconf 85' lang='lat' dir='ltr'><strong>adeo</strong></span> <span class='ocrx_word' id='word_1_154' title='bbox 459 1167 489 1190; x_wconf 91' lang='lat' dir='ltr'><strong>ut</strong></span> <span class='ocrx_word' id='word_1_155' title='bbox 505 1162 585 1189; x_wconf 92' lang='lat' dir='ltr'><strong>etiam</strong></span> <span class='ocrx_word' id='word_1_156' title='bbox 603 1168 664 1188; x_wconf 93' lang='lat' dir='ltr'><strong>cum</strong></span> <span class='ocrx_word' id='word_1_157' title='bbox 681 1160 866 1191; x_wconf 87' lang='lat' dir='ltr'><strong>vulneramur,</strong></span> <span class='ocrx_word' id='word_1_158' title='bbox 885 1166 937 1185; x_wconf 91' lang='lat' dir='ltr'><strong>non</strong></span> <span class='ocrx_word' id='word_1_159' title='bbox 957 1158 1037 1185; x_wconf 85' lang='lat' dir='ltr'><strong>feria-</strong></span> 
     </span>
    </p>
   </div>
   <div class='ocr_carea' id='block_1_26' title="bbox 251 1203 1036 1242">
    <p class='ocr_par' dir='ltr' id='par_1_26' title="bbox 251 1203 1036 1242">
     <span class='ocr_line' id='line_1_26' title="bbox 251 1203 1036 1242; baseline -0.011 -4"><span class='ocrx_word' id='word_1_160' title='bbox 251 1217 322 1242; x_wconf 87' lang='lat' dir='ltr'><strong>ntur,</strong></span> <span class='ocrx_word' id='word_1_161' title='bbox 338 1213 365 1236; x_wconf 91' lang='lat' dir='ltr'><strong>et</strong></span> <span class='ocrx_word' id='word_1_162' title='bbox 380 1216 440 1236; x_wconf 88' lang='lat' dir='ltr'><strong>eum</strong></span> <span class='ocrx_word' id='word_1_163' title='bbox 457 1207 508 1235; x_wconf 89' lang='lat' dir='ltr'><strong>telo</strong></span> <span class='ocrx_word' id='word_1_164' title='bbox 524 1206 599 1241; x_wconf 79' lang='lat' dir='ltr'><strong>petiti</strong></span> <span class='ocrx_word' id='word_1_165' title='bbox 614 1213 718 1238; x_wconf 89' lang='lat' dir='ltr'><strong>sumus,</strong></span> <span class='ocrx_word' id='word_1_166' title='bbox 734 1205 792 1232; x_wconf 87' lang='lat' dir='ltr'><strong>sine</strong></span> <span class='ocrx_word' id='word_1_167' title='bbox 808 1204 902 1231; x_wconf 91' lang='lat' dir='ltr'><strong>aculeo</strong></span> <span class='ocrx_word' id='word_1_168' title='bbox 917 1203 1036 1237; x_wconf 86' lang='lat' dir='ltr'><strong>conliga-</strong></span> 
     </span>
    </p>
   </div>
   <div class='ocr_carea' id='block_1_27' title="bbox 251 1248 1036 1289">
    <p class='ocr_par' dir='ltr' id='par_1_27' title="bbox 251 1248 1036 1289">
     <span class='ocr_line' id='line_1_27' title="bbox 251 1248 1036 1289; baseline -0.011 -6"><span class='ocrx_word' id='word_1_169' title='bbox 251 1264 313 1283; x_wconf 91' lang='lat' dir='ltr'><strong>mur</strong></span> <span class='ocrx_word' id='word_1_170' title='bbox 322 1260 402 1289; x_wconf 88' lang='lat' dir='ltr'><strong>atque</strong></span> <span class='ocrx_word' id='word_1_171' title='bbox 414 1254 440 1281; x_wconf 92' lang='lat' dir='ltr'><strong>in</strong></span> <span class='ocrx_word' id='word_1_172' title='bbox 454 1259 543 1280; x_wconf 87' lang='lat' dir='ltr'><strong>rerum</strong></span> <span class='ocrx_word' id='word_1_173' title='bbox 557 1252 730 1279; x_wconf 90' lang='lat' dir='ltr'><strong>molestarum</strong></span> <span class='ocrx_word' id='word_1_174' title='bbox 742 1250 927 1285; x_wconf 83' lang='lat' dir='ltr'><strong>experimento</strong></span> <span class='ocrx_word' id='word_1_175' title='bbox 940 1248 1036 1284; x_wconf 91' lang='lat' dir='ltr'><strong>dogma</strong></span> 
     </span>
    </p>
   </div>
   <div class='ocr_carea' id='block_1_28' title="bbox 251 1295 1038 1330">
    <p class='ocr_par' dir='ltr' id='par_1_28' title="bbox 251 1295 1038 1330">
     <span class='ocr_line' id='line_1_28' title="bbox 251 1295 1038 1330; baseline -0.009 -1"><span class='ocrx_word' id='word_1_176' title='bbox 251 1301 316 1329; x_wconf 83' lang='lat' dir='ltr'><strong>illud</strong></span> <span class='ocrx_word' id='word_1_177' title='bbox 328 1301 529 1330; x_wconf 84' lang='lat' dir='ltr'><strong>conﬁrmantes,</strong></span> <span class='ocrx_word' id='word_1_178' title='bbox 541 1298 667 1324; x_wconf 89' lang='lat' dir='ltr'><strong>nimirum</strong></span> <span class='ocrx_word' id='word_1_179' title='bbox 679 1297 806 1324; x_wconf 87' lang='lat' dir='ltr'><strong>virtutem</strong></span> <span class='ocrx_word' id='word_1_180' title='bbox 820 1296 976 1323; x_wconf 84' lang='lat' dir='ltr'><strong>nmtationis</strong></span> <span class='ocrx_word' id='word_1_181' title='bbox 990 1295 1038 1322; x_wconf 78' lang='lat' dir='ltr'><strong>do-</strong></span> 
     </span>
    </p>
   </div>
   <div class='ocr_carea' id='block_1_29' title="bbox 253 1340 1038 1378">
    <p class='ocr_par' dir='ltr' id='par_1_29' title="bbox 253 1340 1038 1378">
     <span class='ocr_line' id='line_1_29' title="bbox 253 1340 1038 1378; baseline -0.011 -3"><span class='ocrx_word' id='word_1_182' title='bbox 253 1347 337 1375; x_wconf 91' lang='lat' dir='ltr'><strong>minio</strong></span> <span class='ocrx_word' id='word_1_183' title='bbox 358 1345 467 1372; x_wconf 89' lang='lat' dir='ltr'><strong>minime</strong></span> <span class='ocrx_word' id='word_1_184' title='bbox 488 1343 637 1378; x_wconf 77' lang='lat' dir='ltr'><strong>subiectam</strong></span> <span class='ocrx_word' id='word_1_185' title='bbox 657 1348 732 1374; x_wconf 87' lang='lat' dir='ltr'><strong>esse,</strong></span> <span class='ocrx_word' id='word_1_186' title='bbox 752 1342 934 1368; x_wconf 87' lang='lat' dir='ltr'><strong>certissimum</strong></span> <span class='ocrx_word' id='word_1_187' title='bbox 957 1340 1038 1368; x_wconf 89' lang='lat' dir='ltr'><strong>docu-</strong></span> 
     </span>
    </p>
   </div>
   <div class='ocr_carea' id='block_1_30' title="bbox 253 1386 1038 1423">
    <p class='ocr_par' dir='ltr' id='par_1_30' title="bbox 253 1386 1038 1423">
     <span class='ocr_line' id='line_1_30' title="bbox 253 1386 1038 1423; baseline -0.005 -5"><span class='ocrx_word' id='word_1_188' title='bbox 253 1397 372 1419; x_wconf 88' lang='lat' dir='ltr'><strong>mentum</strong></span> <span class='ocrx_word' id='word_1_189' title='bbox 385 1390 499 1417; x_wconf 90' lang='lat' dir='ltr'><strong>edimus.</strong></span> <span class='ocrx_word' id='word_1_190' title='bbox 511 1389 645 1422; x_wconf 86' lang='lat' dir='ltr'><strong>Quoniam</strong></span> <span class='ocrx_word' id='word_1_191' title='bbox 658 1388 740 1423; x_wconf 84' lang='lat' dir='ltr'><strong>igitur</strong></span> <span class='ocrx_word' id='word_1_192' title='bbox 750 1387 787 1414; x_wconf 90' lang='lat' dir='ltr'><strong>illi</strong></span> <span class='ocrx_word' id='word_1_193' title='bbox 801 1386 953 1421; x_wconf 88' lang='lat' dir='ltr'><strong>hujusmodi</strong></span> <span class='ocrx_word' id='word_1_194' title='bbox 966 1394 1038 1421; x_wconf 70' lang='lat' dir='ltr'><strong>(prae-</strong></span> 
     </span>
    </p>
   </div>
   <div class='ocr_carea' id='block_1_31' title="bbox 252 1433 1037 1470">
    <p class='ocr_par' dir='ltr' id='par_1_31' title="bbox 252 1433 1037 1470">
     <span class='ocr_line' id='line_1_31' title="bbox 252 1433 1037 1470; baseline -0.009 -5"><span class='ocrx_word' id='word_1_195' title='bbox 252 1439 314 1465; x_wconf 88' lang='lat' dir='ltr'><strong>dam</strong></span> <span class='ocrx_word' id='word_1_196' title='bbox 334 1436 490 1470; x_wconf 79' lang='lat' dir='ltr'><strong>colligentes</strong></span> <span class='ocrx_word' id='word_1_197' title='bbox 513 1435 539 1461; x_wconf 93' lang='lat' dir='ltr'><strong>in</strong></span> <span class='ocrx_word' id='word_1_198' title='bbox 561 1435 702 1462; x_wconf 84' lang='lat' dir='ltr'><strong>adversam</strong></span> <span class='ocrx_word' id='word_1_199' title='bbox 724 1438 828 1468; x_wconf 89' lang='lat' dir='ltr'><strong>partem</strong></span> <span class='ocrx_word' id='word_1_200' title='bbox 849 1433 1037 1466; x_wconf 82' lang='lat' dir='ltr'><strong>declamitant,</strong></span> 
     </span>
    </p>
   </div>
   <div class='ocr_carea' id='block_1_32' title="bbox 251 1478 1037 1518">
    <p class='ocr_par' dir='ltr' id='par_1_32' title="bbox 251 1478 1037 1518">
     <span class='ocr_line' id='line_1_32' title="bbox 251 1478 1037 1518; baseline -0.006 -7"><span class='ocrx_word' id='word_1_201' title='bbox 251 1483 323 1518; x_wconf 87' lang='lat' dir='ltr'><strong>quod</strong></span> <span class='ocrx_word' id='word_1_202' title='bbox 334 1482 436 1510; x_wconf 87' lang='lat' dir='ltr'><strong>scilicet</strong></span> <span class='ocrx_word' id='word_1_203' title='bbox 446 1489 460 1508; x_wconf 92' lang='lat' dir='ltr'><strong>a</strong></span> <span class='ocrx_word' id='word_1_204' title='bbox 471 1480 634 1516; x_wconf 77' lang='lat' dir='ltr'><strong>virginitatis</strong></span> <span class='ocrx_word' id='word_1_205' title='bbox 645 1480 752 1514; x_wconf 82' lang='lat' dir='ltr'><strong>quidem</strong></span> <span class='ocrx_word' id='word_1_206' title='bbox 764 1479 958 1506; x_wconf 86' lang='lat' dir='ltr'><strong>certaminibus</strong></span> <span class='ocrx_word' id='word_1_207' title='bbox 967 1478 1037 1506; x_wconf 85' lang='lat' dir='ltr'><strong>vinei</strong></span> 
     </span>
    </p>
   </div>
   <div class='ocr_carea' id='block_1_33' title="bbox 251 1524 1038 1562">
    <p class='ocr_par' dir='ltr' id='par_1_33' title="bbox 251 1524 1038 1562">
     <span class='ocr_line' id='line_1_33' title="bbox 251 1524 1038 1562; baseline -0.009 -6"><span class='ocrx_word' id='word_1_208' title='bbox 251 1536 283 1556; x_wconf 87' lang='lat' dir='ltr'><strong>se</strong></span> <span class='ocrx_word' id='word_1_209' title='bbox 295 1532 375 1562; x_wconf 85' lang='lat' dir='ltr'><strong>atque</strong></span> <span class='ocrx_word' id='word_1_210' title='bbox 389 1534 404 1553; x_wconf 91' lang='lat' dir='ltr'><strong>a</strong></span> <span class='ocrx_word' id='word_1_211' title='bbox 421 1531 495 1561; x_wconf 91' lang='lat' dir='ltr'><strong>tergo</strong></span> <span class='ocrx_word' id='word_1_212' title='bbox 511 1525 626 1560; x_wconf 82' lang='lat' dir='ltr'><strong>relinqui</strong></span> <span class='ocrx_word' id='word_1_213' title='bbox 641 1524 811 1556; x_wconf 86' lang='lat' dir='ltr'><strong>erubescant,</strong></span> <span class='ocrx_word' id='word_1_214' title='bbox 826 1524 974 1559; x_wconf 85' lang='lat' dir='ltr'><strong>speciosam</strong></span> <span class='ocrx_word' id='word_1_215' title='bbox 991 1531 1038 1550; x_wconf 83' lang='lat' dir='ltr'><strong>au-</strong></span> 
     </span>
    </p>
   </div>
   <div class='ocr_carea' id='block_1_34' title="bbox 254 1571 1072 1616">
    <p class='ocr_par' dir='ltr' id='par_1_34' title="bbox 254 1571 1072 1616">
     <span class='ocr_line' id='line_1_34' title="bbox 254 1571 1072 1616; baseline -0.006 -15"><span class='ocrx_word' id='word_1_216' title='bbox 254 1580 306 1602; x_wconf 87' lang='lat' dir='ltr'><strong>tem</strong></span> <span class='ocrx_word' id='word_1_217' title='bbox 319 1573 500 1601; x_wconf 82' lang='lat' dir='ltr'><strong>defensionem</strong></span> <span class='ocrx_word' id='word_1_218' title='bbox 514 1571 635 1606; x_wconf 86' lang='lat' dir='ltr'><strong>proferre</strong></span> <span class='ocrx_word' id='word_1_219' title='bbox 647 1571 823 1603; x_wconf 82' lang='lat' dir='ltr'><strong>arbitrentur,</strong></span> <span class='ocrx_word' id='word_1_220' title='bbox 835 1577 883 1605; x_wconf 89' lang='lat' dir='ltr'><strong>per</strong></span> <span class='ocrx_word' id='word_1_221' title='bbox 895 1571 966 1605; x_wconf 83' lang='lat' dir='ltr'><strong>ipsas</strong></span> <span class='ocrx_word' id='word_1_222' title='bbox 978 1571 1038 1605; x_wconf 92' lang='lat' dir='ltr'><strong>qni-</strong></span> <span class='ocrx_word' id='word_1_223' title='bbox 1051 1587 1072 1616; x_wconf 60' lang='grc' dir='ltr'><em>ε</em></span> 
     </span>
    </p>
   </div>
   <div class='ocr_carea' id='block_1_35' title="bbox 251 1616 1036 1653">
    <p class='ocr_par' dir='ltr' id='par_1_35' title="bbox 251 1616 1036 1653">
     <span class='ocr_line' id='line_1_35' title="bbox 251 1616 1036 1653; baseline -0.005 -8"><span class='ocrx_word' id='word_1_224' title='bbox 251 1620 314 1647; x_wconf 88' lang='lat' dir='ltr'><strong>dem</strong></span> <span class='ocrx_word' id='word_1_225' title='bbox 339 1626 382 1646; x_wconf 89' lang='lat' dir='ltr'><strong>res</strong></span> <span class='ocrx_word' id='word_1_226' title='bbox 408 1623 487 1653; x_wconf 87' lang='lat' dir='ltr'><strong>atque</strong></span> <span class='ocrx_word' id='word_1_227' title='bbox 513 1618 540 1644; x_wconf 91' lang='lat' dir='ltr'><strong>in</strong></span> <span class='ocrx_word' id='word_1_228' title='bbox 565 1617 630 1650; x_wconf 84' lang='lat' dir='ltr'><strong>ipsis</strong></span> <span class='ocrx_word' id='word_1_229' title='bbox 653 1616 845 1644; x_wconf 89' lang='lat' dir='ltr'><strong>certaminibus</strong></span> <span class='ocrx_word' id='word_1_230' title='bbox 870 1616 1036 1650; x_wconf 87' lang='lat' dir='ltr'><strong>intelligent,</strong></span> 
     </span>
    </p>
   </div>
   <div class='ocr_carea' id='block_1_36' title="bbox 253 1662 1038 1700">
    <p class='ocr_par' dir='ltr' id='par_1_36' title="bbox 253 1662 1038 1700">
     <span class='ocr_line' id='line_1_36' title="bbox 253 1662 1038 1700; baseline 0 -10"><span class='ocrx_word' id='word_1_231' title='bbox 253 1670 353 1700; x_wconf 84' lang='lat' dir='ltr'><strong>quanto</strong></span> <span class='ocrx_word' id='word_1_232' title='bbox 369 1669 396 1692; x_wconf 91' lang='lat' dir='ltr'><strong>et</strong></span> <span class='ocrx_word' id='word_1_233' title='bbox 413 1664 488 1691; x_wconf 75' lang='lat' dir='ltr'><strong>uxori</strong></span> <span class='ocrx_word' id='word_1_234' title='bbox 507 1663 630 1694; x_wconf 85' lang='lat' dir='ltr'><strong>maritus,</strong></span> <span class='ocrx_word' id='word_1_235' title='bbox 646 1668 673 1690; x_wconf 89' lang='lat' dir='ltr'><strong>et</strong></span> <span class='ocrx_word' id='word_1_236' title='bbox 692 1663 789 1690; x_wconf 79' lang='lat' dir='ltr'><strong>marito</strong></span> <span class='ocrx_word' id='word_1_237' title='bbox 807 1669 884 1695; x_wconf 82' lang='lat' dir='ltr'><strong>uxor,</strong></span> <span class='ocrx_word' id='word_1_238' title='bbox 901 1667 928 1690; x_wconf 92' lang='lat' dir='ltr'><strong>et</strong></span> <span class='ocrx_word' id='word_1_239' title='bbox 946 1662 1038 1690; x_wconf 82' lang='lat' dir='ltr'><strong>uxoris</strong></span> 
     </span>
    </p>
   </div>
   <div class='ocr_carea' id='block_1_37' title="bbox 254 1708 1038 1743">
    <p class='ocr_par' dir='ltr' id='par_1_37' title="bbox 254 1708 1038 1743">
     <span class='ocr_line' id='line_1_37' title="bbox 254 1708 1038 1743; baseline -0.003 -6"><span class='ocrx_word' id='word_1_240' title='bbox 254 1719 286 1738; x_wconf 89' lang='lat' dir='ltr'><strong>ac</strong></span> <span class='ocrx_word' id='word_1_241' title='bbox 300 1711 414 1738; x_wconf 80' lang='lat' dir='ltr'><strong>filiorum</strong></span> <span class='ocrx_word' id='word_1_242' title='bbox 429 1716 493 1736; x_wconf 87' lang='lat' dir='ltr'><strong>cura</strong></span> <span class='ocrx_word' id='word_1_243' title='bbox 509 1709 541 1735; x_wconf 92' lang='lat' dir='ltr'><strong>ad</strong></span> <span class='ocrx_word' id='word_1_244' title='bbox 558 1708 671 1736; x_wconf 87' lang='lat' dir='ltr'><strong>salutem</strong></span> <span class='ocrx_word' id='word_1_245' title='bbox 688 1708 881 1743; x_wconf 83' lang='lat' dir='ltr'><strong>impedimento</strong></span> <span class='ocrx_word' id='word_1_246' title='bbox 897 1709 932 1736; x_wconf 89' lang='lat' dir='ltr'><strong>sit</strong></span> <span class='ocrx_word' id='word_1_247' title='bbox 949 1718 956 1735; x_wconf 87' lang='lat'><strong>:</strong></span> <span class='ocrx_word' id='word_1_248' title='bbox 973 1716 1038 1736; x_wconf 83' lang='lat' dir='ltr'><strong>con-</strong></span> 
     </span>
    </p>
   </div>
   <div class='ocr_carea' id='block_1_38' title="bbox 255 1754 1038 1788">
    <p class='ocr_par' dir='ltr' id='par_1_38' title="bbox 255 1754 1038 1788">
     <span class='ocr_line' id='line_1_38' title="bbox 255 1754 1038 1788; baseline -0.003 -6"><span class='ocrx_word' id='word_1_249' title='bbox 255 1757 397 1784; x_wconf 75' lang='lat' dir='ltr'><strong>vincuntur</strong></span> <span class='ocrx_word' id='word_1_250' title='bbox 412 1759 501 1782; x_wconf 89' lang='lat' dir='ltr'><strong>autem</strong></span> <span class='ocrx_word' id='word_1_251' title='bbox 519 1761 590 1781; x_wconf 90' lang='lat' dir='ltr'><strong>nunc</strong></span> <span class='ocrx_word' id='word_1_252' title='bbox 606 1761 712 1788; x_wconf 85' lang='lat' dir='ltr'><strong>quoque</strong></span> <span class='ocrx_word' id='word_1_253' title='bbox 730 1761 777 1788; x_wconf 90' lang='lat' dir='ltr'><strong>per</strong></span> <span class='ocrx_word' id='word_1_254' title='bbox 791 1761 821 1781; x_wconf 88' lang='lat' dir='ltr'><strong>ea</strong></span> <span class='ocrx_word' id='word_1_255' title='bbox 840 1755 866 1780; x_wconf 92' lang='lat' dir='ltr'><strong>in</strong></span> <span class='ocrx_word' id='word_1_256' title='bbox 883 1754 965 1781; x_wconf 90' lang='lat' dir='ltr'><strong>imam</strong></span> <span class='ocrx_word' id='word_1_257' title='bbox 983 1762 1038 1781; x_wconf 82' lang='lat' dir='ltr'><strong>ma-</strong></span> 
     </span>
    </p>
   </div>
   <div class='ocr_carea' id='block_1_39' title="bbox 255 1799 1037 1835">
    <p class='ocr_par' dir='ltr' id='par_1_39' title="bbox 255 1799 1037 1835">
     <span class='ocr_line' id='line_1_39' title="bbox 255 1799 1037 1835; baseline -0.004 -7"><span class='ocrx_word' id='word_1_258' title='bbox 255 1803 338 1829; x_wconf 89' lang='lat' dir='ltr'><strong>lorum</strong></span> <span class='ocrx_word' id='word_1_259' title='bbox 356 1800 510 1835; x_wconf 78' lang='lat' dir='ltr'><strong>voraginem</strong></span> <span class='ocrx_word' id='word_1_260' title='bbox 530 1799 645 1833; x_wconf 87' lang='lat' dir='ltr'><strong>impelli.</strong></span> <span class='ocrx_word' id='word_1_261' title='bbox 664 1806 712 1833; x_wconf 88' lang='lat' dir='ltr'><strong>per</strong></span> <span class='ocrx_word' id='word_1_262' title='bbox 729 1806 788 1833; x_wconf 65' lang='lat' dir='ltr'><strong>qua:</strong></span> <span class='ocrx_word' id='word_1_263' title='bbox 805 1799 856 1831; x_wconf 81' lang='lat' dir='ltr'><strong>ipsi</strong></span> <span class='ocrx_word' id='word_1_264' title='bbox 876 1806 919 1831; x_wconf 91' lang='lat' dir='ltr'><strong>se,</strong></span> <span class='ocrx_word' id='word_1_265' title='bbox 939 1799 1037 1833; x_wconf 87' lang='lat' dir='ltr'><strong>partim</strong></span> 
     </span>
    </p>
   </div>
   <div class='ocr_carea' id='block_1_40' title="bbox 254 1843 1038 1879">
    <p class='ocr_par' dir='ltr' id='par_1_40' title="bbox 254 1843 1038 1879">
     <span class='ocr_line' id='line_1_40' title="bbox 254 1843 1038 1879; baseline -0.005 -6"><span class='ocrx_word' id='word_1_266' title='bbox 254 1847 364 1874; x_wconf 83' lang='lat' dir='ltr'><strong>delicias</strong></span> <span class='ocrx_word' id='word_1_267' title='bbox 376 1851 403 1873; x_wconf 89' lang='lat' dir='ltr'><strong>et</strong></span> <span class='ocrx_word' id='word_1_268' title='bbox 415 1847 563 1879; x_wconf 86' lang='lat' dir='ltr'><strong>voluptates</strong></span> <span class='ocrx_word' id='word_1_269' title='bbox 577 1849 761 1878; x_wconf 74' lang='lat' dir='ltr'><strong>percepturos,</strong></span> <span class='ocrx_word' id='word_1_270' title='bbox 775 1843 856 1879; x_wconf 61' lang='lat'><strong>39‘</strong></span> <span class='ocrx_word' id='word_1_271' title='bbox 870 1844 968 1877; x_wconf 86' lang='lat' dir='ltr'><strong>partim</strong></span> <span class='ocrx_word' id='word_1_272' title='bbox 982 1850 1038 1870; x_wconf 89' lang='lat' dir='ltr'><strong>ma-</strong></span> 
     </span>
    </p>
   </div>
   <div class='ocr_carea' id='block_1_41' title="bbox 251 1888 1039 1925">
    <p class='ocr_par' dir='ltr' id='par_1_41' title="bbox 251 1888 1039 1925">
     <span class='ocr_line' id='line_1_41' title="bbox 251 1888 1039 1925; baseline -0.006 -6"><span class='ocrx_word' id='word_1_273' title='bbox 251 1891 325 1925; x_wconf 90' lang='lat' dir='ltr'><strong>jores</strong></span> <span class='ocrx_word' id='word_1_274' title='bbox 338 1897 454 1918; x_wconf 86' lang='lat' dir='ltr'><strong>coronas</strong></span> <span class='ocrx_word' id='word_1_275' title='bbox 466 1894 659 1917; x_wconf 89' lang='lat' dir='ltr'><strong>consecuturos</strong></span> <span class='ocrx_word' id='word_1_276' title='bbox 671 1895 730 1916; x_wconf 78' lang='lat' dir='ltr'><strong>esse.</strong></span> <span class='ocrx_word' id='word_1_277' title='bbox 743 1889 922 1915; x_wconf 77' lang='lat' dir='ltr'><strong>eoitlldebant.</strong></span> <span class='ocrx_word' id='word_1_278' title='bbox 937 1888 1039 1921; x_wconf 82' lang='lat' dir='ltr'><strong>Quibus</strong></span> 
     </span>
    </p>
   </div>
   <div class='ocr_carea' id='block_1_42' title="bbox 254 1933 1039 1971">
    <p class='ocr_par' dir='ltr' id='par_1_42' title="bbox 254 1933 1039 1971">
     <span class='ocr_line' id='line_1_42' title="bbox 254 1933 1039 1971; baseline -0.008 -7"><span class='ocrx_word' id='word_1_279' title='bbox 254 1938 326 1964; x_wconf 89' lang='lat' dir='ltr'><strong>enim</strong></span> <span class='ocrx_word' id='word_1_280' title='bbox 342 1934 591 1971; x_wconf 86' lang='lat' dir='ltr'><strong>perturbationibus</strong></span> <span class='ocrx_word' id='word_1_281' title='bbox 605 1941 656 1960; x_wconf 91' lang='lat' dir='ltr'><strong>non</strong></span> <span class='ocrx_word' id='word_1_282' title='bbox 670 1934 778 1961; x_wconf 76' lang='lat' dir='ltr'><strong>obnoxii</strong></span> <span class='ocrx_word' id='word_1_283' title='bbox 794 1934 873 1960; x_wconf 83' lang='lat' dir='ltr'><strong>sunt?</strong></span> <span class='ocrx_word' id='word_1_284' title='bbox 886 1933 961 1966; x_wconf 85' lang='lat' dir='ltr'><strong>Quod</strong></span> <span class='ocrx_word' id='word_1_285' title='bbox 976 1940 1039 1959; x_wconf 88' lang='lat' dir='ltr'><strong>catt-</strong></span> 
     </span>
    </p>
   </div>
   <div class='ocr_carea' id='block_1_43' title="bbox 250 1977 1038 2015">
    <p class='ocr_par' dir='ltr' id='par_1_43' title="bbox 250 1977 1038 2015">
     <span class='ocr_line' id='line_1_43' title="bbox 250 1977 1038 2015; baseline -0.004 -8"><span class='ocrx_word' id='word_1_286' title='bbox 250 1988 331 2015; x_wconf 42' lang='lat' dir='ltr'><strong>.pona:</strong></span> <span class='ocrx_word' id='word_1_287' title='bbox 343 1987 427 2014; x_wconf 80' lang='lat' dir='ltr'><strong>genus</strong></span> <span class='ocrx_word' id='word_1_288' title='bbox 442 1986 493 2005; x_wconf 90' lang='lat' dir='ltr'><strong>non</strong></span> <span class='ocrx_word' id='word_1_289' title='bbox 508 1977 642 2004; x_wconf 76' lang='lat' dir='ltr'><strong>tractant?</strong></span> <span class='ocrx_word' id='word_1_290' title='bbox 655 1978 726 2010; x_wconf 86' lang='lat' dir='ltr'><strong>Quot</strong></span> <span class='ocrx_word' id='word_1_291' title='bbox 740 1978 874 2005; x_wconf 88' lang='lat' dir='ltr'><strong>molestias</strong></span> <span class='ocrx_word' id='word_1_292' title='bbox 887 1977 1038 2012; x_wconf 84' lang='lat' dir='ltr'><strong>perferunt,</strong></span> 
     </span>
    </p>
   </div>
   <div class='ocr_carea' id='block_1_44' title="bbox 256 2022 1040 2058">
    <p class='ocr_par' dir='ltr' id='par_1_44' title="bbox 256 2022 1040 2058">
     <span class='ocr_line' id='line_1_44' title="bbox 256 2022 1040 2058; baseline -0.003 -6"><span class='ocrx_word' id='word_1_293' title='bbox 256 2033 305 2052; x_wconf 89' lang='lat' dir='ltr'><strong>nec</strong></span> <span class='ocrx_word' id='word_1_294' title='bbox 318 2032 363 2052; x_wconf 88' lang='lat' dir='ltr'><strong>eas</strong></span> <span class='ocrx_word' id='word_1_295' title='bbox 377 2023 516 2051; x_wconf 75' lang='lat' dir='ltr'><strong>sentiuat?</strong></span> <span class='ocrx_word' id='word_1_296' title='bbox 528 2022 597 2056; x_wconf 88' lang='lat' dir='ltr'><strong>Quid</strong></span> <span class='ocrx_word' id='word_1_297' title='bbox 611 2024 682 2049; x_wconf 90' lang='lat' dir='ltr'><strong>enim</strong></span> <span class='ocrx_word' id='word_1_298' title='bbox 698 2023 758 2050; x_wconf 91' lang='lat' dir='ltr'><strong>boni</strong></span> <span class='ocrx_word' id='word_1_299' title='bbox 773 2031 820 2050; x_wconf 85' lang='lat' dir='ltr'><strong>eos</strong></span> <span class='ocrx_word' id='word_1_300' title='bbox 836 2032 887 2050; x_wconf 86' lang='lat' dir='ltr'><strong>non</strong></span> <span class='ocrx_word' id='word_1_301' title='bbox 903 2023 1040 2058; x_wconf 68' lang='lat' dir='ltr'><strong>przetcrit?</strong></span> 
     </span>
    </p>
   </div>
   <div class='ocr_carea' id='block_1_45' title="bbox 256 2067 1039 2102">
    <p class='ocr_par' dir='ltr' id='par_1_45' title="bbox 256 2067 1039 2102">
     <span class='ocr_line' id='line_1_45' title="bbox 256 2067 1039 2102; baseline -0.001 -7"><span class='ocrx_word' id='word_1_302' title='bbox 256 2070 323 2102; x_wconf 85' lang='lat' dir='ltr'><strong>Quid</strong></span> <span class='ocrx_word' id='word_1_303' title='bbox 341 2074 428 2095; x_wconf 88' lang='lat' dir='ltr'><strong>:tutetn</strong></span> <span class='ocrx_word' id='word_1_304' title='bbox 445 2069 514 2102; x_wconf 74' lang='lat' dir='ltr'><strong>apud</strong></span> <span class='ocrx_word' id='word_1_305' title='bbox 530 2075 576 2094; x_wconf 88' lang='lat' dir='ltr'><strong>eus</strong></span> <span class='ocrx_word' id='word_1_306' title='bbox 593 2067 711 2100; x_wconf 78' lang='lat' dir='ltr'><strong>habitat,</strong></span> <span class='ocrx_word' id='word_1_307' title='bbox 728 2068 798 2102; x_wconf 90' lang='lat' dir='ltr'><strong>quod</strong></span> <span class='ocrx_word' id='word_1_308' title='bbox 814 2068 918 2094; x_wconf 84' lang='lat' dir='ltr'><strong>laudern</strong></span> <span class='ocrx_word' id='word_1_309' title='bbox 935 2075 1039 2095; x_wconf 84' lang='lat' dir='ltr'><strong>nterea-</strong></span> 
     </span>
    </p>
   </div>
   <div class='ocr_carea' id='block_1_46' title="bbox 257 2113 1039 2148">
    <p class='ocr_par' dir='ltr' id='par_1_46' title="bbox 257 2113 1039 2148">
     <span class='ocr_line' id='line_1_46' title="bbox 257 2113 1039 2148; baseline -0.003 -6"><span class='ocrx_word' id='word_1_310' title='bbox 257 2115 316 2142; x_wconf 86' lang='lat' dir='ltr'><strong>tur?</strong></span> <span class='ocrx_word' id='word_1_311' title='bbox 327 2113 383 2142; x_wconf 82' lang='lat' dir='ltr'><strong>Nec</strong></span> <span class='ocrx_word' id='word_1_312' title='bbox 398 2118 486 2140; x_wconf 88' lang='lat' dir='ltr'><strong>tatnen</strong></span> <span class='ocrx_word' id='word_1_313' title='bbox 502 2114 559 2140; x_wconf 77' lang='lat' dir='ltr'><strong>inec</strong></span> <span class='ocrx_word' id='word_1_314' title='bbox 573 2120 605 2140; x_wconf 89' lang='lat' dir='ltr'><strong>eo</strong></span> <span class='ocrx_word' id='word_1_315' title='bbox 619 2120 811 2145; x_wconf 86' lang='lat' dir='ltr'><strong>commemoro,</strong></span> <span class='ocrx_word' id='word_1_316' title='bbox 825 2114 896 2148; x_wconf 87' lang='lat' dir='ltr'><strong>quod</strong></span> <span class='ocrx_word' id='word_1_317' title='bbox 911 2113 980 2146; x_wconf 89' lang='lat' dir='ltr'><strong>illos,</strong></span> <span class='ocrx_word' id='word_1_318' title='bbox 994 2113 1039 2148; x_wconf 90' lang='lat' dir='ltr'><strong>qui</strong></span> 
     </span>
    </p>
   </div>
   <div class='ocr_carea' id='block_1_47' title="bbox 254 2159 1041 2194">
    <p class='ocr_par' dir='ltr' id='par_1_47' title="bbox 254 2159 1041 2194">
     <span class='ocr_line' id='line_1_47' title="bbox 254 2159 1041 2194; baseline -0.003 -6"><span class='ocrx_word' id='word_1_319' title='bbox 254 2160 413 2188; x_wconf 80' lang='lat' dir='ltr'><strong>Itonorabile</strong></span> <span class='ocrx_word' id='word_1_320' title='bbox 435 2159 599 2186; x_wconf 87' lang='lat' dir='ltr'><strong>eonnubiutn</strong></span> <span class='ocrx_word' id='word_1_321' title='bbox 625 2159 835 2194; x_wconf 88' lang='lat' dir='ltr'><strong>amplectuntur,</strong></span> <span class='ocrx_word' id='word_1_322' title='bbox 859 2159 980 2186; x_wconf 88' lang='lat' dir='ltr'><strong>abdicem</strong></span> <span class='ocrx_word' id='word_1_323' title='bbox 1009 2166 1041 2186; x_wconf 85' lang='lat' dir='ltr'><strong>ac</strong></span> 
     </span>
    </p>
   </div>
   <div class='ocr_carea' id='block_1_48' title="bbox 255 2203 1041 2240">
    <p class='ocr_par' dir='ltr' id='par_1_48' title="bbox 255 2203 1041 2240">
     <span class='ocr_line' id='line_1_48' title="bbox 255 2203 1041 2240; baseline -0.003 -8"><span class='ocrx_word' id='word_1_324' title='bbox 255 2205 420 2240; x_wconf 89' lang='lat' dir='ltr'><strong>proscribam</strong></span> <span class='ocrx_word' id='word_1_325' title='bbox 443 2203 562 2238; x_wconf 75' lang='lat' dir='ltr'><strong>(absit!)</strong></span> <span class='ocrx_word' id='word_1_326' title='bbox 580 2211 672 2230; x_wconf 88' lang='lat' dir='ltr'><strong>verum</strong></span> <span class='ocrx_word' id='word_1_327' title='bbox 693 2209 722 2230; x_wconf 90' lang='lat' dir='ltr'><strong>ut</strong></span> <span class='ocrx_word' id='word_1_328' title='bbox 742 2211 804 2235; x_wconf 80' lang='lat' dir='ltr'><strong>eos.</strong></span> <span class='ocrx_word' id='word_1_329' title='bbox 824 2204 868 2237; x_wconf 88' lang='lat' dir='ltr'><strong>qui</strong></span> <span class='ocrx_word' id='word_1_330' title='bbox 891 2203 992 2230; x_wconf 87' lang='lat' dir='ltr'><strong>lubrica</strong></span> <span class='ocrx_word' id='word_1_331' title='bbox 1013 2209 1041 2230; x_wconf 89' lang='lat' dir='ltr'><strong>et</strong></span> 
     </span>
    </p>
   </div>
   <div class='ocr_carea' id='block_1_49' title="bbox 1087 286 1880 324">
    <p class='ocr_par' dir='ltr' id='par_1_49' title="bbox 1087 286 1880 324">
     <span class='ocr_line' id='line_1_49' title="bbox 1087 286 1880 324; baseline -0.005 -8"><span class='ocrx_word' id='word_1_332' title='bbox 1087 291 1152 321; x_wconf 83' lang='grc' dir='ltr'><strong>Ταῖς</strong></span> <span class='ocrx_word' id='word_1_333' title='bbox 1168 290 1222 324; x_wconf 77' lang='grc' dir='ltr'>γὰρ</span> <span class='ocrx_word' id='word_1_334' title='bbox 1234 291 1282 324; x_wconf 79' lang='grc' dir='ltr'><strong>τῆς</strong></span> <span class='ocrx_word' id='word_1_335' title='bbox 1296 289 1417 324; x_wconf 86' lang='grc' dir='ltr'>ἀγαμίας</span> <span class='ocrx_word' id='word_1_336' title='bbox 1432 287 1581 321; x_wconf 74' lang='grc' dir='ltr'><strong>ἁγιστείαις</strong></span> <span class='ocrx_word' id='word_1_337' title='bbox 1594 286 1797 322; x_wconf 74' lang='grc' dir='ltr'>ἀφιερώσαντες</span> <span class='ocrx_word' id='word_1_338' title='bbox 1813 286 1880 313; x_wconf 80' lang='grc' dir='ltr'>ἑαυ-</span> 
     </span>
    </p>
   </div>
   <div class='ocr_carea' id='block_1_50' title="bbox 1085 331 1879 368">
    <p class='ocr_par' dir='ltr' id='par_1_50' title="bbox 1085 331 1879 368">
     <span class='ocr_line' id='line_1_50' title="bbox 1085 331 1879 368; baseline -0.003 -9"><span class='ocrx_word' id='word_1_339' title='bbox 1085 333 1149 365; x_wconf 69' lang='grc' dir='ltr'>τοῦς</span> <span class='ocrx_word' id='word_1_340' title='bbox 1159 355 1165 365; x_wconf 84' lang='grc'>,</span> <span class='ocrx_word' id='word_1_341' title='bbox 1181 333 1349 361; x_wconf 80' lang='grc' dir='ltr'><strong>ἀπέκλεισαν</strong></span> <span class='ocrx_word' id='word_1_342' title='bbox 1364 334 1397 368; x_wconf 81' lang='grc' dir='ltr'>τῇ</span> <span class='ocrx_word' id='word_1_343' title='bbox 1413 332 1519 367; x_wconf 78' lang='grc' dir='ltr'>γενέσει</span> <span class='ocrx_word' id='word_1_344' title='bbox 1534 332 1582 362; x_wconf 70' lang='grc' dir='ltr'>τὰς</span> <span class='ocrx_word' id='word_1_345' title='bbox 1604 331 1738 363; x_wconf 72' lang='grc' dir='ltr'><strong>διεξόδους</strong></span> <span class='ocrx_word' id='word_1_346' title='bbox 1749 352 1757 364; x_wconf 87' lang='grc'><em>,</em></span> <span class='ocrx_word' id='word_1_347' title='bbox 1781 331 1879 365; x_wconf 80' lang='grc' dir='ltr'>γάμων</span> 
     </span>
    </p>
   </div>
   <div class='ocr_carea' id='block_1_51' title="bbox 1086 376 1882 414">
    <p class='ocr_par' dir='ltr' id='par_1_51' title="bbox 1086 376 1882 414">
     <span class='ocr_line' id='line_1_51' title="bbox 1086 376 1882 414; baseline -0.006 -7"><span class='ocrx_word' id='word_1_348' title='bbox 1086 379 1204 414; x_wconf 81' lang='grc' dir='ltr'><strong>ἀμύητοι</strong></span> <span class='ocrx_word' id='word_1_349' title='bbox 1219 379 1361 414; x_wconf 80' lang='grc' dir='ltr'><strong>μείναντες</strong></span> <span class='ocrx_word' id='word_1_350' title='bbox 1373 398 1380 410; x_wconf 89' lang='lat'><strong>,</strong></span> <span class='ocrx_word' id='word_1_351' title='bbox 1397 379 1444 405; x_wconf 79' lang='grc' dir='ltr'>καὶ</span> <span class='ocrx_word' id='word_1_352' title='bbox 1455 379 1487 413; x_wconf 87' lang='grc' dir='ltr'>τῇ</span> <span class='ocrx_word' id='word_1_353' title='bbox 1501 377 1554 404; x_wconf 83' lang='grc' dir='ltr'>τῶν</span> <span class='ocrx_word' id='word_1_354' title='bbox 1570 376 1698 410; x_wconf 82' lang='grc' dir='ltr'><strong>ἀναγκῶν</strong></span> <span class='ocrx_word' id='word_1_355' title='bbox 1711 376 1767 411; x_wconf 85' lang='lat'><strong>(78)</strong></span> <span class='ocrx_word' id='word_1_356' title='bbox 1784 377 1882 411; x_wconf 72' lang='grc' dir='ltr'>γυμνό-</span> 
     </span>
    </p>
   </div>
   <div class='ocr_carea' id='block_1_52' title="bbox 1085 422 1877 461">
    <p class='ocr_par' dir='ltr' id='par_1_52' title="bbox 1085 422 1877 461">
     <span class='ocr_line' id='line_1_52' title="bbox 1085 422 1877 461; baseline -0.005 -9"><span class='ocrx_word' id='word_1_357' title='bbox 1085 434 1148 461; x_wconf 80' lang='grc' dir='ltr'>τητι</span> <span class='ocrx_word' id='word_1_358' title='bbox 1165 425 1232 460; x_wconf 81' lang='grc' dir='ltr'>πρὸς</span> <span class='ocrx_word' id='word_1_359' title='bbox 1250 424 1299 457; x_wconf 77' lang='grc' dir='ltr'>τὰς</span> <span class='ocrx_word' id='word_1_360' title='bbox 1320 424 1470 460; x_wconf 77' lang='grc' dir='ltr'>μεταϐολὰς</span> <span class='ocrx_word' id='word_1_361' title='bbox 1489 424 1542 450; x_wconf 83' lang='grc' dir='ltr'>τῶν</span> <span class='ocrx_word' id='word_1_362' title='bbox 1568 422 1740 458; x_wconf 76' lang='grc' dir='ltr'><strong>πραγμάτων</strong></span> <span class='ocrx_word' id='word_1_363' title='bbox 1755 431 1877 449; x_wconf 82' lang='grc' dir='ltr'>νεανιευ-</span> 
     </span>
    </p>
   </div>
   <div class='ocr_carea' id='block_1_53' title="bbox 1087 468 1882 506">
    <p class='ocr_par' dir='ltr' id='par_1_53' title="bbox 1087 468 1882 506">
     <span class='ocr_line' id='line_1_53' title="bbox 1087 468 1882 506; baseline -0.005 -8"><span class='ocrx_word' id='word_1_364' title='bbox 1087 471 1218 506; x_wconf 77' lang='grc' dir='ltr'>σάμενοι,</span> <span class='ocrx_word' id='word_1_365' title='bbox 1234 471 1424 506; x_wconf 80' lang='grc' dir='ltr'>παραπλήσιόν</span> <span class='ocrx_word' id='word_1_366' title='bbox 1443 479 1469 496; x_wconf 90' lang='grc' dir='ltr'><strong>τι</strong></span> <span class='ocrx_word' id='word_1_367' title='bbox 1491 469 1614 496; x_wconf 74' lang='grc' dir='ltr'>ποιοῦσιν</span> <span class='ocrx_word' id='word_1_368' title='bbox 1627 489 1634 501; x_wconf 90' lang='grc'><em>,</em></span> <span class='ocrx_word' id='word_1_369' title='bbox 1660 468 1816 504; x_wconf 82' lang='grc' dir='ltr'>ὡσπερανεί</span> <span class='ocrx_word' id='word_1_370' title='bbox 1840 477 1882 500; x_wconf 78' lang='grc' dir='ltr'><strong>τις</strong></span> 
     </span>
    </p>
   </div>
   <div class='ocr_carea' id='block_1_54' title="bbox 1086 511 1879 552">
    <p class='ocr_par' dir='ltr' id='par_1_54' title="bbox 1086 511 1879 552">
     <span class='ocr_line' id='line_1_54' title="bbox 1086 511 1879 552; baseline -0.004 -9"><span class='ocrx_word' id='word_1_371' title='bbox 1086 517 1230 552; x_wconf 78' lang='grc' dir='ltr'><strong>ἀσώματος</strong></span> <span class='ocrx_word' id='word_1_372' title='bbox 1252 517 1394 552; x_wconf 80' lang='grc' dir='ltr'><strong>τυγχάνων</strong></span> <span class='ocrx_word' id='word_1_373' title='bbox 1421 515 1583 551; x_wconf 77' lang='grc' dir='ltr'>ὲνηόρύνετο</span> <span class='ocrx_word' id='word_1_374' title='bbox 1607 514 1645 549; x_wconf 82' lang='grc' dir='ltr'>τῷ</span> <span class='ocrx_word' id='word_1_375' title='bbox 1663 515 1784 550; x_wconf 73' lang='grc' dir='ltr'>ἄτρωτος</span> <span class='ocrx_word' id='word_1_376' title='bbox 1801 511 1879 540; x_wconf 78' lang='grc' dir='ltr'>εἶναι.</span> 
     </span>
    </p>
   </div>
   <div class='ocr_carea' id='block_1_55' title="bbox 1086 560 1883 598">
    <p class='ocr_par' dir='ltr' id='par_1_55' title="bbox 1086 560 1883 598">
     <span class='ocr_line' id='line_1_55' title="bbox 1086 560 1883 598; baseline -0.005 -8"><span class='ocrx_word' id='word_1_377' title='bbox 1086 564 1142 590; x_wconf 71' lang='grc' dir='ltr'><strong>Καὶ</strong></span> <span class='ocrx_word' id='word_1_378' title='bbox 1158 563 1218 598; x_wconf 74' lang='grc' dir='ltr'>’γὰρ</span> <span class='ocrx_word' id='word_1_379' title='bbox 1242 563 1288 590; x_wconf 71' lang='grc' dir='ltr'><strong>καὶ</strong></span> <span class='ocrx_word' id='word_1_380' title='bbox 1306 563 1382 590; x_wconf 76' lang='grc' dir='ltr'>αὐτοὶ</span> <span class='ocrx_word' id='word_1_381' title='bbox 1399 563 1448 594; x_wconf 78' lang='grc' dir='ltr'>τὰς</span> <span class='ocrx_word' id='word_1_382' title='bbox 1464 562 1637 597; x_wconf 71' lang='grc' dir='ltr'><strong>παραλόγους</strong></span> <span class='ocrx_word' id='word_1_383' title='bbox 1655 561 1708 587; x_wconf 81' lang='grc' dir='ltr'>τῶν</span> <span class='ocrx_word' id='word_1_384' title='bbox 1726 560 1883 596; x_wconf 78' lang='grc' dir='ltr'>ἀϐουλήτων</span> 
     </span>
    </p>
   </div>
   <div class='ocr_carea' id='block_1_56' title="bbox 1086 607 1881 644">
    <p class='ocr_par' dir='ltr' id='par_1_56' title="bbox 1086 607 1881 644">
     <span class='ocr_line' id='line_1_56' title="bbox 1086 607 1881 644; baseline -0.005 -8"><span class='ocrx_word' id='word_1_385' title='bbox 1086 609 1198 644; x_wconf 64' lang='grc' dir='ltr'>ἐφόδους</span> <span class='ocrx_word' id='word_1_386' title='bbox 1215 609 1353 641; x_wconf 78' lang='grc' dir='ltr'>δείσαντες</span> <span class='ocrx_word' id='word_1_387' title='bbox 1364 629 1372 641; x_wconf 95' lang='lat'><strong>,</strong></span> <span class='ocrx_word' id='word_1_388' title='bbox 1389 609 1435 636; x_wconf 76' lang='grc' dir='ltr'>τὸν</span> <span class='ocrx_word' id='word_1_389' title='bbox 1448 609 1496 643; x_wconf 82' lang='grc' dir='ltr'>τῆς</span> <span class='ocrx_word' id='word_1_390' title='bbox 1513 607 1688 641; x_wconf 78' lang='grc' dir='ltr'>παιδογονίας</span> <span class='ocrx_word' id='word_1_391' title='bbox 1705 607 1806 641; x_wconf 73' lang='grc' dir='ltr'>θεσμὸν</span> <span class='ocrx_word' id='word_1_392' title='bbox 1822 607 1881 641; x_wconf 60' lang='grc' dir='ltr'>ὴτίε</span> 
     </span>
    </p>
   </div>
   <div class='ocr_carea' id='block_1_57' title="bbox 1089 652 1882 691">
    <p class='ocr_par' dir='ltr' id='par_1_57' title="bbox 1089 652 1882 691">
     <span class='ocr_line' id='line_1_57' title="bbox 1089 652 1882 691; baseline -0.008 -8"><span class='ocrx_word' id='word_1_393' title='bbox 1089 664 1188 691; x_wconf 83' lang='grc' dir='ltr'>μασαν,</span> <span class='ocrx_word' id='word_1_394' title='bbox 1213 656 1326 690; x_wconf 70' lang='grc' dir='ltr'>ἀτεκνίᾳ</span> <span class='ocrx_word' id='word_1_395' title='bbox 1345 656 1458 686; x_wconf 77' lang='grc' dir='ltr'>ἑαυτοὺς</span> <span class='ocrx_word' id='word_1_396' title='bbox 1475 654 1543 690; x_wconf 74' lang='grc' dir='ltr'>πρὸς</span> <span class='ocrx_word' id='word_1_397' title='bbox 1569 654 1618 685; x_wconf 77' lang='grc' dir='ltr'>τὰς</span> <span class='ocrx_word' id='word_1_398' title='bbox 1644 652 1796 688; x_wconf 74' lang='grc' dir='ltr'>μεταϐολὰς</span> <span class='ocrx_word' id='word_1_399' title='bbox 1819 653 1882 687; x_wconf 60' lang='lat' dir='ltr'><strong>dlu-</strong></span> 
     </span>
    </p>
   </div>
   <div class='ocr_carea' id='block_1_58' title="bbox 1089 699 1882 737">
    <p class='ocr_par' dir='ltr' id='par_1_58' title="bbox 1089 699 1882 737">
     <span class='ocr_line' id='line_1_58' title="bbox 1089 699 1882 737; baseline -0.005 -9"><span class='ocrx_word' id='word_1_400' title='bbox 1089 702 1242 737; x_wconf 84' lang='grc' dir='ltr'>ρὼσαντες,</span> <span class='ocrx_word' id='word_1_401' title='bbox 1259 702 1306 728; x_wconf 81' lang='grc' dir='ltr'>καὶ</span> <span class='ocrx_word' id='word_1_402' title='bbox 1326 701 1356 727; x_wconf 82' lang='grc' dir='ltr'>τὺ</span> <span class='ocrx_word' id='word_1_403' title='bbox 1372 701 1509 728; x_wconf 79' lang='grc' dir='ltr'><strong>ἀνάλωτον</strong></span> <span class='ocrx_word' id='word_1_404' title='bbox 1524 700 1567 726; x_wconf 80' lang='grc' dir='ltr'><strong>διὰ</strong></span> <span class='ocrx_word' id='word_1_405' title='bbox 1583 699 1686 734; x_wconf 81' lang='grc' dir='ltr'>ταύτης</span> <span class='ocrx_word' id='word_1_406' title='bbox 1703 707 1882 734; x_wconf 69' lang='grc' dir='ltr'>πραγματευο</span> 
     </span>
    </p>
   </div>
   <div class='ocr_carea' id='block_1_59' title="bbox 1089 745 1882 783">
    <p class='ocr_par' dir='ltr' id='par_1_59' title="bbox 1089 745 1882 783">
     <span class='ocr_line' id='line_1_59' title="bbox 1089 745 1882 783; baseline -0.005 -9"><span class='ocrx_word' id='word_1_407' title='bbox 1089 748 1212 783; x_wconf 70' lang='grc' dir='ltr'>σάμενοι.</span> <span class='ocrx_word' id='word_1_408' title='bbox 1235 748 1331 782; x_wconf 80' lang='grc' dir='ltr'>Ἡμεῖς</span> <span class='ocrx_word' id='word_1_409' title='bbox 1350 747 1377 773; x_wconf 76' lang='grc' dir='ltr'>δὲ</span> <span class='ocrx_word' id='word_1_410' title='bbox 1399 748 1460 779; x_wconf 81' lang='grc' dir='ltr'>ταῖς</span> <span class='ocrx_word' id='word_1_411' title='bbox 1477 746 1526 781; x_wconf 76' lang='grc' dir='ltr'>τῆς</span> <span class='ocrx_word' id='word_1_412' title='bbox 1546 745 1697 781; x_wconf 75' lang='grc' dir='ltr'>μεταϐολῆς</span> <span class='ocrx_word' id='word_1_413' title='bbox 1716 745 1882 781; x_wconf 72' lang='grc' dir='ltr'><strong>παραλόγοις</strong></span> 
     </span>
    </p>
   </div>
   <div class='ocr_carea' id='block_1_60' title="bbox 1088 791 1883 830">
    <p class='ocr_par' dir='ltr' id='par_1_60' title="bbox 1088 791 1883 830">
     <span class='ocr_line' id='line_1_60' title="bbox 1088 791 1883 830; baseline -0.004 -10"><span class='ocrx_word' id='word_1_414' title='bbox 1088 796 1184 830; x_wconf 79' lang='grc' dir='ltr'>ῥοπαῖς</span> <span class='ocrx_word' id='word_1_415' title='bbox 1202 794 1369 830; x_wconf 78' lang='grc' dir='ltr'><strong>παραδόντες</strong></span> <span class='ocrx_word' id='word_1_416' title='bbox 1384 794 1508 826; x_wconf 72' lang='grc' dir='ltr'>ἑαυτοὺς,</span> <span class='ocrx_word' id='word_1_417' title='bbox 1523 793 1570 819; x_wconf 70' lang='grc' dir='ltr'>καὶ</span> <span class='ocrx_word' id='word_1_418' title='bbox 1584 793 1614 818; x_wconf 83' lang='grc' dir='ltr'>οὺ</span> <span class='ocrx_word' id='word_1_419' title='bbox 1628 791 1715 827; x_wconf 67' lang='grc' dir='ltr'>ψιλῶν</span> <span class='ocrx_word' id='word_1_420' title='bbox 1724 791 1801 825; x_wconf 79' lang='grc' dir='ltr'>τάξιν</span> <span class='ocrx_word' id='word_1_421' title='bbox 1816 791 1883 826; x_wconf 62' lang='grc' dir='ltr'>πρδς</span> 
     </span>
    </p>
   </div>
   <div class='ocr_carea' id='block_1_61' title="bbox 1088 837 1883 875">
    <p class='ocr_par' dir='ltr' id='par_1_61' title="bbox 1088 837 1883 875">
     <span class='ocr_line' id='line_1_61' title="bbox 1088 837 1883 875; baseline -0.006 -8"><span class='ocrx_word' id='word_1_422' title='bbox 1088 841 1173 875; x_wconf 81' lang='grc' dir='ltr'>αὐτὴν</span> <span class='ocrx_word' id='word_1_423' title='bbox 1197 840 1326 874; x_wconf 80' lang='grc' dir='ltr'>ταγέντες</span> <span class='ocrx_word' id='word_1_424' title='bbox 1338 860 1345 871; x_wconf 96' lang='lat'><strong>,</strong></span> <span class='ocrx_word' id='word_1_425' title='bbox 1364 839 1416 872; x_wconf 77' lang='grc' dir='ltr'>ἔξω</span> <span class='ocrx_word' id='word_1_426' title='bbox 1439 840 1487 874; x_wconf 72' lang='grc' dir='ltr'><strong>τῆς</strong></span> <span class='ocrx_word' id='word_1_427' title='bbox 1503 838 1642 873; x_wconf 73' lang='grc' dir='ltr'><strong>φάλαγγος</strong></span> <span class='ocrx_word' id='word_1_428' title='bbox 1665 837 1796 872; x_wconf 78' lang='grc' dir='ltr'>ἔστημεν,</span> <span class='ocrx_word' id='word_1_429' title='bbox 1815 837 1883 864; x_wconf 82' lang='grc' dir='ltr'><strong>ἀλλά</strong></span> 
     </span>
    </p>
   </div>
   <div class='ocr_carea' id='block_1_62' title="bbox 1087 883 1883 921">
    <p class='ocr_par' dir='ltr' id='par_1_62' title="bbox 1087 883 1883 921">
     <span class='ocr_line' id='line_1_62' title="bbox 1087 883 1883 921; baseline -0.005 -8"><span class='ocrx_word' id='word_1_430' title='bbox 1087 888 1144 918; x_wconf 85' lang='grc' dir='ltr'>τοῖς</span> <span class='ocrx_word' id='word_1_431' title='bbox 1173 887 1278 921; x_wconf 83' lang='grc' dir='ltr'><strong>βέλεσιν</strong></span> <span class='ocrx_word' id='word_1_432' title='bbox 1302 886 1393 917; x_wconf 81' lang='grc' dir='ltr'>αὐτοῖς</span> <span class='ocrx_word' id='word_1_433' title='bbox 1418 885 1563 916; x_wconf 82' lang='grc' dir='ltr'>ὑποθέντες</span> <span class='ocrx_word' id='word_1_434' title='bbox 1587 884 1636 920; x_wconf 80' lang='grc' dir='ltr'>τὴν</span> <span class='ocrx_word' id='word_1_435' title='bbox 1661 883 1809 914; x_wconf 74' lang='grc' dir='ltr'>πολιτείαν,</span> <span class='ocrx_word' id='word_1_436' title='bbox 1836 883 1883 909; x_wconf 69' lang='grc' dir='ltr'><strong>καὶ</strong></span> 
     </span>
    </p>
   </div>
   <div class='ocr_carea' id='block_1_63' title="bbox 1088 929 1882 967">
    <p class='ocr_par' dir='ltr' id='par_1_63' title="bbox 1088 929 1882 967">
     <span class='ocr_line' id='line_1_63' title="bbox 1088 929 1882 967; baseline -0.005 -9"><span class='ocrx_word' id='word_1_437' title='bbox 1088 932 1220 966; x_wconf 73' lang='grc' dir='ltr'>ἀφθονίαν</span> <span class='ocrx_word' id='word_1_438' title='bbox 1237 931 1424 967; x_wconf 79' lang='grc' dir='ltr'><strong>παρασχόντες</strong></span> <span class='ocrx_word' id='word_1_439' title='bbox 1435 931 1475 961; x_wconf 85' lang='grc' dir='ltr'><strong>είς</strong></span> <span class='ocrx_word' id='word_1_440' title='bbox 1489 929 1506 957; x_wconf 75' lang='grc' dir='ltr'>ἃ</span> <span class='ocrx_word' id='word_1_441' title='bbox 1522 929 1658 965; x_wconf 73' lang='grc' dir='ltr'>βούλοιντο</span> <span class='ocrx_word' id='word_1_442' title='bbox 1672 929 1800 964; x_wconf 76' lang='grc' dir='ltr'>πλήττειν</span> <span class='ocrx_word' id='word_1_443' title='bbox 1814 929 1882 963; x_wconf 79' lang='lat'><strong>(79),</strong></span> 
     </span>
    </p>
   </div>
   <div class='ocr_carea' id='block_1_64' title="bbox 1087 974 1883 1013">
    <p class='ocr_par' dir='ltr' id='par_1_64' title="bbox 1087 974 1883 1013">
     <span class='ocr_line' id='line_1_64' title="bbox 1087 974 1883 1013; baseline -0.006 -9"><span class='ocrx_word' id='word_1_444' title='bbox 1087 978 1155 1013; x_wconf 71' lang='grc' dir='ltr'>πρὸς</span> <span class='ocrx_word' id='word_1_445' title='bbox 1179 977 1287 1013; x_wconf 74' lang='grc' dir='ltr'>ἐκείνην</span> <span class='ocrx_word' id='word_1_446' title='bbox 1309 975 1502 1012; x_wconf 76' lang='grc' dir='ltr'>ὲφραξάμεθα,</span> <span class='ocrx_word' id='word_1_447' title='bbox 1525 976 1564 1006; x_wconf 80' lang='grc' dir='ltr'><strong>ὡς</strong></span> <span class='ocrx_word' id='word_1_448' title='bbox 1582 975 1629 1001; x_wconf 79' lang='grc' dir='ltr'><strong>καὶ</strong></span> <span class='ocrx_word' id='word_1_449' title='bbox 1647 974 1883 1009; x_wconf 74' lang='grc' dir='ltr'><strong>τιτρωσκομένους</strong></span> 
     </span>
    </p>
   </div>
   <div class='ocr_carea' id='block_1_65' title="bbox 1088 1019 1878 1058">
    <p class='ocr_par' dir='ltr' id='par_1_65' title="bbox 1088 1019 1878 1058">
     <span class='ocr_line' id='line_1_65' title="bbox 1088 1019 1878 1058; baseline -0.006 -8"><span class='ocrx_word' id='word_1_450' title='bbox 1088 1023 1125 1058; x_wconf 83' lang='grc' dir='ltr'><strong>μὴ</strong></span> <span class='ocrx_word' id='word_1_451' title='bbox 1142 1023 1305 1058; x_wconf 78' lang='grc' dir='ltr'><strong>πλήττεσθαι</strong></span> <span class='ocrx_word' id='word_1_452' title='bbox 1316 1042 1323 1055; x_wconf 87' lang='grc'><em>,</em></span> <span class='ocrx_word' id='word_1_453' title='bbox 1340 1023 1386 1049; x_wconf 72' lang='grc' dir='ltr'>καὶ</span> <span class='ocrx_word' id='word_1_454' title='bbox 1403 1021 1559 1057; x_wconf 77' lang='grc' dir='ltr'>βληθέντας,</span> <span class='ocrx_word' id='word_1_455' title='bbox 1575 1021 1695 1055; x_wconf 77' lang='grc' dir='ltr'>ἄκεντρα</span> <span class='ocrx_word' id='word_1_456' title='bbox 1711 1019 1878 1052; x_wconf 69' lang='grc' dir='ltr'>τοξεὺεσθαι.</span> 
     </span>
    </p>
   </div>
   <div class='ocr_carea' id='block_1_66' title="bbox 1087 1065 1880 1103">
    <p class='ocr_par' dir='ltr' id='par_1_66' title="bbox 1087 1065 1880 1103">
     <span class='ocr_line' id='line_1_66' title="bbox 1087 1065 1880 1103; baseline -0.005 -8"><span class='ocrx_word' id='word_1_457' title='bbox 1087 1069 1134 1095; x_wconf 76' lang='grc' dir='ltr'><strong>καὶ</strong></span> <span class='ocrx_word' id='word_1_458' title='bbox 1147 1069 1176 1094; x_wconf 85' lang='grc' dir='ltr'>ὲν</span> <span class='ocrx_word' id='word_1_459' title='bbox 1191 1069 1224 1103; x_wconf 85' lang='grc' dir='ltr'>τῇ</span> <span class='ocrx_word' id='word_1_460' title='bbox 1245 1067 1300 1094; x_wconf 84' lang='grc' dir='ltr'>τῶν</span> <span class='ocrx_word' id='word_1_461' title='bbox 1315 1067 1452 1095; x_wconf 81' lang='grc' dir='ltr'><strong>δυσκόλων</strong></span> <span class='ocrx_word' id='word_1_462' title='bbox 1469 1067 1552 1102; x_wconf 76' lang='grc' dir='ltr'>πείρᾳ</span> <span class='ocrx_word' id='word_1_463' title='bbox 1567 1067 1596 1093; x_wconf 84' lang='grc' dir='ltr'>τὺ</span> <span class='ocrx_word' id='word_1_464' title='bbox 1611 1066 1700 1101; x_wconf 84' lang='grc' dir='ltr'>δόγμα</span> <span class='ocrx_word' id='word_1_465' title='bbox 1718 1065 1880 1101; x_wconf 81' lang='grc' dir='ltr'>βεϐαιούμε-</span> 
     </span>
    </p>
   </div>
   <div class='ocr_carea' id='block_1_67' title="bbox 1087 1111 1880 1148">
    <p class='ocr_par' dir='ltr' id='par_1_67' title="bbox 1087 1111 1880 1148">
     <span class='ocr_line' id='line_1_67' title="bbox 1087 1111 1880 1148; baseline -0.004 -8"><span class='ocrx_word' id='word_1_466' title='bbox 1087 1123 1138 1145; x_wconf 90' lang='grc' dir='ltr'>νοι,</span> <span class='ocrx_word' id='word_1_467' title='bbox 1159 1113 1197 1144; x_wconf 85' lang='grc' dir='ltr'>ὼς</span> <span class='ocrx_word' id='word_1_468' title='bbox 1218 1113 1302 1148; x_wconf 82' lang='grc' dir='ltr'>ἀρετὴ</span> <span class='ocrx_word' id='word_1_469' title='bbox 1319 1112 1375 1148; x_wconf 87' lang='grc'><strong>(80)</strong></span> <span class='ocrx_word' id='word_1_470' title='bbox 1394 1112 1545 1148; x_wconf 72' lang='grc' dir='ltr'>μεταϐολῆς</span> <span class='ocrx_word' id='word_1_471' title='bbox 1560 1112 1717 1143; x_wconf 81' lang='grc' dir='ltr'>ἀδέσποτος,</span> <span class='ocrx_word' id='word_1_472' title='bbox 1733 1111 1782 1146; x_wconf 82' lang='grc' dir='ltr'>τὴν</span> <span class='ocrx_word' id='word_1_473' title='bbox 1798 1112 1880 1146; x_wconf 84' lang='grc' dir='ltr'>ἀκρι-</span> 
     </span>
    </p>
   </div>
   <div class='ocr_carea' id='block_1_68' title="bbox 1087 1156 1884 1194">
    <p class='ocr_par' dir='ltr' id='par_1_68' title="bbox 1087 1156 1884 1194">
     <span class='ocr_line' id='line_1_68' title="bbox 1087 1156 1884 1194; baseline -0.004 -9"><span class='ocrx_word' id='word_1_474' title='bbox 1087 1159 1222 1193; x_wconf 78' lang='grc' dir='ltr'>ϐεστάτην</span> <span class='ocrx_word' id='word_1_475' title='bbox 1235 1156 1389 1194; x_wconf 74' lang='grc' dir='ltr'>ἐκφέρομεν</span> <span class='ocrx_word' id='word_1_476' title='bbox 1411 1158 1538 1193; x_wconf 77' lang='grc' dir='ltr'>βάσανον.</span> <span class='ocrx_word' id='word_1_477' title='bbox 1568 1157 1644 1184; x_wconf 75' lang='grc' dir='ltr'>Ἐπεὶ</span> <span class='ocrx_word' id='word_1_478' title='bbox 1660 1156 1750 1183; x_wconf 79' lang='grc' dir='ltr'>τοίνυν</span> <span class='ocrx_word' id='word_1_479' title='bbox 1771 1156 1884 1183; x_wconf 73' lang='grc' dir='ltr'>τοιαῦτά</span> 
     </span>
    </p>
   </div>
   <div class='ocr_carea' id='block_1_69' title="bbox 1088 1201 1882 1238">
    <p class='ocr_par' dir='ltr' id='par_1_69' title="bbox 1088 1201 1882 1238">
     <span class='ocr_line' id='line_1_69' title="bbox 1088 1201 1882 1238; baseline -0.005 -8"><span class='ocrx_word' id='word_1_480' title='bbox 1088 1212 1150 1230; x_wconf 84' lang='grc' dir='ltr'>τινα</span> <span class='ocrx_word' id='word_1_481' title='bbox 1177 1203 1348 1238; x_wconf 83' lang='grc' dir='ltr'>συνείροντες</span> <span class='ocrx_word' id='word_1_482' title='bbox 1382 1201 1659 1238; x_wconf 77' lang='grc' dir='ltr'>καταρητορεύουσιν,</span> <span class='ocrx_word' id='word_1_483' title='bbox 1691 1202 1882 1236; x_wconf 77' lang='grc' dir='ltr'>αἰσχυνόμενοι</span> 
     </span>
    </p>
   </div>
   <div class='ocr_carea' id='block_1_70' title="bbox 1090 1248 1884 1287">
    <p class='ocr_par' dir='ltr' id='par_1_70' title="bbox 1090 1248 1884 1287">
     <span class='ocr_line' id='line_1_70' title="bbox 1090 1248 1884 1287; baseline -0.005 -10"><span class='ocrx_word' id='word_1_484' title='bbox 1090 1251 1139 1287; x_wconf 84' lang='grc' dir='ltr'>μὲν</span> <span class='ocrx_word' id='word_1_485' title='bbox 1159 1250 1205 1276; x_wconf 74' lang='grc' dir='ltr'><strong>ἐπὶ</strong></span> <span class='ocrx_word' id='word_1_486' title='bbox 1222 1249 1262 1285; x_wconf 91' lang='grc' dir='ltr'>τῷ</span> <span class='ocrx_word' id='word_1_487' title='bbox 1285 1249 1478 1284; x_wconf 80' lang='grc' dir='ltr'>ἀπολελεῖφθαι</span> <span class='ocrx_word' id='word_1_488' title='bbox 1492 1249 1546 1275; x_wconf 87' lang='grc' dir='ltr'><strong>τῶν</strong></span> <span class='ocrx_word' id='word_1_489' title='bbox 1561 1250 1610 1285; x_wconf 84' lang='grc' dir='ltr'>τῆς</span> <span class='ocrx_word' id='word_1_490' title='bbox 1624 1249 1772 1285; x_wconf 76' lang='grc' dir='ltr'>παρθενίας</span> <span class='ocrx_word' id='word_1_491' title='bbox 1786 1248 1884 1279; x_wconf 82' lang='grc' dir='ltr'>ἄθλων,</span> 
     </span>
    </p>
   </div>
   <div class='ocr_carea' id='block_1_71' title="bbox 1088 1294 1884 1333">
    <p class='ocr_par' dir='ltr' id='par_1_71' title="bbox 1088 1294 1884 1333">
     <span class='ocr_line' id='line_1_71' title="bbox 1088 1294 1884 1333; baseline -0.005 -9"><span class='ocrx_word' id='word_1_492' title='bbox 1088 1297 1266 1333; x_wconf 81' lang='grc' dir='ltr'>εὐπρόσωπον</span> <span class='ocrx_word' id='word_1_493' title='bbox 1281 1296 1309 1323; x_wconf 73' lang='grc' dir='ltr'>δὲ</span> <span class='ocrx_word' id='word_1_494' title='bbox 1325 1296 1468 1328; x_wconf 83' lang='grc' dir='ltr'>δοκοῦντες</span> <span class='ocrx_word' id='word_1_495' title='bbox 1491 1296 1640 1330; x_wconf 80' lang='grc' dir='ltr'>ἀπολογίαν</span> <span class='ocrx_word' id='word_1_496' title='bbox 1665 1294 1866 1330; x_wconf 73' lang='grc' dir='ltr'>προϐάλλεσθαι</span> <span class='ocrx_word' id='word_1_497' title='bbox 1877 1316 1884 1325; x_wconf 83' lang='grc'><em>,</em></span> 
     </span>
    </p>
   </div>
   <div class='ocr_carea' id='block_1_72' title="bbox 1088 1341 1885 1378">
    <p class='ocr_par' dir='ltr' id='par_1_72' title="bbox 1088 1341 1885 1378">
     <span class='ocr_line' id='line_1_72' title="bbox 1088 1341 1885 1378; baseline -0.004 -8"><span class='ocrx_word' id='word_1_498' title='bbox 1088 1344 1207 1370; x_wconf 75' lang='grc' dir='ltr'>εἴσονται</span> <span class='ocrx_word' id='word_1_499' title='bbox 1226 1343 1275 1378; x_wconf 85' lang='grc' dir='ltr'><strong>μὲν</strong></span> <span class='ocrx_word' id='word_1_500' title='bbox 1288 1342 1331 1369; x_wconf 80' lang='grc' dir='ltr'><strong>διά</strong></span> <span class='ocrx_word' id='word_1_501' title='bbox 1355 1343 1410 1369; x_wconf 85' lang='grc' dir='ltr'>τῶν</span> <span class='ocrx_word' id='word_1_502' title='bbox 1423 1342 1595 1378; x_wconf 79' lang='grc' dir='ltr'>πραγμάτων</span> <span class='ocrx_word' id='word_1_503' title='bbox 1615 1343 1662 1369; x_wconf 73' lang='grc' dir='ltr'><strong>ἐπὶ</strong></span> <span class='ocrx_word' id='word_1_504' title='bbox 1676 1342 1731 1368; x_wconf 86' lang='grc' dir='ltr'>τῶν</span> <span class='ocrx_word' id='word_1_505' title='bbox 1747 1341 1885 1373; x_wconf 70' lang='grc' dir='ltr'>ἐπάθλων,</span> 
     </span>
    </p>
   </div>
   <div class='ocr_carea' id='block_1_73' title="bbox 1089 1388 1884 1425">
    <p class='ocr_par' dir='ltr' id='par_1_73' title="bbox 1089 1388 1884 1425">
     <span class='ocr_line' id='line_1_73' title="bbox 1089 1388 1884 1425; baseline -0.003 -9"><span class='ocrx_word' id='word_1_506' title='bbox 1089 1390 1152 1416; x_wconf 74' lang='grc' dir='ltr'>ὅσον</span> <span class='ocrx_word' id='word_1_507' title='bbox 1165 1389 1277 1424; x_wconf 75' lang='grc' dir='ltr'>γυναικὶ</span> <span class='ocrx_word' id='word_1_508' title='bbox 1295 1389 1345 1424; x_wconf 83' lang='grc' dir='ltr'><strong>μὲν</strong></span> <span class='ocrx_word' id='word_1_509' title='bbox 1360 1389 1440 1424; x_wconf 78' lang='grc' dir='ltr'>ἀνὴρ,</span> <span class='ocrx_word' id='word_1_510' title='bbox 1456 1389 1533 1425; x_wconf 79' lang='grc' dir='ltr'>ἀνδρὶ</span> <span class='ocrx_word' id='word_1_511' title='bbox 1549 1388 1577 1415; x_wconf 81' lang='grc' dir='ltr'>δὲ</span> <span class='ocrx_word' id='word_1_512' title='bbox 1592 1388 1671 1423; x_wconf 81' lang='grc' dir='ltr'>γυνὴ,</span> <span class='ocrx_word' id='word_1_513' title='bbox 1689 1388 1737 1414; x_wconf 80' lang='grc' dir='ltr'><strong>καὶ</strong></span> <span class='ocrx_word' id='word_1_514' title='bbox 1751 1388 1884 1422; x_wconf 58' lang='grc' dir='ltr'>γυναικὸς</span> 
     </span>
    </p>
   </div>
   <div class='ocr_carea' id='block_1_74' title="bbox 1089 1434 1882 1471">
    <p class='ocr_par' dir='ltr' id='par_1_74' title="bbox 1089 1434 1882 1471">
     <span class='ocr_line' id='line_1_74' title="bbox 1089 1434 1882 1471; baseline -0.004 -9"><span class='ocrx_word' id='word_1_515' title='bbox 1089 1437 1136 1462; x_wconf 70' lang='grc' dir='ltr'>καὶ</span> <span class='ocrx_word' id='word_1_516' title='bbox 1153 1435 1257 1462; x_wconf 81' lang='grc' dir='ltr'>παίδων</span> <span class='ocrx_word' id='word_1_517' title='bbox 1270 1434 1409 1470; x_wconf 77' lang='grc' dir='ltr'>φροντίδες</span> <span class='ocrx_word' id='word_1_518' title='bbox 1422 1435 1550 1469; x_wconf 74' lang='grc' dir='ltr'>ἐμπόδιόν</span> <span class='ocrx_word' id='word_1_519' title='bbox 1564 1434 1622 1462; x_wconf 71' lang='grc' dir='ltr'>ἐστι</span> <span class='ocrx_word' id='word_1_520' title='bbox 1636 1434 1705 1471; x_wconf 75' lang='grc' dir='ltr'>πρὸς</span> <span class='ocrx_word' id='word_1_521' title='bbox 1734 1434 1882 1469; x_wconf 76' lang='grc' dir='ltr'>σωτηρίαν·</span> 
     </span>
    </p>
   </div>
   <div class='ocr_carea' id='block_1_75' title="bbox 1089 1481 1881 1518">
    <p class='ocr_par' dir='ltr' id='par_1_75' title="bbox 1089 1481 1881 1518">
     <span class='ocr_line' id='line_1_75' title="bbox 1089 1481 1881 1518; baseline -0.003 -9"><span class='ocrx_word' id='word_1_522' title='bbox 1089 1483 1244 1518; x_wconf 75' lang='grc' dir='ltr'>ἐλέγχονται</span> <span class='ocrx_word' id='word_1_523' title='bbox 1259 1483 1287 1509; x_wconf 81' lang='grc' dir='ltr'>δὲ</span> <span class='ocrx_word' id='word_1_524' title='bbox 1303 1483 1349 1509; x_wconf 71' lang='grc' dir='ltr'>καὶ</span> <span class='ocrx_word' id='word_1_525' title='bbox 1364 1482 1411 1509; x_wconf 76' lang='grc' dir='ltr'><strong>νῦν</strong></span> <span class='ocrx_word' id='word_1_526' title='bbox 1430 1483 1470 1514; x_wconf 76' lang='grc' dir='ltr'><strong>εἰς</strong></span> <span class='ocrx_word' id='word_1_527' title='bbox 1486 1483 1539 1509; x_wconf 81' lang='grc' dir='ltr'>τῶν</span> <span class='ocrx_word' id='word_1_528' title='bbox 1556 1482 1649 1509; x_wconf 82' lang='grc' dir='ltr'><strong>κακῶν</strong></span> <span class='ocrx_word' id='word_1_529' title='bbox 1666 1482 1722 1516; x_wconf 81' lang='grc'>(81)</span> <span class='ocrx_word' id='word_1_530' title='bbox 1740 1481 1881 1516; x_wconf 71' lang='grc' dir='ltr'>πυθμένα,</span> 
     </span>
    </p>
   </div>
   <div class='ocr_carea' id='block_1_76' title="bbox 1089 1526 1884 1563">
    <p class='ocr_par' dir='ltr' id='par_1_76' title="bbox 1089 1526 1884 1563">
     <span class='ocr_line' id='line_1_76' title="bbox 1089 1526 1884 1563; baseline -0.003 -9"><span class='ocrx_word' id='word_1_531' title='bbox 1089 1528 1133 1555; x_wconf 71' lang='grc' dir='ltr'>διὰ</span> <span class='ocrx_word' id='word_1_532' title='bbox 1150 1527 1237 1554; x_wconf 81' lang='grc' dir='ltr'>ταῦτα</span> <span class='ocrx_word' id='word_1_533' title='bbox 1251 1527 1495 1563; x_wconf 82' lang='grc' dir='ltr'>συνελαυνόμενοι,</span> <span class='ocrx_word' id='word_1_534' title='bbox 1510 1527 1544 1554; x_wconf 81' lang='grc' dir='ltr'>δι’</span> <span class='ocrx_word' id='word_1_535' title='bbox 1560 1528 1578 1554; x_wconf 85' lang='grc' dir='ltr'><strong>ἀ</strong></span> <span class='ocrx_word' id='word_1_536' title='bbox 1593 1527 1641 1554; x_wconf 75' lang='grc' dir='ltr'>καὶ</span> <span class='ocrx_word' id='word_1_537' title='bbox 1662 1528 1686 1553; x_wconf 84' lang='grc' dir='ltr'><strong>σί</strong></span> <span class='ocrx_word' id='word_1_538' title='bbox 1705 1527 1755 1562; x_wconf 81' lang='grc' dir='ltr'>μὲν</span> <span class='ocrx_word' id='word_1_539' title='bbox 1779 1526 1884 1562; x_wconf 67' lang='grc' dir='ltr'>τρυφῆς</span> 
     </span>
    </p>
   </div>
   <div class='ocr_carea' id='block_1_77' title="bbox 1090 1573 1883 1609">
    <p class='ocr_par' dir='ltr' id='par_1_77' title="bbox 1090 1573 1883 1609">
     <span class='ocr_line' id='line_1_77' title="bbox 1090 1573 1883 1609; baseline -0.001 -10"><span class='ocrx_word' id='word_1_540' title='bbox 1090 1574 1136 1600; x_wconf 76' lang='grc' dir='ltr'><strong>καὶ</strong></span> <span class='ocrx_word' id='word_1_541' title='bbox 1150 1573 1269 1604; x_wconf 83' lang='grc' dir='ltr'>ἀνέσεως</span> <span class='ocrx_word' id='word_1_542' title='bbox 1286 1573 1490 1600; x_wconf 83' lang='grc' dir='ltr'>ἀπολαύσεσθαι</span> <span class='ocrx_word' id='word_1_543' title='bbox 1502 1593 1509 1606; x_wconf 85' lang='grc'>,</span> <span class='ocrx_word' id='word_1_544' title='bbox 1527 1574 1553 1600; x_wconf 86' lang='grc' dir='ltr'><strong>οί</strong></span> <span class='ocrx_word' id='word_1_545' title='bbox 1565 1573 1594 1600; x_wconf 77' lang='grc' dir='ltr'>δὲ</span> <span class='ocrx_word' id='word_1_546' title='bbox 1608 1573 1654 1600; x_wconf 71' lang='grc' dir='ltr'>καὶ</span> <span class='ocrx_word' id='word_1_547' title='bbox 1673 1573 1805 1609; x_wconf 75' lang='grc' dir='ltr'>μειζόνων</span> <span class='ocrx_word' id='word_1_548' title='bbox 1823 1581 1883 1599; x_wconf 89' lang='grc' dir='ltr'>στε-</span> 
     </span>
    </p>
   </div>
   <div class='ocr_carea' id='block_1_78' title="bbox 1092 1617 1882 1654">
    <p class='ocr_par' dir='ltr' id='par_1_78' title="bbox 1092 1617 1882 1654">
     <span class='ocr_line' id='line_1_78' title="bbox 1092 1617 1882 1654; baseline 0 -10"><span class='ocrx_word' id='word_1_549' title='bbox 1092 1619 1184 1652; x_wconf 77' lang='grc' dir='ltr'>φάνων</span> <span class='ocrx_word' id='word_1_550' title='bbox 1199 1617 1398 1652; x_wconf 78' lang='grc' dir='ltr'>ἁξιωθήσεσοαι</span> <span class='ocrx_word' id='word_1_551' title='bbox 1415 1618 1630 1654; x_wconf 81' lang='grc' dir='ltr'>προσεδόκησαν.</span> <span class='ocrx_word' id='word_1_552' title='bbox 1648 1618 1739 1649; x_wconf 86' lang='grc' dir='ltr'>Ποίοις</span> <span class='ocrx_word' id='word_1_553' title='bbox 1757 1618 1812 1652; x_wconf 82' lang='grc' dir='ltr'>γὰρ</span> <span class='ocrx_word' id='word_1_554' title='bbox 1831 1618 1882 1644; x_wconf 81' lang='grc' dir='ltr'>πά-</span> 
     </span>
    </p>
   </div>
   <div class='ocr_carea' id='block_1_79' title="bbox 1089 1664 1881 1699">
    <p class='ocr_par' dir='ltr' id='par_1_79' title="bbox 1089 1664 1881 1699">
     <span class='ocr_line' id='line_1_79' title="bbox 1089 1664 1881 1699; baseline 0 -9"><span class='ocrx_word' id='word_1_555' title='bbox 1089 1664 1163 1690; x_wconf 87' lang='grc' dir='ltr'>θεσιν</span> <span class='ocrx_word' id='word_1_556' title='bbox 1177 1665 1226 1698; x_wconf 75' lang='grc' dir='ltr'><strong>οὐχ</strong></span> <span class='ocrx_word' id='word_1_557' title='bbox 1244 1664 1401 1691; x_wconf 81' lang='grc' dir='ltr'>ὑπόκεινται</span> <span class='ocrx_word' id='word_1_558' title='bbox 1415 1673 1421 1696; x_wconf 89' lang='grc'><strong>;</strong></span> <span class='ocrx_word' id='word_1_559' title='bbox 1440 1664 1522 1691; x_wconf 86' lang='grc' dir='ltr'>Ποίαν</span> <span class='ocrx_word' id='word_1_560' title='bbox 1538 1665 1566 1691; x_wconf 82' lang='grc' dir='ltr'>δὲ</span> <span class='ocrx_word' id='word_1_561' title='bbox 1582 1664 1733 1699; x_wconf 80' lang='grc' dir='ltr'>καπηλείαν</span> <span class='ocrx_word' id='word_1_562' title='bbox 1746 1664 1778 1690; x_wconf 73' lang='grc' dir='ltr'>οὗ</span> <span class='ocrx_word' id='word_1_563' title='bbox 1799 1672 1881 1698; x_wconf 85' lang='grc' dir='ltr'>μετα-</span> 
     </span>
    </p>
   </div>
   <div class='ocr_carea' id='block_1_80' title="bbox 1088 1709 1882 1744">
    <p class='ocr_par' dir='ltr' id='par_1_80' title="bbox 1088 1709 1882 1744">
     <span class='ocr_line' id='line_1_80' title="bbox 1088 1709 1882 1744; baseline 0.001 -10"><span class='ocrx_word' id='word_1_564' title='bbox 1088 1709 1270 1744; x_wconf 73' lang='grc' dir='ltr'>χειρίζονται;</span> <span class='ocrx_word' id='word_1_565' title='bbox 1288 1709 1376 1741; x_wconf 70' lang='grc' dir='ltr'>Πότας</span> <span class='ocrx_word' id='word_1_566' title='bbox 1393 1709 1421 1735; x_wconf 81' lang='grc' dir='ltr'>δὲ</span> <span class='ocrx_word' id='word_1_567' title='bbox 1445 1709 1541 1744; x_wconf 79' lang='grc' dir='ltr'>ἀηδίας</span> <span class='ocrx_word' id='word_1_568' title='bbox 1566 1709 1758 1744; x_wconf 73' lang='grc' dir='ltr'>ὑπομένοντες,</span> <span class='ocrx_word' id='word_1_569' title='bbox 1775 1709 1825 1735; x_wconf 71' lang='grc' dir='ltr'>οὐκ</span> <span class='ocrx_word' id='word_1_570' title='bbox 1842 1710 1882 1735; x_wconf 80' lang='lat' dir='ltr'><strong>al-</strong></span> 
     </span>
    </p>
   </div>
   <div class='ocr_carea' id='block_1_81' title="bbox 1091 1752 1882 1789">
    <p class='ocr_par' dir='ltr' id='par_1_81' title="bbox 1091 1752 1882 1789">
     <span class='ocr_line' id='line_1_81' title="bbox 1091 1752 1882 1789; baseline 0.003 -11"><span class='ocrx_word' id='word_1_571' title='bbox 1091 1752 1252 1785; x_wconf 71' lang='grc' dir='ltr'>σθάνονταις</span> <span class='ocrx_word' id='word_1_572' title='bbox 1275 1753 1308 1779; x_wconf 86' lang='grc' dir='ltr'>Τί</span> <span class='ocrx_word' id='word_1_573' title='bbox 1336 1754 1390 1789; x_wconf 80' lang='grc' dir='ltr'>γὰρ</span> <span class='ocrx_word' id='word_1_574' title='bbox 1408 1753 1461 1780; x_wconf 88' lang='grc' dir='ltr'><strong>τῶν</strong></span> <span class='ocrx_word' id='word_1_575' title='bbox 1485 1753 1577 1780; x_wconf 83' lang='grc' dir='ltr'>καλῶν</span> <span class='ocrx_word' id='word_1_576' title='bbox 1597 1754 1697 1785; x_wconf 71' lang='grc' dir='ltr'>αὐτοὺς</span> <span class='ocrx_word' id='word_1_577' title='bbox 1719 1754 1750 1780; x_wconf 77' lang='grc' dir='ltr'>οὐ</span> <span class='ocrx_word' id='word_1_578' title='bbox 1777 1762 1882 1788; x_wconf 81' lang='grc' dir='ltr'>παριπ-</span> 
     </span>
    </p>
   </div>
   <div class='ocr_carea' id='block_1_82' title="bbox 1089 1798 1880 1834">
    <p class='ocr_par' dir='ltr' id='par_1_82' title="bbox 1089 1798 1880 1834">
     <span class='ocr_line' id='line_1_82' title="bbox 1089 1798 1880 1834; baseline 0.001 -10"><span class='ocrx_word' id='word_1_579' title='bbox 1089 1798 1183 1831; x_wconf 56' lang='lat' dir='ltr'><strong>musa;</strong></span> <span class='ocrx_word' id='word_1_580' title='bbox 1199 1798 1234 1824; x_wconf 81' lang='grc' dir='ltr'><strong>Τί·</strong></span> <span class='ocrx_word' id='word_1_581' title='bbox 1246 1798 1274 1825; x_wconf 79' lang='grc' dir='ltr'>δὲ</span> <span class='ocrx_word' id='word_1_582' title='bbox 1290 1801 1455 1834; x_wconf 79' lang='grc' dir='ltr'>κατασκηνοῖ</span> <span class='ocrx_word' id='word_1_583' title='bbox 1467 1800 1531 1834; x_wconf 83' lang='grc' dir='ltr'>παρ’</span> <span class='ocrx_word' id='word_1_584' title='bbox 1547 1800 1639 1830; x_wconf 74' lang='grc' dir='ltr'>αὐτοῖς</span> <span class='ocrx_word' id='word_1_585' title='bbox 1654 1799 1765 1826; x_wconf 79' lang='grc' dir='ltr'>ἐπαίνου</span> <span class='ocrx_word' id='word_1_586' title='bbox 1793 1799 1880 1832; x_wconf 76' lang='grc' dir='ltr'>ἀξιον;</span> 
     </span>
    </p>
   </div>
   <div class='ocr_carea' id='block_1_83' title="bbox 1090 1843 1882 1880">
    <p class='ocr_par' dir='ltr' id='par_1_83' title="bbox 1090 1843 1882 1880">
     <span class='ocr_line' id='line_1_83' title="bbox 1090 1843 1882 1880; baseline -0.001 -9"><span class='ocrx_word' id='word_1_587' title='bbox 1090 1844 1146 1871; x_wconf 72' lang='grc' dir='ltr'><strong>Καὶ</strong></span> <span class='ocrx_word' id='word_1_588' title='bbox 1163 1843 1263 1878; x_wconf 76' lang='grc' dir='ltr'>ταῦτα,</span> <span class='ocrx_word' id='word_1_589' title='bbox 1280 1845 1309 1870; x_wconf 80' lang='grc' dir='ltr'>οὐ</span> <span class='ocrx_word' id='word_1_590' title='bbox 1324 1845 1388 1876; x_wconf 74' lang='grc' dir='ltr'>τοὺς</span> <span class='ocrx_word' id='word_1_591' title='bbox 1402 1845 1446 1872; x_wconf 83' lang='grc' dir='ltr'>τὸν</span> <span class='ocrx_word' id='word_1_592' title='bbox 1467 1845 1557 1880; x_wconf 88' lang='grc' dir='ltr'>τίμιον</span> <span class='ocrx_word' id='word_1_593' title='bbox 1575 1846 1662 1880; x_wconf 76' lang='grc' dir='ltr'>γάμον</span> <span class='ocrx_word' id='word_1_594' title='bbox 1677 1845 1882 1879; x_wconf 73' lang='grc' dir='ltr'>ἀσπαζομένους</span> 
     </span>
    </p>
   </div>
   <div class='ocr_carea' id='block_1_84' title="bbox 1089 1889 1882 1926">
    <p class='ocr_par' dir='ltr' id='par_1_84' title="bbox 1089 1889 1882 1926">
     <span class='ocr_line' id='line_1_84' title="bbox 1089 1889 1882 1926; baseline 0.003 -11"><span class='ocrx_word' id='word_1_595' title='bbox 1089 1889 1288 1925; x_wconf 79' lang='grc' dir='ltr'>ἀποκηρύττων</span> <span class='ocrx_word' id='word_1_596' title='bbox 1304 1890 1375 1924; x_wconf 85' lang='grc' dir='ltr'>λέγω</span> <span class='ocrx_word' id='word_1_597' title='bbox 1392 1891 1503 1926; x_wconf 79' lang='grc' dir='ltr'><strong>(ἄπαγε)</strong></span> <span class='ocrx_word' id='word_1_598' title='bbox 1517 1891 1586 1917; x_wconf 84' lang='grc' dir='ltr'><strong>ἀλλά</strong></span> <span class='ocrx_word' id='word_1_599' title='bbox 1602 1891 1664 1922; x_wconf 81' lang='grc' dir='ltr'>τοὺς</span> <span class='ocrx_word' id='word_1_600' title='bbox 1686 1891 1818 1926; x_wconf 75' lang='grc' dir='ltr'>ἀθυρώτῳ</span> <span class='ocrx_word' id='word_1_601' title='bbox 1838 1892 1882 1917; x_wconf 72' lang='grc' dir='ltr'>καὶ</span> 
     </span>
    </p>
   </div>
   <div class='ocr_carea' id='block_1_85' title="bbox 1089 1935 1882 1971">
    <p class='ocr_par' dir='ltr' id='par_1_85' title="bbox 1089 1935 1882 1971">
     <span class='ocr_line' id='line_1_85' title="bbox 1089 1935 1882 1971; baseline 0.001 -10"><span class='ocrx_word' id='word_1_602' title='bbox 1089 1935 1221 1970; x_wconf 82' lang='grc' dir='ltr'>ὀλισθηρᾷ</span> <span class='ocrx_word' id='word_1_603' title='bbox 1233 1935 1340 1971; x_wconf 75' lang='grc' dir='ltr'>γλώττῃ</span> <span class='ocrx_word' id='word_1_604' title='bbox 1354 1936 1409 1971; x_wconf 72' lang='grc'>(82)</span> <span class='ocrx_word' id='word_1_605' title='bbox 1422 1936 1579 1971; x_wconf 75' lang='grc' dir='ltr'>τολμῶντας</span> <span class='ocrx_word' id='word_1_606' title='bbox 1594 1936 1640 1962; x_wconf 79' lang='grc' dir='ltr'>τὸν</span> <span class='ocrx_word' id='word_1_607' title='bbox 1652 1937 1741 1971; x_wconf 82' lang='grc' dir='ltr'>γάμον</span> <span class='ocrx_word' id='word_1_608' title='bbox 1753 1937 1803 1971; x_wconf 83' lang='grc' dir='ltr'>τῆς</span> <span class='ocrx_word' id='word_1_609' title='bbox 1817 1945 1882 1971; x_wconf 63' lang='lat' dir='ltr'><strong>nap-</strong></span> 
     </span>
    </p>
   </div>
   <div class='ocr_carea' id='block_1_86' title="bbox 1091 1980 1882 2017">
    <p class='ocr_par' dir='ltr' id='par_1_86' title="bbox 1091 1980 1882 2017">
     <span class='ocr_line' id='line_1_86' title="bbox 1091 1980 1882 2017; baseline 0.001 -11"><span class='ocrx_word' id='word_1_610' title='bbox 1091 1980 1182 2011; x_wconf 85' lang='grc' dir='ltr'>θενίας</span> <span class='ocrx_word' id='word_1_611' title='bbox 1205 1980 1380 2015; x_wconf 84' lang='grc' dir='ltr'>ὑπερτιθέναι</span> <span class='ocrx_word' id='word_1_612' title='bbox 1407 1981 1556 2016; x_wconf 84' lang='grc' dir='ltr'>κωμῳδῶν.</span> <span class='ocrx_word' id='word_1_613' title='bbox 1583 1981 1666 2008; x_wconf 82' lang='grc' dir='ltr'>Ὅσον</span> <span class='ocrx_word' id='word_1_614' title='bbox 1693 1981 1748 2016; x_wconf 77' lang='grc' dir='ltr'>γὰρ</span> <span class='ocrx_word' id='word_1_615' title='bbox 1771 1981 1882 2017; x_wconf 67' lang='grc' dir='ltr'>οὐρανὸς</span> 
     </span>
    </p>
   </div>
   <div class='ocr_carea' id='block_1_87' title="bbox 1091 2025 1879 2062">
    <p class='ocr_par' dir='ltr' id='par_1_87' title="bbox 1091 2025 1879 2062">
     <span class='ocr_line' id='line_1_87' title="bbox 1091 2025 1879 2062; baseline 0.001 -11"><span class='ocrx_word' id='word_1_616' title='bbox 1091 2026 1153 2059; x_wconf 78' lang='grc' dir='ltr'>γῆς,</span> <span class='ocrx_word' id='word_1_617' title='bbox 1170 2026 1216 2052; x_wconf 72' lang='grc' dir='ltr'><strong>κα.)Ι</strong></span> <span class='ocrx_word' id='word_1_618' title='bbox 1238 2026 1310 2061; x_wconf 77' lang='grc' dir='ltr'><strong>ψυχὴ</strong></span> <span class='ocrx_word' id='word_1_619' title='bbox 1332 2025 1458 2061; x_wconf 82' lang='grc' dir='ltr'>σώματος</span> <span class='ocrx_word' id='word_1_620' title='bbox 1481 2026 1614 2061; x_wconf 70' lang='grc' dir='ltr'>διαφέρεισ</span> <span class='ocrx_word' id='word_1_621' title='bbox 1630 2025 1759 2053; x_wconf 85' lang='grc' dir='ltr'>τοσοῦτον</span> <span class='ocrx_word' id='word_1_622' title='bbox 1777 2027 1792 2062; x_wconf 80' lang='grc' dir='ltr'>ἡ</span> <span class='ocrx_word' id='word_1_623' title='bbox 1810 2034 1879 2059; x_wconf 80' lang='grc' dir='ltr'>παρ-</span> 
     </span>
    </p>
   </div>
   <div class='ocr_carea' id='block_1_88' title="bbox 1091 2068 1880 2108">
    <p class='ocr_par' dir='ltr' id='par_1_88' title="bbox 1091 2068 1880 2108">
     <span class='ocr_line' id='line_1_88' title="bbox 1091 2068 1880 2108; baseline 0.003 -12"><span class='ocrx_word' id='word_1_624' title='bbox 1091 2071 1167 2097; x_wconf 75' lang='grc' dir='ltr'>θενία</span> <span class='ocrx_word' id='word_1_625' title='bbox 1182 2071 1228 2097; x_wconf 84' lang='grc' dir='ltr'><strong>τοῦ</strong></span> <span class='ocrx_word' id='word_1_626' title='bbox 1251 2071 1341 2106; x_wconf 76' lang='grc' dir='ltr'>γάμου</span> <span class='ocrx_word' id='word_1_627' title='bbox 1364 2072 1526 2108; x_wconf 86' lang='grc' dir='ltr'>διενήνοχεν.</span> <span class='ocrx_word' id='word_1_628' title='bbox 1561 2068 1668 2107; x_wconf 80' lang='grc' dir='ltr'>Ἐχείνη</span> <span class='ocrx_word' id='word_1_629' title='bbox 1691 2072 1741 2107; x_wconf 79' lang='grc' dir='ltr'><strong>μὲν</strong></span> <span class='ocrx_word' id='word_1_630' title='bbox 1766 2072 1822 2107; x_wconf 81' lang='grc' dir='ltr'>γὰρ</span> <span class='ocrx_word' id='word_1_631' title='bbox 1847 2073 1880 2098; x_wconf 74' lang='grc' dir='ltr'><strong>τά</strong></span> 
     </span>
    </p>
   </div>
   <div class='ocr_carea' id='block_1_89' title="bbox 1093 2117 1882 2153">
    <p class='ocr_par' dir='ltr' id='par_1_89' title="bbox 1093 2117 1882 2153">
     <span class='ocr_line' id='line_1_89' title="bbox 1093 2117 1882 2153; baseline 0.004 -12"><span class='ocrx_word' id='word_1_632' title='bbox 1093 2118 1214 2151; x_wconf 79' lang='grc' dir='ltr'>πρωτεῖα</span> <span class='ocrx_word' id='word_1_633' title='bbox 1230 2117 1258 2143; x_wconf 73' lang='grc' dir='ltr'><strong>ἐν</strong></span> <span class='ocrx_word' id='word_1_634' title='bbox 1274 2118 1307 2152; x_wconf 83' lang='grc' dir='ltr'>τῇ</span> <span class='ocrx_word' id='word_1_635' title='bbox 1323 2118 1473 2153; x_wconf 79' lang='grc' dir='ltr'>παρατάξει</span> <span class='ocrx_word' id='word_1_636' title='bbox 1490 2118 1561 2153; x_wconf 82' lang='grc' dir='ltr'>ἔχει,</span> <span class='ocrx_word' id='word_1_637' title='bbox 1579 2119 1625 2144; x_wconf 82' lang='grc' dir='ltr'>καὶ</span> <span class='ocrx_word' id='word_1_638' title='bbox 1645 2118 1674 2144; x_wconf 81' lang='grc' dir='ltr'>τὸ</span> <span class='ocrx_word' id='word_1_639' title='bbox 1693 2118 1822 2153; x_wconf 74' lang='grc' dir='ltr'>μέτωπον</span> <span class='ocrx_word' id='word_1_640' title='bbox 1839 2126 1882 2144; x_wconf 80' lang='grc' dir='ltr'>κο-</span> 
     </span>
    </p>
   </div>
   <div class='ocr_carea' id='block_1_90' title="bbox 1093 2162 1879 2199">
    <p class='ocr_par' dir='ltr' id='par_1_90' title="bbox 1093 2162 1879 2199">
     <span class='ocr_line' id='line_1_90' title="bbox 1093 2162 1879 2199; baseline 0.004 -13"><span class='ocrx_word' id='word_1_641' title='bbox 1093 2163 1158 2196; x_wconf 84' lang='grc' dir='ltr'>σμεῖ</span> <span class='ocrx_word' id='word_1_642' title='bbox 1170 2162 1218 2196; x_wconf 83' lang='grc' dir='ltr'>τῆς</span> <span class='ocrx_word' id='word_1_643' title='bbox 1234 2162 1382 2197; x_wconf 79' lang='grc' dir='ltr'>φάλαγγος,</span> <span class='ocrx_word' id='word_1_644' title='bbox 1397 2163 1445 2190; x_wconf 75' lang='grc' dir='ltr'>καὶ</span> <span class='ocrx_word' id='word_1_645' title='bbox 1456 2163 1489 2190; x_wconf 86' lang='grc' dir='ltr'><strong>τὰ</strong></span> <span class='ocrx_word' id='word_1_646' title='bbox 1502 2164 1616 2199; x_wconf 75' lang='grc' dir='ltr'>λαμπρὰ</span> <span class='ocrx_word' id='word_1_647' title='bbox 1627 2163 1747 2199; x_wconf 83' lang='grc' dir='ltr'>τρόπαια</span> <span class='ocrx_word' id='word_1_648' title='bbox 1765 2163 1879 2198; x_wconf 81' lang='grc' dir='ltr'>ἵστησιν·</span> 
     </span>
    </p>
   </div>
   <div class='ocr_carea' id='block_1_91' title="bbox 1091 2204 1882 2244">
    <p class='ocr_par' dir='ltr' id='par_1_91' title="bbox 1091 2204 1882 2244">
     <span class='ocr_line' id='line_1_91' title="bbox 1091 2204 1882 2244; baseline 0.003 -12"><span class='ocrx_word' id='word_1_649' title='bbox 1091 2204 1167 2238; x_wconf 66' lang='grc' dir='ltr'>οὗτος</span> <span class='ocrx_word' id='word_1_650' title='bbox 1188 2207 1216 2233; x_wconf 79' lang='grc' dir='ltr'>δὲ</span> <span class='ocrx_word' id='word_1_651' title='bbox 1246 2207 1403 2243; x_wconf 80' lang='grc' dir='ltr'>σύμμετρος</span> <span class='ocrx_word' id='word_1_652' title='bbox 1433 2209 1481 2241; x_wconf 80' lang='grc' dir='ltr'>ὢν,</span> <span class='ocrx_word' id='word_1_653' title='bbox 1507 2210 1553 2236; x_wconf 73' lang='grc' dir='ltr'>καὶ</span> <span class='ocrx_word' id='word_1_654' title='bbox 1591 2211 1648 2240; x_wconf 81' lang='grc' dir='ltr'>τοῖς</span> <span class='ocrx_word' id='word_1_655' title='bbox 1675 2209 1882 2244; x_wconf 72' lang='grc' dir='ltr'>ἀσθενεστέροις</span> 
     </span>
    </p>
   </div>
   <div class='ocr_carea' id='block_1_92' title="bbox 254 2248 1037 2290">
    <p class='ocr_par' dir='ltr' id='par_1_92' title="bbox 254 2248 1037 2285">
     <span class='ocr_line' id='line_1_92' title="bbox 254 2248 1037 2285; baseline -0.003 -7"><span class='ocrx_word' id='word_1_656' title='bbox 254 2249 384 2285; x_wconf 81' lang='lat' dir='ltr'><strong>petulanti</strong></span> <span class='ocrx_word' id='word_1_657' title='bbox 405 2249 494 2283; x_wconf 85' lang='lat' dir='ltr'><strong>lingua</strong></span> <span class='ocrx_word' id='word_1_658' title='bbox 516 2248 716 2275; x_wconf 86' lang='lat' dir='ltr'><strong>matrimonium</strong></span> <span class='ocrx_word' id='word_1_659' title='bbox 737 2248 883 2282; x_wconf 86' lang='lat' dir='ltr'><strong>virginitati</strong></span> <span class='ocrx_word' id='word_1_660' title='bbox 906 2249 1037 2276; x_wconf 78' lang='lat' dir='ltr'><strong>anteferre</strong></span> 
     </span>
    </p>
   </div>
   <div class='ocr_carea' id='block_1_93' title="bbox 1088 2248 1882 2290">
    <p class='ocr_par' dir='ltr' id='par_1_93' title="bbox 1093 2252 1882 2290">
     <span class='ocr_line' id='line_1_93' title="bbox 1093 2252 1882 2290; baseline 0.001 -12"><span class='ocrx_word' id='word_1_661' title='bbox 1093 2252 1209 2288; x_wconf 71' lang='grc' dir='ltr'>ἔρεισμα</span> <span class='ocrx_word' id='word_1_662' title='bbox 1222 2253 1324 2286; x_wconf 80' lang='grc' dir='ltr'>δοθεὶς,</span> <span class='ocrx_word' id='word_1_663' title='bbox 1340 2254 1450 2281; x_wconf 82' lang='grc' dir='ltr'>δύναται</span> <span class='ocrx_word' id='word_1_664' title='bbox 1471 2254 1520 2290; x_wconf 77' lang='grc' dir='ltr'>μὲν</span> <span class='ocrx_word' id='word_1_665' title='bbox 1542 2255 1640 2286; x_wconf 77' lang='grc' dir='ltr'>σώζειν</span> <span class='ocrx_word' id='word_1_666' title='bbox 1654 2255 1716 2286; x_wconf 79' lang='grc' dir='ltr'>τοὺς</span> <span class='ocrx_word' id='word_1_667' title='bbox 1738 2255 1882 2289; x_wconf 74' lang='grc' dir='ltr'>φυλάττον-</span> 
     </span>
    </p>
   </div>
   <div class='ocr_carea' id='block_1_94' title="bbox 256 2293 1039 2328">
    <p class='ocr_par' dir='ltr' id='par_1_94' title="bbox 256 2293 1039 2328">
     <span class='ocr_line' id='line_1_94' title="bbox 256 2293 1039 2328; baseline -0.001 -6"><span class='ocrx_word' id='word_1_668' title='bbox 256 2296 364 2325; x_wconf 81' lang='lat' dir='ltr'><strong>audent.</strong></span> <span class='ocrx_word' id='word_1_669' title='bbox 377 2294 567 2328; x_wconf 80' lang='lat' dir='ltr'><strong>perstringam.</strong></span> <span class='ocrx_word' id='word_1_670' title='bbox 577 2293 683 2326; x_wconf 84' lang='lat' dir='ltr'><strong>Quanto</strong></span> <span class='ocrx_word' id='word_1_671' title='bbox 694 2293 765 2320; x_wconf 90' lang='lat' dir='ltr'><strong>enim</strong></span> <span class='ocrx_word' id='word_1_672' title='bbox 777 2293 874 2320; x_wconf 70' lang='lat' dir='ltr'><strong>celum</strong></span> <span class='ocrx_word' id='word_1_673' title='bbox 888 2298 958 2320; x_wconf 77' lang='lat' dir='ltr'><strong>terra</strong></span> <span class='ocrx_word' id='word_1_674' title='bbox 971 2301 1039 2328; x_wconf 65' lang='lat' dir='ltr'><strong>prte-</strong></span> 
     </span>
    </p>
   </div>
   <div class='ocr_carea' id='block_1_95' title="bbox 257 2340 1040 2374">
    <p class='ocr_par' dir='ltr' id='par_1_95' title="bbox 257 2340 1040 2374">
     <span class='ocr_line' id='line_1_95' title="bbox 257 2340 1040 2374; baseline 0.001 -8"><span class='ocrx_word' id='word_1_675' title='bbox 257 2340 370 2369; x_wconf 75' lang='lat' dir='ltr'><strong>stantius</strong></span> <span class='ocrx_word' id='word_1_676' title='bbox 384 2343 436 2370; x_wconf 93' lang='lat' dir='ltr'><strong>est,</strong></span> <span class='ocrx_word' id='word_1_677' title='bbox 450 2344 477 2366; x_wconf 91' lang='lat' dir='ltr'><strong>et</strong></span> <span class='ocrx_word' id='word_1_678' title='bbox 491 2340 577 2366; x_wconf 89' lang='lat' dir='ltr'><strong>anima</strong></span> <span class='ocrx_word' id='word_1_679' title='bbox 593 2346 706 2373; x_wconf 86' lang='lat' dir='ltr'><strong>corpore</strong></span> <span class='ocrx_word' id='word_1_680' title='bbox 720 2347 727 2365; x_wconf 86' lang='lat'><strong>:</strong></span> <span class='ocrx_word' id='word_1_681' title='bbox 744 2343 847 2366; x_wconf 87' lang='lat' dir='ltr'><strong>tantum</strong></span> <span class='ocrx_word' id='word_1_682' title='bbox 862 2340 942 2366; x_wconf 89' lang='lat' dir='ltr'><strong>etiam</strong></span> <span class='ocrx_word' id='word_1_683' title='bbox 958 2340 1040 2374; x_wconf 86' lang='lat' dir='ltr'><strong>virgi-</strong></span> 
     </span>
    </p>
   </div>
   <div class='ocr_carea' id='block_1_96' title="bbox 256 2383 1037 2420">
    <p class='ocr_par' dir='ltr' id='par_1_96' title="bbox 256 2383 1037 2420">
     <span class='ocr_line' id='line_1_96' title="bbox 256 2383 1037 2420; baseline 0 -8"><span class='ocrx_word' id='word_1_684' title='bbox 256 2386 326 2412; x_wconf 79' lang='lat' dir='ltr'><strong>nitas</strong></span> <span class='ocrx_word' id='word_1_685' title='bbox 341 2383 464 2419; x_wconf 73' lang='lat' dir='ltr'><strong>coniugio</strong></span> <span class='ocrx_word' id='word_1_686' title='bbox 478 2385 622 2412; x_wconf 88' lang='lat' dir='ltr'><strong>antecellit.</strong></span> <span class='ocrx_word' id='word_1_687' title='bbox 638 2385 682 2411; x_wconf 83' lang='lat' dir='ltr'><strong>llla</strong></span> <span class='ocrx_word' id='word_1_688' title='bbox 699 2385 770 2412; x_wconf 89' lang='lat' dir='ltr'><strong>enim</strong></span> <span class='ocrx_word' id='word_1_689' title='bbox 788 2386 888 2419; x_wconf 86' lang='lat' dir='ltr'><strong>primas</strong></span> <span class='ocrx_word' id='word_1_690' title='bbox 904 2390 994 2420; x_wconf 88' lang='lat' dir='ltr'><strong>partes</strong></span> <span class='ocrx_word' id='word_1_691' title='bbox 1010 2387 1037 2413; x_wconf 93' lang='lat' dir='ltr'><strong>in</strong></span> 
     </span>
    </p>
   </div>
   <div class='ocr_carea' id='block_1_97' title="bbox 252 2429 1037 2464">
    <p class='ocr_par' dir='ltr' id='par_1_97' title="bbox 252 2429 1037 2464">
     <span class='ocr_line' id='line_1_97' title="bbox 252 2429 1037 2464; baseline 0.003 -8"><span class='ocrx_word' id='word_1_692' title='bbox 252 2431 313 2459; x_wconf 81' lang='lat' dir='ltr'><strong>acie</strong></span> <span class='ocrx_word' id='word_1_693' title='bbox 331 2433 412 2462; x_wconf 76' lang='lat' dir='ltr'><strong>tenet,</strong></span> <span class='ocrx_word' id='word_1_694' title='bbox 430 2437 462 2457; x_wconf 84' lang='lat' dir='ltr'><strong>ac</strong></span> <span class='ocrx_word' id='word_1_695' title='bbox 477 2430 618 2464; x_wconf 87' lang='lat' dir='ltr'><strong>phalangis</strong></span> <span class='ocrx_word' id='word_1_696' title='bbox 634 2429 748 2456; x_wconf 78' lang='lat' dir='ltr'><strong>frontem</strong></span> <span class='ocrx_word' id='word_1_697' title='bbox 766 2434 892 2462; x_wconf 79' lang='lat' dir='ltr'><strong>exornat,</strong></span> <span class='ocrx_word' id='word_1_698' title='bbox 911 2430 1037 2458; x_wconf 85' lang='lat' dir='ltr'><strong>illustria-</strong></span> 
     </span>
    </p>
   </div>
   <div class='ocr_carea' id='block_1_98' title="bbox 1093 2299 1882 2336">
    <p class='ocr_par' dir='ltr' id='par_1_98' title="bbox 1093 2299 1882 2336">
     <span class='ocr_line' id='line_1_98' title="bbox 1093 2299 1882 2336; baseline 0.003 -12"><span class='ocrx_word' id='word_1_699' title='bbox 1093 2306 1154 2330; x_wconf 81' lang='grc' dir='ltr'>τας,</span> <span class='ocrx_word' id='word_1_700' title='bbox 1178 2299 1209 2324; x_wconf 83' lang='grc' dir='ltr'>οὑ</span> <span class='ocrx_word' id='word_1_701' title='bbox 1234 2299 1287 2334; x_wconf 84' lang='grc' dir='ltr'>μὴν</span> <span class='ocrx_word' id='word_1_702' title='bbox 1304 2301 1344 2331; x_wconf 82' lang='grc' dir='ltr'><strong>είς</strong></span> <span class='ocrx_word' id='word_1_703' title='bbox 1371 2300 1420 2335; x_wconf 84' lang='grc' dir='ltr'><strong>τὴν</strong></span> <span class='ocrx_word' id='word_1_704' title='bbox 1438 2300 1488 2335; x_wconf 85' lang='grc' dir='ltr'>τῆς</span> <span class='ocrx_word' id='word_1_705' title='bbox 1513 2300 1660 2336; x_wconf 77' lang='grc' dir='ltr'>παρθενίας</span> <span class='ocrx_word' id='word_1_706' title='bbox 1683 2300 1778 2332; x_wconf 77' lang='grc' dir='ltr'>ἀνάξει</span> <span class='ocrx_word' id='word_1_707' title='bbox 1804 2309 1882 2335; x_wconf 81' lang='grc' dir='ltr'>κορυ-</span> 
     </span>
    </p>
   </div>
   <div class='ocr_carea' id='block_1_99' title="bbox 1089 2344 1882 2380">
    <p class='ocr_par' dir='ltr' id='par_1_99' title="bbox 1089 2344 1882 2380">
     <span class='ocr_line' id='line_1_99' title="bbox 1089 2344 1882 2380; baseline 0.004 -11"><span class='ocrx_word' id='word_1_708' title='bbox 1089 2344 1154 2378; x_wconf 82' lang='grc' dir='ltr'>φήν.</span> <span class='ocrx_word' id='word_1_709' title='bbox 1171 2344 1226 2378; x_wconf 76' lang='lat'><strong>(83)</strong></span> <span class='ocrx_word' id='word_1_710' title='bbox 1239 2344 1283 2370; x_wconf 81' lang='grc' dir='ltr'>Διδ</span> <span class='ocrx_word' id='word_1_711' title='bbox 1296 2344 1343 2370; x_wconf 68' lang='grc' dir='ltr'>καὶ</span> <span class='ocrx_word' id='word_1_712' title='bbox 1358 2345 1372 2371; x_wconf 79' lang='grc' dir='ltr'><strong>ὁ</strong></span> <span class='ocrx_word' id='word_1_713' title='bbox 1384 2345 1567 2379; x_wconf 72' lang='grc' dir='ltr'>πνευματικὸς</span> <span class='ocrx_word' id='word_1_714' title='bbox 1580 2345 1660 2380; x_wconf 85' lang='grc' dir='ltr'>νόμος</span> <span class='ocrx_word' id='word_1_715' title='bbox 1673 2345 1729 2380; x_wconf 65' lang='grc'>(84)</span> <span class='ocrx_word' id='word_1_716' title='bbox 1755 2346 1819 2376; x_wconf 68' lang='grc' dir='ltr'>τοὺς</span> <span class='ocrx_word' id='word_1_717' title='bbox 1835 2347 1882 2379; x_wconf 66' lang='grc' dir='ltr'><strong>γή-</strong></span> 
     </span>
    </p>
   </div>
   <div class='ocr_carea' id='block_1_100' title="bbox 1094 2390 1881 2424">
    <p class='ocr_par' dir='ltr' id='par_1_100' title="bbox 1094 2390 1881 2424">
     <span class='ocr_line' id='line_1_100' title="bbox 1094 2390 1881 2424; baseline 0.003 -10"><span class='ocrx_word' id='word_1_718' title='bbox 1094 2397 1198 2424; x_wconf 82' lang='grc' dir='ltr'>μαντας</span> <span class='ocrx_word' id='word_1_719' title='bbox 1212 2390 1259 2415; x_wconf 73' lang='grc' dir='ltr'>καὶ</span> <span class='ocrx_word' id='word_1_720' title='bbox 1273 2390 1412 2424; x_wconf 85' lang='grc' dir='ltr'>ἀμπέλους</span> <span class='ocrx_word' id='word_1_721' title='bbox 1426 2390 1612 2424; x_wconf 82' lang='grc' dir='ltr'>φυτεύσαντας</span> <span class='ocrx_word' id='word_1_722' title='bbox 1627 2393 1666 2422; x_wconf 87' lang='grc' dir='ltr'><strong>είς</strong></span> <span class='ocrx_word' id='word_1_723' title='bbox 1682 2391 1728 2417; x_wconf 74' lang='grc' dir='ltr'>τὸν</span> <span class='ocrx_word' id='word_1_724' title='bbox 1744 2391 1816 2418; x_wconf 71' lang='grc' dir='ltr'>κατὰ</span> <span class='ocrx_word' id='word_1_725' title='bbox 1832 2391 1881 2417; x_wconf 82' lang='grc' dir='ltr'><strong>τῶν</strong></span> 
     </span>
    </p>
   </div>
   <div class='ocr_carea' id='block_1_101' title="bbox 1091 2435 1881 2472">
    <p class='ocr_par' dir='ltr' id='par_1_101' title="bbox 1091 2435 1881 2472">
     <span class='ocr_line' id='line_1_101' title="bbox 1091 2435 1881 2472; baseline 0.003 -12"><span class='ocrx_word' id='word_1_726' title='bbox 1091 2435 1284 2470; x_wconf 84' lang='grc' dir='ltr'>πνευματικῶν</span> <span class='ocrx_word' id='word_1_727' title='bbox 1296 2436 1345 2471; x_wconf 85' lang='grc' dir='ltr'>τῆς</span> <span class='ocrx_word' id='word_1_728' title='bbox 1361 2435 1492 2472; x_wconf 75' lang='grc' dir='ltr'>πονηρίας</span> <span class='ocrx_word' id='word_1_729' title='bbox 1509 2436 1625 2471; x_wconf 83' lang='grc' dir='ltr'>πόλεμον</span> <span class='ocrx_word' id='word_1_730' title='bbox 1641 2436 1760 2468; x_wconf 78' lang='grc' dir='ltr'>ἐξελθεῖν</span> <span class='ocrx_word' id='word_1_731' title='bbox 1779 2437 1881 2472; x_wconf 75' lang='grc' dir='ltr'>ἀπηγό-</span> 
     </span>
    </p>
   </div>
   <div class='ocr_carea' id='block_1_102' title="bbox 801 2520 1333 2552">
    <p class='ocr_par' dir='ltr' id='par_1_102' title="bbox 801 2520 1333 2552">
     <span class='ocr_line' id='line_1_102' title="bbox 801 2520 1333 2552; baseline 0.006 -4"><span class='ocrx_word' id='word_1_732' title='bbox 801 2520 918 2549; x_wconf 66' lang='grc' dir='ltr'><strong>ἼΔΒΙΔΕ</strong></span> <span class='ocrx_word' id='word_1_733' title='bbox 936 2522 1128 2551; x_wconf 71' lang='lat' dir='ltr'><strong>LECTIONES</strong></span> <span class='ocrx_word' id='word_1_734' title='bbox 1147 2523 1191 2551; x_wconf 86' lang='lat' dir='ltr'><strong>ET</strong></span> <span class='ocrx_word' id='word_1_735' title='bbox 1216 2523 1333 2552; x_wconf 76' lang='grc' dir='ltr'><strong>ΝΟΤιΕ.</strong></span> 
     </span>
    </p>
   </div>
   <div class='ocr_carea' id='block_1_103' title="bbox 285 2606 824 2642">
    <p class='ocr_par' dir='ltr' id='par_1_103' title="bbox 285 2606 824 2642">
     <span class='ocr_line' id='line_1_103' title="bbox 285 2606 824 2642; baseline 0.006 -8"><span class='ocrx_word' id='word_1_736' title='bbox 285 2608 342 2642; x_wconf 86' lang='grc'>(78)</span> <span class='ocrx_word' id='word_1_737' title='bbox 363 2608 434 2635; x_wconf 84' lang='lat' dir='ltr'><strong>Idem</strong></span> <span class='ocrx_word' id='word_1_738' title='bbox 452 2607 525 2639; x_wconf 87' lang='lat' dir='ltr'><strong>eod.,</strong></span> <span class='ocrx_word' id='word_1_739' title='bbox 538 2606 703 2641; x_wconf 75' lang='grc' dir='ltr'>ἀναγκαίων.</span> <span class='ocrx_word' id='word_1_740' title='bbox 720 2607 824 2637; x_wconf 76' lang='lat' dir='ltr'><strong>Possm.</strong></span> 
     </span>
    </p>
   </div>
   <div class='ocr_carea' id='block_1_104' title="bbox 289 2642 1034 2679">
    <p class='ocr_par' dir='ltr' id='par_1_104' title="bbox 289 2642 1034 2679">
     <span class='ocr_line' id='line_1_104' title="bbox 289 2642 1034 2679; baseline 0.005 -10"><span class='ocrx_word' id='word_1_741' title='bbox 289 2642 344 2679; x_wconf 60' lang='grc' dir='ltr'>(Ἰν)</span> <span class='ocrx_word' id='word_1_742' title='bbox 365 2642 433 2679; x_wconf 73' lang='lat' dir='ltr'><strong>Post</strong></span> <span class='ocrx_word' id='word_1_743' title='bbox 453 2642 579 2679; x_wconf 75' lang='grc' dir='ltr'>πλήττειν</span> <span class='ocrx_word' id='word_1_744' title='bbox 606 2643 677 2679; x_wconf 78' lang='lat' dir='ltr'><strong>idem</strong></span> <span class='ocrx_word' id='word_1_745' title='bbox 699 2644 773 2679; x_wconf 76' lang='lat' dir='ltr'><strong>addit</strong></span> <span class='ocrx_word' id='word_1_746' title='bbox 796 2643 878 2676; x_wconf 74' lang='grc' dir='ltr'>οὕτω,</span> <span class='ocrx_word' id='word_1_747' title='bbox 899 2649 926 2672; x_wconf 92' lang='lat' dir='ltr'><strong>et</strong></span> <span class='ocrx_word' id='word_1_748' title='bbox 955 2645 1034 2679; x_wconf 87' lang='lat' dir='ltr'><strong>paulo</strong></span> 
     </span>
    </p>
   </div>
   <div class='ocr_carea' id='block_1_105' title="bbox 272 2676 1035 2714">
    <p class='ocr_par' dir='ltr' id='par_1_105' title="bbox 272 2676 1035 2714">
     <span class='ocr_line' id='line_1_105' title="bbox 272 2676 1035 2714; baseline 0 -9"><span class='ocrx_word' id='word_1_749' title='bbox 272 2676 315 2705; x_wconf 80' lang='lat' dir='ltr'><strong>0st</strong></span> <span class='ocrx_word' id='word_1_750' title='bbox 331 2676 510 2714; x_wconf 68' lang='grc' dir='ltr'>ὲφραξάμεθα</span> <span class='ocrx_word' id='word_1_751' title='bbox 525 2681 609 2714; x_wconf 73' lang='lat' dir='ltr'><strong>mutat</strong></span> <span class='ocrx_word' id='word_1_752' title='bbox 622 2677 651 2714; x_wconf 74' lang='lat' dir='ltr'><strong>in</strong></span> <span class='ocrx_word' id='word_1_753' title='bbox 666 2677 866 2714; x_wconf 65' lang='grc' dir='ltr'>έφθεγξάμεθα.</span> <span class='ocrx_word' id='word_1_754' title='bbox 884 2676 963 2707; x_wconf 69' lang='grc' dir='ltr'>νει-εἶ</span> <span class='ocrx_word' id='word_1_755' title='bbox 973 2685 1035 2714; x_wconf 77' lang='lat' dir='ltr'><strong>past</strong></span> 
     </span>
    </p>
   </div>
   <div class='ocr_carea' id='block_1_106' title="bbox 273 2711 828 2772">
    <p class='ocr_par' dir='ltr' id='par_1_106' title="bbox 273 2711 828 2772">
     <span class='ocr_line' id='line_1_106' title="bbox 273 2711 828 2772; baseline 0.011 -37"><span class='ocrx_word' id='word_1_756' title='bbox 273 2732 280 2744; x_wconf 72' lang='lat'><strong>,</strong></span> <span class='ocrx_word' id='word_1_757' title='bbox 296 2719 345 2772; x_wconf 56' lang='lat' dir='ltr'><strong>gro</strong></span> <span class='ocrx_word' id='word_1_758' title='bbox 359 2711 502 2754; x_wconf 66' lang='grc' dir='ltr'>βληθέντες</span> <span class='ocrx_word' id='word_1_759' title='bbox 515 2712 608 2752; x_wconf 73' lang='lat' dir='ltr'><strong>scribit</strong></span> <span class='ocrx_word' id='word_1_760' title='bbox 619 2711 776 2746; x_wconf 80' lang='grc' dir='ltr'>βληθέντας.</span> <span class='ocrx_word' id='word_1_761' title='bbox 789 2711 828 2741; x_wconf 76' lang='grc' dir='ltr'>ίι).</span> 
     </span>
     <span class='ocr_line' id='line_1_107' title="bbox 287 2745 819 2772; baseline 0 0"><span class='ocrx_word' id='word_1_762' title='bbox 287 2747 296 2772; x_wconf 84' lang='lat' dir='ltr'><strong>l</strong></span> <span class='ocrx_word' id='word_1_763' title='bbox 317 2746 345 2772; x_wconf 80' lang='grc'>0)</span> <span class='ocrx_word' id='word_1_764' title='bbox 365 2745 415 2772; x_wconf 78' lang='lat' dir='ltr'><strong>Pro</strong></span> <span class='ocrx_word' id='word_1_765' title='bbox 433 2754 471 2772; x_wconf 78' lang='grc' dir='ltr'><strong>ως</strong></span> <span class='ocrx_word' id='word_1_766' title='bbox 493 2745 576 2772; x_wconf 74' lang='grc' dir='ltr'>ἀρετὴ</span> <span class='ocrx_word' id='word_1_767' title='bbox 594 2749 661 2772; x_wconf 81' lang='lat' dir='ltr'><strong>idem</strong></span> <span class='ocrx_word' id='word_1_768' title='bbox 676 2749 735 2772; x_wconf 87' lang='lat' dir='ltr'><strong>eod.</strong></span> <span class='ocrx_word' id='word_1_769' title='bbox 755 2749 819 2772; x_wconf 70' lang='lat' dir='ltr'><strong>legit</strong></span> 
     </span>
    </p>
   </div>
   <div class='ocr_carea' id='block_1_107' title="bbox 317 2744 1034 2784">
    <p class='ocr_par' dir='ltr' id='par_1_107' title="bbox 317 2744 1034 2784">
     <span class='ocr_line' id='line_1_108' title="bbox 317 2744 1034 2784; baseline 0.004 -11"><span class='ocrx_word' id='word_1_770' title='bbox 317 2744 415 2784; x_wconf 46' lang='lat' dir='ltr'><strong>ovem</strong></span> <span class='ocrx_word' id='word_1_771' title='bbox 433 2745 471 2777; x_wconf 84' lang='grc' dir='ltr'>ὡς</span> <span class='ocrx_word' id='word_1_772' title='bbox 493 2744 661 2784; x_wconf 18' lang='grc' dir='ltr'>ἀρετὴγίᾳειιι</span> <span class='ocrx_word' id='word_1_773' title='bbox 676 2749 735 2774; x_wconf 87' lang='lat' dir='ltr'><strong>cod.</strong></span> <span class='ocrx_word' id='word_1_774' title='bbox 755 2749 819 2782; x_wconf 85' lang='lat' dir='ltr'><strong>legit</strong></span> <span class='ocrx_word' id='word_1_775' title='bbox 831 2749 868 2780; x_wconf 88' lang='grc' dir='ltr'><strong>ὼς</strong></span> <span class='ocrx_word' id='word_1_776' title='bbox 887 2749 941 2784; x_wconf 82' lang='grc' dir='ltr'>γάρ</span> <span class='ocrx_word' id='word_1_777' title='bbox 957 2744 1034 2781; x_wconf 78' lang='grc' dir='ltr'><strong>¹ἐστι,</strong></span> 
     </span>
    </p>
   </div>
   <div class='ocr_carea' id='block_1_108' title="bbox 251 2779 1034 2841">
    <p class='ocr_par' dir='ltr' id='par_1_108' title="bbox 251 2779 1034 2841">
     <span class='ocr_line' id='line_1_109' title="bbox 251 2779 1034 2841; baseline 0.006 -35"><span class='ocrx_word' id='word_1_778' title='bbox 251 2785 279 2841; x_wconf 56' lang='grc' dir='ltr'>οἵ</span> <span class='ocrx_word' id='word_1_779' title='bbox 293 2779 445 2841; x_wconf 53' lang='grc' dir='ltr'>ρέῧίοιροδι</span> <span class='ocrx_word' id='word_1_780' title='bbox 458 2779 555 2809; x_wconf 78' lang='lat' dir='ltr'><strong>nonien</strong></span> <span class='ocrx_word' id='word_1_781' title='bbox 568 2779 715 2814; x_wconf 79' lang='grc' dir='ltr'>ἀδέσποτος</span> <span class='ocrx_word' id='word_1_782' title='bbox 728 2779 803 2817; x_wconf 82' lang='lat' dir='ltr'><strong>ponit</strong></span> <span class='ocrx_word' id='word_1_783' title='bbox 821 2783 848 2810; x_wconf 91' lang='lat' dir='ltr'><strong>in</strong></span> <span class='ocrx_word' id='word_1_784' title='bbox 859 2779 1034 2811; x_wconf 77' lang='lat' dir='ltr'><strong>nominativo</strong></span> 
     </span>
     <span class='ocr_line' id='line_1_110' title="bbox 253 2823 412 2841; baseline 0 0"><span class='ocrx_word' id='word_1_785' title='bbox 253 2823 269 2841; x_wconf 86' lang='grc' dir='ltr'>ι)</span> <span class='ocrx_word' id='word_1_786' title='bbox 282 2823 313 2841; x_wconf 89' lang='lat' dir='ltr'><strong>ur</strong></span> <span class='ocrx_word' id='word_1_787' title='bbox 352 2833 359 2840; x_wconf 69' lang='grc' dir='ltr'>ι</span> <span class='ocrx_word' id='word_1_788' title='bbox 387 2823 412 2841; x_wconf 85' lang='grc'><strong>1).</strong></span> 
     </span>
    </p>
   </div>
   <div class='ocr_carea' id='block_1_109' title="bbox 282 2822 412 2842">
    <p class='ocr_par' dir='ltr' id='par_1_109' title="bbox 282 2822 412 2842">
     <span class='ocr_line' id='line_1_111' title="bbox 282 2822 412 2842; baseline 0.008 -1"><span class='ocrx_word' id='word_1_789' title='bbox 282 2822 359 2841; x_wconf 85' lang='lat' dir='ltr'><strong>uratt.</strong></span> <span class='ocrx_word' id='word_1_790' title='bbox 375 2822 412 2842; x_wconf 84' lang='lat' dir='ltr'><strong>ID.</strong></span> 
     </span>
    </p>
   </div>
   <div class='ocr_carea' id='block_1_110' title="bbox 252 2823 1032 2884">
    <p class='ocr_par' dir='ltr' id='par_1_110' title="bbox 252 2823 1032 2884">
     <span class='ocr_line' id='line_1_112' title="bbox 252 2823 412 2850; baseline 0.006 -9"><span class='ocrx_word' id='word_1_791' title='bbox 252 2823 359 2850; x_wconf 82' lang='lat' dir='ltr'><strong>pturan.</strong></span> <span class='ocrx_word' id='word_1_792' title='bbox 375 2823 412 2842; x_wconf 85' lang='lat' dir='ltr'><strong>ro.</strong></span> 
     </span>
     <span class='ocr_line' id='line_1_113' title="bbox 285 2849 1032 2884; baseline 0.004 -9"><span class='ocrx_word' id='word_1_793' title='bbox 285 2849 341 2884; x_wconf 81' lang='grc'>(81)</span> <span class='ocrx_word' id='word_1_794' title='bbox 361 2849 407 2882; x_wconf 87' lang='grc' dir='ltr'>Είς</span> <span class='ocrx_word' id='word_1_795' title='bbox 427 2851 481 2878; x_wconf 81' lang='grc' dir='ltr'>τῶν</span> <span class='ocrx_word' id='word_1_796' title='bbox 502 2860 565 2878; x_wconf 86' lang='grc' dir='ltr'>κακ.</span> <span class='ocrx_word' id='word_1_797' title='bbox 586 2851 680 2878; x_wconf 88' lang='lat' dir='ltr'><strong>scribit</strong></span> <span class='ocrx_word' id='word_1_798' title='bbox 696 2851 755 2879; x_wconf 82' lang='lat' dir='ltr'><strong>eod.</strong></span> <span class='ocrx_word' id='word_1_799' title='bbox 779 2852 837 2879; x_wconf 82' lang='lat' dir='ltr'><strong>Vat.</strong></span> <span class='ocrx_word' id='word_1_800' title='bbox 860 2853 900 2884; x_wconf 85' lang='grc' dir='ltr'><strong>είς</strong></span> <span class='ocrx_word' id='word_1_801' title='bbox 916 2853 962 2880; x_wconf 82' lang='grc' dir='ltr'>τὸν</span> <span class='ocrx_word' id='word_1_802' title='bbox 976 2853 1032 2879; x_wconf 86' lang='grc' dir='ltr'><strong>τῶν</strong></span> 
     </span>
    </p>
   </div>
   <div class='ocr_carea' id='block_1_111' title="bbox 253 2885 1029 2922">
    <p class='ocr_par' dir='ltr' id='par_1_111' title="bbox 253 2885 1029 2922">
     <span class='ocr_line' id='line_1_114' title="bbox 253 2885 1029 2922; baseline 0.005 -12"><span class='ocrx_word' id='word_1_803' title='bbox 253 2892 279 2911; x_wconf 75' lang='grc' dir='ltr'>κ.</span> <span class='ocrx_word' id='word_1_804' title='bbox 295 2889 346 2913; x_wconf 86' lang='lat' dir='ltr'><strong>etc.</strong></span> <span class='ocrx_word' id='word_1_805' title='bbox 363 2885 437 2913; x_wconf 83' lang='lat' dir='ltr'><strong>Vers.</strong></span> <span class='ocrx_word' id='word_1_806' title='bbox 453 2894 510 2921; x_wconf 87' lang='lat' dir='ltr'><strong>seq.</strong></span> <span class='ocrx_word' id='word_1_807' title='bbox 527 2886 679 2913; x_wconf 76' lang='grc' dir='ltr'>ἀπολαῦσαι</span> <span class='ocrx_word' id='word_1_808' title='bbox 695 2894 744 2922; x_wconf 86' lang='lat' dir='ltr'><strong>pro</strong></span> <span class='ocrx_word' id='word_1_809' title='bbox 759 2887 971 2914; x_wconf 78' lang='grc' dir='ltr'>ἀπολαύσεσθαι.</span> <span class='ocrx_word' id='word_1_810' title='bbox 992 2888 1029 2914; x_wconf 81' lang='lat' dir='ltr'><strong>In.</strong></span> 
     </span>
    </p>
   </div>
   <div class='ocr_carea' id='block_1_112' title="bbox 1124 2611 1878 2648">
    <p class='ocr_par' dir='ltr' id='par_1_112' title="bbox 1124 2611 1878 2648">
     <span class='ocr_line' id='line_1_115' title="bbox 1124 2611 1878 2648; baseline 0 -10"><span class='ocrx_word' id='word_1_811' title='bbox 1124 2611 1181 2647; x_wconf 75' lang='lat'><strong>(82)</strong></span> <span class='ocrx_word' id='word_1_812' title='bbox 1199 2611 1261 2639; x_wconf 68' lang='lat' dir='ltr'><strong>Haec</strong></span> <span class='ocrx_word' id='word_1_813' title='bbox 1275 2614 1366 2645; x_wconf 80' lang='lat' dir='ltr'><strong>verba,</strong></span> <span class='ocrx_word' id='word_1_814' title='bbox 1386 2612 1521 2648; x_wconf 80' lang='grc' dir='ltr'>ἀθυρώτῳ</span> <span class='ocrx_word' id='word_1_815' title='bbox 1545 2613 1593 2639; x_wconf 76' lang='grc' dir='ltr'><strong>καὶ</strong></span> <span class='ocrx_word' id='word_1_816' title='bbox 1610 2612 1743 2648; x_wconf 80' lang='grc' dir='ltr'>ὀλισθηρᾷ</span> <span class='ocrx_word' id='word_1_817' title='bbox 1762 2613 1878 2647; x_wconf 78' lang='grc' dir='ltr'>γλώττῃ,</span> 
     </span>
    </p>
   </div>
   <div class='ocr_carea' id='block_1_113' title="bbox 1090 2646 1615 2675">
    <p class='ocr_par' dir='ltr' id='par_1_113' title="bbox 1090 2646 1615 2675">
     <span class='ocr_line' id='line_1_116' title="bbox 1090 2646 1615 2675; baseline 0.002 -2"><span class='ocrx_word' id='word_1_818' title='bbox 1090 2646 1188 2673; x_wconf 84' lang='lat' dir='ltr'><strong>absunt</strong></span> <span class='ocrx_word' id='word_1_819' title='bbox 1202 2647 1293 2673; x_wconf 88' lang='lat' dir='ltr'><strong>omnia</strong></span> <span class='ocrx_word' id='word_1_820' title='bbox 1311 2654 1325 2673; x_wconf 91' lang='lat' dir='ltr'><strong>a</strong></span> <span class='ocrx_word' id='word_1_821' title='bbox 1341 2647 1402 2675; x_wconf 88' lang='lat' dir='ltr'><strong>cod.</strong></span> <span class='ocrx_word' id='word_1_822' title='bbox 1422 2646 1482 2674; x_wconf 78' lang='lat' dir='ltr'><strong>Vat.</strong></span> <span class='ocrx_word' id='word_1_823' title='bbox 1499 2646 1561 2675; x_wconf 78' lang='lat'><strong>650.</strong></span> <span class='ocrx_word' id='word_1_824' title='bbox 1576 2648 1615 2675; x_wconf 84' lang='lat' dir='ltr'><strong>lo.</strong></span> 
     </span>
    </p>
   </div>
   <div class='ocr_carea' id='block_1_114' title="bbox 1126 2681 1759 2717">
    <p class='ocr_par' dir='ltr' id='par_1_114' title="bbox 1126 2681 1759 2717">
     <span class='ocr_line' id='line_1_117' title="bbox 1126 2681 1759 2717; baseline 0.005 -11"><span class='ocrx_word' id='word_1_825' title='bbox 1126 2681 1183 2716; x_wconf 79' lang='lat'><strong>(85)</strong></span> <span class='ocrx_word' id='word_1_826' title='bbox 1205 2681 1366 2717; x_wconf 80' lang='lat' dir='ltr'><strong>Sequentia,</strong></span> <span class='ocrx_word' id='word_1_827' title='bbox 1386 2681 1498 2709; x_wconf 88' lang='grc' dir='ltr'>δύναται</span> <span class='ocrx_word' id='word_1_828' title='bbox 1515 2683 1564 2717; x_wconf 80' lang='grc' dir='ltr'><strong>μὲν</strong></span> <span class='ocrx_word' id='word_1_829' title='bbox 1578 2682 1676 2714; x_wconf 78' lang='grc' dir='ltr'>σώζειν</span> <span class='ocrx_word' id='word_1_830' title='bbox 1693 2683 1759 2714; x_wconf 83' lang='grc' dir='ltr'>τοὺς</span> 
     </span>
    </p>
   </div>
   <div class='ocr_carea' id='block_1_115' title="bbox 1087 2715 1882 2756">
    <p class='ocr_par' dir='ltr' id='par_1_115' title="bbox 1087 2715 1882 2756">
     <span class='ocr_line' id='line_1_118' title="bbox 1087 2715 1882 2756; baseline 0.001 -15"><span class='ocrx_word' id='word_1_831' title='bbox 1087 2723 1199 2756; x_wconf 47' lang='grc' dir='ltr'>τονταςρ</span> <span class='ocrx_word' id='word_1_832' title='bbox 1227 2716 1257 2742; x_wconf 87' lang='grc' dir='ltr'>οὐ</span> <span class='ocrx_word' id='word_1_833' title='bbox 1277 2715 1330 2756; x_wconf 66' lang='grc' dir='ltr'>μὴν</span> <span class='ocrx_word' id='word_1_834' title='bbox 1345 2717 1385 2747; x_wconf 82' lang='grc' dir='ltr'><strong>είς</strong></span> <span class='ocrx_word' id='word_1_835' title='bbox 1400 2717 1449 2756; x_wconf 67' lang='grc' dir='ltr'>τῂν</span> <span class='ocrx_word' id='word_1_836' title='bbox 1461 2715 1672 2756; x_wconf 46' lang='grc' dir='ltr'>τῆςςπαρθενίας</span> <span class='ocrx_word' id='word_1_837' title='bbox 1686 2715 1796 2756; x_wconf 37' lang='lat' dir='ltr'><strong>rivi-155t—</strong></span> <span class='ocrx_word' id='word_1_838' title='bbox 1807 2725 1882 2751; x_wconf 78' lang='grc' dir='ltr'>κορυ-</span> 
     </span>
    </p>
   </div>
   <div class='ocr_carea' id='block_1_116' title="bbox 1087 2751 1880 2786">
    <p class='ocr_par' dir='ltr' id='par_1_116' title="bbox 1087 2751 1880 2786">
     <span class='ocr_line' id='line_1_119' title="bbox 1087 2751 1880 2786; baseline 0.003 -10"><span class='ocrx_word' id='word_1_839' title='bbox 1087 2751 1157 2786; x_wconf 44' lang='grc' dir='ltr'>φήνς</span> <span class='ocrx_word' id='word_1_840' title='bbox 1171 2751 1241 2777; x_wconf 90' lang='lat' dir='ltr'><strong>idem</strong></span> <span class='ocrx_word' id='word_1_841' title='bbox 1266 2754 1327 2786; x_wconf 60' lang='lat' dir='ltr'><strong>coit.</strong></span> <span class='ocrx_word' id='word_1_842' title='bbox 1343 2754 1471 2778; x_wconf 79' lang='lat' dir='ltr'><strong>transfert</strong></span> <span class='ocrx_word' id='word_1_843' title='bbox 1493 2752 1526 2778; x_wconf 85' lang='lat' dir='ltr'><strong>ab</strong></span> <span class='ocrx_word' id='word_1_844' title='bbox 1544 2751 1589 2779; x_wconf 88' lang='lat' dir='ltr'><strong>illo</strong></span> <span class='ocrx_word' id='word_1_845' title='bbox 1605 2753 1664 2779; x_wconf 91' lang='lat' dir='ltr'><strong>loco</strong></span> <span class='ocrx_word' id='word_1_846' title='bbox 1686 2754 1713 2779; x_wconf 91' lang='lat' dir='ltr'><strong>in</strong></span> <span class='ocrx_word' id='word_1_847' title='bbox 1730 2760 1805 2780; x_wconf 88' lang='lat' dir='ltr'><strong>vers.</strong></span> <span class='ocrx_word' id='word_1_848' title='bbox 1823 2756 1880 2786; x_wconf 73' lang='lat' dir='ltr'><strong>post</strong></span> 
     </span>
    </p>
   </div>
   <div class='ocr_carea' id='block_1_117' title="bbox 1087 2785 1709 2822">
    <p class='ocr_par' dir='ltr' id='par_1_117' title="bbox 1087 2785 1709 2822">
     <span class='ocr_line' id='line_1_120' title="bbox 1087 2785 1709 2822; baseline 0.005 -11"><span class='ocrx_word' id='word_1_849' title='bbox 1087 2785 1114 2817; x_wconf 74' lang='grc' dir='ltr'>ὅ,</span> <span class='ocrx_word' id='word_1_850' title='bbox 1128 2785 1177 2822; x_wconf 67' lang='lat' dir='ltr'><strong>ubi</strong></span> <span class='ocrx_word' id='word_1_851' title='bbox 1198 2793 1229 2822; x_wconf 75' lang='lat' dir='ltr'><strong>ea</strong></span> <span class='ocrx_word' id='word_1_852' title='bbox 1257 2785 1373 2812; x_wconf 78' lang='lat' dir='ltr'><strong>collocat</strong></span> <span class='ocrx_word' id='word_1_853' title='bbox 1387 2792 1445 2820; x_wconf 85' lang='lat' dir='ltr'><strong>post</strong></span> <span class='ocrx_word' id='word_1_854' title='bbox 1456 2787 1646 2822; x_wconf 7' lang='grc' dir='ltr'>(ἀπηγόρευσε.</span> <span class='ocrx_word' id='word_1_855' title='bbox 1672 2787 1709 2814; x_wconf 83' lang='lat' dir='ltr'><strong>ID.</strong></span> 
     </span>
    </p>
   </div>
   <div class='ocr_carea' id='block_1_118' title="bbox 1123 2819 1878 2862">
    <p class='ocr_par' dir='ltr' id='par_1_118' title="bbox 1123 2819 1878 2862">
     <span class='ocr_line' id='line_1_121' title="bbox 1123 2819 1878 2862; baseline 0 -16"><span class='ocrx_word' id='word_1_856' title='bbox 1123 2819 1348 2862; x_wconf 48' lang='lat' dir='ltr'><strong>(8f)&quot;Deute_ron.</strong></span> <span class='ocrx_word' id='word_1_857' title='bbox 1375 2819 1474 2862; x_wconf 46' lang='lat' dir='ltr'><strong>ixzuti.</strong></span> <span class='ocrx_word' id='word_1_858' title='bbox 1494 2819 1613 2862; x_wconf 50' lang='lat' dir='ltr'><strong>Similem</strong></span> <span class='ocrx_word' id='word_1_859' title='bbox 1629 2821 1878 2862; x_wconf 18' lang='lat' dir='ltr'><strong>rallegorijunvide</strong></span> 
     </span>
    </p>
   </div>
   <div class='ocr_carea' id='block_1_119' title="bbox 1086 2854 1876 2891">
    <p class='ocr_par' dir='ltr' id='par_1_119' title="bbox 1086 2854 1876 2891">
     <span class='ocr_line' id='line_1_122' title="bbox 1086 2854 1876 2891; baseline 0.003 -11"><span class='ocrx_word' id='word_1_860' title='bbox 1086 2855 1156 2888; x_wconf 84' lang='lat' dir='ltr'><strong>apud</strong></span> <span class='ocrx_word' id='word_1_861' title='bbox 1168 2854 1300 2882; x_wconf 84' lang='lat' dir='ltr'><strong>Clemcnt.</strong></span> <span class='ocrx_word' id='word_1_862' title='bbox 1318 2855 1394 2882; x_wconf 79' lang='lat' dir='ltr'><strong>Alex.</strong></span> <span class='ocrx_word' id='word_1_863' title='bbox 1415 2856 1462 2883; x_wconf 91' lang='lat' dir='ltr'><strong>lib.</strong></span> <span class='ocrx_word' id='word_1_864' title='bbox 1483 2863 1501 2883; x_wconf 87' lang='grc' dir='ltr'><strong>ιι</strong></span> <span class='ocrx_word' id='word_1_865' title='bbox 1517 2855 1658 2890; x_wconf 76' lang='lat' dir='ltr'><strong>Slromat.,</strong></span> <span class='ocrx_word' id='word_1_866' title='bbox 1674 2854 1780 2891; x_wconf 48' lang='lat' dir='ltr'><strong>p.159.</strong></span> <span class='ocrx_word' id='word_1_867' title='bbox 1796 2855 1876 2884; x_wconf 70' lang='lat' dir='ltr'><strong>llr&#39;rr.</strong></span> 
     </span>
    </p>
   </div>
   <div class='ocr_carea' id='block_1_120' title="bbox 1784 2682 1881 2717">
    <p class='ocr_par' dir='ltr' id='par_1_120' title="bbox 1784 2682 1881 2717">
     <span class='ocr_line' id='line_1_123' title="bbox 1784 2682 1881 2717; baseline -0.01 -9"><span class='ocrx_word' id='word_1_868' title='bbox 1784 2682 1881 2717; x_wconf 78' lang='grc' dir='ltr'>φυλάτ-</span> 
     </span>
    </p>
   </div>
  </div>
