2045 3158
170 175 239 206 1009

620 172 883 203 EPl’STOLARUM
902 173 975 204 ΜΒ.
998 174 1054 204 11L
1069 186 1103 193 -
1121 175 1238 205 EPIST.
1260 172 1386 205 CCCLIL

1741 167 1807 198 10M

169 239 262 267 ρευσε.
275 230 321 266 Μὴ
335 229 425 256 τοίνυν
442 229 465 255 οἱ
478 228 591 264 τοιούτῳ
607 230 784 265 κατεχόμενοι
798 230 890 265 δεσμῷ
903 232 958 262 τοῖς

1022 237 1064 265 [ue
1080 235 1179 266 troptea
1197 231 1292 259 statuit
1311 240 1318 258 ε
1337 231 1391 258 hoc
1407 234 1497 258 autem
1517 235 1577 257 cum
1596 228 1733 257 mediocre
1749 227 1802 259 sit,

168 275 326 311 λελυμένοις
344 274 509 310 ἁμιλλᾶσθαι
526 275 685 302 οίέσθωσαν·
708 276 766 303 οὐδὲ
780 276 834 312 γὰρ
849 274 905 303 οἷόν
920 284 961 302 τε.

167 321 244 356 Μηδὲ
259 322 282 347 οι
297 320 484 356 χρηματισμῷ
498 321 543 347 καὶ
560 321 654 356 κόσμῳ
666 321 814 357 σωματικῷ
828 322 889 349 ὅλον
901 323 964 349 ἐαυ-

167 368 222 394 τών
239 366 384 398 ἀναθέντες
404 366 450 392 τὸν
464 366 531 401 βίον,
552 366 738 401 νομιζέτωσαν
756 367 800 394 ἴσα
825 365 893 394 ἆθλα
915 368 963 403 λή-

168 411 269 447 ψεσθαι
281 411 335 437 τῶν
350 411 565 446 ὰφιερωσάντων
582 411 696 443 ἑαυτοὺς
706 432 713 444 ,
728 413 776 438 καὶ
790 411 823 439 τὰ
844 412 891 439 τοῦ
907 413 964 439 Κυ-

172 458 232 493 ρίου
252 456 460 492 μεριμνώντων·
489 455 558 482 ἀλλὰ
580 456 609 482 ἐν
632 457 664 492 τῇ
687 457 864 493 προσηκούσῃ
890 458 964 490 τάξει

169 502 284 532 ἑαυτοὺς
296 501 478 536 φυλάττοντες
488 521 496 533 ,
512 501 549 536 μὴ
562 500 747 533 ὁπλιζέτωσαν
758 501 881 536 γλῶτταν
895 503 965 529 κατὰ

169 548 225 574 τῶν
240 548 281 579 εἰς
293 547 343 582 τὴν
359 547 485 582 οὐράνιον
502 547 624 583 κορυφὴν
641 547 809 574 ἀναϐάντων.
826 547 863 574 Οὐ
881 547 936 584 γὰρ
952 549 965 574 ὁ

170 593 260 628 γάμος
272 592 367 619 κακόν·
388 592 493 625 ἄπαγε·
513 592 582 619 ἀλλὰ
597 592 643 618 καὶ
657 592 769 627 ἔννομον
791 593 838 620 καὶ
859 591 964 628 σύμμε·

171 647 234 673 τρον
249 637 360 672 ἀγαθόν.
386 637 467 663 Ἀλλὰ
483 637 517 664 τὰ
537 638 703 673 ὲπισυρέντα
717 637 756 673 τῷ
773 639 854 674 γάμῳ
874 639 963 671 κακὰ,

173 681 254 708 ἱκανὰ
278 681 325 708 καὶ
345 681 394 716 τὴν
410 680 457 708 τοῦ
481 682 570 716 γάμου
591 681 728 717 ὰμὸλῦναι
751 684 858 718 ἡδονήν.
882 684 913 710 El
936 684 964 710 δὲ

172 727 220 754 καὶ
237 727 321 763 μηδὲν
334 726 435 754 τούτων
451 728 579 762 ἐπήγετο,
601 727 655 754 οὐδ’
676 728 763 760 οὕτως
776 730 809 764 τῇ
830 729 965 765 παρθενίᾳ

174 771 397 806 παραϐάλλεσθαι
412 772 517 804 δίκαιος
529 770 572 807 ἦν.
592 773 624 799 Ὃ
641 772 669 799 δέ
685 782 718 808 με
729 774 776 799 καὶ
788 773 964 809 ἐπειγόμενον

175 818 364 864 παραδραμεῖν
382 818 432 844 οὐκ
449 818 492 853 ἑᾷ,
508 817 586 844 τοῦτο
602 818 709 853 ῥητέον*
732 818 773 844 ὅτι
788 819 804 854 ὴ
823 819 871 853 μὲν
893 827 965 853 παρ-

177 862 253 889 Θενία
267 862 314 889 καῖ
326 863 408 890 τᾶλλα
421 863 558 898 χειροῦται
577 863 662 898 πάθη,
676 864 689 890 ὁ
700 863 727 889 δὲ
742 864 830 898 γάμος
844 864 891 890 καὶ
910 864 965 895 τοῖς

1016 280 1098 310 atque
1119 276 1340 303 imbecillioribus
1362 275 1517 303 adminiculi
1540 274 1599 303 loco
1622 280 1802 305 cencessum,

1014 326 1102 357 potest
1119 321 1227 356 quidem
1245 328 1308 354 eos,
1326 322 1371 356 qui
1391 321 1477 356 ipsum
1496 321 1609 349 illaesum
1629 319 1802 351 custodiunt,

1014 373 1125 394 servare
1141 375 1148 393 :
1165 369 1193 392 at
1209 373 1261 392 non
1279 366 1342 392 item
1360 366 1393 392 ad
1409 365 1570 399 virginitatis
1587 365 1723 400 fastigium
1741 364 1805 391 sult-
1828 378 1831 383 -

1014 411 1124 439 vehere.
1139 410 1218 438 Unde
1233 410 1314 437 etiam
1329 410 1477 444 spiritualis
1493 410 1546 443 lex,
1560 417 1617 441 ens,
1630 410 1677 445 qui
1692 416 1804 436 uxorem

1015 458 1166 490 duxerant,
1188 464 1220 484 ac
1239 457 1307 484 vites
1328 456 1531 491 plantaverant,
1551 456 1584 482 ad
1605 456 1702 483 bellant
1724 455 1804 486 illud,

1015 504 1087 540 quod
1105 511 1166 531 cum
1187 503 1373 538 spiritualibus
1392 502 1520 537 nequitiae
1538 502 1696 536 suscipitur,
1713 501 1804 536 egredi

1016 550 1110 578 vetuit.
1129 549 1194 584 Quae
1211 557 1271 576 cum
1291 549 1327 576 ita
1346 549 1415 582 sint,
1435 555 1487 575 non
1506 548 1533 574 in
1550 554 1582 575 ea
1601 547 1728 582 opinione
1746 554 1806 574 ver-

1015 600 1108 623 sentur
1121 595 1137 622 ii
1152 595 1197 629 qui
1212 593 1365 628 huiusmodi
1379 593 1494 620 vinculis
1510 592 1651 620 constricti
1667 595 1804 622 tenentur,

1016 644 1045 666 ut
1057 647 1116 666 cum
1131 639 1183 670 his,
1195 639 1240 674 qui
1254 639 1333 666 soluti
1348 646 1379 666 ac
1393 638 1470 666 liberi
1483 642 1557 670 sunt,
1570 641 1676 664 certare
1689 644 1717 663 se
1728 643 1807 670 posse

1015 685 1171 712 existiment
1186 684 1246 720 (nec
1261 684 1333 712 enim
1350 684 1375 712 id
1392 684 1449 712 ﬁeri
1467 683 1566 718 potest)
1584 690 1633 710 nec
1648 682 1692 717 qui
1709 689 1808 716 augen-

1016 730 1056 757 dis
1073 729 1187 764 opibus,
1201 730 1362 765 corporique
1379 730 1536 757 adornando
1554 729 1708 756 universam
1724 727 1806 755 vitam

1016 783 1091 802 suam
1108 775 1278 807 addixerunt,
1294 775 1388 803 eadem
1405 775 1514 809 prmmia
1530 781 1559 801 se
1574 779 1732 808 accepturos
1747 780 1808 800 esse

1018 821 1192 853 arbitrentur,
1208 829 1268 855 qum
1284 821 1317 854 ii,
1335 820 1380 855 qui
1397 819 1450 847 Deo
1468 823 1537 847 totos
1551 827 1580 847 se
1595 823 1807 850 consecrarunt,

1018 872 1050 892 ac
1065 872 1124 899 qua:
1139 865 1246 892 Domitii
1268 870 1330 892 sunt
1351 869 1446 892 curant
1463 874 1469 892 :
1489 872 1582 892 verum
1604 865 1630 891 in
1646 864 1807 898 congruenti

176 908 268 940 ἄῗιλοις
278 908 417 935 ἁλίσκεται
431 909 540 936 πάθεσι.
555 909 601 941 Τίς
615 909 669 944 γὰρ
683 909 726 936 ἵνα
740 909 817 935 παισὶ
828 909 969 945 χορηγήσῃ

1022 911 1104 945 gradu
1117 911 1220 945 scipsos
1235 915 1368 943 tenentes,
1382 910 1511 938 adversus
1523 917 1581 943 eos,
1594 910 1638 944 qui
1652 910 1685 936 ad
1698 910 1807 936 caeleste

176 954 297 989 τροφὰς,
311 955 341 980 οὐ
354 955 442 981 πάντα
458 955 529 981 ποιεῖ
544 955 578 981 τὰ
594 955 630 990 μὴ
646 955 785 990 πρέποντα
797 955 844 982 καὶ
858 956 896 987 εἰς
910 964 968 982 κιν-

177 999 272 1031 δύνους
292 999 387 1026 ἑαυτὸν
404 1001 511 1034 ῥιπτεῖ,
533 1000 581 1026 καὶ
602 1000 641 1030 εἰς
654 1000 772 1034 πέλαγος
783 1020 790 1032 ,
807 1001 853 1026 καὶ
867 1000 905 1032 εἰς
919 1000 968 1036 θη-

180 1043 246 1079 ρίων
260 1043 352 1079 βοράν.
369 1040 450 1070 Οὗτοι
472 1042 518 1071 οὖν
534 1044 571 1077 ὡς
593 1044 709 1079 ἀνδρεῖοι
731 1045 777 1070 καὶ
792 1045 969 1080 τροπαιοῦχοι

180 1088 377 1124 ἐναϐρύνεσθαι
389 1089 497 1116 θέλουσι
510 1090 577 1125 (85).
589 1090 644 1116 Καὶ
657 1089 697 1121 τίς
709 1090 833 1121 ἀνέξεται
844 1099 851 1123 ;
863 1090 904 1122 τίς
916 1091 970 1126 γὰρ

180 1135 271 1167 αὐτοῖς
286 1136 433 1171 ἐπαρκέσει
448 1136 543 1171 καιρὸς
556 1136 625 1171 πρὸς
639 1136 668 1162 τὸ
680 1136 766 1163 ταῦτα
778 1136 812 1163 τὰ
825 1137 971 1172 τραύματα

181 1181 366 1216 οεραπεῦσαι;
386 1182 434 1213 Τις
452 1182 480 1208 δὲ
495 1182 525 1208 οὗ
549 1181 714 1216 συναλγήσει
733 1183 789 1213 τοῖς
808 1182 860 1209 ὑπὸ
875 1181 969 1208 τοσού-

180 1235 234 1253 των
250 1226 336 1262 βελῶν
358 1227 629 1262 κατατετρωμένοις;
647 1227 772 1253 Τοσαῦτα
795 1227 849 1262 γὰρ
873 1228 972 1259 αὐτοὺς

181 1271 304 1307 περιέχει
319 1271 407 1303 κακὰ,
426 1269 469 1298 οἷα
487 1272 541 1299 οὐδ’
558 1272 705 1308 ἐννοῆσαι,
726 1273 787 1299 οὐδὲ
807 1273 911 1308 φράσαι
928 1273 974 1300 διὰ

182 1318 214 1344 τδ
238 1317 336 1353 πλῆθος
357 1318 478 1346 δυνατόν.
497 1318 679 1345 Παυέσοωσαν
702 1316 747 1345 οὖν
768 1318 822 1345 τῶν
845 1318 972 1346 τοιούτων

183 1363 282 1397 λόγων,
299 1363 345 1390 καὶ
366 1364 402 1399 μὴ
415 1364 486 1390 κατὰ
499 1364 547 1399 τῆς
563 1364 711 1398 παρθενίας
725 1364 910 1396 ὁπλιζέτωσαν
924 1365 973 1400 τὴν

183 1409 315 1443 γλῶτταν·
333 1409 389 1436 ἀλλ’
404 1410 441 1442 ὡς
457 1410 579 1444 βασιλίδα
593 1410 678 1445 αὐτὴν
695 1410 912 1446 γεραιρέτωσαν,
926 1411 974 1437 καὶ

184 1454 231 1480 ὑπ’
248 1454 316 1490 αὐτῇ
333 1454 533 1487 ταττέσθωσαν,
554 1455 597 1481 ἵνα
622 1455 708 1490 ἔχοιεν
722 1455 805 1490 αὐτὴν
822 1456 868 1482 καὶ
887 1456 974 1491 ὑπερ-

184 1499 353 1531 ασπίζουσιιν
374 1500 422 1526 καὶ
441 1500 654 1535 πρεσϐεύουσαν.
680 1500 762 1535 Ἡλίῳ
780 1501 830 1535 μὲν
844 1501 899 1536 γὰρ
911 1501 974 1532 τοὺς

184 1545 234 1580 τὴν
254 1545 402 1581 παρθενίαν
427 1546 486 1581 (ἵνα
500 1547 547 1572 καὶ
566 1546 701 1581 οὐρανίοις
718 1547 864 1581 χρήσωμαι
879 1555 969 1582 παρα-

184 1590 343 1626 δείγμασι)·
360 1591 458 1627 σελήνῃ
476 1591 504 1618 δὲ
514 1592 577 1623 τοὺς
601 1591 649 1626 τὴν
668 1592 843 1627 ἐγκράτειαν,
864 1591 975 1627 ἄστροις

185 1636 214 1663 δὲ
231 1636 293 1668 τοὺς
311 1636 356 1663 τὸν
367 1637 455 1672 τίμιον
476 1637 564 1673 γάμον
582 1637 795 1673 ἀσπασαμένους
812 1638 858 1664 καὶ
878 1639 973 1674 διατη-

187 1682 337 1718 ρήσαντας,
359 1684 581 1719 παραὸάλλεσθαι
609 1684 703 1719 θέμις,
731 1684 848 1720 μάλιστα
872 1685 972 1720 ἐπιψη-

186 1729 315 1763 φίσαντας
324 1729 369 1756 τοῦ
381 1730 523 1756 θεσπεσίου
535 1729 706 1762 Παύλου,καὶ
716 1730 849 1764 λέγοντος·
866 1739 875 1756 ι
889 1730 973 1765 Ἀλλη

185 1774 248 1808 δόξα
271 1775 362 1810 ἡλίου,
377 1775 425 1803 καὶ
439 1775 505 1812 ἄλλη
525 1775 588 1808 δόξα
605 1776 736 1811 σελήνης,
759 1777 805 1803 καὶ
819 1776 886 1812 ἄλλη
909 1776 974 1809 δόξα

186 1820 320 1856 ἀστέρων.
345 1830 354 1847 ι
386 1854 389 1856 ,

1019 963 1147 984 cacumen
1169 956 1364 989 ascenderunt,
1386 955 1505 991 linguam
1530 964 1562 983 ne
1585 959 1693 984 acuant.
1716 954 1808 989 Neque

1019 1002 1089 1030 enim
1105 1001 1255 1036 coniugium
1267 1001 1364 1028 malum
1375 1005 1415 1028 est
1425 1001 1505 1036 (absit
1514 1001 1543 1037 !),
1559 1008 1648 1028 verum
1658 1000 1807 1035 legitimum

1020 1048 1099 1074 etiant
1119 1055 1151 1074 ac
1171 1047 1305 1074 mediocre
1325 1046 1435 1074 bonum.
1454 1047 1489 1073 At
1511 1047 1580 1073 mala
1603 1050 1683 1073 ea‘et
1705 1046 1808 1072 incom-

1021 1093 1110 1125 moda,
1131 1100 1190 1128 qua:
1212 1093 1413 1119 matrimonium
1434 1099 1525 1120 secum
1548 1092 1641 1124 trahit,
1663 1091 1696 1117 ad
1717 1096 1808 1118 retun-

1021 1139 1134 1166 dendam
1148 1143 1175 1165 et
1190 1138 1368 1165 ltebetandam
1386 1138 1550 1165 matrimonii
1565 1137 1727 1172 v'oluptatem
1743 1137 1809 1164 satis

1023 1192 1145 1219 magnam
1157 1185 1210 1211 vim
1226 1185 1335 1212 habent.
1350 1184 1437 1218 Atque
1449 1184 1529 1211 etiam
1543 1184 1564 1210 si
1579 1183 1644 1210 nihil
1658 1183 1753 1210 horum
1766 1189 1813 1209 se-

1022 1238 1082 1258 cum
1101 1231 1236 1263 traheret,
1255 1238 1288 1258 ne
1304 1230 1344 1257 sic
1359 1230 1468 1264 quidem
1487 1234 1577 1256 tamen
1595 1229 1704 1264 dignum
1721 1232 1808 1260 esset,

1023 1275 1092 1310 quod
1111 1283 1172 1302 cum
1190 1275 1346 1309 virginitate
1363 1275 1541 1302 conferretur.
1562 1273 1637 1307 Quod
1656 1278 1746 1300 autem
1765 1279 1810 1299 me

1023 1322 1104 1349 etiam
1120 1325 1322 1356 properantem,
1337 1321 1476 1355 praeterire
1491 1327 1542 1346 non
1559 1319 1632 1350 sinit.
1649 1319 1700 1346 hoc
1717 1318 1809 1345 dicen-

1024 1366 1086 1393 dum
1101 1370 1156 1398 est,
1173 1372 1268 1400 nempe
1282 1365 1352 1400 quod
1367 1364 1508 1400 virginitas
1521 1364 1573 1392 alia
1585 1364 1667 1391 etiam
1683 1363 1746 1390 vitia
1763 1370 1812 1390 ex-

1025 1416 1142 1446 pugnat:
1157 1411 1354 1438 matrimonium
1369 1416 1458 1437 autem
1472 1410 1532 1437 aliis
1545 1417 1650 1445 quoque
1665 1409 1735 1436 vitiis
1749 1416 1812 1436 cor-

1026 1457 1131 1491 ripitur.
1151 1456 1255 1490 Quotus
1272 1457 1344 1484 enim
1362 1457 1476 1491 quisque
1493 1460 1552 1488 est,
1572 1456 1617 1491 qui
1638 1460 1666 1482 ut
1684 1455 1813 1482 alimenta

1025 1502 1086 1530 filiis
1107 1502 1304 1535 subministret,
1326 1509 1378 1529 non
1399 1501 1500 1532 omnia,
1521 1508 1579 1536 quae
1600 1507 1692 1535 parum
1715 1506 1814 1527 conve-

1026 1548 1112 1581 niant,
1126 1547 1217 1581 faciat,
1229 1552 1311 1583 atque
1324 1547 1350 1574 in
1366 1546 1484 1581 pericula
1497 1551 1523 1574 et
1539 1547 1564 1573 in
1579 1546 1697 1580 pelagus,
1711 1552 1742 1572 ac
1755 1545 1813 1572 bel-

1029 1595 1081 1623 luis
1097 1595 1123 1622 in
1138 1595 1255 1630 praedam
1271 1602 1300 1622 se
1315 1593 1461 1628 conjiciat?
1473 1592 1506 1619 At
1523 1592 1630 1619 interim
1648 1596 1735 1618 tamen
1751 1591 1794 1617 isti
1805 1609 1812 1622 ,

1029 1645 1059 1668 ut
1080 1641 1162 1668 fortes
1182 1645 1209 1667 et
1229 1639 1354 1675 laurigeri
1375 1638 1483 1674 gloriari
1503 1637 1605 1665 volunt.
1628 1637 1660 1663 Et
1681 1636 1741 1671 quis
1762 1636 1813 1663 hoc

1027 1685 1117 1714 ferat?
1131 1685 1293 1719 Quodenim
1309 1685 1341 1711 ad
1359 1686 1415 1711 hate
1429 1683 1540 1710 vulnera
1558 1682 1726 1717 pcrsananda
1744 1687 1811 1708 tent-

1028 1731 1101 1766 poris
1116 1730 1232 1764 spatium
1248 1728 1379 1757 sufﬁciet?
1394 1728 1522 1761 Quisnam
1539 1731 1629 1754 autem
1646 1734 1750 1758 eorum,
1766 1726 1812 1760 qui

1028 1781 1066 1803 tot
1082 1775 1142 1803 telis
1156 1774 1268 1802 sauciati
1284 1777 1364 1807 Sunt,
1382 1773 1467 1801 vicem
1486 1779 1537 1799 non
1555 1772 1661 1799 doleat?
1676 1771 1726 1798 'l‘ot
1742 1770 1814 1798 enim

1026 1829 1073 1850 eos
1095 1821 1163 1848 mala
1184 1820 1366 1852 circumdant,
1388 1823 1416 1846 ut
1436 1826 1466 1846 ea
1489 1819 1523 1845 ob
1544 1817 1742 1845 multitudinem
1765 1823 1814 1843 nec

187 1871 278 1893 mente
301 1867 505 1901 comprehendi,
529 1874 578 1894 nec
597 1867 688 1895 verbis
711 1867 840 1901 explicari
863 1868 976 1902 possint.
999 1867 1178 1901 Quamobrem
1193 1865 1346 1900 huiusmodi
1361 1863 1529 1892 sermonibus
1550 1863 1628 1890 linem
1660 1863 1809 1897 imponant.

188 1918 221 1938 ac
233 1919 285 1939 non
298 1912 427 1939 adversus
438 1911 618 1944 virginitatem
632 1912 749 1947 linguam
763 1913 899 1940 instruant
912 1922 918 1940 :
932 1920 1024 1940 verum
1060 1917 1088 1938 ut
1124 1912 1244 1946 reginam
1262 1911 1346 1944 ipsam
1368 1910 1469 1936 honore
1487 1912 1694 1943 prosequantur.
1730 1907 1810 1941 eique

190 1965 220 1984 se
233 1957 388 1992 subjiciant,
402 1961 431 1984 ut
443 1964 501 1984 eam
514 1961 541 1984 et
554 1957 788 1992 propugnatricem
801 1961 826 1984 et
842 1956 923 1992 395
939 1957 1160 1985 interventricem
1193 1956 1318 1982 habeant.
1333 1953 1388 1981 Soli
1418 1953 1488 1980 enim
1502 1954 1542 1988 (ut
1556 1952 1711 1980 ccelestibus
1741 1959 1808 1986 quo»

189 2010 242 2037 que
262 2003 392 2037 exemplis
415 2002 487 2037 utar)
508 2009 570 2034 eos,
591 2003 635 2037 qui
654 2003 837 2036 virginitatem
861 2003 974 2037 amplexi
995 2007 1067 2035 sunt,
1081 2002 1150 2029 luna:
1166 2006 1255 2029 autem
1271 2007 1328 2034 eos,
1355 2000 1402 2035 qui
1427 1999 1631 2032 continentiam,
1648 2005 1680 2025 ac
1694 1997 1812 2032 denique

189 2048 277 2076 stellis
291 2056 352 2082 eos,
367 2049 412 2084 qui
429 2049 588 2077 ltonorabile
603 2049 766 2076 conuubium
783 2049 898 2084 amplexi
916 2055 978 2077 sunt
993 2054 1075 2084 atque
1091 2051 1304 2078 consarvarunt,
1335 2053 1493 2081 comparare
1510 2045 1588 2078 licet,
1606 2044 1721 2070 maxime
1750 2049 1811 2069 cum

191 2095 299 2122 divinus
322 2095 421 2122 Paulus
446 2095 578 2123 calculum
603 2103 679 2123 suum
705 2096 801 2129 addat,
823 2104 855 2124 ac
879 2097 951 2124 dicat

191 2137 280 2167 larunt
290 2141 322 2167 ".
344 2150 352 2166 ι

421 2185 504 2212 TNB’.
520 2200 554 2205 —
569 2186 612 2222 Tn
636 2186 736 2222 ΑΥΤῼ.

233 2242 350 2269 Ἐκεῖνον
369 2243 447 2278 μόνον
465 2243 497 2269 ἂν
522 2243 609 2277 ἔγωγε
626 2243 676 2279 ζῇν
695 2243 795 2278 κυρίως
818 2243 976 2279 ὀρισαίμην,

189 2287 238 2313 τὸν
249 2286 303 2313 τῶν
318 2287 480 2322 σωματικῶν
501 2287 595 2314 παθῶν
609 2288 752 2323 κρείττονα
764 2288 812 2315 καὶ⁹
830 2288 977 2324 ἀνώτερον.

195 2333 226 2359 Ὀ
240 2333 295 2368 γὰρ
309 2333 422 2364 ἐκείνοις
437 2333 533 2360 ἑαυτὸν
547 2333 698 2367 ὑποζεύξας
708 2353 715 2366 ,
729 2335 776 2360 καὶ
790 2334 860 2361 κατὰ
876 2334 977 2370 κράτος

190 2378 238 2404 ὑπ’
254 2377 344 2404 αὐτῶν
360 2377 550 2413 ἐλαυνόμενος,
570 2378 600 2404 οὺ
616 2378 696 2413 μόνον
708 2378 749 2409 εις
760 2378 791 2404 τὸ
804 2377 917 2412 ἔσχατον
932 2386 976 2403 τε-

189 2423 274 2458 λευτᾷ.
297 2423 443 2458 βάραῦρον,
460 2423 517 2450 ἀλλ’
533 2423 592 2450 οὐδὲ
605 2424 656 2459 ζῇν
675 2423 790 2450 ἐνταῦθα
810 2423 920 2450 δύναται
934 2423 977 2450 διὰ

191 2470 240 2500 τὰς
253 2469 284 2501 ἐξ
299 2468 387 2495 αὐτῶν
406 2468 505 2501 λύπας,
522 2469 569 2495 καὶ
582 2469 644 2501 τοὺς
661 2469 771 2504 φόϐους,
783 2470 831 2496 καὶ
845 2470 908 2501 τοὺς
921 2479 978 2496 κιν-

189 2515 286 2546 δύνους
296 2536 302 2548 ,
314 2515 418 2541 καὶτὸν
434 2515 530 2551 μυρίον
543 2516 633 2542 αὐτῶν
644 2515 737 2551 ἑσμόν.
755 2516 806 2542 'Av
816 2524 846 2541 τε
858 2515 910 2551 γὰρ
928 2515 976 2542 θά-

191 2569 273 2592 νατος
294 2560 485 2596 προσδοκηθῇ,
515 2561 628 2596 τέθνηκε
650 2562 697 2588 καὶ
721 2561 774 2596 πρὸ
793 2561 840 2587 τοῦ
861 2561 976 2588 θανάτου

189 2606 232 2641 τῷ
247 2606 311 2632 δέει*
325 2606 355 2632 ἄν
366 2615 396 2632 τε
411 2606 498 2637 νόσος,
508 2607 540 2634 ἄν
553 2615 583 2633 τε
601 2606 691 2643 ὕϐρις,
710 2607 743 2633 ἄν
752 2615 782 2633 τε
798 2607 888 2639 πενία,
903 2607 935 2633 ἄν
949 2615 979 2632 τε

190 2651 287 2687 ἕτερόν
310 2660 336 2678 τι
367 2651 421 2678 τῶν
445 2652 593 2687 ἀδοκήτων,
624 2652 748 2678 ἀπόλωλε
775 2652 822 2678 καὶ
850 2652 904 2678 ἀπὸ
930 2652 981 2687 τῆς

226 2731 250 2746 ⁵³
264 2730 277 2758 l
291 2731 352 2758 Cor.
367 2738 410 2763 xv,
425 2730 471 2757 41.

975 2105 981 2123 :
1001 2105 1010 2122 ι
1028 2095 1087 2123 Alia
1103 2093 1187 2130 gloria
1202 2093 1281 2126 solis,
1297 2092 1348 2119 alia
1363 2092 1448 2127 gloria
1462 2091 1546 2122 lunai.
1574 2090 1625 2116 alia
1640 2089 1724 2124 gloria
1749 2088 1814 2115 stel-

1272 2185 1389 2213 CCCLII.
1406 2199 1440 2204 —
1457 2183 1572 2211 EIDEM.

1066 2245 1133 2271 Eum
1154 2243 1278 2279 equidem
1298 2245 1353 2278 ipse
1373 2242 1458 2269 solum
1480 2242 1587 2276 proprie
1606 2241 1696 2268 virere
1715 2246 1816 2268 statue-

1031 2291 1082 2318 rim
1092 2311 1099 2324 ,
1114 2290 1158 2325 qui
1175 2289 1297 2324 corporis
1311 2287 1479 2323 passiouibus
1494 2287 1709 2322 prmstantiorem
1724 2294 1756 2314 ac
1770 2294 1815 2314 su-

1031 2336 1184 2364 blimiorem
1203 2343 1232 2363 se
1248 2335 1358 2370 praebet.
1376 2333 1440 2360 Nam
1458 2334 1504 2368 qui
1521 2333 1638 2367 seipsum
1656 2332 1707 2360 illis
1725 2333 1816 2368 subje-

1032 2382 1083 2415 cit,
1098 2386 1177 2416 atque
1192 2382 1226 2408 ab
1240 2381 1273 2407 iis
1288 2387 1392 2408 summa
1406 2380 1431 2406 vi
1448 2379 1612 2414 exagitatur,
1627 2386 1680 2406 non
1695 2379 1774 2407 modo
1788 2380 1816 2406 in

1032 2433 1182 2454 extremam
1197 2426 1273 2453 exitii
1286 2425 1441 2459 voraginem
1457 2424 1570 2458 desinit,
1586 2425 1633 2453 sed
1648 2431 1682 2452 ne
1697 2424 1742 2452 hic
1756 2424 1816 2458 qui-

1032 2473 1091 2500 dem
1104 2472 1194 2499 vivere
1207 2475 1304 2506 potest,
1318 2471 1353 2498 ob
1366 2477 1424 2503 eas,
1436 2478 1496 2505 qua:
1508 2470 1542 2498 ab
1555 2470 1607 2498 illis
1621 2476 1742 2503 manant,
1757 2477 1814 2497 mo-

1032 2518 1133 2550 lestias,
1153 2522 1181 2545 et
1200 2521 1298 2549 metus,
1318 2521 1346 2544 et
1367 2516 1499 2551 pericula,
1520 2521 1547 2544 et
1568 2516 1701 2544 infinitth
1722 2523 1815 2542 eorum

1033 2569 1155 2590 examen.
1176 2562 1242 2589 Nam
1264 2562 1320 2589 sive
1342 2569 1415 2589 tnors
1438 2566 1622 2596 exspectetur,
1641 2565 1713 2587 metu
1734 2560 1818 2586 etiam

1035 2613 1096 2634 ante
1113 2612 1227 2635 mortem
1245 2607 1414 2635 exanimatur
1432 2615 1439 2634 :
1457 2607 1513 2634 sive
1531 2606 1655 2636 morbus.
1674 2604 1731 2631 sive
1748 2611 1815 2631 con-

1036 2652 1160 2686 tumelia,
1177 2653 1234 2680 sive
1250 2657 1408 2687 paupertas,
1426 2650 1482 2677 sive
1498 2650 1568 2677 aliud
1585 2648 1712 2684 quiddam
1730 2648 1816 2681 inopi-

740 2807 857 2834 VARL'E
876 2807 1068 2836 LECTIONES
1088 2807 1130 2833 ET
1156 2806 1269 2834 ΝΟΤιΕ.

236 2881 295 2916 (83)
315 2880 366 2909 Pro
380 2881 484 2908 Θέλουσι
505 2881 652 2916 ροιιίῐ.ςο.1.
672 2880 734 2908 ναι.
751 2881 859 2913 δίκαιοι,
872 2885 898 2908 et
915 2888 970 2908 vcrt

1022 2881 1099 2912 0515,
1115 2887 1162 2914 pro
1179 2879 1263 2913 βελῶν
1274 2878 1367 2906 scribit
1380 2876 1479 2903 κακῶν.
1502 2875 1605 2902 Possm.
