2045 3158
238 160 304 192 1οΗ

840 164 870 193 S.
892 162 1037 194 ISIDORI
1055 164 1272 194 PELUSIOTE

1796 160 1862 192 1012

239 218 311 247 nati,
329 215 411 243 etiam
431 222 463 242 ex
484 214 540 243 sola
560 215 717 249 suspicione
737 215 816 250 periit
835 222 859 243 et
878 218 1022 244 exstinctttt

1082 219 1208 250 ὑπονοίας
1232 217 1331 253 μόνης,
1353 217 1399 244 καὶ
1423 217 1593 253 διέφθαρται.
1616 216 1686 242 Ἀλλ’
1703 216 1752 250 οὐχ
1774 216 1787 241 ὁ
1809 216 1861 242 τῶν

237 267 288 290 est.
310 262 343 288 At
364 268 418 288 non
440 261 467 287 in
491 260 587 287 eadem
609 268 690 288 causa
712 265 770 293 est,
790 262 836 297 qui
859 263 1017 291 turbulentis

237 306 319 334 animi
337 305 551 339 permotionibus
567 305 723 333 dominatur
737 315 745 334 :
761 300 900 334 verum—iet
917 309 1023 335 timori-

238 354 288 380 bus
303 356 329 379 et
346 350 488 386 periculis,
505 357 537 378 ac
555 351 671 386 denique
687 352 759 379 omni
779 353 926 380 mutatione
943 361 1022 388 supe-

238 398 293 425 rior
305 402 345 425 est
359 406 366 424 :
380 404 432 424 non
446 397 518 432 quod
531 397 597 424 nihil
612 398 730 432 patiatur
742 398 811 434 (hoc
823 400 894 427 enim
907 399 1022 427 fortasse

239 444 296 472 fieri
313 444 425 480 nequit),
442 444 499 476 sed.
515 444 586 478 quod
603 444 688 471 tnulto
704 444 792 478 majus
808 449 887 478 atque
903 444 1022 471 admira-

239 491 317 518 bilius
334 495 464 524 tropaaum
483 490 581 522 edicit,
601 490 663 525 quia
682 497 713 517 ea
731 489 858 524 impetum
877 490 1020 522 facientia,

239 542 266 563 et
282 536 429 568 velitantia,
447 537 553 571 telaque
569 536 704 563 mittentia
721 540 888 563 contemnat.

325 600 456 629 CCCLlll.
472 615 507 622 —-
524 599 701 629 TlMOTllEO
719 598 932 628 CLARISSIMO.

274 655 306 683 Et
321 656 342 683 si
357 656 525 688 Chaeremon,
539 660 567 682 ul
582 654 727 689 scripsisti,
739 654 796 687 ilie,
808 655 928 690 inquam,
938 655 1021 682 Euse-

240 702 275 730 bii
290 702 414 737 stipalor,
429 710 460 729 ex
478 701 561 736 ipsius
575 702 769 729 consuetudine
785 706 865 736 atque
880 701 1022 728 familiari-

241 754 294 776 tate
303 753 443 779 exacutus,
453 748 485 774 ad
495 755 574 774 omne
582 747 669 775 scelus
678 748 803 781 tanquam
813 752 896 775 uestro
906 747 1020 782 qundam

241 794 378 825 incitatur,
396 801 445 820 nec
463 792 541 820 fidem
560 792 695 828 agnoscit,
713 800 804 820 verum
822 793 856 820 ob
873 792 1023 827 iniquitatis

240 839 375 867 licentiam
384 838 558 873 jurejurando
569 839 689 865 abutitur
700 838 940 874 (reconciliationis
950 838 1021 865 enim

240 883 341 911 frrdera
358 883 489 918 percutit,
505 887 532 911 el
548 883 727 918 implacabilis
741 888 849 916 manet;
865 888 940 917 pacta
957 882 1021 915 init,

240 935 266 958 et
286 929 430 961 rescindit;
448 928 532 963 jurat,
550 933 577 956 et
598 928 700 956 fraudis
720 928 859 956 materiam
880 933 959 963 atque
981 928 1023 955 in-

239 979 420 1002 strumentum
436 974 592 1009 iuramenta
607 974 834 1009 habet);attamen
850 982 910 1001 meo
923 974 1025 1007 judicio

240 1021 274 1051 is.
294 1021 339 1056 qui
362 1028 423 1048 eum
444 1024 544 1052 tuetur,
564 1027 635 1047 nune
657 1020 765 1055 quidem
787 1019 918 1047 scelerum
943 1019 1026 1052 ipsius

239 1066 345 1100 culpam
368 1066 482 1101 percipit
504 1075 510 1093 :
533 1070 626 1100 postea
651 1070 740 1092 autem
764 1065 922 1100 ampliorem
945 1065 1024 1092 etiam

240 1112 363 1146 supplicii
383 1116 486 1146 partem
503 1112 643 1147 percipiet.

347 1176 477 1204 CCCLIV.
495 1191 529 1196 —
548 1175 662 1204 ΡΜ]ιο
680 1175 918 1204 PRESBYTERO.

275 1231 416 1258 Sacerdoti
433 1238 481 1265 pro
494 1231 589 1266 opibus
602 1235 642 1257 est
655 1230 760 1257 virtutis
775 1235 961 1257 ornamentum
977 1237 1025 1265 pro

240 1277 376 1310 voluptate
394 1277 516 1308 castitas,
535 1284 584 1312 pro
602 1277 666 1304 luxu
685 1276 834 1312 frugalitas,
852 1284 901 1311 pro
919 1277 1022 1309 laetitia,

239 1328 344 1353 eorum,
363 1321 459 1355 quibus
481 1327 594 1356 prmcst,
616 1321 649 1349 ad
668 1322 794 1349 virtutem
817 1322 1024 1350 incrementum.

240 1367 316 1400 Quod
332 1368 354 1394 si
371 1368 431 1401 quis
445 1367 580 1394 contraria
596 1368 639 1394 his
653 1367 774 1394 instituta
791 1373 916 1401 sequens,
933 1374 1024 1393 sacer-

240 1413 306 1439 dotii
323 1413 432 1440 nomine
447 1413 589 1448 gloriatur,
606 1413 650 1440 hic
665 1413 795 1446 profanus
809 1417 860 1444 est,
878 1418 958 1447 atque
973 1413 1024 1439 im-

194 1461 201 1469 '
241 1458 316 1492 perio
335 1457 470 1492 indignus.

318 1522 438 1550 CCCLV.
456 1536 489 1543 -ο-
507 1521 686 1550 MARTYRIO
706 1522 942 1550 PRESBYTERO.

428 1578 465 1605 De
485 1579 590 1605 Ariani:
608 1583 632 1605 et
652 1577 836 1604 Eunomianis.

275 1644 304 1671 Si
320 1644 452 1671 humanas
467 1641 624 1670 all‘ectioues
639 1642 720 1677 (quod
736 1649 768 1669 ne
781 1642 854 1669 dictu
869 1641 951 1677 396
965 1641 1024 1676 qui-

241 1693 300 1718 dem
315 1691 355 1718 las
368 1689 420 1725 est)
435 1697 481 1724 per
493 1689 582 1716 omnia
598 1693 736 1723 sequatur,
751 1688 796 1723 qui
811 1687 928 1715 divinam
942 1695 1024 1722 gene-

241 1737 371 1764 rationem
385 1734 522 1766 describit,
536 1734 599 1771 illud
615 1734 711 1760 merito
724 1733 817 1761 audire
830 1738 922 1767 queat.
935 1733 962 1760 Si
977 1733 1024 1760 tibi

239 1783 312 1810 circa
327 1781 527 1817 generationem
543 1780 649 1806 affectio
665 1780 785 1814 fingitur,
797 1785 824 1806 et
838 1780 903 1807 mihi
918 1787 1025 1814 quoque

239 1829 312 1856 circa
329 1827 495 1856 creationem
515 1836 522 1855 :
541 1833 627 1860 neque
643 1826 714 1852 enim
732 1827 757 1852 id
776 1825 847 1860 quod
864 1830 973 1853 creatur
990 1826 1023 1860 (si

240 1874 387 1902 imbecilles
400 1873 537 1900 hominum
546 1872 723 1906 cositationes
735 1871 854 1906 sequar),
869 1872 970 1906 absque
985 1871 1024 1898 af-

240 1920 356 1947 fectione
370 1921 487 1945 creatur.
503 1917 550 1944 Sin
567 1922 669 1949 autem,
684 1922 711 1944 ut
729 1918 862 1944 divinitati
880 1921 1023 1944 consenta-

240 1973 319 1992 neum
337 1968 393 1996 est,
411 1971 441 1991 ea
459 1962 584 1997 quidem,
601 1970 660 1997 quae
678 1963 828 1997 purissima:
844 1963 881 1990 illi
899 1963 1023 1990 essentia:

239 2008 415 2039 conveniunt,
432 2007 572 2038 admittat,
588 2014 647 2042 qua:
665 2012 756 2035 autem
774 2008 862 2035 aliena
879 2012 906 2035 et
922 2007 1024 2036 absona

240 2058 312 2085 sunt,
331 2056 486 2087 praetereat,
505 2052 580 2085 illud,
599 2053 620 2080 si
643 2053 722 2080 modo
742 2061 815 2080 sanae
836 2053 949 2081 rationis
970 2057 1022 2086 est,

240 2098 358 2133 cogitare
371 2097 459 2128 debet,
474 2098 544 2132 quod
558 2098 685 2132 quoniam
699 2098 821 2125 mortalis
834 2098 866 2124 ad
880 2099 951 2125 hunc
963 2106 1021 2125 mo-

239 2144 302 2171 dum
321 2143 417 2178 gignit,
436 2143 597 2170 immortalis
615 2150 668 2170 non
688 2144 752 2170 item
771 2153 778 2171 :
795 2144 1021 2178 quemadmodum

239 2190 364 2218 videlicet
379 2190 404 2216 in
421 2189 538 2216 creando
552 2189 597 2215 ille
610 2196 670 2216 cum
686 2188 791 2221 labore,
806 2188 850 2215 hic
867 2189 933 2215 citra
948 2187 1022 2215 labo-

240 2244 296 2263 rem
314 2239 398 2262 creat.
415 2234 477 2262 iltec
494 2235 566 2262 enim
584 2242 676 2262 secum
694 2239 833 2268 reputans,
851 2234 897 2261 illa
914 2241 1021 2268 quoque

204 2289 213 2297 ·
239 2280 420 2309 oculatissima
442 2287 528 2312 mens,
547 2288 579 2307 ac
596 2281 670 2308 velut
689 2280 780 2307 divino
801 2279 911 2307 numine
930 2287 1022 2307 corre-

239 2334 295 2362 pta,
311 2326 426 2354 terrenis
441 2326 567 2354 omnibus
581 2326 712 2361 exetnplis
727 2326 882 2360 praeteritis,
897 2325 1021 2360 splendo-

241 2379 296 2400 rem
309 2372 410 2406 gloriae,
422 2377 449 2399 et
462 2371 574 2407 figuram
587 2377 704 2407 paterna
714 2372 914 2406 substantiae“,
925 2372 1021 2399 Filium

240 2419 310 2446 haud
326 2418 461 2445 immerito
474 2418 614 2445 deﬁnivit:
629 2425 677 2453 per
689 2418 753 2445 illud
768 2418 894 2444 nimirum
909 2423 1021 2445 coaeter-

239 2465 362 2498 nitatem,
374 2472 423 2499 per
439 2464 491 2491 hoc
507 2469 595 2490 autem
615 2471 676 2490 eum
695 2471 836 2498 personam
858 2464 1022 2492 constituere

239 2512 440 2538 demonstrans.
457 2509 679 2543 Quandoquidem
693 2509 766 2536 enim
779 2510 866 2544 prius,
882 2510 953 2545 quod
969 2510 1020 2545 by-

1078 265 1173 292 παθῶν
1188 263 1296 299 κρατῶν
1311 264 1441 295 τοιοῦτος·
1461 263 1530 290 ἀλλὰ
1554 263 1602 289 καὶ
1621 262 1721 297 φόϐων,
1740 261 1788 288 καὶ
1806 270 1859 288 κιν-

1076 310 1172 343 δύνων,
1193 309 1240 337 καὶ
1261 309 1412 344 μεταϐολῆς
1429 310 1538 344 ἁπάσης
1552 309 1667 342 ἕστηκεν
1687 307 1862 342 ὑψηλότερος,

1076 355 1105 381 οὒ
1120 355 1158 390 τῷ
1177 355 1259 390 μηδὲν
1271 355 1416 391 ὑπομένειν
1431 354 1525 389 (τοῦτο
1542 354 1596 389 γὰρ
1611 354 1674 385 ἴσως
1688 353 1845 387 ἀμήχανον)
1855 373 1862 383 ,

1076 400 1133 427 ἀλλ’
1155 400 1169 426 ὃ
1198 400 1245 427 καὶ
1266 399 1354 436 πολλῷ
1378 400 1471 435 μεῖζόν
1494 401 1551 426 ἐστι
1577 399 1624 425 καὶ
1647 397 1862 433 παραδοξότερον

1075 447 1147 472 ποιεῖ
1166 446 1196 472 τὸ
1208 446 1337 481 τρόπαιον
1349 446 1388 481 τῷ
1407 446 1454 473 καὶ
1473 445 1696 482 προσϐαλλόντων
1711 443 1800 470 αὐτῶν
1818 444 1862 469 καὶ

1076 492 1326 527 ἁκροϐολιζομένων
1346 492 1393 519 καὶ
1411 491 1647 525 κατατοξευόντων
1662 491 1852 524 καταφρονεῖν.

1180 603 1264 630 ΤΝΓ’.
1287 618 1321 622 -
1341 602 1491 638 ΤΙΜυΘΕῼ
1511 601 1754 635 ΛΑΜΠΡΟΤΑΤῼ.

1113 658 1143 684 Ei
1158 657 1206 684 καὶ
1220 658 1384 693 Χαιρήμων,
1397 657 1435 688 ὠς
1448 656 1606 692 γέγραφας.
1621 657 1634 682 ὁ
1658 655 1788 682 Εὑσεϐίου
1814 655 1862 681 ὑπ-

1076 702 1220 737 ασπιστὴς,
1235 703 1267 729 ὲκ
1282 703 1332 737 τῆς
1351 701 1433 729 αὑτοῦ
1449 701 1591 731 συνουσίας
1608 700 1777 735 ὴκονημένος
1797 700 1863 734 πρὸς

1076 749 1165 774 πᾶσαν
1179 747 1278 775 κακίαν
1292 748 1402 783 οἰστρᾷ,
1421 748 1468 774 καὶ
1483 747 1574 773 πίστιν
1589 746 1638 772 οὐκ
1652 743 1732 778 οἶδεν,
1752 745 1808 771 ἀλλ’
1821 746 1862 771 ἐπ’

1075 794 1182 826 ἀδικίας
1201 794 1278 830 ἀδείᾳ
1291 794 1345 829 (86)
1367 793 1498 828 κέχρηται
1519 793 1575 824 τοῖς
1591 792 1683 826 ὅρκοις
1704 791 1863 826 (σπένδεται

1075 838 1139 874 γὰρ,
1156 839 1203 865 καὶ
1229 839 1304 873 μένει
1329 839 1500 873 ἁκήρυκτος”
1524 836 1660 871 συνθήκας
1679 837 1796 862 ποιεῖται
1816 836 1863 862 καὶ

1042 883 1152 932 Βλιὶει·
1179 883 1275 917 ὄμνυσι
1306 885 1353 910 καὶ
1379 883 1546 918 πανουργίας
1574 883 1678 918 ἐφόδιον
1712 882 1769 917 ἔχει
1803 883 1864 914 τοὺς

1077 930 1174 965 ὅρκους
1189 929 1270 964 (87))'
1295 929 1365 956 ἀλλά
1386 938 1418 964 γε
1441 930 1455 956 ὁ
1476 929 1570 956 τοῦτον
1595 929 1772 964 συγκροτῶν,
1800 929 1863 963 παρ’

1075 975 1137 1010 ἐμοὶ
1160 976 1260 1010 κριτῇ,
1283 974 1331 1001 νῦν
1350 975 1398 1010 μὲν
1428 974 1582 1010 καρποῦται
1607 974 1661 1000 τῶν
1684 973 1788 1000 κακιῶν
1812 974 1861 1007 τὴν

1075 1021 1174 1048 αἰτίαν·
1198 1021 1310 1055 ὕστερον
1334 1021 1362 1048 δὲ
1380 1020 1427 1048 καὶ
1439 1021 1491 1055 τῆς
1505 1020 1583 1055 δίκης
1603 1020 1634 1046 τὸ
1649 1019 1729 1046 πλέον
1748 1019 1861 1055 καρπὼι

1076 1076 1161 1094 σεται.

1199 1176 1283 1203 ΤΝΔ’.
1308 1191 1343 1196 --
1367 1176 1482 1211 ΠΔΥΛῼ
1502 1174 1736 1210 ΠΡΕΣΒΥΤΕΡῼ.

1111 1231 1155 1265 Τῷ
1168 1232 1310 1267 ἱερωμένῳ
1324 1230 1438 1262 πλοῦτος
1452 1230 1501 1265 μὲν
1521 1230 1536 1256 ὸ
1555 1231 1604 1265 τῆς
1629 1229 1732 1265 ἀρετῆς
1748 1228 1861 1263 κόσμος.

1075 1277 1157 1313 ἡδονὴ
1170 1277 1197 1304 δὲ
1212 1278 1228 1312 ἡ
1244 1276 1423 1311 σωφροσύνη,
1445 1276 1535 1310 τρυφὴ
1548 1276 1576 1302 δὲ
1597 1276 1614 1310 ὴ
1634 1276 1783 1310 αὐτάρκεια
1795 1295 1802 1305 ,
1818 1273 1863 1299 εὐ-

1076 1323 1195 1358 φροσύνη
1221 1323 1249 1349 δὲ
1270 1323 1286 1358 ἡ
1306 1322 1358 1349 τῶν
1379 1322 1506 1356 ὑπηκόων
1525 1322 1593 1356 πρὸς
1613 1321 1713 1356 ἀρετὴν
1732 1319 1862 1349 ἐπίδοσις·

1075 1369 1099 1394 εί
1121 1367 1148 1394 δέ
1173 1376 1215 1398 τις
1236 1367 1367 1394 τάναντία
1392 1367 1494 1393 τούτων
1517 1365 1683 1400 ἐπιτηδεύων
1714 1364 1862 1399 ἱερωσύνης

1075 1413 1186 1448 ὀνόματι
1208 1412 1400 1448 ὲναὸρὺνεται,
1416 1409 1495 1443 οὗτος
1516 1411 1624 1446 ἀνίερος
1642 1410 1790 1444 τυγχάνει,
1815 1408 1863 1434 καὶ

1075 1459 1124 1494 τῆς
1140 1459 1226 1494 ἀρχῆς
1247 1458 1363 1490 ἀνάξιος.

1172 1522 1258 1548 ΤΝΕ’.
1281 1537 1315 1542 ——
1336 1522 1514 1557 ΜΛΡΤΥΡῘῼ
1533 1521 1766 1556 ΠΡΕΣΒΥΤΕΡῼ.

1208 1576 1280 1610 Περὶ
1306 1575 1461 1610 Ἄρειανῶν
1475 1576 1523 1602 καὶ
1537 1575 1731 1610 εὐνομιανὼν.

1111 1642 1142 1668 El
1167 1642 1216 1677 μὲν
1235 1643 1291 1673 τοῖς
1310 1641 1490 1677 ἀνθρωπίνοις
1509 1641 1623 1668 πάθεσιν
1642 1642 1728 1676 (ὅπερ
1747 1641 1809 1667 οἰδε
1827 1642 1864 1667 εξ-

1077 1688 1137 1714 πεῖν
1156 1687 1236 1723 θέμις
1256 1686 1327 1714 κατὰ
1347 1688 1434 1714 πάντα
1452 1687 1542 1722 ’ἑῷοιτο
1556 1688 1570 1714 ὁ
1587 1688 1636 1723 τὴν
1649 1688 1725 1714 θείαν
1737 1687 1864 1722 γέννησιν

1075 1733 1252 1769 ὑπογράφων,
1272 1733 1385 1760 ἀκοῦσαι
1399 1733 1417 1760 ἃ.
1435 1733 1477 1768 εἴη
1494 1733 1595 1765 δίκαιος
1606 1755 1612 1766 ,
1623 1734 1663 1759 ἴτι
1682 1734 1708 1760 εἴ
1724 1742 1764 1759 ao:
1780 1734 1864 1764 πάθος

1076 1778 1222 1806 πλάττεται
1237 1779 1301 1814 περὶ
1314 1779 1363 1814 τὴν
1376 1780 1513 1814 γέννησιν,
1527 1779 1609 1813 κάμοὶ
1622 1779 1686 1815 περὶ
1700 1779 1749 1813 τὴν
1765 1780 1861 1805 κτίσιν.

1075 1825 1142 1852 Οὐδὲ
1157 1826 1209 1860 γὰρ
1221 1825 1251 1851 τὸ
1264 1826 1421 1860 κτιζὸμενον
1434 1827 1442 1860 (
1454 1826 1477 1851 εἰ
1489 1827 1544 1856 τοῖς
1556 1825 1679 1851 ἀσθενέσι
1692 1825 1746 1851 τῶν
1760 1824 1864 1859 ἀνθρὼ-

1075 1882 1134 1899 πων
1159 1872 1297 1907 λογισμοῖς
1322 1871 1456 1906 ἑψοίμην)
1481 1871 1594 1902 ἀπαθῶς
1623 1871 1764 1903 κτῑζεται·
1791 1871 1814 1896 εἰ
1835 1871 1862 1896 δὲ

1075 1916 1250 1953 θεοπρεπῶς,
1270 1916 1305 1943 τὰ
1322 1917 1371 1952 μὲν
1399 1917 1569 1952 ἁρμόττοντα
1593 1918 1625 1952 τῇ
1647 1916 1778 1950 ἀκηράτῳ
1795 1916 1862 1949 (87')

1073 1964 1151 1998 οὐσία
1180 1962 1372 1996 καταδέξοιτο,
1397 1962 1432 1988 τὰ
1457 1962 1484 1988 δὲ
1513 1963 1607 1998 ἀπηχῆ
1633 1961 1860 1997 παριππεύσειεν,

1059 2009 1199 2044 ,ἐννοῆσαι
1215 2008 1316 2042 ὀξείλει
1331 2008 1389 2042 εἴγε
1406 2008 1437 2034 τδ
1456 2008 1607 2042 λογιστικὸν
1630 2007 1786 2043 ἐρρωμένον
1807 2006 1863 2041 ἔχει

1073 2055 1114 2082 ὄτι
1135 2054 1229 2090 ἐπειδὴ
1251 2054 1265 2080 6
1285 2054 1380 2089 θνητος
1400 2053 1486 2085 οὕτως
1510 2053 1608 2080 τίκτει.
1626 2053 1640 2079 ὁ
1663 2053 1796 2083 ἀθάνατος
1814 2053 1862 2086 οὐχ

1073 2101 1159 2132 οὕτως
1170 2108 1177 2115 ·
1194 2099 1287 2135 ὥσπερ
1301 2097 1348 2126 οὖν
1364 2099 1411 2126 καὶ
1424 2101 1438 2126 6
1455 2100 1563 2131 κτίςωνι
1579 2099 1593 2125 ὁ
1610 2099 1658 2124 μὲν
1675 2098 1744 2133 μετὰ
1761 2098 1841 2123 πόνον
1852 2117 1860 2128 ,

1072 2147 1086 2172 ὁ
1105 2146 1132 2172 δὲ
1147 2146 1266 2181 ἀμογητὶ
1284 2145 1380 2176 κτίζει.
1398 2143 1489 2170 Ταῦτα
1505 2143 1557 2178 γὰρ
1572 2143 1700 2177 ἐννοήσας
1717 2142 1765 2168 καὶ
1778 2143 1792 2168 ὁ
1814 2150 1860 2167 πσ-

1073 2192 1226 2226 λυόμματος
1238 2190 1299 2222 νοῦς
1309 2211 1316 2223 ,
1329 2190 1376 2216 καὶ
1389 2189 1483 2224 ὥσπερ
1495 2189 1586 2219 ἔνθους
1599 2188 1741 2223 γενόμενος
1752 2209 1759 2219 ,
1774 2188 1861 2214 πάντα

1073 2239 1107 2266 τὰ
1130 2239 1211 2273 γήϊνα
1237 2237 1445 2272 παραδείγματα
1471 2235 1669 2271 παραδραμὼν,
1692 2234 1860 2269 ἀπαύγασμα

1074 2284 1123 2319 τῆς
1136 2284 1230 2318 δόξης,
1246 2283 1293 2309 καὶ
1305 2282 1468 2318 χαρακτῆρα
1481 2281 1532 2315 τῆς
1550 2281 1725 2311 ὑποστάσεως
1744 2280 1795 2313 τῆς
1811 2289 1861 2306 πα-

1073 2331 1185 2365 τρικῆς,
1201 2329 1246 2355 τὸν
1259 2328 1316 2355 υἱὸν
1329 2328 1441 2358 εἰκότως
1455 2326 1586 2362 ὡρίσατο·
1604 2325 1643 2360 τῷ
1657 2326 1707 2360 μὲν
1722 2325 1754 2351 τδ
1769 2326 1859 2351 συναΐ-

1071 2376 1137 2405 διον,
1154 2374 1193 2408 τῷ
1212 2373 1240 2400 δὲ
1260 2374 1291 2399 τδ
1310 2373 1490 2399 ὲνυπόστατον
1507 2370 1653 2406 παριστὰς.
1678 2370 1787 2405 Ἐπειδὴ
1808 2370 1860 2403 γὰρ

1071 2419 1101 2445 τὸ
1119 2419 1224 2453 πρῶτον
1239 2417 1425 2444 ἀνυπόστατον
1437 2415 1588 2450 φαντασίαν
1601 2416 1666 2446 toto;
1678 2415 1748 2440 τισὶν
1759 2414 1858 2446 ἔτικτε,

1070 2465 1114 2494 διὰ
1129 2464 1176 2491 τοῦ
1190 2464 1315 2499 δευτέρου
1331 2463 1380 2498 τὴν
1394 2461 1569 2488 ὑποστάσεων
1582 2461 1726 2496 ποιητικὴν
1741 2460 1860 2487 ὑπόστα-

1072 2518 1113 2536 σιν
1129 2510 1338 2545 ὲχαρακτήρισε.

238 2556 355 2591 postasis
371 2563 468 2590 expers
485 2560 574 2589 esset,
592 2556 708 2590 speciem
726 2555 840 2584 fortasse
855 2561 936 2592 atque
954 2557 1173 2592 imaginationem
1198 2556 1333 2584 nonnullis
1364 2555 1496 2591 pariebat,
1529 2554 1631 2582 idcirco
1645 2560 1694 2588 per
1723 2552 1859 2588 posterius

239 2604 405 2640 hypostasim
421 2603 602 2639 hypostaseon
617 2602 777 2632 eﬂicientem
794 2605 907 2632 notavit.

272 2681 385 2710 “Hebr.
400 2690 419 2715 l,
437 2682 463 2708 5.

784 2737 901 2764 VARUE
925 2738 1115 2766 LEC'l‘lONES
1140 2737 1184 2765 ΕΤ
1206 2737 1320 2766 NOTAE.

271 2816 326 2847 (86)
345 2815 396 2842 Pro
413 2815 490 2849 ἀδείᾳ
505 2814 575 2841 idem
594 2814 753 2849 codahabet
766 2813 818 2842 ἀεί.
839 2814 943 2842 Possm.

273 2852 328 2886 (Et?)
347 2850 446 2878 Confer
460 2849 579 2877 Salvian.
595 2849 641 2876 lib.
659 2848 695 2875 De
707 2849 842 2882 gubernat.
860 2849 917 2877 Dei.
933 2849 1013 2877 Rm.

1100 2817 1165 2851 (87‘)
1175 2816 1226 2843 l‘ro
1241 2815 1370 2851 ἀκηράτῳ
1382 2815 1451 2843 idem
1465 2814 1523 2843 cod.
1534 2813 1597 2849 legit
1613 2814 1735 2850 ἀκράτῳ.
1750 2814 1855 2843 Possm.
