2045 3158
182 175 250 207 1013

409 229 503 262 τΝςι,
523 244 557 250 ——
574 230 617 266 Tn
638 231 739 265 ΑΥΤῼ.

216 283 327 314 Ἔοικας
344 282 374 309 οὖ
393 283 507 318 συνορᾷν
525 282 580 317 (88)
601 283 636 309 τὰ
650 283 731 318 μέχρι
753 283 800 310 νῦν
819 285 965 319 γινόμενα,

178 329 226 355 καὶ
238 328 281 355 διὰ
299 328 378 355 τοῦτο
396 328 581 363 γεγραφέναι,
596 328 629 354 δι’
643 329 676 364 ἥν
693 329 782 356 αἰτίαν
796 330 909 365 Δαρείου
920 330 966 357 τοῦ

178 374 270 410 Μήδου
286 374 360 409 τρεῖς
382 374 526 405 τακτικοὺς
547 376 786 410 χειροτονήσαντος
800 372 855 411 (ὧν
873 373 913 407 εἷς
933 374 967 411 ἦν

178 420 249 446 καὶὸ
260 417 455 453 Δανιὴλ),ὥστε
467 418 559 454 ἄρχειν
572 418 625 445 τῶν
639 419 880 454 χειροτονηθέντων
892 420 967 455 παρὰ

178 465 261 492 αὑτοῦ
284 464 380 491 ἑκατὸν
400 464 503 490 εῐκοσιν
518 464 664 499 ἀρχόντων,
688 465 871 500 συγκρίνουσα
887 466 968 492 αὐτὸν

178 510 195 544 ἡ
213 508 307 544 Γραφὴ
320 529 327 541 ,
344 507 405 534 δέον
420 509 476 540 τοῖς
492 508 559 540 ἴσοις
577 509 656 543 μόνον
669 509 822 545 συγκρῖναι,
844 511 892 537 καὶ
911 511 967 542 τοῖς

179 556 269 592 πολλῷ
286 556 342 591 (88)
365 555 571 591 ὑποδεεστέροις
586 556 752 591 συνέκρινεν.
779 558 876 593 Ἤρκει
894 557 948 592 γὰρ
960 577 966 588 ,

179 602 247 637 ἔφης
257 622 265 634 ,
280 601 362 637 ἡτῶν
376 601 600 635 συντεταγμένων
617 601 738 636 ὑπεροχὴ
748 621 755 634 ,
772 603 818 628 καὶ
833 602 882 637 τὴν
898 602 969 629 κατὰ

178 646 235 674 τῶν
254 647 481 682 ὑποτεταγμένων
495 646 571 681 νίκην
586 647 763 679 ἐνδείξασθαι.
777 647 834 674 Νῦν
845 648 873 674 δέ
889 656 966 683 φησι*

182 701 191 717 ι
211 693 266 719 Καὶ
281 690 316 728 ἦν
332 692 430 727 Δανιὴλ
452 692 521 727 ὑπὲρ
537 693 601 723 τοὺς
613 694 761 725 τακτικοὺς
774 693 821 719 καὶ
841 694 902 725 τοὺς
919 702 968 720 σα-

182 739 297 774 τράπας·
313 738 384 765 τοῦτ’
400 738 469 772 ἐστι,
488 739 639 775 σοφώτερος
655 740 814 775 ἀπεδείχθη,
835 741 881 767 καὶ
896 741 966 768 κατὰ

183 784 231 818 τὴν
243 783 374 818 διοίκησιν
386 784 612 820 ἐπιτηδειότερος,
628 785 658 811 οὑ
673 785 751 819 μόνον
763 785 816 811 τῶν
831 785 902 812 δυοῖν
914 786 969 813 τῶν

184 829 293 863 ὲξόχων,
310 828 377 855 ἀλλὰ
396 829 442 855 καὶ
456 829 510 856 τῶν
527 830 584 865 μετ’
601 829 710 860 αὐτούς.
731 830 764 856 Ἠ
780 830 808 856 δὲ
829 830 907 863 λύσις
921 831 968 858 τοῦ

185 873 348 908 ζητουμένου
370 874 450 909 αὕτη.
474 876 581 911 Ἐπειδὴ
604 876 740 911 ἐνεδέχετο
753 876 800 911 τὴν
819 876 866 902 τοῦ
891 876 968 911 βασι-

183 920 251 951 λέως
269 920 358 955 κρίσιν
378 920 427 956 οὐχ
447 920 511 956 ὑγιῆ
529 922 725 955 τυγχάνουσαν,
753 921 882 954 πολλάκις
905 922 967 954 τοὺς

183 965 364 1000 φαυλοτέρους
379 967 419 997 είς
434 959 521 1001 ἀρχὴν
538 966 632 1001 φέρειν
647 965 679 1001 (ὃ
693 966 724 1002 δὴ
742 966 815 1001 φιλεῖ
835 967 967 1001 γίνεσθαι,

183 1012 213 1037 οὐ
231 1012 311 1046 μόνον
327 1013 372 1039 ἐπὶ
386 1011 440 1038 τῶν
457 1011 609 1047 βασιλειῶν,
627 1011 695 1038 ἀλλὰ
711 1013 758 1039 καὶ
775 1013 820 1039 ἐπὶ
834 1013 887 1039 τῶν
909 1013 969 1040 Ἐκ-

183 1058 320 1092 κλησιῶν·
335 1058 362 1085 τί
381 1059 435 1093 γὰρ
451 1058 490 1085 δεῖ
502 1057 662 1093 θαυμάζειν,
678 1058 736 1084 είοί
752 1058 866 1094 βιωτικὰ
879 1059 968 1094 πράγ-

185 1112 256 1138 ματα
271 1104 502 1140 ὲγκεχειρισμένοι
519 1105 630 1132 τοιαῦτα
650 1105 862 1140 ἁμαρτάνουσιν,
888 1104 969 1131 ὁπότε

184 1149 232 1175 καὶ
247 1149 285 1180 είς
297 1149 332 1175 τὰ
349 1149 415 1183 am
429 1149 615 1185 εῐσεκώμασεν
627 1149 695 1184 αὕτη
712 1150 728 1183 ὴ
746 1149 842 1183 ἀλογία
855 1151 882 1182 ;)
901 1147 969 1175 εἶναι

182 1194 212 1220 δέ
224 1203 298 1226 τινας
315 1196 344 1221 ὲν
363 1195 401 1230 τῷ
419 1194 515 1230 πλήθει
533 1195 638 1222 συνέσει
659 1194 761 1222 τούτων
776 1194 949 1230 προῦχοντας
962 1214 968 1226 ,

183 1240 338 1274 ἀναγκαίως
353 1241 402 1276 τὴν
416 1240 558 1275 σύγκρισιν
580 1240 627 1267 τοῦ
649 1240 753 1267 δικαίου
775 1241 805 1266 οὗ
824 1241 891 1275 πρὸς
908 1241 971 1271 τοὺς

184 1285 233 1311 δύο
249 1286 345 1321 μόνους
362 1286 510 1321 ἐποιήσατο
532 1286 688 1317 τακτικοὺς,
714 1285 786 1312 τοῦτ’
811 1286 885 1318 ἔστι,
909 1286 971 1317 τοὺς

184 1330 240 1356 τῶν
256 1330 457 1366 στρατιωτικῶν
470 1330 573 1363 τάξεων
592 1330 778 1366 ἡγουμένους,
796 1330 843 1357 καὶ
862 1330 971 1357 τάττον-

184 1383 236 1406 τας
252 1375 351 1406 ταύτας
377 1375 437 1402 ὅποι
453 1376 523 1411 χρὴ,
542 1375 596 1402 εἴτε
620 1376 649 1402 ἑν
664 1375 784 1411 πολέμῳ,
807 1376 862 1402 εἴτε
885 1376 915 1402 ἐν
936 1376 971 1402 εί-

187 1421 267 1455 ρήνῃ,
280 1420 346 1447 ἀλλὰ
365 1421 413 1447 καὶ
430 1421 496 1457 πρὸς
513 1421 575 1453 τοὺς
589 1421 684 1452 ἄλλους
705 1420 838 1452 ἅπανταςι
857 1421 906 1447 οὐκ
918 1421 972 1448 ἀπὸ

184 1466 236 1500 τῆς
250 1465 411 1500 κρατοῦντος
423 1467 545 1502 γνώμης,
562 1467 610 1502 τῆς
628 1466 758 1498 πολλάκις
772 1466 971 1501 διαμαρτανού-

185 1519 254 1545 σης,
276 1511 331 1537 ἀλλ’
349 1511 402 1537 ἀπο
415 1512 464 1547 τῆς
478 1512 532 1538 τῶν
555 1512 725 1547 ’πραγμάτων
741 1512 868 1547 ἀληθείας
893 1513 972 1540 αὑτὸν

188 1556 358 1590 στεφανοῦσα
371 1557 438 1592 (89).
462 1554 630 1592 Ὑπερέιρερε
647 1557 702 1593 γὰρ
719 1558 749 1584 οὺ
767 1558 846 1593 μόνον
860 1559 914 1585 τῶν
927 1559 971 1585 δο-

186 1601 292 1634 ξάντων
305 1602 343 1636 τῷ
357 1602 461 1637 βασιλεῖ
475 1602 591 1628 συνετῶν
614 1600 684 1629 εἶναι
694 1623 701 1635 ,
718 1603 787 1629 ἀλλά
801 1604 848 1629 καὶ
862 1603 915 1630 τῶν
929 1604 974 1630 δν-

186 1655 241 1678 τως
256 1647 384 1675 συνετῶν.
400 1647 445 1674 Διὸ
460 1648 508 1674 καὶ
532 1647 569 1683 [6]
588 1648 714 1683 βασιλεὺς
733 1649 783 1683 μὲν
807 1649 974 1684 κατέστησεν

187 1692 269 1718 αὐτὸν
291 1692 333 1726 ἐφ’
350 1692 414 1727 ὅλης
435 1693 486 1727 τῆς
501 1692 638 1727 βασιλείας
649 1712 656 1725 ,
674 1693 705 1719 ἐκ
724 1692 778 1719 τῶν
792 1694 974 1728 πραγμάτων,

187 1737 332 1771 κρείττονα
345 1737 399 1764 τῶν
420 1737 521 1764 λοιπῶν
536 1737 655 1773 δηλονότι
678 1737 804 1772 ὀφθέντα·
821 1738 846 1764 οί
862 1737 884 1764 δ’
901 1739 975 1766 ἄλλοι

186 1782 279 1814 δόλους
296 1783 342 1809 καὶ
359 1783 511 1818 σκευωρίας
538 1783 651 1818 ῥάπτειν
674 1783 857 1816 διεγίνωσκον.
877 1783 975 1816 Φθόνος

187 1829 244 1865 γὰρ
258 1831 317 1861 ταῖς
332 1830 494 1866 εὐπραγίαις
510 1831 765 1866 ἀντιστρατεύεσοαι
781 1831 913 1865 πέφυκεν.

596 174 858 204 EPISTOLARUM
880 175 953 206 I.lll.
973 177 1028 207 Ill.
1045 191 1079 196 -
1098 181 1216 211 EPIST.
1237 181 1405 211 CCCLVIII.

1738 181 1805 215 10M

1252 237 1385 266 CCCLVI.
1401 252 1435 259 ——
1452 237 1567 266 EIDEM.

1053 288 1159 317 Videris
1175 296 1218 323 ea,
1236 298 1296 326 qum
1312 292 1345 319 ad
1364 292 1415 320 hoc
1432 300 1517 327 usque
1535 297 1640 328 tempus
1658 292 1734 326 ﬁunt,
1752 295 1800 321 mi-

1018 333 1089 362 nime
1105 340 1244 368 perspecta
1262 336 1370 368 habere,
1385 343 1416 364 ac
1433 342 1575 371 propterea
1590 344 1638 372 per
1651 337 1756 366 litteras
1771 345 1804 366 ex

1018 387 1060 407 me
1070 380 1221 415 quasiissc,
1232 388 1375 415 quamnam
1387 381 1422 408 ob
1433 388 1553 415 causam,
1566 390 1626 410 cum
1640 382 1736 410 Darius
1749 388 1805 412 tres

1017 428 1100 455 duces
1118 427 1281 455 instituisset
1297 426 1379 462 (inter
1394 434 1462 462 quos
1479 430 1561 455 etiam
1579 429 1670 456 Daniel
1688 429 1805 464 erat),ut

1017 474 1125 498 centum
1143 474 1170 498 et
1185 470 1278 506 viginti
1296 470 1430 505 praefectis
1445 471 1479 498 ab
1493 478 1526 498 eo
1543 472 1689 508 designatis
1706 481 1806 508 praees-

1018 519 1089 548 sent,
1102 515 1240 550 Scriptura
1254 523 1315 543 eum
1329 522 1500 550 comparans,
1514 524 1562 550 pro
1575 524 1607 544 eo
1621 523 1702 552 atque
1715 520 1804 554 ipsum

1017 560 1165 594 aequalibus
1174 561 1304 588 duntaxat
1312 560 1429 588 conferri
1438 562 1590 596 oportebat,
1598 570 1659 590 cum
1669 563 1703 590 iis
1712 564 1805 596 etiam,

1018 605 1063 640 qui
1074 605 1157 633 multo
1166 606 1306 634 inferiores
1314 610 1401 639 erant,
1409 607 1594 640 comparabat.
1602 607 1805 641 Abundeenim,

1019 651 1125 685 inquis,
1143 657 1203 679 erat
1221 652 1384 687 collegarum
1401 653 1581 688 prmcellentia
1599 653 1632 680 ad
1650 653 1714 680 illud
1733 654 1806 681 indi--

1019 697 1145 730 candum,
1168 704 1228 724 eum
1264 698 1393 726 adversus
1415 698 1555 726 inferiores
1579 705 1686 733 quoque
1722 699 1806 726 victo-

1019 743 1086 769 riam
1115 743 1272 771 obtinuisse.
1287 742 1363 770 Nunc
1377 747 1467 771 autem
1482 744 1519 771 ait
1535 753 1541 771 :
1559 753 1568 770 ι
1586 743 1619 771 Et
1633 749 1692 770 erat
1712 743 1806 771 Daniel

1019 795 1101 822 Super
1117 788 1199 816 duces
1215 793 1241 816 et
1258 793 1382 822 satrapas
1393 789 1445 821 “,v
1458 790 1567 822 hocest,
1586 789 1744 823 sapientior,
1763 796 1806 815 at-

1019 840 1071 868 que
1086 833 1119 860 ad
1134 841 1223 860 rerum
1240 833 1500 860 administrationem
1517 833 1605 868 aptior
1618 840 1678 860 esse
1695 833 1808 859 demon-

1020 882 1121 905 stratus
1139 883 1195 912 est,
1215 886 1266 906 non
1287 878 1365 906 modo
1384 877 1489 906 duobus
1507 878 1560 906 illis
1578 877 1686 905 eximiis
1703 884 1735 904 ac
1754 878 1806 911 pti-

1026 925 1128 957 mariis,
1144 926 1190 952 sed
1207 925 1287 952 etiam
1306 924 1348 957 iis,
1364 925 1409 958 qtti
1427 924 1603 959 posteriorem
1621 923 1654 950 iis
1670 923 1810 957 dignitatis

1024 969 1110 996 locant
1131 969 1267 996 tenebant.
1285 968 1446 1002 Quaestionis
1462 973 1550 995 atttem
1568 967 1666 995 solutio
1682 968 1739 994 lucc
1754 971 1806 994 est.

1024 1015 1154 1048 Quoniam
1170 1014 1225 1041 ﬁeri
1241 1019 1359 1048 poterat,
1375 1019 1403 1041 ut
1416 1014 1486 1049 regis
1497 1013 1626 1048 judicium
1643 1013 1753 1040 minime
1765 1021 1808 1040 sa-

1023 1068 1087 1088 num
1109 1064 1135 1087 et
1155 1060 1287 1094 integrum
1308 1060 1456 1088 deteriores
1476 1067 1594 1094 persaepe
1613 1060 1644 1086 ad
1665 1059 1807 1093 imperium

1023 1105 1130 1133 etTerret
1148 1105 1234 1140 (quod
1253 1105 1359 1139 quidem
1379 1105 1436 1132 ﬁeri
1456 1105 1612 1136 consuevit,
1631 1111 1684 1131 non
1703 1108 1808 1130 tantum

1025 1152 1050 1179 in
1073 1151 1173 1186 regnis,
1194 1151 1239 1178 sed
1260 1151 1340 1177 etiarn
1364 1150 1391 1178 in
1410 1150 1548 1178 Ecclesiis.
1571 1149 1640 1183 Quid
1662 1149 1733 1177 enim
1754 1153 1808 1180 est,

1024 1198 1198 1231 quamobrem
1217 1197 1313 1224 mirum
1330 1197 1416 1225 videri
1434 1197 1540 1229 debeat,
1558 1195 1580 1224 si
1599 1195 1628 1229 ii,
1646 1195 1744 1229 quibus
1760 1195 1809 1222 lm-

1022 1241 1098 1276 jusce
1118 1241 1179 1269 vita:
1203 1242 1308 1277 negotia
1332 1242 1476 1269 commissa
1500 1245 1578 1274 sunt,
1605 1241 1631 1268 in
1655 1239 1808 1274 hujusmodi

1025 1292 1134 1322 peccata
1152 1286 1336 1322 prolabuntur,
1357 1294 1417 1314 cum
1436 1287 1517 1314 etiam
1538 1286 1563 1313 in
1582 1290 1675 1313 sancta
1694 1285 1750 1312 haec
1769 1289 1810 1310 te-

1026 1332 1135 1359 meritas
1146 1331 1308 1367 irruperit?),
1323 1337 1411 1359 essent
1422 1335 1512 1358 autem
1524 1331 1551 1359 in
1563 1330 1732 1358 multitudine.
1744 1337 1810 1357 non-

1025 1377 1104 1410 nulli,
1121 1377 1166 1412 qui
1185 1376 1327 1411 prudentia
1344 1384 1390 1403 eos
1407 1377 1557 1409 anteirent,
1576 1376 1730 1404 necessario
1748 1383 1811 1410 pro-

1026 1423 1088 1450 inde
1108 1422 1172 1457 justi
1189 1421 1239 1448 viri
1261 1422 1490 1456 comparationem
1512 1429 1565 1449 non
1587 1429 1649 1449 cum
1671 1421 1736 1448 solis
1759 1420 1811 1447 illis

1027 1467 1130 1494 duobus
1143 1465 1255 1493 ducibus
1269 1465 1343 1498 fecit,
1356 1466 1407 1493 hoc
1420 1470 1470 1498 cst,
1485 1465 1518 1492 iis
1531 1466 1576 1500 qui
1593 1465 1753 1492 militaribus
1767 1472 1812 1492 or-

1027 1513 1134 1540 dittibus
1145 1516 1289 1546 praeerant,
1301 1519 1411 1546 eosque,
1425 1515 1480 1538 tum
1493 1511 1518 1538 in
1532 1511 1613 1543 bello,
1627 1515 1682 1537 tum
1696 1510 1721 1536 in
1735 1517 1810 1544 pace,

1027 1557 1071 1584 ubi
1087 1556 1237 1591 oportebat,
1251 1555 1428 1589 collocabant,
1441 1557 1488 1583 sed
1504 1555 1585 1583 etiam
1602 1562 1661 1582 cum
1678 1554 1737 1581 aliis
1753 1562 1811 1581 om-

1029 1603 1107 1631 nibus
1121 1612 1128 1629 :
1142 1610 1195 1636 quo
1208 1601 1332 1629 videlicet
1345 1608 1395 1628 non
1409 1600 1582 1636 imperatoris
1594 1600 1738 1632 sententia,
1754 1607 1812 1633 qtue

1026 1649 1182 1684 plerumque
1195 1655 1210 1674 a
1225 1652 1300 1674 recto
1314 1647 1431 1678 aberrat,
1447 1647 1493 1674 sed
1507 1654 1520 1674 a
1536 1653 1626 1674 rerum
1640 1645 1753 1672 veritate
1766 1652 1812 1671 co-

1026 1702 1119 1722 ronam
1137 1693 1186 1728 ipsi
1205 1697 1335 1720 necteret.
1352 1692 1432 1727 397
1451 1692 1600 1720 Praestabat
1617 1691 1689 1719 enim
1708 1698 1759 1717 non
1779 1690 1812 1717 iis

1025 1740 1167 1772 duntaxat,
1184 1739 1228 1774 qui
1250 1737 1306 1772 regi
1326 1738 1469 1771 prudentes
1489 1741 1517 1764 et
1537 1737 1639 1765 cordati
1659 1744 1719 1764 esse
1737 1735 1812 1763 vide-

1026 1785 1135 1817 bantur,
1144 1792 1236 1812 verum
1249 1783 1280 1810 iis
1291 1790 1397 1818 quoque
1407 1783 1452 1817 qui
1465 1790 1558 1810 revera
1569 1782 1715 1817 prudentes
1724 1785 1811 1808 erant.

1028 1829 1161 1863 Quocirca
1175 1828 1254 1856 etiam
1270 1834 1315 1854 rex
1329 1827 1436 1861 quidem
1453 1826 1536 1854 totius
1551 1825 1625 1861 regni
1640 1824 1812 1852 administra-

189 1876 255 1902 tioni
273 1884 333 1903 eum
351 1877 481 1912 pra-fecit,
497 1881 525 1904 ut
542 1877 586 1911 qui
603 1877 707 1904 scilicet
721 1885 754 1904 ex
771 1885 860 1905 rerum
876 1876 1065 1912 procuratione
1096 1876 1208 1911 reliquis
1237 1876 1360 1904 omnibus
1382 1874 1597 1910 przestantiorem
1615 1881 1644 1901 se
1677 1872 1809 1908 praebuis-

188 1925 231 1948 set
256 1929 262 1946 :
291 1921 335 1947 alii
359 1926 448 1948 autem
472 1922 546 1949 dolos
571 1929 603 1949 ac
627 1922 735 1948 fraudes
759 1922 889 1950 adversus
913 1929 974 1950 eum
1002 1920 1168 1949 concinnare
1193 1922 1218 1948 in
1245 1921 1336 1948 animo
1361 1919 1505 1947 habebant.
1546 1918 1592 1946 Sic
1616 1919 1688 1946 enim
1715 1923 1811 1946 natura

189 1971 376 2001 comparatum
401 1971 460 2000 est,
484 1971 514 1994 ut
535 1967 605 1995 livor
629 1968 758 1995 adversus
782 1975 825 1996 res
849 1968 981 1995 secundas
1001 1966 1099 1994 bellum
1116 1967 1197 1994 ineat.

458 2023 538 2051 er'.
552 2038 586 2044 —
599 2023 713 2060 ΗΣΑΙᾼ.

227 2078 314 2105 Βλέπε
333 2079 368 2115 μή
401 2087 466 2106 ποτε
488 2080 504 2114 ἡ
529 2079 734 2115 ἁνυπέρὸλητός
759 2088 805 2106 σου
835 2079 981 2111 ἀλαζονεία.

189 2124 338 2160 ἀναγκάσῃ
354 2124 404 2159 τὴν
430 2124 505 2151 θείαν
521 2125 568 2152 καὶ
582 2125 762 2160 ὴμερωτάτην
784 2125 863 2160 φύσιν
877 2124 927 2160 τὴν
943 2125 978 2151 ot-

1264 2021 1404 2050 CCCLVIL
1419 2036 1454 2042 ——-
1468 2020 1582 2048 ΙΞΑΙᾸΞ.

1068 2078 1142 2110 Vide.
1157 2086 1258 2112 qumso,
1274 2086 1308 2106 ne
1321 2077 1512 2114 insuperabilis
1532 2082 1577 2105 tua
1599 2077 1752 2111 arrogantia
1771 2077 1814 2104 di-

1030 2123 1118 2150 vinam
1133 2123 1205 2150 illam
1221 2128 1248 2150 et
1261 2122 1505 2150 mansuetissimam
1519 2126 1640 2149 naturam
1655 2122 1708 2148 vim
1723 2129 1814 2153 suam,

191 2169 270 2195 κείαν
288 2168 473 2201 ἐπιδείξασθαι
497 2169 624 2204 δύναμιν,
645 2170 693 2205 τὴν
710 2170 849 2198 κάνταῦθα
862 2169 977 2197 πανολε-

1031 2175 1091 2202 quae
1109 2173 1134 2195 le
1147 2173 1174 2195 et
1189 2168 1232 2196 hic
1243 2168 1364 2196 funditus
1377 2169 1484 2201 delere,
1500 2172 1528 2195 et
1547 2167 1602 2195 illic
1622 2167 1813 2194 acerbissimas

192 2215 273 2249 Θρίαν
286 2214 341 2250 (90)
357 2223 386 2241 σε
400 2214 579 2251 παραδοῦναι,
592 2216 702 2242 κάκεῖσε
718 2216 882 2251 πικροτάτας
894 2217 977 2243 ἀπαι-

189 2260 272 2294 τῆσαι
286 2260 362 2292 δίκας
377 2260 540 2297 δυναμένην.

426 2305 515 2334 TNll'.
529 2321 565 2327 -
583 2307 626 2343 Τῼ
640 2307 741 2343 arm.

234 2361 263 2386 Ὀ
277 2362 426 2396 χρημάτων
442 2362 584 2397 κρείττων,
602 2362 663 2389 οὔτε
678 2363 718 2394 εἰς
733 2363 794 2395 τοὺς
809 2362 915 2397 πλούτῳ
929 2371 976 2389 κο-

194 2404 315 2438 μῶντας,
345 2405 405 2432 οὒτε
429 2407 468 2438 εἰς
493 2408 556 2438 τοὺς
587 2406 788 2442 δυσνουοετήτῳ
816 2406 913 2441 θηρίῳ,
941 2408 975 2442 τῇ

194 2450 276 2485 πενίᾳ
299 2452 370 2485 φημὶ
389 2452 571 2487 μαχομένους,
593 2452 670 2488 παρὰ
692 2452 773 2487 νόμον
787 2461 813 2478 τι
826 2452 896 2484 ἀξιοῖ
918 2452 978 2479 δια-

194 2495 362 2531 πράξασθαι.
386 2496 454 2524 υῦτε
470 2498 523 2532 γὰρ
541 2498 661 2529 ὲκείνους
687 2498 773 2524 ἀδικεῖ
795 2496 924 2532 ἁρπάζων
946 2496 981 2523 τὰ

195 2541 341 2576 χρήματα·
367 2542 428 2569 οὔτε
443 2543 565 2577 τούτους,
591 2544 715 2579 λήμματι
732 2543 925 2578 παραφοείρων
952 2543 981 2570 τὸ

193 2587 310 2614 δίκαιον.

232 2665 256 2681 ⁸⁸
270 2665 337 2692 Dan.
360 2673 398 2698 \‘l,
414 2666 441 2693 3.

1033 2213 1081 2241 abs
1099 2218 1124 2242 te
1143 2221 1238 2248 poenas
1251 2219 1378 2249 expetere
1392 2217 1491 2249 potest,
1508 2214 1694 2240 demonstrare
1709 2217 1798 2247 cogat.

1258 2303 1411 2332 CCCLVHI.
1424 2319 1459 2324 —
1471 2303 1586 2331 EIDEM.

1065 2361 1114 2394 Qui
1131 2362 1251 2396 pecuniis
1266 2362 1388 2396 superior
1404 2366 1460 2393 est,
1486 2367 1536 2388 nec
1559 2360 1688 2387 adversus
1709 2365 1756 2385 eos
1769 2361 1813 2392 qui

1029 2408 1125 2442 opibus
1138 2408 1286 2440 abundant,
1299 2416 1346 2435 nec
1361 2408 1489 2435 adversus
1500 2413 1546 2434 eos
1560 2406 1658 2441 quibus
1672 2412 1732 2432 cum
1747 2412 1814 2431 con-

1031 2454 1129 2481 tuntaci
1145 2453 1211 2486 fera,
1231 2453 1281 2481 hoc
1296 2458 1347 2487 est,
1366 2461 1425 2480 cum
1440 2456 1598 2488 paupertate
1611 2457 1748 2479 certamen
1761 2452 1813 2479 est.

1030 2498 1131 2533 aliquid
1145 2503 1242 2532 praeter
1257 2499 1341 2533 legent
1354 2502 1508 2533 perpetrare
1522 2498 1547 2524 in
1560 2497 1677 2524 animum
1699 2494 1813 2522 inducit.

1033 2543 1097 2571 Nam
1115 2551 1164 2571 nec
1181 2544 1239 2572 illos
1257 2545 1346 2577 laedit,
1368 2544 1495 2579 pecunias
1508 2543 1624 2577 eripiens
1647 2549 1654 2567 :
1683 2545 1731 2567 nec
1754 2539 1812 2569 bos,

1029 2589 1099 2624 juris
1114 2589 1268 2624 religionem
1281 2590 1315 2617 ob
1333 2596 1442 2617 munera
1455 2591 1619 2624 pervertens.

748 2721 862 2749 VARIAEI
881 2720 1071 2749 LECTIONLS
1089 2721 1132 2748 ET
1156 2720 1271 2748 NOTIE.

232 2795 291 2831 {88)
310 2796 376 2832 Cod.
393 2797 453 2825 Vat.
470 2797 532 2829 650,
549 2797 640 2828 ἔοικάς
657 2805 701 2832 μοι
722 2798 845 2831 συνορᾷν,
863 2796 920 2823 sine
936 2802 982 2832 ηε-

197 2830 319 2872 gatione.
349 2831 425 2862 νοτε.
449 2833 463 2860 7
492 2840 539 2867 pro
560 2833 614 2864 τοῖς
639 2830 726 2866 πολλῷ
755 2830 896 2867 legiiJoi;
918 2830 983 2857 πολ-

198 2866 267 2897 λοῖς.
284 2866 389 2894 Possm.

1073 2795 1129 2829 (89)
1150 2795 1220 2823 ldem
1235 2796 1306 2824 εοιΙ..
1324 2793 1504 2829 στεφανῶσαι.
1522 2793 1551 2829 _ln

1073 2827 1128 2866 (90)
1145 2829 1215 2858 ldetn
1233 2831 1304 2863 cotl.,
1324 2827 1503 2862 πανωλεθρίᾳ.
1521 2827 1548 2852 la
