2045 3158
841 186 872 216 S.
892 185 928 215 IS

244 184 312 218 lus
338 238 472 268 CCCLIX.
484 253 518 260 —
531 237 683 267 AUSONIO
697 237 929 267 CORRECTORI.

220 303 223 309 '
277 293 499 329 Quandoquidem
515 295 549 321 ad
565 295 766 330 subripiendam
783 303 834 322 non
852 294 960 323 fortium
975 300 1031 322 tan-

244 348 313 372 tum,
329 341 376 368 sed
395 341 477 368 etiam
491 341 651 375 prudentum
668 342 787 368 virorum
808 346 924 370 mentem
937 349 1031 369 assen-

243 388 308 414 tatio
325 393 450 420 magnam
465 386 518 412 vim
534 385 635 413 habet:
661 387 763 414 idcirco
776 395 828 415 non
846 388 943 421 injuria
958 393 1030 416 metu

243 431 420 459 valentiorem
434 438 494 458 eam
511 439 572 459 esse
602 439 704 460 assero.
722 433 761 460 llli
784 434 885 461 etenim
910 433 1031 468 plerique

243 477 340 504 cedere
370 481 523 504 verentur:
556 474 745 505 huic‘autem
771 478 898 506 libentius
933 479 1031 506 animis

243 522 423 550 succumbunt
436 542 443 555 ,
460 526 563 551 temere
591 523 718 551 videlicet
739 531 771 551 ac
795 523 865 550 citra
881 524 1030 551 cruciatum

243 567 349 603 seipsos
363 567 501 596 dedentes.

465 621 588 649 CCCLX.
600 637 635 642 —
650 621 813 652 LEONTIO.

281 674 320 702 Ne
339 675 459 708 mireris,
476 675 516 703 vir
530 676 643 710 optime,
659 684 719 709 nec,
738 676 807 703 ultra
825 684 906 712 quam
922 684 971 712 par
984 676 1030 709 sit,

246 720 348 748 doloris
366 720 456 756 jaculo
474 722 624 757 conligatur
642 722 749 749 anintus
773 727 834 749 tuus
850 742 856 754 .
888 728 1031 757 propterea

245 766 335 800 quod,
350 774 412 793 cum
428 766 536 794 Zosimo
547 787 554 799 ,
568 772 596 793 ut
608 767 758 802 scripsisti,
775 768 898 802 loquendi
924 769 1033 796 libertas

245 811 335 838 clattsa
349 812 393 844 sit,
410 818 464 838 non
481 812 608 839 cancellis
623 812 782 846 quibusdam
800 817 826 839 et
838 812 930 847 januis
941 833 947 844 ,
965 820 1032 847 quas

245 856 325 884 etiam
351 857 459 891 quidam
478 856 592 884 fortasse
612 857 717 889 aperire
736 863 855 891 queant.
877 865 968 884 verum
993 863 1032 884 tot

245 909 277 929 ac
292 902 374 929 tantis
385 902 555 934 criminibusl
570 903 659 929 adhuc
671 908 759 930 tamen
774 902 871 937 lingua:
882 902 1030 938 petulantia

246 947 359 974 laboret.
377 947 412 975 Ut
424 948 497 975 enim
516 948 550 975 iis
563 968 570 980 ,
586 948 631 982 qui
647 948 748 983 aliquid
762 955 794 976 ex
809 949 908 975 virtute
922 952 1031 983 gerunt,

246 999 388 1028 postquam
405 993 511 1020 virtutis
524 994 681 1020 muneribus
703 993 834 1027 perfuncti
851 998 926 1025 sunt,
941 993 1032 1020 mode-

247 1040 326 1068 stiam
344 1041 474 1068 adhibere
485 1048 543 1068 tnos
561 1045 618 1068 est:
637 1041 676 1068 sic
692 1041 773 1068 etiam
786 1041 830 1073 iis,
846 1041 891 1075 qui
905 1044 1031 1074 peccant,

247 1091 307 1122 post
323 1086 421 1115 delicta
433 1087 573 1121 superbire
594 1092 675 1121 atque
691 1087 789 1114 animis
805 1086 906 1114 elferri.
921 1085 996 1119 Quod
1009 1086 1031 1112 si

247 1130 329 1165 hujus
346 1131 384 1158 rei
397 1136 584 1166 argumentum
601 1139 698 1165 capere
709 1132 794 1166 cttpis,
818 1130 941 1165 perspice
956 1130 1033 1165 quid-

249 1183 310 1203 nam
323 1180 377 1204 tres
390 1176 427 1203 illi
440 1176 526 1210 pueri.
539 1177 583 1211 qui
600 1175 636 1204 ob
652 1177 714 1204 vitae
730 1177 890 1211 probitatem
906 1183 938 1204 ac
955 1175 1034 1210 justi-

249 1222 314 1249 tiam
332 1221 394 1256 igne
410 1222 564 1257 superiores
585 1223 770 1254 exstiterunt,
791 1223 896 1250 dicant:
914 1232 922 1247 ι
936 1222 1036 1249 Pecca-

249 1264 336 1292 vimus
349 1284 356 1296 ,
372 1265 463 1299 inique
478 1266 582 1300 egimus
594 1285 601 1298 ,
625 1265 783 1300 injustitiam
803 1266 916 1294 fecimus
926 1266 960 1292 ⁸⁸.
972 1276 981 1292 ι
1001 1265 1035 1292 At

248 1314 341 1337 contra
349 1309 444 1342 Judaei,
457 1311 501 1344 qui
514 1319 562 1338 nec
573 1312 606 1340 ab
617 1312 670 1339 ullo
683 1312 796 1344 scelere,
808 1319 857 1339 nec
871 1312 905 1339 ab
919 1311 1035 1338 obsceno

249 1354 304 1382 ullo
318 1362 444 1382 sermone
466 1355 668 1388 abstinuerant,
693 1357 734 1384 Itis
755 1357 848 1384 verbis
869 1356 1033 1383 utebantur:

251 1407 261 1425 ι
279 1397 479 1427 Custodivimus
497 1405 630 1434 prwcepta
642 1405 686 1427 tua
701 1400 940 1434 etjnstilicationes
957 1404 1035 1427 tuas:

250 1451 282 1472 ac
296 1452 369 1471 nunc
381 1445 483 1473 alienos
496 1445 589 1472 beatos
603 1446 820 1480 praedicamus".
832 1455 842 1472 ι
857 1446 1036 1479 Quamobrem

841 186 872 216 S.
892 185 1036 215 ISIDORI
1057 183 1272 215 PELUSI‘OTAE

1799 180 1864 212 lOiG

1190 239 1277 266 TNG’.
1297 253 1328 259 —
1350 238 1498 273 ΑΥΣΟΝῙῼ
1518 237 1754 264 KOPPHKTUPI.

1123 294 1233 329 Ἐπειδὴ
1244 294 1329 320 δεινὸν
1345 294 1361 329 ἡ
1376 293 1505 320 κολακεία
1517 292 1548 319 οὺ
1566 292 1645 327 μόνον
1659 292 1712 318 τῶν
1725 291 1864 327 ἀνδρείων,

1082 340 1149 368 ἀλλὰ
1163 340 1210 367 καὶ
1225 340 1280 366 τῶν
1299 338 1442 374 ἐμφρόνων
1460 337 1558 372 κλέψαι
1573 338 1618 364 τὸν
1633 337 1694 364 νοῦν
1705 345 1712 352 ·
1730 337 1774 364 διὰ
1790 336 1867 363 τοῦτο

1083 385 1195 417 εἰκότως
1214 384 1260 411 τοῦ
1276 383 1359 418 φὸὗου
1373 384 1477 419 ταύτην
1498 383 1568 418 φημὶ
1583 382 1769 416 δυνατωτέραν
1786 380 1865 409 εἶναι.

1083 431 1128 466 Τῷ
1148 431 1198 466 μὲν
1221 430 1275 465 γὰρ
1292 429 1467 465 αἰσχύνονται
1487 429 1579 455 πολλοὶ
1593 426 1679 461 εἶξαι·
1699 428 1749 463 τῆς
1764 427 1792 454 δὲ
1811 427 1866 462 (91)

1083 477 1168 512 ἡδέως
1184 475 1332 511 ἡττῶνται,
1345 475 1465 511 ἀκρίτως
1481 475 1529 501 καὶ
1548 474 1736 506 ἀϐασανίστως
1755 473 1867 505 ἑαυτοὺς

1082 522 1239 553 ἐνδιδόντες.

1326 620 1386 648 TE’.
1407 635 1442 640 —
1461 619 1619 655 ΛΕΟΝΤΙῼ.

1118 676 1164 712 Μὴ
1176 675 1310 710 θαύμαζε,
1328 672 1350 701 ὦ
1365 674 1469 710 ἄριστε,
1497 674 1565 710 μηδὲ
1590 673 1642 706 ἔξω
1657 673 1703 700 τοῦ
1719 673 1868 708 πρέποντος

1083 715 1297 755 ὲξακοντιζέσθω
1306 729 1352 746 σου
1365 720 1394 746 τὸ
1407 720 1546 755 φρόνημα,
1556 720 1580 745 εἰ
1593 719 1790 754 κεκλεισμένης
1803 718 1868 753 (92),

1083 765 1121 796 ὡς
1135 765 1288 801 γέγραφας,
1308 764 1432 799 Ζωσίμου
1447 765 1497 799 τῆς
1515 763 1683 799 παρρησίας,
1700 764 1729 790 οὐ
1750 763 1869 797 κιγκλὶσι

1084 811 1131 837 καὶ
1144 810 1241 845 θύραις
1255 810 1337 843 τισὶν,
1354 810 1386 841 ἃς
1404 818 1476 841 τινες
1490 809 1522 836 ἂν
1532 810 1579 835 καὶ
1592 809 1794 844 παρανοίξειαν,
1803 808 1868 835 ἀλλὰ

1083 855 1222 887 τοσούτοις
1237 855 1285 882 καὶ
1294 855 1466 890 τηλικούτοις
1487 854 1668 890 ἐγκλήμασιν,
1685 854 1725 880 ἔτι
1740 854 1788 881 καὶ
1805 853 1869 881 ἀθυ-

1086 901 1242 938 ρογλωττεῖ.
1258 901 1364 936 ’Ὠσπερ
1387 901 1442 936 γὰρ
1458 902 1513 932 τοῖς
1534 900 1696 937 κατορθοῦσι
1715 900 1869 936 μετριάζειν

1087 947 1156 982 μετὰ
1171 946 1205 973 τὰ
1216 946 1416 982 κατορθώματα
1435 945 1506 977 εοος,
1521 945 1593 972 οὕτω
1615 945 1660 971 καὶ
1679 946 1734 976 τοῖς
1747 945 1870 980 ἁμαρτὰ-

1085 1001 1161 1019 νουσι
1180 991 1249 1027 μετὰ
1271 992 1305 1017 τὰ
1324 991 1485 1027 πταίσματα
1506 991 1676 1026 ἐπαίρεσθαι.
1692 992 1723 1018 Εἰ
1739 991 1766 1017 δὲ
1782 991 1870 1025 βούλει

1086 1036 1223 1070 ἀπόδειξιν
1240 1038 1335 1064 τούτου
1347 1036 1450 1069 λαῦεῖν,
1465 1037 1514 1063 θέα
1526 1037 1588 1068 τοὺς
1603 1038 1677 1072 τρεῖς
1692 1037 1790 1068 παῖδας
1802 1036 1872 1063 ὲκεί-

1087 1091 1147 1113 νους
1162 1083 1225 1113 τοὺς
1238 1081 1395 1116 κρείττονας
1404 1081 1451 1108 τοῦ
1467 1081 1551 1116 πυρὸς
1563 1081 1606 1107 διὰ
1619 1081 1791 1116 δικαιοσύνην
1807 1082 1871 1107 ἁπο-

1087 1127 1247 1162 φανθὲντας,
1264 1127 1290 1153 τί
1316 1134 1414 1161 φατι-ιφ
1441 1136 1449 1152 ι
1472 1126 1656 1162 Ἡμάρτομεν,
1681 1128 1870 1162 ἠνομήσαμεν,

1087 1173 1267 1208 ἠδικήσαμεν.
1288 1181 1297 1198 ι
1318 1173 1350 1198 Oi.
1367 1172 1394 1199 δὲ
1416 1172 1548 1203 Ἰουδαῖοι,
1563 1169 1603 1204 οἷς
1623 1173 1699 1199 οὐδὲν
1722 1173 1873 1211 ἁμᾲρτημα

1087 1219 1237 1254 ἄπρακτον,
1253 1218 1315 1246 οὐδὲ
1334 1218 1414 1252 λόγος
1425 1219 1538 1253 αἰσχρὸς
1553 1218 1672 1254 ἄρῤητος
1686 1216 1731 1253 ἦν,
1744 1218 1872 1252 ἔφασκον·

1089 1272 1099 1289 ι
1130 1263 1319 1298 Ἐφυλάξαμεν
1339 1263 1374 1290 τὰ
1404 1263 1603 1298 προστάγματα
1625 1271 1683 1295 σου,
1709 1263 1757 1289 καὶ
1780 1263 1814 1289 τὰ
1836 1263 1874 1288 δι-

1090 1309 1238 1344 καιώματά
1256 1317 1302 1335 σου
1314 1317 1320 1324 ’
1334 1309 1381 1335 καὶ
1403 1308 1452 1335 νῦν
1473 1308 1662 1343 μακαρίζομεν
1677 1308 1844 1343 ἀλλοτρίους.
1863 1316 1872 1333 ι

1090 1355 1135 1390 Μὴ
1148 1354 1238 1381 τοίνυν
1262 1354 1330 1389 μηδὲ
1357 1353 1437 1385 αὐτὸς
1459 1353 1607 1389 ταράττον,
1634 1353 1701 1389 μηδὲ
1728 1353 1834 1388 ἀπηχὲς
1852 1361 1876 1379 τι

1091 1399 1211 1434 φθέγγου
1237 1399 1285 1426 καὶ
1307 1398 1424 1434 ἀπῳδὸν,
1451 1397 1591 1432 γινώσκων
1606 1399 1646 1425 ὅτι
1668 1398 1746 1425 τοῦτο
1762 1398 1878 1433 μάλιστα

1091 1445 1190 1480 δεῖγμά
1205 1445 1263 1471 ἐστι
1282 1444 1330 1478 τῆς
1346 1443 1463 1478 ἐσχάτης
1477 1443 1560 1470 αὑτοῦ
1581 1443 1785 1478 παραπληξῐας.

251 1497 301 1516 nec
322 1494 348 1516 tu
365 1497 472 1525 quoque
484 1491 660 1525 perturberis,
671 1497 720 1519 nec
734 1491 880 1518 absurdum
892 1491 1036 1526 quidquatn
1055 1494 1082 1518 et
1117 1491 1248 1518 absonum
1287 1490 1475 1524 proloquat‘is:
1501 1489 1565 1516 illud
1593 1497 1642 1524 pro
1667 1494 1741 1517 certo
1765 1489 1878 1522 habens,

250 1540 380 1564 extrema:
399 1537 483 1571 ipsitts
496 1537 661 1572 stupiditatis
677 1538 726 1565 hoc
740 1538 767 1564 in
787 1538 882 1574 primis
894 1542 1081 1572 argumentum
1101 1544 1172 1564 esse.

308 1589 393 1626 393
407 1589 542 1618 cccuu.
557 1606 592 1612 —
607 1591 747 1619 HIERACI
767 1591 985 1619 CLARISSIMO.

285 1643 343 1671 Non
358 1652 427 1672 terea
440 1649 527 1673 statua
544 1646 758 1681 auro-refulgens
773 1647 880 1675 actione
896 1652 940 1674 tua
959 1647 1037 1681 digna

251 1696 311 1723 est,
323 1691 370 1719 sed
386 1691 438 1718 vita
459 1692 539 1719 linem
558 1699 610 1720 non
625 1692 738 1720 habens.
758 1692 831 1719 Illam
849 1693 920 1720 enim
934 1697 1039 1727 tempus

253 1737 322 1764 delet
335 1746 342 1765 :
358 1738 427 1765 hanc
439 1743 530 1765 autem
544 1738 653 1771 saecula,
669 1746 729 1774 quze
743 1739 821 1766 ﬁnem
839 1738 973 1772 nesciunt,
993 1745 1039 1766 co-

252 1788 360 1811 mnattt.

337 1837 484 1866 CCCLX".
495 1853 531 1860 -—-
543 1837 745 1867 HERMOGENI
759 1838 936 1867 EPISCOPO.

288 1892 518 1926 Quemadmodum
537 1900 626 1920 sermo
644 1893 760 1921 actionis
775 1900 871 1928 expers
889 1899 999 1920 mancus
1014 1896 1042 1920 et

253 1937 426 1972 imperfectus
447 1941 510 1965 est:
537 1938 573 1964 ita
596 1938 677 1965 etiam
692 1938 764 1965 actio
779 1959 786 1972 ,
804 1946 864 1973 qua:
884 1946 899 1964 a
917 1932 1041 1966 sermoﬁe

254 1983 399 2011 deseritur.
422 1982 461 2010 Ex
477 1983 520 2010 his
536 1983 613 2010 enitn'
624 1984 754 2011 ambabus
766 1984 857 2016 rebus,
873 1984 980 2011 etiamsi
994 1991 1041 2011 no-

254 2029 304 2056 lint
319 2028 353 2060 ii,
370 2029 415 2063 qui
433 2028 561 2056 disertam
575 2029 737 2064 sapientiam
760 2030 839 2058 vilem
856 2030 1001 2065 quamdam
1015 2034 1043 2057 et

254 2075 398 2110 protritam
413 2082 468 2103 rem
482 2081 540 2102 esse
553 2075 636 2102 stulte
648 2075 804 2110 opinantur,
823 2080 896 2102 recta
910 2079 937 2102 et
950 2075 1043 2109 splen-

255 2119 316 2147 dida
328 2120 514 2155 magistrorum
528 2120 584 2147 vita
601 2121 755 2156 insignitur.
773 2120 837 2154 tQui
861 2121 933 2148 enim
949 2120 1044 2148 fecerit

255 2169 283 2193 et
298 2165 430 2198 docuerit,
443 2172 556 2201 magnus
570 2165 711 2193 vocabitur
722 2165 748 2192 in
761 2173 842 2200 regno
855 2165 1040 2193 cmlorum".)

256 2209 334 2250 Quod
353 2211 375 2238 si
392 2211 485 2238 ambas
506 2212 576 2238 inter
593 2219 622 2239 se
639 2218 798 2246 comparare
811 2216 937 2246 oportet,
952 2211 1043 2239 facere

257 2262 288 2282 ac
303 2262 356 2283 non
372 2255 445 2290 loqui
467 2260 586 2290 praestat,
604 2264 685 2290 quam
703 2256 776 2292 loqui
790 2264 822 2284 ac
838 2264 891 2284 non
906 2256 1005 2284 facere.

345 2320 502 2349 CCCLXIH.
516 2336 551 2341 —
563 2321 756 2349 APOLLONIO
777 2321 952 2348 EPISCOPO.

293 2385 426 2418 Quoniam
444 2391 501 2416 eos,
517 2385 561 2419 qui
577 2385 613 2412 ita
627 2385 726 2412 conditi
744 2389 823 2418 sunt,
843 2389 872 2412 ut
889 2385 993 2411 arbitrii
1009 2384 1041 2411 li-

258 2431 390 2458 bertatem
407 2428 538 2462 habeant,
559 2430 657 2458 invites
671 2434 697 2458 et
714 2435 891 2465 repugnantes
905 2430 938 2457 ad
954 2430 1041 2465 pieta-

259 2480 341 2502 tatem
370 2474 498 2508 trahere,
524 2482 573 2502 nec
598 2475 739 2502 ltonestum
769 2480 830 2507 est,
854 2482 903 2502 nec
921 2475 1042 2502 videtur:

260 2521 360 2548 idcirco
369 2521 402 2548 da
412 2528 534 2556 operam,
547 2526 575 2547 ut
586 2522 723 2552 suasione,
736 2521 779 2548 ubi
795 2521 901 2548 occasio
916 2529 945 2549 se
958 2520 1046 2553 oﬁ‘ert,

260 2567 380 2599 adhibita
394 2587 402 2600 ,
427 2575 476 2602 per
497 2572 569 2594 tuam
590 2567 671 2593 vitam
692 2574 722 2594 ac
738 2574 841 2600 mores,
865 2575 930 2601 eos,
957 2566 1002 2602 qui
1019 2566 1046 2593 in

263 2613 384 2640 tenebris
399 2613 510 2647 degunt,
528 2613 674 2640 illumines.

1202 1593 1284 1619 TEA’.
1303 1608 1336 1612 —
1350 1592 1469 1619 IEPAKI
1493 1590 1740 1626 ΛΑΜΠΡΟΤΔΤῼ.

1127 1648 1165 1674 Οὺ
1190 1648 1280 1683 χαλκῆ
1299 1647 1381 1674 είκὼν
1399 1647 1491 1682 χρυσῷ
1507 1647 1741 1682 ἀπαστράπτουσα
1757 1647 1810 1680 τῆς
1832 1647 1879 1680 σῆς

1092 1695 1218 1730 πράξεως
1233 1694 1307 1727 ἀξία,
1323 1694 1392 1721 ἀλλά
1404 1693 1460 1729 ζωὴ
1475 1693 1550 1724 τέλος
1564 1693 1614 1719 οὐκ
1635 1692 1744 1728 ἔχουσα.
1762 1693 1819 1727 Τὴν
1833 1693 1879 1727 μὲν

1092 1739 1146 1775 γὰρ
1161 1741 1176 1765 ὁ
1187 1739 1282 1774 χρόνος
1298 1740 1425 1774 ἀφανίζει
1438 1747 1444 1754 ·
1463 1740 1513 1774 τὴν
1536 1739 1564 1765 δὲ
1587 1739 1684 1770 αἰῶνες
1707 1738 1879 1773 στεφανοῦσι,

1093 1786 1221 1821 τελευτὴν
1233 1786 1272 1821 μὴ
1284 1786 1471 1821 ἐπιστάμενοι.

1205 1839 1286 1867 ΤΞΒ’.
1307 1855 1340 1860 -
1360 1839 1555 1866 ΕΡΜΟΓΕΝΕΙ
1576 1838 1762 1872 ΕΠῙΣΚΟΠῼ.

1132 1896 1237 1931 Ὠσπερ
1252 1895 1331 1928 λόγος
1345 1895 1487 1929 ἄπρακτος
1512 1893 1610 1928 ἀτελής
1621 1901 1627 1908 ·
1645 1893 1732 1924 οὕτως
1749 1893 1796 1919 καὶ
1811 1893 1880 1927 πρᾶ-

1096 1942 1136 1976 ξις
1148 1941 1256 1976 ἄλογος.
1277 1941 1324 1967 Ἐκ
1341 1940 1444 1966 τούτων
1459 1939 1512 1974 γὰρ
1526 1940 1638 1974 ἀμφοῖν,
1655 1939 1679 1965 εἰ
1693 1939 1741 1965 καὶ
1760 1938 1799 1973 μὴ
1820 1937 1877 1972 βούκ

1095 1985 1183 2012 λοιντο
1197 1986 1220 2011 οἱ
1233 1985 1282 2020 τὴν
1295 1985 1438 2019 ἐλλόγιμον
1455 1983 1679 2018 σοφίαν,“φαῦλόν
1693 1992 1719 2010 τι
1732 1983 1780 2010 καὶ
1797 1991 1881 2009 πεπα-

1094 2031 1214 2066 τημένον
1230 2031 1347 2066 πρᾶγμα
1371 2029 1534 2065 παραλόγως
1554 2030 1683 2065 οἰόμενοι,
1707 2029 1722 2055 ὁ
1744 2028 1824 2062 ὀρθὸς
1838 2028 1881 2054 καὶ

1096 2077 1220 2112 λαμπρὸς
1236 2075 1469 2111 χαρακτηρίζεται
1485 2075 1538 2102 τῶν
1553 2074 1701 2110 ὑφηγητῶν
1717 2074 1785 2109 βίος.
1807 2083 1815 2099 ι
1837 2074 1882 2104 Ὃς

1096 2123 1151 2158 γὰρ
1163 2122 1196 2149 ἂν
1210 2123 1309 2158 ποιήσῃ
1323 2121 1371 2148 καὶ
1385 2121 1488 2156 διδάξῃ,
1511 2120 1598 2155 μέγας
1615 2120 1782 2155 κληθήσεται
1797 2120 1826 2145 ἐν
1850 2121 1881 2154 τῇ

1099 2168 1223 2203 βασιλεία
1237 2167 1291 2193 τῶν
1304 2166 1437 2200 οὐρανῶν.
1452 2175 1461 2191 ι
1478 2166 1509 2192 Ei
1521 2165 1548 2191 at
1564 2166 1616 2201 χρὴ
1630 2165 1772 2199 σύγκρισιν
1784 2166 1882 2200 ἀμφοῖν

1098 2212 1273 2248 ποιήσασθαι,
1291 2212 1403 2246 ἄμεινον
1417 2210 1548 2246 πράττειν
1567 2211 1604 2246 μὴ
1619 2210 1744 2244 λέγοντα,
1763 2210 1780 2245 ἦ
1793 2211 1882 2244 λέγειν

1058 2262 1080 2290 D
1097 2259 1134 2295 μὴ
1154 2258 1321 2294 πράττοντα.

1210 2322 1292 2349 τΞΓν.
1311 2336 1347 2342 -
1363 2320 1561 2355 anu/meme
1580 2319 1764 2353 EﬂlEKOHQ.

1137 2385 1244 2421 Ἐπειδὴ
1257 2385 1287 2411 τὸ
1310 2384 1451 2420 βιάζεσθαι
1474 2384 1521 2410 καὶ
1543 2382 1632 2409 ἕλκειν
1651 2382 1720 2417 πρὸς
1742 2381 1883 2408 εὐσέϐειαν

1096 2433 1158 2464 τοὺς
1182 2431 1371 2464 ἁντεξουσίους
1393 2429 1548 2464 γεγονότας,
1575 2427 1714 2464 εὐπρεπὲς
1727 2427 1784 2454 οὕτ“
1801 2427 1884 2459 ἐστὶν,

1097 2477 1158 2504 οὔτε
1175 2477 1262 2503 δοκεῖ·
1282 2476 1321 2510 τῷ
1343 2474 1446 2501 πείθειν
1462 2471 1492 2500 οὗ
1512 2473 1607 2508 καιρός
1623 2473 1681 2499 ἐστι
1699 2473 1885 2508 χρησάμενος,

1097 2522 1197 2558 φώτιζε
1212 2521 1250 2557 τῷ
1260 2521 1350 2556 σαυτῷ
1363 2521 1412 2556 βίῳ
1423 2521 1486 2551 τοὺς
1499 2520 1527 2547 ὲν
1545 2519 1633 2554 σκότῳ
1649 2518 1852 2554 διατρίϐοντας.

295 2693 316 2711 ⁵⁸
330 2694 396 2721 Dan.
420 2702 460 2727 Ill,
476 2693 526 2726 29;
542 2701 581 2725 ιιι,
595 2693 621 2720 7.
663 2692 684 2709 "
703 2693 815 2721 Malach.
840 2701 878 2725 ιιι,
898 2693 939 2724 15,
957 2693 999 2720 Η.

1090 2693 1171 2720 latth.
1187 2700 1212 2724 v,
1230 2692 1272 2719 19.

802 2761 918 2790 VARUS
939 2760 1133 2790 LECTIONES
1153 2760 1196 2787 ET
1218 2759 1333 2786 NOT/E.

297 2840 352 2875 (9i)
373 2840 502 2869 Cod.Vat.
516 2840 578 2870 630.
593 2841 626 2875 τῇ
642 2840 680 2867 δέ.
697 2839 800 2867 possm.

297 2841 338 2875 (9i
373 2840 502 2869 Cod.Vat.
516 2840 578 2870 630.
593 2841 626 2875 τῇ
642 2840 680 2867 δέ.
697 2840 800 2867 Possm.

297 2840 352 2913 (02;
372 2876 423 2905 Pro
439 2875 633 2912 κεκλεισμένης
648 2876 707 2903 cod.
726 2875 813 2904 Vatic.
837 2874 888 2902 650
910 2874 974 2910 legit
999 2883 1044 2901 κε·

1101 2837 1239 2872 κλιμὲνης.
1257 2835 1413 2872 Versaseq.
1431 2841 1479 2872 pro
1495 2831 1641 2872 κιγκλίδα(
1655 2839 1815 2868 quanquam
1833 2833 1895 2861 iure

1099 2868 1216 2908 perbona
1228 2875 1268 2900 est
1286 2870 1364 2898 lectio
1380 2868 1513 2903 ἐγκλείσει
1530 2868 1602 2902 legit.
1621 2868 1660 2894 In.
