2045 3158
270 228 350 257 ΤΞΔ¹.
369 245 403 250 --
421 231 642 261 ΝΕῙΛΑΜΜΩΝΙ
662 237 823 274 ΔΙΛΚΟΝῼ.

199 283 229 309 Oi
241 282 290 317 μὲν
302 284 456 317 πταίοντες,
467 287 513 313 καὶ
525 289 580 320 τοῖς
599 289 682 324 ἱεροῖς
695 292 856 327 μυστηρίοις
869 302 950 329 προσ-

168 327 235 354 ιέναι
252 328 288 363 μὴ
308 329 473 365 τολμῶντες,
491 333 662 368 εὐγνώμονές
688 337 752 369 εἰσι,
771 338 817 364 καὶ
844 327 949 374 ταχέως

165 373 210 399 καὶ
227 374 267 406 είς
280 374 311 401 τὸ
326 375 364 411 μὴ
384 377 553 413 ἁμαρτάνειν
570 382 791 416 περιστήσονται.
807 384 838 411 0i
857 373 950 412 δὲνκαὶ

169 419 405 454 πλημμελοῦντες,
423 424 535 451 καὶτῶν
547 425 690 460 ἀχράντων
707 429 865 464 μυστηρίων
887 439 949 465 μια-

166 466 225 499 ραῖς
239 466 319 501 χερσὶ
339 467 494 502 τολμῶντες
514 469 658 504 ἅπτεσθαι,
677 469 714 498 ὧν
728 470 778 507 εἷς,
796 475 886 506 καθὼς
902 476 949 509 γέ-

165 519 284 546 γραφας,
303 513 350 539 καὶ
364 513 497 549 Ζώσιμος,
524 518 628 551 μυρίων
648 518 701 544 sisi.
715 520 855 554 τιμωριῶν
869 521 948 553 ἄξιοι.

171 556 295 591 Ἐνόχους
311 558 365 594 γὰρ
377 559 490 592 ἑαυτοὺς
505 562 694 596 ἀποφαίνουσι,
709 563 778 590 κατὰ
790 565 838 599 τὴν
847 565 948 600 ἀψευδῆ

165 601 210 628 τοῦ
239 603 345 630 Παύλου
371 606 474 641 φωνὴν,
491 606 539 633 τοῦ
556 607 681 643 σώματος
698 609 744 636 καὶ
763 610 810 636 τοῦ
834 611 949 645 αἵματος

164 646 211 672 τοῦ
230 648 343 683 Κυρίου.
362 650 408 676 Διὺ
423 651 455 686 δὴ
471 653 527 683 τοῖς
549 653 599 687 μὲν
622 653 739 689 πρώτοις
759 655 789 681 οὐ
804 655 874 681 πάνυ
891 656 950 682 ἔπι-

163 692 267 719 τίθεται
291 695 304 720 ὁ
324 695 457 728 διάϐολος,
475 697 552 729 εἰδὼς
579 698 620 724 ὅτι
638 700 684 725 καὶ
711 700 864 732 πταίουσιν,
890 701 948 728 ἀλλ’

165 736 211 764 οὖν
227 747 258 773 γε
272 739 452 774 γινώσκοντες
465 744 521 774 τοῖς
533 743 614 775 θείοις
629 745 658 771 τὸ
672 745 752 777 σέϐας
767 746 948 780 φυλάττουσι·

165 785 221 815 τοῖς
238 784 266 810 δὲ
288 785 424 821 δευτέροις
436 788 492 819 τοῖς
514 788 561 814 καὶ
582 789 770 825 πλημμελοῦσι
790 792 837 817 καὶ
858 791 895 827 μὴ
909 801 950 826 γι-

165 828 326 862 νὼσκουσιν,
340 831 356 866 ῆ
373 832 539 865 γινώσκουσι
557 834 616 868 μὲν,
632 836 832 871 καταφρονοῦσι
848 837 887 869 δὲ,
904 838 949 864 καὶ

163 875 220 902 τῶν
238 875 316 910 ιερῶν
338 878 495 913 μυστηρίων
515 880 650 914 τολμῶσιν
664 881 794 916 ἅψασθαι,
817 884 875 916 ὅλος
889 885 949 911 ὲπι-

575 178 839 212 EPISTOLARUM
861 183 935 214 LIB.
955 185 1012 216 III.
1028 199 1061 204 -
1080 189 1197 221 EPIST.
1218 192 1383 225 CCCLXVI.

1720 197 1785 231 1018

1096 245 1254 275 CCCLXIV.
1270 265 1305 271 —
1317 249 1511 279 NlLAMMONI
1524 251 1683 281 DIACONO.

1038 299 1088 332 Qui
1113 307 1238 335 peccant,
1259 308 1339 337 atque
1358 305 1391 331 ad
1413 313 1490 333 sacra
1509 308 1635 342 mysteria
1656 309 1786 336 accedere

1004 346 1113 373 minime
1129 347 1235 378 audent.
1249 349 1355 376 sincero
1364 350 1466 384 judicio
1480 354 1583 387 praediti
1596 359 1667 388 sunt,
1678 363 1709 382 ac
1726 363 1786 382 cott-

1004 387 1092 414 restim
1105 396 1138 416 eo
1152 390 1317 418 adducentur
1327 412 1334 423 ,
1353 399 1380 420 ut
1394 401 1408 420 a
1426 400 1536 427 peccato
1551 397 1712 427 abstineant.
1735 399 1785 432 Qui

1003 437 1094 460 autem
1113 440 1236 468 peccant,
1252 442 1279 463 et
1292 437 1503 468 incontaminata
1522 445 1647 478 mysteria
1663 446 1786 473 scelestis

1004 478 1128 505 manibus
1142 480 1274 515 attingere
1286 489 1337 509 non
1352 484 1473 512 dubitant
1487 485 1524 521 (in
1538 495 1651 521 quorum
1664 496 1785 522 numero,

1003 527 1033 549 ut
1047 524 1152 557 scribis,
1168 525 1293 554 Zosimus
1309 529 1390 555 etiam
1407 529 1476 563 est),
1499 533 1634 559 sexcentis
1651 534 1787 567 suppliciis

1003 568 1076 602 digni
1090 573 1161 596 sunt.
1188 569 1258 598 Reos
1282 573 1375 606 enim,
1397 575 1473 609 juxta
1492 577 1601 603 minime
1632 578 1786 605 mendacem

1004 613 1077 641 Pauli
1093 622 1184 642 vocem
1197 636 1204 647 ,
1220 618 1340 651 corporis
1355 623 1381 646 et
1402 619 1543 655 sanguinis
1562 621 1667 648 Domini
1683 623 1787 656 seipsos

1004 659 1161 686 reddunt“.
1184 660 1365 693 Quamobrem
1384 664 1466 690 etiam
1482 665 1583 699 pritnos
1602 666 1710 700 quidem
1729 667 1787 693 dia-

1003 703 1080 730 bolus
1093 704 1164 731 haud
1182 705 1258 733 valde
1273 707 1438 742 aggreditur,
1458 710 1527 743 qttod
1546 711 1650 738 scilicet
1664 711 1787 744 explora-

1004 753 1059 776 tum
1075 750 1186 784 habeat,
1201 759 1246 779 eos
1259 772 1265 784 ,
1283 755 1407 787 quamvis
1422 760 1545 788 peccent,
1562 761 1650 783 tamen
1669 757 1693 783 id
1705 764 1789 792 agno-

1003 799 1108 821 scentes
1127 795 1223 822 divinis
1245 797 1325 824 rebus
1338 799 1536 826 venerationem
1555 807 1718 827 conservare
1737 810 1743 828 :
1762 806 1789 828 at

1004 846 1068 866 vero
1082 839 1108 866 in
1122 841 1266 874 secundos,
1280 843 1331 870 hoc
1346 847 1386 870 est
1396 852 1453 876 eos,
1469 846 1514 880 qui
1533 851 1655 880 peccant,
1668 854 1716 873 nec
1730 854 1788 880 pec-

1003 889 1092 912 catum
1107 892 1274 920 agnoscunt,
1292 893 1347 922 aut,
1362 889 1424 917 licet
1439 895 1604 925 agnoscant,
1619 896 1708 919 tamen
1721 900 1788 919 con-

165 919 298 953 κωμάζει,
313 921 461 957 τεκμήριον
476 923 526 957 τῆς
537 924 706 960 ἀναλγησίας
722 927 768 953 καὶ
780 927 828 962 τῆς
841 927 950 963 διαφθο-

1002 934 1136 964 temnunt,
1148 939 1180 959 ac
1194 939 1364 960 sacrosancta
1375 937 1502 969 mysteria
1513 938 1667 972 contingere
1679 938 1788 964 miniute

166 964 215 998 ρᾶς
232 964 281 999 τῆς
299 967 458 999 παντελοῦς,
475 968 547 994 τοῦτ’
560 967 629 996 εῖναι
644 970 756 1003 εἰκότως
769 972 901 1006 οἰόμενος.
919 975 950 1000 Ὃ

163 1009 194 1044 δὴ
208 1010 255 1036 καὶ
264 1011 310 1037 ἐπὶ
319 1011 365 1038 τοῦ
381 1013 507 1047 προδότου
521 1014 679 1049 πεποίηκεν.
697 1017 733 1042 Οὐ
753 1017 817 1052 γὰρ,
830 1018 868 1049 ὡς
885 1019 950 1054 ἡγῇ,

162 1054 210 1080 τοῦ
234 1056 400 1083 Δεσποτικοῦ
424 1059 603 1094 καταφρονῶν
624 1061 748 1096 σώματος
769 1063 892 1097 εἰσῆλθεν
911 1066 950 1096 εἱς

169 1103 260 1134 αὑτὸν,
273 1103 342 1130 ἀλλὰ
356 1105 404 1139 τῆς
420 1107 551 1140 πονηρίας
567 1107 649 1133 αὐτοῦ
666 1103 829 1142 καταγνοὺς,
841 1110 881 1135 ὅτι
896 1110 951 1136 λοι-

162 1147 214 1174 πὸν
225 1148 322 1174 ἀνίατα
336 1150 409 1175 νοσεῖ
420 1158 427 1165 ·
440 1151 586 1185 προδοῦναι
599 1151 649 1186 μὲν
662 1152 860 1187 διανοούμενος,
871 1162 950 1188 μετα-

162 1195 237 1229 σχεῖν
246 1194 273 1221 at
286 1194 323 1230 μὴ
337 1196 565 1231 παραιτούμενος,
581 1197 667 1232 ᾤχετο
679 1198 762 1232 ἄγων.
777 1199 807 1225 Ei
821 1199 872 1235 γὰρ
881 1198 949 1226 εἶδεν

166 1240 247 1268 αὑτὸν
262 1241 382 1273 εὐλαϐῶς
397 1242 492 1277 ἔχοντα
510 1244 573 1279 περὶ
589 1244 619 1270 τὸ
637 1244 707 1271 θεῖον
726 1247 885 1281 μυστήριον,
903 1247 949 1273 καὶ

161 1287 411 1322 παραιτησάμενον,
427 1288 492 1320 ἴσως
510 1289 542 1316 ἂν
571 1289 609 1321 ὡς
624 1289 664 1316 ἔτι
678 1291 797 1326 νήφοντα
813 1291 950 1327 παρώδευ-

161 1339 219 1358 σεν.
243 1332 317 1358 Ἐπεὶ
328 1332 349 1358 δ’
364 1330 432 1359 εἶδεν
447 1333 527 1360 αὐτὸν
543 1334 595 1360 ὑπο
609 1335 658 1370 τῆς
671 1335 887 1371 φιλοχρηματίας
901 1346 949 1364 κα-

162 1378 346 1413 ρηὸαροῦντα,
361 1379 408 1405 καὶ
429 1380 528 1414 μηκέτι
544 1380 589 1406 τον
605 1381 683 1416 ὀρθὸν
697 1381 793 1416 ἔχοντα
808 1382 948 1418 λογισμὸν,

160 1423 220 1450 ἀλλ’
238 1423 455 1458 ὲκὸακχευθέντα
475 1425 527 1452 ὑπὸ
548 1426 599 1460 τῆς
622 1426 772 1462 ἀκορέστου
795 1427 889 1462 μέθης.
911 1429 948 1455 Οὐ

162 1469 218 1504 μὴν
237 1469 275 1500 δὲ,
294 1469 360 1495 ἀλλὰ.
378 1469 425 1496 καὶ
437 1470 611 1506 τολμήσαντα
626 1471 756 1506 ἅψασθαι,
773 1469 810 1499 ὧν
830 1473 948 1507 ἅψασθαι

160 1516 280 1542 τοιοῦτον
294 1516 357 1543 ὅντα
369 1517 419 1544 οὐκ
436 1518 529 1552 ἐχρῆν,
542 1518 592 1553 τῆς
612 1519 779 1554 ἀναλγησίας
797 1520 879 1546 αὐτοῦ
900 1529 949 1548 κα-

160 1562 288 1595 ταγνοὺς,
299 1562 358 1594 ὅλος
373 1563 413 1593 εἰς
426 1562 506 1589 αὑτὸν
527 1563 660 1599 ἐχώρησε.

1003 979 1147 1010 verentur,
1161 981 1232 1004 totus
1250 985 1278 1004 se
1299 978 1438 1013 insinuat,
1461 981 1531 1008 istud
1548 989 1643 1016 nempe
1661 980 1787 1016 perlecta:

1002 1022 1166 1056 stupiditatis
1191 1028 1218 1050 et
1239 1025 1420 1058 corruptionis
1441 1031 1628 1060 argumentum
1650 1035 1710 1054 esse
1734 1035 1786 1054 non

1001 1069 1049 1095 abs
1065 1076 1094 1095 re
1113 1070 1284 1098 existimans.
1301 1071 1376 1104 Quod
1393 1073 1473 1099 etiam
1487 1073 1513 1100 in
1531 1075 1667 1108 proditore
1683 1082 1787 1108 quoque

1002 1113 1075 1140 fecit.
1097 1114 1154 1141 Non
1170 1116 1259 1148 enim,
1288 1117 1512 1149 quemadmodum
1539 1124 1565 1145 tu
1588 1125 1686 1153 putas,
1711 1120 1787 1146 eoin

1001 1159 1087 1193 ipsum
1103 1159 1240 1193 ingressus
1256 1166 1314 1194 est,
1333 1163 1403 1196 quod
1421 1163 1589 1191 Dominicum
1611 1165 1709 1198 cor'pus
1722 1172 1786 1191 con-

1002 1208 1144 1237 temneret,
1159 1206 1205 1233 sed
1220 1214 1281 1233 cum
1301 1207 1385 1240 ipsius
1405 1209 1603 1243 improbitatem
1618 1215 1785 1244 perspectam

1000 1250 1130 1283 haberet,
1148 1259 1243 1286 nempe
1258 1253 1329 1287 quod
1338 1253 1394 1287 jam
1409 1254 1555 1282 iucurabili
1569 1257 1662 1283 morbo
1679 1260 1786 1283 tenere-

1001 1299 1058 1327 tur,
1073 1300 1101 1322 ut
1115 1297 1159 1331 qui
1173 1296 1316 1324 Dominum
1330 1299 1436 1332 quidem
1460 1300 1575 1334 prodere
1589 1300 1616 1327 in
1628 1294 1722 1327 'auimo
1738 1301 1786 1327 Ita-

1001 1341 1086 1373 berct,
1105 1349 1153 1369 nec
1176 1349 1264 1370 tamen
1279 1344 1405 1379 mysteria
1422 1345 1561 1379 percipere
1573 1350 1725 1378 recusaret,
1741 1346 1783 1372 id-

1000 1386 1073 1414 circo
1102 1395 1162 1414 eum
1195 1388 1316 1416 abduxit.
1343 1389 1412 1416 Nam
1436 1390 1457 1417 si
1477 1398 1538 1417 eum
1570 1399 1634 1426 erga
1662 1392 1782 1418 divinum

1000 1432 1155 1466 mysterium
1176 1433 1302 1467 religiose
1324 1441 1355 1461 ac
1375 1439 1528 1461 reverenter
1542 1434 1677 1467 affectum,
1692 1436 1717 1462 id
1737 1435 1784 1462 de-

999 1482 1153 1511 precantem
1170 1478 1375 1512 conspexisset,
1400 1478 1634 1512 fortasseipsutn,
1659 1483 1785 1513 tauquam

999 1522 1087 1548 adhuc
1100 1529 1171 1549 sana:
1188 1530 1219 1549 ac
1234 1523 1331 1550 sobriae
1344 1524 1583 1551 mentisltomiuem
1599 1525 1782 1559 pra-teriissct.

1001 1566 1181 1601 Posteaquam
1203 1572 1291 1595 autem
1314 1576 1369 1602 ιιι-ω
1385 1569 1497 1595 avaritia
1514 1574 1641 1604 tanquam
1654 1569 1786 1603 vertigine

160 1609 341 1642 laborantem,
355 1609 466 1644 necjam
479 1610 594 1644 amplius
606 1613 704 1640 mentis
713 1617 862 1647 compotem
874 1620 945 1645 esse,
966 1621 1058 1641 verum
1076 1615 1110 1642 ab
1148 1615 1301 1650 inexplebili
1322 1615 1475 1643 tetnulentia
1499 1616 1525 1642 itt
1543 1617 1660 1644 furorem
1695 1621 1784 1644 actunt

160 1655 238 1686 vidit,
258 1658 340 1689 atque
366 1654 433 1682 adeo
448 1655 475 1682 in
491 1663 550 1683 eam
569 1657 709 1685 audaciam
724 1658 823 1686 elatum
837 1680 845 1693 ,
859 1664 888 1686 ut
900 1667 944 1692 ea,
963 1660 1045 1695 399
1055 1669 1113 1695 quae
1125 1662 1158 1688 ab
1172 1662 1304 1695 ejusmodi
1319 1662 1427 1689 homine
1456 1662 1551 1697 attingi
1585 1663 1695 1690 minime
1707 1670 1789 1698 opor-

161 1701 244 1734 tebat,
262 1703 396 1737 attingere
416 1703 527 1732 minime
540 1711 690 1740 vereretur,
711 1712 766 1735 tum
782 1715 846 1736 vero
865 1709 950 1744 ipsius
969 1714 1106 1745 stuporem
1123 1717 1281 1744 agnoscens,
1298 1715 1369 1737 totus
1399 1710 1426 1736 in
1444 1718 1504 1737 eum
1521 1718 1550 1737 se
1585 1710 1686 1745 injecit.

337 1760 419 1788 TEE'.
433 1775 470 1782 -
485 1762 598 1797 ΤΑΥΡῼ
621 1762 771 1798 ΥΠΑΡΧῼ.

1126 1764 1270 1792 CCCLXV.
1284 1780 1320 1786 —
1331 1765 1449 1793 TAUliO
1467 1763 1663 1792 llYPARCllO.

197 1813 265 1839 Τότε
279 1814 293 1840 ὁ
307 1814 387 1849 ὀρθὸς
400 1815 449 1850 τῆς
470 1815 548 1851 δίκης
570 1816 633 1852 ὅρος
648 1816 776 1848 σώζεται,
793 1814 815 1844 ὧ
830 1817 948 1852 ἀρχικῆς

162 1857 264 1892 ἀρετῆς
280 1858 479 1893 ἀψευδέστατον
499 1860 729 1896 βασανιστήριον,
752 1862 816 1888 ὅταν
841 1864 873 1898 τῇ
900 1863 949 1897 μὲν

159 1903 281 1930 αἰτιάσει
294 1905 310 1940 ὴ
321 1905 412 1940 κρίσις
426 1906 606 1943 ἀκολουθήσῃ,
618 1909 650 1942 τῇ
665 1907 694 1934 δὲ
705 1902 794 1944 κρίσει
803 1908 816 1933 ὁ
827 1907 947 1943 ἔλεγχος,

161 1947 200 1983 τῷ
214 1949 242 1975 δὲ
268 1949 402 1986 ἐλέγχῳὴ
424 1950 524 1986 ψῆφος,
539 1952 556 1987 ἡ
583 1953 651 1987 πρὸς
675 1952 724 1987 τὴν
747 1953 878 1989 ποιότητα
900 1953 947 1980 τοῦ

160 1995 358 2030 ἁμαρτήματος
374 1996 429 2032 (95)
446 1997 494 2032 τὴν
513 1998 648 2033 τιμωρίαν
664 1997 804 2035 ὁρίζουσα.

201 2057 292 2091 ΤΞςι.
312 2073 348 2079 -—
366 2060 594 2097 MAPTlNiANﬂ,
612 2062 748 2097 ΖΩΣΙΜῼ,
769 2063 912 2095 ΜΑΡΩΝΙ,

463 2095 643 2132 summa.

195 2147 386 2180 Κινδυνεύετε,
402 2149 440 2181 ὡς
467 2149 648 2185 πυνθάνομαι,
664 2151 859 2186 πεφραγμένας
881 2152 946 2178 ἀπο-

158 2193 263 2227 γνώσει
278 2195 327 2225 τὰς
336 2194 426 2226 ἀκοὰς
435 2194 517 2230 ἔχειν,
531 2196 578 2222 καὶ
586 2196 624 2228 ὡς
637 2196 670 2223 ἂν
686 2196 802 2224 ἔκπαλαι
817 2197 950 2224 καθοσιώ-

159 2247 258 2270 σαντες
280 2240 394 2272 ὲαυτοὺς
414 2242 474 2272 ταῖς
491 2242 648 2277 τιμωρίαις,
665 2243 864 2278 παροξύνεσθαι
881 2244 950 2278 πρὸς

159 2286 224 2317 τοὺς
244 2286 446 2321 παραινοῦντας
467 2287 502 2313 τὰ
526 2287 669 2315 κάλλιστα.
692 2288 763 2322 Ἐγὼ
776 2289 804 2316 δὲ
830 2289 948 2324 εὔχομαι

158 2331 234 2366 ὑμᾶς
260 2332 416 2366 ἀνενεγκεῖν
443 2334 474 2359 ὲκ
496 2333 546 2368 τῆς
571 2333 679 2368 μανίας,
702 2335 751 2368 οὐχ
778 2335 819 2361 ὅτι
848 2335 949 2369 βλάϐην

159 2377 351 2412 ὑποστήσομαι
361 2377 400 2412 μὴ
415 2379 616 2412 ἀνενεγκόντων
629 2379 715 2414 ὑμῶν,
734 2379 802 2414 πλὴν
819 2380 843 2406 εί
856 2381 893 2415 μή
907 2390 949 2412 τις

1035 1818 1102 1846 Tum
1118 1819 1233 1853 denique
1246 1824 1321 1846 recta
1334 1819 1445 1853 justitiae
1458 1819 1547 1854 regula
1561 1817 1717 1854 servatur(o
1732 1819 1784 1846 vir-

1000 1865 1065 1892 ttttis
1078 1865 1148 1892 illius
1162 1884 1168 1897 ,
1189 1873 1248 1900 quae
1273 1872 1287 1891 a
1304 1865 1434 1899 prtefecto
1449 1865 1595 1899 requiritur
1616 1864 1784 1891 verissimum

1000 1910 1135 1945 examen),
1163 1918 1224 1937 cum
1250 1911 1450 1938 accusationem
1476 1910 1633 1945 disceptatio
1649 1910 1782 1944 sequitur,

1001 1956 1220 1990 disceptationem
1237 1956 1368 1990 probatio,
1382 1956 1564 1990 probationem
1578 1956 1721 1988 sententia,
1734 1963 1783 1990 pro

1000 2001 1123 2029 criminis
1138 2001 1267 2035 qualitate
1283 2002 1444 2036 supplicium
1462 2002 1642 2029 constituens.

1016 2063 1173 2092 CCCLXVL
1189 2078 1224 2083 -—
1239 2063 1462 2095 MARTINIANO,
1481 2063 1617 2097 ZOSIMO,
1637 2063 1766 2091 MARONI

1254 2098 1298 2126 ET
1316 2098 1524 2126 EUSTATIIIO.

1037 2153 1228 2188 Desperatiuue
1243 2153 1368 2187 oltseptas
1383 2161 1462 2180 aures
1478 2173 1484 2185 ,
1514 2158 1542 2180 ut
1555 2153 1636 2180 audio
1649 2173 1656 2185 ,
1683 2153 1782 2180 habere

1000 2199 1145 2231 videmini,
1164 2203 1261 2234 atque,
1286 2204 1314 2226 ut
1330 2199 1375 2233 qui
1387 2199 1549 2233 jampridem
1568 2206 1615 2226 vos
1632 2199 1704 2232 ipsos
1718 2206 1782 2232 sup-

1000 2245 1087 2280 pliciis
1106 2244 1279 2276 devoveritis,
1294 2245 1424 2272 adversus
1439 2252 1485 2271 eos
1498 2243 1542 2279 qui
1554 2244 1653 2279 optima
1670 2244 1782 2272 consilia

999 2290 1076 2318 vobis
1090 2291 1239 2325 porrigunt,
1258 2290 1394 2317 iracundia
1411 2290 1526 2317 incitari.
1545 2290 1600 2324 Ego
1615 2297 1688 2322 vero,
1706 2294 1735 2316 ut
1749 2297 1782 2317 ex

1000 2335 1051 2364 hac
1064 2335 1167 2363 insania
1180 2336 1341 2370 emergatis,
1363 2339 1441 2370 opto,
1457 2342 1507 2362 non
1527 2337 1609 2369 quod,
1629 2335 1679 2361 nisi
1697 2342 1784 2362 emer-

1000 2382 1101 2414 seritis,
1129 2382 1283 2409 detrimenti
1305 2382 1451 2416 quidquam
1476 2381 1538 2408 ltinc
1560 2381 1701 2408 subiturus
1732 2381 1781 2407 sim

158 2421 239 2454 λέγει
254 2421 303 2456 τὴν
317 2422 437 2457 ἀθυμίαν
451 2423 501 2458 τὴν
515 2425 733 2460 προγιγνομένην
745 2434 789 2460 μοι
798 2426 829 2452 ὲκ
839 2426 944 2452 τούτου.

1001 2427 1062 2462 (nisi
1090 2432 1177 2454 tamen
1202 2427 1334 2460 quispiam
1357 2434 1519 2459 maerorem,
1541 2427 1586 2461 qui
1603 2427 1665 2453 hinc
1683 2426 1715 2452 ad
1741 2433 1783 2452 me

159 2466 209 2497 Εἰς
233 2466 288 2501 γὰρ
303 2466 348 2493 τὸν
364 2467 412 2493 τοῦ
427 2468 522 2502 μισθοῦ
544 2468 621 2503 λόγον
643 2470 719 2496 οὐδὲν
737 2470 945 2505 παραδλαΰήσο-

160 2520 222 2546 μαι.
243 2512 314 2539 Ἀλλ’
327 2513 422 2549 ἐπειδὴ
439 2514 614 2550 ποθεινοτέρα
628 2525 672 2551 μοι
691 2516 767 2551 ὑμῶν
783 2517 799 2552 ὴ
814 2517 945 2551 σωτηρία,

157 2557 210 2592 τῆς
227 2557 283 2585 τῶν
310 2559 417 2594 μισθῶν
440 2561 626 2593 ἀπολαύσεως.
650 2562 682 2588 Εἰ
707 2563 735 2589 δέ
760 2571 802 2594 τις
826 2563 944 2596 ἀπιστεῖ,

158 2602 257 2639 πόρρω
271 2603 319 2638 μὲν
333 2605 474 2639 τυγχάνων
489 2606 598 2642 φιλικῆς
612 2607 695 2641 ἕξεως
709 2607 842 2635 ἁλώσεται
855 2598 901 2635 καὶ
911 2609 945 2636 τὰ

158 2647 260 2675 ἑαυτοῦ
281 2649 360 2684 μόνον
374 2650 463 2684 ζητῶν
476 2652 666 2688 φωραθήσεται
687 2653 754 2688 (94).
770 2655 801 2681 Ei
818 2654 846 2681 δὲ
863 2654 942 2688 ἐλεγ-

199 2725 221 2742 “
239 2725 324 2755 lCor.
339 2734 378 2759 χι,
397 2726 443 2754 27.

998 2473 1077 2506 redit,
1094 2477 1302 2500 commemoret:
1319 2480 1379 2499 nam
1397 2473 1466 2507 quod
1487 2473 1519 2499 ad
1535 2473 1636 2506 praemii
1653 2471 1780 2498 rationem

1002 2519 1113 2551 attinet,
1142 2518 1207 2545 nihil
1223 2517 1312 2545 damni
1326 2517 1446 2551 faciam)
1460 2537 1468 2550 ,
1485 2525 1577 2544 verum
1594 2516 1665 2551 quod
1683 2515 1782 2548 majore

999 2563 1094 2591 salutis
1109 2568 1215 2595 vestrm,
1229 2571 1308 2597 quam
1323 2563 1424 2598 praemii
1438 2562 1616 2596 consequendi
1633 2559 1778 2594 cupiditate

1000 2614 1102 2638 tenear.
1116 2609 1191 2642 Quod
1207 2609 1229 2636 si
1242 2609 1302 2643 quis
1314 2609 1377 2636 mihi
1391 2608 1497 2641 difﬁdit,
1514 2608 1536 2634 is
1552 2607 1628 2641 longe
1640 2606 1672 2632 ab
1688 2605 1781 2631 amici-

997 2655 1040 2682 tiae
1052 2654 1143 2682 habitu
1157 2659 1275 2682 remotus
1286 2662 1346 2682 esse
1359 2658 1386 2682 et
1397 2654 1438 2682 sui
1451 2657 1554 2680 tantum
1567 2651 1652 2686 ipsius
1669 2649 1780 2676 utilitati

703 2785 820 2813 VARUS
837 2785 1029 2814 LEG’I‘IONES
1049 2786 1094 2812 ET
1116 2786 1233 2814 ΝΟΤᾸΞ.

195 2838 253 2877 (Θῷ
272 2838 324 2866 Pro
338 2840 533 2875 ἁμαρτήματος
556 2841 624 2868 idem
648 2842 708 2870 cod.
725 2841 787 2877 legit
809 2841 946 2877 πταίσμα-

155 2881 214 2904 τος.
234 2874 341 2902 Possm.

1035 2841 1165 2879 (θίῌίςιξς
1178 2863 1185 2872 ,
1201 2842 1248 2879 καὶ
1259 2841 1292 2868 τὰ
1307 2839 1436 2867 ἑαυτοῦ...
1454 2839 1657 2879 φωραθήσεταιξ
1672 2837 1780 2879 omitte:

997 2871 1045 2904 bat
1066 2871 1129 2905 edit.
1154 2871 1254 2910 Paris,
1274 2880 1303 2904 ut
1323 2883 1398 2904 vcrsa
1414 2871 1475 2911 post
1489 2871 1583 2909 quinto
1604 2873 1703 2905 verba,
1716 2873 1730 2899 ὸ
1752 2871 1780 2897 δὲ
