2045 3158
255 174 322 207 1019

853 174 882 205 S.
904 173 1048 204 ISIDORI
1066 170 1285 203 PELUSIOTJ!

1815 163 1882 193 1020

253 230 397 260 consulens
420 231 642 266 deprehenditur.
663 231 740 264 Quod
755 231 778 259 si
797 239 858 259 eum
875 232 1042 266 coarguitur,

1104 230 1209 264 [άμενος
1234 229 1274 259 εἰς
1291 225 1482 261 ἀναισχυντίαν
1495 223 1625 260 τραπείη,
1640 222 1687 249 καὶ
1707 221 1812 256 μηδένα
1831 220 1882 246 ἀν-

253 278 286 304 ad
298 277 489 312 impudentiam
502 284 531 304 se
541 283 691 311 convertat,
704 285 736 305 ac
747 278 879 305 nemiuem
890 277 1042 306 mertalium

255 324 305 350 hoc
319 331 436 357 unquam
451 323 611 357 praestitisse
627 324 782 356 contendat,
799 331 814 350 a
831 324 890 351 viro
899 324 952 351 Deo
962 323 1044 351 charo

255 368 345 400 Mose,
363 373 444 403 atque
466 377 480 395 a
503 370 702 402 sapientissimo
724 369 807 396 Paulo
831 369 977 398 refelletur.
1005 369 1044 397 Ex

253 415 352 449 quibus
375 415 443 442 alter
463 415 495 442 de
519 416 609 442 divino
630 415 697 443 libro
711 417 826 451 expungi
841 417 951 451 optabat
966 436 974 449 ,
993 416 1045 443 nisi

253 459 353 488 Judtis
369 461 574 495 ignosceretur:
589 462 658 489 alter
673 462 723 489 hac
737 463 889 489 conditione
901 463 1044 489 anathema

254 515 314 534 esse
325 508 461 540 cupiebat,
477 512 507 534 ut
521 507 607 535 Judzei
621 516 714 535 omnes
728 508 761 535 ad
777 508 859 534 vitam
875 509 1043 535 accederent.

255 555 330 588 Quod
347 555 368 582 si
386 563 492 582 rursum
509 554 599 581 dicat:
619 554 690 586 Quid
711 553 813 587 igitur?
831 553 931 580 virisne
948 553 1001 580 illis
1018 557 1044 580 te

257 601 420 635 comparas?
446 600 509 626 illud
537 600 749 634 responderem:
772 599 843 634 quod
863 607 924 626 cum
942 600 967 626 in
985 599 1045 626 aliis

255 647 380 673 omnibus
395 646 524 673 virtutum
541 645 726 679 przerogativis
740 645 843 672 cunctis
857 644 911 671 fere
928 644 1046 672 11011ιί1ιί-

257 694 306 720 bus
317 694 414 720 nedum
428 693 470 720 his
486 693 591 720 duobus
604 692 717 719 inferior
733 692 795 723 sim,
811 696 839 718 at
858 699 940 718 unum
955 696 1045 719 tamen

257 739 308 765 hoc
325 745 399 765 arcte
415 744 496 771 atque
513 739 618 765 ardenti
635 738 726 764 animo
744 742 823 765 teneo
836 758 843 769 ,
859 737 946 771 quod,
961 745 1046 772 quan-

257 790 312 812 tum
331 786 358 812 in
380 792 422 812 me
439 785 520 812 situm
541 789 599 817 est,
615 792 709 812 omnes
722 783 838 812 salutem
854 784 983 818 consequi
998 791 1046 810 cu-

256 837 338 864 piam.

301 884 471 912 CCCLXV".
486 901 522 906 —
537 884 739 912 IIERMOGENI
761 884 805 912 ET
828 883 1004 912 LAMPETIO

558 920 742 948 EI‘ISCOPIS.

291 981 562 1016 Quandoquidem,ut
578 990 591 1009 a
607 983 682 1010 vobis
697 983 826 1016 scriptum
836 987 886 1015 est,
903 982 1044 1016 Eusebius,

256 1029 301 1063 qui
319 1028 352 1055 ad
365 1028 433 1055 alios
454 1028 654 1062 objurgandos,
667 1033 694 1055 et
714 1028 746 1055 ad
761 1028 826 1055 falsa
841 1028 956 1055 crimina
978 1028 1047 1062 obji-

257 1076 351 1102 cienda
367 1095 374 1106 .
399 1080 426 1102 et
450 1075 642 1108 contingendus
663 1075 795 1102 absurdas
821 1074 1047 1109 reprehensiones

256 1121 446 1148 callidissimus
462 1128 493 1148 ac
511 1121 763 1148 vehementissimus
782 1125 841 1152 est,
865 1121 922 1154 ipse
938 1121 1047 1154 quidem

258 1169 342 1202 magis
367 1175 447 1202 quam
475 1167 563 1201 quivis
579 1166 648 1193 alius
665 1166 697 1192 iis
712 1166 846 1193 obnoxius
870 1171 912 1192 est
933 1173 994 1200 qua!
1008 1166 1049 1193 in-

257 1218 394 1240 sectatur:
411 1220 504 1240 verum
522 1220 570 1247 per
584 1212 635 1239 hoc
653 1211 798 1238 artificium
822 1211 848 1237 id
864 1218 892 1237 se
906 1215 1050 1238 assecutu—

258 1266 318 1285 rum
331 1263 416 1293 pntat,
429 1263 458 1285 ut
468 1259 530 1284 vitia
543 1265 590 1284 sua
604 1258 720 1284 obscura
734 1257 806 1289 sint;
822 1256 847 1283 id
860 1257 939 1283 velim
954 1256 1049 1289 discat,

1096 274 1213 310 θρώπων
1224 273 1304 300 τοῦτο
1314 270 1527 306 κατωρθωκέναι
1537 271 1615 305 φαίη,
1628 267 1824 302 ἐλεγχθήσεται
1836 265 1882 292 καὶ

1095 320 1172 355 παρὰ
1182 318 1228 346 τοῦ
1240 317 1380 353 θεοφιλοῦς
1391 317 1574 349 Μωσέως,κα“ι
1587 316 1661 350 παρὰ
1672 313 1718 340 τοῦ
1727 312 1882 346 σοφωτάτου

1096 364 1214 391 Παύλου.
1231 360 1280 390 Ὧν
1302 363 1316 389 ὁ
1334 363 1382 398 μὲν
1405 360 1596 396 ἐξαλειφθῆναι.
1620 360 1671 394 τῆς
1699 358 1774 390 Θείας
1792 357 1882 392 βίϐλου

1096 410 1206 446 ηὔξατο,
1219 410 1244 436 εί
1258 409 1296 444 μὴ
1311 407 1513 442 συγγνωσθεῖεν
1535 406 1668 436 Ἰουδαῖοι,
1680 405 1694 430 ό
1708 403 1737 430 δὲ
1753 402 1798 429 καὶ
1819 401 1884 429 ἀνά·

1096 455 1166 490 θεμα
1176 454 1277 488 ηὔξατο
1287 452 1367 486 εἶναι,
1381 453 1425 480 ἵνα
1440 452 1562 479 Ἰουδαῖοι
1574 452 1676 482 πάντες
1687 448 1883 476 πιστεύσωσιν.

1096 501 1127 526 Εἰ
1143 500 1170 526 δὲ
1185 499 1266 527 πάλιν
1280 499 1358 534 φαίη·
1379 499 1510 529 Ἐκεὶνοις
1526 495 1572 524 οὖν
1593 498 1649 528 τοῖς
1662 495 1775 531 ἀνδράσι
1795 502 1884 529 παρα-

1096 545 1204 577 ϐάλλεις
1215 545 1331 577 σαυτόν;
1350 544 1461 579 Ετποιμ’
1475 544 1508 571 ἂν
1525 543 1566 570 ὅτι
1577 543 1673 574 ἐντοῖς
1690 542 1781 572 ἄλλοις
1800 540 1885 566 ἆπασι

1096 591 1333 625 πλεονεκτήμασιν
1345 590 1474 618 ἁπάντων
1487 589 1580 625 σχεδὸν
1595 587 1748 624 ἀνθρώπων
1763 585 1887 612 ἐλαι-τού·

1098 644 1192 672 μενος·
1209 635 1239 662 οὔ
1260 644 1330 671 φημι
1350 635 1458 662 τούτοιν
1485 635 1567 670 μόνον
1592 635 1650 661 τοῖν
1679 633 1768 659 δυοῖνο
1791 631 1886 658 τούτου

1098 682 1178 717 μόνου
1199 682 1326 717 ἐκθύμως
1344 682 1519 718 περιέχομαι,
1545 680 1592 708 τοῦ
1612 679 1756 715 βούλεσθαι
1772 677 1885 709 πάντας,

1096 728 1158 763 τόγε
1172 728 1305 764 ἡμέτερον
1322 727 1378 763 (95)
1393 727 1487 763 μέρος,
1507 726 1638 762 σωθῆναι.

1098 887 1179 914 ΤΞΖ¹.
1206 899 1240 906 -
1270 885 1467 913 ΕΡΜΟΓΕΝΕΙ
1497 887 1558 912 ΚΑΙ
1598 885 1780 920 ΔΑΜΠΕΤΙῼ
1817 883 1890 911 ΕΠΙ-

1429 922 1554 957 axona.

1142 984 1262 1020 Ἐπειδὴ,
1282 984 1319 1016 ὡς
1340 983 1511 1020 γεγράφατε.
1535 983 1685 1014 δεινότατος
1708 982 1746 1009 ὣν
1763 981 1892 1013 Εὐσέϐιος

1101 1029 1265 1064 ἐπιτιμῆσαι
1280 1030 1394 1065 ἑτέροις,
1413 1030 1460 1057 καὶ⁴
1481 1029 1656 1056 αἰτιάσασθαι
1669 1028 1702 1056 τὰ
1719 1028 1804 1064 ψεύδη
1823 1028 1890 1063 (96),

1101 1075 1148 1100 καὶ
1164 1074 1282 1110 μέμψεις
1302 1075 1420 1107 ἀτόπους
1434 1075 1602 1110 συμπλάσαι,
1617 1074 1698 1106 αὐτὸς
1723 1075 1772 1109 μὲν
1793 1073 1894 1105 παντὸς

1104 1120 1203 1156 μᾶλλον
1226 1121 1317 1157 ἔνοχός
1334 1122 1407 1148 ἐστιν
1430 1119 1470 1153 οἷς
1489 1122 1623 1153 αἰτιᾶται,
1648 1121 1691 1147 διὰ
1713 1121 1741 1147 δὲ
1769 1121 1894 1156 μηχανῆς

1102 1167 1204 1202 ταύτης
1230 1167 1324 1202 λήσειν
1350 1167 1445 1200 οἴεται,
1464 1167 1647 1202 μανθανέτω,
1685 1167 1726 1192 ὃτι
1755 1167 1786 1192 τὸ
1814 1166 1896 1200 σοφὸν

1103 1212 1188 1246 αὐτῷ,
1214 1212 1318 1247 ἠλίθιον
1343 1212 1428 1239 ἔσται.
1456 1213 1511 1240 Καὶ
1534 1211 1606 1238 τοῦτ’
1632 1211 1698 1238 αὐτὸ
1725 1211 1844 1246 μάλιστα
1863 1211 1895 1238 οὐ

1103 1257 1238 1289 λανθάνει,
1250 1258 1291 1287 ὄτι
1305 1257 1396 1285 λαθεῖν
1410 1257 1618 1294 μηχανώμενος,
1632 1247 1896 1292 μᾶλλον-ἁλίσκεται.

257 1306 392 1332 solertiam
407 1313 483 1331 suam
497 1304 640 1331 stultitiam
653 1303 704 1336 ipsi
714 1302 782 1329 fore.
798 1301 886 1336 Atque
897 1302 948 1328 hoc
959 1302 1045 1335 ipSIIm
1068 1303 1185 1330 maxime
1201 1310 1250 1330 nos
1266 1303 1477 1338 haudquaquam
1496 1303 1562 1338 fugit
1574 1322 1581 1335 ,
1612 1303 1682 1337 quod
1698 1302 1761 1330 dum
1796 1301 1823 1328 id
1841 1300 1898 1336 agit

258 1358 290 1379 ac
305 1351 423 1382 molitur,
440 1356 469 1378 ut
483 1350 582 1386 ﬂagitia
602 1357 648 1377 sua
662 1357 711 1376 uos
722 1348 837 1383 fugiant,
851 1348 936 1382 magis
951 1348 1164 1381 deprehenditur
1180 1354 1264 1384 atque
1279 1349 1414 1376 irretitur.

338 1414 520 1444 CCCLXVIII.
535 1430 569 1435 ——
583 1414 710 1442 ZOSIMO
727 1412 967 1440 PIIESBYTERO.

295 1479 468 1507 Furibundas
483 1483 511 1505 et
533 1477 640 1504 rabidas
655 1477 746 1504 carnis
760 1476 916 1503 all'ectiones
931 1476 1053 1504 cicurare

263 1534 294 1554 ac
320 1526 445 1560 mitigare
462 1529 488 1552 et
510 1525 594 1551 lenire
615 1528 738 1558 oportet:
756 1523 827 1557 quod
840 1523 862 1550 si
877 1531 928 1549 non
948 1523 1055 1549 obteru—

263 1576 368 1607 perent,
384 1572 476 1603 etiam,
493 1571 581 1604 quoad
598 1569 656 1604 eius
673 1569 729 1596 fieri
750 1573 848 1603 potest.
863 1577 1001 1596 coercere.
1022 1569 1058 1596 At
1069 1553 1090 1581 Ο

264 1623 310 1649 ιιι,
331 1616 413 1652 ῆοο
432 1616 659 1650 quemadmodum
676 1615 746 1641 fama
765 1615 831 1647 fert,
848 1615 969 1642 habenas
991 1615 1057 1649 ipsis

266 1663 427 1693 remittens,
447 1670 501 1696 quo
525 1661 576 1688 illa:
599 1660 692 1687 volunt
711 1659 836 1687 duceris:
854 1659 948 1686 volunt
968 1665 1058 1686 autem

267 1708 292 1733 in
315 1707 462 1741 perniciem
487 1711 513 1733 et
537 1706 649 1732 exitium
671 1705 804 1732 desinere.
823 1705 1005 1738 Quamobrem
1025 1712 1059 1732 ne

267 1753 292 1779 in
310 1752 472 1787 profundum
487 1751 618 1778 malorum
634 1759 754 1785 pra:ceps
769 1751 883 1783 feraris,
901 1750 932 1777 da
949 1758 1058 1784 operam

267 1803 295 1826 ut
309 1806 356 1827 eas
374 1803 500 1832 tanquaru
518 1798 616 1833 injecto
639 1797 716 1824 freno
736 1798 879 1832 reprimas.

361 1852 524 1880 CCCLXIX.
536 1867 570 1872 —
584 1851 784 1880 EUSTATIIIO
800 1851 961 1879 DIACONO.

303 1917 331 1944 Si
346 1918 437 1944 statim
455 1917 488 1943 ab
504 1917 562 1951 ipso
580 1922 641 1944 ortu
663 1923 693 1942 ea
714 1917 796 1943 animi
816 1918 852 1943 tui
872 1925 945 1951 pars,
962 1917 988 1944 in
1006 1923 1059 1952 qua

269 1965 338 1991 ratio
355 1965 447 1991 sedem
464 1964 564 1996 habet,
580 1963 643 1990 lazsa
668 1969 694 1990 et
712 1963 804 1990 vitiata
817 1983 825 1996 ,
841 1968 886 1990 aut
903 1963 984 1990 etiam
997 1970 1060 1998 pro-

269 2016 329 2044 pter
347 2009 511 2036 incurabiles
529 2009 659 2042 quosdam
678 2010 788 2036 morbos
809 2009 944 2036 exstincta
968 2013 995 2035 et
1011 2008 1059 2036 de-

270 2055 323 2082 leta
340 2055 444 2087 fuisset,
458 2054 573 2081 fortasse
585 2054 618 2081 ob
630 2062 671 2086 ea,
685 2062 743 2089 quae
755 2055 802 2082 abs
817 2059 843 2082 te
857 2059 1059 2090 perpetrantur,

270 2100 376 2127 veniam
391 2100 570 2127 olitiuuisses.
587 2099 654 2126 Cum
670 2105 758 2127 autem
782 2100 806 2127 id
823 2101 870 2128 tibi
888 2101 998 2128 minime
1012 2108 1060 2128 ac-

269 2147 384 2177 ciderit.
403 2153 496 2173 verum
515 2147 550 2172 oh
565 2146 730 2181 singularem
753 2147 899 2181 quamdam
914 2150 995 2180 atque
1017 2146 1059 2173 in-

270 2193 452 2228 superabilem
482 2193 633 2219 socordiam
653 2212 660 2225 ,
692 2200 752 2220 eam
785 2192 868 2218 animi
903 2191 1059 2219 facultatem

1235 1413 1321 1440 TEH’.
1337 1428 1371 1433 -
1385 1413 1510 1448 zamia
1528 1412 1762 1447 ΠΡΕΣΒΥΤΕΡῼ.

1143 1479 1184 1506 Τὰ
1200 1479 1340 1515 μεμηνότα
1357 1479 1405 1506 καὶ
1420 1478 1558 1505 λυττῶντα
1577 1478 1626 1513 τῆς
1651 1477 1752 1512 σαρκὸς
1768 1476 1842 1511 πάθη
1859 1485 1902 1503 τι-

1108 1523 1251 1550 θασσεύειν
1272 1523 1318 1550 καὶ
1342 1523 1493 1558 ἐξημεροῦν
1519 1523 1566 1550 καὶ
1590 1522 1722 1557 πραΰνειν
1740 1522 1802 1556 χρή.
1824 1522 1855 1548 Εἰ
1872 1522 1902 1548 δὲ

1110 1570 1147 1605 μὴ
1166 1569 1313 1601 πείθοιντο,
1337 1570 1385 1595 καὶ
1398 1569 1532 1601 κολάζειν,
1558 1568 1595 1600 ὡς
1609 1568 1726 1603 δέχεται.
1749 1569 1785 1594 Σὺ
1801 1568 1841 1600 δὲ,
1863 1568 1902 1599 ὥς

1109 1625 1184 1650 φασι,
1201 1615 1250 1647 τὰς
1263 1615 1340 1651 ἡνίας
1355 1615 1449 1646 αὐτοῖς
1465 1615 1566 1646 ἐνδοὺς,
1581 1614 1636 1650 ἄγῃ
1650 1614 1712 1640 ὁποι
1724 1613 1746 1640 δ’
1765 1613 1797 1640 ἂν
1811 1615 1902 1640 ἐκεῖνα

1109 1662 1254 1698 βούλοιντο.
1283 1661 1428 1688 Βούλονται
1445 1661 1473 1687 δὲ
1497 1660 1538 1692 εἰς
1562 1659 1673 1694 ὄλεθρον
1694 1659 1741 1685 καὶ
1763 1658 1903 1685 ἀπώλειαν

1108 1708 1247 1743 τελευτᾷν.
1263 1707 1312 1733 Ἵν⁹
1338 1704 1386 1733 οὖν
1405 1707 1442 1742 μὴ
1470 1706 1511 1737 εἷς
1535 1705 1581 1731 τὸν
1598 1705 1722 1740 πυθμένα
1737 1704 1792 1730 τῶν
1808 1704 1902 1731 κακῶν

1109 1753 1339 1787 ὲξακοντισθείης,
1355 1752 1502 1788 φρόντισον
1515 1751 1586 1778 αὐτὰ
1599 1750 1792 1786 ἀνασειρὰσαι.

1110 1853 1192 1880 τεο.
1208 1868 1244 1874 -
1258 1853 1430 1888 srmone
1445 1853 1608 1888 ΔΙΑΚΟΝῼ.

1145 1919 1176 1946 EI
1195 1918 1244 1953 μὲν
1274 1918 1417 1945 κεκὰκωτό
1436 1926 1483 1944 σου
1506 1918 1537 1944 τὸ
1563 1917 1719 1951 λογιστικδν
1736 1916 1785 1951 τῆς
1811 1916 1901 1951 ψυχῆς

1110 1965 1191 1996 εὐθὺς
1208 1965 1262 1991 ἀπὸ
1280 1965 1373 2000 γονῆς,
1391 1964 1407 1999 ἢ
1425 1964 1468 1990 διὰ
1484 1963 1579 1995 νόσους
1600 1963 1677 1994 τινὰς
1694 1963 1820 1994 ἀνιάτους
1835 1962 1904 1996 ἠφά-

1111 2019 1196 2042 νιστο,
1222 2009 1287 2041 ἴσως
1307 2010 1338 2036 ἂν
1360 2009 1527 2044 συγγνώμης
1551 2008 1645 2043 ἔτυχες
1667 2008 1715 2035 ἐπὶ
1729 2009 1783 2039 τοῖς
1798 2007 1904 2042 δρωμέ-

1111 2064 1176 2087 νοις.
1194 2056 1225 2082 El
1241 2055 1269 2081 δὲ
1286 2055 1365 2082 τοῦτο
1387 2055 1436 2089 μὲν
1455 2055 1485 2081 οὑ
1508 2053 1657 2085 πέπονθας,
1669 2053 1722 2079 ὑπὸ
1742 2052 1770 2079 δὲ
1785 2054 1904 2087 ἀνυπερο

1112 2101 1210 2137 ϐλήτου
1229 2101 1365 2137 ῥᾳθυμίας
1383 2101 1540 2135 κατέχωσας
1559 2099 1648 2131 τοῦτο,
1672 2099 1772 2134 μᾶλλον
1794 2098 1823 2125 δὲ
1845 2098 1902 2124 ένέ-

1111 2156 1231 2183 κρωσας,
1254 2147 1314 2174 οὐδὲ
1340 2145 1506 2181 συγγνώμης
1517 2145 1662 2181 τυγχάνεις
1677 2144 1752 2180 παρὰ
1769 2143 1823 2171 τῶν
1840 2143 1905 2169 θεω-

1115 2194 1213 2229 μένων.
1232 2193 1386 2229 Δυνάμενος
1403 2192 1458 2227 γὰρ
1481 2191 1559 2218 τοῦτο
1589 2188 1668 2222 αὖθις
1687 2189 1904 2224 ἀναζωπυρῆσαι

269 2240 392 2267 obrueris
416 2239 459 2266 vel
484 2240 573 2274 potius
599 2239 758 2271 necaveris,
777 2238 880 2266 Idcirco
904 2245 937 2265 ne
951 2238 1053 2266 veniam

1110 2239 1170 2268 ταῖς
1187 2238 1310 2269 δεούσαις
1327 2237 1509 2272 ἐπιμελείαις,
1523 2236 1552 2263 οὺ
1579 2236 1660 2271 μόνον
1679 2235 1710 2262 οὐ
1739 2233 1904 2270 φροντίζεις,

271 2285 378 2319 quidem
393 2285 473 2311 ullam
487 2285 520 2311 ab
534 2285 578 2317 iis,
596 2285 641 2320 qui
657 2286 713 2312 han:
727 2288 860 2318 spectant,
873 2283 1058 2318 consequeris.

271 2331 336 2359 Nam
354 2339 414 2358 cum
429 2339 488 2358 eam
509 2339 556 2365 per
572 2335 764 2366 congruentem
783 2337 876 2357 curam
898 2335 926 2357 et
945 2330 1059 2365 diligen-

271 2378 336 2404 tiam
351 2385 459 2403 rursum
476 2378 646 2405 exsuscitare
669 2384 770 2412 queas,
798 2384 851 2404 non
873 2375 970 2408 modo,
987 2380 1018 2402 ut
1033 2375 1058 2402 id

272 2423 330 2455 ﬁat,
347 2422 411 2449 nihil
429 2431 499 2450 cura:
517 2424 643 2458 suscipis,
662 2424 708 2451 sed
729 2423 810 2451 etiam
828 2426 858 2450 ut
873 2429 1011 2457 nunquam
1033 2421 1058 2448 id

272 2468 319 2494 ﬁat
335 2488 343 2501 ,
368 2468 484 2496 laboras.
517 2468 632 2496 Tantum
655 2469 727 2496 enim
753 2468 912 2504 improbitas
933 2468 1059 2494 virtutem

273 2514 343 2548 apud
365 2519 391 2541 te
412 2517 565 2550 superavit,
590 2521 618 2543 ut
645 2523 679 2543 ne
696 2515 856 2550 improbitas
875 2515 985 2549 quidem
1002 2519 1062 2541 esse

274 2565 427 2589 censeatur.
449 2562 580 2596 Quocirca
608 2562 630 2590 si
651 2561 686 2588 ab
699 2561 839 2588 hominum
855 2561 976 2588 dicteriis
989 2560 1099 2588 liberari
1113 2561 1209 2596 cupis,
1237 2562 1331 2589 oculos
1364 2560 1472 2595 paulum
1507 2559 1601 2593 erige:

276 2609 442 2644 proruperis,
461 2609 626 2645 intelligens,
641 2607 737 2643 pedem
753 2607 858 2634 referre
872 2608 992 2636 studeas.

1112 2285 1187 2316 ὅπως
1203 2284 1282 2310 τοῦτο
1307 2284 1432 2318 γένηται,
1451 2282 1518 2309 ἀλλὰ
1535 2283 1584 2309 καὶ
1605 2283 1680 2313 ὅπως
1698 2280 1836 2316 μηδέποτε
1861 2279 1908 2314 γέ-

1113 2339 1192 2366 νηται
1215 2330 1444 2361 κατασκευάζεις.
1473 2328 1606 2355 Τοσοῦτον
1637 2328 1691 2363 γὰρ
1715 2329 1731 2362 ἠ
1750 2326 1836 2354 κακία
1862 2325 1908 2360 τὴν

1113 2375 1213 2412 ἀρετὴν
1233 2375 1308 2411 παρὰ
1332 2376 1374 2402 σοὶ
1392 2375 1646 2410 παρηυδοκίμησεν,
1674 2373 1713 2404 ὡς
1741 2372 1811 2408 μηδὲ
1826 2372 1907 2398 κακία

1113 2419 1182 2448 εἶναι
1200 2421 1373 2457 νομίζεσθαι.
1404 2422 1435 2448 Et
1455 2421 1546 2447 τοίνυν
1576 2413 1666 2454 βούλει
1684 2419 1734 2454 τῆς
1762 2418 1908 2452 κωμῳδὶας

1112 2468 1315 2503 ἀπαλλαγῆναι,
1340 2467 1489 2495 ἀνάνευσον
1517 2466 1624 2502 μικρὸν,
1650 2466 1694 2492 ἵνα
1717 2465 1801 2500 γνοὺς
1814 2461 1843 2490 οἵ
1857 2463 1907 2490 τῶν

1115 2514 1207 2540 κακῶν
1223 2514 1429 2550 ἔξηκοντίσθης,
1447 2513 1626 2544 σπουδάσειας
1639 2511 1822 2547 ἀναδραμεῖν.

1639 2562 1681 2591 ut,
1695 2565 1750 2592 quo
1778 2556 1910 2584 malorum

840 2693 956 2722 VARIIE
972 2694 1164 2723 LECTIONES
1182 2694 1226 2722 ET
1244 2694 1360 2722 NOTAE.

273 2775 321 2802 καὶ
335 2775 462 2811 ἀνάθημα
474 2773 576 2810 ηῠεατο
588 2763 734 2811 εἶναῖηξνα.
747 2771 878 2811 Ἰουδαίοιί
894 2772 987 2811 Locus
993 2777 1064 2811 uter-

274 2819 325 2844 que
341 2807 536 2845 supplétur'ex
560 2809 654 2836 codice
678 2807 807 2835 Vaticano
825 2807 878 2834 650
902 2816 946 2844 ap.
970 2807 1063 2835 Possi-

274 2854 348 2872 num.
366 2847 446 2873 Eutr.

313 2882 368 2916 (95)
389 2881 438 2907 Pro
458 2879 487 2906 τό
506 2888 536 2914 γε
552 2880 685 2915 ἡμέτερον
699 2879 758 2907 cod.
782 2879 851 2906 idem
871 2878 964 2907 habct'
979 2878 1018 2909 εἰς
1036 2877 1066 2904 τὸ

1115 2769 1183 2806 ἧκόν
1199 2781 1244 2806 μοι
1262 2772 1324 2807 μέρ.
1338 2770 1443 2807 Possm.

1151 2802 1208 2842 (96}
1225 2802 1446 2842 Coit.'\r'at.7650,
1465 2803 1568 2839 ψευδῆ,
1582 2808 1606 2830 et
1635 2810 1706 2830 vers.
1726 2802 1743 2828 4
1761 2809 1823 2842 p_ro_
1837 2802 1912 2842 εστιν

1117 2837 1299 2903 Ιηιὶιεέέῗται.
1318 2841 1437 2876 Denique
1452 2837 1521 2867 vers.
1540 2843 1666 2874 antepeu.
1685 2845 1734 2872 pro
1751 2837 1829 2872 αὑτῷ
1845 2837 1910 2872 legit

1119 2885 1214 2904 αυτον.
1243 2885 1268 2904 ι).
