2045 3158
161 167 224 200 ιορι

335 223 395 250 τα.
413 239 447 243 -
464 225 595 261 ΕΡΜΙΝῼ
613 227 761 255 KUMHTI.

196 286 290 313 Πολλοὶ
305 287 354 321 μὲν
371 289 547 323 τροπαιοῦχοι
560 290 671 325 ἀνδρίαν
691 292 868 327 κτησάμενοι,
889 293 948 327 φιλ-

159 332 302 367 ανθρωπίᾳ
315 333 378 363 τοὺς
398 334 535 369 ὑπηκόους
554 335 726 363 διεσώσαντο.
741 338 796 364 Καὶ
806 337 852 370 οὓς
870 339 948 367 ἄκον-

161 386 211 409 τας
229 378 476 412 κατεδουλώσαντο,
499 381 611 413 τούτους
627 382 740 414 ἑκόντας
757 383 946 418 ἐχειρώσαντο.

164 423 196 450 Ἦ
214 425 264 459 μὲν
275 425 329 460 γὰρ
343 425 436 460 ἀνδρία
451 426 523 462 δεινὴ
547 428 576 453 τδ
593 427 631 462 μὴ
651 428 774 464 ὑπάρχον
785 429 946 463 κτήσασθαι,

157 470 173 504 ἡ
193 469 220 495 δὲ
234 470 355 505 πραότης
374 470 438 497 αὐτὸ
457 471 487 497 τὸ
510 471 607 507 κτηθὲν
626 473 744 508 ἀμείνων
765 473 892 507 φυλάξαι.
916 474 948 500 υἱ

158 515 186 541 δὲ
202 515 248 541 τοῦ
262 515 349 550 πράου
366 518 547 551 τροπαιοῦχον
564 518 712 553 αὐχοῦντες
725 517 795 545 εἶναι
811 519 947 555 φοιτηταὶ,

158 561 207 586 καὶ
224 560 270 587 τοῦ
284 562 410 597 οὐρανίου
428 563 560 596 βασιλέως
577 564 753 598 στρατιῶται,
770 564 816 596 οὒς
833 564 857 591 οἱ
873 565 948 599 παρὰ

158 605 207 642 τὴν
233 606 320 642 ἀρχὴν
338 608 508 634 ὑπασπισταὶ
528 609 662 644 πραότητι
691 610 803 641 ἑκόντας
833 609 948 645 ἐχειρώ-

159 660 250 684 σαντο,
263 652 375 684 τούτους
390 653 535 690 ἀλαζονείᾳ
554 656 668 687 ᾶκοντας
684 656 876 683 ἀποσοϐοῦσιν.
894 656 948 688 Οὒς

159 697 215 733 γὰρ
234 699 333 724 ἐκεῖνοι
354 699 467 731 ἑκόντας
490 701 529 731 εἰς
545 701 594 735 τὴν
614 701 701 736 ἀρχὴν
728 702 946 737 παρεστήσαντο,

159 743 273 775 τούτους
287 746 334 771 καὶ
351 745 387 780 μὴ
405 745 583 780 βουλομένους
595 747 638 773 διὰ
646 748 695 782 τῆς
704 748 808 774 ἑαυτῶν
823 748 947 783 τυραννί-

159 789 205 820 δος
223 789 426 817 ἀπελαύνουσιν.
445 791 490 822 Ὣς
502 791 556 826 γὰρ
573 792 710 827 λυμεῶνες
726 793 772 819 καὶ
787 792 946 828 ἀλάστορες,

160 835 212 868 οὐχ
229 835 266 867 ὡς
290 835 418 871 ποιμένες
448 838 504 867 τοῖς
529 838 660 872 ὑπηκόοις
683 838 892 873 προσφέρονται.
914 839 947 864 Τί

159 878 208 907 οὖν
221 883 353 916 ποιητέον,
369 882 437 917 ἔφης
449 891 455 915 ;
469 883 550 910 οὐδὲν
563 884 627 911 ἄλλο
640 884 655 919 ἢ
669 885 768 919 ἀρετὴν
784 884 945 916 ἀσκοῦντας,

158 927 189 952 τὸ
209 927 281 954 οεῖον
292 929 436 962 ἀναμένειν
452 929 626 964 δικαστήριον
641 930 706 964 (97).

158 979 228 1004 eos,
253 973 349 1007 quibus
364 980 478 1007 prmsunt
493 995 501 1007 ,
524 979 651 1002 tractant.
682 976 750 1009 Quid
772 975 855 1011 igitur
879 976 952 1003 facto
971 983 1038 1010 optts
1056 979 1113 1007 est,
1136 973 1247 1008 inquis?
1275 973 1345 1000 Nihil
1378 974 1467 1005 aliud,

159 1018 281 1045 colentes
297 1019 415 1046 divinum
436 1019 553 1047 tribunal
574 1027 772 1055 exspectemus.

229 1074 314 1102 TUA'.
326 1090 361 1095 —
375 1076 539 1112 ΘΕΟΔΟΣΙῼ
552 1078 776 1115 ΠΡΕΣΒΥΤΕΡῼ
792 1080 872 1116 (97-).

203 1141 234 1168 '0
250 1142 299 1176 μὲν
313 1142 358 1170 τὸν
369 1144 587 1178 ἐγκρατέστατον
600 1145 646 1172 καὶ
659 1147 877 1182 αὐταρκέστατον
891 1147 947 1182 βίον

158 1186 296 1222 ἑλόμενος,
311 1190 343 1223 τῇ
364 1189 412 1224 μὲν
425 1189 496 1225 ψυχῇ
513 1190 639 1226 λαμπρός
654 1193 711 1218 ἐστι
725 1194 772 1219 καὶ
793 1193 891 1228 μέγας,
908 1193 946 1228 τῷ

156 1233 186 1259 δὲ
203 1233 253 1268 βίῳ
279 1234 402 1270 εὐτελής.
427 1235 529 1262 Πολλοῦ
558 1236 611 1270 γὰρ
632 1237 707 1269 ἄξιος
731 1237 777 1270 ὦν,
805 1239 946 1265 ἀναλίσκει

155 1279 246 1312 ὀλίγα.
269 1279 297 1306 ’0
311 1280 338 1305 δὲ
362 1280 407 1306 τὸν
431 1281 601 1316 ἀὸροδίαιτον
626 1282 681 1317 βίον
704 1284 801 1318 τιμῶν,
820 1286 868 1311 καὶ
895 1286 945 1320 τὴν

156 1324 379 1359 φλεγμαίνουσαν
395 1327 534 1361 τράπεζαν
549 1327 664 1362 διώκων,
687 1330 719 1364 τῇ
746 1329 794 1363 μὲν
809 1331 880 1364 ψυχῇ
898 1339 946 1357 τα-

156 1369 251 1400 πεινός
263 1370 320 1396 ἐστι
340 1371 388 1397 καὶ
411 1372 518 1406 μικρὸς,
536 1374 582 1399 καὶ
600 1374 719 1408 χαρίτων
732 1374 845 1410 ἕρημος,
862 1375 900 1410 τῷ
918 1376 945 1402 δὲ

157 1414 209 1448 βίῳ
223 1415 381 1450 πολυτελής.
402 1416 516 1448 Οὐδενὸς
533 1417 587 1453 γὰρ
603 1418 677 1451 ἄξιος
698 1418 735 1444 ὢν
754 1419 868 1446 πλεῖστα.
880 1420 946 1446 ἁνα-

155 1459 255 1486 λεσκει.
279 1461 325 1486 Διὸ
350 1461 454 1493 ἐκεῖνος
484 1463 534 1497 μὲν
565 1464 612 1489 ἆτε
638 1464 738 1498 ὀλίγοις
766 1464 944 1500 ἀρκούμενος,

155 1504 361 1532 πλουσιώτατον
376 1507 470 1533 ἑαυτὸν
487 1506 556 1535 εἶναι
579 1510 700 1543 ἡγεῖται·
724 1506 802 1542 οὗτος
817 1510 845 1536 δὲ
861 1510 946 1537 πολλὰ

153 1550 324 1583 ἀναλίσκων,
351 1553 391 1584 εἰς
411 1553 459 1584 τὰς
475 1553 529 1580 τῶν
543 1554 628 1586 πέλας
657 1555 750 1587 οὐσίας
771 1555 821 1587 τὰς
844 1556 946 1592 μιαρὰς

156 1596 259 1622 ἑαυτοῦ
283 1597 375 1632 ῥίπτει
389 1599 493 1633 χεῖρας.
524 1599 569 1625 Διὸ
594 1601 640 1626 καὶ
664 1601 826 1627 πενέστατον
851 1602 945 1628 ἑαυτὸν

158 1641 233 1669 εἶναι
244 1644 360 1679 ἡγεῖται.
378 1645 427 1677 Τίς
451 1644 498 1672 οὖν
517 1646 570 1672 τῶν
586 1648 738 1682 ὲχεφρόνων
752 1648 798 1674 τον
818 1648 868 1683 μὲν
878 1649 946 1684 πρό-

155 1697 238 1725 τερον
253 1691 282 1717 οὐ
303 1690 432 1726 ζηλώσει,
443 1692 488 1718 τὸν
502 1692 529 1719 δὶ
540 1692 666 1728 δεύτερον
677 1694 708 1720 οὗ
721 1695 847 1729 μισήσει;

295 1791 378 1818 TOB'.
397 1807 433 1811 —
451 1791 552 1819 ΘΕΩΝΙ
572 1793 806 1829 ΠΡΕΣΒΥΤΕΡῼ.

433 1838 501 1871 Περὶ
518 1838 671 1872 Μάρωνος.

192 1901 262 1928 Λίαν
277 1902 362 1937 ἥσθην
379 1903 531 1938 πυθόμενος
542 1905 582 1932 ὅτι
597 1906 610 1931 ὁ
628 1905 673 1937 σὸς
695 1906 812 1938 διάδικυς
831 1905 945 1941 ὥρμησε

158 1947 210 1982 μὲν
239 1947 307 1974 κατὰ
324 1947 371 1974 σοῦ
388 1949 425 1980 ὡς
447 1950 569 1977 αὐτοϐοεὶ
597 1951 798 1986 περιεσόμενος.
824 1952 943 1988 Ἐῤῥάγη

154 1991 186 2017 δὲ
199 1991 324 2026 καθάπερ
340 1993 368 2018 ἐν
385 1994 441 2024 τοῖς
465 1994 639 2030 Ὀλυμπικαῖς
654 1996 757 2030 ἀγῶσιν
773 1996 824 2022 ὑπὸ
835 1997 883 2032 τῆς
895 1997 945 2031 σῆς

155 2036 316 2071 φιλοσοφίας
333 2039 521 2074 νενικημένος.

155 2139 243 2165 ΤΟΓ⁷.
262 2154 296 2159 --
314 2139 631 2213 EPbﬂNQ,TAAI¥’$)GgZ%
647 2143 764 2169 IEPAKI
780 2143 944 2171 ΛΛΜΠΡΟ-

198 2232 230 2258 '0
256 2231 305 2266 μὲν
326 2231 425 2267 ἀρετὴν
445 2232 547 2264 ἀσκῶν,
567 2234 697 2268 στέφανον
721 2235 778 2270 ἔχει
801 2235 942 2270 λαμπρόνο

153 2278 169 2304 ὁ
200 2277 230 2304 δὲ
247 2277 386 2312 κατορθῶν
411 2278 470 2313 μὲν,
486 2278 523 2313 μὴ
546 2279 695 2314 ἡγούμενος
721 2281 943 2316 κατωρθωκέναι,

546 173 816 204 EPISTOLAHUM
834 175 908 205 LIB.
928 176 985 206 III.
1005 191 1039 196 —
1059 179 1175 209 EPIST.
1196 179 1395 210 CCCLXXIII.

1714 178 1782 213 1622

1136 232 1283 260 CCCLXX.
1297 248 1334 255 -
1349 232 1504 262 HERMINO
1517 233 1645 262 COMITI.

1034 295 1108 322 Multi
1132 296 1239 330 quidem
1265 297 1380 325 victores
1396 317 1403 330 ,
1431 306 1477 326 eos
1493 307 1560 333 quos
1578 300 1678 327 virtute
1701 305 1782 335 alque

998 340 1081 367 animi
1097 340 1279 374 magnitudine
1291 342 1379 375 adepti
1395 348 1481 374 erant,
1494 343 1660 372 humanitate
1672 352 1782 372 conser-

997 390 1113 413 varunt:
1132 391 1159 413 et
1175 393 1242 420 quos
1262 386 1360 413 invitos
1379 387 1405 414 itt
1427 389 1582 416 servitutem
1607 391 1779 425 redegeraol,

998 431 1104 458 eosdem
1124 430 1238 457 libentes
1251 434 1404 457 tenuerunt.
1425 431 1527 458 Etenim
1542 433 1668 460 fortitudo
1682 435 1714 460 ad
1743 435 1780 466 id,

997 478 1069 512 quod
1087 484 1138 504 non
1151 476 1268 508 habeas,
1283 476 1509 509 comparandmn,
1530 485 1652 511 magnam
1667 479 1718 505 vim
1734 480 1783 506 ha-

997 522 1060 549 bet:
1085 521 1225 549 clementia
1239 526 1328 548 autem
1346 526 1372 547 et
1384 520 1508 551 facilitas,
1523 522 1555 548 ad
1571 522 1606 553 id,
1625 524 1695 557 quod
1711 530 1782 556 qua).-

998 566 1079 594 situtn
1093 570 1151 597 est,
1172 566 1300 592 tuendum
1319 569 1400 599 atque
1420 566 1634 592 conservandum
1652 567 1780 599 majorem

997 612 1112 639 obtinet.
1128 611 1161 637 At
1177 615 1271 638 contra
1287 611 1320 642 ii,
1332 611 1377 644 qui
1390 610 1457 637 lenis
1474 615 1501 637 ct
1515 611 1649 638 mansueti
1669 612 1781 640 victoris

998 655 1158 690 discipulos,
1181 663 1212 683 ac
1230 655 1348 682 caelestis
1370 655 1440 689 regis
1459 655 1556 682 milites
1580 663 1609 683 se
1634 663 1694 683 esse
1721 663 1782 690 pro-

999 701 1109 729 ﬁtentur
1123 721 1130 733 ,
1148 709 1195 728 eos
1208 721 1216 733 ,
1233 708 1300 736 quos
1313 701 1391 735 primi
1418 700 1547 728 satellites
1573 709 1622 736 per
1643 702 1780 728 lenitatem

997 752 1092 781 sponte
1108 751 1246 781 ceperunt,
1270 753 1318 781 per
1336 746 1432 772 fastum
1447 750 1473 772 et
1488 747 1669 780 arrogantiam
1685 747 1782 773 invitos

997 792 1166 819 submovent.
1182 790 1248 817 Nam
1266 799 1333 825 quos
1355 791 1391 817 illi
1410 791 1555 818 libentibus
1576 786 1680 818 Iani-nis
1698 792 1782 826 impe-

999 837 1039 864 rio
1063 844 1112 864 suo
1129 845 1162 864 ac
1185 837 1276 863 ditioni
1306 837 1496 871 subiecerunt:
1517 838 1574 870 bos,
1596 837 1676 864 etiam
1701 846 1781 872 repu-

999 888 1126 918 gnantes,
1143 889 1188 917 per
1205 882 1373 917 tyrannidem
1389 890 1464 909 suam
1479 883 1625 917 expellunt.
1644 883 1781 917 Siquidem

999 932 1027 955 ut
1047 928 1199 962 perditorcs
1221 931 1248 954 et
1267 927 1418 959 carniﬁces,
1434 935 1488 954 non
1503 933 1591 954 autem
1607 934 1635 955 ut
1649 933 1781 963 pastores,

1506 981 1586 1009 quant
1604 979 1634 1001 ut
1654 975 1781 1002 virtutem

1057 1077 1216 1107 CCCLXXI.
1228 1093 1262 1098 -—
1274 1077 1470 1105 TllEODOSlO
1491 1077 1726 1106 PRESBYTERO.

1033 1146 1083 1179 Qui
1101 1146 1184 1172 vitam
1207 1145 1322 1171 maxime
1343 1144 1525 1171 continentem
1543 1149 1570 1171 et
1588 1144 1715 1179 frugalem
1732 1146 1780 1172 sibi

1000 1192 1209 1219 consectandam
1225 1191 1372 1226 proposuit,
1390 1191 1481 1217 animo
1497 1198 1609 1224 magnus
1624 1195 1650 1217 et
1664 1191 1781 1224 splendi-

997 1238 1047 1265 dus
1062 1242 1120 1270 est,
1136 1237 1224 1264 victus
1247 1241 1334 1264 autem
1359 1236 1431 1263 cultu
1449 1236 1546 1263 tenuis.
1568 1236 1634 1263 Nam
1648 1245 1708 1263 cum
1724 1238 1782 1272 ipse

997 1283 1086 1317 magni
1105 1282 1185 1316 pretii
1205 1281 1250 1313 sit,
1265 1289 1348 1315 pauca
1363 1281 1498 1315 expendit.
1520 1281 1611 1315 Atqui
1628 1282 1686 1308 vita:
1702 1282 1781 1308 lauti-

998 1329 1060 1354 tiatn
1086 1328 1111 1354 iu
1137 1327 1221 1361 pretio
1238 1327 1318 1353 habet
1340 1333 1372 1352 ac
1391 1326 1523 1360 turgidam
1551 1334 1672 1353 mensam
1688 1334 1782 1354 conse-

997 1377 1095 1404 ctatur,
1112 1374 1202 1399 animo
1213 1372 1320 1406 quidem
1336 1380 1433 1406 parvus
1456 1377 1482 1400 ct
1500 1373 1620 1406 abiectus
1641 1378 1698 1405 est,
1721 1381 1782 1407 gra-

997 1419 1094 1450 tiisque
1110 1425 1219 1449 vacuus,
1235 1419 1305 1444 victu
1322 1422 1409 1444 autem
1420 1418 1552 1452 profustts.
1562 1417 1628 1444 Nam
1645 1426 1704 1445 cum
1721 1419 1777 1452 ipse

996 1463 1095 1490 nullius
1110 1463 1188 1497 pretii
1204 1463 1256 1495 sit,
1273 1463 1386 1496 plurima
1403 1463 1523 1489 insumit.
1547 1463 1604 1496 Quo
1625 1462 1664 1495 iit,
1679 1467 1706 1489 ut
1725 1463 1778 1494 ille,

996 1508 1090 1544 paucis
1108 1512 1260 1538 contentus.
1277 1508 1492 1540 copiosissimum
1505 1515 1534 1534 se
1550 1515 1610 1534 esse
1624 1508 1779 1534 existimet:

997 1555 1040 1582 hic
1058 1560 1147 1581 autem
1162 1554 1284 1588 ingentes
1300 1553 1378 1588 ἀοι
1393 1558 1514 1587 sumptus
1527 1552 1639 1584 faciens,
1656 1554 1681 1579 in
1695 1554 1782 1588 proxi-

997 1607 1102 1626 morttm
1131 1599 1200 1626 bona
1226 1599 1372 1625 sceleratas
1399 1605 1463 1624 suas
1485 1605 1580 1635 manus
1602 1598 1704 1631 iujiciat
1719 1618 1726 1629 ,
1750 1606 1782 1624 ac.

996 1645 1110 1680 proinde
1126 1644 1326 1678 pauperrimum
1344 1650 1373 1670 se
1397 1650 1457 1669 esse
1478 1643 1633 1670 arbitretur.
1653 1643 1780 1676 Quisnam

958 1697 980 1727 C
997 1690 1078 1725 igitur
1091 1697 1163 1717 same
1179 1690 1276 1716 mentis
1298 1690 1414 1724 priorem
1442 1690 1551 1717 beatum
1567 1697 1617 1716 non
1633 1690 1781 1723 praedicet;

996 1735 1141 1762 secundum
1157 1740 1246 1761 atttem
1264 1736 1349 1762 oderit
1366 1743 1397 1763 ac
1412 1735 1579 1763 detestetur?

1083 1791 1292 1820 CCCLXXIl.---
1307 1792 1431 1819 TllEONl
1452 1790 1690 1818 PRESBYTERO.

1300 1837 1337 1863 De
1353 1836 1470 1863 Marone.

1030 1905 1125 1939 Magna
1149 1904 1285 1938 voluptate
1301 1903 1412 1930 all'eetus
1429 1910 1502 1934 sum,
1520 1910 1580 1930 cum
1596 1903 1658 1930 illud
1674 1903 1778 1936 audivi,

996 1950 1179 1976 adversarium
1199 1955 1272 1976 tuum
1284 1969 1290 1981 ,
1309 1949 1335 1975 in
1357 1953 1382 1975 te
1395 1948 1502 1982 quidem
1522 1949 1648 1983 impetum
1667 1950 1778 1982 fecisse,

997 2001 1122 2030 tanquam
1138 2000 1163 2022 te
1178 1995 1269 2022 statim
1285 1995 1451 2028 superiorem
1475 1995 1609 2027 futurum;
1628 1994 1778 2028 disruptum

995 2047 1083 2068 autem
1114 2041 1210 2074 fuisse,
1239 2048 1290 2067 non
1319 2048 1395 2068 secus
1418 2041 1539 2074 atquein
1557 2040 1702 2075 Olympicis
1723 2048 1780 2067 cer-

995 2086 1150 2118 taminibus,
1167 2093 1180 2112 a
1200 2090 1225 2113 te
1243 2085 1373 2120 sapientia
1390 2085 1488 2112 victum
1504 2090 1584 2119 atque
1603 2090 1779 2119 prostratum.

995 2142 1176 2170 CCCLXXHI.
1196 2157 1230 2162 —
1249 2141 1414 2171 llEltMlNO,
1431 2141 1623 2172 DOROTIIEO,
1641 2140 1780 2167 lllEﬂACl

1276 2176 1495 2204 CLARISSIMO.

1029 2235 1053 2262 Is
1067 2235 1184 2269 quidem,
1200 2235 1244 2269 qui
1258 2234 1381 2262 virtutem
1395 2234 1468 2264 colit,
1483 2233 1637 2268 praeclaram
1655 2239 1779 2259 coronam

995 2281 1092 2313 habet;
1109 2283 1137 2307 at
1153 2280 1198 2314 qui
1215 2280 1323 2307 virtutis
1340 2279 1427 2307 oilicia
1448 2285 1593 2314 prazstans,
1614 2278 1723 2304 minime
1741 2282 1782 2303 ta-

153 2322 206 2349 καὶ
221 2322 303 2349 αὐτοῦ
318 2322 362 2348 τοῦ
381 2323 452 2349 οὕτω
468 2324 618 2351 διακεῖσθαι
634 2326 724 2360 χάριν,
743 2326 874 2360 στέφανον
889 2326 943 2359 ἕξει

995 2333 1055 2353 men
1073 2332 1102 2352 se
1123 2324 1281 2359 prazstitisse
1297 2325 1441 2357 existimat,
1461 2325 1510 2350 hoc
1523 2324 1604 2350 etiam
1623 2322 1695 2356 ipso,
1711 2321 1780 2355 quod

154 2367 357 2402 λαμπρότερον.
379 2368 552 2404 Ἀντίῤῥοπον
567 2370 621 2404 γὰρ
642 2370 695 2397 τῶν
724 2371 943 2406 κατορθωμάτων

996 2371 1032 2398 ita
1047 2370 1156 2398 aﬂectus
1165 2371 1210 2403 sit,
1222 2370 1427 2405 splendidiorem
1441 2377 1565 2396 coronant
1576 2368 1715 2395 habiturus
1729 2371 1781 2394 est.

155 2412 228 2443 ἐστὶ,
256 2413 286 2438 τὺ
313 2413 494 2448 κατορθοῦντα
515 2414 551 2450 μὴ
575 2416 700 2449 ἡγεῖσθαι
723 2417 943 2451 κατωρθωκέναι.

996 2416 1053 2443 Non
1069 2416 1182 2443 minoris
1196 2417 1282 2447 enim,
1304 2423 1382 2450 quam
1403 2415 1515 2442 virtutes
1533 2415 1606 2449 ipsa,
1624 2413 1709 2440 laudis
1727 2417 1779 2443 est,

154 2457 267 2483 Μᾶλλον
283 2457 310 2483 δὲ
335 2457 412 2483 τοῦτο
437 2458 523 2493 παρὸν
552 2459 601 2492 μὲν
627 2460 738 2486 κάκεῖνα
761 2461 878 2487 δείκνυσι
897 2469 945 2495 με‹

997 2469 1058 2489 cum
1084 2469 1117 2488 ex
1144 2461 1242 2488 virtute
1263 2461 1363 2495 aliquid
1386 2468 1479 2496 geras,
1505 2460 1614 2486 minime
1642 2463 1730 2485 tamen
1754 2463 1783 2484 te

154 2502 241 2536 γάλα,
264 2503 332 2530 ἀπὸν
347 2503 376 2530 δὲ
402 2504 449 2530 καὶ
470 2504 504 2530 τὰ
529 2505 644 2540 μέγιστα
669 2507 894 2542 κατασμικρύνει.
917 2508 945 2533 '0

998 2506 1114 2542 gessisse
1129 2507 1265 2534 arbitrari.
1283 2507 1351 2539 Imo,
1370 2511 1398 2532 ut
1413 2506 1512 2533 rectius
1530 2506 1633 2539 loquar,
1654 2505 1704 2531 hoc
1719 2511 1783 2530 cum

155 2548 322 2583 βουλόμενος
345 2549 490 2585 τοιγαροῦν
515 2551 622 2585 μεγάλα
650 2552 746 2579 ἑαυτοῦ
770 2554 881 2588 ποιῆσαι
911 2553 945 2580 τὰ

1000 2553 1087 2587 adest,
1104 2552 1148 2580 illa
1165 2559 1272 2587 quoque
1287 2560 1384 2588 magna
1399 2560 1459 2581 esse
1476 2553 1599 2581 iudicat:
1615 2558 1675 2579 eum
1689 2555 1781 2577 autem

703 2638 819 2667 VARIE
844 2640 1036 2669 LECTIONES
1059 2641 1104 2669 ET
1121 2641 1238 2670 ΝΟΤᾸΞ.

993 2719 1098 2747 Possm.

1029 2754 1084 2789 (98)
1103 2753 1207 2781 Titulus
1218 2754 1295 2789 hujus
1307 2754 1436 2789 cpistolre,
1453 2754 1478 2780 in
1494 2752 1552 2780 cod.
1569 2751 1626 2779 Vat.
1637 2750 1689 2789 65:0
1703 2749 1781 2789 valde

992 2785 1115 2816 diversus
1139 2789 1172 2815 ab
1189 2785 1261 2816 edito
1286 2785 1331 2817 sic'
1348 2794 1389 2816 est
1407 2798 1413 2815 :
1443 2785 1777 2823 Ἀρχοντιλςιτρεσὸυτέρῳε

993 2823 1069 2851 Vers.
1087 2824 1105 2850 2
1127 2829 1186 2856 post
1201 2825 1350 2859 ἡγούμενος
1369 2823 1440 2859 idem
1455 2819 1515 2850 cdd.
1533 2819 1652 2849 additos
1670 2825 1696 2848 et
1718 2829 1742 2847 ν.
1760 2819 1779 2847 5

991 2863 1051 2892 post
1061 2859 1185 2892 ἡγεῖσθαι
1199 2857 1318 2892 adiungit
1333 2859 1373 2886 od.
1391 2857 1429 2885 In.

193 2711 251 2753 (97)
267 2711 342 2753 “Vit-le
368 2714 511 2750 Augustin.
542 2722 625 2743 serm.
641 2716 683 2752 54_
698 2721 724 2745 et
747 2724 804 2753 seq.
820 2718 852 2745 de
864 2719 940 2746 verb.

158 2747 294 2780 Apustoli.
312 2746 396 2776 err.

190 2782 262 2821 (97;)
279 2781 388 2821 Duobus
421 2785 500 2811 simul
531 2785 771 2821 liachinscrilaitur
784 2788 895 2821 epistola
912 2788 938 2815 in

154 2817 217 2857 (od.
236 2816 298 2857 Vat.
413 2827 465 2857 non
478 2819 740 2857 solum__Tlteodosio
766 2816 936 2857 presbytero,

156 2852 203 2878 scd
238 2851 287 2878 καὶ
321 2852 465 2889 Ἐλισσαίῳ
503 2853 652 2889 μονάζοντι,
682 2851 776 2883 Elissa}
799 2851 936 2885 moriar/to;
