2045 3158
173 184 241 215 1035
578 183 844 213 EPISTOLARUM
864 184 936 214 LIB.
958 185 1014 215 III.
1033 198 1068 203 —-
1086 187 1205 217 EPIST.
1226 189 1438 219 CCCLXXXII.
1732 187 1799 221 1026

171 241 263 274 εὐχαῖς
279 239 398 265 σαλεύει.
414 238 502 273 Εὖχου
516 239 606 266 τοίνυν
623 239 668 266 καὶ
683 240 763 272 αὐτὸς
779 240 853 272 ὅπως
867 241 959 276 κρείτ·
973 262 978 272 ,

990 242 1046 272 itis
1059 250 1091 269 ac
1115 244 1239 276 precibus
1265 244 1386 272 ﬂuctuat.
1409 244 1588 278 Quamobrem
1617 244 1674 280 ipse
1690 252 1797 280 quoque

170 293 223 311 των
238 285 371 320 χειμῶνος
385 285 508 320 γένηται.

1013 292 1070 314 rota
1087 287 1138 320 fac,
1161 294 1188 315 ut
1205 293 1362 324 tempestate
1379 292 1502 325 superior
1515 291 1620 318 evadat.

281 343 369 370 TOG’.
389 358 425 364 —
443 342 596 379 ΘΕΟΔΩΡῼ
616 343 844 378 ΣΧΟΛΑΣΤΙΚῼ.
1045 343 1087 371 CC

1045 343 1229 371 CCCLXXIX.
1247 359 1282 366 --
1301 345 1487 374 TllEODORO
1513 347 1758 375 SCIIOLASTlCO.

205 397 273 424 Οὗτε
295 398 411 430 ἀλαζόνα
427 396 495 424 εἶναι
518 398 582 434 χρὴ,
606 398 667 425 οὔτε
690 399 810 425 κόλακα·
826 399 883 426 ἀλλ’
905 401 959 434 ἀμ-

1044 401 1099 428 Nec
1111 409 1208 429 vanum
1224 406 1251 429 et
1265 408 1436 436 arrogantem
1457 411 1515 430 esse
1529 409 1646 438 oportet,
1665 412 1714 432 nec
1727 405 1795 432 adu<

168 442 292 478 φοτέρων
316 443 370 469 τῶν
392 442 496 469 κακιῶν
511 443 549 478 (ὦ)
564 442 665 469 τούτων
687 443 736 478 τὴν
755 443 887 478 ἀμετρίαν
912 452 959 469 κο-

1008 447 1134 479 latorem,
1149 455 1240 474 verum
1257 449 1397 481 utriusque
1414 449 1468 476 vitii
1485 456 1623 475 excessum
1639 450 1793 484 fugientem,

168 488 302 520 λάζοντα,
333 488 487 524 ἐλευθέριον
516 486 603 520 εῖναι,
642 490 709 524 μήτε
745 489 786 520 εἰς
817 489 959 516 αὐθάδειαν

1009 493 1122 520 liberum
1136 501 1197 520 esse
1218 501 1225 519 :
1242 494 1281 520 sic
1297 501 1393 527 nempe
1407 499 1437 520 ut
1452 501 1501 520 nec
1521 494 1546 520 in
1563 494 1697 522 fastidium
1712 500 1738 522 et
1754 496 1795 521 in-

168 535 366 568 ἀποκλίνοντα,
397 535 465 570 μήτε
511 535 552 566 εἰς
588 534 800 570 δουλοπρέπειαν
841 536 958 562 καταπί-

1008 539 1148 566 solentiam
1161 539 1292 574 quispiam
1305 539 1430 570 declinet,
1445 547 1494 566 nec
1511 540 1536 566 in
1554 539 1679 566 servilem
1699 548 1794 574 quant-

168 587 278 606 πτοντα.
1008 584 1068 611 dant
1084 585 1166 610 animi
1184 584 1352 611 affectionem
1368 584 1533 618 prolabatur.

288 626 352 652 TII’.
373 641 408 645 —
427 626 581 662 ΤΙΜΟΘΕῼ
605 627 833 662 ΣΧΟΛΑΣΤΙΚῼ.
1061 629 1095 657 Cl

1061 629 1234 657 CCCLXXX.
1246 645 1280 649 —
1295 615 1475 658 rimorum
1494 615 1740 657 SCHOLASTICO.

201 680 338 712 Μάνθανε,
365 677 387 707 ὦ
412 681 561 716 σοφώτατε,
587 683 634 709 καὶ
660 683 873 718 ρητορικώτατε,
888 684 956 719 ὅπερ

1044 687 1131 718 Disce,
1152 694 1168 714 ο
1192 687 1390 721 sapientissime
1409 691 1436 714 et
1456 686 1644 717 disertissime,
1666 686 1691 712 id
1711 685 1790 719 quod.

166 726 342 759 κινδυνεύεις,
358 726 396 757 ὡς
419 726 517 758 ἔοικεν,
534 728 650 761 ἀγνοεῖν,
667 728 708 754 ὃτι
733 729 757 753 εἰ
775 728 895 763 συμϐαίη
911 729 956 763 φί-

1007 737 1037 759 ut
1053 736 1176 766 apparet,
1192 731 1312 766 ignoras,
1333 738 1428 765 nempe
1443 731 1512 764 quod
1527 731 1549 756 si
1573 729 1667 755 amicis
1684 734 1730 755 aut
1743 729 1793 754 ini-

165 771 223 803 λοις
251 772 317 806 πρὸς
344 771 475 806 ἀλλήλους
504 771 689 807 διενεχθῆναι,
717 772 733 807 ἢ
762 772 878 807 ἐχθροῖς,
907 773 956 808 οὐχ

1007 778 1085 804 micis
1119 778 1190 804 inter
1201 785 1230 804 se
1240 777 1370 804 dissidere
1379 776 1525 810 contingat,
1538 783 1591 802 tton
1605 774 1698 800 eodem
1714 773 1791 800 modo

164 817 266 851 ὁμοίως
287 815 508 849 διαγωνιοῦνταιε
532 816 587 843 ἀλλ’
612 818 636 842 οἱ
655 817 703 851 μὲν
718 817 756 848 ὡς
777 817 954 853 διαλλαγησό-

1006 823 1202 849 concertabnnt
1217 829 1326 848 :verum
1338 821 1375 848 illi
1391 822 1508 855 quidem,
1522 824 1549 847 ut
1562 820 1588 846 in
1603 824 1720 846 mutuam
1732 826 1791 852 gra-

166 870 243 896 μενοι
266 861 423 894 διοίσονται,
441 862 465 888 οἱ
486 861 514 887 δὲ
541 861 577 892 ὡς
602 862 757 897 ἀκήρυκτον
782 863 887 896 ἕξοντες
908 863 954 891 τὸν

1007 868 1070 894 tiam
1085 867 1207 899 redituri,
1229 868 1408 900 contendent;
1427 868 1452 894 hi
1467 872 1568 900 autem,
1587 870 1615 892 ιιι
1632 864 1791 899 inexpiabile

163 907 229 933 πόλε
233 916 290 942 μον.
966 921 970 948 ]

966 921 987 948 Β
1003 915 1101 941 bellum
1117 914 1244 941 habituri.

269 951 354 978 TﬂA’.
374 967 409 972 —
426 952 577 987 ΔΩΡΟΘΕῼ
596 953 840 988 ΛΑΜΠΡΟΤΑΤῼ.
1051 959 1076 986 Ct

1051 957 1236 986 CCCLXXXI.
1256 973 1292 978 —
1316 957 1503 984 DOROTHEO
1521 955 1737 984 CLARlSSlMO.

204 1006 275 1040 Ἐγὼ
290 1006 336 1033 καὶ
350 1008 532 1043 μετριόφρονα
544 1008 618 1035 καλῶ
631 1009 678 1034 καὶ
694 1009 893 1045 μεγαλόφρονα,
903 1011 949 1037 τὸν

1034 1015 1089 1050 Ego
1103 1020 1129 1042 et
1144 1015 1294 1042 modestum
1307 1020 1334 1041 et
1349 1015 1429 1040 animi
1455 1013 1640 1048 magnitudine
1658 1016 1788 1047 praestan-

163 1052 281 1087 μέγιστα
305 1053 355 1087 μὲν
379 1053 571 1089 κατορθοῦντα,
589 1054 638 1088 τῆς
662 1054 690 1080 δὲ
717 1055 762 1080 ἐπὶ
780 1055 818 1090 τῷ
844 1057 949 1091 μεγάλα

999 1067 1051 1088 tem
1065 1069 1125 1088 eum
1140 1068 1216 1092 voco,
1231 1061 1275 1093 qui
1289 1067 1348 1087 cum
1367 1060 1492 1086 maximis
1508 1058 1615 1085 virtutis
1629 1058 1785 1084 muneribus

162 1099 293 1133 πράττειν
307 1098 344 1134 μὴ
361 1099 582 1135 ἀντιποιούμενον
596 1100 684 1135 δόξης,
696 1101 764 1128 ἀλλὰ
778 1104 867 1137 σιωπῇ
883 1103 949 1137 κρύ-

998 1107 1134 1141 fungatur.
1151 1113 1201 1132 non
1214 1110 1302 1132 tamen
1319 1106 1353 1132 ob
1369 1112 1478 1140 magnas
1491 1108 1518 1131 et
1537 1103 1679 1138 pricelaras
1701 1104 1786 1129 actio-

162 1152 263 1170 movu
277 1143 311 1170 τὰ
326 1145 559 1180 πλεονεκτήματα,
578 1145 626 1172 καὶ
648 1146 719 1173 κατὰ
737 1147 791 1173 τῶν
811 1147 894 1180 πέλας
912 1148 949 1184 μὴ

998 1159 1045 1178 nes
1077 1151 1189 1185 gloriam
1216 1149 1334 1183 allectat,
1364 1157 1456 1177 verum
1477 1149 1589 1175 virtutes
1604 1155 1667 1174 snas
1683 1146 1790 1173 silentio

161 1190 353 1225 ἐπιφυόμενον.
369 1191 413 1225 Τῷ
429 1191 479 1226 μὲν
494 1192 548 1226 γὰρ
569 1191 671 1227 πρᾶξαι
690 1192 804 1227 μεγάλα,
825 1193 949 1228 μεγάλως

999 1198 1072 1232 tegit,
1090 1204 1140 1224 nec
1153 1197 1178 1223 in
1192 1197 1331 1231 proximos
1352 1195 1473 1222 insultat.
1492 1195 1630 1227 Quatenus
1645 1193 1715 1220 enim
1732 1199 1787 1218 ma—

160 1235 305 1269 ἐφρόνησε,
320 1235 359 1270 τῷ
381 1235 409 1261 δὲ.
432 1236 544 1273 κρύψαι,
572 1237 689 1272 μετρίως
701 1245 707 1252 ·
729 1238 769 1272 τῷ
784 1238 837 1274 γὰρ
855 1239 949 1274 μικρό-

998 1251 1047 1278 gna
1060 1242 1150 1273 elﬁeit,
1166 1242 1305 1277 tnagniﬁce
1319 1242 1417 1274 SCnSil;
1436 1246 1568 1275 quatenus
1581 1243 1669 1266 autent
1688 1246 1717 1265 ea
1740 1245 1787 1265 oc-

161 1289 241 1315 φρονι
257 1281 302 1307 τὸν
319 1281 507 1316 μεγαλόφρονα
521 1282 718 1315 ἀντισταλτέον,
735 1284 781 1310 καὶ
797 1285 826 1310 οὺ
848 1285 888 1320 τῷ
903 1294 949 1312 τα-

998 1289 1119 1318 cultavit,
1144 1288 1274 1315 modeste.
1298 1287 1436 1321 Siquidem
1464 1287 1495 1318 is,
1515 1286 1560 1320 qui
1587 1292 1668 1319 parvo
1691 1283 1780 1310 animo

160 1326 326 1361 πεινόφρονι.
351 1327 445 1360 Μικρὰ
467 1327 521 1362 γὰρ
543 1329 647 1362 φρονεῖ,
664 1329 677 1353 ό
701 1328 734 1354 τὰ
753 1329 833 1364 γήϊνα
848 1329 949 1364 ὀνειρο-

997 1339 1050 1367 est,
1068 1334 1237 1368 magnanimo
1251 1333 1348 1368 opponi
1365 1333 1462 1359 debet:
1479 1339 1530 1358 non
1543 1336 1632 1357 autem
1648 1329 1783 1356 submisso

158 1371 259 1398 πολῶν.
284 1372 398 1405 Μεγάλα
418 1372 456 1404 δὲ,
471 1373 485 1398 ὁ
504 1373 537 1398 τὰ
554 1373 725 1409 ὑπερκόσμια
736 1371 841 1408 ¹ζητῶν.
858 1375 902 1401 Διὸ
915 1376 947 1410 δὴ

997 1384 1025 1407 et
1041 1380 1145 1406 bumili.
1162 1379 1264 1414 Exigue
1278 1378 1349 1405 enim
1361 1378 1455 1410 sentit,
1469 1377 1512 1411 qui
1530 1381 1637 1403 terrena
1659 1374 1784 1401 insomnii

158 1419 206 1445 καὶ
220 1419 272 1445 Emi
287 1419 407 1453 μεγάλης
425 1419 474 1453 μὲν
491 1419 538 1445 καὶ
554 1419 658 1455 ὑψηλῆς
677 1420 795 1452 διανοίας
809 1421 947 1448 τίκτεσθαι

997 1432 1089 1452 errore
1101 1425 1152 1451 sibi
1173 1424 1265 1458 ﬁngit;
1283 1430 1378 1458 magne
1393 1428 1480 1449 autent
1495 1426 1521 1448 et
1539 1421 1658 1452 excelse,
1679 1420 1724 1454 qui
1743 1427 1784 1451 ea,

159 1464 302 1499 συμϐαίνει
317 1464 364 1500 τὴν
382 1465 640 1501 ταπεινοφροσύνην,
659 1466 712 1492 ἀπὸ
735 1466 763 1492 δὲ
781 1468 883 1501 μικρᾶς
899 1467 947 1493 καὶ

997 1470 1166 1505 qnmmtmdo
1182 1469 1340 1496 sublimiora
1359 1473 1432 1500 sunt,
1456 1467 1563 1501 quaerit.
1582 1466 1657 1493 Unde
1677 1465 1758 1491 etiam
1771 1471 1785 1490 a

158 1509 265 1544 φαύλης
286 1510 333 1545 τὴν
348 1510 515 1542 ἀλαζονείαν.
543 1511 710 1546 Εὺγνώμονα
725 1511 752 1538 δὲ
775 1513 804 1538 οὐ
821 1512 947 1538 ταπεινό-

998 1523 1094 1550 magna
1109 1516 1215 1550 quidem
1225 1519 1252 1541 et
1262 1514 1369 1541 sublimi
1384 1518 1472 1540 mente
1483 1512 1564 1539 animi
1578 1510 1784 1538 submissionem

157 1564 244 1591 φρονα
261 1555 381 1590 κλητέον,
400 1556 443 1582 τὸν
469 1556 598 1583 πταίοντα
629 1557 688 1591 μὲν,
712 1557 895 1590 όμολογοῦντα
917 1557 964 1593 δὲΔ

978 1589 979 1593 η
997 1569 1029 1588 ac
1043 1561 1202 1588 modestiam
1217 1560 1353 1593 procreari
1374 1559 1524 1593 contingit;
1554 1565 1568 1584 a
1588 1564 1671 1591 parva
1697 1560 1785 1582 autem

157 1605 205 1630 καὶ
222 1604 454 1639 γειωσιμαχοῦντα,
478 1601 533 1634 οἷος
556 1602 589 1639 ’ἧν
610 1587 773 1640 ὁ-τελώνης.
797 1587 964 1638 ίίενόδοξον1

978 1604 979 1614 ¹
997 1613 1024 1635 et
1038 1608 1094 1640 vili,
1107 1608 1299 1642 arrogantiam.
1313 1605 1345 1631 At
1357 1605 1495 1632 enimvero
1512 1611 1571 1630 eum
1586 1602 1679 1637 judicii
1699 1601 1785 1628 since-

155 1650 196 1682 δὲ,
212 1650 257 1676 τὸν
275 1651 316 1684 ἐφ’
332 1649 371 1680 οἷς
388 1650 425 1685 μὴ
445 1651 558 1684 πράττει
582 1649 739 1682 δοξάζεσθαι
765 1650 942 1686 βουλόμενον·

998 1655 1077 1680 ritate
1087 1653 1298 1687 pra-ditum,non
1315 1656 1405 1677 autem
1420 1651 1581 1680 modestum,
1599 1655 1694 1674 vocare
1706 1648 1785 1674 debe-

156 1695 293 1730 φιλόδοξον
318 1697 360 1729 δὲ,
377 1697 423 1723 τὸν
441 1697 482 1730 ἐφ’
508 1697 548 1728 οἷς
574 1698 688 1732 πράττει
712 1698 943 1733 ἐναϐρυνόμενον·

997 1707 1068 1732 mus,
1086 1699 1130 1733 qui
1145 1706 1204 1725 eum
1223 1701 1324 1731 peccet,
1345 1696 1369 1722 id
1391 1695 1543 1726 conﬁtetur,
1567 1701 1600 1720 ac
1617 1692 1785 1726 pmnitudine

157 1743 332 1778 ὑπερήφανον
353 1743 392 1774 δὲ,
417 1743 462 1770 τὸν
479 1744 632 1778 πράττοντα
657 1744 722 1779 μὲν,
747 1746 944 1780 σεμνυνόμενον

997 1745 1114 1775 ducitur,
1135 1747 1163 1770 ut
1187 1743 1357 1777 publicanus.
1377 1740 1522 1772 Κενόδοξον
1549 1743 1653 1769 atttem,
1673 1738 1724 1764 hoc
1745 1741 1786 1763 est

155 1787 195 1819 δὲ,
221 1788 267 1813 καὶ
292 1788 354 1818 τοὺς
379 1787 475 1819 ἄλλους
495 1788 676 1819 ὀνειδίζονται
694 1789 880 1824 μεγαλόψυχον
905 1790 944 1823 δὲ,

997 1790 1084 1817 inanis
1097 1789 1188 1823 gloria:
1201 1788 1294 1815 morbo
1309 1787 1484 1816 laborantem,
1496 1785 1541 1819 qui
1562 1784 1595 1810 ob
1612 1791 1653 1815 ea,
1665 1790 1724 1817 qua:
1736 1782 1785 1809 tui-

156 1832 202 1859 τὸν
220 1833 268 1859 καὶ
281 1833 329 1868 τὴν
343 1834 492 1869 εὐημερίαν
506 1833 632 1868 μετρίως,
648 1836 695 1860 καὶ
708 1835 758 1869 τὴν
771 1835 942 1870 δυσπραγίαν

998 1835 1069 1862 nime
1088 1835 1152 1869 agit,
1167 1834 1277 1868 gloriam
1307 1832 1433 1866 consequi
1450 1831 1538 1864 cupit;
1554 1828 1688 1864 φιλόδοξον
1710 1835 1782 1860 vero,

155 1878 287 1911 γενναίως
304 1878 419 1913 φέροντα
430 1886 436 1893 ·
452 1878 619 1913 μικρόψυχον
634 1878 671 1910 δὲ,
692 1879 736 1904 τὸν
759 1879 886 1905 τάναντία
905 1878 944 1914 τῷ

999 1881 1024 1908 id
1039 1886 1080 1908 est
1101 1881 1193 1915 glorim
1214 1884 1360 1911 amantem,
1384 1886 1455 1910 eum,
1475 1878 1520 1911 qui
1538 1877 1572 1903 ob
1588 1883 1617 1903 ea
1638 1882 1698 1909 quae
1714 1877 1779 1908 agit,

156 1926 338 1961 μεγαλοψύχῳ
354 1926 507 1961 πράττοντά
523 1935 552 1952 τε
571 1927 617 1952 καὶ
639 1927 785 1960 πάσχοντα.

998 1927 1048 1955 sibi
1066 1925 1168 1961 placet:
1189 1925 1349 1952 insolentem
1368 1925 1442 1956 item,
1460 1923 1505 1957 qui
1524 1922 1587 1949 facit
1601 1921 1721 1956 qnidetn,
1737 1920 1783 1946 sed

151 1977 188 1998 eo
204 1972 312 1999 nomine
334 1971 475 2007 gloriatur,
500 1972 620 2007 aliosque
657 1973 763 2006 probris
785 1972 882 2006 allicit;
921 1974 1121 2008 magnanimum
1143 1979 1234 2006 porro,
1250 1980 1324 2003 cum,
1345 1971 1390 2005 qui
1409 1974 1435 1997 et
1453 1977 1497 1997 res
1525 1969 1657 1996 secundas
1692 1967 1782 1994 mode-

155 2022 224 2049 rate,
244 2023 271 2044 et
293 2018 416 2045 sinistras
435 2017 541 2045 fortiter
562 2026 593 2046 ac
614 2023 724 2045 strenue
749 2018 814 2051 l'ert;
842 2019 1008 2055 μικρόψυχον
1026 2019 1151 2053 denique,
1182 2019 1232 2045 boe
1245 2017 1324 2053 403
1340 2021 1380 2044 cst
1413 2016 1488 2050 parvi
1520 2015 1602 2042 animi
1634 2014 1784 2042 hominem.

97 2083 100 2085 .
153 2063 202 2096 qui
221 2062 355 2089 contraria
378 2063 550 2096 magnanimo
566 2063 640 2096 facit,
655 2071 687 2090 ac
701 2064 865 2092 moderatur.

387 2108 470 2136 Tuan
491 2124 526 2129 —
545 2109 588 2144 Tu
611 2109 713 2144 ΑΥΤῼ.

1197 2107 1396 2136 CCCLXXXII.
1414 2122 1449 2130 -
1464 2106 1580 2134 EIDEM.

191 2164 223 2190 Et
243 2164 300 2195 καὶ,
319 2164 356 2196 ὡς
372 2165 522 2200 γέγραφας,
538 2166 551 2191 ό
566 2166 643 2200 λόγος
660 2166 705 2192 τὸν
722 2167 817 2201 κρότον
831 2166 940 2202 ὲγέννη-
956 2164 978 2192 D

975 2171 978 2186 ι
1028 2166 1097 2198 Etsi,
1111 2171 1139 2192 ut
1155 2166 1203 2192 abs
1223 2171 1248 2192 te
1262 2165 1391 2198 scriptum
1411 2169 1462 2197 est,
1482 2163 1569 2190 oratio
1589 2162 1712 2197 plausum
1736 2170 1782 2197 pe-

154 2217 203 2235 σεν
214 2217 221 2224 '
237 2209 295 2236 ἀλλ’
311 2208 357 2236 οὖν
371 2219 403 2245 γε
426 2212 471 2237 καὶ
491 2212 505 2237 ὁ
519 2213 613 2247 κρότος
629 2212 675 2239 τὸν
696 2212 774 2246 λόγον
789 2213 945 2248 ὲπέῤῥωσεν

996 2213 1066 2247 perit
1084 2219 1092 2238 :
1107 2216 1134 2238 at
1147 2211 1229 2239 etiam
1245 2210 1361 2238 orationi
1377 2210 1484 2244 plausus
1501 2210 1582 2236 robur
1605 2209 1779 2243 comparavit,

153 2254 270 2290 ἔρεισμα
283 2256 320 2290 τῷ
339 2257 446 2283 τεκόντι
467 2257 571 2290 φανείς.
595 2257 664 2284 Ἀλλ’
680 2257 773 2293 ἐπειδὴ
789 2259 916 2289 πολλάκις
931 2259 945 2284 ὁ

996 2258 1093 2292 quippe
1108 2257 1152 2291 qui
1173 2256 1278 2291 parenti
1303 2255 1459 2282 adminiculi
1479 2254 1535 2281 loco
1555 2254 1643 2281 fuerit.
1663 2254 1699 2281 At
1714 2261 1781 2288 quo-

153 2301 254 2335 κρότος
267 2301 312 2328 τὸν
337 2302 386 2337 μὲν
401 2303 478 2336 λόγον
503 2304 603 2337 νευροῖ,
620 2303 664 2329 τὸν
681 2303 708 2329 δὲ
727 2304 826 2339 τρόπον
842 2303 887 2330 τοῦ
903 2303 946 2329 λέ-

997 2301 1067 2328 niam
1093 2307 1278 2335 saepenumero
1304 2307 1352 2327 usu
1374 2299 1458 2332 venit,
1480 2304 1507 2326 ut
1532 2299 1640 2333 plausus
1666 2299 1780 2326 orationi

153 2354 251 2380 γοντος
265 2347 436 2382 λυμαίνεται,
449 2349 489 2377 εἰς
501 2349 650 2384 ὑπτιότητα
661 2350 741 2376 αὑτὸν
755 2349 943 2385 χειραγωγῶν,

995 2347 1101 2382 quidem
1113 2346 1195 2373 robur
1203 2349 1349 2379 comparet,
1358 2353 1450 2372 verum
1459 2345 1573 2372 oratoris
1584 2352 1672 2371 mores
1681 2344 1780 2371 inliciat

154 2392 282 2428 παραινῶ
304 2394 337 2429 τῇ
362 2395 394 2429 σῇ
420 2394 535 2426 συνέσει,
559 2394 674 2429 μάλιστα
698 2395 746 2430 μὲν
763 2395 802 2430 τῷ
826 2395 884 2430 Θεῷ
908 2397 945 2422 εῑ‹

994 2397 1021 2419 et
1037 2391 1192 2423 labelactet,
1204 2391 1236 2417 ad
1249 2391 1420 2425 supinitatem
1443 2389 1566 2417 videlicet
1579 2397 1610 2417 ae
1631 2390 1779 2418 socordiam

153 2437 230 2464 δέναι
244 2438 335 2473 χάριν,
350 2439 389 2474 τῷ
413 2440 459 2465 καὶ
474 2440 602 2475 τοιαύτην
624 2440 749 2467 δεδωκότι
766 2441 845 2476 χάριν
856 2449 862 2455 “
877 2442 900 2467 εί
915 2441 944 2468 δὲ

995 2446 1054 2466 eum
1079 2443 1203 2472 tanquam
1221 2441 1343 2471 porrecta
1372 2444 1452 2463 manu
1473 2436 1585 2467 ducens,
1611 2435 1778 2470 prudentiam

152 2483 202 2508 καὶ
224 2483 345 2509 ἐπαινεῖν
373 2483 461 2518 βούλει
485 2483 533 2519 (ὡς
557 2484 612 2519 γὰρ
636 2484 703 2519 ἔφης
728 2485 867 2518 ἀδύνατον,
904 2486 941 2521 μὴ

995 2490 1067 2512 tuam
1090 2491 1197 2516 moneo,
1213 2483 1330 2510 maxime
1349 2482 1456 2516 quidem
1475 2487 1504 2509 ut
1527 2481 1591 2513 Deo,
1618 2482 1663 2516 qui
1687 2481 1779 2514 hujus-

150 2527 262 2562 κρότοις
278 2528 324 2553 τὸν
339 2527 417 2562 λόγον
443 2528 626 2564 ἀμείϐεσθαι),
641 2530 685 2556 τὸν
710 2530 788 2564 λόγον
813 2531 941 2562 ἐπαινῶν,

994 2529 1065 2556 modi
1083 2529 1192 2563 gratiam
1209 2529 1321 2563 largitus
1337 2532 1386 2560 est,
1405 2528 1518 2562 gratiam
1542 2527 1650 2559 habeas,
1671 2526 1741 2560 quod
1755 2525 1776 2552 si

148 2572 189 2603 ὼς
207 2571 308 2607 βούλει,
336 2573 373 2608 μὴ
387 2574 493 2609 ἄμετρα
520 2573 616 2608 ὕφαινε
632 2575 691 2601 κατ’
708 2575 777 2611 ἐμοῦ
801 2575 938 2610 ἐγκώμια,

995 2577 1075 2604 etiam
1098 2575 1207 2602 laudare
1225 2575 1265 2602 vis
1281 2574 1382 2610 (negas
1400 2575 1472 2601 enim
1492 2573 1547 2600 ﬁeri
1568 2579 1647 2607 posse
1665 2575 1695 2597 ut
1717 2577 1778 2597 ora-

149 2617 196 2643 τνα
212 2618 250 2654 μή
269 2626 304 2653 με
321 2618 469 2654 ὑπιὼσῃς.

993 2620 1058 2648 tioni
1084 2620 1194 2656 plausus
1218 2620 1326 2647 tandem
1340 2627 1392 2647 non
1414 2617 1602 2654 rependatur).
1627 2617 1775 2643 orationem

111 2671 117 2675 '
149 2666 261 2700 quidem
275 2666 408 2694 arbitratu
424 2672 470 2695 tuo
492 2667 614 2701 laudans,
635 2675 669 2695 ne
686 2667 781 2695 ttimias
795 2667 936 2696 adversum
957 2676 1000 2697 me
1021 2668 1116 2696 laudes
1145 2672 1286 2700 contem,
1303 2671 1379 2694 utne
1399 2674 1441 2694 me
1460 2665 1583 2700 supinum
1602 2668 1684 2698 atque
1701 2662 1777 2697 igna-

147 2718 212 2738 vum
229 2710 339 2738 reddas.

702 2787 821 2816 VARIJE
840 2787 1032 2816 LECTlONES
1050 2788 1094 2816 ET
1116 2789 1230 2818 NOTAE.

185 2866 224 2902 (4)
242 2866 297 2893 Pro
316 2864 371 2892 τῶν
387 2865 490 2892 κακιῶν
509 2866 566 2893 cod.
589 2863 646 2892 Vat.
664 2865 716 2893 650
737 2868 802 2903 legit
821 2867 874 2894 τῶν
889 2867 990 2895 κακῶν.

316 2864 371 2892 τῶν
387 2865 490 2892 κακιῶν
509 2866 566 2893 cod.
589 2863 646 2892 Vat.
664 2865 716 2893 650
737 2868 802 2903 legit
821 2867 874 2894 τῶν
889 2867 990 2895 κακῶν.
1005 2867 1108 2895 Possm.
