2045 3158
272 183 321 215 102

306 185 321 215 2
865 185 894 207 δ.
917 185 985 207 ιδιι

288 185 304 215 0
322 185 724 266 1CCCLXXXIll.—DIOGENI
744 231 985 261 PRESBYTERO.

306 293 443 320 Consimili
462 291 539 318 modo
556 291 620 318 mihi
635 297 749 326 peccare
764 289 900 319 videmur.
919 293 946 315 et
961 287 1007 322 qui
1023 287 1055 314 ad

272 340 401 367 maximas
415 338 529 365 virtutes
544 337 653 364 silentio
664 337 806 364 veritatem
825 336 942 370 produnt
957 335 1058 370 (livore

271 386 354 418 enim,
375 385 425 412 hoc
447 389 488 411 est
505 383 676 418 gravissimo,
696 388 777 416 atque
803 382 964 416 prudentum
985 381 1058 407 viro-

271 438 329 457 rum
345 429 445 463 judicio
461 428 543 455 veniae
554 432 665 462 experte
681 425 790 460 all‘ectu,
802 425 1018 460 contabcscunt),
1032 429 1059 452 et

271 476 315 510 qui
339 482 396 508 eos,
415 474 460 509 qui
480 473 552 502 omni
572 472 831 500 commemoratione
855 475 960 502 carent,
979 470 1059 497 nimis

271 525 395 555 prompte
419 527 451 547 ac
479 524 580 546 temere
611 518 736 545 laudibus
762 516 893 544 aﬂiciunt.
921 515 1058 550 Siquidem

271 566 439 593 adulatorum
463 569 554 591 notam
591 562 832 598 atquc'infamiam
861 561 912 589 sibi
938 561 1058 600 inurunt,

271 611 317 646 qui
331 611 378 638 eds
393 611 437 645 qui
452 609 629 644 castigatione
642 616 708 642 opus
721 608 829 640 habent,
841 607 950 634 laudare
963 613 1058 647 aggre:

273 657 392 684 diuntur.

323 709 569 740 CCCLXXXIV.—
588 707 766 736 TlMOTllEO
787 707 1007 736 CLARISSIMO.

305 768 381 802 Quod
401 773 427 795 tu
451 768 559 802 quidem
575 775 629 795 non
644 766 835 801 despicabilem
851 766 988 792 lenitatem
1012 765 1058 792 ha-

273 816 349 846 beas,
373 821 421 841 nec
436 819 569 848 agrestem
583 818 610 839 et
625 813 768 840 immanem
792 811 976 838 fortitudinem
994 810 1058 846 (lm-

272 860 388 886 manitas
401 859 472 886 enim
490 867 521 886 ac
538 859 718 886 mansuetudo
737 858 922 884 crudelitatem
931 855 1058 890 coercet),

865 179 894 207 S.
916 176 1062 207 ISIDORI
1081 173 1298 206 PELUSIOT/E

1827 169 1885 201 1028

1215 229 1300 257 THF’.
1324 242 1357 249 -—
1373 227 1529 254 ΔΙΟΓΕΝΕῙ
1557 227 1789 262 ΠΡΕΣΒΥΤΕΡῼ.

1153 284 1267 318 ’Δδελφὰ
1285 283 1451 319 ἁμαρτάνειν
1469 291 1514 317 μοι
1527 282 1660 312 δοκοῦσιν,
1679 282 1706 308 οἵ
1724 290 1755 308 τε
1779 281 1825 307 ἐπὶ
1838 282 1887 314 τοῖς

1112 329 1251 365 μεγίστοις
1271 328 1464 363 κατορθώμασι
1479 328 1540 362 σιγῇ
1556 326 1701 362 προέμενοι
1716 325 1753 359 (5)
1767 325 1816 360 τὴν
1830 325 1888 359 ἀλή-

1111 376 1196 407 θειαν,
1221 374 1323 410 (φθόνῳ
1348 374 1403 409 γὰρ
1427 374 1567 408 τήκονται,
1595 372 1675 399 πάθει
1704 371 1887 406 χαλεπωτάτῳ,

1111 425 1158 452 καὶ
1172 423 1338 459 συγγνώμης
1355 422 1432 458 παρὰ
1443 430 1475 456 γε
1487 422 1544 458 τοῖς
1562 420 1706 455 ὲχέφροσιν
1723 417 1839 453 ἀμοίρῳ)
1852 417 1888 444 καὶ

1110 471 1135 497 ot
1172 469 1325 505 προχείρως
1354 467 1528 498 ἐπαινοῦντες
1554 466 1616 497 τοὺς
1647 466 1736 499 πάσης
1763 463 1888 498 εὐῳημίας

1111 516 1239 551 ἐρήμους.
1255 515 1311 550 Τὴν
1325 514 1379 549 γὰρ
1392 513 1446 539 τῶν
1460 513 1583 539 κολάκων
1596 511 1826 545 ἐναπομάττονται
1834 507 1889 535 δύσ-

1112 561 1221 592 χλειαν,
1248 560 1294 587 τοῦ
1330 557 1519 594 σωφρονισμοῦ
1543 557 1687 592 δεομένους
1713 554 1887 590 ἐγκωμιάζειν

1112 605 1323 642 ἐπιχειροῦντες.
1757 611 1762 615 ·

1217 709 1302 736 THA'.
1321 723 1357 728 -—
1376 706 1528 742 ΤΙΜΟΘΕῼ
1548 704 1794 740 ΔΑΜΠΡΟΤΔΤῼ.
1870 739 1875 743 _

1147 765 1208 792 Ὅτι
1235 765 1284 800 μὲν
1310 764 1340 790 re
1367 764 1454 799 πρᾶον
1482 763 1532 789 οὐκ
1555 762 1793 796 εὐκαταφρόνητον
1817 760 1891 795 ἔχεις,

1112 811 1171 838 οὐδὲ
1187 811 1217 837 τὸ
1232 811 1353 846 ἀνδρεῖον
1376 810 1514 844 ἀνήμερον
1530 808 1557 844 (ὴ
1580 809 1635 844 γὰρ
1650 807 1838 842 φιλανθρωπία
1852 815 1894 833 χο-

1112 854 1187 887 λάζει
1202 855 1250 890 τὴν
1262 854 1402 890 ὠμότητα)
1422 854 1539 884 ἅπαντες
1556 853 1644 888 ἴσμεν.
1660 852 1721 878 Ὅτι
1744 852 1772 878 δὲ
1792 852 1843 887 χρή
1866 860 1892 877 σε

271 911 366 931 omnes
376 903 546 937 exploratum
561 903 700 930 habemus.
719 902 794 935 Quod
810 906 900 928 autem
916 901 976 928 aliis
996 908 1060 935 quo-

1114 902 1160 928 καὶ
1175 902 1224 933 τὰς
1239 901 1319 932 ἄλλας
1332 899 1430 934 ἀρετὰς
1447 898 1640 934 ἀναδήσασθαι,
1659 898 1701 924 ἵνα
1721 899 1749 925 ὲν
1763 899 1828 924 πᾶσι
1842 897 1894 924 δια-

272 957 324 983 que
356 948 504 974 virtutibus
532 947 684 974 redimitum
709 952 734 973 te
756 954 815 974 esse
839 950 971 981 oporteat,
984 951 1012 972 ut
1035 945 1062 972 in

271 994 344 1020 omni
365 993 450 1020 laudis
468 1000 567 1027 genere
590 991 681 1018 clarus
697 991 745 1024 sis,
771 991 821 1019 hoc
847 999 880 1018 ex
905 999 948 1019 me
973 991 1062 1018 discas

272 1040 365 1066 Vt'llm.

299 1093 494 1124 CCCLXXXV.
508 1109 542 1114 —
562 1093 759 1122 TllEODOSlO
782 1092 1023 1120 PRESBYTERO.

307 1159 366 1188 Non
384 1159 545 1194 simpliciter
565 1159 686 1186 adoritur
704 1158 816 1186 callidus
835 1158 879 1185 ille
900 1158 990 1193 pra-do
1005 1164 1062 1189 eos.

272 1207 318 1241 qui
335 1207 384 1233 huc
396 1205 564 1240 tempestatis
579 1205 686 1239 plenum
705 1212 780 1231 mare
795 1204 921 1237 navigant
939 1211 946 1229 :
967 1210 1062 1229 verum

273 1251 420 1286 exploratis
433 1251 507 1285 prius
523 1255 604 1284 atque
620 1250 735 1284 cognitis
756 1250 853 1276 anima:
876 1247 1064 1282 propensioni-

274 1298 323 1323 bus
343 1301 371 1322 et
395 1295 614 1329 appetitionibus,
641 1295 676 1321 ita
704 1295 811 1321 domum
843 1293 1007 1328 aggreditur,
1032 1300 1064 1319 ac

274 1341 412 1368 machinas
423 1348 486 1367 suas
504 1339 622 1366 instruit.
635 1339 704 1372 Quid
719 1340 790 1366 enim
817 1343 867 1370 est,
887 1338 1062 1372 quamobrem

273 1386 367 1414 ludam
389 1394 440 1412 non
456 1386 489 1412 ad
504 1385 652 1416 libidinem,
669 1385 716 1412 sed
732 1385 765 1411 ad
781 1384 959 1418 proditionem
975 1384 1063 1418 impu-

274 1430 499 1460 l-:rit?Nimirum
518 1430 579 1464 quia
597 1434 701 1463 partem
721 1429 793 1456 illam
818 1429 948 1462 praesidiis
970 1429 1062 1455 lirma-

275 1481 329 1502 tam
344 1476 453 1502 videbat
470 1484 476 1501 :
493 1482 551 1501 eam
567 1479 669 1507 autem,
689 1481 749 1508 quae
771 1475 804 1500 ad
820 1474 961 1500 avaritiam
982 1473 1063 1508 perti-

275 1523 364 1552 ncbat,
379 1521 513 1547 inﬁrmam
536 1524 563 1546 et
583 1519 754 1546 imbecilleru.
772 1519 811 1545 Ex
835 1526 972 1545 crumena:
990 1519 1062 1546 enim

276 1567 345 1594 [ιιι-ιο
368 1567 394 1593 in
417 1573 491 1600 spem
516 1566 589 1592 venit
612 1565 680 1598 fore,
700 1570 728 1591 ut
751 1567 809 1599 ipse
830 1566 862 1592 ad
882 1566 1061 1600 proditionem

275 1620 380 1647 quoquc
406 1611 483 1638 facile
496 1618 525 1637 sc
538 1609 686 1638 cOnI’crret.
704 1610 833 1642 Quocirca
851 1610 1062 1644 uniuscujusque

275 1658 453 1692 appetitiuncs
471 1660 552 1690 atque
569 1656 760 1683 inclinationes
781 1659 807 1683 et
825 1662 953 1682 assensus
974 1656 1062 1690 inqui-

276 1711 348 1736 rens,
366 1711 414 1730 nec
436 1707 540 1736 tempus
560 1701 642 1727 ullum
657 1706 703 1727 aut
726 1701 818 1728 horam
842 1701 1061 1735 praetermittens,

276 1751 312 1776 ita
327 1749 441 1783 denique
460 1749 586 1775 materias
597 1752 710 1774 externo
726 1747 925 1780 subministrat,
940 1751 1020 1782 atque
1035 1747 1061 1774 in

274 1803 305 1822 ea
322 1800 408 1830 parte,
424 1795 456 1821 atl
470 1802 551 1829 quant
564 1802 624 1821 eum
640 1793 844 1827 propensionem
860 1792 959 1819 habere
971 1792 1064 1825 sentit,

276 1841 373 1867 \‘ttltttts
397 1840 488 1867 infert.
507 1841 545 1866 Ac
568 1845 710 1874 propterea
738 1846 810 1870 eum,
839 1837 885 1872 qui
908 1837 1012 1864 laudent
1037 1841 1065 1864 et

276 1891 388 1926 gloriam
404 1896 430 1918 et
452 1891 578 1924 consequi
596 1890 679 1924 cupit,
698 1890 771 1915 omni
785 1896 818 1916 ex
841 1893 916 1923 parte
932 1889 1063 1915 mnnitunt

277 1944 308 1963 ac
322 1937 463 1970 obseptum
488 1942 548 1961 csse
577 1939 695 1968 oportet.
711 1933 903 1967 Saepenumero
923 1931 994 1958 enim
1014 1931 1064 1958 110-

1114 949 1240 983 λάμποις,
1257 947 1336 974 τοῦτο
1350 947 1415 982 παρ’
1434 946 1500 982 ἐμοῦ
1517 946 1646 981 μᾴνθανε.

1218 1094 1303 1120 ΤΠΕ’.
1324 1108 1358 1114 —-
1375 1093 1537 1128 ΘΕΟΔΟΣῘῼ
1558 1092 1797 1126 ΠΡΕΣΒΥΤΕΡῼ.

1149 1159 1205 1193 Οὐχ
1238 1158 1331 1189 ἁπλῶς
1357 1157 1506 1184 ἐπιτίθεται
1536 1158 1551 1183 ὀ
1577 1157 1660 1188 δεινὸς
1689 1156 1823 1191 πειράτης
1845 1156 1897 1187 τοῖς

1112 1203 1214 1239 ταύτην
1234 1205 1283 1238 τὴν
1304 1203 1437 1239 χειμῶνος
1452 1203 1591 1239 γέμουσαν
1619 1202 1731 1228 πλέουσι
1754 1201 1896 1233 θάλατταν,

1113 1249 1181 1277 ἀλλά
1195 1250 1301 1284 πρῶτον
1317 1249 1536 1283 διακωδωνήσας,
1559 1249 1610 1275 κατ
1625 1248 1672 1279 τὰς
1690 1247 1775 1282 ῥοπὰς
1793 1247 1839 1273 καὶ
1853 1247 1898 1278 τὰς

1113 1295 1200 1330 cepi;
1218 1295 1267 1329 τῆς
1283 1294 1371 1329 ψυχῆς
1392 1294 1569 1329 καταμαθὼν,
1585 1293 1670 1324 οὕτως
1693 1294 1839 1327 ἐπιχειρεῖ,
1855 1292 1899 1318 καὶ

1113 1340 1306 1376 τὰ;.μηχανὰς
1324 1340 1427 1367 πλέκει.
1453 1339 1503 1366 Δ;ὰ
1527 1340 1554 1366 τί
1570 1339 1623 1375 γὰρ
1638 1339 1678 1370 εἰς
1704 1339 1832 1374 πορνείαν
1852 1338 1899 1364 οὔκ

1113 1386 1202 1421 ὢθησε
1222 1386 1268 1412 τὸν
1289 1386 1398 1418 Ἰούδαν,
1415 1385 1471 1411 ἀλλ’
1487 1386 1527 1417 εἰς
1553 1385 1711 1420 προδοσίαις
1736 1385 1798 1411 Ὀτι
1814 1385 1901 1410 ὲκεῖ·.ο

1114 1431 1164 1466 μὲν
1177 1431 1207 1457 -.>.
1226 1431 1306 1465 μέρος
1321 1430 1393 1465 ἐώρα
1417 1430 1633 1465 ὴτφαλισμένον·
1654 1429 1685 1455 τὸ
1699 1429 1727 1455 δὲ
1742 1429 1807 1463 περὶ
1830 1428 1902 1462 φιλο·

1113 1477 1267 1513 χρηματίαν
1284 1477 1415 1512 σφαλερὸν
1438 1477 1483 1503 καὶ
1502 1477 1610 1512 σαθρόν.
1641 1476 1688 1502 Ἐκ
1703 1475 1756 1510 γὰρ
1771 1476 1822 1509 τῆς
1836 1475 1897 1501 κλο·

1113 1523 1166 1557 πῆς
1180 1523 1225 1549 τοῦ
1239 1522 1429 1557 γλωσςοκὸμου
1445 1523 1543 1557 ἤλπισε
1566 1521 1612 1548 καὶ
1637 1522 1675 1552 εἰς
1694 1521 1839 1557 προδοσίαν
1855 1521 1900 1547 αὑ-

1113 1569 1158 1595 τὸν
1172 1569 1271 1604 ῥᾳδίως
1284 1569 1424 1604 ὁρμήσειν.
1437 1568 1491 1599 Τὰς
1501 1567 1588 1603 ὁρμὰς
1601 1566 1647 1594 οὖν
1663 1568 1780 1594 ἑκάστου
1797 1567 1844 1594 καὶ
1856 1567 1901 1599 τὰς

1117 1615 1329 1648 συγκαταθέσεις
1355 1614 1600 1649 πολυπραγμονῶν,
1618 1614 1665 1640 καὶ
1691 1613 1786 1639 οὐδέ-ια
1809 1613 1901 1648 καιρξσν

1116 1660 1169 1686 οὐδ’
1185 1659 1259 1694 ὥραν
1276 1658 1463 1694 παραλείπων,
1481 1658 1566 1689 οὕτως
1582 1658 1631 1689 τὰς
1655 1657 1719 1688 ὕλας
1741 1658 1843 1688 ἔξωθεν
1859 1665 1902 1692 χο-

1118 1707 1205 1740 ρηγεῖ,
1223 1705 1269 1731 καὶ
1284 1706 1323 1736 είς
1348 1704 1361 1730 ὅ
1378 1704 1535 1740 ἐπιρρεπῶς
1559 1703 1654 1738 ἔχοντα
1679 1703 1850 1734 αἰσθάνεται,
1866 1703 1903 1734 είς

1117 1751 1204 1777 ἐκεῖνο
1227 1750 1383 1784 τιτρώσκει.
1410 1749 1470 1785 Χρὴ
1492 1748 1538 1776 οὖν
1553 1749 1720 1784 πανταχόθεν
1739 1748 1904 1784 ἠσφαλίσθαι

1112 1796 1158 1823 τὸν
1179 1796 1332 1831 εὐδόκιμον.
1356 1796 1489 1828 Πολλάκις
1507 1797 1561 1831 γὰρ
1582 1795 1720 1822 πολιτείαν
1736 1795 1833 1830 ὥσπερ
1857 1795 1904 1821 πό-

1113 1843 1154 1869 λιν
1179 1842 1343 1877 ἁπορθήτοις
1359 1842 1461 1878 τείχεσι
1486 1841 1716 1877 πεπυργωμένην,
1735 1841 1782 1867 διὰ
1809 1841 1904 1876 μέρους

1115 1888 1216 1923 σαθροῦ
1229 1889 1430 1923 παρεστήσατο,
1443 1888 1560 1924 ματαίαν
1571 1888 1620 1923 τὴν
1631 1887 1684 1914 τῶν
1696 1887 1799 1914 λοιπῶν
1810 1886 1905 1922 τειχῶν

1114 1934 1202 1966 δείξας
1218 1935 1379 1970 ὀχυρότητα,

281 1983 362 2008 minis
377 1983 469 2011 vitam,
483 1983 667 2005 nottsccus'ac
683 1978 818 2004 chitatem
835 1977 979 2012 quamdam
1011 1978 1262 2016 inexpugnabilibus
1300 1981 1386 2007 muris
1410 1979 1617 2011 circumdatam,
1646 1986 1694 2013 per
1721 1982 1860 2005 nutantem
1881 1981 1906 2004 et

280 2023 725 2060 imbecillampartemditionisuw
752 2023 967 2058 subjecit,atque
996 2023 1103 2053 inanem
1122 2030 1151 2053 et
1175 2026 1300 2054 inutilem
1319 2026 1481 2061 reliquorum
1505 2032 1642 2053 murorum
1668 2022 1907 2052 lirmitatem'red-

279 2070 357 2097 didit.

312 2125 394 2162 404
423 2124 633 2153 CCCLXXXYI.
653 2124 830 2153 —ELlS/E0
849 2125 1026 2154 MONACHO.

466 2172 504 2198 De
518 2171 624 2197 Ariani:
647 2179 671 2198 et
688 2169 872 2198 Eunomiania.

1234 2126 1328 2160 THG'.
1348 2142 1383 2146 —
1401 2127 1557 2162 ΕΛΙΣΣΑΙῼ
1576 2125 1791 2153 ΜΟΝΑΖΟΝΤΙ.

1240 2171 1308 2206 Περὶ
1332 2171 1485 2206 Ἀρειανῶν
1505 2171 1555 2198 καὶ
1575 2170 1783 2206 Εὐνομιανῶν.

278 2232 281 2233 ⁷
316 2227 344 2254 Si
358 2231 468 2254 sanctus
494 2226 596 2259 Daniel,
627 2225 750 2261 angelum
779 2227 961 2260 conspicatus,
983 2233 1062 2263 atque

1150 2227 1182 2253 Εί
1195 2227 1209 2253 6
1226 2227 1302 2262 ἅγιος
1316 2228 1414 2262 Δανιὴλ
1437 2227 1553 2261 ἄγγελον
1568 2227 1748 2262 θεασάμενος,
1775 2227 1824 2253 καὶ
1839 2227 1910 2260 ἀγαΔ

279 2282 312 2301 ex
332 2273 468 2307 conspecti
487 2272 685 2307 pulchritudine
708 2272 887 2299 admiratione
914 2274 1065 2307 perculsus,

279 2321 307 2347 in
320 2325 418 2346 terram
435 2326 535 2352 pronus
557 2318 665 2350 cecidit,
681 2316 830 2351 spectaculi
853 2318 977 2346 videlicet
992 2320 1068 2346 novi-

281 2370 335 2392 tate
363 2365 493 2391 attouitus
517 2371 524 2389 :
552 2371 697 2398 quaumam
727 2363 834 2390 tondent
863 2365 1066 2392 excusationem

280 2411 396 2438 habituri
411 2416 486 2442 sunt,
502 2410 547 2444 qui
561 2409 635 2437 Patri
652 2414 679 2437 et
693 2408 761 2436 Filio
779 2409 897 2437 arbitros
910 2417 941 2437 ac
967 2417 1065 2444 seque-

283 2462 354 2483 stros
374 2463 402 2482 se
416 2457 536 2490 praebere
551 2456 660 2486 audent,
687 2459 863 2489 naturamque
882 2463 988 2483 omnem
1009 2463 1066 2482 ser-

283 2502 369 2528 monis
385 2499 540 2528 facultatem
557 2505 730 2533 superantem
749 2500 918 2528 sermonibus
937 2508 1066 2535 superare

282 2546 489 2582 aggrediuntur?

365 2598 585 2629 CGCLKXXVIL
601 2613 635 2619 —-
645 2598 795 2628 LEONTIU
809 2600 973 2629 EPlSCOPO

318 2657 373 2692 Ego
395 2661 430 2687 te,
449 2663 465 2682 ο
481 2655 606 2690 puritatis
621 2656 772 2689 delubrum,
788 2665 840 2684 non
863 2658 1005 2685 sacerdotii
1019 2665 1068 2685 no-

283 2703 355 2730 mine
375 2702 493 2729 admiror
511 2710 517 2729 :
537 2701 583 2729 sed
596 2702 658 2738 quia
683 2702 756 2736 illud,
779 2708 807 2730 ut
829 2704 1014 2736 conveniebat,
1038 2712 1068 2731 cs

1120 2270 1193 2303 σθεὶς
1215 2272 1244 2298 τὸ
1262 2272 1358 2304 κάλλος
1373 2272 1419 2298 τοῦ
1438 2272 1577 2306 ὀφθέντος,
1603 2272 1710 2307 πρηνὴς
1732 2272 1844 2303 ἔπεσεν,
1862 2273 1910 2298 ὲκ-

1119 2317 1233 2351 π).αγε¹ις
1251 2317 1318 2352 πρὸς
1334 2317 1365 2344 τὸ
1382 2317 1532 2353 παράδοξον
1546 2319 1594 2352 τῆς
1610 2316 1688 2348 θέας·
1704 2316 1786 2342 ποίαν
1802 2316 1911 2349 ἕξουσιν

1119 2362 1275 2396 ἀπολογίαν,
1291 2364 1316 2388 οἱ
1333 2363 1420 2399 Πατρὶ
1435 2363 1482 2390 καὶ
1497 2363 1554 2397 mp
1570 2363 1722 2397 μεσιτεύειν
1741 2363 1911 2399 τολμῶντες,

1118 2407 1166 2433 καὶ
1185 2407 1234 2442 τὴν
1251 2407 1370 2443 ἄρρητον
1394 2408 1475 2442 φύσιν
1499 2408 1587 2442 λόγοις
1605 2409 1782 2442 ζυγοστατείν
1805 2411 1913 2443 ἐπιχει-

1119 2460 1243 2487 ρουντες;

1255 2601 1340 2627 ΤΠΖ¹.
1361 2617 1394 2621 -
1414 2601 1562 2636 ΛΕΟΝΤΙῼ
1582 2602 1770 2636 ΕΙΙΙΣΚΟΠῼ.

1160 2657 1230 2691 Ἐγώ
1245 2666 1285 2690 σε,
1300 2655 1322 2684 ὦ
1345 2658 1455 2692 ἁγνείας
1470 2659 1628 2694 ἀνάκτορον,
1643 2659 1694 2686 οὐκ
1709 2660 1742 2686 ἐκ
1757 2659 1809 2694 τῆς
1833 2660 1920 2695 ἱερω-

1120 2703 1203 2739 σύνης
1217 2704 1348 2739 θαυμάζω
1358 2712 1364 2718 ·
1380 2704 1436 2732 ἀλλ’
1451 2705 1491 2731 ὅτι
1508 2705 1700 2741 προσηκόντως
1714 2705 1820 2741 ταύτης
1835 2705 1921 2732 τετύ-

829 2790 947 2818 VARUE
966 2790 1158 2819 LECTIONES
1179 2792 1222 2820 ET
1242 2792 1359 2820 NOTAE.

320 2865 358 2900 (5)
385 2863 453 2892 Idem
475 2866 536 2893 cod.
564 2867 709 2901 προέμενοι
727 2871 812 2894 mutat
835 2867 861 2893 in
887 2867 1061 2902 προσιέμενοι

1114 2889 1116 2894 τ
1134 2876 1204 2897 vers.
1218 2875 1279 2905 post
1295 2875 1392 2904 quarto
1409 2870 1530 2905 ἐρήμους
1545 2871 1577 2906 in
1603 2870 1748 2905 ἀμοίρους.
1768 2871 1881 2898 Possm.
