  <div class='ocr_page' id='page_1' title='image "/cluster/home/n/w/nwhite01/storage/ocr_20150623/78/njp.32101077772794/554.png"; bbox 0 0 2045 3158; ppageno 0'>
   <div class='ocr_carea' id='block_1_1' title="bbox 168 159 235 192">
    <p class='ocr_par' dir='ltr' id='par_1_1' title="bbox 168 159 235 192">
     <span class='ocr_line' id='line_1_1' title="bbox 168 159 235 192; baseline 0.015 -1"><span class='ocrx_word' id='word_1_1' title='bbox 168 159 235 192; x_wconf 73' lang='grc'><strong>1029</strong></span> 
     </span>
    </p>
   </div>
   <div class='ocr_carea' id='block_1_2' title="bbox 539 162 1397 199">
    <p class='ocr_par' dir='ltr' id='par_1_2' title="bbox 539 162 1397 199">
     <span class='ocr_line' id='line_1_2' title="bbox 539 162 1397 199; baseline 0.008 -7"><span class='ocrx_word' id='word_1_2' title='bbox 539 162 807 193; x_wconf 79' lang='lat' dir='ltr'>EPISTOLARUM</span> <span class='ocrx_word' id='word_1_3' title='bbox 827 163 900 192; x_wconf 84' lang='lat' dir='ltr'>LIB.</span> <span class='ocrx_word' id='word_1_4' title='bbox 922 163 1153 197; x_wconf 81' lang='lat' dir='ltr'>lll.--EPIST.</span> <span class='ocrx_word' id='word_1_5' title='bbox 1173 167 1397 199; x_wconf 83' lang='lat' dir='ltr'>CCCLXXXIX.</span> 
     </span>
    </p>
   </div>
   <div class='ocr_carea' id='block_1_3' title="bbox 1733 169 1800 204">
    <p class='ocr_par' dir='ltr' id='par_1_3' title="bbox 1733 169 1800 204">
     <span class='ocr_line' id='line_1_3' title="bbox 1733 169 1800 204; baseline 0.03 -2"><span class='ocrx_word' id='word_1_6' title='bbox 1733 169 1800 204; x_wconf 73' lang='lat'>1030</span> 
     </span>
    </p>
   </div>
   <div class='ocr_carea' id='block_1_4' title="bbox 166 215 966 263">
    <p class='ocr_par' dir='ltr' id='par_1_4' title="bbox 166 215 961 253">
     <span class='ocr_line' id='line_1_4' title="bbox 166 215 961 253; baseline 0.004 -11"><span class='ocrx_word' id='word_1_7' title='bbox 166 225 264 252; x_wconf 81' lang='grc' dir='ltr'>χηκας.</span> <span class='ocrx_word' id='word_1_8' title='bbox 284 215 380 243; x_wconf 57' lang='grc' dir='ltr'>Πολλοὶ⁴</span> <span class='ocrx_word' id='word_1_9' title='bbox 398 217 448 251; x_wconf 85' lang='grc' dir='ltr'>μὲν</span> <span class='ocrx_word' id='word_1_10' title='bbox 471 216 525 252; x_wconf 79' lang='grc' dir='ltr'>γὰρ</span> <span class='ocrx_word' id='word_1_11' title='bbox 541 217 610 253; x_wconf 82' lang='grc' dir='ltr'>αὐτῇ</span> <span class='ocrx_word' id='word_1_12' title='bbox 626 217 810 252; x_wconf 81' lang='grc' dir='ltr'>ὲπεκώμασαν</span> <span class='ocrx_word' id='word_1_13' title='bbox 830 218 880 245; x_wconf 79' lang='grc' dir='ltr'>οὐκ</span> <span class='ocrx_word' id='word_1_14' title='bbox 898 219 961 246; x_wconf 80' lang='grc' dir='ltr'>εὐα-</span> 
     </span>
    </p>
   </div>
   <div class='ocr_carea' id='block_1_5' title="bbox 1018 215 1801 263">
    <p class='ocr_par' dir='ltr' id='par_1_5' title="bbox 1018 222 1801 263">
     <span class='ocr_line' id='line_1_5' title="bbox 1018 222 1801 263; baseline 0.011 -16"><span class='ocrx_word' id='word_1_15' title='bbox 1018 227 1187 249; x_wconf 75' lang='lat' dir='ltr'>ronsecutus.</span> <span class='ocrx_word' id='word_1_16' title='bbox 1205 222 1280 250; x_wconf 80' lang='lat' dir='ltr'><strong>Mulli</strong></span> <span class='ocrx_word' id='word_1_17' title='bbox 1295 225 1367 251; x_wconf 87' lang='lat' dir='ltr'>enim</span> <span class='ocrx_word' id='word_1_18' title='bbox 1381 225 1414 252; x_wconf 87' lang='lat' dir='ltr'>ad</span> <span class='ocrx_word' id='word_1_19' title='bbox 1425 232 1484 252; x_wconf 87' lang='lat' dir='ltr'>eam</span> <span class='ocrx_word' id='word_1_20' title='bbox 1499 225 1656 261; x_wconf 78' lang='lat' dir='ltr'>dignitatem</span> <span class='ocrx_word' id='word_1_21' title='bbox 1673 226 1743 255; x_wconf 80' lang='lat' dir='ltr'>haud</span> <span class='ocrx_word' id='word_1_22' title='bbox 1758 228 1801 263; x_wconf 85' lang='lat' dir='ltr'>pie</span> 
     </span>
    </p>
   </div>
   <div class='ocr_carea' id='block_1_6' title="bbox 167 261 959 298">
    <p class='ocr_par' dir='ltr' id='par_1_6' title="bbox 167 261 959 298">
     <span class='ocr_line' id='line_1_6' title="bbox 167 261 959 298; baseline 0.004 -11"><span class='ocrx_word' id='word_1_23' title='bbox 167 262 240 296; x_wconf 83' lang='grc' dir='ltr'>γῶς·</span> <span class='ocrx_word' id='word_1_24' title='bbox 267 263 290 288; x_wconf 76' lang='grc' dir='ltr'>οἱ</span> <span class='ocrx_word' id='word_1_25' title='bbox 307 261 336 287; x_wconf 84' lang='grc' dir='ltr'>δὲ</span> <span class='ocrx_word' id='word_1_26' title='bbox 353 262 467 294; x_wconf 81' lang='grc' dir='ltr'>εἰκότως</span> <span class='ocrx_word' id='word_1_27' title='bbox 484 263 666 298; x_wconf 78' lang='grc' dir='ltr'>τετυχηκότες</span> <span class='ocrx_word' id='word_1_28' title='bbox 679 264 728 298; x_wconf 80' lang='grc' dir='ltr'>τῆς</span> <span class='ocrx_word' id='word_1_29' title='bbox 742 263 835 298; x_wconf 85' lang='grc' dir='ltr'>τιμῆς,</span> <span class='ocrx_word' id='word_1_30' title='bbox 852 263 899 290; x_wconf 70' lang='grc' dir='ltr'>καὶ</span> <span class='ocrx_word' id='word_1_31' title='bbox 916 263 959 290; x_wconf 86' lang='grc' dir='ltr'>διὰ</span> 
     </span>
    </p>
   </div>
   <div class='ocr_carea' id='block_1_7' title="bbox 165 308 961 344">
    <p class='ocr_par' dir='ltr' id='par_1_7' title="bbox 165 308 961 344">
     <span class='ocr_line' id='line_1_7' title="bbox 165 308 961 344; baseline 0.001 -10"><span class='ocrx_word' id='word_1_32' title='bbox 165 309 259 340; x_wconf 80' lang='grc' dir='ltr'>τέλους</span> <span class='ocrx_word' id='word_1_33' title='bbox 281 308 395 339; x_wconf 78' lang='grc' dir='ltr'>ἑαυτοὺς</span> <span class='ocrx_word' id='word_1_34' title='bbox 416 309 446 334; x_wconf 86' lang='grc' dir='ltr'>οὑ</span> <span class='ocrx_word' id='word_1_35' title='bbox 467 308 547 344; x_wconf 77' lang='grc' dir='ltr'>μόνον</span> <span class='ocrx_word' id='word_1_36' title='bbox 566 308 696 343; x_wconf 75' lang='grc' dir='ltr'>μέμψεως</span> <span class='ocrx_word' id='word_1_37' title='bbox 718 309 870 344; x_wconf 78' lang='grc' dir='ltr'>κρείττους,</span> <span class='ocrx_word' id='word_1_38' title='bbox 893 309 961 336; x_wconf 85' lang='grc' dir='ltr'>ἀλλὰ</span> 
     </span>
    </p>
   </div>
   <div class='ocr_carea' id='block_1_8' title="bbox 166 351 961 392">
    <p class='ocr_par' dir='ltr' id='par_1_8' title="bbox 166 351 961 392">
     <span class='ocr_line' id='line_1_8' title="bbox 166 351 961 392; baseline 0.004 -12"><span class='ocrx_word' id='word_1_39' title='bbox 166 354 214 381; x_wconf 76' lang='grc' dir='ltr'>καὶ</span> <span class='ocrx_word' id='word_1_40' title='bbox 244 353 385 389; x_wconf 75' lang='grc' dir='ltr'>θαύματος</span> <span class='ocrx_word' id='word_1_41' title='bbox 417 354 510 387; x_wconf 79' lang='grc' dir='ltr'>ἀξίους</span> <span class='ocrx_word' id='word_1_42' title='bbox 541 355 739 391; x_wconf 75' lang='grc' dir='ltr'>ἀποφήναντες,</span> <span class='ocrx_word' id='word_1_43' title='bbox 777 351 850 382; x_wconf 71' lang='grc' dir='ltr'>οὗτοι</span> <span class='ocrx_word' id='word_1_44' title='bbox 886 355 961 392; x_wconf 84' lang='grc' dir='ltr'>παρὰ</span> 
     </span>
    </p>
   </div>
   <div class='ocr_carea' id='block_1_9' title="bbox 167 397 962 434">
    <p class='ocr_par' dir='ltr' id='par_1_9' title="bbox 167 397 962 434">
     <span class='ocr_line' id='line_1_9' title="bbox 167 397 962 434; baseline 0.003 -9"><span class='ocrx_word' id='word_1_45' title='bbox 167 399 276 426; x_wconf 83' lang='grc' dir='ltr'>πάντων</span> <span class='ocrx_word' id='word_1_46' title='bbox 302 399 492 434; x_wconf 70' lang='grc' dir='ltr'>ἀναρρηθῆναι</span> <span class='ocrx_word' id='word_1_47' title='bbox 515 399 548 426; x_wconf 80' lang='grc' dir='ltr'>ἂν</span> <span class='ocrx_word' id='word_1_48' title='bbox 565 398 620 426; x_wconf 81' lang='grc' dir='ltr'>εἶεν</span> <span class='ocrx_word' id='word_1_49' title='bbox 647 400 757 427; x_wconf 83' lang='grc' dir='ltr'>δίκαιοι.</span> <span class='ocrx_word' id='word_1_50' title='bbox 780 397 830 427; x_wconf 80' lang='grc' dir='ltr'>Ὧν</span> <span class='ocrx_word' id='word_1_51' title='bbox 850 399 890 432; x_wconf 74' lang='grc' dir='ltr'>εἷς</span> <span class='ocrx_word' id='word_1_52' title='bbox 916 400 962 427; x_wconf 72' lang='grc' dir='ltr'>καὶ</span> 
     </span>
    </p>
   </div>
   <div class='ocr_carea' id='block_1_10' title="bbox 166 445 962 481">
    <p class='ocr_par' dir='ltr' id='par_1_10' title="bbox 166 445 962 481">
     <span class='ocr_line' id='line_1_10' title="bbox 166 445 962 481; baseline 0.004 -10"><span class='ocrx_word' id='word_1_53' title='bbox 166 445 248 475; x_wconf 71' lang='grc' dir='ltr'>αὐτὸς</span> <span class='ocrx_word' id='word_1_54' title='bbox 262 445 416 480; x_wconf 82' lang='grc' dir='ltr'>τυγχάνων,</span> <span class='ocrx_word' id='word_1_55' title='bbox 436 445 545 480; x_wconf 82' lang='grc' dir='ltr'>μυρίοις</span> <span class='ocrx_word' id='word_1_56' title='bbox 560 445 708 481; x_wconf 78' lang='grc' dir='ltr'>ὀφθαλμοῖς</span> <span class='ocrx_word' id='word_1_57' title='bbox 727 446 761 473; x_wconf 87' lang='grc' dir='ltr'>τὰ</span> <span class='ocrx_word' id='word_1_58' title='bbox 780 447 851 474; x_wconf 77' lang='grc' dir='ltr'>κατὰ</span> <span class='ocrx_word' id='word_1_59' title='bbox 865 447 962 474; x_wconf 66' lang='grc' dir='ltr'>σαυτὴν</span> 
     </span>
    </p>
   </div>
   <div class='ocr_carea' id='block_1_11' title="bbox 167 491 963 529">
    <p class='ocr_par' dir='ltr' id='par_1_11' title="bbox 167 491 963 529">
     <span class='ocr_line' id='line_1_11' title="bbox 167 491 963 529; baseline 0.001 -12"><span class='ocrx_word' id='word_1_60' title='bbox 167 491 349 526; x_wconf 75' lang='grc' dir='ltr'>περισκόπει·</span> <span class='ocrx_word' id='word_1_61' title='bbox 369 491 405 527; x_wconf 84' lang='grc' dir='ltr'>μή</span> <span class='ocrx_word' id='word_1_62' title='bbox 423 493 490 518; x_wconf 79' lang='grc' dir='ltr'>ποτέ</span> <span class='ocrx_word' id='word_1_63' title='bbox 505 500 531 518; x_wconf 89' lang='grc' dir='ltr'>τι</span> <span class='ocrx_word' id='word_1_64' title='bbox 547 491 696 527; x_wconf 76' lang='grc' dir='ltr'>παροφθὲν,</span> <span class='ocrx_word' id='word_1_65' title='bbox 715 493 748 526; x_wconf 84' lang='grc' dir='ltr'>τῇ</span> <span class='ocrx_word' id='word_1_66' title='bbox 772 492 894 529; x_wconf 81' lang='grc' dir='ltr'>τοσαύτῃ</span> <span class='ocrx_word' id='word_1_67' title='bbox 917 492 963 518; x_wconf 88' lang='grc' dir='ltr'>λυ-</span> 
     </span>
    </p>
   </div>
   <div class='ocr_carea' id='block_1_12' title="bbox 169 537 399 573">
    <p class='ocr_par' dir='ltr' id='par_1_12' title="bbox 169 537 399 573">
     <span class='ocr_line' id='line_1_12' title="bbox 169 537 399 573; baseline -0.004 -9"><span class='ocrx_word' id='word_1_68' title='bbox 169 537 287 572; x_wconf 76' lang='grc' dir='ltr'>μήνηται</span> <span class='ocrx_word' id='word_1_69' title='bbox 303 537 399 573; x_wconf 84' lang='grc' dir='ltr'>ἀρετῇ.</span> 
     </span>
    </p>
   </div>
   <div class='ocr_carea' id='block_1_13' title="bbox 298 635 833 672">
    <p class='ocr_par' dir='ltr' id='par_1_13' title="bbox 298 635 833 672">
     <span class='ocr_line' id='line_1_13' title="bbox 298 635 833 672; baseline 0.004 -10"><span class='ocrx_word' id='word_1_70' title='bbox 298 636 388 662; x_wconf 82' lang='grc' dir='ltr'>ΤΠΗ¹.</span> <span class='ocrx_word' id='word_1_71' title='bbox 409 650 448 656; x_wconf 76' lang='lat'><em>—</em></span> <span class='ocrx_word' id='word_1_72' title='bbox 463 635 577 662; x_wconf 79' lang='lat' dir='ltr'>IEPAKI</span> <span class='ocrx_word' id='word_1_73' title='bbox 598 636 833 672; x_wconf 83' lang='grc' dir='ltr'>ΠΡΕΣΒΥΤΕΡῼ.</span> 
     </span>
    </p>
   </div>
   <div class='ocr_carea' id='block_1_14' title="bbox 167 682 964 716">
    <p class='ocr_par' dir='ltr' id='par_1_14' title="bbox 167 682 964 716">
     <span class='ocr_line' id='line_1_14' title="bbox 167 682 964 716; baseline 0.001 -8"><span class='ocrx_word' id='word_1_74' title='bbox 167 682 238 716; x_wconf 79' lang='grc' dir='ltr'>Περὶ</span> <span class='ocrx_word' id='word_1_75' title='bbox 258 682 476 716; x_wconf 71' lang='grc' dir='ltr'>ἀναγνώσεως,</span> <span class='ocrx_word' id='word_1_76' title='bbox 503 683 579 709; x_wconf 83' lang='grc' dir='ltr'>κατὰ</span> <span class='ocrx_word' id='word_1_77' title='bbox 617 683 781 715; x_wconf 75' lang='grc' dir='ltr'>Ἑλλήνων.</span> <span class='ocrx_word' id='word_1_78' title='bbox 807 683 877 716; x_wconf 75' lang='grc' dir='ltr'>Περὶ</span> <span class='ocrx_word' id='word_1_79' title='bbox 909 683 964 716; x_wconf 82' lang='grc' dir='ltr'>τῆς</span> 
     </span>
    </p>
   </div>
   <div class='ocr_carea' id='block_1_15' title="bbox 203 716 964 752">
    <p class='ocr_par' dir='ltr' id='par_1_15' title="bbox 203 716 964 752">
     <span class='ocr_line' id='line_1_15' title="bbox 203 716 964 752; baseline 0.003 -10"><span class='ocrx_word' id='word_1_80' title='bbox 203 717 331 752; x_wconf 65' lang='grc' dir='ltr'>χάριτος</span> <span class='ocrx_word' id='word_1_81' title='bbox 345 716 404 743; x_wconf 84' lang='grc' dir='ltr'>τῶν</span> <span class='ocrx_word' id='word_1_82' title='bbox 424 718 634 744; x_wconf 76' lang='grc' dir='ltr'>θεοπνεύστων</span> <span class='ocrx_word' id='word_1_83' title='bbox 656 718 803 752; x_wconf 65' lang='grc' dir='ltr'>Γραφών,</span> <span class='ocrx_word' id='word_1_84' title='bbox 830 718 879 745; x_wconf 81' lang='grc' dir='ltr'>καὶ</span> <span class='ocrx_word' id='word_1_85' title='bbox 908 718 964 752; x_wconf 84' lang='grc' dir='ltr'>τῆς</span> 
     </span>
    </p>
   </div>
   <div class='ocr_carea' id='block_1_16' title="bbox 205 751 531 786">
    <p class='ocr_par' dir='ltr' id='par_1_16' title="bbox 205 751 531 786">
     <span class='ocr_line' id='line_1_16' title="bbox 205 751 531 786; baseline 0 -7"><span class='ocrx_word' id='word_1_86' title='bbox 205 753 239 783; x_wconf 77' lang='grc' dir='ltr'>ἐξ</span> <span class='ocrx_word' id='word_1_87' title='bbox 258 751 357 779; x_wconf 70' lang='grc' dir='ltr'>αὐτῶν</span> <span class='ocrx_word' id='word_1_88' title='bbox 374 752 531 786; x_wconf 67' lang='grc' dir='ltr'>ὠφελείας.</span> 
     </span>
    </p>
   </div>
   <div class='ocr_carea' id='block_1_17' title="bbox 206 798 960 834">
    <p class='ocr_par' dir='ltr' id='par_1_17' title="bbox 206 798 960 834">
     <span class='ocr_line' id='line_1_17' title="bbox 206 798 960 834; baseline 0.003 -10"><span class='ocrx_word' id='word_1_89' title='bbox 206 799 237 825; x_wconf 73' lang='lat' dir='ltr'>Oi</span> <span class='ocrx_word' id='word_1_90' title='bbox 255 798 320 825; x_wconf 79' lang='grc' dir='ltr'>θεῖοι</span> <span class='ocrx_word' id='word_1_91' title='bbox 335 798 380 824; x_wconf 73' lang='grc' dir='ltr'>καὶ</span> <span class='ocrx_word' id='word_1_92' title='bbox 395 799 515 832; x_wconf 75' lang='grc' dir='ltr'>οὐράνιοι</span> <span class='ocrx_word' id='word_1_93' title='bbox 528 799 647 834; x_wconf 68' lang='grc' dir='ltr'>χρησμοὶ</span> <span class='ocrx_word' id='word_1_94' title='bbox 667 800 721 831; x_wconf 83' lang='grc' dir='ltr'>τοῖς</span> <span class='ocrx_word' id='word_1_95' title='bbox 738 799 788 834; x_wconf 78' lang='grc' dir='ltr'>μὲν</span> <span class='ocrx_word' id='word_1_96' title='bbox 801 799 855 826; x_wconf 83' lang='grc' dir='ltr'>τῶν</span> <span class='ocrx_word' id='word_1_97' title='bbox 870 798 960 826; x_wconf 84' lang='grc' dir='ltr'>χαλῶν</span> 
     </span>
    </p>
   </div>
   <div class='ocr_carea' id='block_1_18' title="bbox 168 843 964 880">
    <p class='ocr_par' dir='ltr' id='par_1_18' title="bbox 168 843 964 880">
     <span class='ocr_line' id='line_1_18' title="bbox 168 843 964 880; baseline 0 -8"><span class='ocrx_word' id='word_1_98' title='bbox 168 844 330 880; x_wconf 79' lang='grc' dir='ltr'>ἀνεράστοις</span> <span class='ocrx_word' id='word_1_99' title='bbox 343 844 380 880; x_wconf 81' lang='grc'>(6)</span> <span class='ocrx_word' id='word_1_100' title='bbox 392 845 544 879; x_wconf 85' lang='grc' dir='ltr'>γράμματα</span> <span class='ocrx_word' id='word_1_101' title='bbox 561 844 639 880; x_wconf 79' lang='grc' dir='ltr'>μόνον</span> <span class='ocrx_word' id='word_1_102' title='bbox 664 843 732 872; x_wconf 78' lang='grc' dir='ltr'>εἶναι</span> <span class='ocrx_word' id='word_1_103' title='bbox 745 845 854 872; x_wconf 81' lang='grc' dir='ltr'>δοκοῦσι</span> <span class='ocrx_word' id='word_1_104' title='bbox 866 847 922 878; x_wconf 83' lang='grc' dir='ltr'>τοῖς</span> <span class='ocrx_word' id='word_1_105' title='bbox 935 845 964 872; x_wconf 83' lang='grc' dir='ltr'>δὲ</span> 
     </span>
    </p>
   </div>
   <div class='ocr_carea' id='block_1_19' title="bbox 1010 267 1799 306">
    <p class='ocr_par' dir='ltr' id='par_1_19' title="bbox 1010 267 1799 306">
     <span class='ocr_line' id='line_1_19' title="bbox 1010 267 1799 306; baseline 0.011 -14"><span class='ocrx_word' id='word_1_106' title='bbox 1010 270 1157 301; x_wconf 71' lang='lat' dir='ltr'>sancteque</span> <span class='ocrx_word' id='word_1_107' title='bbox 1184 267 1340 303; x_wconf 86' lang='lat' dir='ltr'>irruperunt</span> <span class='ocrx_word' id='word_1_108' title='bbox 1369 280 1375 298; x_wconf 88' lang='lat'><strong>:</strong></span> <span class='ocrx_word' id='word_1_109' title='bbox 1408 272 1452 306; x_wconf 88' lang='lat' dir='ltr'>qui</span> <span class='ocrx_word' id='word_1_110' title='bbox 1482 277 1572 299; x_wconf 87' lang='lat' dir='ltr'>autem</span> <span class='ocrx_word' id='word_1_111' title='bbox 1601 280 1658 300; x_wconf 88' lang='lat' dir='ltr'>eam</span> <span class='ocrx_word' id='word_1_112' title='bbox 1687 273 1799 301; x_wconf 68' lang='lat' dir='ltr'>honesta</span> 
     </span>
    </p>
   </div>
   <div class='ocr_carea' id='block_1_20' title="bbox 1011 312 1801 352">
    <p class='ocr_par' dir='ltr' id='par_1_20' title="bbox 1011 312 1801 352">
     <span class='ocr_line' id='line_1_20' title="bbox 1011 312 1801 352; baseline 0.01 -13"><span class='ocrx_word' id='word_1_113' title='bbox 1011 312 1116 339; x_wconf 75' lang='lat' dir='ltr'>ratione</span> <span class='ocrx_word' id='word_1_114' title='bbox 1130 313 1316 348; x_wconf 84' lang='lat' dir='ltr'>obtinuerunt,</span> <span class='ocrx_word' id='word_1_115' title='bbox 1331 323 1362 344; x_wconf 84' lang='lat' dir='ltr'>ac</span> <span class='ocrx_word' id='word_1_116' title='bbox 1379 323 1507 351; x_wconf 86' lang='lat' dir='ltr'>perpetuo</span> <span class='ocrx_word' id='word_1_117' title='bbox 1527 319 1631 352; x_wconf 83' lang='lat' dir='ltr'>seipsos</span> <span class='ocrx_word' id='word_1_118' title='bbox 1650 327 1702 346; x_wconf 92' lang='lat' dir='ltr'>non</span> <span class='ocrx_word' id='word_1_119' title='bbox 1722 321 1801 348; x_wconf 82' lang='lat' dir='ltr'>modo</span> 
     </span>
    </p>
   </div>
   <div class='ocr_carea' id='block_1_21' title="bbox 1011 358 1802 395">
    <p class='ocr_par' dir='ltr' id='par_1_21' title="bbox 1011 358 1802 395">
     <span class='ocr_line' id='line_1_21' title="bbox 1011 358 1802 395; baseline 0.01 -11"><span class='ocrx_word' id='word_1_120' title='bbox 1011 358 1083 384; x_wconf 90' lang='lat' dir='ltr'>omni</span> <span class='ocrx_word' id='word_1_121' title='bbox 1109 360 1319 393; x_wconf 88' lang='lat' dir='ltr'>reprehensione</span> <span class='ocrx_word' id='word_1_122' title='bbox 1341 363 1505 395; x_wconf 82' lang='lat' dir='ltr'>superiores,</span> <span class='ocrx_word' id='word_1_123' title='bbox 1523 364 1569 390; x_wconf 78' lang='lat' dir='ltr'>Sed</span> <span class='ocrx_word' id='word_1_124' title='bbox 1588 365 1668 392; x_wconf 85' lang='lat' dir='ltr'>etiam</span> <span class='ocrx_word' id='word_1_125' title='bbox 1686 366 1802 393; x_wconf 76' lang='lat' dir='ltr'>adrnira-</span> 
     </span>
    </p>
   </div>
   <div class='ocr_carea' id='block_1_22' title="bbox 1013 402 1802 445">
    <p class='ocr_par' dir='ltr' id='par_1_22' title="bbox 1013 402 1802 445">
     <span class='ocr_line' id='line_1_22' title="bbox 1013 402 1802 445; baseline 0.013 -17"><span class='ocrx_word' id='word_1_126' title='bbox 1013 402 1086 430; x_wconf 89' lang='lat' dir='ltr'>tione</span> <span class='ocrx_word' id='word_1_127' title='bbox 1102 403 1196 437; x_wconf 82' lang='lat' dir='ltr'>dignos</span> <span class='ocrx_word' id='word_1_128' title='bbox 1210 406 1404 438; x_wconf 62' lang='lat' dir='ltr'>praestiterunt,</span> <span class='ocrx_word' id='word_1_129' title='bbox 1419 407 1446 434; x_wconf 87' lang='lat' dir='ltr'>hi</span> <span class='ocrx_word' id='word_1_130' title='bbox 1461 409 1581 435; x_wconf 88' lang='lat' dir='ltr'>omnium</span> <span class='ocrx_word' id='word_1_131' title='bbox 1596 409 1674 437; x_wconf 81' lang='lat' dir='ltr'>laude</span> <span class='ocrx_word' id='word_1_132' title='bbox 1689 418 1721 437; x_wconf 88' lang='lat' dir='ltr'>ac</span> <span class='ocrx_word' id='word_1_133' title='bbox 1732 419 1802 445; x_wconf 63' lang='lat' dir='ltr'>prae-</span> 
     </span>
    </p>
   </div>
   <div class='ocr_carea' id='block_1_23' title="bbox 1014 447 1800 485">
    <p class='ocr_par' dir='ltr' id='par_1_23' title="bbox 1014 447 1800 485">
     <span class='ocr_line' id='line_1_23' title="bbox 1014 447 1800 485; baseline 0.013 -11"><span class='ocrx_word' id='word_1_134' title='bbox 1014 447 1149 476; x_wconf 87' lang='lat' dir='ltr'>dicatione</span> <span class='ocrx_word' id='word_1_135' title='bbox 1167 449 1257 477; x_wconf 72' lang='lat' dir='ltr'>efferri</span> <span class='ocrx_word' id='word_1_136' title='bbox 1271 455 1417 479; x_wconf 76' lang='lat' dir='ltr'>merentur.</span> <span class='ocrx_word' id='word_1_137' title='bbox 1431 453 1549 485; x_wconf 87' lang='lat' dir='ltr'>Quorum</span> <span class='ocrx_word' id='word_1_138' title='bbox 1568 454 1594 480; x_wconf 92' lang='lat' dir='ltr'>in</span> <span class='ocrx_word' id='word_1_139' title='bbox 1613 463 1723 483; x_wconf 88' lang='lat' dir='ltr'>numero</span> <span class='ocrx_word' id='word_1_140' title='bbox 1741 465 1800 483; x_wconf 88' lang='lat' dir='ltr'>cum</span> 
     </span>
    </p>
   </div>
   <div class='ocr_carea' id='block_1_24' title="bbox 1013 493 1801 528">
    <p class='ocr_par' dir='ltr' id='par_1_24' title="bbox 1013 493 1801 528">
     <span class='ocr_line' id='line_1_24' title="bbox 1013 493 1801 528; baseline 0.009 -9"><span class='ocrx_word' id='word_1_141' title='bbox 1013 493 1071 525; x_wconf 82' lang='lat' dir='ltr'>ipse</span> <span class='ocrx_word' id='word_1_142' title='bbox 1083 501 1191 528; x_wconf 89' lang='lat' dir='ltr'>quoque</span> <span class='ocrx_word' id='word_1_143' title='bbox 1205 495 1251 528; x_wconf 86' lang='lat' dir='ltr'>sis,</span> <span class='ocrx_word' id='word_1_144' title='bbox 1268 496 1406 523; x_wconf 76' lang='lat' dir='ltr'>sexcentis</span> <span class='ocrx_word' id='word_1_145' title='bbox 1419 498 1504 524; x_wconf 86' lang='lat' dir='ltr'>oculis</span> <span class='ocrx_word' id='word_1_146' title='bbox 1519 498 1599 524; x_wconf 80' lang='lat' dir='ltr'>vitam</span> <span class='ocrx_word' id='word_1_147' title='bbox 1619 503 1690 525; x_wconf 90' lang='lat' dir='ltr'>luam</span> <span class='ocrx_word' id='word_1_148' title='bbox 1704 508 1733 526; x_wconf 86' lang='lat' dir='ltr'>ac</span> <span class='ocrx_word' id='word_1_149' title='bbox 1745 509 1801 526; x_wconf 90' lang='lat' dir='ltr'>mo-</span> 
     </span>
    </p>
   </div>
   <div class='ocr_carea' id='block_1_25' title="bbox 1013 539 1803 578">
    <p class='ocr_par' dir='ltr' id='par_1_25' title="bbox 1013 539 1803 578">
     <span class='ocr_line' id='line_1_25' title="bbox 1013 539 1803 578; baseline 0.01 -14"><span class='ocrx_word' id='word_1_150' title='bbox 1013 545 1057 564; x_wconf 85' lang='lat' dir='ltr'>res</span> <span class='ocrx_word' id='word_1_151' title='bbox 1068 539 1265 574; x_wconf 78' lang='lat' dir='ltr'>circumspice:</span> <span class='ocrx_word' id='word_1_152' title='bbox 1282 549 1330 568; x_wconf 90' lang='lat' dir='ltr'>nec</span> <span class='ocrx_word' id='word_1_153' title='bbox 1342 541 1440 577; x_wconf 84' lang='lat' dir='ltr'>alioqui</span> <span class='ocrx_word' id='word_1_154' title='bbox 1455 542 1606 576; x_wconf 79' lang='lat' dir='ltr'>neglectum</span> <span class='ocrx_word' id='word_1_155' title='bbox 1621 545 1669 570; x_wconf 87' lang='lat' dir='ltr'>abs</span> <span class='ocrx_word' id='word_1_156' title='bbox 1690 549 1715 571; x_wconf 84' lang='lat' dir='ltr'>te</span> <span class='ocrx_word' id='word_1_157' title='bbox 1728 545 1803 578; x_wconf 87' lang='lat' dir='ltr'>quid-</span> 
     </span>
    </p>
   </div>
   <div class='ocr_carea' id='block_1_26' title="bbox 1013 583 1748 622">
    <p class='ocr_par' dir='ltr' id='par_1_26' title="bbox 1013 583 1748 622">
     <span class='ocr_line' id='line_1_26' title="bbox 1013 583 1748 622; baseline 0.008 -14"><span class='ocrx_word' id='word_1_158' title='bbox 1013 583 1086 618; x_wconf 85' lang='lat' dir='ltr'>piam</span> <span class='ocrx_word' id='word_1_159' title='bbox 1118 588 1200 612; x_wconf 68' lang='lat' dir='ltr'>tanta)</span> <span class='ocrx_word' id='word_1_160' title='bbox 1214 586 1305 613; x_wconf 81' lang='lat' dir='ltr'>virtuti</span> <span class='ocrx_word' id='word_1_161' title='bbox 1321 586 1406 614; x_wconf 91' lang='lat' dir='ltr'>labem</span> <span class='ocrx_word' id='word_1_162' title='bbox 1429 594 1460 614; x_wconf 90' lang='lat' dir='ltr'>ac</span> <span class='ocrx_word' id='word_1_163' title='bbox 1477 587 1625 622; x_wconf 79' lang='lat' dir='ltr'>perniciem</span> <span class='ocrx_word' id='word_1_164' title='bbox 1644 587 1748 615; x_wconf 71' lang='lat' dir='ltr'>aﬂerat.</span> 
     </span>
    </p>
   </div>
   <div class='ocr_carea' id='block_1_27' title="bbox 1061 639 1760 672">
    <p class='ocr_par' dir='ltr' id='par_1_27' title="bbox 1061 639 1760 672">
     <span class='ocr_line' id='line_1_27' title="bbox 1061 639 1760 672; baseline 0.006 -5"><span class='ocrx_word' id='word_1_165' title='bbox 1061 639 1296 669; x_wconf 72' lang='lat' dir='ltr'>CCCLXXXVIII.</span> <span class='ocrx_word' id='word_1_166' title='bbox 1313 657 1348 662; x_wconf 91' lang='lat'><strong><em>—</em></strong></span> <span class='ocrx_word' id='word_1_167' title='bbox 1360 642 1499 670; x_wconf 79' lang='lat' dir='ltr'>HIERACI</span> <span class='ocrx_word' id='word_1_168' title='bbox 1517 643 1760 672; x_wconf 71' lang='lat' dir='ltr'>PKESBYTERO.</span> 
     </span>
    </p>
   </div>
   <div class='ocr_carea' id='block_1_28' title="bbox 1015 684 1803 723">
    <p class='ocr_par' dir='ltr' id='par_1_28' title="bbox 1015 684 1803 723">
     <span class='ocr_line' id='line_1_28' title="bbox 1015 684 1803 723; baseline 0.009 -13"><span class='ocrx_word' id='word_1_169' title='bbox 1015 684 1185 723; x_wconf 55' lang='lat' dir='ltr'>Dejectione,</span> <span class='ocrx_word' id='word_1_170' title='bbox 1203 692 1295 723; x_wconf 71' lang='lat' dir='ltr'>contra</span> <span class='ocrx_word' id='word_1_171' title='bbox 1318 687 1435 722; x_wconf 72' lang='lat' dir='ltr'>gentiles.</span> <span class='ocrx_word' id='word_1_172' title='bbox 1461 703 1497 708; x_wconf 90' lang='lat'><strong>—</strong></span> <span class='ocrx_word' id='word_1_173' title='bbox 1518 689 1556 716; x_wconf 84' lang='lat' dir='ltr'>De</span> <span class='ocrx_word' id='word_1_174' title='bbox 1576 690 1662 723; x_wconf 76' lang='lat' dir='ltr'>gratia</span> <span class='ocrx_word' id='word_1_175' title='bbox 1677 691 1803 718; x_wconf 68' lang='lat' dir='ltr'>divinitus</span> 
     </span>
    </p>
   </div>
   <div class='ocr_carea' id='block_1_29' title="bbox 1049 721 1637 757">
    <p class='ocr_par' dir='ltr' id='par_1_29' title="bbox 1049 721 1637 757">
     <span class='ocr_line' id='line_1_29' title="bbox 1049 721 1637 757; baseline 0.01 -12"><span class='ocrx_word' id='word_1_176' title='bbox 1049 721 1239 754; x_wconf 82' lang='lat' dir='ltr'>impiralarum</span> <span class='ocrx_word' id='word_1_177' title='bbox 1255 721 1497 757; x_wconf 62' lang='lat' dir='ltr'>Scripmrarum,“</span> <span class='ocrx_word' id='word_1_178' title='bbox 1514 721 1637 752; x_wconf 69' lang='lat' dir='ltr'>utililalr.</span> 
     </span>
    </p>
   </div>
   <div class='ocr_carea' id='block_1_30' title="bbox 1050 800 1805 840">
    <p class='ocr_par' dir='ltr' id='par_1_30' title="bbox 1050 800 1805 840">
     <span class='ocr_line' id='line_1_30' title="bbox 1050 800 1805 840; baseline 0.008 -14"><span class='ocrx_word' id='word_1_179' title='bbox 1050 800 1145 828; x_wconf 86' lang='lat' dir='ltr'>Divina</span> <span class='ocrx_word' id='word_1_180' title='bbox 1160 806 1187 829; x_wconf 88' lang='lat' dir='ltr'>et</span> <span class='ocrx_word' id='word_1_181' title='bbox 1211 801 1332 829; x_wconf 65' lang='lat' dir='ltr'>cwleslia</span> <span class='ocrx_word' id='word_1_182' title='bbox 1352 802 1472 834; x_wconf 84' lang='lat' dir='ltr'>oracula,</span> <span class='ocrx_word' id='word_1_183' title='bbox 1489 803 1521 830; x_wconf 91' lang='lat' dir='ltr'>iis</span> <span class='ocrx_word' id='word_1_184' title='bbox 1540 804 1659 838; x_wconf 85' lang='lat' dir='ltr'>quidem,</span> <span class='ocrx_word' id='word_1_185' title='bbox 1681 806 1726 839; x_wconf 87' lang='lat' dir='ltr'>qui</span> <span class='ocrx_word' id='word_1_186' title='bbox 1746 805 1805 840; x_wconf 89' lang='lat' dir='ltr'>pul-</span> 
     </span>
    </p>
   </div>
   <div class='ocr_carea' id='block_1_31' title="bbox 1014 846 1805 881">
    <p class='ocr_par' dir='ltr' id='par_1_31' title="bbox 1014 846 1805 881">
     <span class='ocr_line' id='line_1_31' title="bbox 1014 846 1805 881; baseline 0.006 -8"><span class='ocrx_word' id='word_1_187' title='bbox 1014 846 1140 874; x_wconf 89' lang='lat' dir='ltr'>chrartnn</span> <span class='ocrx_word' id='word_1_188' title='bbox 1155 854 1246 874; x_wconf 90' lang='lat' dir='ltr'>rerum</span> <span class='ocrx_word' id='word_1_189' title='bbox 1263 847 1372 875; x_wconf 81' lang='lat' dir='ltr'>fastidio</span> <span class='ocrx_word' id='word_1_190' title='bbox 1389 853 1524 881; x_wconf 88' lang='lat' dir='ltr'>tenentur,</span> <span class='ocrx_word' id='word_1_191' title='bbox 1536 849 1632 877; x_wconf 72' lang='lat' dir='ltr'>littera:</span> <span class='ocrx_word' id='word_1_192' title='bbox 1646 851 1732 878; x_wconf 78' lang='lat' dir='ltr'>solum</span> <span class='ocrx_word' id='word_1_193' title='bbox 1744 859 1805 879; x_wconf 78' lang='lat' dir='ltr'>esse</span> 
     </span>
    </p>
   </div>
   <div class='ocr_carea' id='block_1_32' title="bbox 169 889 966 928">
    <p class='ocr_par' dir='ltr' id='par_1_32' title="bbox 169 889 961 927">
     <span class='ocr_line' id='line_1_32' title="bbox 169 889 961 927; baseline 0 -9"><span class='ocrx_word' id='word_1_194' title='bbox 169 891 365 926; x_wconf 83' lang='grc' dir='ltr'>ὑπερκοσμίοις</span> <span class='ocrx_word' id='word_1_195' title='bbox 387 889 458 927; x_wconf 73' lang='grc' dir='ltr'>[καὶ]</span> <span class='ocrx_word' id='word_1_196' title='bbox 475 891 662 926; x_wconf 83' lang='grc' dir='ltr'>φιλοθεάμοσι,</span> <span class='ocrx_word' id='word_1_197' title='bbox 683 891 815 927; x_wconf 83' lang='grc' dir='ltr'>λειμῶνές</span> <span class='ocrx_word' id='word_1_198' title='bbox 836 893 902 919; x_wconf 73' lang='grc' dir='ltr'>εἰσιν</span> <span class='ocrx_word' id='word_1_199' title='bbox 918 893 961 918; x_wconf 82' lang='grc' dir='ltr'>εὐ-</span> 
     </span>
    </p>
   </div>
   <div class='ocr_carea' id='block_1_33' title="bbox 1018 889 1803 928">
    <p class='ocr_par' dir='ltr' id='par_1_33' title="bbox 1018 891 1803 928">
     <span class='ocr_line' id='line_1_33' title="bbox 1018 891 1803 928; baseline 0.009 -11"><span class='ocrx_word' id='word_1_200' title='bbox 1018 891 1158 920; x_wconf 76' lang='lat' dir='ltr'>videntur:</span> <span class='ocrx_word' id='word_1_201' title='bbox 1177 892 1210 919; x_wconf 89' lang='lat' dir='ltr'>iis</span> <span class='ocrx_word' id='word_1_202' title='bbox 1224 897 1327 925; x_wconf 85' lang='lat' dir='ltr'>autem,</span> <span class='ocrx_word' id='word_1_203' title='bbox 1345 894 1389 928; x_wconf 89' lang='lat' dir='ltr'>qui</span> <span class='ocrx_word' id='word_1_204' title='bbox 1406 901 1485 928; x_wconf 83' lang='lat' dir='ltr'>supra</span> <span class='ocrx_word' id='word_1_205' title='bbox 1505 895 1633 922; x_wconf 91' lang='lat' dir='ltr'>mundum</span> <span class='ocrx_word' id='word_1_206' title='bbox 1645 903 1803 924; x_wconf 79' lang='lat' dir='ltr'>assurrexe-</span> 
     </span>
    </p>
   </div>
   <div class='ocr_carea' id='block_1_34' title="bbox 168 936 962 974">
    <p class='ocr_par' dir='ltr' id='par_1_34' title="bbox 168 936 962 974">
     <span class='ocr_line' id='line_1_34' title="bbox 168 936 962 974; baseline 0 -10"><span class='ocrx_word' id='word_1_207' title='bbox 168 937 271 970; x_wconf 82' lang='grc' dir='ltr'>ανθείς,</span> <span class='ocrx_word' id='word_1_208' title='bbox 287 937 380 972; x_wconf 81' lang='grc' dir='ltr'>ὥσπερ</span> <span class='ocrx_word' id='word_1_209' title='bbox 398 936 427 969; x_wconf 76' lang='grc' dir='ltr'>ἐξ</span> <span class='ocrx_word' id='word_1_210' title='bbox 441 937 566 972; x_wconf 79' lang='grc' dir='ltr'>οὐρανίου</span> <span class='ocrx_word' id='word_1_211' title='bbox 591 938 722 974; x_wconf 80' lang='grc' dir='ltr'>νέκταρος</span> <span class='ocrx_word' id='word_1_212' title='bbox 739 937 868 974; x_wconf 84' lang='grc' dir='ltr'>βρύοντες</span> <span class='ocrx_word' id='word_1_213' title='bbox 893 938 962 974; x_wconf 79' lang='grc' dir='ltr'>ἀκη-</span> 
     </span>
    </p>
   </div>
   <div class='ocr_carea' id='block_1_35' title="bbox 172 983 962 1020">
    <p class='ocr_par' dir='ltr' id='par_1_35' title="bbox 172 983 962 1020">
     <span class='ocr_line' id='line_1_35' title="bbox 172 983 962 1020; baseline 0.001 -10"><span class='ocrx_word' id='word_1_214' title='bbox 172 984 264 1019; x_wconf 79' lang='grc' dir='ltr'>ράτοις</span> <span class='ocrx_word' id='word_1_215' title='bbox 278 983 396 1011; x_wconf 81' lang='grc' dir='ltr'>ἄνθεσιν.</span> <span class='ocrx_word' id='word_1_216' title='bbox 419 983 580 1019; x_wconf 82' lang='grc' dir='ltr'>Ἐξαρκοῦσι</span> <span class='ocrx_word' id='word_1_217' title='bbox 607 984 656 1018; x_wconf 80' lang='grc' dir='ltr'>μὲν</span> <span class='ocrx_word' id='word_1_218' title='bbox 681 984 736 1020; x_wconf 82' lang='grc' dir='ltr'>γὰρ</span> <span class='ocrx_word' id='word_1_219' title='bbox 751 985 798 1011; x_wconf 83' lang='grc' dir='ltr'>καὶ</span> <span class='ocrx_word' id='word_1_220' title='bbox 813 984 892 1019; x_wconf 80' lang='grc' dir='ltr'>μόνον</span> <span class='ocrx_word' id='word_1_221' title='bbox 913 986 962 1020; x_wconf 74' lang='grc' dir='ltr'><strong>ρηο</strong></span> 
     </span>
    </p>
   </div>
   <div class='ocr_carea' id='block_1_36' title="bbox 171 1029 962 1065">
    <p class='ocr_par' dir='ltr' id='par_1_36' title="bbox 171 1029 962 1065">
     <span class='ocr_line' id='line_1_36' title="bbox 171 1029 962 1065; baseline 0 -9"><span class='ocrx_word' id='word_1_222' title='bbox 171 1030 264 1062; x_wconf 79' lang='grc' dir='ltr'>θέντες</span> <span class='ocrx_word' id='word_1_223' title='bbox 280 1030 347 1065; x_wconf 72' lang='grc' dir='ltr'>πρὸς</span> <span class='ocrx_word' id='word_1_224' title='bbox 363 1029 510 1065; x_wconf 75' lang='grc' dir='ltr'>ἔκπληξιν·</span> <span class='ocrx_word' id='word_1_225' title='bbox 536 1030 697 1056; x_wconf 79' lang='grc' dir='ltr'>κατανοοῦσι</span> <span class='ocrx_word' id='word_1_226' title='bbox 721 1030 749 1056; x_wconf 74' lang='grc' dir='ltr'>δὲ</span> <span class='ocrx_word' id='word_1_227' title='bbox 772 1030 869 1065; x_wconf 76' lang='grc' dir='ltr'>σχολὴν</span> <span class='ocrx_word' id='word_1_228' title='bbox 887 1031 962 1064; x_wconf 81' lang='grc' dir='ltr'>ἄγειν</span> 
     </span>
    </p>
   </div>
   <div class='ocr_carea' id='block_1_37' title="bbox 170 1076 963 1112">
    <p class='ocr_par' dir='ltr' id='par_1_37' title="bbox 170 1076 963 1112">
     <span class='ocr_line' id='line_1_37' title="bbox 170 1076 963 1112; baseline -0.001 -9"><span class='ocrx_word' id='word_1_229' title='bbox 170 1077 221 1103; x_wconf 73' lang='grc' dir='ltr'>οὐκ</span> <span class='ocrx_word' id='word_1_230' title='bbox 238 1076 440 1110; x_wconf 75' lang='grc' dir='ltr'>ἐπιτρέπουσιν,</span> <span class='ocrx_word' id='word_1_231' title='bbox 462 1076 530 1103; x_wconf 83' lang='grc' dir='ltr'>ἀλλὰ</span> <span class='ocrx_word' id='word_1_232' title='bbox 545 1077 784 1112; x_wconf 75' lang='grc' dir='ltr'>παρασκευάζουσι</span> <span class='ocrx_word' id='word_1_233' title='bbox 806 1078 896 1103; x_wconf 77' lang='grc' dir='ltr'>πᾶσαν</span> <span class='ocrx_word' id='word_1_234' title='bbox 916 1076 963 1111; x_wconf 81' lang='grc' dir='ltr'>τὴν</span> 
     </span>
    </p>
   </div>
   <div class='ocr_carea' id='block_1_38' title="bbox 169 1122 964 1158">
    <p class='ocr_par' dir='ltr' id='par_1_38' title="bbox 169 1122 964 1158">
     <span class='ocr_line' id='line_1_38' title="bbox 169 1122 964 1158; baseline -0.001 -9"><span class='ocrx_word' id='word_1_235' title='bbox 169 1122 266 1157; x_wconf 76' lang='grc' dir='ltr'>νοερὰν</span> <span class='ocrx_word' id='word_1_236' title='bbox 281 1122 406 1157; x_wconf 76' lang='grc' dir='ltr'>αἴσθησιν</span> <span class='ocrx_word' id='word_1_237' title='bbox 420 1122 530 1157; x_wconf 75' lang='grc' dir='ltr'>τρέπειν</span> <span class='ocrx_word' id='word_1_238' title='bbox 548 1123 585 1158; x_wconf 82' lang='lat'>(7)</span> <span class='ocrx_word' id='word_1_239' title='bbox 600 1123 640 1154; x_wconf 77' lang='grc' dir='ltr'>εἰς</span> <span class='ocrx_word' id='word_1_240' title='bbox 662 1123 783 1153; x_wconf 71' lang='grc' dir='ltr'>ἑαυτοὺς,</span> <span class='ocrx_word' id='word_1_241' title='bbox 800 1124 838 1153; x_wconf 73' lang='grc' dir='ltr'>ὡς</span> <span class='ocrx_word' id='word_1_242' title='bbox 854 1122 917 1158; x_wconf 74' lang='grc' dir='ltr'>πρὶν</span> <span class='ocrx_word' id='word_1_243' title='bbox 933 1122 964 1148; x_wconf 82' lang='grc' dir='ltr'>τὸ</span> 
     </span>
    </p>
   </div>
   <div class='ocr_carea' id='block_1_39' title="bbox 170 1168 964 1204">
    <p class='ocr_par' dir='ltr' id='par_1_39' title="bbox 170 1168 964 1204">
     <span class='ocr_line' id='line_1_39' title="bbox 170 1168 964 1204; baseline 0 -10"><span class='ocrx_word' id='word_1_244' title='bbox 170 1169 258 1204; x_wconf 79' lang='grc' dir='ltr'>παρὸν</span> <span class='ocrx_word' id='word_1_245' title='bbox 276 1168 397 1204; x_wconf 76' lang='grc' dir='ltr'>ἀκριϐῶς</span> <span class='ocrx_word' id='word_1_246' title='bbox 412 1168 571 1201; x_wconf 68' lang='grc' dir='ltr'>θεάσασθαι,</span> <span class='ocrx_word' id='word_1_247' title='bbox 595 1169 688 1195; x_wconf 83' lang='grc' dir='ltr'>ποθεῖν</span> <span class='ocrx_word' id='word_1_248' title='bbox 704 1169 734 1195; x_wconf 71' lang='grc' dir='ltr'>τὸ</span> <span class='ocrx_word' id='word_1_249' title='bbox 754 1169 816 1204; x_wconf 76' lang='grc' dir='ltr'>ἑξῆς</span> <span class='ocrx_word' id='word_1_250' title='bbox 828 1177 834 1183; x_wconf 91' lang='grc'>·</span> <span class='ocrx_word' id='word_1_251' title='bbox 854 1169 964 1195; x_wconf 72' lang='grc' dir='ltr'>κάκεῖνο</span> 
     </span>
    </p>
   </div>
   <div class='ocr_carea' id='block_1_40' title="bbox 170 1214 963 1250">
    <p class='ocr_par' dir='ltr' id='par_1_40' title="bbox 170 1214 963 1250">
     <span class='ocr_line' id='line_1_40' title="bbox 170 1214 963 1250; baseline 0 -9"><span class='ocrx_word' id='word_1_252' title='bbox 170 1214 366 1250; x_wconf 74' lang='grc' dir='ltr'>θεασαμένους,</span> <span class='ocrx_word' id='word_1_253' title='bbox 387 1215 455 1250; x_wconf 73' lang='grc' dir='ltr'>ὅπερ</span> <span class='ocrx_word' id='word_1_254' title='bbox 478 1215 610 1241; x_wconf 78' lang='grc' dir='ltr'>ἀπέλιπον</span> <span class='ocrx_word' id='word_1_255' title='bbox 635 1215 736 1250; x_wconf 77' lang='grc' dir='ltr'>ζητεῖν,</span> <span class='ocrx_word' id='word_1_256' title='bbox 765 1216 812 1242; x_wconf 79' lang='grc' dir='ltr'>καὶ</span> <span class='ocrx_word' id='word_1_257' title='bbox 828 1215 856 1241; x_wconf 74' lang='grc' dir='ltr'>τὸ</span> <span class='ocrx_word' id='word_1_258' title='bbox 873 1215 963 1250; x_wconf 85' lang='grc' dir='ltr'>τρίτον</span> 
     </span>
    </p>
   </div>
   <div class='ocr_carea' id='block_1_41' title="bbox 171 1260 963 1296">
    <p class='ocr_par' dir='ltr' id='par_1_41' title="bbox 171 1260 963 1296">
     <span class='ocr_line' id='line_1_41' title="bbox 171 1260 963 1296; baseline 0 -9"><span class='ocrx_word' id='word_1_259' title='bbox 171 1261 288 1292; x_wconf 72' lang='grc' dir='ltr'>ἰδόντας,</span> <span class='ocrx_word' id='word_1_260' title='bbox 306 1261 356 1287; x_wconf 73' lang='grc' dir='ltr'>οὐκ</span> <span class='ocrx_word' id='word_1_261' title='bbox 372 1261 444 1296; x_wconf 81' lang='grc' dir='ltr'>ἔχειν</span> <span class='ocrx_word' id='word_1_262' title='bbox 466 1261 506 1287; x_wconf 80' lang='grc' dir='ltr'>ὅτι</span> <span class='ocrx_word' id='word_1_263' title='bbox 525 1260 721 1296; x_wconf 73' lang='grc' dir='ltr'>θαυμάσωσιν.</span> <span class='ocrx_word' id='word_1_264' title='bbox 747 1261 820 1287; x_wconf 81' lang='grc' dir='ltr'>Εῖσω</span> <span class='ocrx_word' id='word_1_265' title='bbox 845 1261 900 1296; x_wconf 75' lang='grc' dir='ltr'>γὰρ</span> <span class='ocrx_word' id='word_1_266' title='bbox 917 1261 963 1287; x_wconf 84' lang='grc' dir='ltr'>τοῦ</span> 
     </span>
    </p>
   </div>
   <div class='ocr_carea' id='block_1_42' title="bbox 169 1306 965 1343">
    <p class='ocr_par' dir='ltr' id='par_1_42' title="bbox 169 1306 965 1343">
     <span class='ocr_line' id='line_1_42' title="bbox 169 1306 965 1343; baseline -0.001 -9"><span class='ocrx_word' id='word_1_267' title='bbox 169 1307 333 1343; x_wconf 74' lang='grc' dir='ltr'>γράμματος</span> <span class='ocrx_word' id='word_1_268' title='bbox 349 1307 580 1342; x_wconf 81' lang='grc' dir='ltr'>παραπέμποντες</span> <span class='ocrx_word' id='word_1_269' title='bbox 595 1306 640 1333; x_wconf 78' lang='grc' dir='ltr'>τὸν</span> <span class='ocrx_word' id='word_1_270' title='bbox 656 1306 729 1340; x_wconf 77' lang='grc' dir='ltr'>νοῦν,</span> <span class='ocrx_word' id='word_1_271' title='bbox 746 1307 874 1334; x_wconf 80' lang='grc' dir='ltr'>τοσούτου</span> <span class='ocrx_word' id='word_1_272' title='bbox 898 1307 965 1342; x_wconf 84' lang='grc' dir='ltr'>πίμ-</span> 
     </span>
    </p>
   </div>
   <div class='ocr_carea' id='block_1_43' title="bbox 169 1352 965 1388">
    <p class='ocr_par' dir='ltr' id='par_1_43' title="bbox 169 1352 965 1388">
     <span class='ocr_line' id='line_1_43' title="bbox 169 1352 965 1388; baseline 0 -10"><span class='ocrx_word' id='word_1_273' title='bbox 169 1353 288 1379; x_wconf 80' lang='grc' dir='ltr'>πλανται</span> <span class='ocrx_word' id='word_1_274' title='bbox 310 1352 459 1387; x_wconf 73' lang='grc' dir='ltr'>θαύματος,</span> <span class='ocrx_word' id='word_1_275' title='bbox 477 1353 524 1378; x_wconf 80' lang='grc' dir='ltr'>καὶ</span> <span class='ocrx_word' id='word_1_276' title='bbox 545 1353 680 1388; x_wconf 81' lang='grc' dir='ltr'>τοσαύτης</span> <span class='ocrx_word' id='word_1_277' title='bbox 696 1352 863 1388; x_wconf 78' lang='grc' dir='ltr'>πληροῦνται</span> <span class='ocrx_word' id='word_1_278' title='bbox 887 1353 965 1388; x_wconf 78' lang='grc' dir='ltr'>χάρι-</span> 
     </span>
    </p>
   </div>
   <div class='ocr_carea' id='block_1_44' title="bbox 168 1398 965 1434">
    <p class='ocr_par' dir='ltr' id='par_1_44' title="bbox 168 1398 965 1434">
     <span class='ocr_line' id='line_1_44' title="bbox 168 1398 965 1434; baseline 0 -9"><span class='ocrx_word' id='word_1_279' title='bbox 168 1407 227 1431; x_wconf 77' lang='grc' dir='ltr'>τος,</span> <span class='ocrx_word' id='word_1_280' title='bbox 244 1398 313 1425; x_wconf 77' lang='grc' dir='ltr'>ὥστε</span> <span class='ocrx_word' id='word_1_281' title='bbox 328 1399 411 1434; x_wconf 80' lang='grc' dir='ltr'>μηδὲν</span> <span class='ocrx_word' id='word_1_282' title='bbox 426 1399 466 1425; x_wconf 77' lang='grc' dir='ltr'>ἔτι</span> <span class='ocrx_word' id='word_1_283' title='bbox 483 1399 607 1434; x_wconf 82' lang='grc' dir='ltr'>χωρῆσαι</span> <span class='ocrx_word' id='word_1_284' title='bbox 625 1399 679 1425; x_wconf 85' lang='grc' dir='ltr'>τῶν</span> <span class='ocrx_word' id='word_1_285' title='bbox 693 1399 821 1433; x_wconf 75' lang='grc' dir='ltr'>ἐπιγείων</span> <span class='ocrx_word' id='word_1_286' title='bbox 835 1399 965 1434; x_wconf 80' lang='grc' dir='ltr'>πραγμά-</span> 
     </span>
    </p>
   </div>
   <div class='ocr_carea' id='block_1_45' title="bbox 168 1444 964 1480">
    <p class='ocr_par' dir='ltr' id='par_1_45' title="bbox 168 1444 964 1480">
     <span class='ocr_line' id='line_1_45' title="bbox 168 1444 964 1480; baseline -0.001 -9"><span class='ocrx_word' id='word_1_287' title='bbox 168 1454 225 1471; x_wconf 89' lang='grc' dir='ltr'>των</span> <span class='ocrx_word' id='word_1_288' title='bbox 249 1445 387 1478; x_wconf 84' lang='grc' dir='ltr'>δύνασθαι,</span> <span class='ocrx_word' id='word_1_289' title='bbox 407 1445 475 1480; x_wconf 78' lang='grc' dir='ltr'>μηδὲ</span> <span class='ocrx_word' id='word_1_290' title='bbox 499 1444 531 1471; x_wconf 86' lang='grc' dir='ltr'>ἂν</span> <span class='ocrx_word' id='word_1_291' title='bbox 548 1445 637 1472; x_wconf 82' lang='grc' dir='ltr'>πάντα</span> <span class='ocrx_word' id='word_1_292' title='bbox 659 1446 727 1480; x_wconf 73' lang='grc' dir='ltr'>πρὸς</span> <span class='ocrx_word' id='word_1_293' title='bbox 744 1445 841 1476; x_wconf 76' lang='grc' dir='ltr'>αὐτοὺς</span> <span class='ocrx_word' id='word_1_294' title='bbox 861 1445 964 1480; x_wconf 76' lang='grc' dir='ltr'>συῤῥέῃ</span> 
     </span>
    </p>
   </div>
   <div class='ocr_carea' id='block_1_46' title="bbox 168 1488 965 1528">
    <p class='ocr_par' dir='ltr' id='par_1_46' title="bbox 168 1488 965 1528">
     <span class='ocr_line' id='line_1_46' title="bbox 168 1488 965 1528; baseline 0.001 -11"><span class='ocrx_word' id='word_1_295' title='bbox 168 1491 206 1518; x_wconf 73' lang='grc' dir='ltr'>τὰ</span> <span class='ocrx_word' id='word_1_296' title='bbox 224 1492 410 1528; x_wconf 79' lang='grc' dir='ltr'>περιμάχητα,</span> <span class='ocrx_word' id='word_1_297' title='bbox 425 1492 509 1527; x_wconf 77' lang='grc' dir='ltr'>λήθης</span> <span class='ocrx_word' id='word_1_298' title='bbox 526 1488 563 1520; x_wconf 84' lang='grc' dir='ltr'>ὧν</span> <span class='ocrx_word' id='word_1_299' title='bbox 588 1491 720 1527; x_wconf 84' lang='grc' dir='ltr'>πρότερον</span> <span class='ocrx_word' id='word_1_300' title='bbox 741 1491 895 1527; x_wconf 75' lang='grc' dir='ltr'>ἐθαύμαζον</span> <span class='ocrx_word' id='word_1_301' title='bbox 919 1492 965 1518; x_wconf 85' lang='grc' dir='ltr'>ὲκ-</span> 
     </span>
    </p>
   </div>
   <div class='ocr_carea' id='block_1_47' title="bbox 169 1539 334 1573">
    <p class='ocr_par' dir='ltr' id='par_1_47' title="bbox 169 1539 334 1573">
     <span class='ocr_line' id='line_1_47' title="bbox 169 1539 334 1573; baseline 0.006 -9"><span class='ocrx_word' id='word_1_302' title='bbox 169 1539 334 1573; x_wconf 77' lang='grc' dir='ltr'>νικησάσης.</span> 
     </span>
    </p>
   </div>
   <div class='ocr_carea' id='block_1_48' title="bbox 1013 940 1804 976">
    <p class='ocr_par' dir='ltr' id='par_1_48' title="bbox 1013 940 1804 976">
     <span class='ocr_line' id='line_1_48' title="bbox 1013 940 1804 976; baseline 0.003 -11"><span class='ocrx_word' id='word_1_303' title='bbox 1013 942 1087 971; x_wconf 83' lang='grc' dir='ltr'>ιὐιιι,</span> <span class='ocrx_word' id='word_1_304' title='bbox 1098 945 1129 966; x_wconf 89' lang='lat' dir='ltr'>ac</span> <span class='ocrx_word' id='word_1_305' title='bbox 1141 940 1303 972; x_wconf 84' lang='lat' dir='ltr'>spectaculis</span> <span class='ocrx_word' id='word_1_306' title='bbox 1313 941 1439 974; x_wconf 75' lang='lat' dir='ltr'>gaudent,</span> <span class='ocrx_word' id='word_1_307' title='bbox 1453 940 1570 969; x_wconf 88' lang='lat' dir='ltr'>virentes</span> <span class='ocrx_word' id='word_1_308' title='bbox 1583 946 1609 969; x_wconf 92' lang='lat' dir='ltr'>et</span> <span class='ocrx_word' id='word_1_309' title='bbox 1621 944 1721 969; x_wconf 78' lang='lat' dir='ltr'>amceni</span> <span class='ocrx_word' id='word_1_310' title='bbox 1730 950 1804 976; x_wconf 78' lang='lat' dir='ltr'>sum,</span> 
     </span>
    </p>
   </div>
   <div class='ocr_carea' id='block_1_49' title="bbox 1014 985 1805 1021">
    <p class='ocr_par' dir='ltr' id='par_1_49' title="bbox 1014 985 1805 1021">
     <span class='ocr_line' id='line_1_49' title="bbox 1014 985 1805 1021; baseline 0.008 -11"><span class='ocrx_word' id='word_1_311' title='bbox 1014 988 1142 1018; x_wconf 77' lang='lat' dir='ltr'>tanquam</span> <span class='ocrx_word' id='word_1_312' title='bbox 1158 992 1190 1011; x_wconf 79' lang='lat' dir='ltr'>ex</span> <span class='ocrx_word' id='word_1_313' title='bbox 1207 985 1311 1012; x_wconf 72' lang='lat' dir='ltr'>cmlesti</span> <span class='ocrx_word' id='word_1_314' title='bbox 1326 991 1435 1013; x_wconf 81' lang='lat' dir='ltr'>nectare</span> <span class='ocrx_word' id='word_1_315' title='bbox 1450 987 1601 1021; x_wconf 88' lang='lat' dir='ltr'>purissimis</span> <span class='ocrx_word' id='word_1_316' title='bbox 1619 987 1729 1016; x_wconf 84' lang='lat' dir='ltr'>ﬂoribus</span> <span class='ocrx_word' id='word_1_317' title='bbox 1743 996 1805 1016; x_wconf 81' lang='lat' dir='ltr'>sca-</span> 
     </span>
    </p>
   </div>
   <div class='ocr_carea' id='block_1_50' title="bbox 1014 1029 1807 1066">
    <p class='ocr_par' dir='ltr' id='par_1_50' title="bbox 1014 1029 1807 1066">
     <span class='ocr_line' id='line_1_50' title="bbox 1014 1029 1807 1066; baseline 0.006 -10"><span class='ocrx_word' id='word_1_318' title='bbox 1014 1033 1112 1058; x_wconf 83' lang='lat' dir='ltr'>tentes.</span> <span class='ocrx_word' id='word_1_319' title='bbox 1130 1029 1248 1063; x_wconf 78' lang='lat' dir='ltr'>Etenim,</span> <span class='ocrx_word' id='word_1_320' title='bbox 1264 1031 1305 1058; x_wconf 81' lang='lat' dir='ltr'>vel</span> <span class='ocrx_word' id='word_1_321' title='bbox 1337 1033 1509 1065; x_wconf 85' lang='lat' dir='ltr'>pronuntiata</span> <span class='ocrx_word' id='word_1_322' title='bbox 1535 1034 1676 1066; x_wconf 80' lang='lat' dir='ltr'>duntaxat,</span> <span class='ocrx_word' id='word_1_323' title='bbox 1697 1034 1729 1061; x_wconf 88' lang='lat' dir='ltr'>ad</span> <span class='ocrx_word' id='word_1_324' title='bbox 1748 1035 1807 1062; x_wconf 85' lang='lat' dir='ltr'>ani-</span> 
     </span>
    </p>
   </div>
   <div class='ocr_carea' id='block_1_51' title="bbox 1014 1076 1805 1114">
    <p class='ocr_par' dir='ltr' id='par_1_51' title="bbox 1014 1076 1805 1114">
     <span class='ocr_line' id='line_1_51' title="bbox 1014 1076 1805 1114; baseline 0.005 -12"><span class='ocrx_word' id='word_1_325' title='bbox 1014 1083 1072 1103; x_wconf 85' lang='lat' dir='ltr'>mos</span> <span class='ocrx_word' id='word_1_326' title='bbox 1089 1076 1268 1104; x_wconf 79' lang='lat' dir='ltr'>admiratione</span> <span class='ocrx_word' id='word_1_327' title='bbox 1290 1077 1444 1111; x_wconf 80' lang='lat' dir='ltr'>deligendos</span> <span class='ocrx_word' id='word_1_328' title='bbox 1473 1078 1611 1106; x_wconf 82' lang='lat' dir='ltr'>snllieiunt</span> <span class='ocrx_word' id='word_1_329' title='bbox 1626 1088 1632 1106; x_wconf 93' lang='lat'><strong>:</strong></span> <span class='ocrx_word' id='word_1_330' title='bbox 1648 1080 1681 1106; x_wconf 85' lang='lat' dir='ltr'>iis</span> <span class='ocrx_word' id='word_1_331' title='bbox 1704 1085 1805 1114; x_wconf 76' lang='lat' dir='ltr'>autem,</span> 
     </span>
    </p>
   </div>
   <div class='ocr_carea' id='block_1_52' title="bbox 1015 1121 1806 1156">
    <p class='ocr_par' dir='ltr' id='par_1_52' title="bbox 1015 1121 1806 1156">
     <span class='ocr_line' id='line_1_52' title="bbox 1015 1121 1806 1156; baseline 0.006 -9"><span class='ocrx_word' id='word_1_332' title='bbox 1015 1121 1060 1156; x_wconf 86' lang='lat' dir='ltr'>qui</span> <span class='ocrx_word' id='word_1_333' title='bbox 1085 1128 1116 1148; x_wconf 85' lang='lat' dir='ltr'>ea</span> <span class='ocrx_word' id='word_1_334' title='bbox 1143 1122 1316 1149; x_wconf 81' lang='lat' dir='ltr'>considerant</span> <span class='ocrx_word' id='word_1_335' title='bbox 1332 1127 1359 1149; x_wconf 83' lang='lat' dir='ltr'>et</span> <span class='ocrx_word' id='word_1_336' title='bbox 1374 1123 1612 1155; x_wconf 87' lang='lat' dir='ltr'>animadvertunt,</span> <span class='ocrx_word' id='word_1_337' title='bbox 1633 1123 1726 1151; x_wconf 82' lang='lat' dir='ltr'>leriari</span> <span class='ocrx_word' id='word_1_338' title='bbox 1753 1132 1806 1152; x_wconf 92' lang='lat' dir='ltr'>non</span> 
     </span>
    </p>
   </div>
   <div class='ocr_carea' id='block_1_53' title="bbox 1015 1168 1807 1202">
    <p class='ocr_par' dir='ltr' id='par_1_53' title="bbox 1015 1168 1807 1202">
     <span class='ocr_line' id='line_1_53' title="bbox 1015 1168 1807 1202; baseline 0.006 -9"><span class='ocrx_word' id='word_1_339' title='bbox 1015 1168 1175 1202; x_wconf 91' lang='lat' dir='ltr'>permittunt</span> <span class='ocrx_word' id='word_1_340' title='bbox 1197 1177 1204 1195; x_wconf 89' lang='lat'><strong>:</strong></span> <span class='ocrx_word' id='word_1_341' title='bbox 1233 1175 1326 1195; x_wconf 76' lang='lat' dir='ltr'>verum</span> <span class='ocrx_word' id='word_1_342' title='bbox 1348 1169 1399 1196; x_wconf 89' lang='lat' dir='ltr'>hoc</span> <span class='ocrx_word' id='word_1_343' title='bbox 1420 1168 1549 1202; x_wconf 86' lang='lat' dir='ltr'>elliciunt,</span> <span class='ocrx_word' id='word_1_344' title='bbox 1573 1175 1602 1196; x_wconf 93' lang='lat' dir='ltr'>ut</span> <span class='ocrx_word' id='word_1_345' title='bbox 1616 1177 1709 1197; x_wconf 88' lang='lat' dir='ltr'>onmes</span> <span class='ocrx_word' id='word_1_346' title='bbox 1725 1170 1807 1198; x_wconf 87' lang='lat' dir='ltr'>animi</span> 
     </span>
    </p>
   </div>
   <div class='ocr_carea' id='block_1_54' title="bbox 1015 1215 1806 1251">
    <p class='ocr_par' dir='ltr' id='par_1_54' title="bbox 1015 1215 1806 1251">
     <span class='ocr_line' id='line_1_54' title="bbox 1015 1215 1806 1251; baseline 0.003 -11"><span class='ocrx_word' id='word_1_347' title='bbox 1015 1221 1110 1241; x_wconf 87' lang='lat' dir='ltr'>sensus</span> <span class='ocrx_word' id='word_1_348' title='bbox 1124 1215 1157 1241; x_wconf 81' lang='lat' dir='ltr'>ad</span> <span class='ocrx_word' id='word_1_349' title='bbox 1172 1222 1203 1241; x_wconf 86' lang='lat' dir='ltr'>ea</span> <span class='ocrx_word' id='word_1_350' title='bbox 1221 1222 1250 1241; x_wconf 81' lang='lat' dir='ltr'>Se</span> <span class='ocrx_word' id='word_1_351' title='bbox 1275 1221 1434 1242; x_wconf 84' lang='lat' dir='ltr'>convertant</span> <span class='ocrx_word' id='word_1_352' title='bbox 1451 1224 1457 1241; x_wconf 92' lang='lat'><strong>:</strong></span> <span class='ocrx_word' id='word_1_353' title='bbox 1473 1217 1539 1243; x_wconf 90' lang='lat' dir='ltr'>adeo</span> <span class='ocrx_word' id='word_1_354' title='bbox 1553 1221 1580 1243; x_wconf 87' lang='lat' dir='ltr'>ut</span> <span class='ocrx_word' id='word_1_355' title='bbox 1600 1217 1755 1251; x_wconf 85' lang='lat' dir='ltr'>priusquam</span> <span class='ocrx_word' id='word_1_356' title='bbox 1771 1218 1806 1249; x_wconf 84' lang='lat' dir='ltr'>id,</span> 
     </span>
    </p>
   </div>
   <div class='ocr_carea' id='block_1_55' title="bbox 1015 1259 1809 1297">
    <p class='ocr_par' dir='ltr' id='par_1_55' title="bbox 1015 1259 1809 1297">
     <span class='ocr_line' id='line_1_55' title="bbox 1015 1259 1809 1297; baseline 0.005 -12"><span class='ocrx_word' id='word_1_357' title='bbox 1015 1259 1088 1294; x_wconf 83' lang='lat' dir='ltr'>quod</span> <span class='ocrx_word' id='word_1_358' title='bbox 1111 1267 1230 1295; x_wconf 71' lang='lat' dir='ltr'>prtcsens</span> <span class='ocrx_word' id='word_1_359' title='bbox 1248 1264 1299 1293; x_wconf 83' lang='lat' dir='ltr'>est,</span> <span class='ocrx_word' id='word_1_360' title='bbox 1323 1262 1525 1296; x_wconf 79' lang='lat' dir='ltr'>conspexerint,</span> <span class='ocrx_word' id='word_1_361' title='bbox 1543 1262 1568 1288; x_wconf 89' lang='lat' dir='ltr'>id</span> <span class='ocrx_word' id='word_1_362' title='bbox 1593 1263 1664 1296; x_wconf 87' lang='lat' dir='ltr'>quod</span> <span class='ocrx_word' id='word_1_363' title='bbox 1686 1264 1809 1297; x_wconf 85' lang='lat' dir='ltr'>sequitur</span> 
     </span>
    </p>
   </div>
   <div class='ocr_carea' id='block_1_56' title="bbox 1016 1307 1808 1342">
    <p class='ocr_par' dir='ltr' id='par_1_56' title="bbox 1016 1307 1808 1342">
     <span class='ocr_line' id='line_1_56' title="bbox 1016 1307 1808 1342; baseline 0.004 -10"><span class='ocrx_word' id='word_1_364' title='bbox 1016 1310 1144 1339; x_wconf 78' lang='lat' dir='ltr'>expetant</span> <span class='ocrx_word' id='word_1_365' title='bbox 1165 1314 1172 1333; x_wconf 90' lang='lat'><strong>:</strong></span> <span class='ocrx_word' id='word_1_366' title='bbox 1193 1311 1294 1334; x_wconf 85' lang='lat' dir='ltr'>etcum</span> <span class='ocrx_word' id='word_1_367' title='bbox 1313 1307 1377 1334; x_wconf 91' lang='lat' dir='ltr'>illud</span> <span class='ocrx_word' id='word_1_368' title='bbox 1400 1309 1597 1342; x_wconf 77' lang='lat' dir='ltr'>perspexerint,</span> <span class='ocrx_word' id='word_1_369' title='bbox 1613 1309 1638 1334; x_wconf 93' lang='lat' dir='ltr'>id</span> <span class='ocrx_word' id='word_1_370' title='bbox 1658 1308 1729 1342; x_wconf 85' lang='lat' dir='ltr'>quod</span> <span class='ocrx_word' id='word_1_371' title='bbox 1745 1308 1808 1335; x_wconf 90' lang='lat' dir='ltr'>reli-</span> 
     </span>
    </p>
   </div>
   <div class='ocr_carea' id='block_1_57' title="bbox 1016 1352 1809 1388">
    <p class='ocr_par' dir='ltr' id='par_1_57' title="bbox 1016 1352 1809 1388">
     <span class='ocr_line' id='line_1_57' title="bbox 1016 1352 1809 1388; baseline 0.005 -11"><span class='ocrx_word' id='word_1_372' title='bbox 1016 1352 1125 1386; x_wconf 87' lang='lat' dir='ltr'>querint</span> <span class='ocrx_word' id='word_1_373' title='bbox 1139 1358 1260 1386; x_wconf 73' lang='lat' dir='ltr'>quaerant</span> <span class='ocrx_word' id='word_1_374' title='bbox 1277 1361 1283 1378; x_wconf 88' lang='lat'>:</span> <span class='ocrx_word' id='word_1_375' title='bbox 1300 1358 1327 1379; x_wconf 86' lang='lat' dir='ltr'>et</span> <span class='ocrx_word' id='word_1_376' title='bbox 1341 1362 1401 1380; x_wconf 90' lang='lat' dir='ltr'>cum</span> <span class='ocrx_word' id='word_1_377' title='bbox 1415 1354 1441 1380; x_wconf 92' lang='lat' dir='ltr'>id</span> <span class='ocrx_word' id='word_1_378' title='bbox 1457 1355 1528 1388; x_wconf 89' lang='lat' dir='ltr'>quod</span> <span class='ocrx_word' id='word_1_379' title='bbox 1545 1355 1654 1381; x_wconf 86' lang='lat' dir='ltr'>tertium</span> <span class='ocrx_word' id='word_1_380' title='bbox 1670 1359 1721 1386; x_wconf 85' lang='lat' dir='ltr'>est,</span> <span class='ocrx_word' id='word_1_381' title='bbox 1738 1354 1809 1381; x_wconf 82' lang='lat' dir='ltr'>vide-</span> 
     </span>
    </p>
   </div>
   <div class='ocr_carea' id='block_1_58' title="bbox 1017 1398 1807 1432">
    <p class='ocr_par' dir='ltr' id='par_1_58' title="bbox 1017 1398 1807 1432">
     <span class='ocr_line' id='line_1_58' title="bbox 1017 1398 1807 1432; baseline 0.003 -8"><span class='ocrx_word' id='word_1_382' title='bbox 1017 1398 1081 1430; x_wconf 83' lang='lat' dir='ltr'>rint,</span> <span class='ocrx_word' id='word_1_383' title='bbox 1107 1399 1177 1432; x_wconf 89' lang='lat' dir='ltr'>quod</span> <span class='ocrx_word' id='word_1_384' title='bbox 1206 1399 1376 1432; x_wconf 85' lang='lat' dir='ltr'>potissimum</span> <span class='ocrx_word' id='word_1_385' title='bbox 1407 1400 1575 1426; x_wconf 84' lang='lat' dir='ltr'>admirentur</span> <span class='ocrx_word' id='word_1_386' title='bbox 1597 1408 1649 1426; x_wconf 91' lang='lat' dir='ltr'>non</span> <span class='ocrx_word' id='word_1_387' title='bbox 1679 1400 1807 1426; x_wconf 75' lang='lat' dir='ltr'>habeant.</span> 
     </span>
    </p>
   </div>
   <div class='ocr_carea' id='block_1_59' title="bbox 1016 1443 1808 1478">
    <p class='ocr_par' dir='ltr' id='par_1_59' title="bbox 1016 1443 1808 1478">
     <span class='ocr_line' id='line_1_59' title="bbox 1016 1443 1808 1478; baseline 0.001 -7"><span class='ocrx_word' id='word_1_388' title='bbox 1016 1443 1088 1471; x_wconf 85' lang='lat' dir='ltr'>Intra</span> <span class='ocrx_word' id='word_1_389' title='bbox 1106 1445 1178 1471; x_wconf 89' lang='lat' dir='ltr'>enim</span> <span class='ocrx_word' id='word_1_390' title='bbox 1219 1445 1315 1471; x_wconf 69' lang='lat' dir='ltr'>littera:</span> <span class='ocrx_word' id='word_1_391' title='bbox 1339 1445 1488 1478; x_wconf 79' lang='lat' dir='ltr'>penetralia</span> <span class='ocrx_word' id='word_1_392' title='bbox 1517 1451 1636 1473; x_wconf 87' lang='lat' dir='ltr'>mentem</span> <span class='ocrx_word' id='word_1_393' title='bbox 1661 1447 1808 1478; x_wconf 84' lang='lat' dir='ltr'>mittentes,</span> 
     </span>
    </p>
   </div>
   <div class='ocr_carea' id='block_1_60' title="bbox 1017 1489 1811 1524">
    <p class='ocr_par' dir='ltr' id='par_1_60' title="bbox 1017 1489 1811 1524">
     <span class='ocr_line' id='line_1_60' title="bbox 1017 1489 1811 1524; baseline 0 -8"><span class='ocrx_word' id='word_1_394' title='bbox 1017 1494 1092 1516; x_wconf 79' lang='lat' dir='ltr'>tanta</span> <span class='ocrx_word' id='word_1_395' title='bbox 1111 1489 1289 1516; x_wconf 76' lang='lat' dir='ltr'>admiratione</span> <span class='ocrx_word' id='word_1_396' title='bbox 1305 1489 1460 1522; x_wconf 87' lang='lat' dir='ltr'>implentur,</span> <span class='ocrx_word' id='word_1_397' title='bbox 1478 1497 1510 1517; x_wconf 83' lang='lat' dir='ltr'>ac</span> <span class='ocrx_word' id='word_1_398' title='bbox 1531 1495 1603 1517; x_wconf 83' lang='lat' dir='ltr'>tanta</span> <span class='ocrx_word' id='word_1_399' title='bbox 1619 1491 1704 1524; x_wconf 74' lang='lat' dir='ltr'>gratia</span> <span class='ocrx_word' id='word_1_400' title='bbox 1718 1498 1811 1516; x_wconf 80' lang='lat' dir='ltr'>cinno-</span> 
     </span>
    </p>
   </div>
   <div class='ocr_carea' id='block_1_61' title="bbox 1016 1533 1810 1569">
    <p class='ocr_par' dir='ltr' id='par_1_61' title="bbox 1016 1533 1810 1569">
     <span class='ocr_line' id='line_1_61' title="bbox 1016 1533 1810 1569; baseline -0.003 -7"><span class='ocrx_word' id='word_1_401' title='bbox 1016 1536 1116 1567; x_wconf 74' lang='lat' dir='ltr'>lantur,</span> <span class='ocrx_word' id='word_1_402' title='bbox 1127 1533 1218 1568; x_wconf 80' lang='lat' dir='ltr'>utjam</span> <span class='ocrx_word' id='word_1_403' title='bbox 1232 1540 1399 1561; x_wconf 76' lang='lat' dir='ltr'>terrenarum</span> <span class='ocrx_word' id='word_1_404' title='bbox 1415 1542 1503 1561; x_wconf 91' lang='lat' dir='ltr'>rerum</span> <span class='ocrx_word' id='word_1_405' title='bbox 1515 1535 1581 1562; x_wconf 88' lang='lat' dir='ltr'>nihil</span> <span class='ocrx_word' id='word_1_406' title='bbox 1594 1543 1690 1568; x_wconf 78' lang='lat' dir='ltr'>capere</span> <span class='ocrx_word' id='word_1_407' title='bbox 1701 1539 1810 1569; x_wconf 81' lang='lat' dir='ltr'>queant,</span> 
     </span>
    </p>
   </div>
   <div class='ocr_carea' id='block_1_62' title="bbox 171 1581 1812 1619">
    <p class='ocr_par' dir='ltr' id='par_1_62' title="bbox 171 1581 1812 1619">
     <span class='ocr_line' id='line_1_62' title="bbox 171 1581 1812 1619; baseline -0.002 -8"><span class='ocrx_word' id='word_1_408' title='bbox 171 1593 207 1612; x_wconf 87' lang='lat' dir='ltr'>ne</span> <span class='ocrx_word' id='word_1_409' title='bbox 221 1585 244 1611; x_wconf 88' lang='lat' dir='ltr'>si</span> <span class='ocrx_word' id='word_1_410' title='bbox 260 1584 349 1611; x_wconf 84' lang='lat' dir='ltr'>omnia</span> <span class='ocrx_word' id='word_1_411' title='bbox 364 1583 473 1619; x_wconf 89' lang='lat' dir='ltr'>quidem</span> <span class='ocrx_word' id='word_1_412' title='bbox 495 1591 527 1611; x_wconf 86' lang='lat' dir='ltr'>ea</span> <span class='ocrx_word' id='word_1_413' title='bbox 550 1590 609 1618; x_wconf 79' lang='lat' dir='ltr'>quae</span> <span class='ocrx_word' id='word_1_414' title='bbox 639 1583 762 1610; x_wconf 82' lang='lat' dir='ltr'>certatim</span> <span class='ocrx_word' id='word_1_415' title='bbox 793 1583 917 1610; x_wconf 87' lang='lat' dir='ltr'>homines</span> <span class='ocrx_word' id='word_1_416' title='bbox 938 1587 1077 1617; x_wconf 85' lang='lat' dir='ltr'>appetunt,</span> <span class='ocrx_word' id='word_1_417' title='bbox 1115 1581 1149 1608; x_wconf 87' lang='lat' dir='ltr'>ad</span> <span class='ocrx_word' id='word_1_418' title='bbox 1171 1583 1242 1616; x_wconf 86' lang='lat' dir='ltr'>ipsos</span> <span class='ocrx_word' id='word_1_419' title='bbox 1282 1581 1417 1608; x_wconf 84' lang='lat' dir='ltr'>conﬂuant</span> <span class='ocrx_word' id='word_1_420' title='bbox 1437 1589 1444 1608; x_wconf 89' lang='lat'>:</span> <span class='ocrx_word' id='word_1_421' title='bbox 1464 1582 1536 1616; x_wconf 90' lang='lat' dir='ltr'>quod</span> <span class='ocrx_word' id='word_1_422' title='bbox 1570 1581 1696 1609; x_wconf 83' lang='lat' dir='ltr'>videlicet</span> <span class='ocrx_word' id='word_1_423' title='bbox 1717 1589 1812 1609; x_wconf 78' lang='lat' dir='ltr'>earum</span> 
     </span>
    </p>
   </div>
   <div class='ocr_carea' id='block_1_63' title="bbox 170 1627 1333 1664">
    <p class='ocr_par' dir='ltr' id='par_1_63' title="bbox 170 1627 1333 1664">
     <span class='ocr_line' id='line_1_63' title="bbox 170 1627 1333 1664; baseline -0.003 -8"><span class='ocrx_word' id='word_1_424' title='bbox 170 1637 276 1661; x_wconf 84' lang='lat' dir='ltr'>rerum,</span> <span class='ocrx_word' id='word_1_425' title='bbox 301 1637 367 1663; x_wconf 79' lang='lat' dir='ltr'>quas</span> <span class='ocrx_word' id='word_1_426' title='bbox 392 1629 466 1664; x_wconf 87' lang='lat' dir='ltr'>prius</span> <span class='ocrx_word' id='word_1_427' title='bbox 503 1628 681 1655; x_wconf 85' lang='lat' dir='ltr'>admiratione</span> <span class='ocrx_word' id='word_1_428' title='bbox 703 1628 946 1662; x_wconf 84' lang='lat' dir='ltr'>prosequebantur,</span> <span class='ocrx_word' id='word_1_429' title='bbox 966 1627 1066 1654; x_wconf 82' lang='lat' dir='ltr'>oblivio</span> <span class='ocrx_word' id='word_1_430' title='bbox 1079 1627 1174 1654; x_wconf 87' lang='lat' dir='ltr'>victrix</span> <span class='ocrx_word' id='word_1_431' title='bbox 1190 1627 1333 1654; x_wconf 71' lang='lat' dir='ltr'>exstiterit.</span> 
     </span>
    </p>
   </div>
   <div class='ocr_carea' id='block_1_64' title="bbox 275 1682 861 1718">
    <p class='ocr_par' dir='ltr' id='par_1_64' title="bbox 275 1682 861 1718">
     <span class='ocr_line' id='line_1_64' title="bbox 275 1682 861 1718; baseline -0.003 -8"><span class='ocrx_word' id='word_1_432' title='bbox 275 1683 362 1710; x_wconf 85' lang='grc' dir='ltr'>ΤΠΘ¹.</span> <span class='ocrx_word' id='word_1_433' title='bbox 383 1699 419 1706; x_wconf 87' lang='grc'><strong><em>-</em></strong></span> <span class='ocrx_word' id='word_1_434' title='bbox 436 1682 596 1709; x_wconf 84' lang='grc' dir='ltr'>ΔΙΟΓΕΝΕΙ</span> <span class='ocrx_word' id='word_1_435' title='bbox 616 1682 861 1718; x_wconf 70' lang='grc' dir='ltr'>ΜΑΓΙΣΤΡΙΑΝῼ.</span> 
     </span>
    </p>
   </div>
   <div class='ocr_carea' id='block_1_65' title="bbox 170 1727 968 1764">
    <p class='ocr_par' dir='ltr' id='par_1_65' title="bbox 170 1727 968 1764">
     <span class='ocr_line' id='line_1_65' title="bbox 170 1727 968 1764; baseline -0.004 -7"><span class='ocrx_word' id='word_1_436' title='bbox 170 1732 226 1764; x_wconf 75' lang='grc' dir='ltr'>Εἰς</span> <span class='ocrx_word' id='word_1_437' title='bbox 247 1730 280 1757; x_wconf 83' lang='grc' dir='ltr'>τὸ</span> <span class='ocrx_word' id='word_1_438' title='bbox 303 1729 520 1764; x_wconf 77' lang='grc' dir='ltr'>γεγραμμένον,</span> <span class='ocrx_word' id='word_1_439' title='bbox 539 1737 548 1754; x_wconf 87' lang='grc'><em>‹</em></span> <span class='ocrx_word' id='word_1_440' title='bbox 582 1728 652 1755; x_wconf 80' lang='grc' dir='ltr'>Ἐὰν</span> <span class='ocrx_word' id='word_1_441' title='bbox 670 1728 737 1763; x_wconf 75' lang='grc' dir='ltr'>ἴδῃς</span> <span class='ocrx_word' id='word_1_442' title='bbox 752 1728 785 1764; x_wconf 71' lang='grc' dir='ltr'>τὸ</span> <span class='ocrx_word' id='word_1_443' title='bbox 806 1727 968 1762; x_wconf 62' lang='grc' dir='ltr'>ὐποζῖἳγιον</span> 
     </span>
    </p>
   </div>
   <div class='ocr_carea' id='block_1_66' title="bbox 208 1763 967 1800">
    <p class='ocr_par' dir='ltr' id='par_1_66' title="bbox 208 1763 967 1800">
     <span class='ocr_line' id='line_1_66' title="bbox 208 1763 967 1800; baseline -0.004 -8"><span class='ocrx_word' id='word_1_444' title='bbox 208 1763 262 1793; x_wconf 65' lang='grc' dir='ltr'>ἑοῦ</span> <span class='ocrx_word' id='word_1_445' title='bbox 279 1763 462 1800; x_wconf 62' lang='grc' dir='ltr'>ἐχθροῦοου</span> <span class='ocrx_word' id='word_1_446' title='bbox 478 1764 635 1796; x_wconf 73' lang='grc' dir='ltr'>πεπτωκὸς</span> <span class='ocrx_word' id='word_1_447' title='bbox 652 1765 712 1791; x_wconf 79' lang='grc' dir='ltr'>ὑπὸ</span> <span class='ocrx_word' id='word_1_448' title='bbox 732 1763 786 1789; x_wconf 84' lang='grc' dir='ltr'>τὸν</span> <span class='ocrx_word' id='word_1_449' title='bbox 805 1763 908 1797; x_wconf 75' lang='grc' dir='ltr'>γόμον,</span> <span class='ocrx_word' id='word_1_450' title='bbox 931 1764 967 1789; x_wconf 84' lang='grc' dir='ltr'>οὐ</span> 
     </span>
    </p>
   </div>
   <div class='ocr_carea' id='block_1_67' title="bbox 209 1800 720 1834">
    <p class='ocr_par' dir='ltr' id='par_1_67' title="bbox 209 1800 720 1834">
     <span class='ocr_line' id='line_1_67' title="bbox 209 1800 720 1834; baseline -0.008 -6"><span class='ocrx_word' id='word_1_451' title='bbox 209 1803 381 1834; x_wconf 76' lang='grc' dir='ltr'>παρελεύσῃ</span> <span class='ocrx_word' id='word_1_452' title='bbox 402 1800 482 1826; x_wconf 77' lang='grc' dir='ltr'>ἀλλὰ</span> <span class='ocrx_word' id='word_1_453' title='bbox 498 1800 686 1833; x_wconf 61' lang='grc' dir='ltr'>συνεγεφῃς.</span> <span class='ocrx_word' id='word_1_454' title='bbox 712 1807 720 1824; x_wconf 76' lang='grc' dir='ltr'>ι</span> 
     </span>
    </p>
   </div>
   <div class='ocr_carea' id='block_1_68' title="bbox 210 1848 968 1890">
    <p class='ocr_par' dir='ltr' id='par_1_68' title="bbox 210 1848 968 1890">
     <span class='ocr_line' id='line_1_68' title="bbox 210 1848 968 1890; baseline -0.007 -9"><span class='ocrx_word' id='word_1_455' title='bbox 210 1854 265 1881; x_wconf 67' lang='grc' dir='ltr'>Καὶ</span> <span class='ocrx_word' id='word_1_456' title='bbox 288 1855 316 1880; x_wconf 79' lang='grc' dir='ltr'>ἐν</span> <span class='ocrx_word' id='word_1_457' title='bbox 337 1855 371 1890; x_wconf 83' lang='grc' dir='ltr'>τῇ</span> <span class='ocrx_word' id='word_1_458' title='bbox 394 1853 503 1888; x_wconf 84' lang='grc' dir='ltr'>Παλαιᾷ</span> <span class='ocrx_word' id='word_1_459' title='bbox 528 1852 661 1888; x_wconf 79' lang='grc' dir='ltr'>Διαθήκῃ,</span> <span class='ocrx_word' id='word_1_460' title='bbox 680 1848 702 1878; x_wconf 82' lang='grc' dir='ltr'><strong>ὦ</strong></span> <span class='ocrx_word' id='word_1_461' title='bbox 726 1851 801 1885; x_wconf 83' lang='grc' dir='ltr'>σοφὲ,</span> <span class='ocrx_word' id='word_1_462' title='bbox 820 1851 968 1886; x_wconf 78' lang='grc' dir='ltr'>ἐπειδήπερ</span> 
     </span>
    </p>
   </div>
   <div class='ocr_carea' id='block_1_69' title="bbox 173 1895 967 1934">
    <p class='ocr_par' dir='ltr' id='par_1_69' title="bbox 173 1895 967 1934">
     <span class='ocr_line' id='line_1_69' title="bbox 173 1895 967 1934; baseline -0.006 -9"><span class='ocrx_word' id='word_1_463' title='bbox 173 1900 230 1926; x_wconf 83' lang='grc' dir='ltr'>ἀπὸ</span> <span class='ocrx_word' id='word_1_464' title='bbox 252 1899 354 1934; x_wconf 78' lang='grc' dir='ltr'>ταύτης</span> <span class='ocrx_word' id='word_1_465' title='bbox 380 1898 464 1933; x_wconf 84' lang='grc' dir='ltr'>μόνης</span> <span class='ocrx_word' id='word_1_466' title='bbox 484 1899 549 1933; x_wconf 74' lang='grc' dir='ltr'>ἡμῖν</span> <span class='ocrx_word' id='word_1_467' title='bbox 567 1896 689 1931; x_wconf 78' lang='grc' dir='ltr'>διαλέγῃ,</span> <span class='ocrx_word' id='word_1_468' title='bbox 704 1895 753 1931; x_wconf 78' lang='grc' dir='ltr'>τὴν</span> <span class='ocrx_word' id='word_1_469' title='bbox 768 1895 842 1922; x_wconf 83' lang='grc' dir='ltr'>Νέαν</span> <span class='ocrx_word' id='word_1_470' title='bbox 859 1896 967 1930; x_wconf 74' lang='grc' dir='ltr'>παρεὶς,</span> 
     </span>
    </p>
   </div>
   <div class='ocr_carea' id='block_1_70' title="bbox 172 1941 969 1981">
    <p class='ocr_par' dir='ltr' id='par_1_70' title="bbox 172 1941 969 1981">
     <span class='ocr_line' id='line_1_70' title="bbox 172 1941 969 1981; baseline -0.006 -9"><span class='ocrx_word' id='word_1_471' title='bbox 172 1947 203 1972; x_wconf 70' lang='grc' dir='ltr'>εἶ’</span> <span class='ocrx_word' id='word_1_472' title='bbox 222 1946 269 1972; x_wconf 76' lang='grc' dir='ltr'>καὶ</span> <span class='ocrx_word' id='word_1_473' title='bbox 287 1945 325 1981; x_wconf 82' lang='grc'>(8)</span> <span class='ocrx_word' id='word_1_474' title='bbox 349 1945 387 1980; x_wconf 83' lang='grc' dir='ltr'>μὴ</span> <span class='ocrx_word' id='word_1_475' title='bbox 408 1943 533 1979; x_wconf 77' lang='grc' dir='ltr'>φανερῶς</span> <span class='ocrx_word' id='word_1_476' title='bbox 551 1943 617 1978; x_wconf 80' lang='grc' dir='ltr'>μηδὲ</span> <span class='ocrx_word' id='word_1_477' title='bbox 633 1942 792 1979; x_wconf 67' lang='grc' dir='ltr'>διαρρήδην,</span> <span class='ocrx_word' id='word_1_478' title='bbox 811 1941 867 1968; x_wconf 79' lang='grc' dir='ltr'>ἀλλ’</span> <span class='ocrx_word' id='word_1_479' title='bbox 882 1943 969 1975; x_wconf 65' lang='grc' dir='ltr'>αἰνιγη</span> 
     </span>
    </p>
   </div>
   <div class='ocr_carea' id='block_1_71' title="bbox 174 1987 967 2028">
    <p class='ocr_par' dir='ltr' id='par_1_71' title="bbox 174 1987 967 2028">
     <span class='ocr_line' id='line_1_71' title="bbox 174 1987 967 2028; baseline -0.006 -10"><span class='ocrx_word' id='word_1_480' title='bbox 174 1991 308 2028; x_wconf 79' lang='grc' dir='ltr'>ματωδῶς</span> <span class='ocrx_word' id='word_1_481' title='bbox 330 1992 396 2026; x_wconf 76' lang='grc' dir='ltr'>ἡμῖν</span> <span class='ocrx_word' id='word_1_482' title='bbox 430 1989 624 2024; x_wconf 75' lang='grc' dir='ltr'>ἐνομοθέτησεν</span> <span class='ocrx_word' id='word_1_483' title='bbox 646 1989 663 2024; x_wconf 85' lang='grc' dir='ltr'>ἡ</span> <span class='ocrx_word' id='word_1_484' title='bbox 687 1988 850 2024; x_wconf 82' lang='grc' dir='ltr'>ὴμερωτάτη</span> <span class='ocrx_word' id='word_1_485' title='bbox 877 1987 967 2021; x_wconf 73' lang='grc' dir='ltr'>φύσις,</span> 
     </span>
    </p>
   </div>
   <div class='ocr_carea' id='block_1_72' title="bbox 173 2033 969 2071">
    <p class='ocr_par' dir='ltr' id='par_1_72' title="bbox 173 2033 969 2071">
     <span class='ocr_line' id='line_1_72' title="bbox 173 2033 969 2071; baseline -0.008 -6"><span class='ocrx_word' id='word_1_486' title='bbox 173 2037 406 2065; x_wconf 72' lang='grc' dir='ltr'>καταλλάττεσθαι</span> <span class='ocrx_word' id='word_1_487' title='bbox 424 2036 463 2071; x_wconf 85' lang='grc' dir='ltr'>τῷ</span> <span class='ocrx_word' id='word_1_488' title='bbox 487 2035 586 2071; x_wconf 73' lang='grc' dir='ltr'>ἐχθρῷ,</span> <span class='ocrx_word' id='word_1_489' title='bbox 604 2035 732 2070; x_wconf 87' lang='grc' dir='ltr'>φήσασα·</span> <span class='ocrx_word' id='word_1_490' title='bbox 754 2044 763 2060; x_wconf 86' lang='grc'><strong><em>‹</em></strong></span> <span class='ocrx_word' id='word_1_491' title='bbox 790 2034 852 2060; x_wconf 76' lang='grc' dir='ltr'>Ἐὰν</span> <span class='ocrx_word' id='word_1_492' title='bbox 869 2034 925 2068; x_wconf 77' lang='grc' dir='ltr'>ἴδῃς</span> <span class='ocrx_word' id='word_1_493' title='bbox 940 2033 969 2060; x_wconf 78' lang='grc' dir='ltr'>τὸ</span> 
     </span>
    </p>
   </div>
   <div class='ocr_carea' id='block_1_73' title="bbox 175 2080 968 2118">
    <p class='ocr_par' dir='ltr' id='par_1_73' title="bbox 175 2080 968 2118">
     <span class='ocr_line' id='line_1_73' title="bbox 175 2080 968 2118; baseline -0.006 -7"><span class='ocrx_word' id='word_1_494' title='bbox 175 2084 327 2118; x_wconf 72' lang='grc' dir='ltr'>ὑποζύγιον</span> <span class='ocrx_word' id='word_1_495' title='bbox 337 2083 383 2110; x_wconf 82' lang='grc' dir='ltr'>τοῦ</span> <span class='ocrx_word' id='word_1_496' title='bbox 401 2082 498 2118; x_wconf 80' lang='grc' dir='ltr'>ὲχθροῦ</span> <span class='ocrx_word' id='word_1_497' title='bbox 517 2090 562 2108; x_wconf 90' lang='grc' dir='ltr'>σου</span> <span class='ocrx_word' id='word_1_498' title='bbox 580 2081 723 2112; x_wconf 79' lang='grc' dir='ltr'>πεπτωκὸς</span> <span class='ocrx_word' id='word_1_499' title='bbox 741 2081 793 2107; x_wconf 83' lang='grc' dir='ltr'>ὑπὸ</span> <span class='ocrx_word' id='word_1_500' title='bbox 811 2080 856 2107; x_wconf 79' lang='grc' dir='ltr'>τὸν</span> <span class='ocrx_word' id='word_1_501' title='bbox 874 2080 968 2115; x_wconf 83' lang='grc' dir='ltr'>γόμον,</span> 
     </span>
    </p>
   </div>
   <div class='ocr_carea' id='block_1_74' title="bbox 173 2126 971 2165">
    <p class='ocr_par' dir='ltr' id='par_1_74' title="bbox 173 2126 971 2165">
     <span class='ocr_line' id='line_1_74' title="bbox 173 2126 971 2165; baseline -0.008 -8"><span class='ocrx_word' id='word_1_502' title='bbox 173 2132 205 2157; x_wconf 71' lang='grc' dir='ltr'>οὐ</span> <span class='ocrx_word' id='word_1_503' title='bbox 222 2130 390 2165; x_wconf 75' lang='grc' dir='ltr'>παρελεύσῃ,</span> <span class='ocrx_word' id='word_1_504' title='bbox 416 2129 484 2155; x_wconf 84' lang='grc' dir='ltr'>ἀλλὰ</span> <span class='ocrx_word' id='word_1_505' title='bbox 501 2128 661 2163; x_wconf 80' lang='grc' dir='ltr'>συνεγείρῃς</span> <span class='ocrx_word' id='word_1_506' title='bbox 689 2126 765 2154; x_wconf 81' lang='grc' dir='ltr'>αὐτό.</span> <span class='ocrx_word' id='word_1_507' title='bbox 790 2135 799 2151; x_wconf 77' lang='grc' dir='ltr'>ι</span> <span class='ocrx_word' id='word_1_508' title='bbox 823 2127 854 2152; x_wconf 81' lang='lat' dir='ltr'>El</span> <span class='ocrx_word' id='word_1_509' title='bbox 869 2127 898 2152; x_wconf 78' lang='grc' dir='ltr'>δὲ</span> <span class='ocrx_word' id='word_1_510' title='bbox 921 2126 971 2152; x_wconf 79' lang='grc' dir='ltr'>οὐκ</span> 
     </span>
    </p>
   </div>
   <div class='ocr_carea' id='block_1_75' title="bbox 173 2171 971 2212">
    <p class='ocr_par' dir='ltr' id='par_1_75' title="bbox 173 2171 971 2212">
     <span class='ocr_line' id='line_1_75' title="bbox 173 2171 971 2212; baseline -0.006 -9"><span class='ocrx_word' id='word_1_511' title='bbox 173 2178 275 2212; x_wconf 73' lang='grc' dir='ltr'>ὲφικνῇ</span> <span class='ocrx_word' id='word_1_512' title='bbox 289 2176 411 2203; x_wconf 74' lang='grc' dir='ltr'>ἀτενίσαι</span> <span class='ocrx_word' id='word_1_513' title='bbox 427 2175 494 2211; x_wconf 79' lang='grc' dir='ltr'>πρὸς</span> <span class='ocrx_word' id='word_1_514' title='bbox 510 2175 540 2201; x_wconf 81' lang='grc' dir='ltr'>τὸ</span> <span class='ocrx_word' id='word_1_515' title='bbox 555 2174 635 2209; x_wconf 77' lang='grc' dir='ltr'>βάθος</span> <span class='ocrx_word' id='word_1_516' title='bbox 649 2173 695 2200; x_wconf 86' lang='grc' dir='ltr'>τοῦ</span> <span class='ocrx_word' id='word_1_517' title='bbox 709 2172 846 2208; x_wconf 80' lang='grc' dir='ltr'>χρησμοῦ,</span> <span class='ocrx_word' id='word_1_518' title='bbox 861 2171 916 2207; x_wconf 79' lang='grc' dir='ltr'>ἐγώ</span> <span class='ocrx_word' id='word_1_519' title='bbox 929 2180 971 2198; x_wconf 84' lang='grc' dir='ltr'>σοι</span> 
     </span>
    </p>
   </div>
   <div class='ocr_carea' id='block_1_76' title="bbox 174 2219 971 2258">
    <p class='ocr_par' dir='ltr' id='par_1_76' title="bbox 174 2219 971 2258">
     <span class='ocr_line' id='line_1_76' title="bbox 174 2219 971 2258; baseline -0.006 -8"><span class='ocrx_word' id='word_1_520' title='bbox 174 2223 271 2250; x_wconf 63' lang='grc' dir='ltr'>τοῦτον</span> <span class='ocrx_word' id='word_1_521' title='bbox 291 2221 471 2258; x_wconf 79' lang='grc' dir='ltr'>ἑρμηνεῦσαι,</span> <span class='ocrx_word' id='word_1_522' title='bbox 487 2221 593 2248; x_wconf 76' lang='grc' dir='ltr'>καὶτοῦ</span> <span class='ocrx_word' id='word_1_523' title='bbox 609 2219 753 2254; x_wconf 77' lang='grc' dir='ltr'>νομοθέτου</span> <span class='ocrx_word' id='word_1_524' title='bbox 770 2219 920 2251; x_wconf 76' lang='grc' dir='ltr'>ἀναπτύξαι</span> <span class='ocrx_word' id='word_1_525' title='bbox 941 2219 971 2245; x_wconf 82' lang='grc' dir='ltr'>τὸ</span> 
     </span>
    </p>
   </div>
   <div class='ocr_carea' id='block_1_77' title="bbox 175 2265 970 2305">
    <p class='ocr_par' dir='ltr' id='par_1_77' title="bbox 175 2265 970 2305">
     <span class='ocr_line' id='line_1_77' title="bbox 175 2265 970 2305; baseline -0.006 -10"><span class='ocrx_word' id='word_1_526' title='bbox 175 2269 304 2305; x_wconf 77' lang='grc' dir='ltr'>βούλημα</span> <span class='ocrx_word' id='word_1_527' title='bbox 331 2268 507 2303; x_wconf 84' lang='grc' dir='ltr'>πειράσομαι.</span> <span class='ocrx_word' id='word_1_528' title='bbox 536 2267 573 2294; x_wconf 75' lang='grc' dir='ltr'>Οὐ</span> <span class='ocrx_word' id='word_1_529' title='bbox 596 2266 651 2301; x_wconf 76' lang='grc' dir='ltr'>γὰρ</span> <span class='ocrx_word' id='word_1_530' title='bbox 677 2265 725 2291; x_wconf 80' lang='grc' dir='ltr'>τοῦ</span> <span class='ocrx_word' id='word_1_531' title='bbox 750 2265 819 2296; x_wconf 80' lang='grc' dir='ltr'>ζώου</span> <span class='ocrx_word' id='word_1_532' title='bbox 844 2265 970 2291; x_wconf 86' lang='grc' dir='ltr'>τοσοῦτον</span> 
     </span>
    </p>
   </div>
   <div class='ocr_carea' id='block_1_78' title="bbox 176 2310 971 2350">
    <p class='ocr_par' dir='ltr' id='par_1_78' title="bbox 176 2310 971 2350">
     <span class='ocr_line' id='line_1_78' title="bbox 176 2310 971 2350; baseline -0.006 -9"><span class='ocrx_word' id='word_1_533' title='bbox 176 2315 338 2350; x_wconf 66' lang='grc' dir='ltr'>κηδόμενος,</span> <span class='ocrx_word' id='word_1_534' title='bbox 354 2314 410 2340; x_wconf 84' lang='grc' dir='ltr'>ἀλλ’</span> <span class='ocrx_word' id='word_1_535' title='bbox 425 2314 514 2340; x_wconf 78' lang='grc' dir='ltr'>αὐτῶν</span> <span class='ocrx_word' id='word_1_536' title='bbox 528 2313 610 2340; x_wconf 71' lang='grc' dir='ltr'>ἕνεκα</span> <span class='ocrx_word' id='word_1_537' title='bbox 623 2312 741 2348; x_wconf 82' lang='grc' dir='ltr'>μάλιστα</span> <span class='ocrx_word' id='word_1_538' title='bbox 752 2311 806 2337; x_wconf 82' lang='grc' dir='ltr'>τῶν</span> <span class='ocrx_word' id='word_1_539' title='bbox 820 2310 971 2346; x_wconf 80' lang='grc' dir='ltr'>ἀνθρώπων</span> 
     </span>
    </p>
   </div>
   <div class='ocr_carea' id='block_1_79' title="bbox 1073 1680 1754 1710">
    <p class='ocr_par' dir='ltr' id='par_1_79' title="bbox 1073 1680 1754 1710">
     <span class='ocr_line' id='line_1_79' title="bbox 1073 1680 1754 1710; baseline 0.001 -1"><span class='ocrx_word' id='word_1_540' title='bbox 1073 1681 1283 1709; x_wconf 73' lang='lat' dir='ltr'>CCCLXXXIX.</span> <span class='ocrx_word' id='word_1_541' title='bbox 1297 1695 1333 1702; x_wconf 90' lang='lat'><strong>—</strong></span> <span class='ocrx_word' id='word_1_542' title='bbox 1349 1680 1485 1708; x_wconf 76' lang='lat' dir='ltr'>DlOGENl</span> <span class='ocrx_word' id='word_1_543' title='bbox 1506 1681 1754 1710; x_wconf 72' lang='lat' dir='ltr'>MAGISTBIANO.</span> 
     </span>
    </p>
   </div>
   <div class='ocr_carea' id='block_1_80' title="bbox 1021 1725 1810 1758">
    <p class='ocr_par' dir='ltr' id='par_1_80' title="bbox 1021 1725 1810 1758">
     <span class='ocr_line' id='line_1_80' title="bbox 1021 1725 1810 1758; baseline 0.003 -6"><span class='ocrx_word' id='word_1_544' title='bbox 1021 1725 1053 1752; x_wconf 87' lang='lat' dir='ltr'>In</span> <span class='ocrx_word' id='word_1_545' title='bbox 1071 1726 1150 1757; x_wconf 80' lang='lat' dir='ltr'>illud,</span> <span class='ocrx_word' id='word_1_546' title='bbox 1178 1734 1186 1750; x_wconf 81' lang='grc' dir='ltr'>ι</span> <span class='ocrx_word' id='word_1_547' title='bbox 1205 1725 1235 1752; x_wconf 82' lang='lat' dir='ltr'>Si</span> <span class='ocrx_word' id='word_1_548' title='bbox 1252 1726 1501 1758; x_wconf 79' lang='lat' dir='ltr'>viderisjumentum</span> <span class='ocrx_word' id='word_1_549' title='bbox 1515 1726 1616 1752; x_wconf 81' lang='lat' dir='ltr'>inimici</span> <span class='ocrx_word' id='word_1_550' title='bbox 1630 1727 1753 1754; x_wconf 68' lang='lat' dir='ltr'>recidisse</span> <span class='ocrx_word' id='word_1_551' title='bbox 1765 1729 1810 1754; x_wconf 67' lang='lat' dir='ltr'>sub</span> 
     </span>
    </p>
   </div>
   <div class='ocr_carea' id='block_1_81' title="bbox 1056 1761 1703 1795">
    <p class='ocr_par' dir='ltr' id='par_1_81' title="bbox 1056 1761 1703 1795">
     <span class='ocr_line' id='line_1_81' title="bbox 1056 1761 1703 1795; baseline 0.003 -9"><span class='ocrx_word' id='word_1_552' title='bbox 1056 1761 1364 1794; x_wconf 73' lang='lat' dir='ltr'>onus,nonprw1eribis,</span> <span class='ocrx_word' id='word_1_553' title='bbox 1378 1764 1421 1787; x_wconf 71' lang='lat' dir='ltr'>sed</span> <span class='ocrx_word' id='word_1_554' title='bbox 1438 1762 1520 1795; x_wconf 70' lang='lat' dir='ltr'>erigas</span> <span class='ocrx_word' id='word_1_555' title='bbox 1536 1761 1621 1794; x_wconf 78' lang='lat' dir='ltr'>ipsum</span> <span class='ocrx_word' id='word_1_556' title='bbox 1638 1761 1671 1787; x_wconf 73' lang='grc' dir='ltr'>⁸ο.</span> <span class='ocrx_word' id='word_1_557' title='bbox 1693 1771 1703 1788; x_wconf 73' lang='grc' dir='ltr'>ι</span> 
     </span>
    </p>
   </div>
   <div class='ocr_carea' id='block_1_82' title="bbox 1058 1847 1813 1886">
    <p class='ocr_par' dir='ltr' id='par_1_82' title="bbox 1058 1847 1813 1886">
     <span class='ocr_line' id='line_1_82' title="bbox 1058 1847 1813 1886; baseline 0.001 -10"><span class='ocrx_word' id='word_1_558' title='bbox 1058 1850 1089 1876; x_wconf 83' lang='lat' dir='ltr'>Et</span> <span class='ocrx_word' id='word_1_559' title='bbox 1106 1849 1130 1876; x_wconf 93' lang='lat' dir='ltr'>in</span> <span class='ocrx_word' id='word_1_560' title='bbox 1144 1847 1234 1877; x_wconf 75' lang='lat' dir='ltr'>Veteri</span> <span class='ocrx_word' id='word_1_561' title='bbox 1250 1857 1356 1884; x_wconf 88' lang='lat' dir='ltr'>quoque</span> <span class='ocrx_word' id='word_1_562' title='bbox 1371 1848 1554 1882; x_wconf 80' lang='lat' dir='ltr'>Testamento,</span> <span class='ocrx_word' id='word_1_563' title='bbox 1570 1849 1611 1876; x_wconf 84' lang='lat' dir='ltr'>vir</span> <span class='ocrx_word' id='word_1_564' title='bbox 1622 1849 1813 1886; x_wconf 86' lang='lat' dir='ltr'>crudite(quo-</span> 
     </span>
    </p>
   </div>
   <div class='ocr_carea' id='block_1_83' title="bbox 1022 1895 1812 1930">
    <p class='ocr_par' dir='ltr' id='par_1_83' title="bbox 1022 1895 1812 1930">
     <span class='ocr_line' id='line_1_83' title="bbox 1022 1895 1812 1930; baseline 0.001 -8"><span class='ocrx_word' id='word_1_565' title='bbox 1022 1895 1096 1922; x_wconf 86' lang='lat' dir='ltr'>niam</span> <span class='ocrx_word' id='word_1_566' title='bbox 1114 1897 1146 1922; x_wconf 89' lang='lat' dir='ltr'>ab</span> <span class='ocrx_word' id='word_1_567' title='bbox 1159 1903 1191 1922; x_wconf 88' lang='lat' dir='ltr'>eo</span> <span class='ocrx_word' id='word_1_568' title='bbox 1206 1898 1338 1922; x_wconf 79' lang='lat' dir='ltr'>duntaxat</span> <span class='ocrx_word' id='word_1_569' title='bbox 1351 1895 1490 1922; x_wconf 78' lang='lat' dir='ltr'>nobiseum</span> <span class='ocrx_word' id='word_1_570' title='bbox 1508 1896 1638 1929; x_wconf 86' lang='lat' dir='ltr'>disputas,</span> <span class='ocrx_word' id='word_1_571' title='bbox 1655 1895 1729 1922; x_wconf 85' lang='lat' dir='ltr'>Novo</span> <span class='ocrx_word' id='word_1_572' title='bbox 1744 1903 1812 1930; x_wconf 72' lang='lat' dir='ltr'>pne-</span> 
     </span>
    </p>
   </div>
   <div class='ocr_carea' id='block_1_84' title="bbox 1024 1940 1815 1977">
    <p class='ocr_par' dir='ltr' id='par_1_84' title="bbox 1024 1940 1815 1977">
     <span class='ocr_line' id='line_1_84' title="bbox 1024 1940 1815 1977; baseline -0.001 -8"><span class='ocrx_word' id='word_1_573' title='bbox 1024 1943 1202 1977; x_wconf 88' lang='lat' dir='ltr'>termisso),si</span> <span class='ocrx_word' id='word_1_574' title='bbox 1215 1950 1267 1968; x_wconf 87' lang='lat' dir='ltr'>non</span> <span class='ocrx_word' id='word_1_575' title='bbox 1279 1947 1408 1976; x_wconf 86' lang='lat' dir='ltr'>aperteac</span> <span class='ocrx_word' id='word_1_576' title='bbox 1420 1940 1612 1976; x_wconf 67' lang='lat' dir='ltr'>disertism5</span> <span class='ocrx_word' id='word_1_577' title='bbox 1622 1942 1721 1974; x_wconf 77' lang='lat' dir='ltr'>verbis,</span> <span class='ocrx_word' id='word_1_578' title='bbox 1729 1948 1756 1968; x_wconf 88' lang='lat' dir='ltr'>at</span> <span class='ocrx_word' id='word_1_579' title='bbox 1769 1943 1815 1969; x_wconf 86' lang='lat' dir='ltr'>oh-</span> 
     </span>
    </p>
   </div>
   <div class='ocr_carea' id='block_1_85' title="bbox 1023 1986 1812 2020">
    <p class='ocr_par' dir='ltr' id='par_1_85' title="bbox 1023 1986 1812 2020">
     <span class='ocr_line' id='line_1_85' title="bbox 1023 1986 1812 2020; baseline -0.004 -5"><span class='ocrx_word' id='word_1_580' title='bbox 1023 1995 1101 2015; x_wconf 88' lang='lat' dir='ltr'>scure</span> <span class='ocrx_word' id='word_1_581' title='bbox 1112 1988 1218 2020; x_wconf 81' lang='lat' dir='ltr'>saltem,</span> <span class='ocrx_word' id='word_1_582' title='bbox 1231 1987 1307 2013; x_wconf 91' lang='lat' dir='ltr'>nobis</span> <span class='ocrx_word' id='word_1_583' title='bbox 1322 1986 1538 2014; x_wconf 76' lang='lat' dir='ltr'>mansuetissima</span> <span class='ocrx_word' id='word_1_584' title='bbox 1547 1988 1588 2013; x_wconf 77' lang='lat' dir='ltr'>illa</span> <span class='ocrx_word' id='word_1_585' title='bbox 1597 1992 1703 2019; x_wconf 78' lang='lat' dir='ltr'>natura,</span> <span class='ocrx_word' id='word_1_586' title='bbox 1714 1991 1742 2013; x_wconf 88' lang='lat' dir='ltr'>ut</span> <span class='ocrx_word' id='word_1_587' title='bbox 1753 1994 1812 2014; x_wconf 83' lang='lat' dir='ltr'>c&#39;nn</span> 
     </span>
    </p>
   </div>
   <div class='ocr_carea' id='block_1_86' title="bbox 1023 2031 1815 2067">
    <p class='ocr_par' dir='ltr' id='par_1_86' title="bbox 1023 2031 1815 2067">
     <span class='ocr_line' id='line_1_86' title="bbox 1023 2031 1815 2067; baseline -0.001 -9"><span class='ocrx_word' id='word_1_588' title='bbox 1023 2033 1132 2059; x_wconf 90' lang='lat' dir='ltr'>inimico</span> <span class='ocrx_word' id='word_1_589' title='bbox 1149 2033 1174 2059; x_wconf 91' lang='lat' dir='ltr'>in</span> <span class='ocrx_word' id='word_1_590' title='bbox 1188 2032 1304 2067; x_wconf 75' lang='lat' dir='ltr'>gratiam</span> <span class='ocrx_word' id='word_1_591' title='bbox 1326 2031 1467 2057; x_wconf 82' lang='lat' dir='ltr'>redeamus</span> <span class='ocrx_word' id='word_1_592' title='bbox 1483 2031 1658 2065; x_wconf 71' lang='lat' dir='ltr'>praescripsit,</span> <span class='ocrx_word' id='word_1_593' title='bbox 1672 2032 1713 2057; x_wconf 85' lang='lat' dir='ltr'>his</span> <span class='ocrx_word' id='word_1_594' title='bbox 1724 2031 1815 2058; x_wconf 85' lang='lat' dir='ltr'>verbis</span> 
     </span>
    </p>
   </div>
   <div class='ocr_carea' id='block_1_87' title="bbox 1024 2076 1814 2110">
    <p class='ocr_par' dir='ltr' id='par_1_87' title="bbox 1024 2076 1814 2110">
     <span class='ocr_line' id='line_1_87' title="bbox 1024 2076 1814 2110; baseline -0.001 -6"><span class='ocrx_word' id='word_1_595' title='bbox 1024 2082 1121 2105; x_wconf 86' lang='lat' dir='ltr'>utens:</span> <span class='ocrx_word' id='word_1_596' title='bbox 1136 2086 1145 2102; x_wconf 82' lang='grc' dir='ltr'>ι</span> <span class='ocrx_word' id='word_1_597' title='bbox 1166 2077 1196 2104; x_wconf 87' lang='lat' dir='ltr'>Si</span> <span class='ocrx_word' id='word_1_598' title='bbox 1217 2077 1316 2103; x_wconf 88' lang='lat' dir='ltr'>videris</span> <span class='ocrx_word' id='word_1_599' title='bbox 1338 2076 1490 2110; x_wconf 86' lang='lat' dir='ltr'>jumentum</span> <span class='ocrx_word' id='word_1_600' title='bbox 1525 2076 1629 2103; x_wconf 82' lang='lat' dir='ltr'>inimici</span> <span class='ocrx_word' id='word_1_601' title='bbox 1653 2076 1691 2102; x_wconf 92' lang='lat' dir='ltr'>tui</span> <span class='ocrx_word' id='word_1_602' title='bbox 1722 2076 1814 2110; x_wconf 83' lang='lat' dir='ltr'>prola-</span> 
     </span>
    </p>
   </div>
   <div class='ocr_carea' id='block_1_88' title="bbox 1027 2122 1815 2159">
    <p class='ocr_par' dir='ltr' id='par_1_88' title="bbox 1027 2122 1815 2159">
     <span class='ocr_line' id='line_1_88' title="bbox 1027 2122 1815 2159; baseline -0.003 -9"><span class='ocrx_word' id='word_1_603' title='bbox 1027 2132 1104 2159; x_wconf 86' lang='lat' dir='ltr'>psum</span> <span class='ocrx_word' id='word_1_604' title='bbox 1138 2123 1164 2150; x_wconf 90' lang='lat' dir='ltr'>in</span> <span class='ocrx_word' id='word_1_605' title='bbox 1186 2122 1303 2154; x_wconf 80' lang='lat' dir='ltr'>foveam,</span> <span class='ocrx_word' id='word_1_606' title='bbox 1322 2130 1376 2148; x_wconf 89' lang='lat' dir='ltr'>non</span> <span class='ocrx_word' id='word_1_607' title='bbox 1409 2122 1604 2157; x_wconf 81' lang='lat' dir='ltr'>pertransibis,</span> <span class='ocrx_word' id='word_1_608' title='bbox 1640 2123 1687 2148; x_wconf 87' lang='lat' dir='ltr'>sed</span> <span class='ocrx_word' id='word_1_609' title='bbox 1726 2123 1815 2156; x_wconf 75' lang='lat' dir='ltr'>eriges</span> 
     </span>
    </p>
   </div>
   <div class='ocr_carea' id='block_1_89' title="bbox 1025 2167 1816 2206">
    <p class='ocr_par' dir='ltr' id='par_1_89' title="bbox 1025 2167 1816 2206">
     <span class='ocr_line' id='line_1_89' title="bbox 1025 2167 1816 2206; baseline -0.004 -9"><span class='ocrx_word' id='word_1_610' title='bbox 1025 2171 1112 2206; x_wconf 87' lang='lat' dir='ltr'>ipsum</span> <span class='ocrx_word' id='word_1_611' title='bbox 1130 2169 1163 2195; x_wconf 80' lang='lat'>“.</span> <span class='ocrx_word' id='word_1_612' title='bbox 1183 2178 1192 2195; x_wconf 75' lang='grc' dir='ltr'>ι</span> <span class='ocrx_word' id='word_1_613' title='bbox 1211 2169 1287 2202; x_wconf 81' lang='lat' dir='ltr'>Quod</span> <span class='ocrx_word' id='word_1_614' title='bbox 1304 2170 1326 2194; x_wconf 87' lang='lat' dir='ltr'>si</span> <span class='ocrx_word' id='word_1_615' title='bbox 1345 2173 1371 2194; x_wconf 95' lang='lat' dir='ltr'>tu</span> <span class='ocrx_word' id='word_1_616' title='bbox 1388 2168 1413 2194; x_wconf 94' lang='lat' dir='ltr'>in</span> <span class='ocrx_word' id='word_1_617' title='bbox 1429 2168 1543 2202; x_wconf 83' lang='lat' dir='ltr'>hujusce</span> <span class='ocrx_word' id='word_1_618' title='bbox 1557 2167 1660 2194; x_wconf 79' lang='lat' dir='ltr'>oraculi</span> <span class='ocrx_word' id='word_1_619' title='bbox 1679 2169 1816 2202; x_wconf 77' lang='lat' dir='ltr'>penetrale</span> 
     </span>
    </p>
   </div>
   <div class='ocr_carea' id='block_1_90' title="bbox 1025 2213 1817 2248">
    <p class='ocr_par' dir='ltr' id='par_1_90' title="bbox 1025 2213 1817 2248">
     <span class='ocr_line' id='line_1_90' title="bbox 1025 2213 1817 2248; baseline -0.005 -5"><span class='ocrx_word' id='word_1_620' title='bbox 1025 2216 1163 2245; x_wconf 81' lang='lat' dir='ltr'>oculorum</span> <span class='ocrx_word' id='word_1_621' title='bbox 1178 2215 1262 2241; x_wconf 86' lang='lat' dir='ltr'>aciem</span> <span class='ocrx_word' id='word_1_622' title='bbox 1280 2213 1419 2240; x_wconf 88' lang='lat' dir='ltr'>intendere</span> <span class='ocrx_word' id='word_1_623' title='bbox 1433 2214 1538 2247; x_wconf 84' lang='lat' dir='ltr'>nequis,</span> <span class='ocrx_word' id='word_1_624' title='bbox 1562 2220 1612 2248; x_wconf 82' lang='lat' dir='ltr'>ego</span> <span class='ocrx_word' id='word_1_625' title='bbox 1631 2214 1677 2240; x_wconf 84' lang='lat' dir='ltr'>tibi</span> <span class='ocrx_word' id='word_1_626' title='bbox 1695 2213 1758 2240; x_wconf 90' lang='lat' dir='ltr'>illud</span> <span class='ocrx_word' id='word_1_627' title='bbox 1775 2214 1817 2240; x_wconf 84' lang='lat' dir='ltr'>in-</span> 
     </span>
    </p>
   </div>
   <div class='ocr_carea' id='block_1_91' title="bbox 1025 2259 1817 2296">
    <p class='ocr_par' dir='ltr' id='par_1_91' title="bbox 1025 2259 1817 2296">
     <span class='ocr_line' id='line_1_91' title="bbox 1025 2259 1817 2296; baseline -0.004 -7"><span class='ocrx_word' id='word_1_628' title='bbox 1025 2261 1181 2296; x_wconf 84' lang='lat' dir='ltr'>terpretari,</span> <span class='ocrx_word' id='word_1_629' title='bbox 1199 2268 1231 2288; x_wconf 88' lang='lat' dir='ltr'>ac</span> <span class='ocrx_word' id='word_1_630' title='bbox 1262 2259 1425 2294; x_wconf 78' lang='lat' dir='ltr'>legislatoris</span> <span class='ocrx_word' id='word_1_631' title='bbox 1449 2264 1565 2286; x_wconf 86' lang='lat' dir='ltr'>mentem</span> <span class='ocrx_word' id='word_1_632' title='bbox 1584 2260 1719 2293; x_wconf 82' lang='lat' dir='ltr'>explicare</span> <span class='ocrx_word' id='word_1_633' title='bbox 1735 2267 1817 2286; x_wconf 86' lang='lat' dir='ltr'>cuna-</span> 
     </span>
    </p>
   </div>
   <div class='ocr_carea' id='block_1_92' title="bbox 1025 2305 1816 2340">
    <p class='ocr_par' dir='ltr' id='par_1_92' title="bbox 1025 2305 1816 2340">
     <span class='ocr_line' id='line_1_92' title="bbox 1025 2305 1816 2340; baseline -0.005 -5"><span class='ocrx_word' id='word_1_634' title='bbox 1025 2309 1085 2336; x_wconf 89' lang='lat' dir='ltr'>bor.</span> <span class='ocrx_word' id='word_1_635' title='bbox 1100 2306 1158 2334; x_wconf 90' lang='lat' dir='ltr'>Non</span> <span class='ocrx_word' id='word_1_636' title='bbox 1172 2307 1244 2333; x_wconf 85' lang='lat' dir='ltr'>enim</span> <span class='ocrx_word' id='word_1_637' title='bbox 1260 2306 1331 2340; x_wconf 87' lang='lat' dir='ltr'>quod</span> <span class='ocrx_word' id='word_1_638' title='bbox 1352 2305 1499 2332; x_wconf 86' lang='lat' dir='ltr'>animantis</span> <span class='ocrx_word' id='word_1_639' title='bbox 1519 2312 1584 2331; x_wconf 88' lang='lat' dir='ltr'>cura</span> <span class='ocrx_word' id='word_1_640' title='bbox 1599 2309 1739 2339; x_wconf 82' lang='lat' dir='ltr'>tantopere</span> <span class='ocrx_word' id='word_1_641' title='bbox 1757 2309 1816 2331; x_wconf 87' lang='lat' dir='ltr'>tan-</span> 
     </span>
    </p>
   </div>
   <div class='ocr_carea' id='block_1_93' title="bbox 175 2351 966 2394">
    <p class='ocr_par' dir='ltr' id='par_1_93' title="bbox 175 2355 966 2394">
     <span class='ocr_line' id='line_1_93' title="bbox 175 2355 966 2394; baseline -0.001 -8"><span class='ocrx_word' id='word_1_642' title='bbox 175 2361 249 2387; x_wconf 71' lang='grc' dir='ltr'>τοῦτ¹</span> <span class='ocrx_word' id='word_1_643' title='bbox 276 2360 430 2386; x_wconf 76' lang='grc' dir='ltr'>ἐθέσπισεν.</span> <span class='ocrx_word' id='word_1_644' title='bbox 451 2360 479 2385; x_wconf 93' lang='lat'>&#39;0</span> <span class='ocrx_word' id='word_1_645' title='bbox 502 2359 558 2394; x_wconf 72' lang='grc' dir='ltr'>γὰρ</span> <span class='ocrx_word' id='word_1_646' title='bbox 583 2358 679 2392; x_wconf 72' lang='grc' dir='ltr'>ἐχθρὸς</span> <span class='ocrx_word' id='word_1_647' title='bbox 706 2357 852 2391; x_wconf 80' lang='grc' dir='ltr'>ἐρχόμενος</span> <span class='ocrx_word' id='word_1_648' title='bbox 879 2357 917 2385; x_wconf 75' lang='grc' dir='ltr'>εἰς</span> <span class='ocrx_word' id='word_1_649' title='bbox 942 2355 966 2380; x_wconf 67' lang='grc' dir='ltr'>τὶ</span> 
     </span>
    </p>
   </div>
   <div class='ocr_carea' id='block_1_94' title="bbox 1018 2351 1816 2394">
    <p class='ocr_par' dir='ltr' id='par_1_94' title="bbox 1027 2351 1816 2391">
     <span class='ocr_line' id='line_1_94' title="bbox 1027 2351 1816 2391; baseline -0.005 -9"><span class='ocrx_word' id='word_1_650' title='bbox 1027 2361 1145 2391; x_wconf 73' lang='lat' dir='ltr'>geretur,</span> <span class='ocrx_word' id='word_1_651' title='bbox 1166 2354 1215 2381; x_wconf 86' lang='lat' dir='ltr'>sed</span> <span class='ocrx_word' id='word_1_652' title='bbox 1242 2355 1361 2388; x_wconf 88' lang='lat' dir='ltr'>ipsorum</span> <span class='ocrx_word' id='word_1_653' title='bbox 1393 2351 1543 2386; x_wconf 57' lang='lat' dir='ltr'>praesertim</span> <span class='ocrx_word' id='word_1_654' title='bbox 1568 2352 1708 2379; x_wconf 87' lang='lat' dir='ltr'>hominum</span> <span class='ocrx_word' id='word_1_655' title='bbox 1734 2359 1816 2379; x_wconf 86' lang='lat' dir='ltr'>causa</span> 
     </span>
    </p>
   </div>
   <div class='ocr_carea' id='block_1_95' title="bbox 177 2401 973 2442">
    <p class='ocr_par' dir='ltr' id='par_1_95' title="bbox 177 2401 973 2442">
     <span class='ocr_line' id='line_1_95' title="bbox 177 2401 973 2442; baseline -0.008 -9"><span class='ocrx_word' id='word_1_656' title='bbox 177 2407 335 2442; x_wconf 78' lang='grc' dir='ltr'>συνεγεῐραι</span> <span class='ocrx_word' id='word_1_657' title='bbox 350 2407 379 2432; x_wconf 84' lang='grc' dir='ltr'>τὸ</span> <span class='ocrx_word' id='word_1_658' title='bbox 405 2405 548 2436; x_wconf 78' lang='grc' dir='ltr'>πεπτωκὸς</span> <span class='ocrx_word' id='word_1_659' title='bbox 562 2403 641 2437; x_wconf 79' lang='grc' dir='ltr'>ζῶον,</span> <span class='ocrx_word' id='word_1_660' title='bbox 666 2403 775 2433; x_wconf 78' lang='grc' dir='ltr'>πάντως</span> <span class='ocrx_word' id='word_1_661' title='bbox 790 2402 916 2438; x_wconf 79' lang='grc' dir='ltr'>ὁμιλήσει</span> <span class='ocrx_word' id='word_1_662' title='bbox 934 2401 973 2436; x_wconf 85' lang='grc' dir='ltr'>τῷ</span> 
     </span>
    </p>
   </div>
   <div class='ocr_carea' id='block_1_96' title="bbox 175 2446 972 2486">
    <p class='ocr_par' dir='ltr' id='par_1_96' title="bbox 175 2446 972 2486">
     <span class='ocr_line' id='line_1_96' title="bbox 175 2446 972 2486; baseline -0.008 -9"><span class='ocrx_word' id='word_1_663' title='bbox 175 2451 279 2486; x_wconf 66' lang='grc' dir='ltr'>ἐχθρῷ,</span> <span class='ocrx_word' id='word_1_664' title='bbox 293 2451 341 2477; x_wconf 80' lang='grc' dir='ltr'>καὶ</span> <span class='ocrx_word' id='word_1_665' title='bbox 355 2449 440 2483; x_wconf 77' lang='grc' dir='ltr'>λέξει,</span> <span class='ocrx_word' id='word_1_666' title='bbox 452 2449 557 2476; x_wconf 82' lang='grc' dir='ltr'>ἐκεῖθεν</span> <span class='ocrx_word' id='word_1_667' title='bbox 571 2450 603 2475; x_wconf 82' lang='grc' dir='ltr'>σὺ</span> <span class='ocrx_word' id='word_1_668' title='bbox 618 2448 734 2482; x_wconf 78' lang='grc' dir='ltr'>ἕγειρον,</span> <span class='ocrx_word' id='word_1_669' title='bbox 749 2446 826 2481; x_wconf 83' lang='grc' dir='ltr'>κάγὼ</span> <span class='ocrx_word' id='word_1_670' title='bbox 838 2446 972 2472; x_wconf 82' lang='grc' dir='ltr'>ἐντεῦθεν.</span> 
     </span>
    </p>
   </div>
   <div class='ocr_carea' id='block_1_97' title="bbox 182 2493 974 2532">
    <p class='ocr_par' dir='ltr' id='par_1_97' title="bbox 182 2493 974 2532">
     <span class='ocr_line' id='line_1_97' title="bbox 182 2493 974 2532; baseline -0.006 -9"><span class='ocrx_word' id='word_1_671' title='bbox 182 2497 294 2532; x_wconf 82' lang='grc' dir='ltr'>ὐμιλία</span> <span class='ocrx_word' id='word_1_672' title='bbox 314 2496 343 2523; x_wconf 80' lang='grc' dir='ltr'>δὲ</span> <span class='ocrx_word' id='word_1_673' title='bbox 357 2495 500 2531; x_wconf 82' lang='grc' dir='ltr'>προοίμιόν</span> <span class='ocrx_word' id='word_1_674' title='bbox 517 2496 575 2521; x_wconf 80' lang='grc' dir='ltr'>ἐστι</span> <span class='ocrx_word' id='word_1_675' title='bbox 590 2493 775 2528; x_wconf 80' lang='grc' dir='ltr'>καταλλαγῆς,</span> <span class='ocrx_word' id='word_1_676' title='bbox 791 2493 840 2519; x_wconf 78' lang='grc' dir='ltr'>καὶ</span> <span class='ocrx_word' id='word_1_677' title='bbox 855 2493 914 2524; x_wconf 83' lang='grc' dir='ltr'>ὁδὸς</span> <span class='ocrx_word' id='word_1_678' title='bbox 926 2493 974 2519; x_wconf 77' lang='grc' dir='ltr'>ἐπὶ</span> 
     </span>
    </p>
   </div>
   <div class='ocr_carea' id='block_1_98' title="bbox 177 2539 974 2579">
    <p class='ocr_par' dir='ltr' id='par_1_98' title="bbox 177 2539 974 2579">
     <span class='ocr_line' id='line_1_98' title="bbox 177 2539 974 2579; baseline -0.008 -8"><span class='ocrx_word' id='word_1_679' title='bbox 177 2545 270 2579; x_wconf 70' lang='grc' dir='ltr'>φιλίαν</span> <span class='ocrx_word' id='word_1_680' title='bbox 299 2543 416 2578; x_wconf 81' lang='grc' dir='ltr'>ἄγουσα.</span> <span class='ocrx_word' id='word_1_681' title='bbox 446 2543 516 2578; x_wconf 82' lang='grc' dir='ltr'>Τρία</span> <span class='ocrx_word' id='word_1_682' title='bbox 547 2543 638 2568; x_wconf 82' lang='grc' dir='ltr'>τοῐνυν</span> <span class='ocrx_word' id='word_1_683' title='bbox 665 2540 795 2568; x_wconf 84' lang='grc' dir='ltr'>κάλλιστα</span> <span class='ocrx_word' id='word_1_684' title='bbox 824 2539 974 2566; x_wconf 80' lang='grc' dir='ltr'>ἐσπούδασε</span> 
     </span>
    </p>
   </div>
   <div class='ocr_carea' id='block_1_99' title="bbox 177 2585 978 2625">
    <p class='ocr_par' dir='ltr' id='par_1_99' title="bbox 177 2585 978 2625">
     <span class='ocr_line' id='line_1_99' title="bbox 177 2585 978 2625; baseline -0.009 -7"><span class='ocrx_word' id='word_1_685' title='bbox 177 2589 388 2625; x_wconf 78' lang='grc' dir='ltr'>κατορθωθῆναι</span> <span class='ocrx_word' id='word_1_686' title='bbox 411 2590 428 2623; x_wconf 86' lang='grc' dir='ltr'>ἡ</span> <span class='ocrx_word' id='word_1_687' title='bbox 453 2589 512 2615; x_wconf 81' lang='grc' dir='ltr'>θεία</span> <span class='ocrx_word' id='word_1_688' title='bbox 544 2587 707 2622; x_wconf 75' lang='grc' dir='ltr'>γαληνότης,</span> <span class='ocrx_word' id='word_1_689' title='bbox 740 2586 769 2613; x_wconf 83' lang='grc' dir='ltr'>ἓν</span> <span class='ocrx_word' id='word_1_690' title='bbox 796 2585 855 2621; x_wconf 74' lang='grc' dir='ltr'>μὲν,</span> <span class='ocrx_word' id='word_1_691' title='bbox 885 2585 916 2612; x_wconf 87' lang='grc' dir='ltr'>τδ</span> <span class='ocrx_word' id='word_1_692' title='bbox 941 2585 978 2621; x_wconf 84' lang='grc' dir='ltr'>μὴ</span> 
     </span>
    </p>
   </div>
   <div class='ocr_carea' id='block_1_100' title="bbox 205 2666 506 2701">
    <p class='ocr_par' dir='ltr' id='par_1_100' title="bbox 205 2666 506 2701">
     <span class='ocr_line' id='line_1_100' title="bbox 205 2666 506 2701; baseline -0.013 -4"><span class='ocrx_word' id='word_1_693' title='bbox 205 2670 229 2685; x_wconf 79' lang='grc' dir='ltr'>⁵ο</span> <span class='ocrx_word' id='word_1_694' title='bbox 243 2669 331 2697; x_wconf 65' lang='lat' dir='ltr'>Exod.</span> <span class='ocrx_word' id='word_1_695' title='bbox 347 2675 425 2701; x_wconf 66' lang='grc' dir='ltr'>χχιιι,</span> <span class='ocrx_word' id='word_1_696' title='bbox 442 2666 506 2700; x_wconf 77' lang='grc' dir='ltr'>Δ,5.</span> 
     </span>
    </p>
   </div>
   <div class='ocr_carea' id='block_1_101' title="bbox 1027 2398 1816 2434">
    <p class='ocr_par' dir='ltr' id='par_1_101' title="bbox 1027 2398 1816 2434">
     <span class='ocr_line' id='line_1_101' title="bbox 1027 2398 1816 2434; baseline -0.004 -7"><span class='ocrx_word' id='word_1_697' title='bbox 1027 2401 1096 2427; x_wconf 88' lang='lat' dir='ltr'>hanc</span> <span class='ocrx_word' id='word_1_698' title='bbox 1108 2400 1192 2434; x_wconf 78' lang='lat' dir='ltr'>legem</span> <span class='ocrx_word' id='word_1_699' title='bbox 1211 2399 1281 2425; x_wconf 92' lang='lat' dir='ltr'>tulit.</span> <span class='ocrx_word' id='word_1_700' title='bbox 1295 2398 1363 2424; x_wconf 84' lang='lat' dir='ltr'>Nam</span> <span class='ocrx_word' id='word_1_701' title='bbox 1380 2398 1518 2432; x_wconf 86' lang='lat' dir='ltr'>inimicus,</span> <span class='ocrx_word' id='word_1_702' title='bbox 1536 2399 1569 2425; x_wconf 81' lang='lat' dir='ltr'>ad</span> <span class='ocrx_word' id='word_1_703' title='bbox 1591 2398 1743 2432; x_wconf 85' lang='lat' dir='ltr'>prolapsum</span> <span class='ocrx_word' id='word_1_704' title='bbox 1756 2399 1816 2424; x_wconf 91' lang='lat' dir='ltr'>ani-</span> 
     </span>
    </p>
   </div>
   <div class='ocr_carea' id='block_1_102' title="bbox 1028 2443 1816 2479">
    <p class='ocr_par' dir='ltr' id='par_1_102' title="bbox 1028 2443 1816 2479">
     <span class='ocr_line' id='line_1_102' title="bbox 1028 2443 1816 2479; baseline -0.004 -7"><span class='ocrx_word' id='word_1_705' title='bbox 1028 2445 1081 2472; x_wconf 84' lang='lat' dir='ltr'>mal</span> <span class='ocrx_word' id='word_1_706' title='bbox 1106 2444 1262 2479; x_wconf 74' lang='lat' dir='ltr'>erigendum</span> <span class='ocrx_word' id='word_1_707' title='bbox 1287 2443 1430 2477; x_wconf 83' lang='lat' dir='ltr'>accedens,</span> <span class='ocrx_word' id='word_1_708' title='bbox 1457 2443 1594 2471; x_wconf 84' lang='lat' dir='ltr'>inimicum</span> <span class='ocrx_word' id='word_1_709' title='bbox 1617 2444 1727 2471; x_wconf 89' lang='lat' dir='ltr'>omnino</span> <span class='ocrx_word' id='word_1_710' title='bbox 1748 2443 1816 2469; x_wconf 86' lang='lat' dir='ltr'>allo-</span> 
     </span>
    </p>
   </div>
   <div class='ocr_carea' id='block_1_103' title="bbox 1028 2489 1816 2528">
    <p class='ocr_par' dir='ltr' id='par_1_103' title="bbox 1028 2489 1816 2528">
     <span class='ocr_line' id='line_1_103' title="bbox 1028 2489 1816 2528; baseline -0.008 -8"><span class='ocrx_word' id='word_1_711' title='bbox 1028 2497 1139 2528; x_wconf 88' lang='lat' dir='ltr'>quetur,</span> <span class='ocrx_word' id='word_1_712' title='bbox 1172 2499 1205 2519; x_wconf 92' lang='lat' dir='ltr'>ac</span> <span class='ocrx_word' id='word_1_713' title='bbox 1231 2491 1304 2518; x_wconf 89' lang='lat' dir='ltr'>dicet</span> <span class='ocrx_word' id='word_1_714' title='bbox 1332 2497 1340 2517; x_wconf 84' lang='lat'><strong>:</strong></span> <span class='ocrx_word' id='word_1_715' title='bbox 1373 2489 1413 2516; x_wconf 90' lang='lat' dir='ltr'>Tu</span> <span class='ocrx_word' id='word_1_716' title='bbox 1448 2491 1530 2517; x_wconf 86' lang='lat' dir='ltr'>istinc</span> <span class='ocrx_word' id='word_1_717' title='bbox 1556 2490 1641 2524; x_wconf 77' lang='lat' dir='ltr'>erige,</span> <span class='ocrx_word' id='word_1_718' title='bbox 1662 2497 1711 2523; x_wconf 76' lang='lat' dir='ltr'>ego</span> <span class='ocrx_word' id='word_1_719' title='bbox 1743 2489 1816 2515; x_wconf 89' lang='lat' dir='ltr'>hinc.</span> 
     </span>
    </p>
   </div>
   <div class='ocr_carea' id='block_1_104' title="bbox 1029 2534 1816 2572">
    <p class='ocr_par' dir='ltr' id='par_1_104' title="bbox 1029 2534 1816 2572">
     <span class='ocr_line' id='line_1_104' title="bbox 1029 2534 1816 2572; baseline -0.009 -7"><span class='ocrx_word' id='word_1_720' title='bbox 1029 2538 1200 2572; x_wconf 84' lang='lat' dir='ltr'>Colloquium</span> <span class='ocrx_word' id='word_1_721' title='bbox 1223 2544 1306 2572; x_wconf 89' lang='lat' dir='ltr'>porro</span> <span class='ocrx_word' id='word_1_722' title='bbox 1332 2535 1562 2563; x_wconf 86' lang='lat' dir='ltr'>reconciliationis</span> <span class='ocrx_word' id='word_1_723' title='bbox 1583 2534 1741 2570; x_wconf 61' lang='lat' dir='ltr'>prmludium</span> <span class='ocrx_word' id='word_1_724' title='bbox 1764 2538 1816 2564; x_wconf 82' lang='lat' dir='ltr'>est,</span> 
     </span>
    </p>
   </div>
   <div class='ocr_carea' id='block_1_105' title="bbox 1031 2579 1817 2615">
    <p class='ocr_par' dir='ltr' id='par_1_105' title="bbox 1031 2579 1817 2615">
     <span class='ocr_line' id='line_1_105' title="bbox 1031 2579 1817 2615; baseline -0.008 -4"><span class='ocrx_word' id='word_1_725' title='bbox 1031 2592 1063 2612; x_wconf 86' lang='lat' dir='ltr'>ac</span> <span class='ocrx_word' id='word_1_726' title='bbox 1091 2584 1135 2611; x_wconf 84' lang='lat' dir='ltr'>via</span> <span class='ocrx_word' id='word_1_727' title='bbox 1162 2584 1196 2612; x_wconf 88' lang='lat' dir='ltr'>ad</span> <span class='ocrx_word' id='word_1_728' title='bbox 1214 2583 1361 2611; x_wconf 84' lang='lat' dir='ltr'>amicitiam</span> <span class='ocrx_word' id='word_1_729' title='bbox 1387 2583 1500 2610; x_wconf 87' lang='lat' dir='ltr'>ducens.</span> <span class='ocrx_word' id='word_1_730' title='bbox 1521 2580 1700 2615; x_wconf 84' lang='lat' dir='ltr'>Quamobrem</span> <span class='ocrx_word' id='word_1_731' title='bbox 1720 2579 1817 2606; x_wconf 76' lang='lat' dir='ltr'>divina:</span> 
     </span>
    </p>
   </div>
   <div class='ocr_carea' id='block_1_106' title="bbox 766 2716 1270 2748">
    <p class='ocr_par' dir='ltr' id='par_1_106' title="bbox 766 2716 1270 2748">
     <span class='ocr_line' id='line_1_106' title="bbox 766 2716 1270 2748; baseline -0.006 0"><span class='ocrx_word' id='word_1_732' title='bbox 766 2719 883 2748; x_wconf 68' lang='lat' dir='ltr'>VARIA&#39;Z</span> <span class='ocrx_word' id='word_1_733' title='bbox 895 2717 1086 2747; x_wconf 80' lang='lat' dir='ltr'>LECTIONES</span> <span class='ocrx_word' id='word_1_734' title='bbox 1101 2717 1144 2744; x_wconf 90' lang='lat' dir='ltr'><strong>ET</strong></span> <span class='ocrx_word' id='word_1_735' title='bbox 1157 2716 1270 2745; x_wconf 66' lang='grc' dir='ltr'>ΝΟΤΕ.</span> 
     </span>
    </p>
   </div>
   <div class='ocr_carea' id='block_1_107' title="bbox 212 2785 979 2841">
    <p class='ocr_par' dir='ltr' id='par_1_107' title="bbox 212 2785 979 2841">
     <span class='ocr_line' id='line_1_107' title="bbox 212 2785 979 2841; baseline -0.014 -8"><span class='ocrx_word' id='word_1_736' title='bbox 212 2805 251 2841; x_wconf 75' lang='grc'>(6)</span> <span class='ocrx_word' id='word_1_737' title='bbox 271 2804 322 2832; x_wconf 82' lang='lat' dir='ltr'>Ed.</span> <span class='ocrx_word' id='word_1_738' title='bbox 337 2803 439 2834; x_wconf 77' lang='lat' dir='ltr'>Paris.,</span> <span class='ocrx_word' id='word_1_739' title='bbox 453 2804 481 2829; x_wconf 81' lang='grc' dir='ltr'>ἐν</span> <span class='ocrx_word' id='word_1_740' title='bbox 494 2801 624 2837; x_wconf 76' lang='grc' dir='ltr'>ἀρίστοις.</span> <span class='ocrx_word' id='word_1_741' title='bbox 641 2798 754 2826; x_wconf 76' lang='lat' dir='ltr'>Emend.</span> <span class='ocrx_word' id='word_1_742' title='bbox 768 2804 801 2824; x_wconf 82' lang='lat' dir='ltr'>cx</span> <span class='ocrx_word' id='word_1_743' title='bbox 812 2796 873 2824; x_wconf 85' lang='lat' dir='ltr'>cod.</span> <span class='ocrx_word' id='word_1_744' title='bbox 886 2785 979 2823; x_wconf 59' lang='lat' dir='ltr'>Velie:</span> 
     </span>
    </p>
   </div>
   <div class='ocr_carea' id='block_1_108' title="bbox 175 2841 974 2912">
    <p class='ocr_par' dir='ltr' id='par_1_108' title="bbox 175 2841 974 2912">
     <span class='ocr_line' id='line_1_108' title="bbox 175 2841 974 2912; baseline -0.006 -10"><span class='ocrx_word' id='word_1_745' title='bbox 175 2841 340 2912; x_wconf 41' lang='lat' dir='ltr'>affet-:52</span> <span class='ocrx_word' id='word_1_746' title='bbox 355 2873 444 2902; x_wconf 61' lang='lat' dir='ltr'>Valic.</span> <span class='ocrx_word' id='word_1_747' title='bbox 465 2872 517 2900; x_wconf 83' lang='lat'>650</span> <span class='ocrx_word' id='word_1_748' title='bbox 533 2871 628 2900; x_wconf 85' lang='lat' dir='ltr'>scribit</span> <span class='ocrx_word' id='word_1_749' title='bbox 642 2869 757 2906; x_wconf 80' lang='grc' dir='ltr'>πρέπειν</span> <span class='ocrx_word' id='word_1_750' title='bbox 775 2873 801 2898; x_wconf 83' lang='lat' dir='ltr'>et</span> <span class='ocrx_word' id='word_1_751' title='bbox 818 2873 890 2897; x_wconf 71' lang='lat' dir='ltr'>vers.</span> <span class='ocrx_word' id='word_1_752' title='bbox 907 2873 974 2901; x_wconf 52' lang='lat' dir='ltr'>pen‘</span> 
     </span>
    </p>
   </div>
   <div class='ocr_carea' id='block_1_109' title="bbox 1029 2789 1764 2829">
    <p class='ocr_par' dir='ltr' id='par_1_109' title="bbox 1029 2789 1764 2829">
     <span class='ocr_line' id='line_1_109' title="bbox 1029 2789 1764 2829; baseline -0.01 -7"><span class='ocrx_word' id='word_1_753' title='bbox 1029 2795 1124 2822; x_wconf 92' lang='lat' dir='ltr'>ultimo</span> <span class='ocrx_word' id='word_1_754' title='bbox 1145 2798 1204 2828; x_wconf 81' lang='lat' dir='ltr'>post</span> <span class='ocrx_word' id='word_1_755' title='bbox 1218 2793 1399 2829; x_wconf 54' lang='lat' dir='ltr'>neptium-rga</span> <span class='ocrx_word' id='word_1_756' title='bbox 1410 2790 1564 2829; x_wconf 39' lang='lat' dir='ltr'>addjiﬁhla</span> <span class='ocrx_word' id='word_1_757' title='bbox 1579 2789 1636 2829; x_wconf 64' lang='lat' dir='ltr'>mf.</span> <span class='ocrx_word' id='word_1_758' title='bbox 1655 2789 1764 2829; x_wconf 72' lang='lat' dir='ltr'>P_0ssm.</span> 
     </span>
    </p>
   </div>
   <div class='ocr_carea' id='block_1_110' title="bbox 1064 2825 1708 2865">
    <p class='ocr_par' dir='ltr' id='par_1_110' title="bbox 1064 2825 1708 2865">
     <span class='ocr_line' id='line_1_110' title="bbox 1064 2825 1708 2865; baseline -0.009 -9"><span class='ocrx_word' id='word_1_759' title='bbox 1064 2830 1106 2865; x_wconf 86' lang='lat'>(8)</span> <span class='ocrx_word' id='word_1_760' title='bbox 1123 2825 1176 2856; x_wconf 76' lang='lat' dir='ltr'>Pro</span> <span class='ocrx_word' id='word_1_761' title='bbox 1189 2829 1212 2855; x_wconf 76' lang='lat' dir='ltr'>el</span> <span class='ocrx_word' id='word_1_762' title='bbox 1225 2825 1361 2860; x_wconf 54' lang='grc' dir='ltr'>καὶξεόίιζ</span> <span class='ocrx_word' id='word_1_763' title='bbox 1379 2827 1440 2855; x_wconf 83' lang='lat' dir='ltr'>Vat.</span> <span class='ocrx_word' id='word_1_764' title='bbox 1455 2826 1507 2853; x_wconf 82' lang='grc'>650</span> <span class='ocrx_word' id='word_1_765' title='bbox 1523 2826 1574 2859; x_wconf 77' lang='lat' dir='ltr'>leg.</span> <span class='ocrx_word' id='word_1_766' title='bbox 1593 2825 1654 2851; x_wconf 68' lang='grc' dir='ltr'>κᾶν.</span> <span class='ocrx_word' id='word_1_767' title='bbox 1669 2825 1708 2851; x_wconf 73' lang='lat' dir='ltr'>lv.</span> 
     </span>
    </p>
   </div>
  </div>
