2045 3158
286 163 352 193 1031

889 161 918 190 S.
939 160 1083 190 ISIDORI
1102 161 1317 191 PELUSIOT/E

1836 157 1888 190 1032

286 216 460 252 providentiae
475 214 655 251 tranquillitas
670 215 720 241 tria
742 214 921 249 pulcherrima
945 214 996 242 hoc
1016 214 1074 242 loco

1129 215 1304 249 διαφθαρῆναι
1323 213 1351 240 τὺ
1366 212 1451 245 ζῶον·
1471 213 1562 248 ἕτερον
1578 212 1617 245 δὲ,
1639 211 1669 238 τὸ
1687 213 1724 248 μὴ
1739 213 1887 248 ζημιωθῆναι

285 262 336 290 sibi
366 261 536 288 informanda
568 261 708 294 proposuit

286 311 378 341 pereat
396 305 516 339 animal;
541 306 667 338 alterunt,
691 314 724 333 ne
744 310 845 333 tantum
868 306 993 333 dominus
1016 306 1074 340 ejus

284 352 416 386 iacturam
442 350 545 383 faciat;
571 352 678 378 tertium
701 351 827 386 denique,
852 357 881 378 ut
907 351 1008 378 inimici
1040 351 1066 378 in

287 397 399 432 gratiam
421 397 541 423 redeant.
565 396 615 429 Qui
640 397 711 423 enim
732 397 863 424 beneficio
890 396 1002 423 alrectus
1021 401 1073 428 est,

287 443 338 469 nisi
359 450 438 469 sensu
455 442 541 477 magis
571 449 650 476 quam
674 441 775 476 lapides
796 442 917 476 privatus
940 442 985 475 sit,
1008 442 1031 468 ei
1059 449 1073 467 a

287 496 340 522 quo
354 487 514 514 beneficium
533 487 677 521 acceperit,
695 495 744 521 par
761 487 818 522 pari
837 486 936 513 referre
958 485 1073 513 curabit.

287 533 362 559 Alter
377 540 440 559 vero
454 532 590 559 beneficus
601 533 723 562 audiens,
740 532 877 558 initnicnm
894 539 945 557 non
961 531 1076 565 amplius

742 269 749 286 :
781 268 862 287 unum
889 260 1012 295 quidem,
1040 269 1074 288 ne

1124 259 1169 285 τὸν
1194 257 1336 292 δεσπότην.
1364 257 1460 292 Τρίτον
1488 257 1531 289 δὲ,
1557 257 1587 283 τὸ
1616 257 1815 292 καταλλαγῆναι
1834 257 1887 293 πρὸς

1125 303 1214 338 φιλίαν
1237 303 1299 335 τοὺς
1314 302 1435 337 ἐχθρούς.
1458 302 1487 328 '0
1503 302 1557 337 γὰρ
1574 301 1666 328 παθὼν
1690 299 1732 334 εὖ,
1760 303 1784 328 εἰ
1804 302 1844 328 καὶ
1856 302 1889 328 λί-

1126 347 1179 374 θων
1195 347 1419 381 ἀναισθητότερος
1442 345 1495 380 εἴη,
1516 346 1661 373 σπουδάσει
1682 345 1841 380 ἀμείψασθαι
1854 346 1891 372 τὸν

1127 392 1292 427 εὐεργέτην·
1309 392 1322 418 ὁ
1342 391 1369 417 δὲ
1386 391 1532 426 εὐεργέτην
1555 392 1782 426 ἐπιγραφόμενος.
1804 393 1846 418 οὐκ
1864 392 1891 418 ἂν

1127 438 1213 473 δήπου
1237 437 1332 473 ἐχθρὸν
1355 437 1395 463 ἔτι
1418 439 1540 471 ὁριεῖται.
1565 437 1645 472 Ὁρᾷς
1669 437 1726 468 πῶς
1752 438 1768 472 ή
1792 438 1893 472 ἄρῤητος

1130 484 1208 517 σοφία
1224 483 1290 519 πρὸς
1313 483 1468 518 ἀγαοότητα
1489 483 1535 510 καὶ
1554 483 1758 518 φιλανθρωπίαν
1775 483 1894 518 βλέπουσα

1129 530 1268 564 νομοθετεῖ
1283 529 1319 564 (9)
1330 538 1337 562 ;

288 587 320 606 eo
349 579 456 605 nomine
479 577 599 605 definiat.
627 575 721 605 Viden'
753 578 799 613 qui
837 577 980 605 ineﬂ‘abilis
1020 578 1064 605 illa
1103 578 1234 614 sapientia
1262 579 1295 604 ad
1322 577 1468 619 bonitatem
1497 581 1525 603 et
1549 576 1743 604 humanitatem
1773 576 1896 604 collimatis

289 626 360 660 leges
374 633 435 652 suas
447 624 514 652 ferat
526 626 538 651 ἲ

410 668 752 698 CCCXC.—LAMPETIO
782 669 943 698 DIACONO.

324 726 379 752 Etsi
396 725 566 760 hyperbolice
585 725 688 752 dictum
713 733 774 753 esse
796 727 904 761 quidam
932 727 1073 754 existima-

291 771 342 797 turi
360 775 430 802 sunt,
450 770 475 796 id
489 771 560 805 quod
581 771 702 798 dicturus
725 779 783 798 sum
798 774 871 806 (non
885 773 957 799 enim
973 780 1015 799 me
1029 771 1073 799 fu—

288 816 326 851 git
340 815 438 843 mullos
451 817 544 850 ignave
572 822 654 851 atque
686 817 838 844 eﬂeminate
858 818 966 845 affectos
978 818 1075 854 esse);

1275 671 1324 704 Tt"
1343 685 1377 691 _
1393 668 1574 703 ΑΛΜΠΕΤΙῼ
1589 668 1751 702 ΔΙΑΚΟΝῼ.

1158 729 1189 755 Εἰ
1217 728 1264 755 καὶ
1289 726 1474 762 ὑπερϐολικῶς
1496 725 1619 760 νομιοῦσί
1642 733 1714 757 τινες
1733 724 1851 760 είρῆσθαι
1870 725 1896 751 τὸ

1129 773 1315 809 ῥηθησόμενον
1331 771 1400 807 (οἶδα
1419 772 1472 806 γὰρ
1487 771 1601 802 πολλοὺς
1625 770 1745 804 ἀγεννῶς
1770 771 1815 797 καὶ
1829 770 1899 797 ἀνάν-

1127 820 1197 855 δρως
1213 819 1269 854 (10)
1291 817 1492 853 διακειμένους)
1517 816 1572 850 ἐγὼ
1586 817 1636 852 τὴν
1657 816 1777 851 ἐμαυτοῦ
1801 815 1900 851 γνώμην

288 868 338 894 ego
352 865 439 886 tamen
468 861 627 888 sententiam
646 870 732 888 trienni
754 862 852 889 dicant.
867 863 992 890 Arbitror
1003 864 1074 890 enitn

1129 865 1234 900 φράσω.
1257 863 1394 898 Ἡγοῦμαι
1414 863 1478 898 γὰρ,
1497 860 1652 893 εἷναί-τινας
1669 862 1732 892 τοὺς
1748 861 1901 896 ἀποδεξομέ-

289 906 430 933 nonnullos
450 907 518 939 fore,
534 908 578 942 qui
606 914 666 934 eam
682 908 840 942 approbent.
858 908 933 940 Quod
954 909 975 935 si
991 909 1072 935 etiam

289 959 367 978 nemo
392 953 617 986 comprobaturus
638 953 684 985 sit,
701 954 800 980 veritas
813 953 983 987 praeferatur.
997 953 1068 986 Quid

289 997 370 1030 igitur
380 1002 421 1024 est
436 997 506 1031 quod
523 998 613 1025 dicere
643 999 724 1025 volo?
740 998 862 1026 Breviter
885 999 1074 1033 exponendum

289 1048 339 1069 est.
355 1042 575 1072 Libentius.cutn
591 1043 623 1070 de
637 1044 763 1070 omnibus
771 1044 839 1071 bene
852 1045 964 1071 meritus
975 1051 1074 1076 essem.

291 1093 418 1122 tamquam
434 1089 479 1122 qui
498 1089 594 1122 injuria
623 1096 718 1116 omnes
742 1089 904 1122 aﬂ‘ecissetn,
919 1097 1013 1124 poenas
1029 1089 1076 1116 da-

244 1157 249 1161 .
291 1142 347 1161 rem
363 1143 369 1160 :
385 1141 466 1168 quam
494 1142 554 1161 cum
570 1142 652 1161 unum
670 1135 810 1168 laesissent,
827 1140 954 1169 tanquatn
973 1135 1006 1162 de
1019 1142 1076 1161 om-

291 1180 369 1217 nibus
395 1181 464 1207 bene
495 1181 618 1212 meritus,
644 1189 742 1208 corona
772 1181 887 1209 donarer
916 1189 947 1208 ac
978 1181 1075 1215 prmdi-

289 1234 377 1254 rarer.

531 1267 664 1295 CCCXCI.
677 1284 711 1288 —
721 1268 836 1295 EIDEM.

293 1311 326 1339 In
341 1312 405 1338 illud
416 1311 610 1339 Deuteroumnii
619 1314 650 1341 de
664 1313 744 1339 stellis
755 1314 863 1345 dictum,
874 1313 954 1344 «Qua:
962 1314 1079 1340 attribuit

374 1347 501 1374 Dominus
518 1348 585 1374 Deus
602 1354 661 1374 tuus
677 1349 795 1375 omnibus
811 1349 928 1383 gentibus
945 1349 978 1374 ⁸¹.
994 1357 1004 1373 ι

328 1423 396 1456 Quid
411 1428 462 1454 est.
477 1423 576 1457 inquis,
597 1425 667 1458 quod
685 1424 718 1451 de
733 1424 889 1451 cmlostibus
902 1424 1079 1453 luminaribus

294 1469 394 1496 dictum
409 1475 460 1499 est,
480 1477 489 1493 ι
508 1468 572 1500 Qum.
590 1468 683 1495 tribuit
700 1469 829 1496 Dominus
844 1469 914 1496 Dcus
942 1475 1002 1497 tuus
1019 1478 1079 1497 om-

1125 918 1188 940 νους
1202 918 1209 924 ·
1226 911 1250 935 εἰ
1263 909 1291 935 δὲ
1306 909 1353 935 καὶ
1367 908 1461 943 μηδεὶς
1473 907 1640 939 ἀποδέξοιτο,
1655 907 1671 942 ἡ
1686 906 1800 942 ἀλήθεια
1813 915 1902 942 προκε-

1125 955 1240 989 κρίσθω.
1260 955 1292 980 Τί
1306 952 1353 980 οὗν
1365 954 1440 980 ἐστιν
1454 953 1467 979 ὃ
1483 952 1613 988 βούλομαι
1631 953 1751 988 φράσαι;
1770 953 1902 987 Συντόμως

1124 1000 1243 1026 λεκτέον.
1266 999 1381 1025 ’Ἥδιστα
1403 998 1436 1025 ἂν
1456 998 1510 1033 (Η)
1537 998 1642 1029 πάντας
1659 998 1848 1032 εὐεργετήσας,
1869 998 1903 1029 ὼς

1125 1046 1230 1077 πάντας
1251 1045 1394 1079 ἀδικήσας,
1407 1044 1480 1078 δοίην
1499 1043 1587 1078 δίκην,
1604 1043 1620 1078 ἢ
1636 1043 1766 1078 ἀδικήσας
1782 1044 1849 1075 τινὰ,
1870 1043 1903 1074 ὡς

1127 1093 1232 1123 πάντας
1258 1090 1460 1126 εὐεργετήσας,
1488 1089 1690 1124 στεφανωθείην
1716 1090 1762 1116 καὶ
1789 1090 1904 1124 ἀναῤῥη-

1126 1138 1211 1173 θείην.

1367 1269 1445 1302 τιιεπ.
1463 1282 1499 1289 -
1517 1267 1677 1303 mam}.

1132 1315 1188 1341 Τοῦ
1211 1314 1450 1348 Δευτερονομίου.
1470 1314 1522 1345 Εἰς
1541 1312 1572 1339 τὸ
1598 1309 1755 1348 εἰρημένον
1770 1311 1837 1344 περὶ
1855 1308 1913 1348 τεῖν-

1164 1344 1308 1383 ἀστέρωγζ
1323 1358 1331 1374 ‹
1340 1344 1524 1383 Ἀ’ἀπένειμὲ
1535 1344 1642 1382 Κύριός
1659 1344 1675 1373 ὃ
1684 1346 1756 1379 Θεός
1770 1353 1828 1371 σου
1841 1344 1913 1372 πᾶσι

1167 1384 1228 1416 τοῖς
1246 1384 1363 1410 ἔθνεσιν
1370 1405 1376 1410 .
1397 1393 1407 1409 ι

1164 1428 1196 1453 Τί
1213 1429 1297 1458 ἐστιν,
1314 1426 1392 1461 ἔφης,
1407 1426 1438 1452 τὸ
1461 1427 1525 1462 περὶ
1541 1425 1594 1452 τῶν
1608 1424 1742 1459 οὖρανίων
1764 1423 1914 1458 φωστήρων

1131 1472 1288 1508 εἰρημένον,
1308 1481 1316 1497 ι
1342 1472 1375 1497 *Δ
1391 1471 1522 1505 ἀπένειμε
1540 1470 1641 1505 Κύριος
1660 1469 1675 1494 ὁ
1694 1469 1761 1500 Θεός
1784 1477 1830 1494 σου
1851 1468 1914 1494 πᾶσι

295 1515 374 1541 nibus
399 1514 577 1540 nationibus?
597 1523 606 1540 ›
629 1514 696 1540 Audi
713 1514 803 1548 igitur.
819 1515 859 1541 Ad
887 1515 1037 1542 doctrinam
1053 1521 1074 1542 el

1131 1519 1186 1549 τοῖς
1207 1517 1329 1550 ἔθνεσινς
1360 1526 1369 1543 ι
1393 1517 1492 1543 Ἀκουε
1507 1516 1607 1547 τοίνυν,
1628 1515 1758 1549 ἀπένειμε
1785 1513 1854 1548 πρὸς
1879 1513 1915 1539 δι-

295 1559 493 1586 institutionem
519 1567 550 1585 ac
564 1558 744 1592 cognitionem
758 1566 788 1585 ea
812 1560 915 1592 tribuit,
930 1566 958 1586 ut
977 1569 1010 1587 ex
1037 1568 1079 1588 re-

296 1611 355 1630 rum
370 1604 541 1630 conditarttm
569 1604 753 1638 magnitudine
779 1604 903 1636 Creator,
921 1605 966 1639 qui
992 1605 1080 1633 oculis

293 1651 368 1676 cerni
386 1658 438 1676 non
456 1654 553 1684 potest.
570 1650 762 1684 conspiciatur.
784 1650 840 1677 Hoc
864 1656 954 1677 autent
977 1651 1079 1679 idcirco

294 1695 371 1727 dixit,
393 1695 519 1728 quoniam
540 1694 658 1722 Hebrmis
674 1703 725 1722 una
746 1704 807 1723 curn
835 1703 925 1723 rerutn
942 1697 1080 1725 creatione

293 1740 360 1774 iugis
373 1747 480 1775 quoque
492 1741 615 1767 doctrina
639 1741 702 1768 data
727 1747 781 1774 est,
798 1743 931 1769 artiﬁcem
946 1747 974 1770 et
987 1743 1077 1772 archi-

295 1791 391 1813 tectum
406 1786 553 1820 prxdicans
578 1791 604 1813 et
618 1787 820 1815 conceiebrans.
833 1788 910 1821 Quod
926 1789 949 1815 si
965 1789 1077 1823 quidam

294 1832 353 1858 ideo
367 1831 466 1858 tributa
492 1839 523 1858 ea
547 1839 608 1859 esse
624 1836 728 1866 putent,
743 1838 773 1859 ut
798 1833 864 1868 ipsis
893 1834 1077 1861 adorationetn

294 1877 457 1908 adhibeant.
488 1877 621 1903 inscitiam
659 1884 736 1903 suam
767 1877 909 1912 perspicue
937 1879 1075 1913 produnt:

294 1922 392 1955 quippe
408 1929 468 1948 cum
488 1922 613 1948 universa
632 1922 773 1957 Scriptura
790 1931 867 1950 sacra
889 1931 947 1957 eos,
964 1925 1010 1958 qui
1026 1924 1077 1951 hoc

295 1968 384 1994 facere
412 1968 471 1994 ausi
497 1972 570 2000 sunt,
586 1966 707 2002 accuset,
721 1973 802 2004 atque
829 1969 963 1997 acerrime
985 1977 1077 2004 repre-

295 2013 403 2039 hendat.

346 2056 427 2092 406
441 2057 584 2086 CCCXC".
594 2058 776 2086 —-HlERACl
805 2059 1022 2088 CLARISSIMO.

329 2102 388 2129 Non
403 2111 526 2137 parvum,
543 2104 584 2130 vir
615 2105 728 2139 optime,
741 2113 835 2132 verum
864 2111 994 2140 quantum
1021 2113 1078 2132 ma-

293 2148 395 2175 ximum
412 2149 454 2176 edi
483 2154 581 2184 potest.
610 2151 718 2178 virtutis
739 2148 867 2178 indicium
893 2152 1015 2182 exhibes,
1030 2151 1075 2186 qui

1130 1560 1287 1592 ὁασχαλίαν,
1311 1560 1379 1594 πρὸς
1394 1560 1546 1592 παίδευσιν,
1565 1560 1633 1594 πρὸς
1652 1559 1762 1593 γνῶσιν,
1779 1558 1812 1584 ἰν*
1828 1559 1860 1584 ἐκ
1870 1558 1915 1584 τοῦ

1131 1605 1272 1642 μεγέθους,
1289 1606 1337 1632 καὶ
1357 1605 1406 1640 τῆς
1421 1605 1552 1640 καλλονῆς
1568 1605 1622 1631 τῶν
1644 1604 1802 1638 κτισμάτων
1816 1604 1830 1629 ὁ
1844 1612 1916 1638 γενε-

1131 1652 1267 1686 σιουργὸς,
1290 1652 1405 1686 ἀόρατος
1422 1650 1469 1684 ῶν,
1501 1651 1648 1686 Θεωρῆται.
1679 1649 1764 1676 Τοῦτο
1792 1649 1822 1676 δὲ
1854 1649 1914 1684 ἔφη,

1131 1697 1224 1732 ἐπειδὴ
1243 1698 1299 1728 τοῖς
1320 1696 1458 1731 Ἑϐραίοις
1480 1696 1549 1731 μετὰ
1563 1696 1612 1730 τῆς
1627 1695 1741 1726 κτίσεως
1757 1695 1806 1721 καὶ
1830 1696 1848 1729 ἡ
1870 1694 1915 1721 τοῦ

1130 1742 1211 1777 νόμου
1222 1741 1380 1769 διδασκαλία
1393 1741 1482 1775 ἐδόθη,
1493 1741 1717 1776 ἀνακηρύττουσα
1729 1740 1775 1766 τὸν
1785 1740 1918 1774 δημιουρ-

1129 1787 1178 1821 γὸν
1197 1787 1244 1814 καὶ
1260 1787 1396 1821 τεχνίτην.
1411 1787 1443 1812 Ei
1453 1786 1482 1812 δέ
1495 1795 1567 1817 τινες
1583 1785 1682 1812 οἴονται
1695 1785 1918 1820 ἀπονενεμῆσθαι

1129 1833 1198 1867 πρὸς
1215 1833 1245 1859 τὸ
1264 1833 1453 1868 προσκυνῆσαι
1474 1833 1576 1864 αὐτοῖς,
1597 1831 1732 1866 λαμπρῶς
1747 1831 1797 1866 τὴν
1814 1830 1919 1857 οἰκείαν

1128 1878 1307 1906 ἀπαιδευσίαν
1337 1877 1523 1912 στηλιτεύουσι
1550 1876 1622 1912 (12),
1649 1877 1741 1911 πάσης
1768 1876 1820 1911 τῆς
1843 1876 1919 1911 ἱερᾶς

1128 1923 1239 1958 Γραφῆς
1255 1923 1431 1958 αἰτιωμένης,
1444 1922 1491 1948 καὶ
1505 1921 1696 1957 καταφορικῶς
1707 1921 1919 1956 κατηγορούσης

1128 1969 1182 1995 τῶν
1201 1968 1280 1995 τοῦτο
1296 1968 1409 2002 ποιῆσαι
1424 1967 1628 2002 τολμησάντων.

1246 2060 1325 2094 ΤῌΥ.
1349 2075 1382 2080 -—
1403 2060 1519 2087 IEPAKI
1537 2059 1785 2093 ΛΑΜΙῙΡΟΤΑΤῼ.

1169 2106 1281 2141 ’Δρετῆς
1296 2107 1406 2140 σημεῖον
1422 2105 1452 2131 οὐ
1467 2105 1574 2140 μικρὸν,
1587 2102 1609 2131 ὦ
1623 2105 1728 2139 ἄριστε,
1745 2103 1805 2130 ἀλλ’
1818 2103 1860 2134 ὣς
1875 2102 1922 2128 δυ-

1128 2152 1208 2178 νατὸν
1235 2152 1281 2177 καὶ
1305 2151 1432 2185 μέγιστον
1456 2151 1592 2186 ἐκφέρεις,
1619 2149 1816 2184 προῃρημένος
1843 2148 1924 2180 δόξαν

294 2193 389 2221 bonam
409 2194 495 2227 potius
507 2194 603 2222 famam
619 2196 754 2229 colligere.
764 2204 844 2231 quam
862 2197 986 2231 ingentes
1008 2204 1074 2230 opes

1129 2197 1211 2233 καλὴν
1231 2196 1382 2231 κτήσασθαι
1406 2196 1536 2230 μᾶλλονῆ
1560 2195 1672 2222 πλοῦτον
1689 2195 1778 2230 μέγαν
1798 2202 1925 2228 συναγα-

294 2239 432 2267 cumulare
451 2241 476 2268 in
499 2243 617 2268 animum
631 2242 781 2270 induxeris.
798 2241 978 2274 Quamobrem
1001 2243 1023 2268 si
1046 2242 1072 2269 in

295 2287 345 2313 hac
356 2288 487 2314 sententia
506 2288 669 2321 pers‘titcris,
687 2296 739 2314 non
755 2287 871 2315 defuturi
898 2292 971 2321 sunt,
991 2288 1036 2323 qui
1052 2293 1078 2315 te

295 2332 418 2359 laudibus
442 2333 549 2365 vehant,
571 2342 601 2361 ac
625 2334 794 2368 prudentiam
826 2339 899 2361 luant
926 2334 960 2361 ad
984 2341 1078 2362 omnes

295 2377 421 2404 mortales
440 2378 585 2412 perferant.

329 2454 350 2470 “
364 2454 440 2482 Deut.
457 2463 492 2488 tv,
509 2455 551 2483 i9.

1127 2243 1185 2275 γεῖν
1197 2242 1263 2276 (15).
1281 2241 1362 2267 Ὥστε
1376 2241 1408 2267 ἂν
1429 2241 1561 2276 ἑμμείνῃς
1580 2240 1666 2275 ταύτῃ
1688 2241 1720 2274 τῇ
1741 2239 1860 2274 γνώμῃ,
1876 2238 1928 2264 οὐκ

1126 2288 1275 2322 ἀπορήσεις
1290 2286 1344 2313 τῶν
1359 2286 1617 2321 ὲγκωμιασομένων,
1636 2286 1684 2312 καὶ
1700 2286 1787 2311 πᾶσιν
1813 2283 1928 2318 ἀνθρὼ-

1128 2342 1190 2365 ποις
1206 2333 1256 2368 τὴν
1273 2333 1322 2368 σὴν
1336 2333 1467 2368 φρόνησιν
1478 2333 1598 2366 ἀγόντων
1614 2330 1637 2367 (Ι
1644 2332 1681 2367 4).

838 2510 955 2538 VARle
974 2509 1166 2538 LECTIONES
1183 2509 1228 2537 ΕΤ
1245 2509 1363 2538 ΝΟΤΑΕ.

329 2591 365 2626 (9)
389 2591 488 2618 Confer
507 2591 584 2624 epist.
603 2590 654 2617 410
673 2590 741 2616 infra
761 2590 840 2624 huius
858 2591 917 2618 libri
937 2597 964 2618 et
979 2591 1072 2620 Philo-

292 2625 370 2658 nem;
391 2628 454 2654 item
477 2625 619 2660 Augustin.
636 2633 718 2653 serm.
739 2626 789 2652 168
812 2631 839 2653 et
862 2626 914 2653 254
938 2627 975 2653 De
990 2632 1068 2661 temp.

290 2661 382 2759 ἳῖὧ)
405 2695 456 2722 ιιι-ο
471 2694 607 2730 ἀνάνδρως
621 2695 681 2722 cod.
703 2694 765 2723 Vat.
789 2696 841 2723 650
853 2696 948 2723 scribit
963 2695 1072 2731 ἀνδραςι

311 2738 395 2758 055m.

311 2738 395 2758 OSSIN.

324 2765 380 2800 (ti)
398 2763 519 2790 Ἥδιστα
535 2764 583 2791 ἀν.
603 2764 694 2797 Forte,
716 2765 789 2801 ἥδιον
804 2765 847 2792 ἄν.
872 2765 900 2791 In
919 2765 1071 2799 hnjusmodi

290 2801 362 2826 enim
375 2800 621 2840 comparationibus
636 2808 688 2827 non
704 2800 868 2840 superlativo
879 2819 887 2831 ,
900 2799 948 2826 sed
961 2807 1071 2840 compa-

292 2839 376 2861 rattvo
388 2835 461 2862 locus
474 2839 524 2862 esl.
539 2835 580 2862 Ad
598 2843 654 2862 rem
669 2835 740 2870 quod
759 2835 864 2869 attinet|
880 2842 933 2862 non
947 2835 1072 2862 absitnile

1126 2597 1167 2629 est
1180 2591 1346 2629 hnic__lsidori
1360 2592 1497 2629 sententia!
1512 2592 1620 2629 (melius
1630 2599 1701 2625 esse,
1719 2598 1750 2620 ut
1767 2594 1838 2629 quis
1857 2594 1936 2621 bene

1128 2628 1160 2654 de
1172 2627 1296 2654 omnibus
1320 2627 1432 2653 meritus
1451 2626 1541 2661 inique
1556 2627 1699 2661 plectatur,
1713 2626 1802 2661 quain
1822 2629 1939 2656 imme-

1127 2669 1190 2688 rens
1203 2667 1283 2694 atque
1293 2660 1417 2696 indignus
1429 2662 1537 2695 praemio
1557 2660 1698 2696 adiciatur)
1710 2660 1778 2690 illud
1796 2663 1940 2690 Platonis

1127 2696 1307 2733 paradoxonpz»
1320 2695 1452 2733 Pr’gstare
1468 2696 1556 2730 puniri
1570 2695 1604 2723 ob
1622 2695 1732 2732 peccata
1745 2718 1753 2731 ,
1768 2706 1864 2733 quam
1882 2698 1940 2724 im-

1128 2731 1250 2763 punitum
1265 2731 1350 2757 abire.
1369 2729 1451 2758 Rl'r'r.

1157 2765 1213 2800 (ΓΞ)
1227 2765 1329 2800 Qontra
1346 2766 1414 2800 tales
1430 2765 1548 2799 graviter
1560 2764 1742 2793 concinnatur
1753 2766 1812 2795 Lco
1829 2767 1878 2795 Μ.
1901 2765 1946 2793 In.

1155 2799 1211 2834 (i5)
1228 2799 1286 2827 Vid.
1303 2799 1327 2826 J.
1345 2799 1492 2832 Stobtnum,
1509 2807 1590 2827 serm.
1605 2800 1667 2828 164.
1683 2801 1722 2828 Ιι).

1157 2835 1212 2871 (ιιι)
1224 2835 1291 2863 (10d.
1309 2835 1368 2863 Vat.
1386 2834 1437 2863 650
1451 2834 1580 2870 ᾁσόντων.
1595 2834 1675 2862 Poss.
