2045 3158
151 168 221 204 1033
559 168 799 198 EPISTOLARUJ

300 223 380 257 Tt._l".
400 237 433 242 —
451 220 614 257 ᾹΡΠΟΚΡᾼ
633 218 799 256 ΣοφιΣτῃν.

188 293 221 320 οι
240 292 289 324 τάς
302 291 355 318 τῶν
369 290 455 325 λόγων
479 289 607 324 δυνάμεις
623 288 882 324 ἀποδοκιμάζοντες,
910 287 939 313 οὐ

152 338 316 366 λανθάνουσι
335 336 365 363 τὺ
381 336 430 371 τῆς
447 335 550 367 οἰκείας
565 334 678 368 ἀλογίας
694 333 795 365 ὄνειδος
815 333 863 360 ἐπὶ
874 332 941 359 ταὺ-

154 394 204 417 τας
219 381 559 420 μεταφέρειντολμῶντες.
572 381 605 406 Οἱ
615 380 643 407 δὲ
659 379 761 412 ταύτας
773 379 942 414 ἀποδεχόμε-

154 439 195 458 νοι
213 430 272 466 μὲν,
286 429 350 455 ὅταν
361 429 393 463 τῇ
409 426 523 462 ἀληθείᾳ.
534 425 770 460 συναγωνίζοιντο,
783 426 943 458 κακίζοντες

153 476 184 503 δὲ
197 477 261 503 ὅταν
278 475 311 509 τῇ
335 473 421 508 κακίᾳ
437 472 638 507 συμπράττοιεν
649 479 656 487 '
670 467 743 498 οὗτοι
761 472 809 498 καὶ
831 471 880 506 τὴν
894 471 943 506 τῆς

155 520 367 557 ἀνθρωπότητος
382 517 524 552 εὐγένειαν
539 518 641 550 ἴσασιν,
653 517 775 552 ὅτιλόγῳ
789 516 942 552 τετίμηται,

155 567 205 595 καὶ
218 565 268 601 τὴν
282 565 333 600 τῆς
348 562 517 598 κακουργίας
534 562 588 588 τῶν
609 562 659 588 οὐκ
674 561 763 597 ὀρθῶς
780 562 836 592 τοῖς
855 561 945 594 λόγοις

156 611 307 648 χρωμένων
319 610 370 636 οὐκ
386 608 512 642 ἀγνοοῦσι
531 608 690 644 σκαιότητα.

265 711 346 745 ΤιιΔν.
365 725 398 731 —-
411 706 564 743 ΔΩΡΟΘΕῼ
583 705 829 741 ΛᾹΜΠΡΟΤΑἸᾬ.

201 779 339 809 ’Δπιστεῖν
356 778 404 814 μέν
418 786 459 804 σοι
474 764 524 804 οὐκ
541 776 595 811 ἔχω
605 784 611 791 ·
629 774 756 810 παραινῶ
772 774 800 800 δὲ
815 774 853 810 μὴ
865 781 947 800 σκαν-

160 826 328 859 δαλίζεσθαι,
346 824 402 851 ἀλλ’
423 822 570 857 ἀναμένειν
597 821 645 857 τὴν
671 821 820 847 ἀδέκαστον
845 819 947 855 κρίσιν.

161 872 219 900 Καὶ
233 871 287 906 γὰρ
308 868 475 905 παραινέσας
497 867 621 900 τοιαῦτα,
637 866 684 893 καὶ
701 866 780 893 ἄλλον
803 865 887 900 ἄνδρα
906 872 950 899 μι-

559 166 824 198 EPISTOLARUM
841 166 914 197 LIB.
935 161 1046 196 ΙΙΙῘ-
1064 165 1182 195 EPIST.
1201 165 1365 196 CCCXCIV.

1709 162 1776 194 1038

1073 165 1182 195 EPIST.
1201 165 1365 196 CCCXCIV.
1709 164 1757 195 103

1073 216 1227 246 CCCXClll.
1235 233 1270 238 —
1278 216 1476 246 HARPOCRIE
1502 215 1694 246 SOPHlSTIE.

1027 284 1078 318 Qui
1090 284 1223 312 sermonis
1238 284 1393 312 facultatem
1419 284 1584 319 improbam,
1597 292 1652 312 non
1667 289 1709 313 est
1727 285 1778 312 ob-

992 336 1100 358 scurum
1113 329 1177 363 quin
1207 328 1321 356 inscitiae
1344 336 1400 357 suae
1424 336 1457 356 ac
1467 329 1587 357 infantiae
1601 330 1730 365 probrum
1749 329 1777 356 in

992 382 1051 402 eam
1075 374 1200 402 derivare
1222 374 1351 401 audeant.
1375 374 1426 406 Qui
1451 379 1541 402 autem
1569 381 1629 402 eam
1651 374 1777 410 probant,

993 427 1054 448 cum
1072 418 1195 446 veritatis
1219 418 1403 453 patrocinium
1419 419 1543 452 suscipit,
1560 419 1716 454 vituperant
1728 427 1779 446 au-

994 470 1058 497 tem,
1074 472 1135 492 cum
1163 463 1329 499 improbitati
1361 471 1470 498 operam
1496 468 1587 496 navat,
1606 464 1633 492 hi
1653 464 1778 492 nimirum

993 515 1021 538 et
1039 511 1164 538 humanae
1193 513 1297 537 naturae
1320 508 1503 541 nobilitatem,
1519 513 1550 536 ut
1575 516 1635 544 qua:
1654 516 1781 536 sermone

995 557 1094 584 donata
1107 555 1153 589 sit,
1167 555 1303 590 cognitam
1331 559 1412 590 atque
1443 558 1612 589 perspectam
1627 554 1740 587 habent,
1756 558 1785 582 et

996 601 1170 637 malignitatis
1183 608 1276 628 eorum
1293 601 1338 635 qui
1355 600 1527 628 sermonibus
1544 607 1597 627 non
1613 604 1687 628 recte
1701 604 1785 627 utun-

998 651 1050 678 ttrr,
1064 646 1256 674 absurditatem
1276 645 1485 680 haudquaquam
1504 645 1641 680 ignorant.

1067 709 1462 739 CCCXCIV.—DOROTHEO
1491 708 1714 738 CLARlSSlMO.

1036 777 1128 805 Fidem
1156 777 1281 812 equidem
1310 777 1357 805 tibi
1384 778 1516 812 abrogare
1543 784 1667 812 nequeo,
1691 783 1785 804 verum

1000 824 1064 852 illud
1082 829 1107 851 te
1123 831 1230 856 moneo,
1247 827 1275 850 ut
1290 830 1323 851 ne
1345 822 1502 856 oﬂ‘endaris,
1524 823 1573 851 sed
1595 823 1787 857 incorruptum

998 869 1128 904 iudicium
1162 873 1313 904 exspectes.
1344 868 1412 896 Nam
1437 869 1519 897 etiam
1555 876 1605 904 per
1632 867 1787 903 huiusmodi

163 918 315 952 σοπόνηρον
335 914 488 945 ἀνέστειλα,
509 912 597 940 ταύτά
618 920 659 938 σοι
675 912 818 946 φράσαντα
832 910 878 936 καὶ
898 917 949 936 κα-

1007 915 1212 942 admonitionem
1227 915 1308 942 alium
1325 914 1469 949 quemdam
1481 914 1568 942 virum
1598 914 1786 949 improborum

161 961 420 999 ταρῥητορεύσαντα
436 959 532 994 αὐτὴν,
549 958 596 984 καὶ
606 958 732 993 φήσαντα
745 965 752 972 ·
767 957 798 983 Οἱ
816 955 864 991 μὲν
880 955 949 981 ἀπό-

164 1009 266 1040 στολοι,
284 1007 332 1034 ἆτε
342 1006 382 1041 τῷ
395 1005 459 1040 θείῳ
473 1003 613 1038 Πνεὺματι
625 1002 825 1037 σεσοφισμένοι,
843 1001 890 1028 καὶ
902 1001 950 1033 τὴν

170 1052 344 1088 Ἐκκλησίαν,
366 1051 403 1083 ὡς
417 1049 579 1084 δεσποτικὴν
599 1048 708 1084 νύμφην
725 1047 796 1074 οὕτω
807 1047 952 1082 διεκόσμηι

164 1107 226 1131 σαν,
242 1099 280 1130 ὼς
295 1098 365 1134 μήτε
383 1096 437 1123 τῶν
457 1095 586 1131 χειρόνων
606 1095 675 1130 αὐτῇ
696 1093 779 1129 μηδὲν
794 1093 950 1127 διενοχλεῖν,

167 1146 228 1181 μήτ’
246 1143 316 1171 εἷναί
326 1153 353 1170 τι
370 1142 490 1174 κάλλιον,
506 1141 519 1167 ὃ
535 1140 587 1176 χρὴ
599 1139 637 1175 τῷ
650 1139 745 1174 θεσμῷ
757 1138 950 1174 προστεθῆναι.

165 1190 245 1222 Τινὲς
266 1189 295 1216 δὲ
317 1188 371 1215 τῶν
394 1186 442 1214 νῦν
462 1186 508 1213 τὸν
532 1184 721 1212 διδασκαλικὸν
744 1183 794 1210 οὑκ
816 1181 864 1210 οἷδ’
879 1184 953 1215 ὅπως

167 1234 432 1271 ὲμπεπιστευμένων
451 1231 559 1268 θρόνον,
570 1230 691 1266 τολμῶσι
704 1228 884 1264 νεωτερίζειν,
906 1229 953 1256 καὶ

168 1280 216 1307 τὸν
231 1278 296 1314 παρ’
306 1277 418 1304 ἐκείνων
426 1275 547 1311 κοσμίως
560 1275 607 1302 καὶ
620 1275 738 1306 εὐσεῦὦς
755 1273 954 1309 θεμελιωθέντα

169 1325 270 1360 θεσμὸν
285 1323 480 1358 ἀτιμάσαντες,
497 1321 533 1348 τὰ
544 1322 633 1348 οἰκεῖα
659 1320 846 1356 προκρίνουσι,
863 1320 910 1346 τὸν
925 1318 955 1351 ἐξ

167 1369 256 1405 ἀρχῆς
269 1368 372 1403 κόσμον
384 1367 557 1403 ἀτιμότερον,
569 1366 604 1393 δι’
618 1363 656 1392 ὧν
673 1365 778 1392 ποιοῦσι
786 1364 954 1401 νομίζοντες.

170 1417 229 1443 Ἵνα
237 1415 292 1450 γὰρ
301 1415 335 1442 τὰ
350 1413 418 1441 ἄλλα
430 1413 521 1449 παρῶ,
534 1413 563 1439 ἓν
577 1413 616 1444 είς
628 1411 642 1438 ὂ
657 1411 747 1439 πάντα
770 1411 853 1438 τείνει
868 1410 954 1443 λιεωι

168 1461 266 1496 ἐκείνῳ
286 1460 340 1496 γὰρ
360 1460 416 1495 (15)
431 1458 471 1494 τῷ
482 1459 621 1494 χρήμασιν
633 1456 789 1491 ὠνήσασθαι
804 1455 956 1492 προσδοκή-

170 1516 248 1535 σαντι
261 1507 311 1542 τὴν
323 1504 506 1540 ἀποστολικὴν
520 1504 607 1537 ἀξίαν,
621 1502 830 1538 ὲπιπληεάντων
845 1503 892 1530 καὶ
903 1510 957 1537 ’φη-

171 1554 289 1585 σάντων,
305 1561 315 1578 ε
327 1551 363 1578 To
372 1550 503 1587 ἀργύριόν
519 1558 565 1576 σου
583 1550 630 1577 σὺν
644 1550 685 1576 σοὶ
695 1549 738 1584 εἴη
751 1548 790 1580 εἰς
807 1548 955 1581 ἀπώλειαν,

169 1600 212 1626 ὅτι
234 1598 284 1633 τὴν
303 1596 408 1632 δωρεὰν
426 1595 474 1622 τοῦ
495 1594 563 1621 Θεοῦ
580 1594 710 1629 ἐνόμισας
735 1593 779 1620 διὰ
807 1591 957 1628 χρημάτων
972 1590 994 1620 C

171 1643 300 1676 κτᾶσθαι,
314 1642 364 1669 οὑκ
379 1641 439 1668 ἐστι
451 1650 492 1667 σοι
506 1640 584 1676 μερὶς
600 1640 662 1667 οὕτε
674 1639 776 1675 κλῆρος
790 1639 818 1665 ὲν
830 1638 869 1674 τῷ
886 1638 958 1672 λόγῳ

170 1690 278 1724 τούτῳ·
301 1697 308 1714 l
326 1685 399 1715 οὗτοι
408 1686 513 1718 τούτοις
529 1686 646 1721 μάλιστα
665 1686 721 1716 τοῖς
745 1683 894 1720 ἱερωσύνην
916 1684 959 1709 ὲν-

173 1735 323 1770 εχείρισαν,
335 1734 392 1764 τοῖς
401 1732 495 1767 ὥσπερ
505 1731 535 1764 ἐξ
548 1731 651 1766 ἀγορᾶς
662 1731 746 1765 αὐτὴν
756 1729 956 1765 ὠνησαμένοις.

173 1782 231 1808 Καὶ
244 1781 274 1807 οὺ
291 1779 370 1806 τοῦτό
382 1786 424 1805 πω
437 1777 533 1809 δεινὸν,
546 1777 646 1812 καίπερ
660 1775 690 1803 δν
700 1775 788 1802 δεινόν
797 1783 804 1790 ·
821 1774 890 1802 ἀλλὰ
911 1773 959 1800 καὶ

176 1827 269 1863 μεῖζον
287 1824 432 1861 φρονοῦσιν
444 1824 491 1850 ἐπὶ
509 1822 626 1858 τούτῳῆ
641 1823 730 1857 ἕτεροι
748 1822 794 1848 ἐπὶ
812 1821 961 1854 καλοκάγα-

156 1889 164 1897 .
176 1873 223 1908 θίᾳ
233 1873 282 1899 καὶ⁸
297 1869 486 1907 ἀκτημοσὺνῃ.
503 1869 558 1895 Καὶ
573 1869 638 1895 ὅταν
654 1868 702 1903 μὲν
713 1866 809 1898 δόξωσι
826 1866 902 1901 παρά
919 1874 960 1892 τι-

176 1926 231 1944 νων
260 1915 458 1951 λοιδορεῖσθαι,
483 1913 565 1945 εὐθὺς
590 1913 620 1940 τὸ
646 1911 823 1939 ἀποστολικὺν
853 1911 962 1946 ἀξίωμα

177 1961 364 1997 προφέρουσιν
380 1959 422 1995 (οὐ
435 1959 489 1994 γὰρ
501 1959 584 1993 ἡμᾶς,
600 1958 692 1992 φασὶν,
706 1956 774 1983 ἀλλὰ
789 1956 838 1992 τὴν
853 1958 963 1983 ἐπισκο-

175 2006 232 2042 πὴν
245 2003 370 2041 ὕϐρισαν)
385 2011 393 2019 ·
410 2003 473 2030 ὅταν
492 2003 521 2029 δὲ
534 2003 582 2038 δέῃ
600 2011 626 2028 τι
648 2002 750 2037 πρᾶξαι
764 2001 818 2028 τῶν
837 2001 962 2033 δεόντων,

175 2053 228 2080 οὐκ
242 2051 282 2078 ἔτι
295 2051 373 2078 τοῦτο
389 2050 583 2086 προφέρουσιν,
596 2049 633 2080 ὡς
645 2048 705 2081 ὲξδν
721 2048 814 2079 αὐτοῖς
831 2048 963 2083 τιμᾶσθαι

177 2099 228 2134 μὲν
245 2099 282 2130 ὡς
298 2097 473 2128 ἀποστόλους,
488 2095 526 2131 μὴ
544 2094 674 2130 πράττειν
688 2093 716 2120 δὲ
729 2094 767 2125 ὡς
784 2094 962 2125 ἀποστόλους.

177 2145 286 2178 Ὥσπερ
297 2142 387 2169 τοίνυν
398 2143 500 2172 ἐκεῖνος
516 2140 637 2171 πεισθεὶς
653 2141 687 2175 τῇ
696 2139 818 2175 ἡμετέρᾳ
833 2139 964 2175 παραινέ-

177 2198 233 2221 σει,
251 2189 299 2216 καὶ
321 2187 441 2219 ἀκούσας
457 2187 498 2214 ὃτι
513 2185 687 2214 ἀτοπώτατόν
714 2186 772 2212 ἑστι
801 2185 836 2212 τά
860 2185 964 2212 ἑαυτῶν

177 2234 317 2270 παρέντας
342 2233 425 2266 κακὰ,
459 2232 494 2259 τά
524 2231 579 2259 τῶν
610 2231 697 2258 ἄλλων
724 2231 964 2267 περιεργάζεσθαι,

177 2268 286 2315 animos
300 2279 406 2315 χαλινδν
420 2277 547 2314 ὲμδαλὼν
560 2279 593 2313 τῇ
613 2277 709 2304 ἑαυτοῦ
727 2276 845 2313 γλώττην
860 2277 907 2304 καὶ
924 2286 965 2304 σι·
981 2268 1004 2295 D

177 2327 232 2363 γὴν
240 2325 338 2354 ἑαυτοῦ
349 2324 610 2360 καταψηφισάμενος
623 2331 629 2338 ·
640 2323 712 2350 οὕτω
722 2323 771 2351 καὶ
782 2324 813 2350 σὺ
826 2323 962 2358 πείσθητι,

178 2374 230 2401 καὶ
244 2373 298 2400 ἀπὸ
311 2373 365 2400 τῶν
387 2371 568 2405 διδασκάλων,
592 2370 659 2407 πρὸς
683 2370 782 2397 σαυτὸν
802 2370 901 2406 τρέψον
915 2370 965 2405 τὴν

178 2419 305 2454 ἔρευναν.

1002 960 1063 987 odio
1076 959 1243 994 ﬂagrantem,
1257 959 1383 994 repressi,
1395 959 1441 994 qui
1456 959 1560 991 eadem,
1577 967 1634 994 qua:
1651 963 1678 986 tu
1694 958 1788 992 loque<

1003 1006 1092 1036 batur,
1110 1010 1191 1039 atque
1210 1005 1341 1032 adversus
1370 1004 1434 1031 illud
1450 1004 1629 1037 declamabat,
1644 1004 1789 1038 verbisque

1002 1051 1158 1085 hujusmodi
1193 1051 1346 1077 utebatur:
1366 1050 1478 1084 apostoli
1513 1050 1632 1085 quidem,
1663 1054 1756 1084 utpote
1774 1056 1789 1075 a

1002 1097 1095 1124 divino
1118 1096 1220 1131 Spiritu
1238 1096 1376 1130 sapienter
1397 1096 1538 1128 instructi,
1556 1095 1704 1123 Ecclesiam
1720 1102 1790 1129 quo-

1002 1150 1055 1177 que
1072 1142 1215 1170 utDomini
1232 1149 1357 1177 sponsam
1370 1141 1407 1169 ita
1418 1145 1599 1175 exornarunt,
1612 1145 1641 1168 ut
1656 1148 1706 1169 nec
1724 1140 1790 1168 mali

1003 1188 1150 1223 quidquam
1164 1187 1213 1223 ipsi
1232 1187 1384 1215 molestiam
1411 1187 1562 1220 exhiberet,
1578 1194 1628 1214 nec
1642 1187 1789 1222 quidquam

1005 1233 1099 1260 melius
1116 1237 1197 1266 esset,
1215 1233 1285 1268 quod
1303 1233 1335 1259 ad
1356 1233 1440 1267 ipsius
1453 1237 1578 1260 ornatum
1596 1232 1703 1267 adjungi
1728 1239 1792 1266 pos-

1008 1282 1059 1304 set.
1081 1277 1116 1303 At
1131 1277 1251 1304 nonnulli
1267 1284 1300 1304 ex
1324 1276 1378 1309 his,
1392 1277 1490 1312 quibus
1503 1284 1576 1304 nunc
1599 1276 1748 1312 magisterii
1761 1282 1794 1303 ac

1006 1323 1138 1350 doctrinae
1169 1323 1283 1350 thronus
1305 1323 1377 1350 haud
1396 1323 1452 1350 scio
1477 1330 1595 1357 quonam
1612 1327 1691 1358 pacto
1720 1329 1795 1350 com-

1006 1369 1106 1396 missus
1124 1372 1174 1400 est,
1188 1375 1233 1396 res
1256 1376 1339 1396 novas
1365 1368 1453 1395 moliri
1477 1368 1586 1400 audent,
1604 1375 1635 1395 ac
1647 1367 1731 1402 legem
1744 1368 1794 1395 ho—

1007 1419 1083 1441 neste
1095 1414 1192 1448 pieque
1205 1413 1239 1441 ab
1255 1412 1466 1448 illis_fundatam
1480 1421 1528 1448 pro
1549 1413 1632 1440 nihilo
1652 1413 1793 1446 ducentes,

1007 1467 1055 1488 sua
1078 1459 1231 1495 proferunt,
1259 1463 1378 1486 veterem
1406 1458 1512 1486 scilicet
1537 1463 1673 1491 ornatum,
1689 1466 1737 1493 per
1761 1466 1794 1485 ea

1008 1512 1067 1541 quae
1093 1509 1185 1540 agunt,
1212 1504 1333 1532 viliorem
1371 1509 1453 1540 atque
1477 1504 1705 1540 contemptioretn
1736 1511 1797 1532 esse

1007 1552 1168 1587 iudicantes.
1189 1550 1223 1578 Et
1257 1555 1286 1578 ut
1312 1551 1364 1578 alia
1393 1549 1516 1586 exempla
1544 1551 1680 1583 omittam,
1713 1543 1796 1578 unum

1010 1597 1229 1625 commemorabo
1259 1595 1331 1632 quod
1362 1597 1452 1624 omnia
1490 1595 1705 1630 comprehendit.
1728 1594 1796 1621 Nam

1012 1651 1073 1671 cum
1088 1643 1133 1670 ille
1154 1644 1200 1678 qui
1227 1641 1404 1677 apostolicam
1429 1643 1589 1676 dignitatem
1617 1641 1729 1676 pecunia
1741 1648 1798 1668 em-

1011 1693 1119 1724 pturum
1135 1696 1165 1716 se
1184 1694 1354 1724 speraverat,
1380 1688 1539 1723 obiurgatus
1555 1689 1636 1715 fuerit
1654 1695 1686 1715 ac
1701 1687 1796 1715 audie-

1013 1736 1059 1768 rit,
1079 1746 1088 1762 ι
1108 1735 1224 1763 Pecunia
1240 1740 1284 1762 tua
1299 1739 1387 1763 tecum
1416 1734 1452 1761 sit
1478 1733 1505 1762 in
1523 1734 1712 1769 perditionem,
1730 1741 1798 1767 quo-

1014 1781 1086 1809 niam
1115 1781 1213 1808 donum
1240 1779 1288 1808 Dei
1310 1780 1471 1807 existimasti
1501 1779 1616 1814 pecunia
1644 1778 1796 1814 pOSsiderit

1015 1834 1068 1853 non
1093 1829 1135 1853 est
1163 1825 1211 1853 tibi
1229 1833 1291 1860 pars
1320 1833 1371 1853 nec
1394 1833 1454 1853 sors
1470 1825 1496 1852 in
1515 1825 1566 1852 hoc
1588 1831 1715 1852 sermone
1730 1824 1770 1851 "z
1785 1833 1795 1850 ι

1013 1868 1057 1896 isti
1071 1873 1164 1897 contra
1179 1867 1325 1896 sacerdotii
1340 1876 1437 1897 munus
1446 1869 1480 1896 iis
1489 1869 1638 1904 praesertim
1652 1868 1798 1896 commise-

1015 1918 1088 1947 runt,
1109 1915 1155 1950 qui
1185 1918 1313 1950 tanquam
1339 1915 1366 1942 in
1396 1914 1454 1942 foro
1483 1915 1570 1949 ipsum
1596 1918 1731 1942 emerunt.
1743 1913 1798 1942 Nec

1017 1967 1081 1987 vero
1097 1960 1148 1988 hoc
1161 1961 1249 1988 adhuc
1266 1966 1349 1995 grave
1374 1965 1425 1994 est,
1441 1960 1563 1994 quamvis
1584 1960 1684 1995 alioqui
1703 1967 1797 1995 grave,

1016 2013 1110 2033 verum
1126 2006 1207 2034 etiam
1232 2006 1283 2034 hoc
1302 2006 1411 2034 nomine
1436 2006 1521 2042 magis
1541 2005 1699 2040 efferuntur,
1712 2013 1793 2040 quam

1019 2051 1065 2079 alii
1093 2052 1128 2080 ob
1151 2052 1314 2087 probitatem
1337 2060 1369 2080 ac
1393 2052 1572 2080 voluntariam
1602 2057 1799 2088 paupertatem.

1016 2098 1104 2132 Atque
1118 2105 1178 2125 cum
1192 2105 1207 2124 a
1224 2098 1384 2132 quibusdam
1408 2098 1540 2126 conviciis
1556 2098 1647 2132 impeti
1662 2098 1799 2131 videntur,

1017 2143 1108 2171 statim
1123 2143 1297 2178 apostolicam
1315 2140 1474 2178 dignitatem
1491 2143 1633 2179 proferunt
1644 2143 1713 2179 (non
1728 2144 1801 2171 enim

1018 2196 1077 2222 nos.
1093 2189 1228 2224 inquiunt,
1250 2189 1297 2217 sed
1311 2190 1494 2224 episcopatum
1519 2189 1681 2216 contumelia
1700 2189 1799 2218 aﬂ'ece-

1019 2235 1110 2270 runt),
1126 2242 1186 2262 cum
1203 2239 1293 2263 autem
1308 2235 1409 2270 aliquid
1431 2242 1536 2269 eorum,
1550 2242 1610 2269 quae
1625 2234 1703 2262 oﬂicii
1729 2229 1809 2268 sunt,‘

1019 2280 1152 2314 agendum
1169 2284 1221 2313 est,
1236 2287 1290 2307 non
1308 2279 1424 2315 amplius
1444 2281 1502 2307 hoc‘
1520 2278 1670 2314 proferunt,
1691 2279 1804 2314 perinde

1019 2329 1100 2360 atque
1115 2326 1167 2353 hoc
1196 2326 1262 2360 ipsis
1283 2325 1375 2358 liceat,
1388 2325 1485 2353 honori
1509 2324 1601 2353 haberi
1617 2329 1646 2352 ut
1676 2324 1802 2360 apostoli,

1019 2379 1071 2398 non
1085 2375 1175 2398 autem
1191 2371 1280 2399 facere
1292 2375 1322 2398 ut
1337 2371 1461 2406 apostoli.
1478 2370 1711 2405 Quemadmodum
1722 2370 1804 2406 igitur

1022 2417 1079 2449 ille,
1106 2424 1170 2444 cum
1198 2417 1313 2445 consilio
1337 2422 1431 2446 nostro
1468 2417 1615 2452 paruisset,
1630 2421 1712 2453 atque
1739 2416 1804 2444 illud

179 2465 324 2498 audiisset,
334 2465 559 2494 absurdissimum
571 2472 641 2498 esse,
659 2464 732 2492 vitiis
749 2464 850 2492 nostris
863 2464 982 2497 omissis,
1004 2463 1118 2492 aliorum
1135 2463 1216 2500 m7
1233 2464 1298 2492 vitia
1312 2465 1460 2500 inquirere,
1479 2465 1556 2494 freno
1575 2465 1671 2501 lingua:
1694 2464 1802 2499 injecto.

131 2530 134 2531 ν
180 2518 215 2539 ac
230 2512 320 2546 seipso
330 2511 438 2553 silentio
463 2511 577 2539 multato
605 2510 803 2539 abiit:eodem
830 2510 911 2538 modo
935 2515 962 2538 tu
983 2517 1089 2546 quoque
1107 2511 1275 2546 obtempera,
1287 2516 1346 2540 ets
1376 2511 1522 2548 magistris
1547 2511 1580 2539 ad
1603 2511 1716 2545 teipsum
1751 2509 1803 2536 hu-

173 2559 298 2597 jusmodi
311 2559 554 2595 perscrutationem
571 2563 708 2587 converte.

212 2658 238 2675 "
251 2657 312 2686 Act.
322 2665 382 2691 vni,
396 2657 442 2686 20.

1728 2685 1743 2702 ε

737 2734 852 2763 VARLE
868 2733 1061 2763 LECTIONES
1077 2734 1122 2763 ET
1141 2734 1261 2764 NOTE.

226 2816 387 2852 (ιεςλρυω-
397 2817 547 2848 sequuntur
574 2818 634 2848 post
662 2814 705 2840 ἴνα
731 2814 795 2850 γὰρ,
814 2815 946 2851 usquead

1007 2815 1069 2852 είνῳ
1083 2815 1147 2850 γάρ,
1162 2814 1304 2842 omittebat
1331 2812 1373 2840 ed.
1401 2809 1493 2838 Paris.‘
1516 2807 1658 2835 Adduntur
1686 2811 1717 2832 ex
1743 2804 1802 2832 cod.

176 2849 280 2881 Valle;
288 2850 351 2879 650.
367 2849 448 2877 Eon.

343 2908 482 2937 Ρηιιοι.
504 2905 562 2936 Gn.
593 2901 753 2937 LXXVIII.

1589 2893 1627 2923 33
