2045 3158
180 125 248 159 10H

649 126 918 158 EPISTULARUM
936 128 1010 158 LIB.
1038 129 1110 175 III.”
1129 142 1147 147 —
1165 130 1283 160 EPIST.
1299 130 1383 160 CDX.

1746 124 1820 158 108

179 181 272 210 τοίνυν
287 182 387 218 συνὼν,
402 184 529 220 αἴσθησιν
540 183 614 219 αὐτῷ
633 184 742 219 ὲμποίει
756 183 806 219 τῆς
822 181 975 218 ἀνηκέστου

1031 175 1108 218 atque
1116 183 1254 212 observas.
1272 183 1454 218 Quamobrem
1481 186 1528 211 aut
1549 190 1610 211 cum
1625 189 1657 210 eo
1670 188 1814 210 consuetu-

179 228 274 261 νόσου,
289 229 305 265 ἢ
321 229 466 266 ἀπόστηθι,
484 229 634 266 ἐπιτρίϐων
648 229 731 257 αὑτοῦ
746 229 795 265 τὴν
808 228 917 257 κακίαν.

324 377 389 406 ΥΗ¹.
405 392 440 398 -
458 377 587 404 ΖΗΝΩΝΙ
603 377 747 412 ΜΟΝΑΧῼ
765 376 832 411 (25).

220 422 281 450 Ὀτι
296 423 347 458 μὲν
364 422 543 459 ἀκμαζούσης
562 422 614 458 τῆς
634 423 809 458 Ἐκκλησίας,
830 422 878 448 καὶ
890 422 974 457 μήπω

182 468 375 503 νενοσηκυίας,
388 468 423 495 τὰ
435 468 494 495 θεῖα
507 469 571 504 περὶ
586 468 671 503 αὐτὴν
681 468 791 503 ἑχόρευε
806 468 974 503 χαρίσματα,

184 514 231 542 τοῦ
248 514 326 548 ἁγίου
341 514 500 550 Πνεύματος
516 515 756 549 δημαγωγοῦντος,
773 515 818 541 καὶ
835 514 889 541 τῶν
909 523 976 550 προσ

185 559 311 587 ιστώτων
323 559 437 586 ἕκαστον
449 559 597 592 κινοῦντος,
613 559 660 585 καὶ
672 559 785 593 οὐρανὸν
796 559 846 594 τὴν
861 559 976 594 Ἐκκλη-

186 608 248 635 σίαν
264 608 405 639 ποιοῦντος
418 629 424 641 ,
445 609 512 634 πᾶσι
530 607 609 641 δῆλον
625 607 709 633 ἐστιν.
729 607 791 633 Ὀτι
812 606 840 632 δὲ
858 605 976 640 νοσησά-

187 661 238 688 σης
260 652 307 679 καὶ
332 652 654 687 στασιασὰσης,ἀπέπτη
678 652 766 678 πάντα
796 652 899 683 ἐκεῖνα,
926 650 974 676 καὶ

185 700 371 735 ἀπεπήδησεν,
388 699 418 725 οὐ
430 698 464 725 τὰ
475 698 633 733 χαρίσματα
649 698 739 730 μόνον·
755 697 786 723 οὐ
799 697 854 732 γὰρ
864 694 896 732 ἦν
905 696 977 724 οὕτω

186 745 274 772 δεινὸν
291 746 314 771 εἰ
328 744 408 771 τοῦτο
427 744 507 779 μόνον
517 742 549 779 ἦν
563 752 570 759 ·
586 743 653 770 ἀλλὰ
673 744 719 770 καὶ
736 743 793 778 βίος
814 743 863 769 καὶ
877 742 974 778 ἀρετὴ,

188 792 237 818 καὶ
256 791 334 817 τοῦτο
356 791 424 817 πᾶσι
443 789 533 824 δῆλον.
553 789 612 817 Ἵνα
640 788 694 824 γὰρ
716 788 801 814 τᾶλλα
827 788 907 823 παρῶ
922 807 929 818 ,
948 787 978 819 ἐξ

189 837 252 868 ἑνὸς
268 837 429 872 πράγματος
446 835 494 862 καὶ
508 835 572 870 περὶ
588 835 642 861 τῶν
662 834 763 860 λοιπῶν
777 833 924 868 αἰνίξομαι.
941 833 977 859 Τὸ
993 855 1015 882 Β

193 882 246 918 μὲν
261 882 315 917 γὰρ
329 882 378 916 τῆς
398 882 511 916 εἰρήνης
524 881 620 915 ὖνομα,
633 879 770 915 πανταχοῦ
784 887 791 895 ³
804 879 834 905 τὸ
848 879 877 905 δὲ
888 880 977 916 πρᾶγ-

191 936 241 963 μα,
269 927 396 961 οὐδαμοῦ.
419 926 489 952 Ἀλλ’
510 926 598 952 ἔοικεν
620 926 768 961 Ἐκκλησία
789 925 898 959 γυναικί
925 934 977 951 τινι

187 973 241 1008 τῆς
254 972 368 1008 ἀρχαίας
383 972 532 1006 εὐημερίας
550 971 704 1007 ἑκπεσούτῃ
717 991 724 1003 ,
743 972 790 997 καὶ
803 971 838 997 τὰ
856 970 978 1005 σύμϐολα

191 1017 273 1052 μόνον
300 1017 410 1052 ἐχούσῃ.
442 1017 498 1048 Τὰς
518 1017 567 1051 μὲν
596 1016 650 1051 γὰρ
674 1015 760 1050 θήκας
782 1016 836 1042 τῶν
852 1015 976 1050 κοσμίων

190 1062 247 1097 ἔχει
266 1062 314 1088 καὶ
333 1063 367 1089 τὰ
386 1061 520 1088 κιϐώτια*
547 1061 594 1088 τοῦ
620 1061 647 1088 δὲ
676 1061 791 1088 πλούτου
817 1061 974 1096 ἐστέρηται,

189 1109 221 1135 οὺ
236 1108 311 1143 παρὰ
335 1108 385 1143 τὴν
400 1107 446 1133 τοῦ
466 1108 495 1140 ἐξ
511 1107 598 1142 ἀρχῆς
622 1107 809 1142 κοσμήσαντος
836 1106 978 1141 ἀμέλειαν,

189 1152 259 1180 ἀλλὰ
277 1152 353 1187 παρὰ
367 1153 416 1187 τὴν
436 1152 491 1178 τῶν
507 1152 537 1178 οὺ
553 1151 668 1183 δεόντως
682 1151 715 1178 τὰ
731 1152 881 1187 πράγματα
899 1159 979 1186 μετα-

188 1196 385 1232 χειριζομένων
400 1196 508 1224 κακίαν.
523 1197 554 1222 Οἱ
574 1197 622 1231 μὲν
637 1196 692 1230 γὰρ
709 1195 818 1227 πωλεῖν,
834 1195 898 1222 οἶδὲ
917 1195 980 1229 ἀγο-

190 1242 284 1278 ράζειν
298 1242 346 1277 τὴν
368 1241 518 1278 ἱερωσύνην
532 1241 679 1277 τολμῶσιν.
693 1242 724 1268 0i.
739 1242 788 1276 μὲν
802 1241 979 1276 πράττουσιν,

190 1287 210 1314 ἃ
228 1287 296 1322 μηδὲ
312 1287 401 1320 λέγειν
421 1287 513 1322 τολμῶ
534 1286 593 1319 ὲξόν
607 1295 613 1302 ·
631 1287 656 1313 οἱ
679 1287 708 1313 δὲ
726 1286 860 1320 λέγουσιν,
881 1286 899 1312 ἃ
916 1285 979 1320 μηδ’

187 1334 290 1359 ἐννοεῖν
306 1332 393 1367 θέμις.
409 1332 530 1364 Εἰκότως
542 1330 588 1359 οὖν
603 1332 735 1367 ἠπείλησε
749 1333 805 1363 τοῖς
820 1331 951 1362 τοιούτοις
966 1331 981 1357 ὁ

188 1378 240 1412 τῆς
262 1376 425 1411 Ἐκκλησίας
447 1376 588 1411 Δεσπότης
609 1377 656 1403 καὶ
680 1375 797 1411 νυμφίος
822 1375 895 1401 τοῦθ’
912 1375 980 1410 ὅπερ

191 1423 288 1458 μαθεῖν
300 1423 444 1457 ἐζήτησας,
457 1423 498 1449 ὃτι
509 1422 590 1455 ’Ἥξει
602 1423 615 1448 ό
626 1421 728 1457 Κύριος
739 1421 786 1448 τοῦ
798 1421 892 1448 δούλου
907 1421 980 1447 ὲκεί-

190 1477 256 1501 νου,
273 1468 321 1494 καὶ
343 1468 516 1503 διχοτομήσει
539 1468 632 1500 αὑτὸν,
663 1467 710 1494 καὶ
732 1468 763 1494 τὸ
787 1468 869 1503 μέρος
897 1467 979 1494 αὑτοῦ

1026 228 1118 256 dinem
1134 229 1236 257 habens
1250 229 1404 264 gravissimi
1418 237 1451 257 ac
1463 236 1531 264 pene
1553 227 1712 256 incurabilis
1725 227 1815 255 morbi

1025 281 1134 301 sensum
1150 274 1201 308 ipsi
1218 275 1345 309 ingenera
1363 285 1371 303 :
1386 280 1432 303 aut
1449 275 1533 310 ipsius
1548 273 1748 309 improbitatem
1764 272 1814 300 ob-

1026 323 1126 351 terens,
1145 319 1178 347 ab
1191 327 1223 346 eo
1240 324 1265 346 te
1281 327 1400 347 remove.

1166 376 1325 404 CD'Vlll.—-
1344 377 1469 405 ZENONI
1487 377 1662 407 MONACHO.
1711 359 1729 375 ἢ

1062 422 1138 456 Quod
1153 422 1265 450 ﬂorente
1292 422 1424 455 Ecclesia,
1447 427 1475 450 et
1503 424 1620 450 nondum
1637 424 1730 451 morbo
1741 423 1816 452 labo-

1028 473 1104 494 rante
1117 467 1216 494 divi-nae
1229 467 1321 502 gratia:
1335 467 1438 495 circum
1452 475 1510 495 eam
1526 468 1600 495 velut
1621 469 1734 496 chorum
1751 477 1815 504 age-

1029 519 1097 545 rent,
1125 520 1219 541 sancto
1245 513 1368 541 videlicet
1394 513 1496 548 Spiritu
1528 521 1570 541 res
1592 514 1810 547 administrante.

1028 564 1108 594 atque
1138 561 1289 587 antistitum
1319 567 1537 594 unumquemque
1553 559 1694 593 incitante,
1709 567 1740 587 ac
1765 559 1816 588 Ec-

1028 605 1135 631 clesium
1157 605 1184 632 in
1210 605 1309 632 coelum
1329 609 1519 637 convertente,
1535 605 1661 633 omnibus
1682 610 1774 632 notum
1789 610 1817 633 et

1027 651 1198 685 perspicuum
1212 655 1261 678 est.
1280 651 1356 684 Quod
1368 655 1469 685 autem,
1484 655 1657 686 posteaquam
1674 658 1705 679 ea
1721 652 1817 679 morbo

1029 696 1123 724 atl‘ecta
1139 701 1192 729 est,
1207 704 1239 724 ac
1253 696 1386 724 seditione
1408 696 1552 729 laboravit,
1571 698 1662 724 omnia
1690 697 1734 724 illa
1753 704 1817 725 avo-

1029 741 1120 774 larinl,
1137 746 1219 775 atque
1235 748 1288 768 non
1315 741 1408 776 gratiae
1436 741 1566 768 duntaxat
1580 741 1678 776 (neque
1691 741 1764 768 enim
1779 741 1816 769 ita

1029 788 1117 823 gravis
1129 795 1173 814 res
1188 791 1271 819 esset,
1285 787 1306 814 si
1321 787 1371 814 hoc
1393 786 1479 814 solum
1494 787 1557 814 mali
1570 787 1653 821 esset)
1674 786 1721 814 sed
1733 787 1816 814 etiam

1030 833 1082 860 vita
1096 837 1122 860 et
1137 833 1221 860 virtus
1234 833 1427 866 abscesserint,
1439 833 1464 860 id
1477 840 1585 868 quoque
1602 832 1701 863 nemini
1717 833 1817 860 obscu-

1029 886 1088 905 rum
1104 883 1154 906 est.
1172 878 1207 906 Ut
1222 879 1292 906 enim
1308 878 1359 906 alia
1377 879 1510 912 omittam,
1535 886 1569 906 ex
1594 887 1647 906 una
1675 886 1704 906 re
1718 883 1816 906 caetera

1029 925 1110 952 etiam
1125 924 1290 958 signiﬁcabo.
1312 923 1417 952 Etenim
1431 924 1505 959 pacis
1517 924 1626 959 quidem
1642 931 1740 951 nomen
1756 923 1817 952 ubi-

1029 976 1081 1002 que
1094 973 1134 996 est
1151 978 1157 996 :
1174 976 1218 996 res
1233 974 1322 996 autem
1338 969 1396 1004 ipsa
1410 977 1543 1004 nusquam
1560 978 1567 996 :
1587 976 1680 997 verum
1696 969 1818 997 Ecclesia

1030 1014 1136 1042 feminae
1152 1015 1269 1046 cuidam,
1287 1023 1347 1050 quae.
1367 1023 1400 1042 ex
1418 1016 1529 1050 antiqua
1553 1015 1684 1043 felicitate
1706 1014 1816 1047 excidit,

1030 1067 1062 1087 ac
1079 1060 1154 1095 signa
1171 1065 1274 1087 tantum
1295 1061 1388 1095 habet,
1405 1061 1501 1089 similis
1523 1065 1573 1088 est.
1590 1060 1818 1088 Ornamentorum

1029 1107 1100 1134 enim
1117 1114 1226 1133 suorum
1243 1107 1335 1134 thecas
1347 1111 1374 1134 et
1387 1106 1492 1134 arculas
1517 1106 1607 1138 habet,
1621 1106 1716 1140 opibus
1729 1109 1819 1132 autem

1031 1151 1144 1186 spoliata
1160 1155 1202 1178 est
1216 1159 1223 1178 :
1239 1158 1291 1178 non
1304 1152 1338 1178 ob
1355 1151 1423 1186 ejus,
1436 1151 1481 1185 qui
1495 1158 1553 1178 eam
1567 1151 1684 1186 primum
1705 1157 1820 1177 exorna-

1031 1198 1079 1229 vit,
1095 1197 1227 1224 incuriam
1242 1205 1273 1224 ac
1297 1197 1501 1232 negligentiam,
1521 1197 1567 1224 sed
1594 1196 1629 1224 ob
1652 1202 1757 1229 eorum,
1773 1195 1822 1230 qui

1031 1250 1094 1275 non,
1113 1247 1142 1269 ut
1155 1243 1292 1276 convenit,
1321 1250 1365 1270 res
1385 1242 1586 1275 administrant,
1602 1241 1818 1276 improbitatem.

1030 1288 1083 1315 Alii
1099 1288 1171 1315 enim
1189 1289 1318 1321 vendere,
1334 1288 1380 1316 alii
1397 1295 1488 1315 emere
1508 1288 1690 1315 sacerdotium
1707 1287 1818 1314 audent.

1031 1333 1083 1360 Alii
1099 1341 1130 1361 ea
1147 1338 1241 1369 agunt,
1260 1342 1319 1369 quae
1331 1334 1436 1361 etiamsi
1451 1334 1539 1366 liceat,
1557 1333 1647 1361 dicere
1661 1337 1749 1360 tamen
1765 1339 1820 1360 nan

1032 1380 1140 1412 audeo;
1158 1380 1203 1406 alii
1221 1384 1310 1406 autem
1324 1387 1355 1406 ea
1383 1379 1485 1412 dicunt,
1502 1386 1560 1413 qute
1579 1386 1612 1406 ne
1626 1378 1748 1413 cogitare
1758 1378 1819 1412 qui-

1035 1425 1095 1451 dem
1111 1424 1152 1452 l'as
1167 1429 1218 1452 est.
1232 1425 1330 1452 Merito
1353 1425 1466 1459 proinde
1480 1424 1637 1459 huiusmodi
1664 1423 1820 1452 hominibus

1032 1471 1161 1498 Ecclesiae
1173 1470 1304 1498 Dominus
1316 1478 1348 1498 ac
1364 1470 1485 1505 Sponsus
1497 1471 1549 1498 hoc
1565 1470 1754 1498 interminatus
1767 1474 1820 1502 est,

191 1514 262 1550 μετὰ
280 1514 334 1540 τῶν
359 1515 481 1541 ἀπίστων
509 1514 597 1549 θήσει.
625 1513 705 1540 Ἀλλὰ
732 1513 815 1548 μῦθος
845 1513 937 1545 αὗτοῖς
962 1514 979 1549 ἡ

1034 1517 1105 1551 quod
1127 1517 1173 1543 tibi
1193 1524 1208 1543 a
1227 1523 1270 1543 me
1294 1517 1392 1551 exponi
1415 1515 1674 1551 quaesiisti:Veniet
1693 1515 1822 1543 Dominus

191 1559 304 1594 τοιαύτη
321 1559 430 1595 ἀπειλὴ,
449 1560 497 1586 καὶ⁵
515 1559 532 1594 η
546 1559 694 1594 ἀπόφασις,
720 1559 855 1594 ἀγυρτικὴ
871 1558 980 1594 νομίζε-

190 1613 238 1632 ται
258 1605 419 1639 λογοποιία·
440 1605 528 1631 καίτοι
549 1605 642 1631 λοιπὸν
663 1604 710 1631 τοῦ
724 1604 827 1638 κόσμου
850 1605 889 1635 είς
905 1604 980 1635 τέλος

192 1650 383 1685 ἐπειγομένου,
400 1650 446 1677 καὶ
460 1650 509 1685 τὴν
519 1649 654 1685 τιμωρίαν
667 1649 819 1681 ὡδίνοντος.
841 1649 922 1676 Ἀλλὰ
936 1650 980 1682 σὺ,

191 1691 216 1722 ὧ
235 1695 286 1730 τῆς
315 1694 480 1730 Ἑκκλησίας
501 1695 613 1730 θρέμμα
640 1693 832 1729 περίϐλεπτον,
858 1693 895 1729 μὴ
923 1695 980 1725 τοῖς

191 1740 343 1775 ναυαγοῦσι
358 1741 489 1776 πρόσεχε,
509 1740 576 1776 μηδὲ
587 1740 643 1772 τοῖς
657 1739 807 1776 ῥᾳθυμοῦσι
822 1739 980 1775 παράϐαλλε

193 1786 319 1820 σεαυτὸν,
345 1786 413 1814 ἀλλὰ
439 1786 469 1813 τδ
493 1786 551 1820 φῶς
567 1786 616 1821 τῆς
639 1785 766 1820 γνώσεως
791 1785 982 1821 λαμπρότερον

187 1832 384 1864 ,κατασκεύαζε
396 1853 403 1865 ,
420 1832 538 1864 ποτίζων
563 1832 619 1867 (Ξιίι)
639 1831 705 1857 αὐτὸ
719 1831 764 1858 διὰ
777 1831 827 1866 τῆς
849 1831 920 1858 κατὰ
934 1831 980 1858 τὸν

197 1878 254 1914 βίον
272 1878 384 1914 ἀρετῆς.
402 1879 456 1905 Καὶ
471 1878 516 1904 τὸν
531 1877 647 1912 νυμφίον
662 1877 793 1912 περίμενε
803 1897 810 1909 ,
830 1877 983 1903 εἰσελευσό-

196 1932 278 1960 μενον
292 1924 349 1959 μὲν,
357 1923 427 1959 μετὰ
437 1923 491 1952 τῶν
502 1923 645 1959 παρθένων
657 1922 757 1957 ψυχαῖς
764 1930 794 1947 τε
806 1921 852 1948 καὶ
865 1921 982 1957 σώμασι·

198 1970 429 2006 μετελευσόμενον
445 1969 474 1996 δὲ
493 1969 557 2000 τοὺς
571 1968 602 1994 τὸ
616 1969 667 2003 τῆς
690 1966 839 2003 παρθενίας
861 1967 908 1995 καὶ
929 1967 980 2002 τῆς

195 2015 346 2051 ἱερωσύνης
362 2014 470 2050 ἀξίωμα
481 2034 489 2048 ,
512 2014 546 2041 δι’
561 2011 599 2042 ὧν
618 2013 781 2049 δεδράκασιν
796 2033 804 2048 ,
822 2013 982 2050 ὲνυϐρίσαντ

195 2070 256 2093 τας-

341 2199 403 2226 Υοι.
415 2213 450 2219 -
463 2198 642 2234 ΛΑΜΠΕΤΙῼ
655 2199 839 2234 ΕΠΙΣΚΟΠῼ.

239 2243 392 2277 Ἐξανύσων
411 2244 441 2270 τὸ
456 2243 533 2279 παρὰ
556 2243 603 2270 σοῦ
621 2243 896 2279 προσταχθησόμενον
912 2243 981 2279 (25),

195 2289 314 2323 deusve;
334 2284 401 2322 ἦκεν
424 2287 438 2313 ό
459 2287 551 2321 φίλος,
576 2284 606 2314 εὗ
631 2287 707 2319 εἰδὼς
721 2288 763 2314 ὅτι
785 2287 820 2314 τὰ
837 2287 913 2323 παρὰ
935 2287 982 2314 σοῦ

195 2333 379 2368 κελευόμενα,
396 2334 436 2365 είς
463 2333 604 2360 εὐσέϐειαν
620 2334 667 2362 καὶ
685 2333 858 2369 δικαιοσύνην
879 2333 984 2369 βλέπει.

202 2377 348 2411 Ἀγασθεὶς
362 2375 408 2404 οὖν
419 2377 467 2414 τὴν
486 2377 651 2414 προθυμίαν,
663 2378 778 2414 ἄμειψαι
791 2380 824 2415 τῇ
842 2378 984 2414 εὐμενείᾳ.

252 2477 312 2512 mu
328 2493 363 2499 —
382 2478 598 2515 ΜΔΡΤΙΝΙΑΝῼ
614 2479 670 2514 (26)
687 2479 922 2516 ΠΡΕΣΒΥΤΕΡῼ.

241 2533 313 2568 Ἐγὼ
326 2533 388 2562 οὔτε
402 2535 551 2568 ἄπταιστός
566 2537 639 2572 ειμι,
653 2536 715 2563 οὗτε
726 2536 892 2568 ἀπταίστους
908 2535 981 2572 ζητῶ

237 2611 262 2628 ⁸⁷
281 2610 349 2640 Luc.
359 2620 407 2646 xu,
426 2613 470 2641 46.

1031 1561 1108 1589 servi.
1116 1561 1196 1594 illius,
1211 1565 1238 1588 et
1251 1561 1352 1589 dividet
1367 1568 1440 1594 eum,
1463 1565 1490 1588 et
1505 1565 1609 1595 partem
1625 1560 1683 1595 ejus
1697 1567 1759 1587 cum
1778 1559 1821 1587 in-

1032 1608 1156 1635 ﬁdelibus
1176 1612 1258 1643 ponet
1272 1607 1306 1633 ⁵⁷.
1322 1607 1421 1634 Verum
1448 1605 1601 1640 huiusmodi
1632 1605 1821 1634 comminatio-

1033 1662 1093 1681 ncm
1107 1662 1156 1689 pro
1169 1653 1258 1681 fabula
1277 1654 1388 1686 ducunt,
1406 1657 1487 1686 atque
1507 1652 1576 1679 hanc
1589 1653 1753 1679 sententiam
1770 1659 1820 1686 pro

1033 1699 1202 1727 circulatoris
1231 1698 1371 1732 cujusdam
1404 1697 1534 1732 ﬁgmento
1550 1706 1557 1724 :
1576 1697 1683 1724 etiamsi
1706 1697 1822 1725 mundus

1031 1746 1088 1781 jam
1112 1745 1145 1773 ad
1167 1746 1245 1772 linem
1272 1748 1410 1779 properet,
1432 1751 1464 1770 ac
1491 1742 1651 1778 supplicium
1677 1743 1820 1777 parturiat.

1033 1791 1068 1818 At
1084 1795 1122 1823 tu,
1137 1798 1153 1818 ο
1170 1790 1314 1825 conspicue
1328 1789 1455 1817 Ecclesiae
1472 1789 1588 1821 alumne,
1609 1795 1643 1816 ne
1653 1788 1685 1815 ad
1703 1795 1760 1820 eos,
1776 1789 1822 1822 qui

1034 1835 1177 1870 naufragio
1199 1838 1321 1870 pereunt,
1341 1834 1460 1861 animum
1487 1833 1622 1865 attendas,
1641 1840 1690 1860 nec
1701 1840 1762 1860 cum
1778 1840 1822 1860 se-

1035 1881 1132 1917 gnibus
1150 1885 1176 1908 et
1189 1880 1293 1915 ignavis
1313 1880 1427 1914 teipsum
1442 1886 1584 1914 compares
1601 1889 1607 1906 :
1623 1886 1716 1906 verum
1732 1879 1822 1907 scien-

1035 1926 1078 1952 tiae
1092 1925 1184 1952 lumen
1196 1924 1361 1960 splendidius
1380 1924 1495 1952 subinde
1516 1924 1608 1956 redde,
1628 1931 1676 1959 per
1684 1924 1745 1952 vitae
1760 1931 1823 1959 pro-

1035 1972 1146 1999 bitatem
1175 1971 1262 2006 ipsum
1282 1970 1408 2005 irrigans.
1429 1970 1518 2004 Atque
1543 1976 1671 2005 sponsum
1694 1973 1822 2004 exspecta

1036 2016 1221 2052 ingressurum
1244 2016 1351 2051 quidem
1366 2022 1426 2044 cum
1443 2016 1489 2048 ils,
1507 2016 1551 2050 qui
1566 2015 1671 2043 animis.
1682 2020 1710 2042 et
1724 2022 1822 2050 corpo-

1036 2063 1111 2090 ribus
1126 2063 1244 2098 virgines
1258 2068 1321 2090 sunt
1338 2063 1392 2094 :_de
1417 2063 1450 2090 iis
1471 2066 1573 2094 autem,
1589 2062 1634 2097 qui
1657 2061 1822 2096 virginitatis

1036 2113 1062 2136 et
1077 2108 1222 2136 sacerdotii
1246 2108 1371 2143 dignitati
1386 2115 1433 2143 per
1448 2107 1549 2141 ﬂagitia
1566 2113 1615 2134 sua
1631 2106 1823 2134 contumeliam

1037 2153 1195 2186 intulerunt,
1210 2153 1372 2187 supplicium
1387 2157 1567 2187 sumpturum.

1171 2197 1263 2225 CDIX.
1274 2212 1308 2217 —-
1319 2196 1492 2225 LAMPETIO
1511 2195 1688 2224 EPISCOPO.

1075 2243 1180 2273 Libenti
1197 2244 1297 2277 animo,
1313 2248 1342 2270 ut
1353 2243 1426 2278 quod
1440 2243 1489 2271 abs
1511 2247 1538 2270 te
1555 2242 1716 2277 imperatum
1732 2241 1823 2274 fuerit,

1039 2292 1217 2324 exsequatur,
1243 2288 1348 2315 amicus
1369 2288 1454 2320 venit,
1476 2294 1525 2322 pro
1546 2291 1621 2314 certo
1642 2286 1766 2314 videlicet
1778 2285 1826 2314 ha-

1036 2334 1103 2362 bens
1124 2342 1168 2366 ea,
1188 2341 1249 2368 quae
1274 2334 1322 2361 abs
1339 2338 1364 2361 te
1388 2333 1567 2368 imperantur,
1595 2332 1629 2360 ad
1653 2332 1780 2367 pietatem
1798 2336 1827 2362 et

1035 2379 1168 2415 justitiam
1181 2385 1315 2414 spectare.
1340 2379 1522 2412 Quamobrem
1538 2378 1622 2405 animi
1635 2377 1826 2412 promptitudi—

1038 2433 1099 2453 nem
1115 2425 1275 2458 admiratus,
1295 2424 1511 2453 benevolentiam
1538 2424 1589 2459 ipsi
1606 2425 1736 2459 repende.

1071 2480 1154 2517 [ιιι
1170 2480 1250 2509 cox.
1267 2494 1301 2500 —
1318 2478 1535 2507 MABTINIANO
1549 2477 1791 2509 passuram.

1071 2536 1127 2571 Ego
1141 2543 1190 2563 nec
1210 2535 1288 2570 culpa
1310 2542 1401 2570 careo,
1424 2541 1476 2567 nec
1491 2534 1602 2566 amicos,
1617 2532 1663 2568 qui
1687 2530 1764 2565 culpa
1777 2536 1825 2557 ca-

747 2671 864 2700 VARIAS
877 2671 1069 2700 LECTIONES
1087 2671 1132 2699 ET
1151 2671 1266 2699 NOTAE.

237 2749 296 2785 (23)
309 2750 338 2776 In
355 2750 398 2785 tit.
416 2749 495 2784 hujus
507 2757 549 2783 ep.

197 2784 295 2820 habet,
310 2784 448 2820 ναυάρχῳ,
465 2784 604 2820 παιπανςίιο.
620 2784 722 2820 Possm.

235 2819 293 2853 (26)
311 2819 467 2851 ιιιεηιεοιι..
483 2819 614 2853 φωτίζων.
631 2819 669 2847 In.

587 2757 615 2777 ro
622 2750 744 2786 -μοναχῷ
757 2752 818 2780 cod.
832 2750 920 2780 Vatic.
939 2751 990 2780 650

1081 2751 1137 2786 (25)
1154 2750 1315 2786 ltlctnﬁcodw
1335 2748 1515 2786 npgﬂaxﬂéy:
1530 2747 1568 2776 In.

1081 2751 1127 2786 (25
1154 2751 1226 2778 Idem
1242 2751 1315 2783 cod.,
1335 2751 1515 2785 προσταχθέν.
1531 2751 1568 2776 In.

1081 2751 1137 2820 (εἰδὲ
1153 2785 1211 2812 Non
1224 2784 1407 2821 Μαρτινιανῷῌ
1414 2784 1466 2821 sed
1488 2782 1650 2818 Map-rupttp.
1664 2781 1825 2810 inscribitur

1045 2817 1100 2848 haec
1118 2817 1160 2857 ep.
1178 2817 1280 2861 incod’.
1298 2819 1356 2847 Vat.
1376 2817 1436 2846 650.
1456 2817 1492 2845 In.
