2045 3158
189 162 257 195 1049

670 165 938 196 EPISTOLARUM
955 167 1028 197 LIB.
1048 167 1098 197 IV.
1112 163 1153 184 K—
1171 167 1289 198 EPIST.
1310 167 1351 199 II.

1747 166 1818 202 1050

185 217 331 253 ἑϐδομάδος
345 217 387 249 είς
403 217 485 253 μῆνα,
500 217 556 245 τῶν
567 218 596 245 δὲ
612 219 703 254 μηνῶν
714 221 753 251 είς
767 219 888 247 ἐνιαυτόν
902 227 909 235 ·
927 221 975 246 καὶ

1037 221 1147 255 nadam,
1162 222 1329 249 hebdomada
1343 226 1432 250 autent
1449 222 1474 249 in
1487 227 1616 255 mensem,
1633 228 1740 249 menses
1752 229 1818 251 vero

186 263 267 290 πάλιν
284 263 324 294 εις
338 263 371 289 τὰ
390 263 459 289 αὐτὰ
478 264 578 298 σημεῖα
593 263 809 292 ἀποκαθίσταται
820 273 827 280 ’
842 264 885 291 διὰ
896 264 974 292 τοῦτο

186 308 226 343 πῆ
246 307 295 343 μὲν
319 307 449 342 στέφανον
465 307 600 341 ὲνιαυτοΰ,
623 309 660 344 πῆ
682 308 709 335 δὲ
724 309 820 345 τροχὸν
842 309 975 344 γενέσεως

189 353 319 380 ἐκάλεσεν
334 354 352 388 ἡ
368 353 481 389 Γραφή·
505 353 605 380 κύκλου
631 355 686 389 γὰρ
710 355 756 381 καὶ
780 356 911 390 στεφάνου
927 355 975 382 καὶ

188 398 286 435 τροχοῦ
301 398 332 425 τὸ
354 398 419 424 αὐτὸ
434 400 535 434 σχῆμα.
554 399 614 426 Τῶν
630 399 769 435 τεσσάρων
783 400 863 436 ὡρῶν
873 421 880 433 ,
899 401 975 436 ὲαρι-

189 446 238 480 νῆς
248 465 255 476 ,
277 444 363 479 φημὶ,
383 444 430 471 καὶ
444 444 570 480 θερινῆς,
589 445 777 480 μετοπωρινῆς
792 445 839 473 καὶ
855 455 977 482 χειμερι-

190 490 256 525 νῆς,
279 490 380 526 τρόπον
396 489 457 517 τινὰ
471 490 521 522 τὰς
536 491 638 526 εχεῖρας
658 492 848 518 συναπτουσῶν
868 492 920 519 καὶ
931 493 977 520 τὸν

191 535 314 562 ἐνιαυτὸν
349 535 529 568 ὲλιττουσῶν,
563 536 678 571 ἀρίστην
709 537 819 573 χορείαν
850 538 977 574 χορεύου-

192 590 235 608 σιν
255 581 320 616 (55).
337 580 415 608 Οὕτω
427 581 481 616 γὰρ
501 581 591 617 σοφῶς
608 582 655 609 καὶ
670 583 836 618 ὲναρμονίως
858 584 911 610 ὑπὸ
929 583 978 610 τοῦ

192 628 383 663 ἀριστοτέχνου
397 627 464 655 Θεοῦ
479 628 743 664 ὲδημιουργήθησαν,
758 629 796 661 ὡς
811 629 901 665 ἡρέμα
913 629 978 656 ἑκά-

194 683 260 709 στης
271 674 302 701 τὸ
314 674 390 706 τέλος
403 676 436 710 τῇ
452 675 522 710 ἀρχῇ
538 675 587 711 τῆς
600 675 682 710 ἄλλης
697 677 865 712 κιρνώμενον
880 676 979 704 λανθα-

192 719 294 753 νόντως
312 721 359 748 καὶ
380 721 584 756 ἀνεπαισθήτως
599 722 646 749 καὶ
664 722 788 754 ἀϐλαϐῶς
811 723 840 749 ὲν
854 722 909 758 (54)
923 723 980 754 τοῖς

196 766 305 802 σώμασι
327 767 464 802 χορεύειν.
492 768 550 794 Ἵνα
574 768 602 794 δὲ
622 768 787 803 σαφέστερον
811 769 923 803 γένηται
949 768 980 795 τὸ

195 811 349 846 λεγόμενον,
359 813 392 839 δι’
405 814 485 840 αὑτοῦ
497 815 543 841 τοῦ
555 816 716 850 πράγματος
729 817 743 842 ὁ
754 816 832 850 λόγος
844 816 979 851 βαδιείτω,

197 854 235 883 Τὸ
258 858 405 892 ἀκρότατον
428 859 505 895 θέρος
529 861 578 887 οὐκ
597 861 677 892 εὐθὺς
692 862 732 893 εἰς
751 862 873 896 χειμῶνα
896 861 979 898 ἄκρον

198 891 393 938 παραπέμπει·
416 901 434 939 ἦ
452 891 505 939 ﬁt:
520 904 553 931 ἂν
575 891 676 940 ἐϐλάϐη
691 891 728 932 τά
750 891 863 940 σώματα
884 891 979 932 καί-’τὰ
996 891 1017 918 Β

196 947 341 983 σπέρματι-ι
359 951 406 975 καὶ
427 950 462 976 τὰ
484 951 570 984 φυτὰ,
590 951 639 986 τῆς
660 951 761 986 ἁθρόας
775 951 926 987 μεταϐολῆς
944 951 981 987 μὴ

195 993 361 1030 ἐνεγκόντων
382 995 436 1030 (55)
463 995 514 1031 τὴν
532 995 624 1030 ἔφοδον
636 1004 642 1010 ·
669 996 736 1024 ἀλλὰ
748 997 779 1023 τὸ
799 997 848 1032 μὲν
861 996 901 1032 τῷ
918 1005 983 1032 μετ-

195 1037 296 1073 οπώρῳ
305 1041 506 1076 παραχωρῆσαι]
519 1041 608 1077 λήγει⁷
618 1041 647 1068 τὸ
662 1041 690 1068 δὲ
703 1042 772 1068 κατὰ
784 1042 832 1077 μὲν
841 1042 888 1078 τὴν
897 1042 983 1078 ἀρχὴν

195 1084 235 1120 τῷ
252 1086 335 1120 θέρει,
350 1087 419 1113 κατὰ
438 1087 464 1113 δὲ
483 1088 533 1123 τὴν
548 1088 675 1123 τελευτὴν
690 1087 781 1123 ἡρέμα
796 1088 843 1115 καὶ
856 1088 925 1114 κατὰ
941 1097 984 1123 μι-

196 1131 262 1166 κρὸν
272 1131 310 1167 τῷ
321 1132 433 1167 χειμῶνι
447 1133 588 1168 ὁμοιωθὲν,
597 1133 724 1165 ἀϐλαϐῶς
731 1133 770 1168 τῷ
776 1133 889 1168 χειμῶνι
900 1141 984 1168 παρα-

197 1176 313 1212 πέμπει,
327 1176 386 1204 εῐτα
397 1178 520 1214 όχειμὼν
535 1179 574 1214 τῷ
586 1178 646 1214 ἔαρι
660 1178 873 1214 παραχωρήσας,
886 1177 962 1214 λήγει
975 1186 981 1194 '

195 1223 228 1249 τὸ
251 1223 279 1249 δὲ
296 1223 366 1250 κατὰ
382 1225 479 1260 μικρὸν
497 1224 683 1256 λανθανόντως
702 1223 870 1260 κιρνὼμενον
898 1232 983 1258 παρα-

197 1267 303 1302 πέμπει
319 1268 357 1304 τῷ
372 1269 455 1304 θέρει.

1026 266 1053 293 in
1071 273 1182 299 annum,
1200 274 1361 302 rursumque
1387 267 1413 295 in
1440 268 1533 295 eadem
1559 267 1645 302 signa,
1673 274 1732 302 quae
1757 274 1819 301 per-

1026 311 1140 346 agravit,
1158 312 1333 340 restituatur:
1352 313 1422 340 hanc
1444 313 1480 340 ob
1505 320 1614 340 causam
1629 313 1692 341 alibi
1709 313 1818 348 quidem

1026 365 1154 386 coronam
1167 359 1242 392 anni,
1262 359 1325 386 alibi
1350 367 1416 387 vero
1436 364 1522 388 rotam
1545 360 1728 395 generationis
1745 359 1819 388 Scri-

1026 408 1106 439 ptura
1121 404 1265 439 appellavit
1282 404 1386 440 (circuli
1411 412 1528 440 namque
1551 410 1578 433 et
1594 413 1700 434 coronae
1713 410 1743 434 et-
1755 410 1821 433 rota

1027 450 1120 478 eadem
1133 454 1174 477 est
1186 450 1294 485 ﬁgura),
1311 450 1382 485 quod
1399 455 1515 485 quatuor
1526 451 1611 484 horte,
1623 451 1820 479 videlicetver—

1028 503 1092 522 num
1108 499 1212 528 tempus
1224 499 1251 523 et
1272 496 1395 523 mstivum
1416 500 1443 523 et
1455 496 1608 524 autumnale
1627 501 1655 524 et
1677 497 1820 524 hibernum

1029 539 1141 567 invicem
1166 539 1364 574 quodammodo
1379 547 1477 567 manus
1491 545 1665 573 connectant,
1679 545 1707 568 et
1720 548 1820 568 annum

1028 585 1248 619 circumvolvant,
1275 590 1355 621 atque
1371 586 1406 613 ita
1433 585 1562 620 optimam
1584 586 1727 620 quamdam
1753 585 1821 612 cho-

1029 638 1102 659 ream
1118 631 1226 659 ducant.
1252 632 1326 659 Adeo
1351 632 1423 659 enim
1445 631 1579 667 sapienter
1593 635 1621 658 et
1636 635 1697 665 apte
1723 638 1820 658 conve-

1030 677 1188 712 nienterque
1203 678 1236 705 ab
1245 678 1347 712 optimo
1363 677 1466 705 artiﬁce
1497 677 1551 704 Deo
1567 681 1664 704 creata:
1677 680 1739 703 sunt
1755 683 1822 710 qua-

1031 726 1091 750 tuor
1105 723 1158 750 illa:
1174 723 1236 750 anni
1250 723 1334 756 horai,
1355 727 1383 750 ut
1397 723 1525 757 paulatim
1541 723 1671 758 cujusque
1683 722 1744 749 linis
1759 729 1820 748 cum

1031 767 1141 796 alterius
1165 768 1295 802 principio
1324 769 1523 796 inadverteuter
1546 769 1658 803 sineque
1684 775 1766 795 sensu
1791 774 1823 794 ae

1032 821 1100 840 noxa
1125 813 1177 842 ulla
1196 813 1353 848 corporibus
1371 813 1443 840 illata
1470 817 1673 841 convertantur.
1702 812 1756 839 Sed
1769 819 1822 845 quo

1033 858 1200 885 manifestius
1224 858 1270 884 ﬁat
1292 858 1316 884 id
1339 858 1410 892 quod
1431 858 1500 891 dico,
1529 865 1576 892 per
1597 857 1695 890 ipsam,
1716 863 1767 891 qua
1791 855 1824 882 de

1033 903 1196 938 agitur,rcm
1211 908 1303 930 nostra
1318 903 1404 930 oratio
1422 903 1568 937 gradiatur.
1582 901 1720 930 Summam
1739 905 1820 928 testa-

1036 952 1088 975 tem
1109 956 1161 974 non
1176 955 1190 974 e
1202 948 1313 983 vestigio
1328 949 1354 975 in
1372 955 1504 975 summam
1528 947 1645 974 hiemem
1666 945 1825 974 transmittit

1037 995 1116 1022 Deus.
1134 993 1257 1021 Profecto
1273 995 1343 1021 enim
1361 995 1384 1021 si
1401 994 1426 1021 id
1444 994 1530 1027 ﬁeret,
1554 998 1609 1020 tum
1634 999 1699 1019 vero
1718 996 1745 1019 et
1762 998 1824 1018 cor-

1037 1047 1102 1076 pora
1116 1039 1304 1072 animantium,
1320 1044 1347 1066 et
1364 1039 1466 1066 semina
1488 1043 1515 1066 et
1535 1039 1673 1074 gignentia
1689 1037 1760 1069 laedi,
1777 1043 1825 1063 ne-

1037 1092 1113 1113 cesse
1121 1089 1201 1117 esset,
1214 1085 1284 1118 quod
1302 1085 1398 1111 subitae
1408 1085 1564 1111 mutationis
1577 1083 1742 1110 invasionem
1755 1081 1826 1108 ferre

1037 1138 1090 1158 non
1114 1134 1223 1164 possent
1242 1139 1248 1157 :
1266 1130 1311 1157 sed
1334 1134 1414 1156 aestas
1441 1129 1547 1163 quidem
1572 1133 1701 1155 autumno
1725 1125 1824 1153 cedens

1036 1176 1301 1204 desinit:autumnus
1314 1182 1378 1202 vero
1393 1175 1418 1201 in
1436 1175 1550 1202 hiemem
1559 1174 1660 1207 absque
1672 1171 1744 1199 omni
1757 1177 1826 1197 noxa

1037 1221 1151 1255 transit,
1178 1221 1239 1248 dum
1267 1221 1344 1248 initio
1366 1221 1418 1253 sui,
1449 1219 1548 1252 testati,
1576 1219 1627 1245 line
1651 1222 1739 1244 autem
1768 1215 1825 1243 cle-

1036 1272 1141 1294 menter
1171 1273 1203 1294 ac
1232 1266 1360 1301 paulatim
1393 1265 1476 1293 hiemi
1504 1264 1699 1291 conformatur.
1736 1261 1829 1289 Hiems

198 1315 296 1343 deinde
319 1317 373 1343 veri
399 1318 466 1344 dans
489 1317 576 1345 locum
605 1318 726 1346 desinit:
748 1323 775 1346 et
799 1324 845 1345 ver
864 1323 970 1352 quoque
990 1314 1119 1350 paulatim
1152 1321 1184 1342 ex
1203 1313 1317 1341 diversis
1340 1312 1513 1347 qualitatibus
1541 1313 1773 1346 contemperatum
1799 1309 1827 1336 in

199 1370 321 1392 :rstatem
343 1365 527 1399 transmigrat.

468 1423 506 1449 B'.
525 1439 559 1445 _
578 1425 713 1460 ΖΩΣΙΜῼ.

199 1465 254 1499 Eli,-
267 1465 311 1499 τὸ,
327 1476 336 1492 t
355 1467 541 1501 Καθήλωσον
553 1469 586 1495 ἐκ
603 1469 655 1496 τοῦ
666 1470 761 1504 φόϐου
777 1477 834 1497 σου
847 1470 900 1503 τὰς
913 1469 986 1504 σάρ-

504 1512 560 1536 κας
575 1513 646 1538 μου.
671 1514 680 1530 ι

237 1565 345 1599 Γέλωτα
367 1566 540 1600 όφλισκάνεις
565 1565 598 1604 (ὦ
621 1569 648 1595 τί
674 1577 704 1596 σε
726 1569 844 1601 καλέσας
863 1570 913 1605 τῆς
939 1570 988 1606 σῆς

199 1612 369 1647 ἀναλγησίας
380 1612 545 1648 καθάψομαι)
557 1623 564 1647 ;
577 1614 723 1650 εὐχόμενος
731 1623 737 1631 ’
757 1625 766 1641 ι
778 1615 945 1650 Καθήλωσον
957 1617 989 1642 ὲκ

200 1657 249 1684 τοῦ
263 1657 345 1692 φόϐου
369 1667 416 1685 σου
439 1660 488 1691 τὰς
505 1659 610 1695 σάρκας
626 1669 688 1696 μου.
709 1670 718 1687 ι
737 1661 797 1688 Τῶν
813 1662 861 1696 μὲν
881 1661 935 1697 γὰρ
955 1660 989 1688 τὰ

202 1703 270 1739 παρ’
282 1703 385 1730 ἑαυτῶν
406 1705 601 1740 εἰσφερόντων,
624 1706 670 1733 καὶ
691 1707 874 1742 νηστευόντων
891 1707 937 1734 καὶ
955 1707 988 1742 τῇ

201 1749 354 1785 αὐταρκείᾳ
378 1750 537 1785 χρωμένων,
553 1751 599 1778 καὶ
615 1751 661 1778 τοῦ
678 1751 802 1787 σώματος
822 1752 990 1785 κολαζόντων

203 1793 239 1820 τὰ
261 1795 448 1830 σκιρτήματα,
470 1796 542 1822 ἐστὶν
557 1796 624 1832 αὕτη
644 1797 661 1832 ὴ
685 1797 761 1832 εὐχὴ,
779 1798 937 1832 ἐπικουρίαν
957 1799 989 1833 τῇ

203 1840 294 1867 αὐτῶν
317 1840 372 1875 (56)
389 1841 504 1876 ἀσκήσει
530 1843 687 1878 πεμφθῆναι
708 1844 853 1878 οὐρανόθεν
867 1853 992 1880 παρακα-

204 1885 334 1913 λούντων.
349 1886 408 1913 Τῶν
422 1887 461 1919 δὲ,
475 1887 569 1922 ὥσπερ
582 1888 626 1920 σὺ,
641 1889 779 1925 κραιπάλῃ
796 1890 908 1925 ἀμέτρῳ
921 1899 993 1918 πιαι-

205 1932 306 1959 νόντων
320 1933 351 1959 τδ
367 1933 456 1968 σῶμα,
472 1934 519 1960 καὶ
534 1936 623 1970 τρυφῇ
639 1935 747 1970 ποικίλῃ
770 1935 817 1962 καὶ
832 1936 990 1972 παντοδαπῇ

204 1977 242 2004 τὰ
262 1979 434 2014 σκιρτήματα
458 1980 542 2014 αὐτῆς
564 1979 766 2016 ὁιεγειρόντων,
783 1982 830 2008 καί¹
849 1984 881 2018 τῇ
901 1982 993 2018 εὐεξίᾳ

205 2024 270 2055 τοὺς
284 2023 402 2058 ἀθλητὰς
418 2025 658 2060 ἀποκρυπτόντων,
673 2027 723 2054 οὐκ
738 2027 805 2055 ἔστι.
823 2028 927 2056 Ταύτδν
939 2029 993 2064 γὰρ

206 2070 305 2102 ποιεῖς,
321 2069 357 2102 ὡς
373 2070 405 2097 ἂν
417 2071 441 2097 ει
457 2072 503 2097 καὶ
518 2071 613 2112 ἑταίρᾳ
628 2072 851 2108 συμπλεκόμενος
861 2075 908 2101 καὶ
924 2075 994 2111 ἐρῶν

207 2115 310 2151 αὐτῆς,
334 2115 421 2149 εΰξοιο
447 2117 503 2152 (57)
530 2119 706 2154 σωφροσύνην
723 2119 825 2146 λαϐεῖν.
852 2120 912 2147 Τῶν
940 2121 993 2156 γὰρ

208 2161 339 2196 ἀνωτέρω
354 2161 408 2188 τῶν
431 2162 545 2190 δικτύων
568 2164 675 2199 ἐκείνης
696 2165 853 2200 πετομένων
880 2165 954 2193 ἐστὶν
977 2167 993 2202 ἠ

1265 1419 1348 1455 414
1366 1419 1399 1446 u.
1416 1435 1450 1439 _
1464 1417 1600 1450 zosmo.

1040 1465 1074 1493 In
1087 1465 1155 1493 illud
1171 1465 1272 1492 Psalmi
1291 1466 1402 1497 dictum,
1419 1473 1428 1490 ‹
1443 1463 1550 1499 Conﬁge
1567 1465 1659 1491 timore
1678 1467 1722 1491 tuo
1737 1473 1828 1492 carnes

1361 1518 1431 1537 meas
1443 1509 1476 1537 °‘.
1494 1519 1503 1536 ι

1072 1576 1138 1604 Risu
1156 1576 1276 1611 profecto
1287 1576 1384 1611 dignus
1393 1583 1432 1608 es,
1451 1575 1487 1602 mi
1505 1575 1586 1603 homo
1604 1575 1694 1610 (quem
1713 1582 1764 1610 ego
1776 1582 1829 1610 quo

1038 1621 1146 1649 nomine
1161 1620 1291 1655 appellem
1303 1620 1408 1652 nescio,
1422 1620 1483 1646 dum
1498 1624 1637 1653 stuporem
1650 1623 1723 1646 tuum
1739 1625 1831 1653 repre-

1039 1666 1151 1702 hendo),
1162 1667 1270 1701 quando
1287 1667 1424 1701 precaris:
1446 1675 1455 1692 t
1470 1665 1581 1701 Contige
1599 1667 1695 1693 timore
1709 1669 1754 1692 tuo
1769 1672 1830 1692 car-

1039 1719 1087 1739 nes
1107 1719 1190 1739 meas.
1205 1721 1214 1737 ›
1227 1712 1326 1738 Eorum
1344 1711 1416 1739 enim
1434 1711 1491 1738 haec
1503 1716 1546 1738 est
1561 1711 1689 1746 precatio,
1701 1711 1746 1746 qui
1758 1709 1831 1744 quod

1040 1754 1066 1782 in
1084 1761 1113 1781 se
1134 1759 1176 1782 est
1198 1754 1351 1787 conferunt,
1373 1758 1399 1781 et
1418 1754 1551 1788 jejunaut,
1564 1759 1591 1781 et
1614 1761 1663 1781 sua
1679 1759 1752 1781 sorte
1765 1761 1831 1780 con-

1043 1802 1119 1835 tenti,
1138 1809 1274 1836 parvoque
1291 1802 1361 1828 beati
1381 1801 1484 1833 vivunt,
1504 1807 1590 1834 eaque
1608 1799 1713 1826 ratione
1736 1800 1828 1826 carnis

1040 1848 1219 1875 exsultantem
1231 1847 1368 1874 lasciviam
1381 1846 1513 1880 castigant
1526 1850 1553 1873 et
1563 1849 1747 1879 compescunt,
1770 1843 1832 1878 qui-

1041 1900 1095 1928 que
1115 1893 1221 1920 caelitus
1242 1900 1319 1927 opem
1343 1897 1370 1919 et
1396 1892 1524 1919 auxilium
1552 1897 1608 1918 suae
1635 1888 1832 1917 exercitationi

1042 1939 1112 1966 mitti
1128 1939 1313 1973 postulant.At
1325 1938 1377 1965 illis
1393 1938 1505 1964 minime
1519 1936 1654 1967 convenit,
1669 1935 1725 1970 qui,
1735 1941 1832 1969 quem-

1043 1985 1184 2013 admodum
1209 1988 1236 2010 tu
1255 1983 1334 2016 facis,
1352 1982 1461 2016 crapula
1493 1981 1637 2009 immodica
1659 1987 1757 2014 corpus
1789 1986 1833 2006 sa-

1043 2031 1147 2065 ginant,
1168 2034 1196 2057 et
1219 2029 1303 2056 variis
1321 2028 1538 2062 omnimodisque
1552 2026 1657 2054 deliciis
1678 2026 1736 2060 eius
1754 2029 1832 2060 pelu-

1043 2075 1155 2102 lantiam
1171 2079 1275 2102 tantum
1291 2074 1368 2101 abest
1382 2078 1412 2100 ut
1427 2073 1585 2107 reprimant,
1608 2076 1638 2098 ut
1657 2071 1745 2105 potius
1759 2069 1834 2098 exci-

1046 2125 1115 2154 tent,
1134 2126 1162 2149 et
1182 2121 1250 2148 bene
1270 2124 1362 2147 curata
1383 2118 1501 2146 cuticula
1522 2118 1594 2152 ipsos
1617 2117 1699 2144 etiam
1719 2115 1834 2143 athletas

1045 2167 1164 2195 vincunt.
1188 2166 1304 2194 Perinde
1328 2173 1444 2200 namque
1470 2165 1560 2192 facere
1585 2163 1702 2195 videris;
1719 2169 1750 2189 ac
1766 2162 1788 2189 si
1807 2162 1835 2189 in

207 2207 276 2242 εὐχή
288 2215 295 2223 ·
318 2207 348 2234 οὑ
372 2208 426 2235 τῶν
445 2209 560 2244 ἄρκυσιν
576 2210 785 2238 ὑποκυπτόντων
809 2211 922 2243 ἑαυτοὺς
935 2213 987 2243 ταῖς

1047 2212 1207 2241 meretriciis
1218 2212 1323 2240 haerens
1340 2211 1519 2246 amplexibus,
1533 2213 1559 2237 et
1573 2209 1656 2237 scorti
1669 2207 1754 2235 amori
1767 2207 1834 2235 dans

208 2252 320 2288 αὑτῆςῆ
335 2254 372 2285 ὡς
383 2254 417 2281 ἂν
429 2254 482 2282 ἀπὸ
490 2255 582 2282 πλοίου
595 2256 634 2289 εἰς
645 2256 761 2291 πέλαγος
774 2258 885 2293 ἄπειρον
898 2258 995 2285 σαὺτὸν

248 2331 270 2348 ⁸¹
284 2331 355 2360 Psal.
367 2340 462 2366 cxvm,
474 2333 535 2362 1‘20.

1049 2266 1170 2294 operam,
1184 2258 1286 2286 interea
1297 2257 1431 2293 pudicitia:
1443 2262 1554 2291 compos
1566 2255 1624 2283 tieri
1639 2258 1727 2290 optes.
1736 2252 1835 2280 Eorum

757 2412 877 2440 VARUS
897 2412 1089 2442 LECTIONES
1110 2413 1154 2441 ET
1174 2413 1292 2442 NOT/E.

211 2483 333 2524 epistolae
354 2492 406 2512 ms.
427 2485 488 2513 cod.
503 2485 616 2524 Veneti,
632 2494 711 2524 quem
732 2487 758 2514 in
769 2487 937 2524 bibliotheca
966 2489 996 2515 ὃ.

213 2519 298 2547 Marci
307 2523 415 2556 exstare
427 2519 651 2556 testatuerstus
664 2521 800 2549 Senensis.
814 2522 841 2548 ld
855 2523 918 2550 mihi
930 2524 996 2551 satis

213 2555 350 2590 augmenti
362 2559 413 2588 est,
430 2560 527 2590 praeter
541 2555 592 2582 alia
608 2563 668 2590 qtue
683 2557 754 2583 domi
777 2557 862 2584 habeo
876 2577 883 2588 ,
900 2565 932 2584 ex
951 2559 997 2585 illo

213 2589 274 2623 ipso
288 2589 359 2616 hunc
372 2591 444 2626 cod.__
454 2589 632 2626 Davaricutn’,
645 2591 714 2618 unde
735 2592 783 2618 has
808 2592 934 2626 epistolas
949 2593 982 2619 de

213 2629 353 2660 promptas
374 2624 472 2660 publici
493 2625 562 2658 juris
583 2626 661 2658 primi
678 2626 790 2652 facimus
803 2645 810 2657 ,
824 2624 996 2660 'descriptum

213 2665 287 2696 esse.
303 2658 445 2696 Dgordiue
459 2660 632 2696 epistularum
651 2660 743 2688 lsitluri
756 2661 810 2696 diri
832 2662 857 2688 in
870 2658 995 2696 prolego-

214 2692 312 2719 menis.
329 2692 460 2731 Βιττκ-
474 2692 525 2720 Pro
539 2695 697 2730 χορεύουσιν
712 2697 771 2723 cod.
788 2695 847 2723 Vat.
862 2692 914 2723 650
924 2692 997 2731 legit.

215 2728 397 2762 χορευουσῶν.
415 2728 519 2755 Ροκειξι.

253 2763 308 2799 (ᾆό)
330 2762 471 2799 ’ᾼρίσντην
485 2764 604 2797 χορείαν
616 2765 804 2799 χορεύουσιν.
817 2766 960 2793 Geminum
973 2767 999 2793 in

215 2798 326 2832 modum
348 2798 466 2830 loquitur
481 2799 599 2825 lsidorns
617 2804 706 2827 noster
727 2802 808 2832 epist.
824 2801 875 2828 170
892 2801 938 2828 lib.
958 2808 998 2828 ιιι.

213 2831 313 2870 ῶσπερ
329 2832 437 2866 χορείαν
451 2832 511 2870 τινὰ
525 2833 638 2870 ᾴρίστην
649 2835 702 2861 τῶν
719 2831 798 2868 ὡρῶν
820 2836 999 2870 χορευουσῶν.

218 2866 256 2894 De
268 2872 384 2901 quatuor
397 2867 459 2895 anni
477 2866 561 2900 horis,
580 2866 657 2903 quam
674 2874 733 2904 apte
745 2866 800 2898 ‘sint
813 2866 960 2903 ordinatae,
975 2876 1001 2898 et

1050 2496 1079 2516 se
1103 2489 1215 2516 invicem
1234 2492 1426 2526 consequatur,
1450 2495 1575 2526 magnum
1595 2485 1836 2526 providentiaeHDci

1051 2528 1237 2558 argumentum
1256 2520 1423 2557 praebentes,
1434 2520 1532 2550 vide‘et
1545 2520 1740 2558 Theodorctum
1756 2520 1803 2558 lib_.
1816 2527 1835 2558 _t.

1053 2554 1096 2585 De
1107 2554 1288 2585 Providentia.
1304 2558 1427 2585 Coul‘erri
1443 2565 1548 2592 quoque
1565 2557 1666 2592 utiliter
1683 2554 1838 2592 poteritlsi-

1051 2594 1108 2620 dori
1122 2594 1206 2620 nostri
1221 2594 1300 2627 epist.
1315 2593 1367 2620 158
1382 2594 1417 2620 lib
1430 2588 1459 2623 n;
1476 2588 1555 2626 et'ep.
1573 2591 1624 2618 508
1639 2590 1683 2616 lib.
1697 2597 1736 2627 ιιι.
1755 2588 1836 2627 ίξιτλτ.

1087 2628 1143 2662 (54)
1164 2623 1327 2658 ΙιΙεηιἐο‹1.,
1344 2635 1397 2654 om.
1414 2627 1449 2662 ev,
1459 2632 1486 2653 et
1504 2623 1581 2652 vérsu
1596 2630 1655 2659 post
1670 2625 1747 2650 tertio
1762 2623 1838 2658 βαδι-

1052 2661 1121 2694 ζέτω
1137 2663 1209 2695 legit,
1225 2670 1273 2697 pro
1289 2662 1422 2697 βαδιείτω.
1440 2661 1544 2687 Possm.

1085 2697 1141 2731 (55)
1157 2694 1297 2724 Οοάίνίιιζ
1324 2697 1468 2731 ὲνὲγκοντα.
1486 2702 1562 2722 versu
1582 2694 1685 2729 penult.
1710 2697 1770 2727 post
1794 2700 1839 2727 μι-

1049 2731 1335 2768 κρὸνῗιιιίιῐὶικαίκιι).
1371 2765 1383 2768 _
1615 2763 1630 2768 _
1721 2761 1728 2768 ‘
1766 2761 1779 2767 _

1086 2767 1142 2801 (56)
1161 2765 1231 2792 Idem
1242 2767 1315 2799 cod.,
1329 2765 1414 2799 σφῶν,
1426 2770 1453 2791 et
1465 2771 1533 2790 vers.
1545 2763 1632 2798 post2
1643 2770 1691 2797 pro
1704 2761 1734 2788 τὺ
1746 2761 1837 2796 σῶμα,

1050 2802 1098 2828 τὴν
1120 2801 1217 2828 σάρκα.
1238 2802 1274 2827 lo.

1067 2811 1098 2834 ην
1120 2809 1217 2836 σαρκα.
1238 2809 1274 2827 ID.

1088 2837 1142 2871 (37)
1168 2835 1219 2862 Pro
1235 2835 1322 2867 εΰξοιο
1347 2834 1415 2871 idem
1433 2833 1493 2871 eod.
1520 2830 1700 2871 legite‘bgato,
1722 2835 1749 2859 et
1766 2836 1837 2858 vers.

1053 2867 1110 2905 post
1125 2867 1141 2897 εὶ
1160 2878 1207 2905 pro
1226 2869 1446 2899 θποκυτττόντων,
1463 2867 1679 2894 ὑποόαλ).ὀντων.
