2045 3158
198 146 266 178 1οἯ

795 136 826 164 S.
847 133 993 164 lSlDURl
1015 132 1233 162 PELUSIOTA!

1758 130 1828 164 1068

198 210 260 230 nem
278 199 408 238 (morum)
428 201 607 232 magnamque
629 192 773 221 ostendant
796 191 986 223 mulationem,

1042 189 1160 225 μεγάλην
1190 187 1311 215 δεικτέον
1339 185 1388 222 τὴν
1413 186 1580 224 μεταϐολὴν,
1605 185 1756 220 ἀσκοῦντας
1781 190 1831 216 καὶ

197 251 357 276 exercentes
369 252 399 273 se
415 244 453 279 (in
463 241 574 278 pietatis
587 238 688 273 studio)
703 242 733 266 et
745 237 864 273 quietam
877 240 988 272 agentes

197 293 294 326 vitam,
311 296 339 319 et
361 297 413 317 non
432 288 568 315 inhiantes
584 285 718 320 pecuniis,
733 284 756 311 si
780 283 860 310 modo
883 282 987 317 aliquos

195 338 413 366 velintmentem
436 332 488 361 sibi
504 331 633 359 adhibere
649 334 677 357 et
693 329 784 356 tidem.
805 327 872 355 Nam
890 327 911 355 si
932 327 988 354 haec

199 381 323 413 fecerim,
340 386 392 406 non
416 377 502 405 solum
521 383 565 404 res
579 375 748 403 subditorum
771 373 840 401 bene
858 373 989 406 beateque

200 435 230 455 se
246 426 378 454 habitum
391 428 465 456 sunt,
481 429 572 450 verum
588 421 670 449 etiam
690 420 740 455 ipsi
755 419 898 455 praeconiis
909 424 990 445 orna-

200 473 310 500 buntur.
323 470 416 505 Neque
429 475 493 496 vero
509 467 536 495 id
549 466 620 502 quod
642 466 667 501 (a
683 465 805 499 Christo)
818 464 919 491 dictum
934 467 987 495 est,

201 517 235 545 ad
247 517 308 548 hoc,
330 520 359 543 ut
376 514 465 542 nullus
482 511 596 541 subditis
607 510 804 545 relinqueretur
819 511 966 543 praetextas
980 515 987 533 ε

204 573 214 590 ι
229 563 316 598 Super
324 561 450 589 cathedra
459 558 542 587 Hosis
554 557 683 586 sederunt
696 555 798 584 Scribis
810 559 838 582 et
850 553 989 581 Pharisaei.

201 609 283 646 422
303 607 401 636 Omnia
427 606 510 642 igitur
529 609 700 638 quaecunque
715 600 834 628 dixerint
859 598 936 626 vobis
962 603 992 626 ut

203 655 318 687 t‘uciatis,
332 653 429 684 facite;
449 660 459 677 ι
480 650 506 678 id
522 656 587 685 ergo
598 649 631 676 ad
646 654 722 675 suam
738 647 857 681 ipsorum
878 652 988 672 excusa-

203 703 302 730 tionem
329 699 580 732 defensionemque,
602 701 630 723 et
653 695 687 722 ad
713 694 827 722 aliorum
841 700 888 720 ora
910 692 989 720 obtu-

204 747 286 774 randa
301 744 422 780 proferre
434 743 542 771 debent.
557 740 623 768 Nam
636 747 668 767 ea
688 746 750 774 qua:
771 737 910 766 excusatio
932 742 992 764 esse

203 792 318 821 videtur,
328 789 438 825 augebit
452 786 662 817 accusationem,
675 791 728 812 non
744 782 824 810 modo
838 780 992 808 inevitabile

203 835 363 872 supplicium
373 834 491 869 pariens,
504 839 596 860 verum
612 831 694 858 etiam
709 828 850 856 dementia:
862 827 991 862 probrum

1036 235 1219 271 ἠρεμοῦντας,
1245 234 1292 260 καὶ
1318 233 1355 269 μὴ
1379 233 1641 269 χρηματιζομένους,
1666 233 1744 269 εἴπερ
1763 234 1826 270 βούο

1038 283 1126 310 λοιντό
1139 290 1214 314 τινας
1227 281 1319 312 αὐτοῖς
1332 281 1474 317 προσέξειν
1486 281 1533 308 τὸν
1545 280 1617 309 νοῦν.
1631 281 1662 308 Et
1676 281 1731 316 γὰρ
1742 281 1829 309 ταῦτα

1039 328 1178 364 πράξοιεν,
1192 327 1223 354 οὺ
1246 326 1327 362 μόνον
1341 326 1374 353 τὰ
1389 326 1444 353 τῶν
1457 327 1586 362 ὑπηκόων
1600 324 1630 353 εὖ
1649 327 1828 359 διακείσεται,

1038 375 1106 402 ἀλλὰ
1120 375 1168 402 καὶ
1183 374 1260 401 αὐτοὶ
1282 374 1528 410 ἀναῤῥηθήσονται.
1548 374 1595 409 Μὴ
1614 374 1669 410 γὰρ
1689 374 1720 410 δὴ
1735 375 1766 401 τὸ
1789 375 1829 402 εἱ-

1041 421 1169 456 ρημένον,
1196 419 1265 456 πρὸς
1292 419 1324 446 τὸ
1350 419 1485 454 μηδεμίαν
1510 419 1611 454 σκῆψιν
1634 419 1830 455 ὑπολειφθῆναι

1038 467 1094 498 τοῖς
1111 465 1258 501 ὑπηκόοις·
1278 475 1288 492 ι
1313 465 1374 492 Ἐπὶ
1388 465 1438 499 τῆς
1458 464 1593 500 καθέδρας
1608 465 1748 497 Μωῡσιως
1763 466 1829 492 ἐκά-

1040 511 1119 538 θισαν
1141 512 1164 537 οι
1187 511 1365 547 Γραμματεῖς
1383 511 1430 537 καὶ
1454 511 1479 537 οῑ
1501 511 1651 546 Φαρισαῖοι.
1671 511 1762 538 Πάντα
1784 509 1831 537 οὖν

1039 558 1089 584 ὅσα
1107 557 1140 584 ἄν
1164 557 1280 592 λέγωσιν
1309 557 1374 592 ὑμῖν
1397 558 1493 589 ποιεῖν,
1512 557 1633 583 ποιεῖτεσ
1661 566 1669 583 ι
1696 557 1766 592 πρὸς
1781 557 1832 592 τὴν

1040 603 1143 630 οἰκείαν
1167 602 1327 637 ἀπολογίαν,
1351 602 1400 629 καὶ
1425 602 1494 638 πρὸς
1518 603 1547 629 τὸ
1571 603 1746 638 ἐπιστομίσαι
1769 603 1832 634 τοὺς

1040 649 1137 681 ἄλλους
1152 649 1219 684 (78),
1238 649 1459 684 προφερέτωσαν.
1482 648 1515 675 Ἣ
1536 649 1589 684 γὰρ
1603 649 1720 676 δοκοῦσα
1735 649 1834 676 ἀπολο-

1040 695 1087 730 γία
1108 695 1184 728 αὖξει
1204 695 1253 731 τὴν
1275 695 1452 730 κατηγορίαν,
1474 695 1506 721 οὑ
1539 695 1621 729 μόνον
1645 696 1834 731 ἀπαραίτητον

1040 741 1176 777 τιμωρὶαν
1188 741 1330 773 ὠδίνουσα,
1344 739 1412 767 ἀλλὰ
1427 740 1473 766 καὶ
1487 740 1581 771 ἀνοίας
1593 739 1694 771 ὄνειδος
1705 747 1835 775 προστρι-

1041 787 1154 822 6ομένη.
1169 787 1201 813 Εἰ
1217 786 1272 822 γὰρ
1297 786 1344 813 καὶ
1364 787 1420 817 τοῖς
1440 787 1583 821 φοιτηταῖς
1606 785 1685 812 τοῦτο
1699 785 1836 812 λυσιτελεῖ

1041 832 1167 866 ἀκοῦσαι,
1184 832 1241 860 ἀλλ’
1254 833 1286 859 οὺ
1309 833 1366 864 τοῖς
1381 832 1535 867 ὑφηγηταϊς
1553 832 1654 868 πρέπει
1674 832 1833 868 προφέρειν,

204 882 340 910 alfricans.
355 880 390 908 Ut
404 879 523 907 maxime
540 877 613 905 enim
630 874 769 910 discipulis
783 878 810 902 et
823 872 990 900 auditoribus

1042 878 1073 905 τδ
1088 878 1138 914 τὴν
1153 877 1291 914 ρᾳθυμιαν
1305 878 1395 905 αὐτῶν
1418 877 1601 913 ἐκπομπεῦον.
1631 878 1746 914 Ἐρρέθη
1761 878 1816 914 γάρ
1827 885 1834 894 δ

204 930 255 956 hoc
268 927 362 956 audire
377 925 515 961 expediat,
529 928 620 951 tamen
647 920 805 950 doctoribus
818 919 929 947 minime
945 918 992 945 de-

203 981 295 1003 corum
316 977 359 1001 est
387 971 519 1007 proferre,
536 968 608 1005 quod
637 967 769 1004 ignaviam
790 970 818 994 et
840 963 992 993 socordiam

203 1021 322 1055 ipsorum
339 1018 428 1054 arguit
441 1024 473 1044 ac
489 1015 615 1044 traducit.
629 1013 736 1041 Dictum
746 1016 790 1040 est
801 1011 872 1039 enim
889 1019 896 1037 :
913 1019 923 1037 ι
943 1009 994 1037 Se-

202 1065 320 1092 cundum
334 1070 415 1098 opera
429 1069 494 1090 vero
518 1061 637 1096 ipsorum
664 1059 747 1086 nolite
769 1057 871 1085 facere.
894 1056 993 1084 Dicunt

202 1110 287 1142 enim,
298 1113 326 1137 et
341 1115 393 1136 non
405 1106 509 1134 faciunt
523 1105 557 1132 “.
575 1115 586 1132 ι
609 1104 716 1132 Etenim
730 1102 856 1130 Christus
871 1101 990 1136 quidem,

202 1159 361 1190 pratextum
371 1159 478 1180 omnem
491 1150 672 1179 exterminare
688 1148 793 1181 volens,
811 1146 939 1182 prazccpit
963 1150 993 1173 ut

203 1207 290 1235 neque
306 1199 361 1226 vita
378 1197 562 1225 attenderetur
575 1195 775 1230 magistrorum,
792 1193 813 1221 si
828 1192 936 1227 quando
950 1199 992 1218 re-

203 1244 390 1280 prehensionis
403 1242 522 1277 aliquam
540 1240 708 1268 intuentibus
731 1245 826 1266 ansam
847 1237 990 1273 praeberet,

202 1297 290 1326 neque
303 1297 336 1318 ea
354 1296 414 1323 qua:
429 1287 556 1324 privatim
575 1286 609 1314 ab
623 1286 688 1321 ipsis
698 1285 884 1320 designantur,
901 1283 924 1310 si
938 1290 991 1310 non

203 1335 375 1364 consentiant
385 1340 448 1361 cum
461 1332 620 1360 caeleStibus
645 1330 777 1363 oraculis;
800 1330 847 1357 sed
871 1329 928 1356 sola
944 1327 993 1355 do-

201 1382 302 1414 ctrina,
330 1387 390 1414 quae
414 1379 440 1406 in
461 1377 589 1405 Ecclesiis
617 1377 748 1408 traditur;
768 1383 821 1410 qua
847 1375 881 1402 de
909 1380 991 1402 causa

202 1427 283 1453 etiam
298 1425 434 1453 cathedrae
444 1423 545 1459 Iloysis
560 1422 718 1458 legislat-iris
729 1421 793 1448 fecit
816 1420 989 1448 mentionem.

206 1472 282 1499 Tunc
305 1471 379 1499 enim
393 1478 446 1498 non
462 1477 510 1497 sua
527 1470 662 1504 dogmata,
678 1467 725 1495 sed
737 1467 938 1502 Scripturarum
953 1465 992 1492 lo-

203 1522 338 1553 quuntur;
355 1517 421 1552 ipsis
431 1523 498 1544 vero
510 1523 562 1543 non
576 1515 704 1543 convenit
715 1514 776 1541 talia
789 1512 919 1548 proferre,
931 1519 992 1547 quae

202 1569 310 1590 omnem
327 1563 445 1597 ipsorum
461 1561 661 1596 improbitatem
675 1561 870 1593 demonstrant,
885 1560 931 1587 sed
945 1566 992 1594 po-

205 1609 258 1636 tius
266 1614 376 1643 operam
394 1607 470 1639 dare,
498 1610 628 1642 quantum
641 1606 752 1634 omnino
765 1605 823 1632 ﬁeri
837 1610 945 1640 potest,
963 1609 990 1632 ut

205 1661 313 1681 onmem
340 1660 433 1680 ansam
450 1657 478 1680 et
495 1656 654 1687 pra-textum
683 1651 840 1685 praecidant.
857 1651 934 1686 Quod
956 1652 991 1685 si,

205 1699 331 1734 quamvis
343 1698 504 1725 laudabilem
519 1698 570 1732 ipsi
582 1697 703 1725 colentes
717 1697 812 1730 vitam,
829 1698 932 1733 aliquos
950 1703 992 1726 ta-

204 1751 269 1771 men
281 1743 346 1770 nihil
361 1742 465 1777 juvant,
478 1742 544 1769 nihil
560 1742 611 1769 hoc
619 1741 651 1768 ad
663 1742 735 1776 ipsos
751 1742 877 1776 pertinet.
893 1743 993 1774 Quent-

205 1788 349 1816 admodum
386 1789 458 1816 enim
485 1788 555 1816 male
587 1794 767 1822 perverseque
803 1787 884 1814 vitam
913 1787 992 1814 insti-

206 1839 312 1862 tuentes
329 1841 416 1865 suam,
437 1841 489 1861 non
506 1834 573 1861 tiuut
587 1833 733 1868 participes
748 1840 921 1866 coronarum,
932 1841 992 1868 qua:

205 1880 297 1916 probis
310 1880 482 1915 laudatisque
498 1885 560 1908 sunt
579 1880 704 1914 repositae
729 1887 736 1905 :
753 1878 789 1906 ita
803 1887 853 1906 nec
869 1879 990 1907 laudabi-

205 1933 270 1960 liter
283 1933 475 1968 inculpateque
492 1933 615 1960 viventes
637 1935 717 1958 erunt
731 1931 878 1966 participes
892 1931 992 1966 suppli-

205 1981 319 2012 ciorum,
335 1987 395 2013 qna:
422 1978 611 2014 peccatoribus
623 1982 686 2004 sunt
709 1981 813 2012 parata.
841 1976 882 2004 Tu
900 1977 991 2012 igitur,

206 2026 304 2060 inquit,
317 2033 349 2052 ea
363 2032 423 2060 quae
435 2023 482 2052 tibi
495 2024 663 2056 incumbunt,
681 2028 755 2051 recte
767 2024 878 2058 dispone
892 2034 898 2051 :
911 2024 998 2053 vitam

206 2071 269 2098 dico
287 2076 314 2098 ct
333 2078 496 2099 sermonem.
512 2069 576 2097 Haec
591 2069 640 2097 abs
651 2075 677 2097 te
691 2070 786 2105 exigo;
802 2075 830 2098 et
844 2070 994 2105 proﬁcienti

1045 933 1055 950 ι
1076 924 1154 952 Κατά
1168 924 1198 951 δὲ
1212 924 1247 951 τὰ
1261 923 1329 959 ἔργα
1343 923 1433 951 αὐτῶν
1450 923 1487 959 μὴ
1509 924 1622 951 ποιεῖτε,
1640 923 1756 958 Λέγουσι
1768 924 1834 958 γὰρ,

1042 970 1092 997 καὶ
1115 970 1147 997 οὐ
1164 969 1297 996 ποιοῦσιν.
1324 979 1334 996 ι
1357 969 1387 996 '0
1397 967 1455 1004 ’μὲν
1467 969 1520 1005 γὰρ
1543 969 1672 1004 Χριστὸς,
1696 969 1834 1004 πρόφασιν

1043 1017 1133 1043 πᾶσαν
1149 1015 1270 1049 ἐξορίσαι
1294 1015 1466 1050 βουλόμενος,
1483 1015 1620 1047 ἐκέλευσε,
1645 1015 1713 1051 μήτε
1728 1014 1767 1050 τῷ
1784 1014 1836 1049 βιῳ

1042 1062 1187 1098 προσέχειν
1207 1062 1262 1089 τῶν
1287 1061 1465 1094 διδασκάλων,
1485 1061 1550 1088 ὃταν
1571 1061 1656 1096 λασὴν
1677 1063 1732 1093 τοῖς
1750 1061 1836 1096 ὁρῶσι

1043 1107 1162 1144 παρέχῃ,
1180 1107 1248 1143 μήτε
1272 1109 1328 1140 τοῖς
1344 1107 1404 1134 κατ’
1421 1106 1490 1134 ἰδίαν
1511 1108 1710 1143 πραττομένοις
1725 1107 1793 1143 (79),
1811 1108 1835 1134 εὶ

1044 1154 1082 1190 μὴ
1098 1155 1153 1185 τοῖς
1167 1155 1300 1189 χρησμοίς
1315 1153 1454 1189 συνᾴδοιεν
1476 1153 1533 1185 τοῖς
1550 1153 1696 1188 οὐρανίοις,
1718 1153 1786 1180 ἀλλὰ
1801 1154 1834 1188 τῇ

1041 1199 1202 1234 διδασκαλίᾳ
1219 1199 1298 1235 μόνῃ,
1314 1201 1347 1234 τῇ
1368 1200 1413 1226 ἐπὶ
1427 1199 1482 1226 τῶν
1509 1199 1677 1234 Ἐκκλησιῶν
1692 1199 1834 1234 γινομένῃ.

1043 1246 1089 1272 Διὺ
1103 1245 1148 1272 καὶ
1161 1239 1210 1281 τῆς
1223 1245 1356 1282 καθέδρας
1367 1245 1506 1277 Μωῦσέως
1521 1245 1707 1281 ἐμνημόνευσε
1723 1247 1772 1280 τῆς
1785 1245 1833 1272 τοῦ

1041 1292 1198 1328 νομοθέτου.
1222 1292 1289 1318 Τότε
1308 1291 1362 1327 γὰρ
1386 1292 1417 1318 οὐ
1440 1292 1476 1319 τὰ
1501 1292 1615 1324 ἑαυτῶν,
1632 1292 1700 1319 ἀλλὰ
1723 1291 1757 1318 τὰ
1781 1291 1835 1317 τῶν

1042 1337 1157 1373 Γραφῶν
1184 1337 1351 1373 φράζουσιν
1375 1337 1454 1364 αὐτοὶ
1479 1337 1501 1364 δ’
1524 1338 1574 1364 οὐκ
1600 1337 1633 1364 ἂν
1660 1337 1758 1364 δξκαιοι
1780 1335 1836 1363 εἷεν

1041 1383 1127 1410 ταῦτα
1143 1383 1301 1419 προφέρειν,
1320 1383 1338 1410 ἃ
1358 1384 1448 1411 πᾶσαν
1463 1384 1554 1411 αὐτῶν
1575 1383 1695 1411 δείκνυσι
1722 1384 1772 1418 τὴν
1787 1391 1837 1409 πο-

1041 1427 1155 1462 νηρίαν·
1174 1427 1242 1454 ἀλλὰ
1259 1428 1431 1460 σπουδάζειν,
1457 1427 1496 1460 ὡς
1517 1429 1662 1464 ἐνδέχεται,
1682 1429 1772 1455 πᾶσαν
1794 1429 1836 1454 ὲκ-

1041 1474 1154 1501 κόπτειν
1181 1473 1327 1509 πρόφασιν.
1354 1474 1386 1500 El
1413 1475 1442 1502 δὲ
1467 1475 1600 1511 λαμπρῶς
1632 1474 1836 1510 πολιτευόμενοι

1043 1522 1093 1548 οὐκ
1104 1522 1239 1557 ὠφελοῦσί
1255 1531 1342 1555 τινας,
1358 1523 1433 1550 οὐδὲν
1454 1522 1522 1558 πρὸς
1537 1521 1645 1553 αὐτούς.
1663 1521 1767 1556 Ὠσπερ
1782 1520 1836 1557 γὰρ

1045 1568 1138 1600 κακῶς
1153 1569 1357 1603 πολιτευόμενοι
1371 1570 1421 1596 οὐκ
1435 1570 1488 1596 εἰσὶ
1502 1569 1686 1604 συμμεριοταὶ
1701 1568 1757 1595 τῶν
1775 1576 1837 1594 στε-

1045 1613 1147 1648 φάνων,
1163 1615 1219 1647 τοῖς
1236 1615 1391 1651 εὺδοκίμοις
1404 1615 1592 1650 ἀποκειμένων
1603 1623 1610 1630 ’
1622 1614 1683 1641 οὔτε
1702 1614 1837 1650 λαμπρῶς

1046 1657 1167 1693 βιοῦντες
1190 1661 1386 1695 κοινωνήσουσι
1407 1662 1468 1692 ταῖς
1495 1660 1548 1687 τῶν
1574 1659 1724 1687 πταιόντων
1749 1668 1837 1694 τιμω-

1046 1705 1128 1740 ρίαις.
1155 1705 1191 1732 Σὺ
1206 1706 1261 1742 γὰρ
1277 1706 1344 1742 (80),
1361 1706 1438 1741 φησὶ,
1461 1705 1552 1733 διάθου
1567 1705 1603 1732 τὰ
1625 1705 1697 1732 κατὰ
1720 1705 1818 1732 σαυτόν
1829 1713 1835 1720 ·

1043 1751 1089 1778 τὸν
1105 1751 1163 1787 βίον
1178 1752 1250 1788 φημὶ
1274 1753 1321 1780 καὶ
1346 1753 1392 1780 τὸν
1413 1753 1509 1788 λόγον·
1526 1752 1613 1780 ταῦτα
1636 1751 1745 1779 ἀπαιτῶ
1761 1752 1838 1788 παρὰ

1047 1797 1107 1830 σοῦ,
1124 1798 1171 1825 καὶ
1183 1798 1333 1834 ὡφελοῦντι
1357 1800 1407 1835 μὲν
1424 1799 1645 1835 συνησθήσομαι·
1673 1798 1710 1834 μὴ
1734 1798 1838 1833 ὠφελή-

1041 1852 1126 1871 σαντα
1141 1843 1179 1877 δὲ,
1193 1844 1244 1872 οὐκ
1258 1845 1394 1880 ἀτιμάσω,
1418 1845 1485 1872 ἀλλὰ
1504 1846 1551 1873 καὶ
1566 1845 1740 1880 στεφανώσω.
1756 1845 1838 1871 Ἕκα-

1046 1898 1109 1921 στος
1126 1890 1180 1926 γάρ
1196 1891 1241 1917 τὸν
1269 1891 1334 1918 ἴδιον
1349 1892 1444 1927 μισθὸν
1467 1891 1591 1927 λήψεται,
1616 1891 1688 1918 κατὰ
1701 1891 1746 1917 τὸν
1772 1891 1838 1917 [διον

1045 1937 1139 1969 κόπον,
1155 1937 1185 1964 οὐ
1202 1937 1272 1964 κατὰ
1284 1937 1333 1974 τὴν
1346 1937 1392 1964 τοῦ
1409 1939 1531 1974 καμάτου
1545 1937 1656 1965 ἔκϐασιν
1672 1937 1740 1972 (8|).
1753 1935 1837 1963 Ταῦτ’

1045 1980 1091 2009 οὖν
1115 1981 1269 2015 ἐννοοῦντες
1302 1984 1349 2010 καὶ
1379 1983 1518 2019 ὕφηγηταὶ
1552 1983 1598 2010 καὶ
1627 1983 1770 2018 φοιτηταὶ,
1797 1982 1837 2012 εἰς

1045 2027 1148 2063 ἀρετὴν
1165 2028 1278 2060 ἑαυτοὺς
1294 2027 1541 2062 συνελαυνὲτωσαν,
1568 2029 1658 2055 πᾶσαν
1680 2027 1781 2063 σκῆψιν
1794 2027 1836 2060 ἔξ-

1045 2072 1262 2108 οστρακίζοντες.

204 2117 316 2152 quidem
331 2116 444 2152 (aliquid
460 2115 528 2151 apud
545 2115 683 2143 auditores
699 2115 771 2150 tuos)
786 2115 995 2150 congratulabor
1013 2121 1040 2144 et
1056 2119 1178 2152 gaudebo
1192 2123 1237 2145 tua
1249 2118 1365 2153 gaudia;
1401 2119 1444 2146 sin
1467 2124 1556 2146 autem
1592 2119 1657 2146 nihil
1676 2119 1757 2154 (apud
1777 2118 1833 2152 eos)

196 2165 363 2200 profeceris,
378 2171 431 2191 non
447 2163 561 2191 alliciam
584 2167 613 2190 te
641 2162 801 2197 ignominia,
818 2161 865 2189 sed
892 2169 991 2190 corona
1009 2162 1126 2191 donabo.
1142 2163 1334 2200 Unusquisque
1345 2165 1415 2192 enim
1432 2166 1568 2200 propriam
1602 2173 1634 2193 ac
1653 2173 1729 2192 suam
1765 2172 1837 2192 mer-

205 2211 298 2238 cedem
311 2208 591 2244 recipiet,secundum
603 2206 706 2242 proprii
720 2206 821 2234 laboris
831 2213 998 2240 mensuram,
1018 2215 1071 2235 non
1107 2214 1197 2237 autem
1228 2214 1308 2245 prout
1336 2209 1412 2238 labor
1436 2210 1538 2238 exitum
1559 2215 1601 2238 est
1618 2211 1739 2238 sortitus.
1774 2210 1835 2238 llaec

204 2265 270 2294 ergo
292 2258 442 2292 cogitantes
471 2261 524 2283 tam
541 2255 668 2283 doctores
685 2254 836 2290 (Ecclesiae)
854 2262 934 2289 qnam
969 2255 1094 2292 discipuli
1127 2257 1287 2292 semetipsos
1320 2258 1354 2285 ad
1372 2258 1500 2286 virtutem
1524 2257 1696 2293 compellant,
1727 2265 1836 2285 omnent

206 2303 411 2331 excusationem
427 2310 459 2330 ac
475 2305 636 2338 praetextum
647 2300 823 2337 expellentes.

235 2389 264 2406 “
277 2389 371 2418 Matth.
386 2397 464 2421 xxiii,
477 2389 504 2417 ὅ.

752 2456 869 2485 νΑιιιΕ
886 2457 1080 2486 ΙρΕΕΤΙῡΝΕΞ
1098 2457 1142 2485 ΕΤ
1163 2457 1279 2486 ΝΟΤΕ.

236 2537 292 2574 {78)
310 2536 362 2574 P_ro
378 2535 475 2568 ἄλλους
489 2536 551 2574 cod.
568 2535 632 2574 legit
646 2535 736 2574 λαούς.
748 2533 853 2562 Possm.
918 2570 924 2574 Δ

1047 2535 1197 2574 voluntatis
1214 2535 1512 2574 laiidandapropensio
1528 2542 1580 2571 est,
1600 2538 1686 2574 inquit
1706 2537 1836 2573 eloquen-

242 2570 298 2607 (79)
325 2571 377 2598 Pro
395 2570 603 2607 πραττομένοις
616 2570 706 2607 habet.
729 2570 994 2607 προσταττομένοις.

205 2604 360 2642 νει-ε.’ροει
375 2607 392 2633 5
407 2604 455 2640 p'ro
469 2604 602 2642 Μιρσέως,
616 2606 680 2642 legit
695 2604 743 2632 τοῦ
757 2604 913 2640 νομοθέτου.
930 2605 969 2633 In.

241 2638 386 2677 (80)‘ldem
403 2638 476 2677 cod,
489 2638 519 2667 εὖ
535 2641 601 2677 γὰρ.
617 2638 655 2677 In;

239 2674 296 2712 (81)
313 2676 393 2704 Κατὰ
411 2676 468 2710 τὴν
493 2675 553 2712 τοῦν
569 2674 702 2710 καμάτου
729 2675 864 2712 ἔκϐασιν.
886 2674 994 2712 Videtur

204 2710 304 2740 omissa
315 2719 367 2739 non
381 2715 454 2739 recte
469 2711 584 2746 negatio,
599 2711 795 2745 legendumque
804 2711 834 2737 οὐ
845 2710 989 2746 xix-citam.

204 2747 269 2781 Qua
277 2755 334 2774 mea
340 2747 495 2781 colijectura
504 2745 620 2782 primum
631 2753 663 2773 co
671 2746 793 2772 tinuatur
801 2746 870 2780 quod
877 2745 990 2782 ἐχόασιν

203 2785 260 2810 sive
273 2787 396 2810 eventum
410 2781 537 2818 praestare
555 2781 766 2818 nemocogitur,
780 2782 827 2818 sed
843 2781 987 2818 consilium

1048 2571 1111 2611 tiss._
1126 2576 1235 2611 orator,
1245 2571 1373 2598 Consiliis
1387 2571 1460 2599 enim
1476 2581 1528 2611 non
1550 2571 1653 2601 eventis
1665 2580 1707 2601 res
1721 2571 1836 2611 qui-eque

1047 2606 1186 2643 metienda
1196 2609 1254 2638 est,
1275 2608 1535 2643 quam_seutentiam
1552 2616 1622 2643 saepe
1635 2606 1736 2643 repetit
1751 2606 1836 2636 lsid0<

1047 2648 1104 2673 rus,
1120 2645 1148 2667 ut
1160 2641 1205 2668 lib.
1225 2649 1232 2668 I
1248 2641 1414 2677 cpist.7535,
1428 2647 1455 2669 et
1468 2643 1514 2669 lib.
1527 2651 1544 2670 Il
1561 2641 1640 2677 epist.
1662 2641 1715 2671 ΠΩ
1729 2649 1758 2671 et
1772 2644 1835 2675 205,

1045 2681 1074 2702 et
1092 2676 1138 2702 lib.
1153 2683 1194 2704 ιιι,
1211 2676 1293 2711 epist.
1310 2676 1373 2703 599.
1390 2677 1502 2704 Accedit
1515 2684 1541 2704 et
1557 2676 1666 2706 occasio
1681 2680 1786 2706 erroris
1802 2680 1835 2705 li-

1045 2711 1140 2752 brarii.
1154 2711 1232 2752 Saepe
1246 2711 1317 2752 enim
1335 2711 1386 2752 sic_
1393 2716 1506 2752 peccant
1520 2713 1723 2752 exscriptores,
1739 2719 1769 2752 nt
1781 2714 1838 2748 syl—

1044 2745 1134 2782 labam
1150 2748 1279 2773 omittant
1293 2745 1402 2781 decepti
1414 2747 1592 2774 similitudine
1608 2745 1838 2782 praecedentisfnt

1043 2780 1087 2807 hic
1099 2786 1162 2808 ante
1175 2781 1206 2807 οὐ
1215 2781 1341 2815 prmcedit
1357 2789 1397 2812 ον,
1413 2782 1566 2810 terminatio
1582 2780 1685 2810 scilicet
1713 2783 1838 2816 proxime

202 2823 231 2855 et
241 2824 350 2852 operam
367 2815 455 2855 suam.
468 2817 496 2844 In
512 2817 585 2844 omni
600 2817 698 2850 quippe
713 2824 742 2842 re
761 2815 888 2855 laudabili
905 2821 987 2855 atque
1040 2816 1222 2849 prmecdentis
1240 2816 1368 2851 nominis,
1382 2817 1411 2844 ld
1425 2817 1676 2854 libratioimposuit.
1695 2815 1780 2845 Πιττ.

202 2850 318 2881 honesta
331 2870 340 2886 ,
359 2853 440 2881 etiam
469 2860 524 2880 non
547 2856 696 2880 consecuta
720 2850 810 2886 operis
837 2850 990 2884 eﬂ‘ectiouc,
