2040 3161
229 163 300 196 1οΊ5

825 173 855 202 S.
872 172 1017 203 ISIDORI
1037 174 1254 205 PELUSIO’L‘E

1785 178 1854 210 1076

228 227 281 247 non
298 220 377 248 modo
398 221 493 254 risum,
515 229 608 249 verum
629 222 710 250 etiam
727 231 832 253 onmem
853 227 1006 262 indignatio-

1066 238 1112 263 μιν
1121 230 1257 264 καὶδόξαν
1266 230 1444 266 πηγάζοντος,
1455 231 1620 267 συγγνώμης
1634 231 1735 267 μεῖζον.
1748 232 1853 260 οὐκοίν

228 273 289 293 nem
304 271 450 294 mereatur.
470 266 555 295 Porro
567 276 628 295 cum
642 269 733 298 volens
752 270 890 308 libensque
905 273 1010 302 hostem

227 313 333 345 generis
348 313 458 340 humani
476 321 591 350 sequare
604 317 702 353 (neque
721 319 792 347 enim
813 327 861 355 per
882 314 946 353 vim,
963 329 1011 349 ne-

226 364 279 392 que
294 365 342 392 per
361 359 542 394 tyrannidem,
559 363 605 390 sed
623 363 683 391 dolo
696 371 728 392 ac
745 365 839 393 fraude
858 367 942 394 nostri
960 375 1008 402 po-

227 403 415 437 titur),dicere
430 413 436 432 :
454 414 464 431 ι
479 405 530 434 Sed
555 407 638 435 libera
662 416 711 437 nos
730 417 745 437 a
769 411 854 444 malo;
871 421 880 438 ι
903 419 1010 440 omnem

224 453 371 482 exsuperat
406 450 568 481 illusionem.
599 453 719 490 Denique
753 457 842 485 dicere
870 458 978 492 quidem
1001 466 1011 498 ι

229 502 238 518 ι
255 493 322 527 Quia
337 499 413 523 tuum
435 502 477 525 est
504 505 626 533 regnum,
650 504 677 527 et
696 501 816 536 potentia
839 507 865 529 et
885 502 980 537 gloria,
998 511 1006 528 ι

224 539 272 567 sed
293 547 354 568 eum
371 541 478 570 interim
506 551 554 579 pro
580 545 662 572 nihilo
685 551 792 580 putare,
813 554 828 574 a
847 555 900 582 quo
923 548 1010 575 omnis

224 585 342 618 potentia
366 591 393 615 et
408 587 492 623 gloria
517 595 644 625 tauquam
665 598 698 618 ex
721 592 795 620 fonte
814 592 936 627 profluit.
958 593 1011 621 tale

223 634 279 663 est,
304 636 333 659 ut
355 633 433 660 venia
463 633 550 668 majus
575 635 601 662 iu
626 643 656 664 se
678 637 779 665 crimen
806 638 1008 672 complectatur.

223 673 395 711 Quapropter
420 676 459 704 illi
485 678 534 706 soli
559 684 620 714 post
640 681 827 709 admirandum
851 682 937 716 illum‘,
964 685 1009 718 qui

222 719 249 746 iu
271 719 362 748 divino
377 721 539 757 baptismate
555 725 678 761 contigit.
697 732 815 761 partum,
832 732 859 755 et
879 733 938 761 post
960 736 1009 756 no-

224 772 284 792 vam
301 773 333 793 ac
348 769 518 803 peregrinam
534 772 737 806 puerperiorum
753 771 849 807 legem,
864 774 932 802 hanc
949 782 1010 802 ora-

222 810 321 838 tionem
341 812 392 840 rite
409 820 441 841 ac
459 813 522 848 iure
545 816 660 844 recitare
679 821 834 851 potuerunt,
852 819 934 847 Deum
957 820 1009 847 Pa-

221 858 290 883 trem
313 858 488 893 appellantes,
505 861 550 895 qui
574 861 688 890 filiorum
713 871 868 899 germanam
893 865 1008 893 indolem

1066 275 1164 303 ἐκεῖνοι
1184 276 1223 312 (1)
1251 276 1325 312 μόνοι
1350 278 1419 313 μετά
1434 279 1484 310 τὰς
1505 277 1673 313 θαυμασίους
1691 277 1788 310 ὠδῖνας
1802 279 1854 311 τὰς

1065 321 1095 347 ἐν
1103 320 1142 356 τῷ
1153 320 1218 357 θείῳ
1234 321 1414 357 βαπτίσματι,
1431 322 1531 350 καὶτὸν
1548 322 1622 354 ξένον
1639 323 1686 349 καὶ
1702 323 1853 358 παράδοξον

1065 365 1239 401 λοχευμάτων
1251 367 1344 402 νόμον,
1356 367 1495 394 summa“;
1509 366 1565 394 εῐιν
1573 368 1602 394 τὸ
1615 377 1623 393 ι
1637 368 1729 403 Πάτερ
1750 368 1829 403 ἡμῶν
1840 378 1850 395 ι

1064 411 1162 445 λέγειν,
1188 411 1254 440 υίῶν
1279 413 1496 449 ἐπιδεικνύμενοι
1523 414 1705 450 γνησιότητα⁸
1732 415 1779 442 καὶ
1809 415 1851 448 τὸ,

1066 452 1078 482 ὶ
1097 457 1270 494 Ἀγιασῡήτω
1289 459 1319 485 τὸ
1332 453 1418 494 ὄνομά
1438 468 1496 492 σου,
1515 468 1524 486 ι
1545 460 1570 486 οἱ
1592 459 1675 495 μηδὲν
1688 460 1783 494 ἐναγὲς
1792 461 1853 488 δια-

1064 503 1246 538 πραττόμενοι
1259 512 1265 519 “
1283 504 1329 531 καὶ
1349 504 1389 537 τὸ,
1409 514 1419 530 ε
1440 505 1588 540 Ἐλθέτωὴ
1614 505 1736 540 βασιλεία
1754 514 1812 539 σου,
1839 516 1850 533 ι

1064 548 1087 573 οἱ
1107 548 1254 582 φεύγοντες
1275 549 1311 575 τὰ
1333 549 1372 584 τῷ
1390 549 1513 586 τυράννῳ
1531 550 1629 586 ἡδονὴν
1651 551 1789 578 τίκτοντα·
1806 552 1854 579 καὶ

1064 591 1103 624 τὸ,
1122 601 1131 617 ι
1150 592 1294 629 Γενηθήτω
1301 593 1331 620 τὸ
1340 593 1447 629 θέλημά
1462 601 1520 625 σου,
1533 603 1543 620 ›
1560 594 1585 620 οί
1600 594 1644 621 διὰ
1658 594 1713 621 τῶν
1728 595 1854 630 πράξεων

1064 636 1142 664 τοῦτο
1158 637 1301 673 δηλοῦντες
1311 647 1318 655 ·
1334 639 1391 672 καὶ,
1415 648 1424 665 t
1440 639 1491 666 Tbv
1506 639 1588 674 ἄρτον
1602 640 1647 667 τδν
1660 640 1798 668 ἐπιούσιον
1808 641 1854 673 δὸς

1063 683 1129 718 ἡμῖν
1144 683 1273 719 σήμερον,
1292 693 1301 710 ι
1318 685 1343 711 οἱ
1362 686 1480 720 τρυφαῖς
1494 685 1541 711 καὶ
1563 685 1693 717 ἀσωτίαις
1707 686 1854 713 ἀποταττό-

1065 736 1140 763 μενοι
1151 737 1159 745 ⁸
1174 729 1272 762 καὶτὸ,
1293 739 1301 756 ι
1322 730 1408 765 Ἄφες
1422 731 1490 766 ἡμῖν
1503 731 1539 758 τὰ
1555 732 1726 767 ὀφειλήματα
1736 732 1824 768 ἡμῶν,
1840 742 1851 758 ι

1063 774 1087 800 οἱ
1102 775 1160 806 τοῖς
1175 775 1215 807 εἰς
1230 775 1327 808 αὐτοὺς
1339 777 1471 803 πταίσασι
1483 776 1733 811 συγγινώσκοντες·
1751 778 1800 804 καὶ
1810 777 1853 810 rb,

1066 828 1076 845 ι
1100 820 1145 856 Μὴ
1170 821 1329 857 εἰσενέγκῃς
1351 822 1426 857 ἡμᾶς
1449 823 1491 854 είς
1511 823 1673 857 πειρασμὸν,
1697 831 1707 848 ι
1732 823 1757 849 oi
1782 823 1854 858 μήτε

1063 864 1177 897 ἑαυτοὺς
1193 866 1261 901 μήτε
1273 866 1369 898 ἄλλους
1382 867 1421 898 εις
1433 866 1527 894 τοῦτον
1543 867 1723 902 ἐμϐάλλοντες
1733 876 1740 882 ·
1754 868 1802 894 καὶ
1811 868 1853 901 τὸ,

220 901 375 930 ostendunt.
396 902 435 931 illi
449 909 575 939 poterunt
589 907 680 936 dicere
696 918 703 935 :
725 918 733 934 ι
751 909 941 938 Sanctiticelur
961 919 1006 939 no-

1063 919 1072 936 t
1097 909 1190 938 Ῥὖσαι
1209 912 1282 946 ἡμᾶς
1305 912 1359 939 ἀπὸ
1372 912 1419 939 τοῦ
1437 901 1568 948 πονηροῦ,
1586 922 1595 939 ι
1612 913 1637 940 οἱ
1655 913 1724 948 πρὸς
1739 913 1785 940 τὸν
1801 913 1855 940 Σα-

221 952 280 972 men
296 950 381 981 tuum,
399 957 409 974 ι
427 949 472 984 qui
487 949 554 977 nihil
569 951 693 980 scelerati
707 954 900 989 committunt;
916 955 966 988 illi,
982 960 1010 983 et

221 991 271 1019 hoc
289 1000 296 1019 :
312 1001 321 1018 ι
336 993 470 1023 Adveniat
483 1002 595 1032 regnum
610 1002 694 1032 tuum,
710 1008 719 1025 ι
733 1000 778 1034 qui
792 1007 822 1027 ea
836 1000 940 1036 fugiunt
951 1010 1010 1037 quae

219 1039 336 1069 tyranno
352 1038 517 1074 voluptatem
534 1041 654 1076 pariunt;
672 1043 709 1071 illi
733 1049 760 1072 et
780 1045 840 1078 hoc,
860 1055 869 1071 ι
886 1045 948 1074 Fiat
961 1054 1009 1074 vo-

219 1079 310 1109 luntas
326 1086 382 1115 tua,
399 1092 409 1109 ι
433 1084 479 1120 qui
497 1085 564 1120 ipsis
588 1087 667 1116 factis
688 1088 739 1117 hoc
761 1097 792 1118 sc
812 1098 923 1126 operam
944 1092 1009 1120 dare

217 1125 372 1162 declarant;
394 1129 432 1158 illi
449 1131 542 1166 etiam,
561 1142 570 1159 ι
588 1133 686 1162 Panem
703 1125 890 1170 quotidianum
908 1138 940 1165 da
958 1146 1008 1166 no-

218 1171 260 1199 bis
277 1172 367 1208 hodie,
383 1184 394 1202 r
411 1177 456 1211 qui
475 1178 550 1206 luxui
572 1186 605 1206 ac
622 1180 726 1209 deliciis
747 1183 871 1210 nuntium
894 1185 1007 1212 remise-

1058 956 1143 983 τανᾶν
1167 956 1299 984 ἄσπονδον
1317 958 1425 994 ἔχοντες
1441 959 1491 995 τὴν
1514 960 1621 995 μάχην·
1637 959 1685 986 καὶ
1700 959 1740 991 τὺ.
1759 968 1768 986 ι
1790 959 1852 986 Ὅτι

1059 1001 1107 1028 σοῦ
1123 1002 1196 1030 ἐστιν
1209 1004 1225 1038 ἡ
1238 1003 1362 1038 βασιλεία
1378 1004 1425 1031 καὶ
1439 1004 1455 1040 ἡ
1471 1003 1598 1039 δύναμις,
1615 1004 1662 1032 καὶ
1676 1005 1693 1040 ὴ
1710 1004 1784 1037 δόξα,
1801 1013 1812 1031 ›
1825 1004 1853 1031 οε

1059 1048 1208 1083 τρέμοντες
1220 1049 1302 1077 αὑτοῦ
1315 1050 1379 1082 τοὺς
1393 1049 1501 1085 λόγους,
1517 1052 1564 1078 καὶ
1574 1051 1666 1086 ἔργοις
1680 1051 1780 1083 αὐτοὺς
1791 1051 1854 1078 ἐπι·

1060 1094 1241 1130 δεικνύμενοι.
1257 1096 1293 1123 οὑ
1309 1096 1364 1131 γὰρ
1378 1096 1506 1124 τοσοῦτον
1521 1098 1642 1131 πέφυκεν
1658 1097 1750 1125 ἀνύειν
1770 1097 1788 1132 ἡ
1802 1097 1853 1132 τῆς

1060 1140 1145 1176 εὐχῆς
1160 1142 1311 1177 ἐπιστήμη,
1327 1143 1389 1170 ὅσον
1403 1144 1417 1170 ὀ
1433 1143 1532 1178 τρόπος
1548 1143 1596 1170 καὶ
1612 1144 1626 1169 ὀ
1639 1142 1697 1178 βίος
1713 1142 1760 1169 τοῦ
1774 1143 1852 1178 εὐχο-

1062 1195 1156 1222 μενου.

218 1224 300 1253 runt;
321 1221 358 1248 illi
373 1226 401 1249 et
417 1222 479 1256 hoc,
498 1233 507 1250 ι
522 1224 641 1254 Remitte
656 1228 733 1256 nobis
755 1229 846 1257 debita
867 1236 972 1264 nostra,
989 1241 999 1272 ι
1022 1221 1068 1268 qui
1100 1235 1206 1262 veniam
1227 1234 1262 1263 iis
1281 1235 1412 1269 tribuunt,
1433 1236 1477 1271 qui
1501 1236 1527 1264 in
1551 1236 1623 1272 ipsos
1653 1236 1848 1271 deliquerunt;

218 1265 256 1293 illi
274 1268 380 1301 ethoc,
399 1277 409 1295 t
425 1269 463 1298 Ne
484 1271 597 1301 inducas
621 1282 670 1302 nos
692 1276 718 1302 in
737 1278 924 1312 tentationem,
941 1289 950 1306 ι
968 1270 1013 1316 qui
1034 1289 1122 1317 neque
1140 1283 1313 1318 semetipsos,
1337 1291 1425 1319 neque
1440 1283 1507 1312 alios
1525 1283 1550 1311 in
1573 1284 1643 1311 hanc
1673 1284 1821 1319 conjiciunt
1841 1292 1850 1318 ;

217 1309 254 1336 illi
276 1314 303 1337 et
321 1311 382 1346 hoc,
404 1321 413 1338 ι
429 1312 525 1343 Libera
550 1324 626 1345 nosa
640 1318 719 1352 malo,
735 1329 744 1346 ι
762 1321 808 1355 qui
824 1329 885 1350 cum
906 1309 1006 1352 Sataha
1029 1309 1188 1361 perpetuum
1213 1309 1251 1355 etr
1265 1309 1491 1357 irreconEiliahile
1518 1334 1616 1364 gerunt
1655 1329 1773 1362 bellum;
1808 1329 1847 1365 illi

217 1356 334 1391 denique
348 1366 413 1387 vere
428 1361 520 1389 dicere
538 1367 675 1397 poterunt,
695 1375 704 1391 ι
720 1365 787 1400 Quia
804 1372 878 1395 tuum
902 1374 944 1397 est
962 1356 1086 1406 regnum,
1103 1377 1131 1400 et
1145 1373 1264 1407 potentia
1285 1379 1313 1401 et
1331 1374 1427 1410 gloria,
1461 1383 1471 1401 ι
1490 1375 1537 1410 qui
1574 1375 1608 1403 ad
1643 1375 1727 1410 ipsius
1761 1377 1845 1403 verba

217 1403 441 1437 contremiscunt,
467 1414 552 1442 eaque
573 1416 603 1436 re
622 1414 648 1436 et
666 1417 748 1445 opere
769 1414 926 1442 ostendunt.
952 1403 1010 1443 Non
1029 1417 1102 1444 enim
1127 1403 1231 1446 tantum
1255 1403 1362 1448 elucere
1385 1420 1456 1449 valet
1481 1421 1538 1456 ipsa
1575 1421 1655 1456 hujus
1677 1423 1845 1458 precationis

218 1447 325 1481 notitia,
342 1454 471 1484 quantum
489 1459 578 1480 mores
593 1459 620 1481 et
636 1455 690 1482 vita
707 1459 854 1491 precantis.

258 1513 342 1550 426
356 1515 438 1544 XXV.
454 1532 489 1538 —
505 1518 701 1550 ATIIANASIO
720 1523 960 1556 PRESBYTERO.

215 1569 345 1618 [util-Iud
370 1573 482 1606 (Christi
503 1575 625 1618 dictum),
647 1578 746 1618 cQuM
769 1586 857 1618 autem
878 1585 1006 1618 conspicis

250 1606 390 1640 festucam,
413 1615 533 1650 qttw_est
556 1612 583 1650 ira
604 1606 695 1640 acuit;
705 1606 1007 1650 [ιάιῆεηξιιῇηίι-ἶίὶίῆ

250 1647 350 1675 autem,
362 1651 419 1678 qua:
430 1649 467 1671 est
480 1646 507 1673 in
522 1647 597 1674 at:qu
609 1653 666 1681 tuo,
678 1646 730 1676 non
744 1646 930 1681 animadvertis
939 1654 963 1670 °°
970 1646 1003 1683 7?“)-

251 1716 403 1746 Commune
420 1720 473 1748 hoc
494 1728 559 1749 sane
574 1723 674 1750 malum
696 1732 756 1754 esse
772 1726 892 1762 videtur,
912 1733 942 1757 ut
958 1730 1006 1759 ho-

215 1762 304 1791 mines
328 1771 380 1792 non
414 1765 500 1793 solum
531 1767 558 1795 iu
592 1769 673 1798 rebus
705 1773 822 1806 propriis
849 1776 1005 1809 czecutiant,

214 1809 400 1842 proximorum
417 1816 506 1839 autem
521 1813 617 1842 delicta
633 1821 712 1844 acute
725 1824 847 1852 cernant,
862 1820 908 1848 sed
924 1822 1005 1850 etiam

214 1854 265 1882 sibi
279 1855 345 1891 ipsis
352 1857 460 1891 quidem
474 1861 663 1889 excusationes
675 1863 899 1902 defensionesque
909 1875 1006 1902 quam-

215 1899 279 1928 libet
305 1902 403 1930 invitas
424 1909 594 1940 ‘arcessaut,
625 1908 774 1938 alienorum
800 1899 888 1940 autem
915 1914 1005 1942 acerbi

214 1950 297 1981 atque
320 1947 500 1978 inexorabiles
524 1953 635 1983 sedeant
656 1955 771 1988 iudices.
797 1957 848 1991 Qui
874 1966 938 1987 vero
963 1961 1006 1988 sui

214 1991 333 2025 Ipsorum
352 2001 471 2031 amorem
489 2004 582 2025 revera
599 1999 791 2036 deposuerunt,
805 2008 832 2031 et
850 2004 889 2032 sic
910 2005 1005 2033 existi-

214 2043 289 2064 mant
312 2038 444 2073 justitiam
467 2042 590 2071 obtinuere
611 2051 744 2080 oportere,
767 2050 890 2077 eumdem
908 2052 1004 2079 adver-

214 2089 260 2110 sus
276 2090 306 2111 se
326 2083 410 2119 ipsos,
427 2087 449 2114 si
469 2089 577 2122 quando
592 2092 740 2126 peccarint,
757 2093 847 2122 ferunt
861 2096 1005 2130 calculum,

213 2136 293 2164 quem
318 2132 400 2160 etiam
424 2139 519 2162 contra
541 2139 679 2171 proximos
707 2139 824 2173 ferrent;
848 2142 902 2169 imo
925 2143 951 2171 in
977 2151 1005 2172 se

1171 1530 1237 1559 KE'.
1257 1547 1293 1554 —
1306 1533 1476 1570 ΔΘΔΝᾹΣΙῼ
1499 1533 1733 1571 ΠΡΕΣΒΥΤΕΡῼ.

1055 1588 1107 1621 Εις
1132 1588 1186 1615 τόθ
1204 1598 1213 1615 t
1239 1590 1269 1617 Τί
1293 1589 1327 1616 δὲ
1348 1590 1477 1624 βλέπεις
1506 1590 1538 1617 τὸ
1564 1590 1680 1625 κάρφος
1697 1589 1732 1617 τὸ
1755 1590 1792 1631 ἐς
1809 1590 1849 1631 τῷ

1093 1622 1235 1666 ιξφξακζμῷ
1252 1624 1304 1666 τιοῦ
1319 1625 1453 1666 ᾲδιῖυζφοῦ
1474 1625 1622 1666 σθω-τὴν
1641 1626 1676 1652 δὲ
1696 1626 1733 1653 ἐν
1751 1635 1792 1660 τῳ
1804 1635 1849 1659 σῳ

1093 1659 1238 1694 ὀφθαλμῷ
1257 1659 1350 1687 δοκὸν
1359 1661 1396 1688 οὐ
1415 1661 1574 1694 κατανοεῖς
1581 1668 1591 1693 ;
1606 1670 1615 1688 ι

1506 1590 1538 1617 τὸ
1564 1590 1680 1625 κάρφος
1697 1589 1732 1617 τὸ
1755 1590 1792 1617 ἐν
1809 1590 1849 1623 τῷ

1095 1734 1191 1762 Κοινδν
1214 1735 1263 1770 μέν
1284 1735 1370 1768 πάθος
1394 1734 1464 1763 εἶναι
1485 1736 1569 1768 δοκεῖ,
1587 1736 1618 1763 οὗ
1650 1735 1732 1771 μόνον
1748 1736 1779 1763 τὺ
1803 1745 1850 1763 tuo

1057 1780 1189 1815 φλὼττειν
1215 1781 1264 1816 μὲν
1286 1781 1350 1818 περὶ
1366 1782 1399 1809 τὰ
1416 1781 1481 1814 ἴδια,
1501 1781 1586 1814 ὀξέως
1602 1782 1624 1809 δ’
1642 1783 1708 1818 ὀρᾷν
1741 1782 1776 1809 τὰ
1795 1783 1848 1809 τῶν

1057 1825 1142 1857 πέλας
1152 1825 1320 1861 πταίσματα,
1335 1826 1402 1853 ἀλλὰ
1411 1827 1496 1854 καὶτὸ
1505 1828 1612 1859 ἑαυτοῖς
1621 1827 1671 1863 μὲν
1683 1828 1730 1854 καὶ
1739 1828 1789 1859 τὰς
1799 1828 1847 1854 οὐκ

1057 1867 1139 1901 οὔσας
1156 1869 1194 1904 (9)
1208 1869 1358 1904 ἀπολογίας
1369 1871 1539 1906 πορίζεσθαι,
1556 1871 1585 1898 τὸ
1599 1871 1622 1898 δ’
1639 1872 1790 1908 ἀλλοτρίων
1807 1873 1844 1908 (3)

1058 1915 1152 1951 πικροὶ
1168 1916 1214 1943 καὶ
1231 1917 1415 1952 ἀπαραίτητοι
1430 1917 1565 1953 καθῆσθαι
1577 1918 1714 1945 δικασταί.
1728 1919 1759 1945 Οί
1772 1919 1800 1946 δὲ
1810 1919 1848 1955 τῷ

1057 1961 1114 1988 ὄντι
1127 1961 1270 1996 φιλαυτίας
1285 1962 1502 1998 ἀπηλλαγμένοι,
1519 1963 1605 1989 καὶτὸ
1617 1963 1720 1990 δίκαιον
1731 1964 1847 1999 οἰόμενοι

1057 2007 1112 2034 δεῖν
1127 2009 1248 2042 κρατεῖν,
1260 2008 1309 2044 τὴν
1322 2008 1407 2044 αὐτὴν
1422 2009 1535 2043 φέρουσι
1551 2009 1612 2036 καθ’
1631 2010 1738 2036 ἑαυτῶν
1758 2010 1847 2045 ἀμαρ-

1057 2051 1184 2082 τάνοντες
1194 2052 1292 2087 ψῆφον,
1306 2052 1394 2088 ἥνπερ
1409 2052 1442 2079 ἂν
1455 2053 1502 2079 καὶ
1524 2053 1594 2080 κατὰ
1611 2053 1665 2079 τῶν
1679 2053 1763 2084 πέλας
1775 2052 1849 2086 ἐνέγ-

1058 2105 1130 2123 κοιεν
1142 2105 1149 2113 ·
1168 2097 1214 2124 καὶ
1232 2097 1333 2132 μᾶλλον
1345 2098 1461 2129 ἑαυτοὺς
1478 2097 1522 2125 διὰ
1537 2099 1586 2134 τῆς
1607 2098 1753 2134 μετανοίας
1769 2097 1849 2125 κολά-

1060 2143 1146 2174 ζουσι,
1155 2142 1200 2169 τδν
1209 2142 1358 2169 ἀκόλαστον
1373 2142 1483 2178 ὀλεθρον
1494 2143 1593 2175 ειδότες
1605 2144 1669 2179 (3‘).
1685 2143 1733 2175 Εἰς
1747 2143 1848 2179 ταύτην

213 2176 285 2210 ipsos
303 2184 352 2212 per
370 2180 557 2213 pceuilentiam
572 2183 667 2212 durius
690 2186 919 2221 animadvertunt,
942 2197 1004 2217 cum

1060 2187 1114 2223 γὰρ
1126 2188 1199 2224 ἡμᾶς
1212 2187 1262 2223 τὴν
1282 2188 1382 2224 ἀκριὸἦ
1405 2176 1521 2224 βάσανον
1535 2176 1679 2225 ἐμϐάλλιυν
1692 2190 1704 2216 ὁ
1717 2176 1846 2225 Χριστὸς,

212 2223 311 2256 seiant,
332 2224 357 2251 ci
375 2226 419 2260 qui
438 2228 526 2261 poenis
548 2237 600 2256 non
625 2231 794 2265 emendetur,
817 2233 929 2261 exitium
952 2235 1003 2262 im-

212 2270 339 2302 pendere.
366 2270 395 2298 ln
421 2272 471 2300 hoc
489 2273 571 2308 igitur
593 2282 748 2304 accuratum
768 2285 881 2307 examen
902 2280 1004 2307 immit-

214 2319 274 2342 tens
295 2323 343 2344 nos
362 2316 500 2350 Christus,
521 2320 610 2348 dixit:
630 2331 639 2348 ι
654 2323 723 2356 Quid
736 2323 811 2352 vides
827 2324 956 2352 festucam
973 2325 1000 2353 in

210 2359 289 2386 ocqu
305 2359 398 2389 fratris
417 2362 470 2395 tui;
486 2364 589 2393 trabem
611 2371 711 2401 autem,
733 2376 793 2404 qua:
817 2369 843 2397 in
859 2369 938 2398 oculo
955 2375 999 2398 tuo

1058 2234 1125 2269 ἔφη·
1146 2244 1154 2260 ι
1169 2234 1202 2261 Τί
1217 2234 1326 2270 βλέπεις
1345 2235 1375 2261 rb
1392 2235 1498 2272 κάρφος
1516 2235 1547 2262 τὸ
1559 2236 1587 2262 ἐν
1598 2235 1637 2271 τῷ
1655 2235 1789 2271 ὀφθαλμῷ
1801 2235 1846 2261 τοῦ

1058 2279 1172 2314 ἀδελφοῦ
1191 2287 1254 2305 σου·
1280 2279 1329 2315 τὴν
1351 2279 1380 2306 δὲ
1401 2281 1430 2307 ἐν
1450 2280 1489 2315 τῷ
1505 2280 1543 2316 σῷ
1565 2279 1696 2318 ὀφθαλμῷ
1716 2279 1794 2306 δοκὸν
1817 2279 1846 2305 οὐ

1057 2325 1215 2358 κατανοεῖς;
1237 2334 1246 2351 ι
1265 2325 1302 2352 Οὐ
1318 2325 1372 2361 γὰρ
1387 2326 1522 2362 προσήκει
1543 2325 1597 2353 τῶν
1612 2325 1701 2352 ἄλλων
1716 2322 1788 2351 εῖναι
1803 2332 1846 2350 πι-

1055 2370 1121 2406 κρὸν
1141 2370 1272 2406 δικαστὴν
1288 2371 1334 2399 τὸν
1346 2371 1380 2398 τὰ
1395 2372 1484 2399 οἰκεῖα
1497 2371 1673 2407 παρορῶντα.

210 2410 261 2437 est,
277 2413 331 2434 non
353 2407 567 2438 animadvertis?
583 2421 592 2438 ›
611 2411 704 2448 Neque
719 2415 793 2442 enim
819 2416 955 2450 convenit,
972 2420 1001 2444 ut
1021 2417 1136 2444 aliorum
1150 2417 1263 2444 acerbus
1296 2417 1330 2445 sit
1346 2416 1441 2453 juder,
1463 2417 1508 2452 qui
1524 2416 1635 2453 propria
1651 2415 1766 2452 (errata)
1800 2421 1846 2442 ne-

208 2451 295 2486 gligit.

241 2541 265 2557 ”
272 2541 338 2570 Luc.
357 2543 450 2577 rh“.

759 2636 874 2665 VARIE
889 2637 1082 2667 LECTIONES
1104 2640 1147 2667 ΕΤ
1168 2639 1286 2668 NOTAE.

243 2718 282 2753 (1)
298 2717 369 2761 Inter
383 2720 482 2761 ἐκεῖνοι
497 2726 523 2761 et
539 2721 613 2757 μόνοι
624 2723 771 2761 idetnmcod.
784 2725 879 2761 inserit
892 2735 948 2761 μοι,
966 2732 993 2754 et

208 2758 365 2796 vershpost
384 2756 463 2796 tertio
475 2777 483 2789 ,
500 2757 571 2785 iuter
593 2758 753 2794 παραδόξων
769 2765 796 2787 et
818 2756 994 2796 λοχειῖμάτων

209 2787 316 2815 iulludit
332 2788 395 2817 τῶν.
415 2787 519 2818 Possm.
634 2787 640 2794 ’
705 2787 712 2792 ’

245 2822 283 2860 (ᾖ)
298 2822 353 2860 _Ed.
369 2824 468 2857 Paris..
484 2827 614 2860 ἀκούσας.
631 2828 712 2857 Eutr.

246 2857 284 2894 (3)
298 2857 351 2888 Pro
363 2860 392 2888 τὺ
406 2861 428 2888 δ’
441 2857 669 2898 ἀλλοτρίων-(ιω.
687 2863 748 2892 Vat.
764 2865 827 2900 legit
843 2866 895 2893 τῶν
908 2867 931 2894 δ’
945 2867 993 2894 ἀλ-

1048 2728 1172 2768 λοῑρέωχ-
1190 2727 1296 2768 Posse.
1324 2763 1332 2768 .
1373 2763 1395 2768 _.
1434 2763 1460 2768 ..

1081 2737 1172 2790 τξιων.
1191 2737 1296 2755 rossm.
1434 2763 1440 2770 ι
1568 2763 1574 2768 _
1596 2762 1603 2768 '

1081 2763 1090 2796 (
1111 2764 1130 2798 ‘)
1144 2762 1196 2790 Pro
1210 2763 1255 2789 τὸν
1272 2763 1349 2790 ἀκολ.
1372 2763 1412 2790 θλ.
1434 2763 1504 2790 Idem
1522 2762 1617 2798 scribit
1634 2761 1668 2798 το
1688 2761 1837 2798 ᾲκόλαστον

1045 2796 1166 2834 ὀλέθριον
1191 2802 1315 2834 etrvers.
1329 2799 1433 2834 penult.
1451 2805 1495 2834 ep.
1513 2805 1562 2834 pro
1577 2796 1632 2825 τῶν
1654 2797 1744 2826 ἄλλων
1759 2797 1838 2825 habet

1044 2832 1097 2859 τῶν
1110 2832 1208 2865 πέλας.
1228 2833 1266 2861 In.
