2040 3161
222 203 288 236 1077

363 259 435 295 K17.
457 277 490 282 —
511 261 642 297 ΙΣΙΔΩΡῼ
661 262 896 297 ΠΡΕΣΒΥΤΕΡῼ.

221 301 274 336 Εις
286 303 320 330 τὸ
339 303 497 338 εἰρημένον
518 304 584 338 περί
600 304 653 332 τοῦ
675 304 787 331 Ἡσαῦ“
808 313 817 330 ι
843 303 1010 338 Μετανοίᾳς

257 339 352 365 τόπον
371 337 427 372 οὔχ
448 337 527 373 εὗρε,
548 339 657 374 καίπερ
671 339 748 374 μετὰ
763 339 904 374 δακρύων
928 337 1010 374 ἐκζη-

257 374 354 406 τήσας
372 373 479 408 αὐτήν,
500 385 509 400 ι

256 419 343 451 Αὐτὸς
360 419 410 455 μὲν
439 420 590 455 θαυμάζειν
611 420 689 455 ἔφης,
714 420 789 452 ὅπως
805 419 844 455 (4)
869 421 883 447 ὁ
904 419 1010 451 Παῦλος

221 464 271 500 τὴν
295 465 451 501 μετάνοιαν,
470 467 503 500 ἦν
526 467 573 493 καὶ
596 466 677 498 αὐτὸς
694 466 837 502 ἐκήρυττε,
854 466 901 493 καὶ
916 466 929 492 ὁ
945 465 1011 496 θεὸς

223 511 384 545 ἐστεφάνου,
399 511 482 547 μηδὲν
499 511 660 547 δεδυνῆσθαι
672 512 719 538 ἐπὶ
735 511 782 539 τοῦ
805 511 890 538 Ἠσαῦ
907 511 1011 546 διισχυ-

224 557 330 593 ρίσατο,
345 556 450 591 λέγων·
469 566 479 583 ι
509 558 663 589 Μετανοίας
689 557 744 593 γὰρ
767 556 848 584 τόπον
864 557 914 592 οὐχ
936 553 1010 592 εὗρε,

224 603 324 638 καίπερ
341 602 412 638 μετὰ
432 602 558 639 δακρύων
582 603 736 638 ἐκζητήσας
757 603 851 638 αὐτήν.
872 612 881 629 ι
904 603 1013 637 Ἔγωγε

224 648 366 684 θαυμάξω,
384 648 442 680 πῶς
453 648 534 675 τοῦτό
550 657 578 675 σε
591 648 724 675 διέλαθεν.
737 649 775 676 Οὐ
787 648 841 684 γὰρ
855 648 893 680 ὡς
904 648 952 684 τὴν
965 657 1014 683 με-

224 693 333 721 τάνοιαν
345 693 529 729 ἁτιμάσαντος
544 693 590 720 τοῦ
609 692 714 729 κριτοῦ,
728 693 807 720 τοῦτο
822 693 886 729 ἔφη,
906 693 963 720 ἀλλ’
976 693 1014 726 ὡς

225 739 269 766 τὸν
288 739 395 775 μισθὸν,
418 739 554 773 τουτέστι,
578 739 627 775 τήν
645 739 781 774 εὐλογίαν,
796 739 845 775 τὴν
869 741 902 775 τῇ
928 740 1013 776 ἀρετῇ

228 785 326 821 μᾶλλον
340 785 356 821 ἢ
370 786 404 821 τῇ
423 785 622 822 πρεσϐυγενείᾳ
641 786 879 822 χρεωστουμένην,
893 786 932 822 τῷ
956 786 1015 813 δια-

230 831 386 866 πωλήσαντι
401 831 485 867 αὐτὴν
500 831 538 867 μὴ
554 831 711 863 δεδωκότος.
729 833 765 859 Οὐ
782 832 835 868 γὰρ
854 832 958 859 δίκαιον
969 830 1014 868 ἦν,

227 879 340 910 ἐκεῖνον,
354 878 398 905 ἵνα
411 878 459 904 καὶ
473 879 586 914 δοίημεν
615 880 649 915 τῇ
672 879 872 915 πρεσϐυγενείᾳ
887 879 916 905 τὺ
931 879 1016 915 γέρας

228 923 480 971 χρεωστεῖσθαι,γτὺ
499 924 591 959 κτῆμα
603 923 672 959 ὅπερ
686 923 827 959 ἐπώλησεν
846 923 1015 959 ἀνακομίσα-
1031 943 1053 971 Β

228 968 289 996 σθαι
308 969 346 1005 (5)
357 977 364 984 ·
379 971 403 996 εί
422 970 471 1005 μὲν
489 969 543 1005 γὰρ
561 969 736 997 ἀποσπασθὲν
748 967 792 1005 ἧν,
806 969 859 996 ἔδει
883 970 1016 1006 ἀποδοθῆ-

227 1021 290 1041 ναι·
309 1016 333 1041 εἰ
348 1014 376 1041 δὲ
387 1014 502 1050 πραθὲν,
515 1015 564 1042 καὶ
578 1015 630 1042 ὑπὸ
639 1015 688 1051 τὴν
705 1015 790 1050 νομὴν
804 1015 851 1041 τοῦ
864 1015 1016 1051 ἀγοράσαν-

227 1067 274 1092 τος
285 1057 321 1096 ἦν
335 1059 385 1096 (6),
397 1060 429 1087 οὺ
446 1060 550 1087 δίκαιον
561 1060 592 1087 τὺ
604 1060 827 1096 ἀποσπασθῆναι.
841 1060 1018 1093 Κλαύσαντος

228 1105 295 1140 γοῦν
304 1106 411 1142 πικρῶς
419 1106 449 1133 οὐ
460 1106 540 1142 μόνον
551 1106 646 1139 αὑτοῦ,
653 1106 722 1134 ἀλλά
731 1107 777 1134 καὶ
786 1106 832 1133 τοῦ
846 1108 1016 1143 γεννήτορος,

228 1151 259 1178 τὸ
276 1151 380 1178 δίκαιον
403 1152 523 1187 ἴσχυσεν.
540 1153 603 1179 Ὅτι
625 1153 654 1179 δὲ
674 1152 762 1185 οὕτως
785 1153 851 1188 ἔχει,
867 1153 948 1180 ἄκουε
964 1154 1018 1180 τῶν

229 1197 297 1232 πρὸς
312 1198 395 1225 αὐτὸν
412 1199 565 1234 εἰρημένων
577 1207 585 1215 ·
605 1208 615 1224 ο
631 1199 676 1234 Μή
687 1208 729 1231 τις
740 1199 848 1235 πόρνος,
863 1200 878 1235 ἢ
895 1200 1017 1236 βέϐηλος,

228 1244 267 1276 ὡς
284 1243 383 1277 Ἡσαῦ,
398 1244 428 1276 ὃς
442 1245 502 1271 ἀντὶ
517 1245 645 1280 βρώσεως
659 1246 723 1280 μιᾶς
736 1245 850 1272 ἀπέδοτο
864 1246 900 1273 τὰ
914 1255 1020 1282 πρωτο-

229 1290 308 1316 τόκια
335 1290 429 1318 αὑτοῦ.
447 1290 518 1317 Ἰσθε
549 1290 613 1326 γὰρ,
639 1291 740 1318 sum
767 1291 915 1326 μετέπειτα
934 1292 1019 1319 θέλων

231 1336 434 1371 κληρονομῆσαι
449 1336 499 1371 τὴν
512 1336 648 1371 εὐλογίαν,
661 1337 880 1372 ἀπεδοκιμάσθη.
898 1347 907 1363 ι
926 1337 1017 1373 Ὁρᾷς,

231 1382 276 1407 ἵνα
288 1381 369 1417 παρῶ
387 1382 458 1414 τέως
469 1382 499 1409 τὺ
515 1382 675 1416 πεπρᾶσθαι
691 1382 727 1409 τὰ
745 1383 889 1417 πρεσϐεῖα,
905 1384 946 1410 ὅτι
960 1383 1020 1410 οὐδὲ

231 1427 332 1463 ἀρετήν
356 1426 390 1464 ἦν
415 1429 555 1464 ἀσκήσας,
582 1429 639 1456 ἀλλ’
660 1426 701 1460 οἷς
718 1429 845 1464 πέπρακε
866 1430 1020 1465 πρεσϐείαις

233 1474 452 1510 ἐπερειδόμενος,
464 1475 513 1509 τὴν
522 1474 659 1509 εὐλογίαν,
673 1475 723 1510 τὴν
742 1476 774 1510 τῇ
787 1476 928 1510 ἀρετῇ,ὼς
940 1475 1019 1510 ἔφην,

231 1520 471 1556 χρεωστουμένην,
489 1520 694 1556 κληρονομῆσαι
709 1520 841 1556 ἠϐούλετο
851 1529 857 1538 ·
879 1521 947 1556 ὅπερ
957 1521 1022 1548 ἀδύ-

231 1573 311 1592 νατον
325 1563 370 1601 ἦν·
387 1566 411 1592 εἰ
427 1565 482 1601 γὰρ
498 1566 543 1593 καὶ
560 1565 629 1602 μετὰ
644 1565 692 1601 τῆς
706 1565 753 1593 τοῦ
771 1566 898 1598 τεκόντος
915 1567 1021 1599 εὐνοίας

645 205 926 247 EPISTULARUM
947 205 1019 235 LIB.
1040 205 1088 236 IV.
1107 218 1142 223 —
1159 207 1277 238 EPIST.
1299 206 1402 238 XXVI.

1783 201 1856 233 1073

1179 262 1273 289 XXVI.
1288 277 1322 282 —
1339 260 1475 290 lSlDORO
1496 257 1736 288 PBESBYT‘ERO.

1064 307 1099 334 In
1113 307 1140 333 id
1154 308 1271 341 φορά-ἀι
1286 308 1358 334 Esau
1376 308 1475 334 dictum
1496 311 1543 337 est,
1561 315 1570 331 ι
1589 304 1754 341 Pietzilentia:
1766 302 1851 329 locum

1096 350 1149 369 non
1160 339 1272 375 invenit,
1289 343 1407 377 quamvis
1424 342 1549 377 («cryptis
1562 339 1711 376 quwriuerit
1724 341 1824 366 eam“.
1841 346 1850 362 ι

1098 421 1191 449 Mirari
1217 425 1245 449 tu
1267 421 1374 456 quidem
1398 425 1425 448 le
1441 420 1561 452 dicebas,
1578 427 1630 454 quo
1650 422 1729 453 pacto
1754 417 1853 445 l‘aulus

1063 468 1262 504 paenitentiam,
1284 475 1365 502 quam
1392 471 1481 494 tamen
1501 470 1528 493 ct
1550 465 1606 500 ipse
1641 463 1804 499 praedicabat
1827 467 1853 489 et

1065 514 1136 542 Deus
1162 513 1323 544 coronabat,
1344 512 1410 539 nihil
1430 512 1455 538 iu
1477 510 1547 538 Esau
1562 510 1682 545 potuisse
1699 508 1850 539 aliirmarit,

1064 568 1125 589 cum
1141 562 1198 588 ait:
1215 570 1224 586 ι
1242 559 1413 588 Pmnitentia:
1428 558 1516 585 locutu
1532 564 1585 584 non
1603 555 1715 587 invenit,
1731 555 1853 589 quamvis

1064 615 1126 635 cum
1146 607 1272 643 laerymis
1290 613 1350 633 eam
1372 608 1513 640 quaereret.
1534 612 1543 629 ι
1570 604 1604 630 At
1619 609 1669 637 ego
1685 601 1779 634 miror,
1801 607 1853 635 quo

1064 655 1144 682 modo
1164 654 1216 681 hoc
1232 657 1258 680 te
1273 652 1383 688 fugerit.
1401 651 1458 679 Non
1477 650 1549 678 enim
1565 649 1616 676 hoc
1628 656 1661 676 eo
1676 654 1757 675 sensu
1776 646 1853 678 dixit,

1065 700 1143 735 quasi
1159 698 1348 734 paenitentiam
1364 695 1527 725 contumelia
1546 694 1682 723 ali'ecisset
1694 691 1793 727 judex;
1808 691 1854 718 sed

1066 746 1140 778 ideo,
1155 745 1219 780 quia
1236 744 1387 779 praemium,
1406 743 1456 770 hoc
1482 746 1524 770 est
1544 739 1772 769 benedictionem,
1796 743 1855 771 quae

1066 790 1160 817 virtuti
1183 789 1273 824 potius
1301 795 1381 822 quam
1407 786 1627 822 primogenitum
1650 782 1808 814 debebatur,
1831 781 1868 812 ei,

1066 835 1111 871 qui
1135 835 1206 862 hanc
1220 834 1390 867 vendiderat,
1417 840 1471 860 non
1492 830 1650 859 reddiderit.
1667 828 1760 863 Neque
1782 826 1854 854 enim

1067 881 1118 909 hoc
1130 880 1232 915 justum
1249 884 1276 907 et
1291 887 1396 915 mquum
1417 878 1523 910 fuisset,
1543 881 1572 904 ut
1594 875 1710 902 maxime
1723 872 1856 901 conceda-

1068 935 1138 960 mus,
1153 928 1178 955 id
1194 926 1333 962 prmmium
1351 924 1570 960 primogenitum
1583 921 1683 949 deberi.
1703 919 1731 947 Si
1747 918 1855 953 quidem

1067 981 1115 1009 per
1128 973 1180 1000 vint
1195 977 1316 1007 ereptum
1339 971 1364 999 ei
1382 970 1488 1002 fuisset,
1507 972 1563 995 tum
1585 967 1660 995 reddi
1681 965 1856 1001 oportuisset.

1068 1019 1104 1046 At
1121 1019 1184 1054 quia
1206 1017 1357 1047 venditum,
1375 1023 1407 1043 ac
1422 1014 1477 1049 jam
1494 1014 1521 1041 in
1539 1012 1709 1048 possessione
1729 1009 1857 1045 emptoris

1069 1068 1139 1097 erat,
1154 1064 1218 1091 huic
1233 1063 1259 1091 id
1275 1062 1341 1098 eripi
1356 1069 1371 1089 a
1389 1061 1493 1096 iustitia
1508 1059 1603 1087 fuisset
1617 1058 1744 1085 alienum.
1764 1055 1857 1089 Quan-

1072 1116 1236 1145 tumcunque
1252 1110 1333 1144 igitur
1351 1115 1444 1136 amare
1462 1114 1513 1134 non
1531 1105 1618 1133 solum
1632 1105 1688 1139 ipse
1703 1101 1795 1138 (Esau)
1811 1100 1858 1128 sed

1069 1162 1096 1184 et
1117 1161 1194 1192 pater
1217 1155 1274 1189 ejus
1289 1153 1388 1190 (Isaac)
1406 1153 1494 1186 ﬂeret,
1522 1156 1611 1179 tamen
1632 1148 1738 1184 iustitia
1756 1154 1858 1182 prajva-

1070 1203 1129 1230 luit.
1149 1202 1212 1229 Haec
1227 1205 1317 1229 autem
1338 1207 1370 1227 eo
1385 1207 1438 1234 quo
1454 1198 1508 1225 dixi
1525 1197 1604 1225 modo
1618 1203 1646 1224 se
1667 1195 1777 1224 habere.
1797 1192 1859 1219 audi

1070 1255 1131 1283 qua:
1151 1247 1185 1275 de
1200 1248 1259 1283 ipso
1274 1246 1346 1274 dicta
1368 1249 1452 1273 sunt:
1470 1253 1479 1270 ‹
1496 1242 1535 1271 Ne
1558 1242 1619 1277 quis
1634 1240 1791 1270 fornicator,
1814 1241 1859 1264 aut

1072 1293 1212 1329 profanus,
1225 1297 1255 1320 ut
1270 1292 1341 1320 Esau
1357 1301 1363 1318 :
1377 1291 1422 1327 qui
1435 1293 1547 1325 propter
1563 1295 1642 1315 uuam
1659 1293 1749 1314 eseam
1766 1283 1860 1311 vendi-

1071 1339 1256 1374 ditprimitiva
1271 1346 1331 1366 sua.
1348 1337 1452 1364 Scitote
1467 1335 1550 1367 enim,
1568 1333 1696 1369 quoniam
1715 1335 1742 1358 et
1755 1335 1860 1365 postea,

1072 1385 1348 1420 cupieusluereditare
1359 1381 1586 1413 benedictionem,
1594 1378 1753 1414 reprobatus
1759 1375 1840 1404 est".
1848 1385 1857 1402 ι

1073 1431 1155 1459 Vides
1178 1431 1220 1466 (ut
1238 1430 1347 1458 interim
1364 1429 1500 1460 omittam,
1516 1427 1586 1461 quod
1608 1422 1780 1459 primogeniti
1801 1421 1861 1455 jura

1073 1477 1174 1505 fuerint
1201 1475 1321 1511 vendita)
1351 1475 1437 1508 ipsum
1463 1479 1552 1506 neque
1575 1471 1703 1498 virtutem
1730 1467 1862 1498 coluisse;

1073 1524 1120 1552 sed
1141 1521 1361 1558 primogenitum
1374 1518 1440 1554 juri,
1457 1518 1528 1554 quod
1553 1522 1640 1543 tamen
1661 1515 1718 1549 jam
1735 1513 1862 1540 vendide-

1074 1575 1126 1604 rat,
1158 1569 1281 1597 innixum
1303 1574 1389 1602 coque
1416 1565 1525 1598 fretum,
1550 1561 1778 1594 benedictionem,
1804 1566 1864 1594 qua:

232 1611 279 1637 καὶ
292 1612 342 1646 τὴν
366 1611 420 1638 τῶν
438 1611 592 1647 πρεσϐείων
607 1611 664 1647 εἶχε
680 1612 764 1648 τιμὴν
781 1612 831 1648 (7),
851 1613 901 1640 οὐκ
920 1613 954 1640 ἂν
967 1614 1021 1640 ἀπ-

1075 1614 1178 1649 virtuti,
1207 1618 1236 1641 ut.
1263 1613 1396 1645 dicebam,
1422 1610 1504 1647 427
1530 1609 1655 1640 debetur,
1690 1605 1864 1634 hmreditario

233 1658 311 1693 ἐτυχε
335 1657 372 1693 (8)
389 1658 443 1685 τῶν
457 1658 535 1685 θείων
556 1658 696 1692 εὐλογιῶν.
718 1659 815 1694 ’Λρετὴ
835 1659 887 1695 γάρ
914 1660 987 1686 ἔστιν
1006 1660 1022 1695 ή

235 1703 310 1738 παρά
322 1703 370 1730 τοῦ
385 1703 452 1731 Θεοῦ
468 1704 683 1740 στεφανουμένη.
704 1705 813 1740 Ἐπειδὴ
821 1705 849 1732 δὲ
857 1706 906 1733 καὶ
917 1706 1024 1741 πέπρα-

234 1757 283 1775 κεν
300 1749 421 1785 ἐννόμως
437 1749 471 1777 τὰ
495 1750 667 1786 πρωτοτόκια
678 1771 685 1784 ,
712 1751 955 1787 ἀναμφισϐήτητος
975 1751 1023 1778 τοῦ

240 1791 341 1819 Ἰακὼϐ
356 1793 373 1828 ὴ
397 1793 471 1829 νίκη.
503 1793 566 1823 Ἐὰν
582 1795 637 1831 γάρ
652 1803 694 1826 τις
714 1795 799 1830 ἀγρὸν
820 1795 959 1832 πωλήσας,
977 1797 1024 1824 καὶ

234 1838 266 1864 τὸ
279 1838 388 1875 τίμημα
399 1839 529 1876 εἰληφὼς,
547 1840 596 1867 καὶ
610 1841 651 1873 εἰς
660 1841 746 1877 νομὴν
761 1841 808 1868 τοῦ
829 1842 969 1878 κτήματος
979 1843 1025 1871 τὸν

233 1886 408 1921 ἀγοράσαντα
415 1887 585 1922 εἰσκομίσας,
593 1887 656 1915 ὕστε
661 1896 706 1924 ρον
718 1888 855 1924 χωρίςτοῢ
864 1889 1026 1924 ἀποδοθῆναι

234 1931 266 1957 τὸ
278 1931 386 1967 τίμημα
398 1932 469 1966 λέγω
483 1932 547 1969 (οὐδ’
559 1933 732 1966 ἀποδιδόντος
747 1935 797 1970 μὲν
806 1931 852 1961 οὖν
867 1935 1025 1972 συγχωροῦ-

237 1985 281 2004 σιν
297 1978 322 2004 οἰ
346 1978 424 2014 νόμοι
439 1979 553 2011 ἄκοντος
574 1979 621 2006 τοῦ
642 1979 830 2014 ἀγοράσαντος
853 1980 884 2007 τὺ
901 1981 1027 2009 ἀποσπα-

236 2023 333 2058 σθῆναι
347 2024 385 2060 (9)
399 2025 430 2051 τὸ
443 2025 546 2061 κτῆμα·
561 2025 620 2053 ἀλλ’
633 2027 709 2062 ὅμως
727 2026 868 2063 λελέχθω),
883 2028 968 2063 χωρὶς
979 2028 1026 2055 τοῦ

235 2068 383 2097 ἀποδοῦναι
403 2070 435 2097 τὸ
457 2070 582 2107 τίμημα,
618 2073 642 2098 εἰ
669 2072 857 2108 ἀμφισϐητοίη
886 2074 951 2110 περὶ
977 2075 1026 2110 τῆς

237 2115 371 2150 κτήσεως,
391 2117 466 2149 ποῖος
488 2116 581 2152 νόμος,
605 2117 621 2153 ἢ
647 2117 689 2149 τίς
702 2117 830 2154 δικαστὴς
847 2119 1028 2155 ἀποκρίνεται

237 2161 323 2196 αὐτῷ.
337 2162 390 2189 κᾶν
407 2163 491 2198 μυρία
505 2163 609 2195 ἐκεῖνος
621 2163 746 2199 δακρύοι,
762 2165 810 2192 καὶ
824 2165 928 2193 ἐλεεινὰ
944 2167 1027 2202 φθέγ-

237 2214 329 2257 γοιτος
347 2208 412 2257 Οὐδὲ
432 2206 472 2240 εἷς
495 2209 592 2245 δήπου.
621 2210 742 2242 Εἰκότως
766 2209 813 2238 οὖν
836 2212 887 2239 οὐκ
913 2212 1025 2248 εἴληφε’

239 2253 348 2286 πρῶτον
364 2253 414 2288 μὲν
426 2255 527 2290 ἀρετὴν
545 2255 596 2283 οὐκ
614 2255 749 2291 ἀσκήσας,
766 2257 892 2292 εὐλογίαν
914 2258 944 2285 δὲ
961 2260 1028 2293 κλη-

1072 1661 1135 1696 jure
1152 1660 1276 1688 obtinere
1300 1658 1419 1686 voluisse
1433 1665 1439 1684 :
1454 1655 1525 1691 quod
1544 1654 1600 1682 fieri
1617 1653 1774 1688 neutiquam
1790 1655 1864 1685 pote-

1076 1711 1127 1739 rat,
1140 1710 1169 1733 ut
1189 1705 1306 1732 maxime
1322 1711 1375 1731 una
1393 1709 1453 1730 cum
1470 1701 1556 1736 patris
1569 1697 1759 1727 benevolentia
1782 1697 1864 1724 babe-

1076 1757 1117 1779 rct
1131 1751 1212 1778 etiam
1230 1749 1282 1777 sibi
1302 1749 1494 1783 suifragantem
1511 1745 1588 1780 quasi
1606 1744 1784 1772 reverentiam
1796 1742 1865 1776 juris

1075 1795 1294 1833 primogenitum
1314 1793 1446 1830 [alioquin
1468 1793 1490 1820 si
1513 1792 1607 1819 virtuti
1637 1796 1747 1824 operam
1775 1788 1865 1815 dedis-

1076 1832 1141 1877 set,]
1164 1839 1263 1868 divinis
1279 1837 1514 1866 benedictionibus
1531 1844 1582 1864 non
1599 1834 1756 1863 excidisset.
1773 1832 1866 1860 Virtus

1076 1888 1149 1916 enim
1175 1891 1227 1920 est,
1245 1894 1305 1921 quae
1330 1893 1344 1912 a
1370 1885 1425 1913 Deo
1446 1888 1606 1912 coronatur.
1623 1880 1757 1915 Quoniam
1777 1886 1864 1907 autem

1077 1935 1194 1970 legitime
1207 1939 1314 1969 quoque
1331 1930 1451 1959 vendidit
1465 1929 1602 1966 primitiva
1619 1948 1626 1961 ,
1644 1927 1748 1962 absque
1760 1931 1866 1954 contro<

1077 1980 1166 2009 versia
1186 1986 1268 2015 penes
1290 1977 1420 2006 Iacobum
1446 1976 1496 2004 fuit
1518 1974 1641 2003 victoria.
1664 1972 1731 2001 Nam
1754 1972 1776 2000 si
1794 1972 1864 2005 quis.

1079 2030 1254 2062 posteaquam
1272 2031 1366 2059 agrum
1381 2021 1511 2055 rendidit,
1528 2025 1555 2048 et
1569 2019 1686 2057 pretium
1707 2017 1823 2052 accepit,
1840 2021 1867 2044 et

1078 2076 1227 2106 emptorem
1243 2070 1268 2097 in
1286 2068 1487 2104 possessionem
1509 2073 1621 2094 vacuam
1641 2063 1698 2099 ejus
1716 2063 1806 2099 prazdii
1825 2063 1867 2089 in-

1079 2116 1199 2149 roduxit,
1230 2115 1367 2150 posterius
1393 2120 1446 2141 non
1468 2112 1573 2140 reddito
1594 2111 1681 2147 pretio
1704 2110 1867 2144 (quanquam

1081 2173 1113 2192 ne
1127 2163 1235 2199 quidem
1253 2162 1275 2189 si
1295 2161 1347 2188 ltoc
1361 2159 1456 2188 reddat
1471 2157 1606 2189 venditor,
1623 2155 1783 2191 permittunt
1796 2154 1868 2189 leges

1080 2211 1164 2238 invito
1181 2208 1296 2243 emptori
1313 2213 1390 2235 suum
1404 2204 1532 2241 praedium
1548 2202 1648 2230 auferri
1661 2210 1668 2229 :
1681 2204 1867 2228 verumtamen

1080 2258 1119 2285 sic
1138 2255 1267 2291 temporis
1282 2261 1363 2282 causa
1379 2253 1512 2287 fingamus
1529 2249 1556 2277 id
1573 2256 1651 2284 posse
1664 2247 1731 2281 fieri)
1749 2255 1756 2280 ς
1771 2246 1793 2274 si
1809 2245 1869 2280 quis

240 2299 388 2334 ρονομῆσαι
412 2289 538 2336 θελήσας,
564 2298 598 2337 ἧς
622 2289 731 2334 ἀνάξιον
760 2289 856 2330 ἑαυτόν
885 2289 1021 2339 ἀπέφηνει

1081 2311 1156 2339 ergo,
1174 2307 1203 2329 ut
1216 2307 1351 2336 coeperam
1367 2299 1468 2330 dicere,
1484 2304 1543 2325 cum
1559 2303 1612 2323 non
1633 2295 1726 2322 reddat
1742 2293 1868 2329 pretium,

237 2341 364 2378 δεύτερον
376 2343 404 2370 δὲ
424 2345 471 2371 καὶ
488 2345 618 2381 πωλήσας
636 2346 667 2372 τὸ
689 2347 791 2383 γέρας·
815 2347 908 2383 τρίτον
923 2348 1029 2375 ἐκκλει-

240 2388 315 2420 σθεὶς
330 2389 385 2425 (10)
401 2391 513 2427 εἰκότως
525 2391 577 2418 ὑπὸ
591 2392 637 2418 τοῦ
654 2392 762 2428 καιροῦ.
780 2393 811 2419 Εἰ
825 2393 879 2429 γὰρ
896 2393 981 2427 ὅντως
994 2392 1028 2430 ἦν

240 2436 402 2486 μεταγνοὺς,
426 2437 472 2486 καὶ
488 2437 537 2469 τὰς
553 2438 637 2472 ήττας
657 2438 747 2469 πάσας
768 2439 1029 2476 ἀναμαχησάμενος,

239 2481 291 2506 οὐκ
313 2480 345 2507 ἂν
363 2482 499 2518 παρώφθη
519 2483 597 2519 παρὰ
621 2483 699 2510 Θεοῦ.
726 2484 856 2517 Πλούσιος
881 2486 936 2522 γὰρ
958 2486 996 2514 ὢν
1016 2488 1031 2514 ό

240 2526 318 2560 Θεὸς,
337 2528 384 2554 καὶ
399 2528 522 2556 πλουτῶν
539 2530 683 2564 στεφάνοις
701 2530 803 2564 ἄλλοις,
819 2531 957 2567 κοσμῆσαι
972 2532 1031 2559 tau-

285 2604 306 2620 "
320 2603 403 2632 llebr.
417 2613 465 2639 xtl,
487 2607 530 2633 l7.
583 2607 605 2623 ³⁸
620 2607 684 2634 ibid.
700 2607 744 2640 16,
762 2607 804 2634 l7.

1083 2351 1116 2378 de
1129 2347 1302 2384 possessione
1318 2345 1362 2373 illa
1383 2343 1477 2379 (quant
1500 2341 1642 2377 vendidit),
1657 2339 1868 2368 controversiam

1085 2393 1200 2430 emptori
1218 2393 1312 2424 faciat,
1337 2397 1459 2426 quanam
1483 2389 1537 2422 lex,
1563 2393 1609 2415 aut
1632 2387 1692 2422 quis
1704 2385 1784 2422 judex
1810 2391 1869 2411 eam

1085 2442 1200 2476 emptori
1224 2438 1371 2473 adjudicat,
1389 2442 1419 2463 ut
1439 2441 1467 2463 ιιι
1490 2434 1612 2462 infinitas
1632 2432 1676 2460 ille
1698 2431 1818 2459 effundat
1833 2429 1871 2456 la-

1085 2475 1204 2521 cryinas,
1224 2489 1252 2512 et
1273 2481 1464 2511 miserabiliter
1487 2477 1690 2514 conqueratur?
1705 2476 1788 2504 Nemo
1808 2475 1870 2501 her-

1086 2520 1137 2560 cle.
1159 2531 1224 2558 Jurc
1248 2531 1328 2565 igitur
1354 2537 1385 2555 ac
1403 2528 1500 2555 merito
1516 2535 1543 2554 tr.
1553 2534 1568 2553 ιι
1595 2523 1689 2558 recipit
1711 2522 1780 2549 Esau
1801 2520 1871 2554 (qua:

792 2673 910 2701 VARI/ﬁ
931 2673 1124 2702 LECTIONES
1146 2673 1187 2700 ΕΤ
1209 2672 1324 2699 ΝΟῚἈΕ.

274 2753 318 2793 μ)
333 2752 457 2793 _\[ers._t,
471 2760 516 2787 cp.
528 2753 593 2793 _Pro
617 2754 694 2793 βπως
713 2755 774 2793 cod.
786 2754 845 2783 Vat.
864 2755 1029 2793 650_scribit

245 2788 316 2825 πῶςἴ
330 2788 409 2825 Xers.
463 2796 511 2825 pri)
526 2789 672 2824 ἐστεφάνου
686 2791 759 2824 ponit
770 2793 907 2825 στεφανοῖ.
922 2791 1028 2818 Possm.

247 2823 403 2885 biﬁdae,
414 2823 444 2850 τὸ
455 2823 548 2858 κτῆμα
616 2823 733 2861 ἀνακομ.
744 2823 886 2854 Otttittebut
895 2827 940 2854 ed.
954 2825 1028 2856 νυν..

284 2891 408 2936 (finitimi.
424 2892 482 2936 vat.
499 2900 556 2933 om1
569 2891 605 2936 ἦν
617 2897 644 2920 et
659 2901 727 2922 vers.
745 2901 803 2930 post
819 2896 850 2923 51
870 2896 935 2931 προς
949 2896 1030 2924 αὐτόν

253 2932 337 2954 mutat
355 2928 381 2954 in
400 2928 462 2961 παρ’
479 2928 569 2954 αὑτοῦ.
587 2928 690 2957 l'osstn.

1118 2755 1157 2799 ἐξ)
1171 2753 1226 2799 Ed;
1249 2749 1594 2799 Eatisz_?a:tr:..§”':;..

1170 2778 1237 2817 (inii.
1250 2778 1381 2825 γξιίζᾞτᾴ
1391 2778 1619 2825 ἀπέτυχε,“ι›οιιίι,
1639 2780 1728 2814 ἔτυχε,
1744 2784 1771 2807 et
1791 2778 1868 2806 Vers.

1081 2817 1208 2859 seq.'pro
1220 2817 1350 2858 ὲννόμωὲ,
1364 2817 1505 2859 ενιμότως.
1518 2817 1622 2859 Possm.

1117 2849 1246 2894 (Sifldem
1256 2849 1322 2885 eod.
1331 2849 1394 2894 ante
1405 2849 1616 2894 ἀποσπασθῆναι
1624 2850 1692 2878 tollit
1703 2849 1744 2883 τό,
1755 2852 1783 2876 ct
1797 2856 1866 2876 vers.

1083 2886 1288 2929 seqi'simililcr
1306 2892 1375 2929 tollit
1388 2888 1573 2929 εἰριιξσάμφ.
1590 2886 1627 2913 In.

1121 2922 1175 2958 illi)
1191 2929 1263 2956 ldum
1278 2928 1350 2960 C(ld.,
1369 2922 1520 2958 ὲκκληθείς.
1539 2922 1576 2949 ln.
