2040 3161
181 156 248 188 1073
784 157 816 186 S.
837 156 985 187 ISIDORI
1005 157 1230 188 PELUSIOT/E
1746 155 1813 188 1030

180 213 375 244 desiderabat.)
391 212 483 240 Primo
497 213 604 247 quidem
621 220 681 240 cum
702 221 754 240 non
771 213 892 241 dedisset
903 221 969 248 ope-

1035 223 1098 241 ιατο.
1113 214 1144 240 El
1157 214 1212 250 γὰρ
1227 215 1275 242 καὶ
1291 214 1339 246 τὰς
1351 214 1487 249 εὐλογίας,
1502 214 1534 246 ἃς
1548 213 1699 249 πέπρακεν,
1715 213 1814 240 ἀνακο-

182 267 238 286 ram
261 259 365 293 virtttti,
381 264 408 287 et
430 264 520 286 tamen
540 260 754 287 benedictionem
773 261 844 288 velut
860 258 978 288 heret"?

1035 259 1160 285 ιίσασθαι
1170 258 1219 293 οὐχ
1232 255 1287 290 οἷός
1303 260 1326 285 τ’
1341 257 1385 294 ἦν,
1405 259 1462 285 ἀλλ’
1481 256 1528 285 οὖν
1541 267 1572 292 γε
1588 257 1679 289 ἄλλοις
1697 257 1730 284 ἂν
1751 265 1812 283 στε-

181 308 237 330 tate
258 310 356 338 capere
371 303 511 335 voluisset,
532 311 584 338 qua
602 311 631 331 se
647 304 784 339 indignum
797 305 969 340 praebuerat;

181 348 278 375 deinde
308 355 373 376 vero
399 356 460 376 cum
485 349 568 376 etiam
596 349 621 376 id
647 351 766 377 tnuucris
786 350 968 382 vendidisset;

181 393 262 421 tertio
276 394 356 421 etiam
371 401 385 421 a
401 398 522 428 tempore
536 395 632 422 merito
643 395 768 422 exclusus
782 395 886 422 fuisset.
903 394 971 422 Nam

181 438 203 464 si
221 445 315 466 revera
340 447 372 467 ac
394 441 465 467 serio
485 440 671 475 paenitentiam
694 441 802 475 egisset,
825 434 972 475 erupriores

1026 304 1123 338 φάνοις
1143 303 1283 339 ἐκοσμήθη
1294 312 1301 319 ·
1314 305 1362 330 καὶ
1377 303 1484 340 πρῶτον
1498 303 1548 339 μὲν
1563 303 1602 339 τῷ
1614 301 1661 330 τὸν
1673 302 1738 329 Θεὸν
1751 302 1814 329 ἵλεω

1026 349 1109 384 ἔχειν.
1134 349 1244 384 Ἐπειδὴ
1260 349 1287 376 δὲ
1303 349 1402 385 ἀρετῆς
1419 350 1468 384 μὲν
1485 349 1535 376 οὐκ
1551 348 1720 384 ἐφρόντιζεν,
1739 348 1814 375 εὐλο-

1023 395 1091 429 γιῶν
1113 395 1135 421 δ’
1148 394 1316 421 ἀντεποιεῖτο
1335 394 1389 422 τῶν
1413 395 1446 430 τῇ
1471 394 1554 430 ἀρετῇ
1575 393 1813 429 χρεωστουμένων,

1023 440 1136 472 εἰκότως
1152 439 1296 475 ἀπέτυχεν.

191 490 272 518 apsus
303 491 397 512 omnes
427 485 568 520 posteriori
598 485 761 512 strenuitate
788 484 972 517 correxisset,
996 493 1049 512 non
1071 484 1167 512 fuisset
1192 492 1207 511 a
1241 485 1295 512 Deo
1322 484 1470 519 neglectus.
1508 484 1587 512 Dives
1609 485 1679 512 enim
1705 492 1764 512 cum
1781 484 1816 511 sit

184 529 264 563 Deus,
279 534 307 558 et
321 530 382 558 aliis
401 531 520 558 abundet
536 531 656 566 pluribus
673 531 791 565 coronis,
812 531 892 558 aliter
904 539 1012 567 quoque
1034 532 1121 567 ipsum
1155 539 1254 559 ornare
1288 532 1430 566 potuisset.
1462 531 1584 558 Tametsi
1611 532 1682 558 enim
1706 531 1814 558 benediv

182 575 298 609 «tiones,
313 583 380 611 quas
407 576 586 608 vendiderat,
613 583 773 610 recuperare
790 583 843 603 non
867 576 1010 610 potuisset,
1025 570 1086 604 aliis
1111 580 1201 603 tamen
1218 576 1326 603 coronis
1357 581 1471 604 ornatus
1503 576 1617 604 fuisset:
1634 584 1666 603 ac
1700 576 1815 611 primum

184 622 294 656 quidem
317 622 371 653 illa,
387 623 458 657 quod
474 623 618 657 propitium
634 623 774 650 habuisset
791 623 884 649 Deum.
924 622 992 655 Quia
1032 629 1098 650 vero
1123 622 1230 649 virtutis
1258 622 1331 649 nulla
1357 622 1518 658 tangebatur
1542 630 1618 654 cura,
1639 623 1685 649 sed
1712 628 1814 650 tantum

185 668 389 696 benedictiones
403 668 453 695 sibi
473 668 638 700 vindicabat,
661 675 719 702 qn:c
741 673 830 695 tamen
852 676 907 695 non
925 669 975 696 nisi
1010 668 1104 696 virtuti
1131 667 1280 701 debentur,
1321 668 1420 696 merito
1449 668 1506 696 suis
1530 667 1672 695 desideriis
1701 667 1815 695 frustra-

186 720 229 740 ιυς
246 717 298 740 68L

365 767 472 795 XXVII.
490 783 523 788 —
538 767 582 795 OL
588 767 690 795 VIII'IO
696 767 796 795 DOIIO.

186 825 291 860 Graecos
313 833 359 859 per
380 833 411 851 ea
432 825 494 860 ipsa
517 829 682 860 argumenta,
705 833 751 857 per
775 832 834 858 qua:
857 825 977 851 videnlur

1224 769 1286 796 KZ’.
1306 783 1340 788 ——
1361 768 1616 804 ΟΛΥΜΠῘΟΔΩΡῼ.

1031 826 1092 852 Ὅτι
1126 826 1284 858 Ἕλληνες,
1309 821 1403 851 δι’ὧν
1423 825 1458 852 τὰ
1484 824 1671 858 Χριστιανῶν
1693 825 1819 852 δοκοῦσι

221 859 381 894 Christiane:
399 859 532 894 religionis
551 860 674 894 dogmata
691 864 844 893 attenuare,
863 864 978 886 suasmet

1067 861 1254 894 σμικρόν-ειν,
1279 859 1328 887 διὰ
1350 860 1465 888 τούτων
1488 860 1524 887 τὰ
1547 860 1664 888 ἑαυτῶν
1687 861 1810 894 ἀνατρέ-

221 903 261 921 τις
275 899 400 922 avertere.

222 961 306 988 Miror
318 962 455 997 equidem,
471 963 515 997 qui
534 963 590 996 liat,
604 962 675 997 quod
700 970 752 988 non
776 963 863 989 solum
887 961 915 994 ii,
932 961 978 996 qui

188 1009 259 1035 inter
271 1007 380 1036 Graecos
393 1008 474 1036 rudes
489 1013 552 1036 sunt
565 1013 646 1043 atquc
656 1013 782 1042 expertes
797 1007 973 1039 eruditionis,

190 1060 284 1080 verum
304 1054 386 1081 etiam
405 1054 443 1081 illi
462 1055 506 1089 qui
520 1055 681 1089 sapientiam
698 1054 869 1088 profitentur,
884 1059 911 1081 et
931 1061 977 1081 or-

189 1105 252 1128 nate
265 1100 370 1128 dicendi
390 1101 486 1136 peritia
505 1109 533 1128 se
544 1101 661 1134 jactant,
676 1105 702 1127 et
717 1100 865 1127 dialecticae
881 1099 977 1134 cogni-

189 1146 263 1173 tione
281 1145 441 1181 gloriantur,
462 1152 489 1173 et
510 1146 673 1181 syllogismis
687 1146 850 1178 innituntur,
866 1151 894 1172 et
916 1153 978 1172 cum

190 1198 221 1218 ea
237 1199 298 1227 qua:
324 1191 576 1219 ratiocinationibus
601 1191 781 1219 adversantur
799 1191 918 1223 videant,
941 1198 982 1218 re-

191 1243 250 1263 rum
269 1241 358 1263 tamen
379 1236 582 1271 repugnantiam
598 1244 649 1263 non
671 1236 910 1270 animadvertunt;
934 1236 979 1271 qui

190 1281 248 1314 fiat,
266 1281 388 1316 inquam,
409 1283 480 1315 quod
501 1282 527 1309 hi
551 1290 603 1309 non
625 1282 756 1314 sentiant,
774 1289 814 1314 sc,
829 1281 892 1308 dum
908 1282 980 1309 divi-

190 1335 254 1354 num
275 1327 440 1362 praeconium
456 1326 594 1362 Evangelii
614 1332 781 1362 oppugnant,
800 1335 833 1355 eo
851 1327 909 1362 ipso
924 1334 980 1354 ma-

189 1372 232 1407 gis
257 1373 417 1407 semetipsos
433 1372 605 1408 pudefacerc.
628 1373 711 1400 Atl‘crt
737 1373 810 1400 enitn
830 1372 907 1400 victis
930 1372 979 1399 ali-

189 1417 253 1452 quid
273 1418 430 1446 ambitionis
454 1422 481 1445 et
502 1418 626 1451 honoris,
647 1426 742 1446 eorutn
766 1427 780 1446 a
804 1419 902 1455 quibus
918 1418 981 1446 victi

189 1467 252 1490 sunt
263 1463 432 1492 excellentia.
448 1463 481 1490 At
492 1464 542 1498 ipsi
558 1464 633 1491 aiunt
645 1469 780 1491 mortuum
797 1472 857 1492 esse
877 1463 980 1496 Iesum,

193 1513 222 1535 ut
253 1508 347 1544 ingens
369 1509 482 1537 deorum
507 1510 650 1544 gentilium
683 1509 826 1538 multitudo
850 1510 901 1538 hoc
923 1510 982 1545 ipso

1067 903 1187 922 ποινσιν.

1067 959 1216 994 Θαυμάζω,
1240 960 1313 991 ὅπως
1328 960 1359 985 οὐ
1384 960 1463 994 μόνον
1480 960 1505 986 οἰ
1521 959 1689 990 παιδεύσεως
1711 959 1821 995 ἄμοιροι

1031 1006 1085 1033 τῶν
1105 1006 1252 1041 Ἑλλήνων,
1275 1005 1343 1032 ἀλλὰ
1363 1005 1410 1032 καὶ
1427 1006 1451 1031 οι
1471 1005 1568 1040 σοφίαν
1579 1005 1820 1040 ἐπαγγελλόμενοι,

1031 1051 1078 1078 καὶ
1089 1052 1112 1077 οἱ
1130 1051 1176 1077 ἐπὶ
1193 1050 1346 1086 εὐγλωττίᾳ
1363 1050 1587 1086 ἐναϐρυνόμενοι,
1608 1051 1654 1077 ἐπὶ
1666 1050 1821 1086 διαλεκτικῇ

1031 1105 1060 1122 τε
1083 1095 1240 1131 αὐχοῦντες,
1261 1096 1309 1122 καὶ
1332 1095 1523 1130 συλλογισμοῖς
1543 1095 1755 1131 ἐπερειδόμενοι,
1775 1096 1824 1122 καὶ

1031 1142 1081 1174 τὰς
1099 1142 1149 1177 μὲν
1163 1141 1337 1174 ἐναντιώσεις
1350 1141 1404 1168 τῶν
1422 1141 1561 1177 λογισμῶν
1583 1142 1711 1176 ὁρῶντες,
1729 1142 1779 1173 τὰς
1794 1142 1824 1168 δὲ

1031 1189 1085 1215 τῶν
1101 1189 1272 1226 πραγμάτων
1283 1189 1321 1224 μὴ
1334 1189 1517 1225 καθορῶντες,
1528 1189 1579 1216 οῦκ
1590 1189 1774 1221 αἰσθάνονται,
1789 1189 1824 1216 δι’

1032 1231 1069 1262 ὧν
1085 1234 1114 1261 τὸ
1134 1235 1266 1270 κήρυγμα
1282 1234 1312 1261 τδ
1330 1234 1400 1261 θεῖον
1416 1234 1639 1267 κατατοξεύουσι,
1662 1235 1706 1262 διὰ
1721 1234 1826 1261 τούτων

1034 1281 1134 1316 μᾶλλον
1148 1276 1262 1312 ἐαυτοῦς
1278 1273 1515 1315 καταισχύνοντές.
1528 1281 1608 1321 φέρει
1625 1282 1678 1317 γάρ
1690 1289 1751 1307 τινα
1765 1281 1823 1315 (Η)

1034 1327 1191 1362 φιλοτιμίαν
1203 1327 1259 1358 τοῖς
1273 1326 1499 1362 κεκρατημένοις,
1516 1327 1532 1361 ἡ
1546 1326 1600 1353 τῶν
1614 1327 1827 1361 κεκρατηκότων

1033 1373 1165 1408 ὑπεροχή.
1182 1372 1265 1398 Αὐτοὶ
1282 1372 1310 1398 δὲ
1326 1371 1462 1407 φάσκουσι
1477 1371 1573 1407 νεκρὸν
1590 1371 1635 1398 τὸν
1657 1371 1768 1406 Ἰησοῦν,
1783 1371 1828 1398 ἴνα

1034 1417 1133 1453 νεκροῦ
1157 1417 1304 1453 ἀποφανθῇ
1332 1417 1387 1444 τῶν
1413 1417 1479 1453 παρ’
1499 1417 1591 1449 αὐτοῖς
1616 1417 1685 1444 θεῶν
1707 1417 1721 1443 ὁ
1740 1417 1829 1452 δῆμος

1034 1465 1241 1500 ἁδρανέστερος.
1265 1463 1439 1499 κωμῳδοῦσι
1454 1464 1500 1490 τὸν
1516 1463 1642 1499 σταυρὺν,
1661 1463 1704 1490 ἴνα
1729 1472 1830 1498 κωμῳ-
1878 1468 1883 1472 ⁷

1033 1510 1135 1550 δηοῶσι
1150 1510 1342 1545 σφοδρότερον,
1356 1510 1462 1545 ἀτίμως
1479 1509 1683 1546 πεπορθημένοι
1697 1509 1745 1536 καὶ¹
1758 1518 1830 1536 νενι-

191 1553 345 1581 declaretur
356 1554 437 1582 etiam
451 1560 557 1582 tnortuo
571 1555 742 1582 itnbecillior.
756 1555 874 1582 llludunt
889 1555 980 1588 cruci,

1035 1556 1149 1591 κημὲνοι
1181 1555 1301 1591 σταυρῷ.
1335 1555 1495 1582 Σκώπτουσι
1517 1555 1566 1591 τὴν
1591 1555 1646 1582 τῶν
1671 1555 1830 1581 ἀποστόλων

192 1603 221 1625 ut
235 1598 285 1633 ipsi
300 1600 388 1634 magis
401 1600 483 1628 etiam
502 1601 680 1628 traducantur
692 1606 718 1628 et
731 1601 848 1628 ludibrio
861 1601 980 1628 habean-

193 1650 246 1677 tur,
264 1645 363 1680 quippe
383 1646 428 1681 qui
448 1646 618 1681 ignominose
643 1655 657 1673 a
679 1654 758 1675 cruce
777 1648 921 1682 expugnati
945 1647 982 1675 vi-

192 1691 282 1725 ctique
308 1691 372 1718 sint.
389 1691 473 1727 428
496 1692 666 1726 Exprobraut
696 1693 773 1720 nobis
799 1693 981 1728 apostolorum

192 1736 351 1769 ruditatem,
369 1742 397 1764 ut
421 1742 495 1764 tanto
510 1738 682 1772 conspectius
697 1738 732 1765 sit
754 1739 893 1772 probrum,
912 1739 982 1773 quod

193 1780 380 1810 celeberrimis
409 1782 529 1817 ipsorum
559 1783 728 1818 sapientibus
751 1784 905 1819 ingeritur,
937 1785 982 1818 qui

194 1826 361 1861 plebeiorum
379 1828 518 1856 ltbminum
534 1829 664 1857 doctrina:
677 1838 771 1857 manus
783 1830 917 1858 dederint.
931 1829 982 1857 Ve-

195 1873 344 1901 nerandum
363 1874 463 1902 Christi
477 1875 630 1910 sepulcrum
648 1876 790 1903 cachinnis
801 1876 984 1910 petulantibus

195 1919 344 1953 excipiunt,
367 1925 396 1947 ut
412 1928 444 1947 eo
461 1920 547 1955 magis
563 1921 714 1955 risudigna
733 1922 799 1948 fiant
817 1922 936 1956 ipsorum
955 1921 986 1948 il-

197 1964 291 1992 lustria
308 1965 417 1998 templa,
434 1967 532 2001 quippe
545 1974 605 2001 qua:
627 1966 717 1994 dcriso
729 1967 762 1994 ab
776 1967 839 2001 ipsis
853 1967 985 1994 cesserint

1035 1602 1173 1637 ἀμαθίαν,
1199 1601 1241 1628 ἵνα
1270 1601 1461 1636 λαμπρότερον
1485 1602 1508 1627 οἱ
1537 1600 1729 1636 ϐρυ).λοὺμενοι
1763 1599 1829 1632 παρ’

1036 1647 1128 1674 αὐτῶν
1141 1647 1339 1683 στηλιτευοῶσι
1356 1646 1444 1681 σοφοὶ,
1460 1646 1571 1673 ἰδιωτῶν
1585 1646 1690 1681 ἀνδρῶν
1700 1645 1832 1672 διδασκα-

1037 1693 1082 1729 λίᾳ
1104 1693 1277 1729 ἡττηθέντες.
1305 1692 1356 1719 Τὸν
1374 1692 1421 1719 τοῦ
1446 1692 1565 1728 Χριστοῦ
1591 1691 1830 1728 προσκυνούμενον

1037 1740 1198 1776 χλευάζουσι
1214 1739 1309 1774 τάφον,
1322 1738 1357 1765 ἵν’
1369 1739 1394 1765 οἱ
1407 1739 1472 1774 παρ’
1481 1738 1573 1770 αὐτοῖς
1588 1739 1750 1773 περιφανεῖς
1759 1737 1829 1770 ναοὶ,

1038 1782 1146 1817 γέλωτα
1165 1781 1296 1816 ὀφλεῐωσι
1313 1781 1368 1816 (I2)
1398 1781 1520 1816 μείζονα,
1538 1779 1728 1816 χλευαζομένῳ
1742 1787 1832 1814 παρα-

1038 1829 1216 1865 χωρήσαντες
1230 1827 1319 1863 τάφῳ.
1335 1827 1440 1858 Παντὸς
1455 1826 1687 1862 ὲπιλαμόἀνονται
1703 1825 1740 1857 ὡς
1754 1825 1831 1851 εὖτε-

1039 1873 1102 1906 λοῦς
1112 1873 1159 1900 τοῦ
1175 1873 1365 1909 κηρύγματος,
1379 1872 1424 1899 ἴνα
1439 1873 1474 1898 τὰ
1495 1872 1562 1907 παρ’
1584 1871 1676 1904 αὐτοῖς
1693 1871 1832 1906 περιφανῆ

1039 1919 1121 1946 πλέον
1135 1918 1204 1954 ὀφθῇ
1219 1917 1486 1953 καταγελαστότερα,
1502 1918 1535 1953 τῇ
1555 1916 1610 1944 τῶν
1623 1916 1741 1943 εὐτελῶν
1764 1916 1832 1942 ὑπο-

1040 1964 1164 2000 κύψαντα
1177 1963 1269 1998 φύσει.

197 2010 331 2044 sepulcro.
349 2010 448 2044 Atque,
464 2015 492 2038 ut
507 2011 600 2046 paucis
621 2011 769 2045 absolvam,
806 2017 891 2040 totum
913 2011 1116 2048 reprehendunt
1139 2009 1306 2045 prmcouium
1341 2008 1493 2043 Evangelii,
1521 2012 1549 2035 ut
1564 2016 1621 2036 rem
1636 2008 1716 2036 vilem
1751 2012 1833 2042 atque

198 2056 341 2090 abjectam,
359 2061 390 2084 ut
413 2057 544 2092 quidquid
560 2058 630 2093 apud
653 2058 727 2093 ipsos
749 2065 791 2087 cst
810 2059 926 2092 illustre,
953 2059 980 2087 id
999 2065 1079 2087 omne
1102 2057 1187 2092 magis
1211 2056 1335 2084 videatur
1360 2055 1549 2087 deridendum,
1588 2055 1716 2090 quoniam
1741 2060 1833 2080 rerum

198 2101 291 2129 vilium
310 2101 351 2136 (ut
368 2101 418 2137 ipsi
437 2103 521 2139 aiunt)
541 2109 645 2132 natura}
661 2105 847 2134 succubuerit.

286 2158 405 2186 XXVIII.
422 2175 456 2179 -—
472 2159 676 2188 [ESCULAPIO
695 2160 888 2189 SOPHISTzE.

497 2214 533 2242 De
550 2215 640 2242 eadem
656 2223 691 2242 re.

235 2279 316 2314 Fugit
331 2280 401 2307 ratio
425 2281 544 2312 Graecos,
560 2281 604 2316 qui
630 2289 683 2309 non
708 2283 939 2314 animadvertunt,
961 2289 991 2309 se

199 2331 248 2359 per
264 2330 297 2350 ea
317 2330 376 2358 qua:
394 2324 508 2359 (contra
531 2325 712 2361 Christianos)
733 2326 870 2358 alI'erunl,
891 2331 988 2354 seruet-

201 2370 274 2404 ipsos
298 2374 430 2396 evertere.
458 2369 526 2397 Nam
554 2378 602 2406 pro
632 2371 715 2399 nihilo
742 2371 891 2400 habendam
916 2372 992 2400 aiunt

1202 2159 1271 2186 KII’.
1287 2173 1321 2179 ——
1339 2156 1520 2192 ΑΣΚΛΗΠΙῼ
1537 2155 1692 2191 ΣΟΦΙΣΤῌ.

1310 2214 1378 2247 Περὶ
1394 2212 1447 2240 τοῦ
1463 2212 1567 2239 αὐτοῦ.

1079 2281 1265 2309 Λανθάνουσιν
1295 2281 1431 2316 Ἑλλήνων
1454 2279 1559 2311 παῖδες,
1582 2279 1615 2305 δι’
1635 2275 1673 2305 ὧν
1699 2277 1835 2312 λέγουσιν,

1044 2327 1158 2359 ἑαυτοὺς
1173 2327 1383 2362 ἀνατρέποντες.
1406 2325 1617 2358 Ἐξευτελίζουσι
1629 2324 1685 2359 γὰρ
1699 2323 1750 2358 τὴν
1761 2323 1838 2349 θείαν

1044 2373 1166 2409 Γραψὴν,
1182 2373 1219 2405 ὼς
1232 2372 1445 2408 βαρϐαρόφωνον
1464 2371 1533 2406 (15),
1550 2371 1597 2397 καὶ
1611 2368 1836 2405 ὀνοματοποιίαις

755 2461 871 2490 VARI/IS
888 2461 1083 2490 LECTIONES
1102 2462 1146 2490 ΕΤ
1168 2461 1283 2489 NOTJE.

237 2538 293 2572 (II)
312 2537 452 2566 Sententia
468 2539 647 2573 pulcherrima
658 2560 665 2573 ,
681 2548 714 2567 ex
731 2548 784 2574 qua
801 2540 866 2567 illud
890 2548 983 2568 mana-

202 2574 240 2600 vit
255 2581 270 2601 a
288 2581 394 2610 smumo
410 2579 486 2609 poeta
504 2575 606 2602 dictum
619 2583 667 2610 pro
681 2576 779 2603 solatio
796 2581 859 2602 non
874 2582 881 2602 :

290 2608 384 2644 ιῌιιείε
400 2610 489 2644 magni
499 2610 591 2637 dextra
607 2608 692 2637 c'adis.

237 2643 293 2680 (lg)
306 2643 356 2680 Pro
367 2643 493 2679 ὀφλειωσι
505 2646 566 2672 cod.
579 2644 640 2680 Vat.
650 2644 868 2680 ιεςὶιόφλήσωσι.
883 2645 986 2673 Possm.

239 2679 296 2715 (ιβ)
326 2679 386 2712 Τὴν
409 2680 492 2707 θείαν
518 2679 656 2715 Γραφὴν.
678 2679 986 2715 ᾠςνβαρόαρόφωνον.

203 2713 303 2741 Cunl‘cr
317 2715 396 2748 epist.
423 2715 469 2747 67,
493 2715 524 2742 9t
544 2713 661 2741 et'MO.
684 2713 904 2749 Vulgatissimum
921 2716 985 2743 olim

203 2749 458 2785 conviciuxn,qnod
484 2750 569 2785 sacris
595 2753 622 2775 et
649 2749 747 2785 divinis
762 2750 874 2778 Litteris
900 2750 983 2778 facie-

204 2785 269 2820 bant
297 2784 403 2820 pagani
421 2790 449 2813 et
478 2784 616 2820 infideles.
651 2784 715 2811 illud
745 2790 820 2817 erat,
848 2785 987 2813 barbaris-

204 2818 258 2858 mis
276 2818 315 2859 ac
333 2818 511 2859 'solmcispiis
538 2825 584 2859 eas
600 2824 726 2859 ‘scatere.
741 2820 797 2859 AAb
823 2821 874 2848 hoc
905 2821 988 2859 igitur

205 2853 319 2885 crimine
331 2860 434 2886 veteres
449 2853 576 2884 Ecclesia:
592 2853 716 2884 doctores
740 2854 906 2887 Scripturam
916 2853 985 2884 divi-

1040 2542 1114 2568 nitus
1141 2540 1301 2574 inspiratam
1328 2543 1356 2567 ut
1384 2540 1545 2571 liberarent,
1575 2539 1658 2574 multa
1687 2538 1838 2574 attulerunt

1039 2584 1098 2609 quae
1115 2583 1147 2603 ex
1165 2573 1282 2610 ipsorum
1301 2575 1377 2602 libris
1400 2580 1441 2602 est
1456 2579 1557 2609 petere.
1575 2573 1641 2610 Vide
1659 2581 1719 2601 cum
1742 2573 1837 2610 pri_mis

1040 2608 1189 2638 Arnobium
1204 2611 1250 2637 lib.
1269 2610 1414 2637 tadverrua
1429 2614 1528 2644 gentes,
1544 2615 1570 2636 et
1584 2609 1758 2644 Lactantium
1774 2608 1836 2644 [j‘ir-

1043 2647 1163 2673 mianum
1181 2646 1227 2673 lib.
1244 2653 1282 2676 vt,
1299 2652 1359 2678 cap.
1376 2645 1420 2672 21.
1437 2648 1464 2672 et
1478 2645 1503 2671 in
1526 2644 1647 2678 Epitoma
1662 2643 1752 2670 Dii-in.
1779 2643 1836 2668 inl-

1042 2683 1097 2713 tit.,
1112 2689 1172 2714 cap.
1190 2681 1217 2712 5.
1237 2681 1281 2708 ubi
1298 2687 1348 2715 pro
1361 2680 1454 2710 dubia,
1478 2679 1549 2715 quod
1571 2680 1599 2715 in
1613 2679 1740 2715 omnibus
1766 2685 1835 2715 quas

1041 2716 1096 2743 vidl
1110 2715 1274 2743 editiouibus
1289 2713 1331 2742 est
1343 2735 1350 2747 ,
1366 2714 1459 2749 procul
1472 2714 1554 2740 dubio
1569 2714 1709 2748 legendum
1723 2713 1835 2743 dulcia;

1040 2759 1121 2785 quam
1139 2751 1323 2784 conjecturam
1339 2757 1425 2776 meam
1442 2749 1520 2776 facile
1531 2749 1667 2785 probabit,
1680 2749 1725 2782 qui
1746 2753 1833 2785 toturn

1041 2782 1128 2813 locum
1145 2782 1300 2812 acouratius
1314 2785 1476 2820 inspexerit.
1497 2790 1522 2820 ert
1538 2783 1683 2820 contulerit
1708 2790 1771 2820 cum
1789 2782 1832 2820 a_l_-

1040 2825 1098 2883 ἲςῗό
1115 2820 1168 2883 (ιιιᾶ
1177 2826 1216 2848 est
1231 2821 1276 2848 tib.
1294 2828 1318 2847 Vl
1347 2816 1371 2847 οἱ
1385 2819 1429 2846 21.
1447 2819 1545 2850 Confer
1558 2819 1652 2849 Isidor.
1669 2825 1712 2854 ep.
1732 2818 1748 2845 4
1761 2816 1831 2850 615,

1051 2864 1058 2883 ι
1081 2875 1087 2883 .
1103 2863 1134 2883 n.
1172 2863 1231 2883 ιττ.

1051 2856 1087 2884 ib.
1103 2863 1134 2886 ιι,
1149 2856 1231 2884 Βιττ.
