2040 3161
133 190 194 223 1031

570 197 837 228 ΕΡΙΞΤΟΙΑΒΠΜ
859 198 932 229 LIB.
954 199 1003 229 IV.
1024 212 1057 217 --
1077 201 1196 233 EPIST.
1214 203 1303 234 XXX.

1684 207 1752 237 1082

131 245 214 278 ξέναις
229 247 458 283 συντεταγμένην,
474 256 504 275 σι
511 248 633 284 νδέσμων
646 250 674 277 δὲ
693 251 850 286 ἀναγκαίων
870 253 913 280 ὲλ-

967 253 1136 288 Scripturam
1153 256 1280 291 divinam,
1300 263 1425 294 tanquam
1441 260 1543 288 scilicet
1566 259 1689 288 barbaris
1707 269 1754 290 vo-

129 291 270 318 λείποοσαν
287 291 355 327 (14),
371 294 418 320 καὶ
445 294 582 330 περιττῶν
606 296 768 333 παρενθήκη
788 298 834 325 τὸν
851 298 913 326 νοῦν

129 337 179 364 τῶν
198 337 353 373 λεγομένων
381 340 608 375 ἐκταράττουσαν.
642 342 713 369 Ἀλλ’
738 344 792 370 ἀπὸ
811 345 913 372 τούτων

130 383 336 418 μανθανέτωσαν
361 384 412 420 τῆς
441 386 570 422 ἀληθείας
595 387 644 423 τὴν
669 388 756 423 ἰσχύν.
781 390 843 421 Πῶς
860 391 914 427 γὰρ

129 428 235 454 ἔπεισεν
251 429 268 464 ἡ
286 430 500 466 ἀγροικιζομένη
512 430 561 467 τὴν
574 432 758 466 εὐγγλωττίαν
774 435 829 470 (l5)
842 445 848 467 ;
867 436 914 462 Et-

129 474 253 501 πάτωσαν
267 477 291 502 oi
314 476 402 511 σοφοὶ,
427 477 486 508 πῶς
512 477 716 514 βαρϐαρίζουσα
741 482 914 518 κατακράτος

129 520 173 546 καὶ
188 520 377 553 σολοικίζουσα
386 522 512 558 νενίκηκε
527 523 575 558 τὴν
585 524 775 556 ἀττικίζουσαν
790 527 912 563 πλάνην·

129 565 183 598 πῶς
206 566 319 594 Πλάτων
340 568 400 603 μὲν,
426 568 480 594 τῶν
505 568 604 602 ἔξωθεν
620 570 774 605 φιλοσόφων
796 572 812 599 ὁ
830 581 914 609 κορυ-

129 611 213 655 φαῖος,
224 611 331 644 οὐδενὸς
346 613 520 649 περιεγένετο
533 615 663 651 τυράννου
675 625 682 632 ·
697 616 765 653 αὕτη
781 618 809 646 δὲ
820 620 871 655 γῆν
884 629 913 648 τε

127 654 174 681 καὶ
185 655 320 684 Θάλαττὰν
339 658 497 694 ἐπηγάγετο
510 667 518 692 ;

965 300 1041 328 cibus
1059 307 1239 333 constantem,
1260 309 1288 330 et
1303 305 1453 340 peregrinis
1476 305 1613 332 nominum
1637 305 1753 333 lictioui-

966 347 1016 373 bus
1035 347 1225 381 compositam,
1240 352 1266 374 et
1289 349 1451 376 necessariis
1465 350 1701 385 coniunctionibus
1721 357 1754 377 ac

967 392 1040 419 velut
1069 392 1185 420 vinculis
1206 393 1339 420 orationis
1363 394 1528 426 destitutam,
1553 400 1582 422 et
1604 395 1753 430 superﬂuo-

966 445 1024 464 rum
1044 438 1224 465 inculcatione
1242 445 1351 465 sensum
1374 446 1466 465 eorum
1481 447 1541 474 quae
1554 441 1679 467 dicuntur
1691 448 1752 475 per-

968 483 1131 510 turbantem.
1160 484 1213 511 Sed
1236 483 1270 511 ab
1292 484 1335 511 his
1351 484 1455 511 discant
1477 485 1530 511 vim
1549 486 1679 512 veritatis.
1701 486 1752 519 Qui

971 530 1042 557 enim
1067 530 1167 558 factum
1186 535 1236 561 est,
1259 536 1290 558 ut
1313 532 1413 558 rustica
1432 538 1464 558 ac
1486 532 1600 566 simplex
1621 532 1676 566 ipsa
1698 532 1753 559 elo-

966 577 1084 610 quentiae
1110 577 1278 612 persuaserit
1302 578 1463 605 assensum?
1484 578 1577 605 Dicant
1598 577 1752 611 sapientes,

966 623 1100 656 quomodo
1113 623 1168 658 ipsa
1187 623 1269 650 tantis
1283 623 1409 651 laborans
1429 628 1457 651 et
1472 623 1648 651 barbarismis
1668 628 1694 650 et
1709 630 1754 649 so-

968 668 1107 701 loecismis,
1129 675 1218 697 tamen
1236 670 1345 697 vincere
1365 671 1482 705 potuerit
1499 678 1620 699 errorem
1635 674 1660 696 et
1680 669 1754 696 falsi-

129 707 207 752 tatem
229 709 282 752 tam
305 706 394 733 Attica
431 707 592 734 instructam
620 708 793 744 eloquentia?
814 710 864 745 Qui
901 713 1001 742 factum
1029 717 1079 748 sit,
1108 720 1138 743 ut
1168 715 1257 748 Plato,
1281 716 1327 744 ille
1355 717 1494 751 gentilium
1534 717 1752 752 philosophorutn

128 749 202 778 facile
217 751 350 785 princeps,
366 759 400 779 ne
411 759 493 779 unum
505 753 614 787 quidem
631 754 740 783 vincere
759 761 787 783 et
818 757 845 784 iu
882 765 946 787 suas
967 765 1057 793 partes
1087 761 1228 788 traducere
1252 763 1367 796 potuerit
1387 768 1547 797 tyrannum;
1574 762 1630 791 haec
1651 770 1752 796 autem,

128 797 226 825 rustica
248 798 350 825 scilicet
374 805 407 826 ac
429 798 554 832 barbara,
579 805 606 828 et
622 805 661 828 tot
681 802 850 832 soloecismos
865 805 980 839 faciens,
997 807 1096 835 veritas
1126 812 1226 835 terram
1241 813 1268 836 et
1290 816 1363 836 mare
1380 809 1431 836 sibi
1444 809 1611 844 adjunxerit?

299 854 363 882 ΚΘ¹⁸
381 870 416 876 --
429 857 563 894 ΕΡΜΙΝῼ
586 860 734 888 ΚΟΜΗΤΙ.

383 902 453 936 Περὶ
471 903 523 931 τοῦ
540 905 645 932 αὐτοῦ.

168 953 197 981 ⁸0
212 956 339 991 σταυρὸς,
354 954 375 983 ὦ
391 958 523 993 βέλτιστε,
538 962 552 987 ὁ
567 961 620 988 ὑπὸ
638 963 692 990 τῶν
709 964 913 1001 εἰδωλολατρῶν

129 1000 350 1036 κωμῳδούμενος,
361 1003 409 1039 τὴν
424 1005 553 1032 πολύοεον
566 1008 724 1044 ὲσταύρωσε
737 1010 842 1046 πλάνην
852 1020 859 1027 ·
868 1013 914 1039 καὶ

127 1044 255 1092 τὸπάθος
271 1048 334 1080 τοὺς
346 1049 502 1085 ἀλιτηρίους
514 1052 688 1088 ὲστηλίτευσε
704 1044 833 1092 δαίμονας
844 1066 851 1072 ·
868 1059 914 1085 καὶ

126 1090 142 1117 6
160 1091 271 1125 θάνατος
297 1094 342 1121 τὸν
360 1095 475 1123 θάνατον
495 1098 656 1126 ἀπέκτεινε·
685 1101 733 1128 καὶ
782 1102 915 1138 νέκρωσις

126 1137 176 1173 τῆς
190 1139 300 1174 σαρκὸς,
313 1140 362 1172 τὰς
374 1141 428 1168 τῶν
442 1145 658 1178 σταυρωσάντων
673 1137 915 1182 ὲνέκρωσενγὲλπί-

126 1184 176 1216 δας
187 1192 194 1199 ⁴
213 1185 260 1212 καὶ
282 1185 296 1212 ὸ
309 1187 394 1221 τάφος
411 1188 456 1215 τὸν
473 1188 523 1224 μὲν
539 1189 664 1218 διάϐολον
679 1192 827 1227 κατέθαψε,
847 1194 913 1221 πᾶσι

125 1229 153 1256 δὲ
169 1230 260 1266 πηγὴν
278 1230 352 1268 ζωῆς
377 1234 553 1270 ἀνώμὸρησε.
578 1237 624 1263 Διὸ
642 1238 688 1264 καὶ
702 1239 717 1265 ὁ
740 1238 810 1270 Gelo;
825 1239 914 1275 κήρυξ

188 1284 195 1291 '
208 1286 216 1302 ι
231 1277 269 1304 Οὐ
284 1278 339 1314 γὰρ
351 1279 551 1316 ἐπαισχύνομαι
561 1282 592 1309 τὸ
605 1283 781 1319 Εὐαγγέλιον.
799 1294 808 1311 ι
823 1284 914 1322 Εὐχῆς

125 1321 179 1357 γὰρ
192 1322 258 1358 ἡμῖν
277 1324 481 1360 εὐαγγελίζεται
492 1327 647 1363 κρείττονα.

301 1474 340 1502 Λ’.
365 1489 399 1497 ς-
422 1476 571 1514 ΔΟΜΕΤΙῼ
589 1477 736 1506 KOMHTI.

387 1521 455 1556 Περὶ
470 1522 524 1549 τοῦ
540 1523 644 1551 αὐτοῦ.

941 1350 943 1353 -
965 1334 1099 1363 exclamat
1124 1343 1132 1364 :

1126 865 1221 894 XXIX.
1240 882 1275 887 —
1287 866 1443 894 IlEﬂMINO
1463 867 1589 895 COMITI.

1261 913 1300 940 De
1315 914 1404 940 eadem
1420 922 1457 940 re.

1000 970 1071 996 Crux
1097 970 1152 1003 illa,
1179 978 1195 997 0
1219 970 1301 1003 bone,
1324 979 1384 1006 qum
1408 972 1441 998 ab
1464 970 1611 998 idololatris
1636 971 1752 998 ludibrio

966 1015 1089 1048 habetur,
1106 1024 1226 1043 errorem
1244 1017 1343 1044 multos
1361 1016 1493 1044 colentem
1509 1016 1573 1044 deos
1592 1017 1727 1044 cruciﬁxit
1743 1026 1750 1043 :

965 1065 992 1088 et
1023 1061 1113 1094 passio
1140 1061 1240 1095 Christi
1272 1061 1367 1088 noxios
1395 1060 1531 1088 daemones
1556 1060 1672 1088 confecit
1697 1070 1703 1088 :
1724 1066 1751 1088 et

966 1113 1038 1133 mors
1055 1106 1174 1140 ejusdem
1196 1106 1294 1134 occidit
1309 1111 1422 1133 mortem
1438 1115 1444 1133 :
1462 1111 1488 1133 et
1503 1106 1674 1132 mortificatio
1689 1113 1750 1132 car-

965 1153 1018 1185 nis,
1036 1159 1130 1179 eorum
1150 1153 1196 1186 qui
1212 1152 1299 1186 ipsam
1323 1151 1529 1182 crucifixerunt,
1554 1159 1615 1185 spes
1632 1156 1752 1178 mortuas

967 1198 1084 1225 reddidit
1100 1206 1107 1225 ε
1122 1203 1150 1225 et
1169 1197 1321 1232 sepulcrum
1343 1196 1476 1224 diabolum
1496 1197 1603 1231 quidem
1617 1197 1750 1231 sepelivit,

965 1244 1092 1271 omnibus
1120 1249 1210 1271 autem
1243 1243 1365 1279 (Christi
1394 1241 1533 1278 ﬁdelibus)
1559 1242 1661 1269 fontem
1689 1243 1751 1269 vita:

965 1289 1102 1324 produxit.
1128 1289 1213 1322 Quam
1238 1290 1273 1317 ob
1291 1297 1400 1317 causam
1417 1289 1523 1316 divinus
1541 1297 1647 1323 quoque
1663 1296 1750 1323 praeco

1158 1345 1167 1361 ι
1184 1334 1241 1362 Non
1267 1335 1338 1362 enirn
1364 1335 1446 1370 pudet
1469 1342 1511 1362 tne
1534 1334 1718 1370 Evangelii“;
1737 1343 1748 1360 ι

965 1387 1015 1407 nec
1039 1380 1174 1407 immerito
1190 1390 1197 1408 :
1212 1388 1274 1408 nam
1298 1381 1367 1408 bona
1389 1380 1466 1407 nobis
1489 1381 1630 1407 annuntiat
1649 1379 1751 1414 majora

965 1433 1046 1461 quam
1063 1427 1203 1461 quisquam
1219 1433 1300 1454 ausus
1317 1426 1529 1461 luisset‘optare.

1135 1482 1217 1510 XXX.
1235 1499 1270 1504 -—-
1287 1483 1427 1511 DU.\llTl0
1449 1482 1575 1510 COMlTl.

1257 1528 1356 1556 Eadem
1374 1530 1406 1556 de
1423 1537 1459 1556 re.

161 1573 231 1620 ante.
246 1575 334 1620 τοῦτο,
344 1576 358 1602 ὅ
368 1577 497 1613 νομίζεις,
506 1575 529 1605 ὧ
542 1578 674 1614 βέλτιστε,
687 1581 825 1615 ἀπόδειξιν
842 1581 913 1611 εἶναι

1001 1582 1060 1611 Hoc
1083 1583 1182 1619 ipsum,
1201 1585 1271 1619 quod
1293 1589 1330 1618 tu,
1351 1585 1489 1617 bone‘vir,
1514 1589 1592 1620 putas
1610 1591 1754 1618 argumen-

125 1617 173 1645 τοῦ
190 1619 226 1654 μὴ
243 1618 312 1647 εἶναι
325 1621 395 1648 Θεῖον
411 1623 442 1649 τὸ
458 1624 599 1659 κήρυγμα,
611 1625 746 1653 δείκνυσιν
759 1628 826 1654 αὐτὸ
842 1628 914 1656 θεῖον

126 1661 173 1708 καὶ
192 1663 340 1699 ὑπερφυές.
358 1665 418 1692 Ἵνα
432 1667 487 1702 γὰρ
509 1668 590 1703 παρῶ
612 1669 742 1697 Πλάτωνα
761 1671 798 1703 ὡς
824 1673 916 1708 ὑπερ-

125 1707 254 1735 ϐαίνοντα
266 1718 312 1736 σου
327 1710 376 1742 τὰς
388 1712 481 1745 ἀκοὰς,
496 1713 631 1748 φήσαντα,
646 1715 687 1741 ὅτι
699 1715 852 1751 φιλοσόφων
865 1707 915 1753 μὲν

125 1752 234 1800 ἅνιίξιον
264 1755 279 1791 ὴ
303 1756 465 1791 εὐγλωττία,
493 1759 643 1795 μειρακίων
667 1761 695 1788 δὲ
720 1752 872 1795 παιζόντων
897 1765 914 1800 ἡ

126 1799 284 1834 φιλοτιμία·
305 1803 333 1828 ἐν
358 1800 398 1834 οἷς
419 1803 465 1830 τὸν
485 1804 644 1833 διδάσκαλον
661 1807 758 1833 ἑαυτοῦ
783 1799 914 1843 είσήγα-(ε

124 1845 254 1878 λέγοντα·
273 1856 282 1872 ι
303 1848 340 1874 Οὐ
354 1847 409 1884 γὰρ
425 1849 458 1876 ἃν
470 1849 555 1886 δήπου
571 1851 672 1887 πρέποι
686 1852 753 1889 (l6),
771 1850 793 1880 ὦ
807 1854 914 1890 ἄνδρες,

125 1893 189 1938 τῇδε
206 1895 239 1929 τῇ
265 1895 370 1931 ἡλικίᾳ,
397 1896 490 1932 ὥσπερ
517 1899 676 1935 μειρακείῳ,
691 1900 844 1928 πλάττοντα
859 1902 915 1938 (17)

124 1936 234 1972 λόγους,
256 1939 296 1972 είς
322 1940 394 1975 ὑμᾶς
416 1942 540 1970 εἰσιέναι.
569 1952 579 1970 ι
598 1944 723 1980 ’Όμηρον
744 1945 784 1979 δὲ,
812 1946 840 1972 ὃν
869 1936 915 1973 ἐπὶ

125 1982 250 2019 γλώττης
261 1983 333 2020 ἔχεις
344 2006 351 2019 ,
366 1986 492 2022 μάρτυρα
505 1988 704 2025 προὸαλοῦμαι,
716 1990 841 2025 λέγοντα⁸

969 1634 1024 1657 tum
1045 1636 1116 1662 esse,
1143 1638 1197 1665 quo
1216 1631 1403 1664 convincatur,
1426 1631 1590 1664 prmconium
1615 1629 1753 1664 Evangelii

970 1681 1024 1702 non
1037 1682 1098 1702 esse
1112 1675 1244 1708 divinum,
1267 1676 1387 1703 ostendit
1408 1676 1494 1710 ipsum
1509 1675 1618 1701 omnino
1640 1681 1700 1701 esse
1714 1674 1753 1701 di-

970 1719 1061 1746 vinum
1078 1723 1105 1746 et
1125 1724 1219 1746 natura
1238 1720 1420 1754 praestantius.
1438 1718 1505 1746 Nam
1524 1724 1552 1746 ut
1569 1720 1691 1746 omittam
1708 1726 1754 1745 au-

968 1764 1122 1791 ctoritatem
1141 1764 1272 1797 Platonis,
1297 1769 1323 1791 ut
1342 1765 1387 1799 qui
1407 1765 1459 1791 tuis
1475 1764 1588 1791 auribus
1612 1764 1647 1790 sit
1671 1763 1755 1790 subli-

971 1809 1050 1841 mior,
1070 1810 1197 1843 dicentis,
1218 1810 1301 1846 429
1315 1816 1450 1846 comptam
1473 1811 1624 1837 orationem
1639 1808 1755 1843 philoso-

968 1855 1114 1890 pliantibus
1143 1856 1251 1890 quidem
1282 1856 1354 1883 serio
1387 1856 1522 1891 indignam
1557 1862 1632 1887 esse,
1663 1853 1754 1880 adole-

968 1901 1107 1928 scentibus
1133 1907 1224 1929 autem
1255 1901 1405 1929 ambitiosis
1437 1905 1464 1928 et
1491 1900 1643 1928 ludentibus
1669 1898 1755 1934 magis

969 1947 1127 1980 convenire;
1162 1947 1225 1974 dum
1260 1947 1382 1974 videlicet
1414 1947 1569 1981 magistrum
1597 1953 1674 1972 suum
1693 1945 1754 1979 (So-

968 1993 1090 2029 cratem)
1118 1994 1158 2020 sic
1186 1993 1332 2021 introducit
1359 1993 1513 2028 loquentem
1533 2001 1541 2019 :
1565 2000 1574 2017 ι
1595 1990 1755 2018 lndecorum

125 2038 243 2066 namque
263 2032 309 2065 sit,
325 2041 340 2060 ο
355 2034 415 2065 viri.
437 2034 498 2062 huic
517 2037 590 2063 aetati
608 2045 673 2064 mete
689 2046 743 2072 qua
778 2047 849 2066 nunc
865 2047 938 2075 sum,
958 2044 988 2068 ut
1012 2041 1098 2069 instar
1133 2041 1313 2069 adolescentis
1349 2041 1410 2068 [icta
1446 2045 1606 2074 comptaque
1633 2037 1756 2065 oratione

125 2082 198 2108 utar,
217 2078 281 2105 dum
294 2079 326 2106 ad
346 2087 393 2107 vos
410 2081 502 2109 sistor.
521 2091 531 2108 ι
549 2081 706 2118 llomerttm,
725 2092 804 2120 quem
822 2085 848 2113 in
865 2085 954 2121 lingua
972 2091 1103 2123 perpetuo
1114 2087 1208 2120 habes,
1228 2092 1322 2114 testem
1339 2087 1496 2122 producam,
1512 2085 1574 2112 dum
1590 2084 1648 2111 ait:

122 2134 344 2169 Αὐτοδίδακτός
357 2137 412 2174 (18)
430 2139 506 2173 ειμι·
529 2139 597 2173 θεὸς
618 2139 653 2168 δέ
665 2148 715 2176 μοι
744 2141 779 2168 ἐν
807 2142 917 2176 φρεσίν

818 2177 917 2214 ίοῖμας

124 2206 275 2239 Παντοίας
287 2206 440 2241 ἐνέθηκεν,

974 2143 1018 2170 Me
1030 2145 1108 2171 docui
1126 2145 1180 2178 ipse
1195 2152 1206 2171 :
1217 2145 1280 2171 deus
1293 2153 1351 2171 vero
1364 2148 1402 2171 est
1417 2143 1482 2170 mihi
1503 2141 1626 2169 carminis
1637 2144 1732 2178 unctor
1745 2147 1754 2165 .-

971 2178 1053 2206 Omne
1067 2176 1157 2214 genus,
1175 2188 1225 2215 quo
1243 2187 1350 2207 mentem
1374 2179 1456 2206 animi
1470 2177 1618 2214 praecellere
1630 2176 1703 2210 fecit,

122 2262 211 2298 ἧγουν
221 2263 332 2291 ὤπασεν
344 2263 444 2299 ὀμφάς.
457 2266 488 2293 Εἰ
505 2265 593 2294 τοίνυν
606 2267 620 2294 ό
630 2267 835 2304 ὲκΘειαζύμενος
844 2269 913 2305 παρὰ

970 2269 1028 2297 sive
1048 2270 1153 2298 divinas
1176 2270 1241 2298 mihi
1266 2278 1347 2298 voces
1373 2269 1496 2306 prmbuit.
1523 2268 1600 2302 Quod
1626 2266 1650 2295 si
1675 2264 1756 2301 igitur

175 2341 198 2358 ’³
213 2340 292 2369 Rom.
309 2350 329 2376 ι,
346 2343 388 2370 16.

675 2400 792 2429 VARl/E
812 2401 1003 2430 LECTIONES
1020 2403 1064 2430 ΕΤ
1088 2403 1203 2432 NOTAE.

176 2478 220 2514 14)
240 2478 291 2506 Pro
305 2478 332 2505 δὲ
346 2479 502 2513 ἀναγκαίων
516 2477 691 2505 ἐλλείπουσαν
706 2480 766 2507 cod.
784 2479 843 2508 Vat.
861 2479 914 2507 650

121 2514 209 2542 habet
223 2522 253 2549 es
268 2514 424 2548 ἀναγκαίων
437 2514 564 2549 ἐλλείψει.
583 2514 688 2541 Possm.

161 2549 221 2584 (15)
234 2548 287 2576 Pro
299 2549 464 2583 εὐγλωττίαν
478 2549 546 2575 idem
563 2549 624 2576 cod.
641 2549 700 2576 Vat.
719 2549 782 2584 legit
797 2548 915 2584 εὔγλωτ-

119 2583 172 2615 τος
189 2591 259 2610 vers.
279 2588 339 2618 post
355 2585 381 2620 3,
401 2590 464 2620 ante
480 2583 534 2620 τῶν
551 2584 673 2620 apponit,
684 2585 708 2616 ό,
724 2583 754 2611 et
767 2583 838 2612 vers.
852 2593 910 2620 seq.

120 2623 190 2645 ante
203 2619 352 2652 κορυφαῖος
368 2619 437 2646 delet
453 2620 476 2646 ὁ.
496 2619 533 2647 ID.

159 2653 221 2688 (l6)
241 2655 282 2680 Οὐ
302 2654 356 2688 γὰρ
372 2653 411 2680 ἂν
429 2653 527 2688 δήπου
544 2653 652 2688 πρέποι
663 2673 670 2685 ,
686 2657 738 2682 etc.
753 2655 835 2682 verba
850 2659 913 2682 sunt

121 2688 253 2715 Socratis
276 2689 345 2722 apud
365 2688 503 2716 Platonem
525 2689 551 2716 lu
576 2689 687 2716 exordio
705 2689 848 2722 Apologiaa,
865 2690 911 2717 ubi

121 2727 219 2750 tamen
238 2723 372 2757 paululum
388 2724 474 2751 variat
489 2723 567 2750 lectio
580 2724 728 2751 editionum
743 2725 776 2750 ab
791 2724 842 2751 hac
860 2725 912 2752 lsi-

120 2758 187 2784 dori
206 2757 352 2791 citatione;
375 2766 438 2785 nam
457 2766 504 2791 pro
520 2759 552 2785 οὐ
567 2759 633 2792 γάρ.
655 2759 717 2785 editi
732 2759 793 2785 libri
812 2759 912 2786 habent

118 2793 187 2819 οὐδὲ
213 2792 269 2828 γάρ
292 2796 319 2820 et
340 2801 389 2826 pro
409 2793 571 2825 πλάττονται,
594 2794 747 2820 πλάττοντι.
768 2792 837 2821 Nola
859 2794 914 2826 hic,

120 2833 266 2862 comptam
287 2828 438 2855 orationem
466 2828 555 2862 potius
579 2829 676 2855 docere
702 2828 912 2856 adolescentiam

119 2870 209 2897 quarti
227 2868 404 2895 senectutem,
418 2867 464 2890 aut
481 2863 581 2890 virilem
594 2866 699 2890 (etatem
733 2863 814 2891 ιιιττ.

162 2897 223 2924 ll‘li
239 2897 291 2924 l’ro
314 2897 464 2925 πλάττοντι
484 2899 544 2926 cod.
562 2899 620 2926 Vat.
646 2898 698 2926 650
715 2899 809 2926 scribit
828 2898 913 2925 πλάτ-

966 2489 1049 2518 τοντι.
1064 2489 1134 2509 vers.
1157 2485 1215 2516 post
1229 2481 1246 2508 2
1267 2482 1455 2518 προϐαλοῠμαι
1467 2485 1560 2518 mutat
1580 2482 1605 2509 in
1631 2481 1753 2518 προϐάλ-

965 2516 1047 2551 λομαι
1060 2537 1068 2549 ,
1082 2521 1109 2543 et
1129 2524 1200 2544 vers.
1219 2522 1279 2550 post
1290 2516 1392 2549 tertio,
1409 2516 1555 2552 ’ἐνέθηκεν
1572 2518 1596 2543 in
1608 2517 1753 2552 ἐνέφυσεν,

966 2559 1027 2592 ιηοξ
1043 2559 1096 2592 que
1117 2551 1208 2586 ὀμφάς
1226 2552 1254 2578 in
1267 2553 1359 2588 ὀμφήν
1378 2558 1405 2580 ct
1430 2551 1500 2579 vers.
1516 2552 1534 2578 2
1550 2551 1589 2578 lit.
1606 2551 1626 2577 Β
1646 2551 1711 2586 ἡμῖν
1727 2551 1754 2576 in

965 2587 1056 2621 ἡμῶν.
1076 2586 1182 2614 Possm.
1287 2586 1290 2587 ⁷
1313 2586 1316 2587 ⁷
1337 2586 1341 2588 ’

1001 2621 1057 2657 (18)
1072 2623 1148 2657 Apud
1166 2621 1312 2649 Homerum
1328 2621 1424 2656 Odyss.
1443 2621 1525 2654 XXII,
1542 2627 1566 2647 ν.
1586 2619 1649 2653 347,
1668 2623 1709 2647 est

964 2677 1183 2710 Αὑτοδίδακτος
1193 2677 1219 2703 δ’
1234 2677 1303 2712 εἰμὶ,
1317 2677 1384 2710 θεὸς
1398 2676 1432 2704 δέ
1441 2685 1492 2711 μοι
1501 2676 1537 2703 ἐν
1545 2674 1656 2709 φρεσὶν
1666 2673 1754 2708 οἴμας

965 2713 1113 2745 Παντοίας
1127 2712 1287 2747 ἐνέφυσεν.

965 2757 999 2784 Et
1018 2759 1040 2785 si
1059 2763 1105 2785 aut
1122 2758 1164 2786 hic
1180 2758 1239 2785 l‘ons
1255 2758 1424 2793 ingeniorum
1443 2759 1470 2782 et
1481 2761 1580 2793 parens
1594 2752 1754 2793 eruditionis

970 2794 1043 2821 istud
1052 2793 1166 2826 elogium
1180 2788 1334 2827 pronuniiat
1348 2792 1397 2818 sub
1407 2788 1518 2828 persona
1531 2788 1632 2828 Plgemii
1645 2788 1752 2828 musici.

967 2829 1011 2862 qui
1025 2829 1055 2863 in,
1065 2822 1189 2855 convivio
1199 2835 1339 2863 procorum
1352 2828 1377 2863 in
1388 2822 1469 2863 :edib.
1482 2823 1583 2863 Ullyss‘ils
1598 2830 1644 2863 per
1655 2822 1752 2863 vimab

967 2857 1032 2897 ipsis
1047 2862 1139 2895 jussus
1153 2857 1260 2894 cauere,
1276 2860 1427 2897 interfectis
1442 2858 1532 2893 procis
1545 2857 1647 2892 Ulyssis
1662 2857 1752 2897 factus

966 2893 1078 2935 supplex
1094 2898 1129 2926 ita
1146 2905 1175 2926 se
1190 2897 1359 2925 commendat
1370 2916 1377 2928 .
1395 2896 1540 2922 obsecrans
1554 2899 1635 2922 atque
1658 2893 1751 2920 obtes-
