  <div class='ocr_page' id='page_1' title='image "/cluster/home/n/w/nwhite01/storage/ocr_20150623/78/njp.32101077772794/583.png"; bbox 0 0 2040 3161; ppageno 0'>
   <div class='ocr_carea' id='block_1_1' title="bbox 269 182 336 216">
    <p class='ocr_par' dir='ltr' id='par_1_1' title="bbox 269 182 336 216">
     <span class='ocr_line' id='line_1_1' title="bbox 269 182 336 216; baseline 0.03 -2"><span class='ocrx_word' id='word_1_1' title='bbox 269 182 336 216; x_wconf 72' lang='lat'><strong>1087</strong></span> 
     </span>
    </p>
   </div>
   <div class='ocr_carea' id='block_1_2' title="bbox 860 177 1297 210">
    <p class='ocr_par' dir='ltr' id='par_1_2' title="bbox 860 177 1297 210">
     <span class='ocr_line' id='line_1_2' title="bbox 860 177 1297 210; baseline -0.007 0"><span class='ocrx_word' id='word_1_2' title='bbox 860 179 890 210; x_wconf 91' lang='lat' dir='ltr'><strong>S.</strong></span> <span class='ocrx_word' id='word_1_3' title='bbox 913 179 1058 210; x_wconf 80' lang='lat' dir='ltr'><strong>ISIDORI</strong></span> <span class='ocrx_word' id='word_1_4' title='bbox 1079 177 1297 209; x_wconf 64' lang='lat' dir='ltr'><strong>PELUSIOTrE</strong></span> 
     </span>
    </p>
   </div>
   <div class='ocr_carea' id='block_1_3' title="bbox 1834 168 1902 200">
    <p class='ocr_par' dir='ltr' id='par_1_3' title="bbox 1834 168 1902 200">
     <span class='ocr_line' id='line_1_3' title="bbox 1834 168 1902 200; baseline 0.015 -1"><span class='ocrx_word' id='word_1_5' title='bbox 1834 168 1902 200; x_wconf 81' lang='lat'><strong>1088</strong></span> 
     </span>
    </p>
   </div>
   <div class='ocr_carea' id='block_1_4' title="bbox 269 223 1070 275">
    <p class='ocr_par' dir='ltr' id='par_1_4' title="bbox 269 233 1061 275">
     <span class='ocr_line' id='line_1_4' title="bbox 269 233 1061 275; baseline -0.009 -8"><span class='ocrx_word' id='word_1_6' title='bbox 269 240 384 275; x_wconf 85' lang='lat' dir='ltr'><strong>turpiter</strong></span> <span class='ocrx_word' id='word_1_7' title='bbox 395 238 528 269; x_wconf 80' lang='lat' dir='ltr'><strong>vixerunt,</strong></span> <span class='ocrx_word' id='word_1_8' title='bbox 542 239 570 264; x_wconf 89' lang='lat' dir='ltr'><strong>et</strong></span> <span class='ocrx_word' id='word_1_9' title='bbox 597 233 804 263; x_wconf 70' lang='lat' dir='ltr'><strong>miserabiliter‘</strong></span> <span class='ocrx_word' id='word_1_10' title='bbox 819 234 902 262; x_wconf 77' lang='lat' dir='ltr'><strong>vitam</strong></span> <span class='ocrx_word' id='word_1_11' title='bbox 925 233 1061 261; x_wconf 83' lang='lat' dir='ltr'><strong>finierunt.</strong></span> 
     </span>
    </p>
   </div>
   <div class='ocr_carea' id='block_1_5' title="bbox 1122 223 1901 275">
    <p class='ocr_par' dir='ltr' id='par_1_5' title="bbox 1122 223 1901 269">
     <span class='ocr_line' id='line_1_5' title="bbox 1122 223 1901 269; baseline -0.013 -9"><span class='ocrx_word' id='word_1_12' title='bbox 1122 234 1164 260; x_wconf 68' lang='grc' dir='ltr'>ιὶν</span> <span class='ocrx_word' id='word_1_13' title='bbox 1179 235 1321 269; x_wconf 75' lang='grc' dir='ltr'>ζήσαντες,</span> <span class='ocrx_word' id='word_1_14' title='bbox 1339 229 1461 262; x_wconf 63' lang='grc' dir='ltr'>ἐλεεινῶς</span> <span class='ocrx_word' id='word_1_15' title='bbox 1475 228 1504 256; x_wconf 65' lang='grc' dir='ltr'>δὲ</span> <span class='ocrx_word' id='word_1_16' title='bbox 1518 227 1563 255; x_wconf 69' lang='grc' dir='ltr'>τὸν</span> <span class='ocrx_word' id='word_1_17' title='bbox 1581 226 1638 262; x_wconf 88' lang='grc' dir='ltr'>βίον</span> <span class='ocrx_word' id='word_1_18' title='bbox 1651 223 1901 260; x_wconf 72' lang='grc' dir='ltr'>καταστρέψαντες.</span> 
     </span>
    </p>
   </div>
   <div class='ocr_carea' id='block_1_6' title="bbox 270 279 1062 315">
    <p class='ocr_par' dir='ltr' id='par_1_6' title="bbox 270 279 1062 315">
     <span class='ocr_line' id='line_1_6' title="bbox 270 279 1062 315; baseline -0.008 -4"><span class='ocrx_word' id='word_1_19' title='bbox 270 285 316 311; x_wconf 84' lang='lat' dir='ltr'><strong>Ille</strong></span> <span class='ocrx_word' id='word_1_20' title='bbox 331 283 402 311; x_wconf 93' lang='lat' dir='ltr'><strong>enim</strong></span> <span class='ocrx_word' id='word_1_21' title='bbox 424 281 526 309; x_wconf 80' lang='lat' dir='ltr'><strong>sororis</strong></span> <span class='ocrx_word' id='word_1_22' title='bbox 550 288 605 308; x_wconf 65' lang='lat' dir='ltr'><strong>suae</strong></span> <span class='ocrx_word' id='word_1_23' title='bbox 630 280 725 307; x_wconf 89' lang='lat' dir='ltr'><strong>eodem</strong></span> <span class='ocrx_word' id='word_1_24' title='bbox 748 283 825 314; x_wconf 86' lang='lat' dir='ltr'><strong>patre</strong></span> <span class='ocrx_word' id='word_1_25' title='bbox 848 279 945 315; x_wconf 68' lang='lat' dir='ltr'><strong>genite</strong></span> <span class='ocrx_word' id='word_1_26' title='bbox 969 286 1062 306; x_wconf 85' lang='lat' dir='ltr'><strong>amore</strong></span> 
     </span>
    </p>
   </div>
   <div class='ocr_carea' id='block_1_7' title="bbox 270 326 1059 364">
    <p class='ocr_par' dir='ltr' id='par_1_7' title="bbox 270 326 1059 364">
     <span class='ocr_line' id='line_1_7' title="bbox 270 326 1059 364; baseline -0.006 -8"><span class='ocrx_word' id='word_1_27' title='bbox 270 335 375 364; x_wconf 78' lang='lat' dir='ltr'><strong>captus,</strong></span> <span class='ocrx_word' id='word_1_28' title='bbox 395 335 455 356; x_wconf 91' lang='lat' dir='ltr'><strong>cum</strong></span> <span class='ocrx_word' id='word_1_29' title='bbox 473 327 664 363; x_wconf 88' lang='lat' dir='ltr'><strong>prohiberetur</strong></span> <span class='ocrx_word' id='word_1_30' title='bbox 683 326 796 361; x_wconf 87' lang='lat' dir='ltr'><strong>pudore,</strong></span> <span class='ocrx_word' id='word_1_31' title='bbox 814 326 959 360; x_wconf 85' lang='lat' dir='ltr'><strong>quominus</strong></span> <span class='ocrx_word' id='word_1_32' title='bbox 978 329 1059 351; x_wconf 91' lang='lat' dir='ltr'><strong>natu-</strong></span> 
     </span>
    </p>
   </div>
   <div class='ocr_carea' id='block_1_8' title="bbox 271 369 1062 407">
    <p class='ocr_par' dir='ltr' id='par_1_8' title="bbox 271 369 1062 407">
     <span class='ocr_line' id='line_1_8' title="bbox 271 369 1062 407; baseline -0.005 -6"><span class='ocrx_word' id='word_1_33' title='bbox 271 382 329 401; x_wconf 81' lang='lat' dir='ltr'><strong>ram</strong></span> <span class='ocrx_word' id='word_1_34' title='bbox 345 373 413 400; x_wconf 88' lang='lat' dir='ltr'><strong>adeo</strong></span> <span class='ocrx_word' id='word_1_35' title='bbox 428 372 479 400; x_wconf 86' lang='lat' dir='ltr'><strong>sibi</strong></span> <span class='ocrx_word' id='word_1_36' title='bbox 497 377 640 407; x_wconf 72' lang='lat' dir='ltr'><strong>cognatam</strong></span> <span class='ocrx_word' id='word_1_37' title='bbox 657 371 808 406; x_wconf 85' lang='lat' dir='ltr'><strong>copularet,</strong></span> <span class='ocrx_word' id='word_1_38' title='bbox 821 369 945 397; x_wconf 73' lang='lat' dir='ltr'><strong>aﬂ‘ectum</strong></span> <span class='ocrx_word' id='word_1_39' title='bbox 961 369 1062 397; x_wconf 83' lang='lat' dir='ltr'><strong>amoris</strong></span> 
     </span>
    </p>
   </div>
   <div class='ocr_carea' id='block_1_9' title="bbox 271 416 1063 453">
    <p class='ocr_par' dir='ltr' id='par_1_9' title="bbox 271 416 1063 453">
     <span class='ocr_line' id='line_1_9' title="bbox 271 416 1063 453; baseline -0.005 -7"><span class='ocrx_word' id='word_1_40' title='bbox 271 427 332 447; x_wconf 91' lang='lat' dir='ltr'><strong>cum</strong></span> <span class='ocrx_word' id='word_1_41' title='bbox 345 419 461 453; x_wconf 87' lang='lat' dir='ltr'><strong>quodam</strong></span> <span class='ocrx_word' id='word_1_42' title='bbox 475 425 568 445; x_wconf 91' lang='lat' dir='ltr'><strong>eorum</strong></span> <span class='ocrx_word' id='word_1_43' title='bbox 582 424 650 452; x_wconf 91' lang='lat' dir='ltr'><strong>quos</strong></span> <span class='ocrx_word' id='word_1_44' title='bbox 673 417 724 444; x_wconf 85' lang='lat' dir='ltr'><strong>sibi</strong></span> <span class='ocrx_word' id='word_1_45' title='bbox 738 416 841 444; x_wconf 81' lang='lat' dir='ltr'><strong>amicos</strong></span> <span class='ocrx_word' id='word_1_46' title='bbox 854 423 914 444; x_wconf 84' lang='lat' dir='ltr'><strong>esse</strong></span> <span class='ocrx_word' id='word_1_47' title='bbox 924 416 1063 443; x_wconf 79' lang='lat' dir='ltr'><strong>existima-</strong></span> 
     </span>
    </p>
   </div>
   <div class='ocr_carea' id='block_1_10' title="bbox 271 461 1064 496">
    <p class='ocr_par' dir='ltr' id='par_1_10' title="bbox 271 461 1064 496">
     <span class='ocr_line' id='line_1_10' title="bbox 271 461 1064 496; baseline -0.005 -4"><span class='ocrx_word' id='word_1_48' title='bbox 271 465 328 496; x_wconf 84' lang='lat' dir='ltr'><strong>bat,</strong></span> <span class='ocrx_word' id='word_1_49' title='bbox 345 463 566 491; x_wconf 85' lang='lat' dir='ltr'><strong>communicavit.</strong></span> <span class='ocrx_word' id='word_1_50' title='bbox 584 463 619 490; x_wconf 85' lang='lat' dir='ltr'><strong>At</strong></span> <span class='ocrx_word' id='word_1_51' title='bbox 637 463 659 490; x_wconf 90' lang='lat' dir='ltr'><strong>is</strong></span> <span class='ocrx_word' id='word_1_52' title='bbox 678 463 751 490; x_wconf 92' lang='lat' dir='ltr'><strong>hunc</strong></span> <span class='ocrx_word' id='word_1_53' title='bbox 779 461 903 489; x_wconf 76' lang='lat' dir='ltr'><strong>affectum</strong></span> <span class='ocrx_word' id='word_1_54' title='bbox 919 469 970 489; x_wconf 90' lang='lat' dir='ltr'><strong>non</strong></span> <span class='ocrx_word' id='word_1_55' title='bbox 984 461 1064 488; x_wconf 88' lang='lat' dir='ltr'><strong>modo</strong></span> 
     </span>
    </p>
   </div>
   <div class='ocr_carea' id='block_1_11' title="bbox 272 507 1063 543">
    <p class='ocr_par' dir='ltr' id='par_1_11' title="bbox 272 507 1063 543">
     <span class='ocr_line' id='line_1_11' title="bbox 272 507 1063 543; baseline -0.005 -6"><span class='ocrx_word' id='word_1_56' title='bbox 272 518 326 538; x_wconf 91' lang='lat' dir='ltr'><strong>non</strong></span> <span class='ocrx_word' id='word_1_57' title='bbox 341 509 479 542; x_wconf 66' lang='lat' dir='ltr'><strong>etstinxit,</strong></span> <span class='ocrx_word' id='word_1_58' title='bbox 496 516 583 543; x_wconf 88' lang='lat' dir='ltr'><strong>neque</strong></span> <span class='ocrx_word' id='word_1_59' title='bbox 595 509 683 543; x_wconf 90' lang='lat' dir='ltr'><strong>ipsum</strong></span> <span class='ocrx_word' id='word_1_60' title='bbox 698 516 712 535; x_wconf 89' lang='lat' dir='ltr'><strong>a</strong></span> <span class='ocrx_word' id='word_1_61' title='bbox 731 507 834 543; x_wconf 77' lang='lat' dir='ltr'><strong>ﬂagitio</strong></span> <span class='ocrx_word' id='word_1_62' title='bbox 848 507 956 539; x_wconf 77' lang='lat' dir='ltr'><strong>avertit,</strong></span> <span class='ocrx_word' id='word_1_63' title='bbox 974 514 1063 542; x_wconf 90' lang='lat' dir='ltr'><strong>neque</strong></span> 
     </span>
    </p>
   </div>
   <div class='ocr_carea' id='block_1_12' title="bbox 272 552 1065 584">
    <p class='ocr_par' dir='ltr' id='par_1_12' title="bbox 272 552 1065 584">
     <span class='ocr_line' id='line_1_12' title="bbox 272 552 1065 584; baseline -0.005 -1"><span class='ocrx_word' id='word_1_64' title='bbox 272 555 426 584; x_wconf 91' lang='lat' dir='ltr'><strong>deterrendi</strong></span> <span class='ocrx_word' id='word_1_65' title='bbox 438 562 519 582; x_wconf 73' lang='lat' dir='ltr'><strong>causa</strong></span> <span class='ocrx_word' id='word_1_66' title='bbox 538 554 604 581; x_wconf 83' lang='lat' dir='ltr'><strong>dixit</strong></span> <span class='ocrx_word' id='word_1_67' title='bbox 623 563 630 582; x_wconf 86' lang='lat'>:</span> <span class='ocrx_word' id='word_1_68' title='bbox 647 553 706 581; x_wconf 82' lang='lat' dir='ltr'><strong>Noli</strong></span> <span class='ocrx_word' id='word_1_69' title='bbox 730 561 798 581; x_wconf 80' lang='lat' dir='ltr'><strong>nova</strong></span> <span class='ocrx_word' id='word_1_70' title='bbox 821 553 847 580; x_wconf 92' lang='lat' dir='ltr'><strong>in</strong></span> <span class='ocrx_word' id='word_1_71' title='bbox 869 552 952 580; x_wconf 88' lang='lat' dir='ltr'><strong>vitam</strong></span> <span class='ocrx_word' id='word_1_72' title='bbox 971 553 1065 579; x_wconf 86' lang='lat' dir='ltr'><strong>huma-</strong></span> 
     </span>
    </p>
   </div>
   <div class='ocr_carea' id='block_1_13' title="bbox 273 600 1063 636">
    <p class='ocr_par' dir='ltr' id='par_1_13' title="bbox 273 600 1063 636">
     <span class='ocr_line' id='line_1_13' title="bbox 273 600 1063 636; baseline -0.006 -7"><span class='ocrx_word' id='word_1_73' title='bbox 273 609 336 629; x_wconf 86' lang='lat' dir='ltr'><strong>nam</strong></span> <span class='ocrx_word' id='word_1_74' title='bbox 356 601 504 636; x_wconf 76' lang='lat' dir='ltr'><strong>importare</strong></span> <span class='ocrx_word' id='word_1_75' title='bbox 531 600 723 634; x_wconf 73' lang='lat' dir='ltr'><strong>tragtediarum</strong></span> <span class='ocrx_word' id='word_1_76' title='bbox 749 604 933 634; x_wconf 69' lang='lat' dir='ltr'><strong>argumenta;</strong></span> <span class='ocrx_word' id='word_1_77' title='bbox 966 605 1063 626; x_wconf 87' lang='lat' dir='ltr'><strong>verum</strong></span> 
     </span>
    </p>
   </div>
   <div class='ocr_carea' id='block_1_14' title="bbox 273 643 1064 679">
    <p class='ocr_par' dir='ltr' id='par_1_14' title="bbox 273 643 1064 679">
     <span class='ocr_line' id='line_1_14' title="bbox 273 643 1064 679; baseline -0.005 -5"><span class='ocrx_word' id='word_1_78' title='bbox 273 648 355 675; x_wconf 83' lang='lat' dir='ltr'><strong>etiam</strong></span> <span class='ocrx_word' id='word_1_79' title='bbox 384 647 455 674; x_wconf 85' lang='lat' dir='ltr'><strong>viam</strong></span> <span class='ocrx_word' id='word_1_80' title='bbox 488 654 520 674; x_wconf 88' lang='lat' dir='ltr'><strong>ac</strong></span> <span class='ocrx_word' id='word_1_81' title='bbox 546 645 679 673; x_wconf 87' lang='lat' dir='ltr'><strong>rationem</strong></span> <span class='ocrx_word' id='word_1_82' title='bbox 713 645 764 679; x_wconf 87' lang='lat' dir='ltr'><strong>ipsi</strong></span> <span class='ocrx_word' id='word_1_83' title='bbox 803 643 983 679; x_wconf 69' lang='lat' dir='ltr'><strong>excogitavit,</strong></span> <span class='ocrx_word' id='word_1_84' title='bbox 1010 650 1064 678; x_wconf 82' lang='lat' dir='ltr'><strong>quo</strong></span> 
     </span>
    </p>
   </div>
   <div class='ocr_carea' id='block_1_15' title="bbox 275 690 1067 728">
    <p class='ocr_par' dir='ltr' id='par_1_15' title="bbox 275 690 1067 728">
     <span class='ocr_line' id='line_1_15' title="bbox 275 690 1067 728; baseline -0.005 -7"><span class='ocrx_word' id='word_1_85' title='bbox 275 698 354 728; x_wconf 87' lang='lat' dir='ltr'><strong>pacto</strong></span> <span class='ocrx_word' id='word_1_86' title='bbox 370 698 529 727; x_wconf 85' lang='lat' dir='ltr'><strong>conceptum</strong></span> <span class='ocrx_word' id='word_1_87' title='bbox 548 692 639 720; x_wconf 87' lang='lat' dir='ltr'><strong>animo</strong></span> <span class='ocrx_word' id='word_1_88' title='bbox 654 691 730 720; x_wconf 88' lang='lat' dir='ltr'><strong>nefas</strong></span> <span class='ocrx_word' id='word_1_89' title='bbox 742 695 922 726; x_wconf 88' lang='lat' dir='ltr'><strong>perpetraret.</strong></span> <span class='ocrx_word' id='word_1_90' title='bbox 938 690 1005 718; x_wconf 91' lang='lat' dir='ltr'><strong>Cum</strong></span> <span class='ocrx_word' id='word_1_91' title='bbox 1018 690 1067 725; x_wconf 76' lang='lat' dir='ltr'><strong>igi-</strong></span> 
     </span>
    </p>
   </div>
   <div class='ocr_carea' id='block_1_16' title="bbox 275 736 1067 773">
    <p class='ocr_par' dir='ltr' id='par_1_16' title="bbox 275 736 1067 773">
     <span class='ocr_line' id='line_1_16' title="bbox 275 736 1067 773; baseline -0.004 -7"><span class='ocrx_word' id='word_1_92' title='bbox 275 745 320 767; x_wconf 85' lang='lat' dir='ltr'><strong>tur</strong></span> <span class='ocrx_word' id='word_1_93' title='bbox 337 740 363 767; x_wconf 88' lang='lat' dir='ltr'><strong>id</strong></span> <span class='ocrx_word' id='word_1_94' title='bbox 381 739 476 767; x_wconf 79' lang='lat' dir='ltr'><strong>fuisset</strong></span> <span class='ocrx_word' id='word_1_95' title='bbox 491 738 548 773; x_wconf 85' lang='lat' dir='ltr'><strong>jam</strong></span> <span class='ocrx_word' id='word_1_96' title='bbox 561 743 718 771; x_wconf 80' lang='lat' dir='ltr'><strong>exsecutus,</strong></span> <span class='ocrx_word' id='word_1_97' title='bbox 737 737 900 772; x_wconf 88' lang='lat' dir='ltr'><strong>supplicium</strong></span> <span class='ocrx_word' id='word_1_98' title='bbox 917 736 1067 764; x_wconf 80' lang='lat' dir='ltr'><strong>luitextre-</strong></span> 
     </span>
    </p>
   </div>
   <div class='ocr_carea' id='block_1_17' title="bbox 276 781 1068 817">
    <p class='ocr_par' dir='ltr' id='par_1_17' title="bbox 276 781 1068 817">
     <span class='ocr_line' id='line_1_17' title="bbox 276 781 1068 817; baseline -0.003 -6"><span class='ocrx_word' id='word_1_99' title='bbox 276 793 361 817; x_wconf 89' lang='lat' dir='ltr'><strong>mum,</strong></span> <span class='ocrx_word' id='word_1_100' title='bbox 372 785 478 813; x_wconf 76' lang='lat' dir='ltr'><strong>violata:</strong></span> <span class='ocrx_word' id='word_1_101' title='bbox 493 785 595 812; x_wconf 84' lang='lat' dir='ltr'><strong>sororis</strong></span> <span class='ocrx_word' id='word_1_102' title='bbox 611 783 695 811; x_wconf 78' lang='lat' dir='ltr'><strong>fratre</strong></span> <span class='ocrx_word' id='word_1_103' title='bbox 708 783 802 811; x_wconf 89' lang='lat' dir='ltr'><strong>eadem</strong></span> <span class='ocrx_word' id='word_1_104' title='bbox 818 787 905 810; x_wconf 86' lang='lat' dir='ltr'><strong>matre</strong></span> <span class='ocrx_word' id='word_1_105' title='bbox 916 786 980 810; x_wconf 90' lang='lat' dir='ltr'><strong>nato</strong></span> <span class='ocrx_word' id='word_1_106' title='bbox 996 781 1068 816; x_wconf 87' lang='lat' dir='ltr'><strong>inju-</strong></span> 
     </span>
    </p>
   </div>
   <div class='ocr_carea' id='block_1_18' title="bbox 277 827 1067 865">
    <p class='ocr_par' dir='ltr' id='par_1_18' title="bbox 277 827 1067 865">
     <span class='ocr_line' id='line_1_18' title="bbox 277 827 1067 865; baseline -0.004 -8"><span class='ocrx_word' id='word_1_107' title='bbox 277 831 323 857; x_wconf 83' lang='lat' dir='ltr'><strong>riae</strong></span> <span class='ocrx_word' id='word_1_108' title='bbox 337 830 415 865; x_wconf 88' lang='lat' dir='ltr'><strong>hujus</strong></span> <span class='ocrx_word' id='word_1_109' title='bbox 437 835 574 858; x_wconf 87' lang='lat' dir='ltr'><strong>auctorem</strong></span> <span class='ocrx_word' id='word_1_110' title='bbox 589 835 638 864; x_wconf 88' lang='lat' dir='ltr'><strong>per</strong></span> <span class='ocrx_word' id='word_1_111' title='bbox 661 827 777 856; x_wconf 85' lang='lat' dir='ltr'><strong>famulos</strong></span> <span class='ocrx_word' id='word_1_112' title='bbox 789 835 855 856; x_wconf 86' lang='lat' dir='ltr'><strong>nece</strong></span> <span class='ocrx_word' id='word_1_113' title='bbox 869 828 961 855; x_wconf 87' lang='lat' dir='ltr'><strong>oblata</strong></span> <span class='ocrx_word' id='word_1_114' title='bbox 974 834 1067 862; x_wconf 84' lang='lat' dir='ltr'><strong>perse-</strong></span> 
     </span>
    </p>
   </div>
   <div class='ocr_carea' id='block_1_19' title="bbox 276 873 1068 910">
    <p class='ocr_par' dir='ltr' id='par_1_19' title="bbox 276 873 1068 910">
     <span class='ocr_line' id='line_1_19' title="bbox 276 873 1068 910; baseline -0.003 -9"><span class='ocrx_word' id='word_1_115' title='bbox 276 881 385 910; x_wconf 89' lang='lat' dir='ltr'><strong>quente.</strong></span> <span class='ocrx_word' id='word_1_116' title='bbox 405 875 451 903; x_wconf 92' lang='lat' dir='ltr'><strong>Sic</strong></span> <span class='ocrx_word' id='word_1_117' title='bbox 460 882 524 910; x_wconf 73' lang='lat' dir='ltr'><strong>ergo</strong></span> <span class='ocrx_word' id='word_1_118' title='bbox 537 875 654 909; x_wconf 89' lang='lat' dir='ltr'><strong>turpiter</strong></span> <span class='ocrx_word' id='word_1_119' title='bbox 670 873 750 902; x_wconf 83' lang='lat' dir='ltr'><strong>simul</strong></span> <span class='ocrx_word' id='word_1_120' title='bbox 772 881 803 901; x_wconf 89' lang='lat' dir='ltr'><strong>ac</strong></span> <span class='ocrx_word' id='word_1_121' title='bbox 822 873 1014 901; x_wconf 85' lang='lat' dir='ltr'><strong>miserabiliter</strong></span> <span class='ocrx_word' id='word_1_122' title='bbox 1027 873 1068 899; x_wconf 81' lang='lat' dir='ltr'><strong>vi-</strong></span> 
     </span>
    </p>
   </div>
   <div class='ocr_carea' id='block_1_20' title="bbox 1120 271 1903 314">
    <p class='ocr_par' dir='ltr' id='par_1_20' title="bbox 1120 271 1903 314">
     <span class='ocr_line' id='line_1_20' title="bbox 1120 271 1903 314; baseline -0.013 -8"><span class='ocrx_word' id='word_1_123' title='bbox 1120 279 1149 305; x_wconf 85' lang='grc' dir='ltr'><strong>Ὀ</strong></span> <span class='ocrx_word' id='word_1_124' title='bbox 1169 279 1219 314; x_wconf 68' lang='grc' dir='ltr'><strong>μὲν</strong></span> <span class='ocrx_word' id='word_1_125' title='bbox 1235 278 1290 313; x_wconf 81' lang='grc' dir='ltr'>γὰρ</span> <span class='ocrx_word' id='word_1_126' title='bbox 1306 277 1355 312; x_wconf 86' lang='grc' dir='ltr'>τῆς</span> <span class='ocrx_word' id='word_1_127' title='bbox 1373 275 1540 311; x_wconf 77' lang='grc' dir='ltr'>ὁμοπατρίου</span> <span class='ocrx_word' id='word_1_128' title='bbox 1557 272 1676 307; x_wconf 77' lang='grc' dir='ltr'><strong>ἀδελφῆς</strong></span> <span class='ocrx_word' id='word_1_129' title='bbox 1691 271 1829 306; x_wconf 76' lang='grc' dir='ltr'>ἐρασθεὶς,</span> <span class='ocrx_word' id='word_1_130' title='bbox 1857 272 1903 297; x_wconf 74' lang='grc' dir='ltr'>καὶ</span> 
     </span>
    </p>
   </div>
   <div class='ocr_carea' id='block_1_21' title="bbox 1113 316 1904 360">
    <p class='ocr_par' dir='ltr' id='par_1_21' title="bbox 1113 316 1904 360">
     <span class='ocr_line' id='line_1_21' title="bbox 1113 316 1904 360; baseline -0.014 -8"><span class='ocrx_word' id='word_1_131' title='bbox 1113 324 1306 360; x_wconf 81' lang='grc' dir='ltr'>αἰσχυνόμενος</span> <span class='ocrx_word' id='word_1_132' title='bbox 1329 322 1378 358; x_wconf 84' lang='grc' dir='ltr'>τὴν</span> <span class='ocrx_word' id='word_1_133' title='bbox 1408 320 1489 356; x_wconf 80' lang='grc' dir='ltr'>φύσιν</span> <span class='ocrx_word' id='word_1_134' title='bbox 1515 319 1575 347; x_wconf 83' lang='grc' dir='ltr'>καθ’</span> <span class='ocrx_word' id='word_1_135' title='bbox 1601 318 1701 353; x_wconf 79' lang='grc' dir='ltr'>ἑαυτὴν</span> <span class='ocrx_word' id='word_1_136' title='bbox 1717 316 1904 352; x_wconf 74' lang='grc' dir='ltr'>ἐπιφυομένην</span> 
     </span>
    </p>
   </div>
   <div class='ocr_carea' id='block_1_22' title="bbox 1115 361 1904 404">
    <p class='ocr_par' dir='ltr' id='par_1_22' title="bbox 1115 361 1904 404">
     <span class='ocr_line' id='line_1_22' title="bbox 1115 361 1904 404; baseline -0.013 -8"><span class='ocrx_word' id='word_1_137' title='bbox 1115 369 1242 404; x_wconf 70' lang='grc' dir='ltr'>συνάψαι,</span> <span class='ocrx_word' id='word_1_138' title='bbox 1264 366 1426 394; x_wconf 70' lang='grc' dir='ltr'><strong>ἐκοινώσατο</strong></span> <span class='ocrx_word' id='word_1_139' title='bbox 1453 364 1484 391; x_wconf 85' lang='grc' dir='ltr'><strong>τδ</strong></span> <span class='ocrx_word' id='word_1_140' title='bbox 1504 363 1588 395; x_wconf 82' lang='grc' dir='ltr'><strong>πάθος</strong></span> <span class='ocrx_word' id='word_1_141' title='bbox 1607 362 1660 389; x_wconf 76' lang='grc' dir='ltr'>τινὶ</span> <span class='ocrx_word' id='word_1_142' title='bbox 1685 361 1739 388; x_wconf 83' lang='grc' dir='ltr'>τῶν</span> <span class='ocrx_word' id='word_1_143' title='bbox 1752 361 1904 388; x_wconf 74' lang='grc' dir='ltr'><strong>δοκούντων</strong></span> 
     </span>
    </p>
   </div>
   <div class='ocr_carea' id='block_1_23' title="bbox 1115 406 1904 451">
    <p class='ocr_par' dir='ltr' id='par_1_23' title="bbox 1115 406 1904 451">
     <span class='ocr_line' id='line_1_23' title="bbox 1115 406 1904 451; baseline -0.013 -9"><span class='ocrx_word' id='word_1_144' title='bbox 1115 415 1214 451; x_wconf 81' lang='grc' dir='ltr'>φίλων·</span> <span class='ocrx_word' id='word_1_145' title='bbox 1240 415 1254 441; x_wconf 85' lang='grc' dir='ltr'><strong>ό</strong></span> <span class='ocrx_word' id='word_1_146' title='bbox 1282 413 1310 440; x_wconf 82' lang='grc' dir='ltr'>δὲ</span> <span class='ocrx_word' id='word_1_147' title='bbox 1324 412 1355 440; x_wconf 80' lang='grc' dir='ltr'>οὺ</span> <span class='ocrx_word' id='word_1_148' title='bbox 1383 411 1464 447; x_wconf 81' lang='grc' dir='ltr'>μόνον</span> <span class='ocrx_word' id='word_1_149' title='bbox 1489 410 1540 437; x_wconf 74' lang='grc' dir='ltr'>οὐκ</span> <span class='ocrx_word' id='word_1_150' title='bbox 1564 409 1658 435; x_wconf 76' lang='grc' dir='ltr'>ἔσῦεσε</span> <span class='ocrx_word' id='word_1_151' title='bbox 1680 407 1711 434; x_wconf 80' lang='grc' dir='ltr'><strong>τὸ</strong></span> <span class='ocrx_word' id='word_1_152' title='bbox 1726 407 1820 439; x_wconf 83' lang='grc' dir='ltr'>πάθος,</span> <span class='ocrx_word' id='word_1_153' title='bbox 1841 406 1904 432; x_wconf 74' lang='grc' dir='ltr'>οὐδὲ</span> 
     </span>
    </p>
   </div>
   <div class='ocr_carea' id='block_1_24' title="bbox 1115 451 1906 495">
    <p class='ocr_par' dir='ltr' id='par_1_24' title="bbox 1115 451 1906 495">
     <span class='ocr_line' id='line_1_24' title="bbox 1115 451 1906 495; baseline -0.013 -8"><span class='ocrx_word' id='word_1_154' title='bbox 1115 459 1307 495; x_wconf 80' lang='grc' dir='ltr'>ἀπεστρέψατο</span> <span class='ocrx_word' id='word_1_155' title='bbox 1333 457 1380 484; x_wconf 84' lang='grc' dir='ltr'><strong>τοῦ</strong></span> <span class='ocrx_word' id='word_1_156' title='bbox 1412 457 1512 491; x_wconf 77' lang='grc' dir='ltr'>ἄγους·</span> <span class='ocrx_word' id='word_1_157' title='bbox 1538 454 1598 482; x_wconf 78' lang='grc' dir='ltr'>οὐδὲ</span> <span class='ocrx_word' id='word_1_158' title='bbox 1643 451 1722 480; x_wconf 79' lang='grc' dir='ltr'>εἷπε·</span> <span class='ocrx_word' id='word_1_159' title='bbox 1751 452 1797 488; x_wconf 81' lang='grc' dir='ltr'><strong>Μὴ</strong></span> <span class='ocrx_word' id='word_1_160' title='bbox 1824 452 1906 479; x_wconf 81' lang='grc' dir='ltr'>καινά</span> 
     </span>
    </p>
   </div>
   <div class='ocr_carea' id='block_1_25' title="bbox 1115 497 1905 541">
    <p class='ocr_par' dir='ltr' id='par_1_25' title="bbox 1115 497 1905 541">
     <span class='ocr_line' id='line_1_25' title="bbox 1115 497 1905 541; baseline -0.011 -9"><span class='ocrx_word' id='word_1_161' title='bbox 1115 505 1273 541; x_wconf 69' lang='grc' dir='ltr'><strong>εἰσενέγκῃς</strong></span> <span class='ocrx_word' id='word_1_162' title='bbox 1288 504 1328 535; x_wconf 76' lang='grc' dir='ltr'><strong>εἰς</strong></span> <span class='ocrx_word' id='word_1_163' title='bbox 1341 503 1386 530; x_wconf 81' lang='grc' dir='ltr'>τὸν</span> <span class='ocrx_word' id='word_1_164' title='bbox 1409 502 1467 538; x_wconf 82' lang='grc' dir='ltr'>βίον</span> <span class='ocrx_word' id='word_1_165' title='bbox 1482 501 1623 536; x_wconf 75' lang='grc' dir='ltr'><strong>δράματα·</strong></span> <span class='ocrx_word' id='word_1_166' title='bbox 1638 498 1707 526; x_wconf 82' lang='grc' dir='ltr'><strong>ἀλλά</strong></span> <span class='ocrx_word' id='word_1_167' title='bbox 1731 499 1777 525; x_wconf 76' lang='grc' dir='ltr'>καὶ</span> <span class='ocrx_word' id='word_1_168' title='bbox 1794 497 1905 533; x_wconf 75' lang='grc' dir='ltr'><strong>μέθοδον</strong></span> 
     </span>
    </p>
   </div>
   <div class='ocr_carea' id='block_1_26' title="bbox 1114 542 1905 584">
    <p class='ocr_par' dir='ltr' id='par_1_26' title="bbox 1114 542 1905 584">
     <span class='ocr_line' id='line_1_26' title="bbox 1114 542 1905 584; baseline -0.01 -8"><span class='ocrx_word' id='word_1_169' title='bbox 1114 549 1191 584; x_wconf 81' lang='grc' dir='ltr'><strong>αὑτῷ</strong></span> <span class='ocrx_word' id='word_1_170' title='bbox 1207 548 1332 584; x_wconf 76' lang='grc' dir='ltr'><strong>ἐφεῦρεν,</strong></span> <span class='ocrx_word' id='word_1_171' title='bbox 1347 547 1421 578; x_wconf 82' lang='grc' dir='ltr'>ὅπως</span> <span class='ocrx_word' id='word_1_172' title='bbox 1432 546 1540 582; x_wconf 82' lang='grc' dir='ltr'><strong>δράσειε</strong></span> <span class='ocrx_word' id='word_1_173' title='bbox 1552 544 1582 571; x_wconf 83' lang='grc' dir='ltr'><strong>τὸ</strong></span> <span class='ocrx_word' id='word_1_174' title='bbox 1595 545 1671 579; x_wconf 76' lang='grc' dir='ltr'>ἄγος.</span> <span class='ocrx_word' id='word_1_175' title='bbox 1687 543 1794 578; x_wconf 76' lang='grc' dir='ltr'>Δράσας</span> <span class='ocrx_word' id='word_1_176' title='bbox 1805 542 1905 573; x_wconf 78' lang='grc' dir='ltr'>τοίνυν,</span> 
     </span>
    </p>
   </div>
   <div class='ocr_carea' id='block_1_27' title="bbox 1117 588 1908 631">
    <p class='ocr_par' dir='ltr' id='par_1_27' title="bbox 1117 588 1908 631">
     <span class='ocr_line' id='line_1_27' title="bbox 1117 588 1908 631; baseline -0.011 -9"><span class='ocrx_word' id='word_1_177' title='bbox 1117 595 1195 631; x_wconf 82' lang='grc' dir='ltr'>δίκην</span> <span class='ocrx_word' id='word_1_178' title='bbox 1225 594 1325 621; x_wconf 78' lang='grc' dir='ltr'>δέδωκε</span> <span class='ocrx_word' id='word_1_179' title='bbox 1354 592 1403 628; x_wconf 84' lang='grc' dir='ltr'><strong>τὴν</strong></span> <span class='ocrx_word' id='word_1_180' title='bbox 1429 591 1557 626; x_wconf 78' lang='grc' dir='ltr'><strong>ἐσχάτην,</strong></span> <span class='ocrx_word' id='word_1_181' title='bbox 1585 589 1631 617; x_wconf 80' lang='grc' dir='ltr'>τοῦ</span> <span class='ocrx_word' id='word_1_182' title='bbox 1659 590 1828 624; x_wconf 78' lang='grc' dir='ltr'>ὀμομητρξου</span> <span class='ocrx_word' id='word_1_183' title='bbox 1856 588 1908 624; x_wconf 83' lang='grc' dir='ltr'>τῆς</span> 
     </span>
    </p>
   </div>
   <div class='ocr_carea' id='block_1_28' title="bbox 1117 633 1909 676">
    <p class='ocr_par' dir='ltr' id='par_1_28' title="bbox 1117 633 1909 676">
     <span class='ocr_line' id='line_1_28' title="bbox 1117 633 1909 676; baseline -0.011 -8"><span class='ocrx_word' id='word_1_184' title='bbox 1117 640 1293 676; x_wconf 75' lang='grc' dir='ltr'>ὑϐρισθείσης</span> <span class='ocrx_word' id='word_1_185' title='bbox 1313 638 1431 673; x_wconf 83' lang='grc' dir='ltr'><strong>ἀδελφῆς</strong></span> <span class='ocrx_word' id='word_1_186' title='bbox 1442 637 1485 664; x_wconf 86' lang='grc' dir='ltr'><strong>διά</strong></span> <span class='ocrx_word' id='word_1_187' title='bbox 1506 637 1559 663; x_wconf 85' lang='grc' dir='ltr'>τῶν</span> <span class='ocrx_word' id='word_1_188' title='bbox 1575 635 1689 668; x_wconf 73' lang='grc' dir='ltr'>οἱκετῷν</span> <span class='ocrx_word' id='word_1_189' title='bbox 1704 636 1795 670; x_wconf 62' lang='grc' dir='ltr'>σφαγῇ</span> <span class='ocrx_word' id='word_1_190' title='bbox 1812 633 1909 670; x_wconf 85' lang='grc' dir='ltr'>μετελ-</span> 
     </span>
    </p>
   </div>
   <div class='ocr_carea' id='block_1_29' title="bbox 1118 679 1910 721">
    <p class='ocr_par' dir='ltr' id='par_1_29' title="bbox 1118 679 1910 721">
     <span class='ocr_line' id='line_1_29' title="bbox 1118 679 1910 721; baseline -0.011 -7"><span class='ocrx_word' id='word_1_191' title='bbox 1118 687 1208 718; x_wconf 80' lang='grc' dir='ltr'>θόντος</span> <span class='ocrx_word' id='word_1_192' title='bbox 1219 685 1264 712; x_wconf 72' lang='grc' dir='ltr'>τὸν</span> <span class='ocrx_word' id='word_1_193' title='bbox 1277 684 1418 721; x_wconf 75' lang='grc' dir='ltr'>ὑϐριστήν.</span> <span class='ocrx_word' id='word_1_194' title='bbox 1431 682 1510 709; x_wconf 80' lang='grc' dir='ltr'>Οὓτω</span> <span class='ocrx_word' id='word_1_195' title='bbox 1523 681 1572 716; x_wconf 79' lang='grc' dir='ltr'><strong>μὲν</strong></span> <span class='ocrx_word' id='word_1_196' title='bbox 1583 679 1629 708; x_wconf 78' lang='grc' dir='ltr'>οὖν</span> <span class='ocrx_word' id='word_1_197' title='bbox 1641 679 1760 716; x_wconf 76' lang='grc' dir='ltr'>αἰσχρῶς</span> <span class='ocrx_word' id='word_1_198' title='bbox 1770 680 1817 706; x_wconf 84' lang='grc' dir='ltr'><strong>καὶ</strong></span> <span class='ocrx_word' id='word_1_199' title='bbox 1828 679 1910 706; x_wconf 86' lang='grc' dir='ltr'>ὲλεει-</span> 
     </span>
    </p>
   </div>
   <div class='ocr_carea' id='block_1_30' title="bbox 1117 725 1909 766">
    <p class='ocr_par' dir='ltr' id='par_1_30' title="bbox 1117 725 1909 766">
     <span class='ocr_line' id='line_1_30' title="bbox 1117 725 1909 766; baseline -0.011 -6"><span class='ocrx_word' id='word_1_200' title='bbox 1117 733 1170 764; x_wconf 87' lang='grc' dir='ltr'>νῶς</span> <span class='ocrx_word' id='word_1_201' title='bbox 1191 734 1206 759; x_wconf 81' lang='grc'>6</span> <span class='ocrx_word' id='word_1_202' title='bbox 1229 731 1334 766; x_wconf 81' lang='grc' dir='ltr'><strong>’Δμνῶν</strong></span> <span class='ocrx_word' id='word_1_203' title='bbox 1355 730 1401 757; x_wconf 84' lang='grc' dir='ltr'><strong>τδν</strong></span> <span class='ocrx_word' id='word_1_204' title='bbox 1427 729 1483 765; x_wconf 85' lang='grc' dir='ltr'>βίον</span> <span class='ocrx_word' id='word_1_205' title='bbox 1506 726 1701 762; x_wconf 78' lang='grc' dir='ltr'><strong>κατέστρεψεν.</strong></span> <span class='ocrx_word' id='word_1_206' title='bbox 1723 726 1753 752; x_wconf 87' lang='lat'><strong>&#39;0</strong></span> <span class='ocrx_word' id='word_1_207' title='bbox 1770 725 1798 752; x_wconf 82' lang='grc' dir='ltr'>δὲ</span> <span class='ocrx_word' id='word_1_208' title='bbox 1812 725 1909 752; x_wconf 83' lang='grc' dir='ltr'>τοῦτον</span> 
     </span>
    </p>
   </div>
   <div class='ocr_carea' id='block_1_31' title="bbox 1117 771 1910 811">
    <p class='ocr_par' dir='ltr' id='par_1_31' title="bbox 1117 771 1910 811">
     <span class='ocr_line' id='line_1_31' title="bbox 1117 771 1910 811; baseline -0.01 -7"><span class='ocrx_word' id='word_1_209' title='bbox 1117 777 1196 810; x_wconf 81' lang='grc' dir='ltr'>δίκας</span> <span class='ocrx_word' id='word_1_210' title='bbox 1215 777 1380 811; x_wconf 76' lang='grc' dir='ltr'><strong>ἀπαιτήσας,</strong></span> <span class='ocrx_word' id='word_1_211' title='bbox 1397 775 1452 801; x_wconf 74' lang='grc' dir='ltr'>εἴτε</span> <span class='ocrx_word' id='word_1_212' title='bbox 1472 773 1628 810; x_wconf 78' lang='grc' dir='ltr'><strong>τυραννίδος</strong></span> <span class='ocrx_word' id='word_1_213' title='bbox 1646 772 1715 807; x_wconf 80' lang='grc' dir='ltr'>ἐρῶν</span> <span class='ocrx_word' id='word_1_214' title='bbox 1731 771 1796 806; x_wconf 85' lang='grc' dir='ltr'>(είτε</span> <span class='ocrx_word' id='word_1_215' title='bbox 1811 779 1910 806; x_wconf 82' lang='grc' dir='ltr'>μνησι-</span> 
     </span>
    </p>
   </div>
   <div class='ocr_carea' id='block_1_32' title="bbox 1119 816 1912 858">
    <p class='ocr_par' dir='ltr' id='par_1_32' title="bbox 1119 816 1912 858">
     <span class='ocr_line' id='line_1_32' title="bbox 1119 816 1912 858; baseline -0.011 -8"><span class='ocrx_word' id='word_1_216' title='bbox 1119 823 1211 850; x_wconf 76' lang='grc' dir='ltr'>κακῶν</span> <span class='ocrx_word' id='word_1_217' title='bbox 1228 822 1267 858; x_wconf 81' lang='grc' dir='ltr'>τῷ</span> <span class='ocrx_word' id='word_1_218' title='bbox 1289 821 1386 856; x_wconf 71' lang='grc' dir='ltr'>πατρὶ,</span> <span class='ocrx_word' id='word_1_219' title='bbox 1407 820 1449 847; x_wconf 81' lang='grc' dir='ltr'>ὅτι</span> <span class='ocrx_word' id='word_1_220' title='bbox 1473 820 1503 846; x_wconf 76' lang='grc' dir='ltr'>οὐ</span> <span class='ocrx_word' id='word_1_221' title='bbox 1531 818 1610 854; x_wconf 84' lang='grc' dir='ltr'>μόνον</span> <span class='ocrx_word' id='word_1_222' title='bbox 1624 818 1674 844; x_wconf 78' lang='grc' dir='ltr'><strong>οὐκ</strong></span> <span class='ocrx_word' id='word_1_223' title='bbox 1696 817 1838 852; x_wconf 71' lang='grc' dir='ltr'>ἐξεδίκησε</span> <span class='ocrx_word' id='word_1_224' title='bbox 1861 816 1912 850; x_wconf 84' lang='grc' dir='ltr'>τῆς</span> 
     </span>
    </p>
   </div>
   <div class='ocr_carea' id='block_1_33' title="bbox 1119 861 1911 904">
    <p class='ocr_par' dir='ltr' id='par_1_33' title="bbox 1119 861 1911 904">
     <span class='ocr_line' id='line_1_33' title="bbox 1119 861 1911 904; baseline -0.013 -8"><span class='ocrx_word' id='word_1_225' title='bbox 1119 868 1254 904; x_wconf 81' lang='grc' dir='ltr'>θυγατρὸς</span> <span class='ocrx_word' id='word_1_226' title='bbox 1268 867 1318 903; x_wconf 80' lang='grc' dir='ltr'>τὴν</span> <span class='ocrx_word' id='word_1_227' title='bbox 1342 866 1430 902; x_wconf 72' lang='grc' dir='ltr'>ὓϐριν,</span> <span class='ocrx_word' id='word_1_228' title='bbox 1461 865 1528 892; x_wconf 80' lang='grc' dir='ltr'><strong>ἀλλά</strong></span> <span class='ocrx_word' id='word_1_229' title='bbox 1543 864 1590 890; x_wconf 71' lang='grc' dir='ltr'><strong>καὶ</strong></span> <span class='ocrx_word' id='word_1_230' title='bbox 1606 863 1652 890; x_wconf 61' lang='grc' dir='ltr'>τὶν</span> <span class='ocrx_word' id='word_1_231' title='bbox 1667 863 1841 898; x_wconf 84' lang='grc' dir='ltr'><strong>ἀμυνάμενον</strong></span> <span class='ocrx_word' id='word_1_232' title='bbox 1857 861 1911 887; x_wconf 75' lang='grc' dir='ltr'>ἀπ-</span> 
     </span>
    </p>
   </div>
   <div class='ocr_carea' id='block_1_34' title="bbox 276 905 1070 954">
    <p class='ocr_par' dir='ltr' id='par_1_34' title="bbox 276 905 1066 954">
     <span class='ocr_line' id='line_1_34' title="bbox 276 905 1066 954; baseline -0.005 -6"><span class='ocrx_word' id='word_1_233' title='bbox 276 905 331 948; x_wconf 59' lang='grc' dir='ltr'>ιοιιι</span> <span class='ocrx_word' id='word_1_234' title='bbox 350 920 419 948; x_wconf 84' lang='lat' dir='ltr'><strong>finiit</strong></span> <span class='ocrx_word' id='word_1_235' title='bbox 440 905 546 948; x_wconf 59' lang='lat' dir='ltr'><strong>Antinou</strong></span> <span class='ocrx_word' id='word_1_236' title='bbox 574 905 608 947; x_wconf 43' lang='grc'><strong>’.⁸.</strong></span> <span class='ocrx_word' id='word_1_237' title='bbox 628 920 704 947; x_wconf 83' lang='lat' dir='ltr'><strong>Alter</strong></span> <span class='ocrx_word' id='word_1_238' title='bbox 728 924 829 952; x_wconf 90' lang='lat' dir='ltr'><strong>autem,</strong></span> <span class='ocrx_word' id='word_1_239' title='bbox 852 919 898 954; x_wconf 90' lang='lat' dir='ltr'><strong>qui</strong></span> <span class='ocrx_word' id='word_1_240' title='bbox 915 925 1010 953; x_wconf 73' lang='lat' dir='ltr'><strong>ptenas</strong></span> <span class='ocrx_word' id='word_1_241' title='bbox 1032 917 1066 944; x_wconf 92' lang='lat' dir='ltr'><strong>ab</strong></span> 
     </span>
    </p>
   </div>
   <div class='ocr_carea' id='block_1_35' title="bbox 1122 905 1913 954">
    <p class='ocr_par' dir='ltr' id='par_1_35' title="bbox 1122 905 1913 949">
     <span class='ocr_line' id='line_1_35' title="bbox 1122 905 1913 949; baseline -0.013 -8"><span class='ocrx_word' id='word_1_242' title='bbox 1122 913 1277 949; x_wconf 71' lang='grc' dir='ltr'>επρέφετο,</span> <span class='ocrx_word' id='word_1_243' title='bbox 1290 912 1338 939; x_wconf 72' lang='grc' dir='ltr'><strong>καὶ</strong></span> <span class='ocrx_word' id='word_1_244' title='bbox 1357 909 1553 947; x_wconf 74' lang='grc' dir='ltr'>παρακληθεὶς,</span> <span class='ocrx_word' id='word_1_245' title='bbox 1569 908 1630 935; x_wconf 78' lang='grc' dir='ltr'>οὐδὲ</span> <span class='ocrx_word' id='word_1_246' title='bbox 1646 907 1733 939; x_wconf 77' lang='grc' dir='ltr'>οὕτως</span> <span class='ocrx_word' id='word_1_247' title='bbox 1752 906 1833 933; x_wconf 82' lang='grc' dir='ltr'>αὑτὸν</span> <span class='ocrx_word' id='word_1_248' title='bbox 1855 905 1913 932; x_wconf 72' lang='grc' dir='ltr'><strong>ἑδέ-</strong></span> 
     </span>
    </p>
   </div>
   <div class='ocr_carea' id='block_1_36' title="bbox 277 963 1066 1001">
    <p class='ocr_par' dir='ltr' id='par_1_36' title="bbox 277 963 1066 1001">
     <span class='ocr_line' id='line_1_36' title="bbox 277 963 1066 1001; baseline -0.005 -7"><span class='ocrx_word' id='word_1_249' title='bbox 277 966 329 994; x_wconf 85' lang='lat' dir='ltr'><strong>boc</strong></span> <span class='ocrx_word' id='word_1_250' title='bbox 365 967 473 1001; x_wconf 84' lang='lat' dir='ltr'><strong>repetiit</strong></span> <span class='ocrx_word' id='word_1_251' title='bbox 489 966 557 1001; x_wconf 83' lang='lat' dir='ltr'><strong>(sive</strong></span> <span class='ocrx_word' id='word_1_252' title='bbox 576 965 647 1000; x_wconf 90' lang='lat' dir='ltr'><strong>quod</strong></span> <span class='ocrx_word' id='word_1_253' title='bbox 670 965 840 1001; x_wconf 82' lang='lat' dir='ltr'><strong>tyrannidem</strong></span> <span class='ocrx_word' id='word_1_254' title='bbox 855 963 1066 999; x_wconf 87' lang='lat' dir='ltr'><strong>concupivisset,</strong></span> 
     </span>
    </p>
   </div>
   <div class='ocr_carea' id='block_1_37' title="bbox 275 1011 1066 1048">
    <p class='ocr_par' dir='ltr' id='par_1_37' title="bbox 275 1011 1066 1048">
     <span class='ocr_line' id='line_1_37' title="bbox 275 1011 1066 1048; baseline -0.005 -8"><span class='ocrx_word' id='word_1_255' title='bbox 275 1013 334 1041; x_wconf 77' lang='lat' dir='ltr'><strong>sive</strong></span> <span class='ocrx_word' id='word_1_256' title='bbox 359 1012 432 1048; x_wconf 86' lang='lat' dir='ltr'><strong>quod</strong></span> <span class='ocrx_word' id='word_1_257' title='bbox 457 1012 616 1047; x_wconf 86' lang='lat' dir='ltr'><strong>injuriarum</strong></span> <span class='ocrx_word' id='word_1_258' title='bbox 643 1012 802 1039; x_wconf 80' lang='lat' dir='ltr'><strong>memoriam</strong></span> <span class='ocrx_word' id='word_1_259' title='bbox 820 1011 949 1038; x_wconf 83' lang='lat' dir='ltr'><strong>adversus</strong></span> <span class='ocrx_word' id='word_1_260' title='bbox 962 1015 1066 1044; x_wconf 86' lang='lat' dir='ltr'><strong>patrem</strong></span> 
     </span>
    </p>
   </div>
   <div class='ocr_carea' id='block_1_38' title="bbox 277 1055 1067 1092">
    <p class='ocr_par' dir='ltr' id='par_1_38' title="bbox 277 1055 1067 1092">
     <span class='ocr_line' id='line_1_38' title="bbox 277 1055 1067 1092; baseline -0.005 -6"><span class='ocrx_word' id='word_1_261' title='bbox 277 1062 454 1086; x_wconf 84' lang='lat' dir='ltr'><strong>conservaret</strong></span> <span class='ocrx_word' id='word_1_262' title='bbox 481 1057 550 1092; x_wconf 90' lang='lat' dir='ltr'><strong>apud</strong></span> <span class='ocrx_word' id='word_1_263' title='bbox 579 1057 711 1089; x_wconf 91' lang='lat' dir='ltr'><strong>animum,</strong></span> <span class='ocrx_word' id='word_1_264' title='bbox 726 1056 799 1091; x_wconf 92' lang='lat' dir='ltr'><strong>quod</strong></span> <span class='ocrx_word' id='word_1_265' title='bbox 819 1056 944 1082; x_wconf 88' lang='lat' dir='ltr'><strong>nimirum</strong></span> <span class='ocrx_word' id='word_1_266' title='bbox 964 1055 987 1083; x_wconf 88' lang='lat' dir='ltr'><strong>is</strong></span> <span class='ocrx_word' id='word_1_267' title='bbox 1013 1062 1067 1082; x_wconf 89' lang='lat' dir='ltr'><strong>non</strong></span> 
     </span>
    </p>
   </div>
   <div class='ocr_carea' id='block_1_39' title="bbox 278 1100 1067 1133">
    <p class='ocr_par' dir='ltr' id='par_1_39' title="bbox 278 1100 1067 1133">
     <span class='ocr_line' id='line_1_39' title="bbox 278 1100 1067 1133; baseline -0.006 -1"><span class='ocrx_word' id='word_1_268' title='bbox 278 1105 362 1132; x_wconf 83' lang='lat' dir='ltr'><strong>solum</strong></span> <span class='ocrx_word' id='word_1_269' title='bbox 378 1112 430 1131; x_wconf 92' lang='lat' dir='ltr'><strong>non</strong></span> <span class='ocrx_word' id='word_1_270' title='bbox 443 1104 606 1131; x_wconf 83' lang='lat' dir='ltr'><strong>vindicasset</strong></span> <span class='ocrx_word' id='word_1_271' title='bbox 621 1102 683 1130; x_wconf 76' lang='lat' dir='ltr'><strong>filize</strong></span> <span class='ocrx_word' id='word_1_272' title='bbox 697 1102 797 1129; x_wconf 88' lang='lat' dir='ltr'><strong>illatam</strong></span> <span class='ocrx_word' id='word_1_273' title='bbox 808 1100 1010 1133; x_wconf 86' lang='lat' dir='ltr'><strong>contumeliam,</strong></span> <span class='ocrx_word' id='word_1_274' title='bbox 1020 1100 1067 1128; x_wconf 90' lang='lat' dir='ltr'><strong>sed</strong></span> 
     </span>
    </p>
   </div>
   <div class='ocr_carea' id='block_1_40' title="bbox 277 1147 1068 1182">
    <p class='ocr_par' dir='ltr' id='par_1_40' title="bbox 277 1147 1068 1182">
     <span class='ocr_line' id='line_1_40' title="bbox 277 1147 1068 1182; baseline -0.004 -6"><span class='ocrx_word' id='word_1_275' title='bbox 277 1151 359 1177; x_wconf 73' lang='lat' dir='ltr'><strong>etiam</strong></span> <span class='ocrx_word' id='word_1_276' title='bbox 383 1149 499 1176; x_wconf 88' lang='lat' dir='ltr'><strong>ultorem</strong></span> <span class='ocrx_word' id='word_1_277' title='bbox 527 1149 585 1182; x_wconf 84' lang='lat' dir='ltr'><strong>ejus</strong></span> <span class='ocrx_word' id='word_1_278' title='bbox 615 1151 755 1175; x_wconf 83' lang='lat' dir='ltr'><strong>aversatus</strong></span> <span class='ocrx_word' id='word_1_279' title='bbox 772 1155 786 1173; x_wconf 87' lang='lat' dir='ltr'><strong>a</strong></span> <span class='ocrx_word' id='word_1_280' title='bbox 807 1154 836 1174; x_wconf 91' lang='lat' dir='ltr'><strong>se</strong></span> <span class='ocrx_word' id='word_1_281' title='bbox 862 1147 1016 1182; x_wconf 83' lang='lat' dir='ltr'><strong>repulisset,</strong></span> <span class='ocrx_word' id='word_1_282' title='bbox 1041 1151 1068 1174; x_wconf 90' lang='lat' dir='ltr'><strong>et</strong></span> 
     </span>
    </p>
   </div>
   <div class='ocr_carea' id='block_1_41' title="bbox 277 1192 1067 1231">
    <p class='ocr_par' dir='ltr' id='par_1_41' title="bbox 277 1192 1067 1231">
     <span class='ocr_line' id='line_1_41' title="bbox 277 1192 1067 1231; baseline -0.004 -10"><span class='ocrx_word' id='word_1_283' title='bbox 277 1196 404 1231; x_wconf 83' lang='lat' dir='ltr'><strong>quamvis</strong></span> <span class='ocrx_word' id='word_1_284' title='bbox 418 1200 527 1230; x_wconf 75' lang='lat' dir='ltr'><strong>rogatus</strong></span> <span class='ocrx_word' id='word_1_285' title='bbox 544 1194 716 1229; x_wconf 79' lang='lat' dir='ltr'><strong>monitusque</strong></span> <span class='ocrx_word' id='word_1_286' title='bbox 731 1193 764 1220; x_wconf 87' lang='lat' dir='ltr'><strong>de</strong></span> <span class='ocrx_word' id='word_1_287' title='bbox 777 1193 835 1227; x_wconf 88' lang='lat' dir='ltr'><strong>ipso</strong></span> <span class='ocrx_word' id='word_1_288' title='bbox 849 1192 878 1219; x_wconf 92' lang='lat' dir='ltr'><strong>in</strong></span> <span class='ocrx_word' id='word_1_289' title='bbox 893 1192 1007 1228; x_wconf 73' lang='lat' dir='ltr'><strong>gratiam</strong></span> <span class='ocrx_word' id='word_1_290' title='bbox 1024 1199 1067 1219; x_wconf 88' lang='lat' dir='ltr'><strong>re-</strong></span> 
     </span>
    </p>
   </div>
   <div class='ocr_carea' id='block_1_42' title="bbox 278 1239 1068 1277">
    <p class='ocr_par' dir='ltr' id='par_1_42' title="bbox 278 1239 1068 1277">
     <span class='ocr_line' id='line_1_42' title="bbox 278 1239 1068 1277; baseline -0.008 -7"><span class='ocrx_word' id='word_1_291' title='bbox 278 1243 413 1277; x_wconf 84' lang='lat' dir='ltr'><strong>cipiendo,</strong></span> <span class='ocrx_word' id='word_1_292' title='bbox 429 1247 519 1269; x_wconf 88' lang='lat' dir='ltr'><strong>tamen</strong></span> <span class='ocrx_word' id='word_1_293' title='bbox 535 1248 568 1269; x_wconf 91' lang='lat' dir='ltr'><strong>ne</strong></span> <span class='ocrx_word' id='word_1_294' title='bbox 577 1241 616 1268; x_wconf 87' lang='lat' dir='ltr'><strong>sic</strong></span> <span class='ocrx_word' id='word_1_295' title='bbox 630 1241 737 1276; x_wconf 80' lang='lat' dir='ltr'><strong>quidem</strong></span> <span class='ocrx_word' id='word_1_296' title='bbox 755 1240 842 1274; x_wconf 91' lang='lat' dir='ltr'><strong>ipsum</strong></span> <span class='ocrx_word' id='word_1_297' title='bbox 857 1239 883 1266; x_wconf 89' lang='lat' dir='ltr'><strong>in</strong></span> <span class='ocrx_word' id='word_1_298' title='bbox 896 1242 1068 1272; x_wconf 85' lang='lat' dir='ltr'><strong>conspectum</strong></span> 
     </span>
    </p>
   </div>
   <div class='ocr_carea' id='block_1_43' title="bbox 278 1283 1070 1321">
    <p class='ocr_par' dir='ltr' id='par_1_43' title="bbox 278 1283 1070 1321">
     <span class='ocr_line' id='line_1_43' title="bbox 278 1283 1070 1321; baseline -0.009 -5"><span class='ocrx_word' id='word_1_299' title='bbox 278 1289 443 1321; x_wconf 82' lang='lat' dir='ltr'><strong>admisisset,</strong></span> <span class='ocrx_word' id='word_1_300' title='bbox 462 1289 514 1316; x_wconf 89' lang='lat' dir='ltr'><strong>nisi</strong></span> <span class='ocrx_word' id='word_1_301' title='bbox 537 1288 644 1315; x_wconf 88' lang='lat' dir='ltr'><strong>tandem</strong></span> <span class='ocrx_word' id='word_1_302' title='bbox 669 1287 745 1313; x_wconf 86' lang='lat' dir='ltr'><strong>ducis</strong></span> <span class='ocrx_word' id='word_1_303' title='bbox 763 1285 864 1312; x_wconf 66' lang='lat' dir='ltr'><strong>militiae</strong></span> <span class='ocrx_word' id='word_1_304' title='bbox 890 1283 989 1311; x_wconf 88' lang='lat' dir='ltr'><strong>astutia</strong></span> <span class='ocrx_word' id='word_1_305' title='bbox 1019 1283 1070 1310; x_wconf 89' lang='lat' dir='ltr'><strong>hoc</strong></span> 
     </span>
    </p>
   </div>
   <div class='ocr_carea' id='block_1_44' title="bbox 278 1327 1070 1370">
    <p class='ocr_par' dir='ltr' id='par_1_44' title="bbox 278 1327 1070 1370">
     <span class='ocr_line' id='line_1_44' title="bbox 278 1327 1070 1370; baseline -0.009 -9"><span class='ocrx_word' id='word_1_306' title='bbox 278 1333 440 1370; x_wconf 82' lang='lat' dir='ltr'><strong>eﬂ&#39;ecisset),</strong></span> <span class='ocrx_word' id='word_1_307' title='bbox 465 1333 535 1368; x_wconf 85' lang='lat' dir='ltr'><strong>patri</strong></span> <span class='ocrx_word' id='word_1_308' title='bbox 561 1332 719 1365; x_wconf 89' lang='lat' dir='ltr'><strong>rebellavit,</strong></span> <span class='ocrx_word' id='word_1_309' title='bbox 743 1332 822 1367; x_wconf 87' lang='lat' dir='ltr'><strong>eique</strong></span> <span class='ocrx_word' id='word_1_310' title='bbox 851 1330 896 1366; x_wconf 89' lang='lat' dir='ltr'><strong>qui</strong></span> <span class='ocrx_word' id='word_1_311' title='bbox 921 1329 991 1357; x_wconf 88' lang='lat' dir='ltr'><strong>male</strong></span> <span class='ocrx_word' id='word_1_312' title='bbox 1019 1327 1070 1363; x_wconf 83' lang='lat' dir='ltr'><strong>ipsi</strong></span> 
     </span>
    </p>
   </div>
   <div class='ocr_carea' id='block_1_45' title="bbox 1120 951 1914 995">
    <p class='ocr_par' dir='ltr' id='par_1_45' title="bbox 1120 951 1914 995">
     <span class='ocr_line' id='line_1_45' title="bbox 1120 951 1914 995; baseline -0.01 -9"><span class='ocrx_word' id='word_1_313' title='bbox 1120 968 1183 995; x_wconf 86' lang='grc' dir='ltr'>χετο</span> <span class='ocrx_word' id='word_1_314' title='bbox 1197 960 1237 990; x_wconf 82' lang='grc' dir='ltr'><strong>είς</strong></span> <span class='ocrx_word' id='word_1_315' title='bbox 1254 958 1325 993; x_wconf 73' lang='grc' dir='ltr'>ὕψιν,</span> <span class='ocrx_word' id='word_1_316' title='bbox 1343 958 1367 983; x_wconf 82' lang='grc' dir='ltr'>εί</span> <span class='ocrx_word' id='word_1_317' title='bbox 1383 956 1421 992; x_wconf 82' lang='grc' dir='ltr'><strong>μὴ</strong></span> <span class='ocrx_word' id='word_1_318' title='bbox 1437 955 1549 990; x_wconf 80' lang='grc' dir='ltr'>ὓστερον</span> <span class='ocrx_word' id='word_1_319' title='bbox 1563 956 1580 990; x_wconf 87' lang='grc' dir='ltr'><strong>ἡ</strong></span> <span class='ocrx_word' id='word_1_320' title='bbox 1594 953 1642 980; x_wconf 83' lang='grc' dir='ltr'>τοῦ</span> <span class='ocrx_word' id='word_1_321' title='bbox 1660 952 1812 988; x_wconf 80' lang='grc' dir='ltr'>στρατηγοῦ</span> <span class='ocrx_word' id='word_1_322' title='bbox 1830 951 1914 986; x_wconf 70' lang='grc' dir='ltr'>σοφία</span> 
     </span>
    </p>
   </div>
   <div class='ocr_carea' id='block_1_46' title="bbox 1119 997 1915 1036">
    <p class='ocr_par' dir='ltr' id='par_1_46' title="bbox 1119 997 1915 1036">
     <span class='ocr_line' id='line_1_46' title="bbox 1119 997 1915 1036; baseline -0.011 -4"><span class='ocrx_word' id='word_1_323' title='bbox 1119 1005 1198 1032; x_wconf 76' lang='grc' dir='ltr'>τοῦτο</span> <span class='ocrx_word' id='word_1_324' title='bbox 1215 1003 1438 1036; x_wconf 77' lang='grc' dir='ltr'>κατεσκεύασεν),</span> <span class='ocrx_word' id='word_1_325' title='bbox 1455 1001 1632 1028; x_wconf 76' lang='grc' dir='ltr'>ἐπανίσταται</span> <span class='ocrx_word' id='word_1_326' title='bbox 1648 999 1687 1035; x_wconf 83' lang='grc' dir='ltr'>τῷ</span> <span class='ocrx_word' id='word_1_327' title='bbox 1700 1000 1795 1033; x_wconf 71' lang='grc' dir='ltr'>πατρὶ,</span> <span class='ocrx_word' id='word_1_328' title='bbox 1812 997 1862 1024; x_wconf 64' lang='grc' dir='ltr'>καὶ</span> <span class='ocrx_word' id='word_1_329' title='bbox 1874 997 1915 1032; x_wconf 83' lang='grc' dir='ltr'><strong>τῷ</strong></span> 
     </span>
    </p>
   </div>
   <div class='ocr_carea' id='block_1_47' title="bbox 1120 1042 1916 1084">
    <p class='ocr_par' dir='ltr' id='par_1_47' title="bbox 1120 1042 1916 1084">
     <span class='ocr_line' id='line_1_47' title="bbox 1120 1042 1916 1084; baseline -0.011 -6"><span class='ocrx_word' id='word_1_330' title='bbox 1120 1051 1213 1082; x_wconf 86' lang='grc' dir='ltr'>κακῶς</span> <span class='ocrx_word' id='word_1_331' title='bbox 1233 1049 1307 1084; x_wconf 82' lang='grc' dir='ltr'>αὐτῷ</span> <span class='ocrx_word' id='word_1_332' title='bbox 1336 1047 1579 1083; x_wconf 77' lang='grc' dir='ltr'>συμϐουλεύσαντι,</span> <span class='ocrx_word' id='word_1_333' title='bbox 1596 1045 1644 1073; x_wconf 68' lang='grc' dir='ltr'><strong>καὶ</strong></span> <span class='ocrx_word' id='word_1_334' title='bbox 1657 1045 1720 1076; x_wconf 82' lang='grc' dir='ltr'>τοὺς</span> <span class='ocrx_word' id='word_1_335' title='bbox 1739 1044 1788 1079; x_wconf 78' lang='grc' dir='ltr'>τῆς</span> <span class='ocrx_word' id='word_1_336' title='bbox 1804 1042 1916 1078; x_wconf 80' lang='grc' dir='ltr'>φΰσεως</span> 
     </span>
    </p>
   </div>
   <div class='ocr_carea' id='block_1_48' title="bbox 1120 1088 1914 1133">
    <p class='ocr_par' dir='ltr' id='par_1_48' title="bbox 1120 1088 1914 1133">
     <span class='ocr_line' id='line_1_48' title="bbox 1120 1088 1914 1133; baseline -0.013 -9"><span class='ocrx_word' id='word_1_337' title='bbox 1120 1095 1270 1133; x_wconf 67' lang='grc' dir='ltr'>ἀνατρέψαι</span> <span class='ocrx_word' id='word_1_338' title='bbox 1295 1094 1424 1130; x_wconf 79' lang='grc' dir='ltr'>θεσμοὺς,</span> <span class='ocrx_word' id='word_1_339' title='bbox 1450 1093 1496 1120; x_wconf 80' lang='grc' dir='ltr'>καὶ</span> <span class='ocrx_word' id='word_1_340' title='bbox 1520 1092 1584 1124; x_wconf 72' lang='grc' dir='ltr'>τοὺς</span> <span class='ocrx_word' id='word_1_341' title='bbox 1608 1092 1657 1126; x_wconf 81' lang='grc' dir='ltr'>τῆς</span> <span class='ocrx_word' id='word_1_342' title='bbox 1682 1089 1782 1125; x_wconf 77' lang='grc' dir='ltr'>μίξεως</span> <span class='ocrx_word' id='word_1_343' title='bbox 1801 1088 1914 1133; x_wconf 75' lang='grc' dir='ltr'>ὑϐρίσαι</span> 
     </span>
    </p>
   </div>
   <div class='ocr_carea' id='block_1_49' title="bbox 1121 1132 1916 1178">
    <p class='ocr_par' dir='ltr' id='par_1_49' title="bbox 1121 1132 1916 1178">
     <span class='ocr_line' id='line_1_49' title="bbox 1121 1132 1916 1178; baseline -0.013 -9"><span class='ocrx_word' id='word_1_344' title='bbox 1121 1144 1232 1178; x_wconf 80' lang='grc' dir='ltr'>νόμους,</span> <span class='ocrx_word' id='word_1_345' title='bbox 1247 1139 1372 1175; x_wconf 69' lang='grc' dir='ltr'><strong>ἐπείσθη.</strong></span> <span class='ocrx_word' id='word_1_346' title='bbox 1396 1138 1529 1166; x_wconf 69' lang='grc' dir='ltr'>Τοσοῦτον</span> <span class='ocrx_word' id='word_1_347' title='bbox 1554 1139 1611 1164; x_wconf 77' lang='grc' dir='ltr'>ἔστι</span> <span class='ocrx_word' id='word_1_348' title='bbox 1625 1136 1708 1163; x_wconf 79' lang='grc' dir='ltr'>κακὸν</span> <span class='ocrx_word' id='word_1_349' title='bbox 1723 1137 1740 1171; x_wconf 80' lang='grc' dir='ltr'>ἡ</span> <span class='ocrx_word' id='word_1_350' title='bbox 1764 1134 1818 1161; x_wconf 84' lang='grc' dir='ltr'>τῶν</span> <span class='ocrx_word' id='word_1_351' title='bbox 1835 1132 1916 1161; x_wconf 80' lang='grc' dir='ltr'>κακί-</span> 
     </span>
    </p>
   </div>
   <div class='ocr_carea' id='block_1_50' title="bbox 1122 1178 1918 1218">
    <p class='ocr_par' dir='ltr' id='par_1_50' title="bbox 1122 1178 1918 1218">
     <span class='ocr_line' id='line_1_50' title="bbox 1122 1178 1918 1218; baseline -0.013 -3"><span class='ocrx_word' id='word_1_352' title='bbox 1122 1197 1193 1216; x_wconf 86' lang='grc' dir='ltr'>στων</span> <span class='ocrx_word' id='word_1_353' title='bbox 1207 1186 1345 1214; x_wconf 87' lang='grc' dir='ltr'>συνουσία.</span> <span class='ocrx_word' id='word_1_354' title='bbox 1364 1185 1434 1212; x_wconf 77' lang='grc' dir='ltr'>Ἀλλ’</span> <span class='ocrx_word' id='word_1_355' title='bbox 1449 1185 1478 1212; x_wconf 85' lang='grc' dir='ltr'>οὺ</span> <span class='ocrx_word' id='word_1_356' title='bbox 1499 1183 1626 1218; x_wconf 73' lang='grc' dir='ltr'><strong>διέφυγεν</strong></span> <span class='ocrx_word' id='word_1_357' title='bbox 1641 1182 1698 1208; x_wconf 76' lang='grc' dir='ltr'>οὗθ’</span> <span class='ocrx_word' id='word_1_358' title='bbox 1713 1178 1800 1212; x_wconf 70' lang='grc' dir='ltr'>οὗτος,</span> <span class='ocrx_word' id='word_1_359' title='bbox 1825 1179 1888 1206; x_wconf 74' lang='grc' dir='ltr'>οὔτε</span> <span class='ocrx_word' id='word_1_360' title='bbox 1904 1180 1918 1205; x_wconf 74' lang='grc' dir='ltr'><strong>ὁ</strong></span> 
     </span>
    </p>
   </div>
   <div class='ocr_carea' id='block_1_51' title="bbox 1123 1224 1918 1270">
    <p class='ocr_par' dir='ltr' id='par_1_51' title="bbox 1123 1224 1918 1270">
     <span class='ocr_line' id='line_1_51' title="bbox 1123 1224 1918 1270; baseline -0.014 -9"><span class='ocrx_word' id='word_1_361' title='bbox 1123 1231 1417 1270; x_wconf 64' lang='grc' dir='ltr'>παρασυμὸουλεύσας,</span> <span class='ocrx_word' id='word_1_362' title='bbox 1434 1230 1483 1265; x_wconf 76' lang='grc' dir='ltr'>τὴν</span> <span class='ocrx_word' id='word_1_363' title='bbox 1498 1229 1618 1263; x_wconf 75' lang='grc' dir='ltr'>ἄφυκτον</span> <span class='ocrx_word' id='word_1_364' title='bbox 1635 1227 1730 1263; x_wconf 83' lang='grc' dir='ltr'>δίκην·</span> <span class='ocrx_word' id='word_1_365' title='bbox 1744 1225 1812 1252; x_wconf 81' lang='grc' dir='ltr'><strong>ἀλλά</strong></span> <span class='ocrx_word' id='word_1_366' title='bbox 1835 1224 1918 1259; x_wconf 79' lang='grc' dir='ltr'>δίκην</span> 
     </span>
    </p>
   </div>
   <div class='ocr_carea' id='block_1_52' title="bbox 1123 1270 1918 1312">
    <p class='ocr_par' dir='ltr' id='par_1_52' title="bbox 1123 1270 1918 1312">
     <span class='ocr_line' id='line_1_52' title="bbox 1123 1270 1918 1312; baseline -0.014 -5"><span class='ocrx_word' id='word_1_367' title='bbox 1123 1280 1229 1307; x_wconf 76' lang='grc' dir='ltr'>ἔδοσαν.</span> <span class='ocrx_word' id='word_1_368' title='bbox 1243 1278 1293 1305; x_wconf 83' lang='grc' dir='ltr'><strong>Ἰν¹</strong></span> <span class='ocrx_word' id='word_1_369' title='bbox 1305 1274 1353 1304; x_wconf 80' lang='grc' dir='ltr'>οὖν</span> <span class='ocrx_word' id='word_1_370' title='bbox 1369 1276 1452 1312; x_wconf 80' lang='grc' dir='ltr'>μηδὲν</span> <span class='ocrx_word' id='word_1_371' title='bbox 1464 1274 1583 1302; x_wconf 84' lang='grc' dir='ltr'>τοιοῦτον</span> <span class='ocrx_word' id='word_1_372' title='bbox 1598 1273 1668 1308; x_wconf 83' lang='grc' dir='ltr'>μήτε</span> <span class='ocrx_word' id='word_1_373' title='bbox 1678 1271 1834 1308; x_wconf 82' lang='grc' dir='ltr'>δράσωμεν,</span> <span class='ocrx_word' id='word_1_374' title='bbox 1849 1270 1918 1306; x_wconf 76' lang='grc' dir='ltr'>μήτε</span> 
     </span>
    </p>
   </div>
   <div class='ocr_carea' id='block_1_53' title="bbox 1125 1317 1806 1361">
    <p class='ocr_par' dir='ltr' id='par_1_53' title="bbox 1125 1317 1806 1361">
     <span class='ocr_line' id='line_1_53' title="bbox 1125 1317 1806 1361; baseline -0.016 -7"><span class='ocrx_word' id='word_1_375' title='bbox 1125 1318 1266 1361; x_wconf 75' lang='grc' dir='ltr'>πάθωμεν,</span> <span class='ocrx_word' id='word_1_376' title='bbox 1281 1323 1428 1359; x_wconf 80' lang='grc' dir='ltr'><strong>φεύγωμεν</strong></span> <span class='ocrx_word' id='word_1_377' title='bbox 1441 1321 1490 1357; x_wconf 83' lang='grc' dir='ltr'><strong>τὴν</strong></span> <span class='ocrx_word' id='word_1_378' title='bbox 1504 1320 1558 1347; x_wconf 85' lang='grc' dir='ltr'>τῶν</span> <span class='ocrx_word' id='word_1_379' title='bbox 1570 1319 1675 1354; x_wconf 80' lang='grc' dir='ltr'>ὲναγῶν</span> <span class='ocrx_word' id='word_1_380' title='bbox 1687 1317 1806 1353; x_wconf 82' lang='grc' dir='ltr'>ὁμιλίαν.</span> 
     </span>
    </p>
   </div>
   <div class='ocr_carea' id='block_1_54' title="bbox 278 1363 1919 1412">
    <p class='ocr_par' dir='ltr' id='par_1_54' title="bbox 278 1363 1919 1412">
     <span class='ocr_line' id='line_1_54' title="bbox 278 1363 1919 1412; baseline -0.013 -6"><span class='ocrx_word' id='word_1_381' title='bbox 278 1363 463 1412; x_wconf 75' lang='lat' dir='ltr'><strong>consuluerat,</strong></span> <span class='ocrx_word' id='word_1_382' title='bbox 478 1386 508 1406; x_wconf 85' lang='lat' dir='ltr'><strong>ut</strong></span> <span class='ocrx_word' id='word_1_383' title='bbox 522 1385 548 1406; x_wconf 86' lang='lat' dir='ltr'><strong>et</strong></span> <span class='ocrx_word' id='word_1_384' title='bbox 560 1383 663 1405; x_wconf 77' lang='lat' dir='ltr'><strong>natura:</strong></span> <span class='ocrx_word' id='word_1_385' title='bbox 680 1363 786 1404; x_wconf 70' lang='lat' dir='ltr'><strong>fmdera</strong></span> <span class='ocrx_word' id='word_1_386' title='bbox 796 1363 941 1408; x_wconf 77' lang='lat' dir='ltr'><strong>everteret,</strong></span> <span class='ocrx_word' id='word_1_387' title='bbox 955 1380 982 1402; x_wconf 88' lang='lat' dir='ltr'><strong>et</strong></span> <span class='ocrx_word' id='word_1_388' title='bbox 1011 1371 1210 1400; x_wconf 87' lang='lat' dir='ltr'><strong>commistionis</strong></span> <span class='ocrx_word' id='word_1_389' title='bbox 1228 1371 1301 1405; x_wconf 78' lang='lat' dir='ltr'><strong>leges</strong></span> <span class='ocrx_word' id='word_1_390' title='bbox 1334 1367 1532 1396; x_wconf 75' lang='lat' dir='ltr'><strong>contumeliose</strong></span> <span class='ocrx_word' id='word_1_391' title='bbox 1564 1365 1687 1396; x_wconf 79' lang='lat' dir='ltr'><strong>violaret,</strong></span> <span class='ocrx_word' id='word_1_392' title='bbox 1720 1363 1919 1396; x_wconf 79' lang='lat' dir='ltr'><strong>obsequentem</strong></span> 
     </span>
    </p>
   </div>
   <div class='ocr_carea' id='block_1_55' title="bbox 279 1407 1918 1460">
    <p class='ocr_par' dir='ltr' id='par_1_55' title="bbox 279 1407 1918 1460">
     <span class='ocr_line' id='line_1_55' title="bbox 279 1407 1918 1460; baseline -0.012 -7"><span class='ocrx_word' id='word_1_393' title='bbox 279 1432 308 1452; x_wconf 90' lang='lat' dir='ltr'><strong>se</strong></span> <span class='ocrx_word' id='word_1_394' title='bbox 329 1425 456 1460; x_wconf 76' lang='lat' dir='ltr'><strong>przebuit.</strong></span> <span class='ocrx_word' id='word_1_395' title='bbox 473 1423 588 1451; x_wconf 85' lang='lat' dir='ltr'><strong>Tantum</strong></span> <span class='ocrx_word' id='word_1_396' title='bbox 613 1423 677 1451; x_wconf 89' lang='lat' dir='ltr'><strong>mali</strong></span> <span class='ocrx_word' id='word_1_397' title='bbox 707 1422 784 1450; x_wconf 82' lang='lat' dir='ltr'><strong>affert</strong></span> <span class='ocrx_word' id='word_1_398' title='bbox 808 1422 1067 1457; x_wconf 87' lang='lat' dir='ltr'><strong>improbissimorum</strong></span> <span class='ocrx_word' id='word_1_399' title='bbox 1089 1419 1227 1447; x_wconf 88' lang='lat' dir='ltr'><strong>hominum</strong></span> <span class='ocrx_word' id='word_1_400' title='bbox 1237 1416 1405 1445; x_wconf 85' lang='lat' dir='ltr'><strong>consuetudo</strong></span> <span class='ocrx_word' id='word_1_401' title='bbox 1419 1419 1446 1442; x_wconf 87' lang='lat' dir='ltr'><strong>et</strong></span> <span class='ocrx_word' id='word_1_402' title='bbox 1481 1412 1661 1441; x_wconf 83' lang='lat' dir='ltr'><strong>familiaritas.</strong></span> <span class='ocrx_word' id='word_1_403' title='bbox 1672 1410 1723 1437; x_wconf 84' lang='lat' dir='ltr'><strong>Sed</strong></span> <span class='ocrx_word' id='word_1_404' title='bbox 1741 1416 1839 1460; x_wconf 58' lang='lat' dir='ltr'><strong>neque-</strong></span> <span class='ocrx_word' id='word_1_405' title='bbox 1861 1407 1918 1446; x_wconf 53' lang='lat' dir='ltr'><strong>hic.</strong></span> 
     </span>
    </p>
   </div>
   <div class='ocr_carea' id='block_1_56' title="bbox 279 1453 1920 1506">
    <p class='ocr_par' dir='ltr' id='par_1_56' title="bbox 279 1453 1920 1506">
     <span class='ocr_line' id='line_1_56' title="bbox 279 1453 1920 1506; baseline -0.012 -8"><span class='ocrx_word' id='word_1_406' title='bbox 279 1471 433 1505; x_wconf 74' lang='lat' dir='ltr'><strong>nequeille,</strong></span> <span class='ocrx_word' id='word_1_407' title='bbox 458 1471 503 1506; x_wconf 90' lang='lat' dir='ltr'><strong>qui</strong></span> <span class='ocrx_word' id='word_1_408' title='bbox 519 1469 615 1497; x_wconf 86' lang='lat' dir='ltr'><strong>nefarii</strong></span> <span class='ocrx_word' id='word_1_409' title='bbox 635 1473 731 1497; x_wconf 86' lang='lat' dir='ltr'><strong>auctor</strong></span> <span class='ocrx_word' id='word_1_410' title='bbox 762 1468 867 1497; x_wconf 87' lang='lat' dir='ltr'><strong>consilii</strong></span> <span class='ocrx_word' id='word_1_411' title='bbox 903 1467 1007 1500; x_wconf 81' lang='lat' dir='ltr'><strong>fuerat,</strong></span> <span class='ocrx_word' id='word_1_412' title='bbox 1033 1466 1153 1494; x_wconf 77' lang='lat' dir='ltr'><strong>divinant</strong></span> <span class='ocrx_word' id='word_1_413' title='bbox 1191 1462 1467 1492; x_wconf 87' lang='lat' dir='ltr'><strong>animadversionem,</strong></span> <span class='ocrx_word' id='word_1_414' title='bbox 1505 1466 1585 1493; x_wconf 90' lang='lat' dir='ltr'><strong>quam</strong></span> <span class='ocrx_word' id='word_1_415' title='bbox 1609 1456 1680 1484; x_wconf 90' lang='lat' dir='ltr'><strong>nulla</strong></span> <span class='ocrx_word' id='word_1_416' title='bbox 1709 1459 1768 1482; x_wconf 89' lang='lat' dir='ltr'><strong>arte</strong></span> <span class='ocrx_word' id='word_1_417' title='bbox 1799 1453 1920 1487; x_wconf 70' lang='lat' dir='ltr'><strong>elfngero</strong></span> 
     </span>
    </p>
   </div>
   <div class='ocr_carea' id='block_1_57' title="bbox 280 1503 1923 1551">
    <p class='ocr_par' dir='ltr' id='par_1_57' title="bbox 280 1503 1923 1551">
     <span class='ocr_line' id='line_1_57' title="bbox 280 1503 1923 1551; baseline -0.009 -7"><span class='ocrx_word' id='word_1_418' title='bbox 280 1519 353 1550; x_wconf 87' lang='lat' dir='ltr'><strong>licet,</strong></span> <span class='ocrx_word' id='word_1_419' title='bbox 367 1517 452 1545; x_wconf 87' lang='lat' dir='ltr'><strong>evasit</strong></span> <span class='ocrx_word' id='word_1_420' title='bbox 469 1527 476 1545; x_wconf 81' lang='lat'><strong>:</strong></span> <span class='ocrx_word' id='word_1_421' title='bbox 495 1517 541 1544; x_wconf 88' lang='lat' dir='ltr'><strong>sed</strong></span> <span class='ocrx_word' id='word_1_422' title='bbox 563 1518 642 1544; x_wconf 90' lang='lat' dir='ltr'><strong>ambo</strong></span> <span class='ocrx_word' id='word_1_423' title='bbox 663 1523 756 1551; x_wconf 83' lang='lat' dir='ltr'><strong>pcenas</strong></span> <span class='ocrx_word' id='word_1_424' title='bbox 777 1516 907 1543; x_wconf 89' lang='lat' dir='ltr'><strong>dederunt</strong></span> <span class='ocrx_word' id='word_1_425' title='bbox 920 1515 953 1542; x_wconf 83' lang='grc'><strong>’⁷.</strong></span> <span class='ocrx_word' id='word_1_426' title='bbox 978 1515 1069 1547; x_wconf 80' lang='lat' dir='ltr'><strong>Quare</strong></span> <span class='ocrx_word' id='word_1_427' title='bbox 1088 1521 1121 1542; x_wconf 90' lang='lat' dir='ltr'><strong>ne</strong></span> <span class='ocrx_word' id='word_1_428' title='bbox 1158 1513 1223 1548; x_wconf 89' lang='lat' dir='ltr'><strong>quid</strong></span> <span class='ocrx_word' id='word_1_429' title='bbox 1256 1518 1305 1539; x_wconf 86' lang='lat' dir='ltr'><strong>nos</strong></span> <span class='ocrx_word' id='word_1_430' title='bbox 1340 1516 1448 1545; x_wconf 87' lang='lat' dir='ltr'><strong>quoque</strong></span> <span class='ocrx_word' id='word_1_431' title='bbox 1474 1507 1563 1535; x_wconf 83' lang='lat' dir='ltr'><strong>simile</strong></span> <span class='ocrx_word' id='word_1_432' title='bbox 1587 1504 1629 1532; x_wconf 87' lang='lat' dir='ltr'><strong>vel</strong></span> <span class='ocrx_word' id='word_1_433' title='bbox 1656 1507 1845 1539; x_wconf 87' lang='lat' dir='ltr'><strong>perpetremus</strong></span> <span class='ocrx_word' id='word_1_434' title='bbox 1877 1503 1923 1529; x_wconf 81' lang='lat' dir='ltr'><strong>vel</strong></span> 
     </span>
    </p>
   </div>
   <div class='ocr_carea' id='block_1_58' title="bbox 279 1557 1462 1601">
    <p class='ocr_par' dir='ltr' id='par_1_58' title="bbox 279 1557 1462 1601">
     <span class='ocr_line' id='line_1_58' title="bbox 279 1557 1462 1601; baseline -0.011 -5"><span class='ocrx_word' id='word_1_435' title='bbox 279 1566 474 1601; x_wconf 78' lang='lat' dir='ltr'><strong>perpetiantur,</strong></span> <span class='ocrx_word' id='word_1_436' title='bbox 497 1564 691 1592; x_wconf 87' lang='lat' dir='ltr'><strong>sceleratorum</strong></span> <span class='ocrx_word' id='word_1_437' title='bbox 710 1564 849 1592; x_wconf 86' lang='lat' dir='ltr'><strong>hominum</strong></span> <span class='ocrx_word' id='word_1_438' title='bbox 876 1563 1069 1591; x_wconf 84' lang='lat' dir='ltr'><strong>commercium</strong></span> <span class='ocrx_word' id='word_1_439' title='bbox 1089 1561 1156 1590; x_wconf 79' lang='lat' dir='ltr'><strong>velis</strong></span> <span class='ocrx_word' id='word_1_440' title='bbox 1172 1561 1306 1594; x_wconf 82' lang='lat' dir='ltr'><strong>remisque</strong></span> <span class='ocrx_word' id='word_1_441' title='bbox 1318 1557 1462 1594; x_wconf 72' lang='lat' dir='ltr'><strong>fugiamus.</strong></span> 
     </span>
    </p>
   </div>
   <div class='ocr_carea' id='block_1_59' title="bbox 433 1610 1070 1652">
    <p class='ocr_par' dir='ltr' id='par_1_59' title="bbox 433 1622 926 1652">
     <span class='ocr_line' id='line_1_59' title="bbox 433 1622 926 1652; baseline -0.002 0"><span class='ocrx_word' id='word_1_442' title='bbox 433 1623 554 1652; x_wconf 80' lang='lat' dir='ltr'><strong>XXXVI.</strong></span> <span class='ocrx_word' id='word_1_443' title='bbox 568 1638 601 1646; x_wconf 85' lang='lat'><strong>—-</strong></span> <span class='ocrx_word' id='word_1_444' title='bbox 623 1623 735 1652; x_wconf 78' lang='grc' dir='ltr'>ΡΕΤΙίΟ</span> <span class='ocrx_word' id='word_1_445' title='bbox 747 1622 926 1651; x_wconf 80' lang='lat' dir='ltr'><strong>MONACllO.</strong></span> 
     </span>
    </p>
   </div>
   <div class='ocr_carea' id='block_1_60' title="bbox 1122 1610 1734 1652">
    <p class='ocr_par' dir='ltr' id='par_1_60' title="bbox 1311 1610 1734 1652">
     <span class='ocr_line' id='line_1_60' title="bbox 1311 1610 1734 1652; baseline -0.024 -6"><span class='ocrx_word' id='word_1_446' title='bbox 1311 1618 1379 1652; x_wconf 63' lang='lat' dir='ltr'><strong>aqu</strong></span> <span class='ocrx_word' id='word_1_447' title='bbox 1398 1631 1433 1637; x_wconf 91' lang='grc'><strong><em>-</em></strong></span> <span class='ocrx_word' id='word_1_448' title='bbox 1451 1615 1564 1650; x_wconf 80' lang='grc' dir='ltr'>ΠΕΤΡῼ</span> <span class='ocrx_word' id='word_1_449' title='bbox 1580 1610 1734 1646; x_wconf 74' lang='grc' dir='ltr'><strong>ΜΟΝΑΧῼ.</strong></span> 
     </span>
    </p>
   </div>
   <div class='ocr_carea' id='block_1_61' title="bbox 281 1654 1070 1704">
    <p class='ocr_par' dir='ltr' id='par_1_61' title="bbox 281 1668 1070 1704">
     <span class='ocr_line' id='line_1_61' title="bbox 281 1668 1070 1704; baseline -0.006 -5"><span class='ocrx_word' id='word_1_450' title='bbox 281 1670 315 1699; x_wconf 84' lang='lat' dir='ltr'><strong>In</strong></span> <span class='ocrx_word' id='word_1_451' title='bbox 335 1671 400 1698; x_wconf 80' lang='lat' dir='ltr'><strong>illud</strong></span> <span class='ocrx_word' id='word_1_452' title='bbox 429 1670 509 1698; x_wconf 83' lang='lat' dir='ltr'><strong>Pauli</strong></span> <span class='ocrx_word' id='word_1_453' title='bbox 533 1670 643 1702; x_wconf 81' lang='lat' dir='ltr'><strong>dictum,</strong></span> <span class='ocrx_word' id='word_1_454' title='bbox 663 1679 672 1695; x_wconf 82' lang='grc' dir='ltr'><strong>ι</strong></span> <span class='ocrx_word' id='word_1_455' title='bbox 692 1668 721 1697; x_wconf 87' lang='lat' dir='ltr'><strong>Si</strong></span> <span class='ocrx_word' id='word_1_456' title='bbox 744 1669 802 1704; x_wconf 81' lang='lat' dir='ltr'><strong>ﬁcri</strong></span> <span class='ocrx_word' id='word_1_457' title='bbox 832 1674 932 1702; x_wconf 73' lang='lat' dir='ltr'><strong>potest,</strong></span> <span class='ocrx_word' id='word_1_458' title='bbox 958 1669 1027 1703; x_wconf 79' lang='lat' dir='ltr'><strong>quod</strong></span> <span class='ocrx_word' id='word_1_459' title='bbox 1047 1669 1070 1694; x_wconf 86' lang='lat' dir='ltr'><strong>in</strong></span> 
     </span>
    </p>
   </div>
   <div class='ocr_carea' id='block_1_62' title="bbox 1122 1654 1921 1704">
    <p class='ocr_par' dir='ltr' id='par_1_62' title="bbox 1129 1654 1921 1704">
     <span class='ocr_line' id='line_1_62' title="bbox 1129 1654 1921 1704; baseline -0.019 -10"><span class='ocrx_word' id='word_1_460' title='bbox 1129 1667 1180 1694; x_wconf 83' lang='grc' dir='ltr'><strong>Τό·</strong></span> <span class='ocrx_word' id='word_1_461' title='bbox 1202 1675 1211 1692; x_wconf 81' lang='grc' dir='ltr'><strong>ι</strong></span> <span class='ocrx_word' id='word_1_462' title='bbox 1230 1665 1264 1692; x_wconf 75' lang='lat' dir='ltr'><strong>Et</strong></span> <span class='ocrx_word' id='word_1_463' title='bbox 1284 1661 1416 1704; x_wconf 50' lang='grc' dir='ltr'>δυηαςὸν</span> <span class='ocrx_word' id='word_1_464' title='bbox 1433 1661 1463 1687; x_wconf 81' lang='grc' dir='ltr'><strong>τὸ</strong></span> <span class='ocrx_word' id='word_1_465' title='bbox 1485 1659 1520 1704; x_wconf 45' lang='lat' dir='ltr'><strong>cf</strong></span> <span class='ocrx_word' id='word_1_466' title='bbox 1536 1658 1620 1702; x_wconf 65' lang='grc' dir='ltr'>ὐμῷν</span> <span class='ocrx_word' id='word_1_467' title='bbox 1638 1657 1713 1692; x_wconf 83' lang='grc' dir='ltr'>μετὰ</span> <span class='ocrx_word' id='word_1_468' title='bbox 1732 1657 1856 1682; x_wconf 77' lang='grc' dir='ltr'>πάντων</span> <span class='ocrx_word' id='word_1_469' title='bbox 1872 1654 1921 1681; x_wconf 78' lang='lat' dir='ltr'><strong>dr-</strong></span> 
     </span>
    </p>
   </div>
   <div class='ocr_carea' id='block_1_63' title="bbox 314 1695 1070 1738">
    <p class='ocr_par' dir='ltr' id='par_1_63' title="bbox 314 1695 1070 1738">
     <span class='ocr_line' id='line_1_63' title="bbox 314 1695 1070 1738; baseline -0.007 -5"><span class='ocrx_word' id='word_1_470' title='bbox 314 1707 386 1733; x_wconf 71' lang='lat' dir='ltr'><strong>vobis</strong></span> <span class='ocrx_word' id='word_1_471' title='bbox 415 1711 472 1738; x_wconf 75' lang='lat' dir='ltr'><strong>est,</strong></span> <span class='ocrx_word' id='word_1_472' title='bbox 493 1713 552 1733; x_wconf 87' lang='lat' dir='ltr'><strong>cum</strong></span> <span class='ocrx_word' id='word_1_473' title='bbox 587 1695 708 1732; x_wconf 63' lang='lat' dir='ltr'><strong>omnibus</strong></span> <span class='ocrx_word' id='word_1_474' title='bbox 734 1695 881 1731; x_wconf 55' lang='lat' dir='ltr'><strong>Iiontini&#39;bus</strong></span> <span class='ocrx_word' id='word_1_475' title='bbox 910 1695 997 1738; x_wconf 64' lang='grc' dir='ltr'>μὶιρὲιη</span> <span class='ocrx_word' id='word_1_476' title='bbox 1024 1704 1070 1729; x_wconf 84' lang='lat' dir='ltr'><strong>Im-</strong></span> 
     </span>
    </p>
   </div>
   <div class='ocr_carea' id='block_1_64' title="bbox 1122 1695 1713 1738">
    <p class='ocr_par' dir='ltr' id='par_1_64' title="bbox 1327 1695 1713 1732">
     <span class='ocr_line' id='line_1_64' title="bbox 1327 1695 1713 1732; baseline -0.018 -8"><span class='ocrx_word' id='word_1_477' title='bbox 1327 1697 1450 1732; x_wconf 73' lang='grc' dir='ltr'>θρώπων</span> <span class='ocrx_word' id='word_1_478' title='bbox 1467 1695 1684 1730; x_wconf 73' lang='grc' dir='ltr'>εἰρηνεύοντες.</span> <span class='ocrx_word' id='word_1_479' title='bbox 1705 1701 1713 1717; x_wconf 72' lang='grc' dir='ltr'><strong>ι</strong></span> 
     </span>
    </p>
   </div>
   <div class='ocr_carea' id='block_1_65' title="bbox 309 1741 475 1768">
    <p class='ocr_par' dir='ltr' id='par_1_65' title="bbox 309 1741 475 1768">
     <span class='ocr_line' id='line_1_65' title="bbox 309 1741 475 1768; baseline -0.012 0"><span class='ocrx_word' id='word_1_480' title='bbox 309 1743 396 1768; x_wconf 70' lang='lat' dir='ltr'><strong>Dentes</strong></span> <span class='ocrx_word' id='word_1_481' title='bbox 411 1741 445 1767; x_wconf 83' lang='lat'><strong>&quot;.</strong></span> <span class='ocrx_word' id='word_1_482' title='bbox 466 1750 475 1766; x_wconf 74' lang='grc' dir='ltr'><strong>ι</strong></span> 
     </span>
    </p>
   </div>
   <div class='ocr_carea' id='block_1_66' title="bbox 314 1795 1074 1830">
    <p class='ocr_par' dir='ltr' id='par_1_66' title="bbox 314 1795 1074 1830">
     <span class='ocr_line' id='line_1_66' title="bbox 314 1795 1074 1830; baseline -0.005 -5"><span class='ocrx_word' id='word_1_483' title='bbox 314 1798 374 1830; x_wconf 81' lang='lat' dir='ltr'><strong>Est,</strong></span> <span class='ocrx_word' id='word_1_484' title='bbox 385 1805 401 1825; x_wconf 96' lang='lat' dir='ltr'><strong>o</strong></span> <span class='ocrx_word' id='word_1_485' title='bbox 417 1797 459 1824; x_wconf 92' lang='lat' dir='ltr'><strong>vir</strong></span> <span class='ocrx_word' id='word_1_486' title='bbox 476 1796 628 1829; x_wconf 86' lang='lat' dir='ltr'><strong>erud-ite,et</strong></span> <span class='ocrx_word' id='word_1_487' title='bbox 645 1795 744 1823; x_wconf 89' lang='lat' dir='ltr'><strong>bellum</strong></span> <span class='ocrx_word' id='word_1_488' title='bbox 767 1799 892 1824; x_wconf 85' lang='lat' dir='ltr'><strong>sanetum</strong></span> <span class='ocrx_word' id='word_1_489' title='bbox 912 1803 942 1823; x_wconf 88' lang='lat' dir='ltr'><strong>ac</strong></span> <span class='ocrx_word' id='word_1_490' title='bbox 960 1795 1074 1829; x_wconf 86' lang='lat' dir='ltr'><strong>justum,</strong></span> 
     </span>
    </p>
   </div>
   <div class='ocr_carea' id='block_1_67' title="bbox 282 1841 1073 1879">
    <p class='ocr_par' dir='ltr' id='par_1_67' title="bbox 282 1841 1073 1879">
     <span class='ocr_line' id='line_1_67' title="bbox 282 1841 1073 1879; baseline -0.005 -7"><span class='ocrx_word' id='word_1_491' title='bbox 282 1851 310 1872; x_wconf 91' lang='lat' dir='ltr'><strong>et</strong></span> <span class='ocrx_word' id='word_1_492' title='bbox 325 1852 374 1879; x_wconf 83' lang='lat' dir='ltr'><strong>pax</strong></span> <span class='ocrx_word' id='word_1_493' title='bbox 395 1843 468 1871; x_wconf 91' lang='lat' dir='ltr'><strong>omni</strong></span> <span class='ocrx_word' id='word_1_494' title='bbox 485 1843 647 1878; x_wconf 86' lang='lat' dir='ltr'><strong>implacabili</strong></span> <span class='ocrx_word' id='word_1_495' title='bbox 663 1850 750 1878; x_wconf 77' lang='lat' dir='ltr'><strong>pugna</strong></span> <span class='ocrx_word' id='word_1_496' title='bbox 766 1841 910 1875; x_wconf 79' lang='lat' dir='ltr'><strong>difﬁcilior,</strong></span> <span class='ocrx_word' id='word_1_497' title='bbox 927 1842 1073 1870; x_wconf 86' lang='lat' dir='ltr'><strong>secundum</strong></span> 
     </span>
    </p>
   </div>
   <div class='ocr_carea' id='block_1_68' title="bbox 284 1888 1075 1924">
    <p class='ocr_par' dir='ltr' id='par_1_68' title="bbox 284 1888 1075 1924">
     <span class='ocr_line' id='line_1_68' title="bbox 284 1888 1075 1924; baseline -0.005 -7"><span class='ocrx_word' id='word_1_498' title='bbox 284 1890 348 1918; x_wconf 81' lang='lat' dir='ltr'><strong>illud</strong></span> <span class='ocrx_word' id='word_1_499' title='bbox 364 1888 477 1924; x_wconf 87' lang='lat' dir='ltr'><strong>(Psalmi</strong></span> <span class='ocrx_word' id='word_1_500' title='bbox 492 1888 606 1921; x_wconf 87' lang='lat' dir='ltr'><strong>dictum)</strong></span> <span class='ocrx_word' id='word_1_501' title='bbox 626 1898 633 1916; x_wconf 89' lang='lat'><strong>:</strong></span> <span class='ocrx_word' id='word_1_502' title='bbox 660 1898 669 1914; x_wconf 80' lang='grc' dir='ltr'><strong>ι</strong></span> <span class='ocrx_word' id='word_1_503' title='bbox 689 1888 777 1916; x_wconf 88' lang='lat' dir='ltr'><strong>Zelavi</strong></span> <span class='ocrx_word' id='word_1_504' title='bbox 794 1896 875 1923; x_wconf 83' lang='lat' dir='ltr'><strong>super</strong></span> <span class='ocrx_word' id='word_1_505' title='bbox 893 1889 1010 1924; x_wconf 89' lang='lat' dir='ltr'><strong>iniquos,</strong></span> <span class='ocrx_word' id='word_1_506' title='bbox 1026 1895 1075 1922; x_wconf 83' lang='lat' dir='ltr'><strong>pa-</strong></span> 
     </span>
    </p>
   </div>
   <div class='ocr_carea' id='block_1_69' title="bbox 286 1933 1074 1969">
    <p class='ocr_par' dir='ltr' id='par_1_69' title="bbox 286 1933 1074 1969">
     <span class='ocr_line' id='line_1_69' title="bbox 286 1933 1074 1969; baseline -0.004 -6"><span class='ocrx_word' id='word_1_507' title='bbox 286 1943 345 1963; x_wconf 87' lang='lat' dir='ltr'><strong>cem</strong></span> <span class='ocrx_word' id='word_1_508' title='bbox 362 1940 534 1969; x_wconf 81' lang='lat' dir='ltr'><strong>peccatorum</strong></span> <span class='ocrx_word' id='word_1_509' title='bbox 552 1935 644 1962; x_wconf 87' lang='lat' dir='ltr'><strong>videns</strong></span> <span class='ocrx_word' id='word_1_510' title='bbox 657 1935 690 1962; x_wconf 86' lang='lat'><strong>&quot;.</strong></span> <span class='ocrx_word' id='word_1_511' title='bbox 717 1945 725 1961; x_wconf 77' lang='grc'><strong>»</strong></span> <span class='ocrx_word' id='word_1_512' title='bbox 743 1933 810 1962; x_wconf 85' lang='lat' dir='ltr'><strong>Nam</strong></span> <span class='ocrx_word' id='word_1_513' title='bbox 830 1935 948 1962; x_wconf 86' lang='lat' dir='ltr'><strong>latrones</strong></span> <span class='ocrx_word' id='word_1_514' title='bbox 967 1934 1074 1969; x_wconf 84' lang='lat' dir='ltr'><strong>quidem</strong></span> 
     </span>
    </p>
   </div>
   <div class='ocr_carea' id='block_1_70' title="bbox 286 1974 1075 2016">
    <p class='ocr_par' dir='ltr' id='par_1_70' title="bbox 286 1974 1075 2016">
     <span class='ocr_line' id='line_1_70' title="bbox 286 1974 1075 2016; baseline -0.003 -8"><span class='ocrx_word' id='word_1_515' title='bbox 286 1983 357 2009; x_wconf 92' lang='lat' dir='ltr'><strong>intcr</strong></span> <span class='ocrx_word' id='word_1_516' title='bbox 369 1989 429 2008; x_wconf 87' lang='lat' dir='ltr'><strong>sese</strong></span> <span class='ocrx_word' id='word_1_517' title='bbox 438 1974 619 2015; x_wconf 80' lang='lat' dir='ltr'><strong>paciscuntur</strong></span> <span class='ocrx_word' id='word_1_518' title='bbox 633 1985 727 2008; x_wconf 85' lang='lat' dir='ltr'><strong>contra</strong></span> <span class='ocrx_word' id='word_1_519' title='bbox 747 1989 794 2009; x_wconf 86' lang='lat' dir='ltr'><strong>eos</strong></span> <span class='ocrx_word' id='word_1_520' title='bbox 810 1982 855 2016; x_wconf 89' lang='lat' dir='ltr'><strong>qui</strong></span> <span class='ocrx_word' id='word_1_521' title='bbox 872 1980 943 2008; x_wconf 82' lang='lat' dir='ltr'><strong>nulla</strong></span> <span class='ocrx_word' id='word_1_522' title='bbox 961 1988 990 2008; x_wconf 89' lang='lat' dir='ltr'><strong>re</strong></span> <span class='ocrx_word' id='word_1_523' title='bbox 1003 1980 1075 2014; x_wconf 86' lang='lat' dir='ltr'><strong>ipsos</strong></span> 
     </span>
    </p>
   </div>
   <div class='ocr_carea' id='block_1_71' title="bbox 287 2025 1075 2062">
    <p class='ocr_par' dir='ltr' id='par_1_71' title="bbox 287 2025 1075 2062">
     <span class='ocr_line' id='line_1_71' title="bbox 287 2025 1075 2062; baseline -0.004 -8"><span class='ocrx_word' id='word_1_524' title='bbox 287 2027 417 2054; x_wconf 74' lang='lat' dir='ltr'><strong>lzeserunt</strong></span> <span class='ocrx_word' id='word_1_525' title='bbox 440 2026 538 2053; x_wconf 86' lang='lat' dir='ltr'><strong>armati</strong></span> <span class='ocrx_word' id='word_1_526' title='bbox 559 2035 567 2053; x_wconf 84' lang='lat'><strong>:</strong></span> <span class='ocrx_word' id='word_1_527' title='bbox 582 2025 664 2062; x_wconf 70' lang='grc'><strong>432</strong></span> <span class='ocrx_word' id='word_1_528' title='bbox 681 2027 729 2054; x_wconf 86' lang='lat' dir='ltr'><strong>sed</strong></span> <span class='ocrx_word' id='word_1_529' title='bbox 747 2031 774 2054; x_wconf 89' lang='lat' dir='ltr'><strong>et</strong></span> <span class='ocrx_word' id='word_1_530' title='bbox 789 2026 843 2061; x_wconf 92' lang='lat' dir='ltr'><strong>lupi</strong></span> <span class='ocrx_word' id='word_1_531' title='bbox 869 2030 1075 2061; x_wconf 70' lang='lat' dir='ltr'><strong>congregantur,</strong></span> 
     </span>
    </p>
   </div>
   <div class='ocr_carea' id='block_1_72' title="bbox 286 2072 1075 2108">
    <p class='ocr_par' dir='ltr' id='par_1_72' title="bbox 286 2072 1075 2108">
     <span class='ocr_line' id='line_1_72' title="bbox 286 2072 1075 2108; baseline -0.001 -9"><span class='ocrx_word' id='word_1_532' title='bbox 286 2073 390 2108; x_wconf 88' lang='lat' dir='ltr'><strong>quoties</strong></span> <span class='ocrx_word' id='word_1_533' title='bbox 403 2073 560 2108; x_wconf 74' lang='lat' dir='ltr'><strong>sanguinem</strong></span> <span class='ocrx_word' id='word_1_534' title='bbox 575 2073 680 2104; x_wconf 89' lang='lat' dir='ltr'><strong>sitiunt,</strong></span> <span class='ocrx_word' id='word_1_535' title='bbox 712 2077 740 2100; x_wconf 90' lang='lat' dir='ltr'><strong>et</strong></span> <span class='ocrx_word' id='word_1_536' title='bbox 761 2072 868 2099; x_wconf 85' lang='lat' dir='ltr'><strong>adulter</strong></span> <span class='ocrx_word' id='word_1_537' title='bbox 878 2079 939 2099; x_wconf 91' lang='lat' dir='ltr'><strong>cum</strong></span> <span class='ocrx_word' id='word_1_538' title='bbox 955 2072 1075 2098; x_wconf 84' lang='lat' dir='ltr'><strong>adultera</strong></span> 
     </span>
    </p>
   </div>
   <div class='ocr_carea' id='block_1_73' title="bbox 286 2116 1077 2154">
    <p class='ocr_par' dir='ltr' id='par_1_73' title="bbox 286 2116 1077 2154">
     <span class='ocr_line' id='line_1_73' title="bbox 286 2116 1077 2154; baseline -0.005 -7"><span class='ocrx_word' id='word_1_539' title='bbox 286 2125 380 2154; x_wconf 89' lang='lat' dir='ltr'><strong>pacem</strong></span> <span class='ocrx_word' id='word_1_540' title='bbox 398 2117 473 2152; x_wconf 90' lang='lat' dir='ltr'><strong>colit,</strong></span> <span class='ocrx_word' id='word_1_541' title='bbox 484 2123 511 2145; x_wconf 92' lang='lat' dir='ltr'><strong>et</strong></span> <span class='ocrx_word' id='word_1_542' title='bbox 522 2122 654 2145; x_wconf 84' lang='lat' dir='ltr'><strong>scortator</strong></span> <span class='ocrx_word' id='word_1_543' title='bbox 671 2124 731 2144; x_wconf 88' lang='lat' dir='ltr'><strong>cum</strong></span> <span class='ocrx_word' id='word_1_544' title='bbox 744 2125 793 2146; x_wconf 93' lang='lat' dir='ltr'><strong>suo</strong></span> <span class='ocrx_word' id='word_1_545' title='bbox 806 2123 905 2145; x_wconf 87' lang='lat' dir='ltr'><strong>scorto.</strong></span> <span class='ocrx_word' id='word_1_546' title='bbox 921 2116 980 2144; x_wconf 86' lang='lat' dir='ltr'><strong>Noli</strong></span> <span class='ocrx_word' id='word_1_547' title='bbox 995 2117 1077 2152; x_wconf 69' lang='lat' dir='ltr'><strong>igitur</strong></span> 
     </span>
    </p>
   </div>
   <div class='ocr_carea' id='block_1_74' title="bbox 286 2163 1075 2198">
    <p class='ocr_par' dir='ltr' id='par_1_74' title="bbox 286 2163 1075 2198">
     <span class='ocr_line' id='line_1_74' title="bbox 286 2163 1075 2198; baseline -0.003 -7"><span class='ocrx_word' id='word_1_548' title='bbox 286 2163 453 2196; x_wconf 76' lang='lat' dir='ltr'><strong>existimare,</strong></span> <span class='ocrx_word' id='word_1_549' title='bbox 471 2171 563 2198; x_wconf 86' lang='lat' dir='ltr'><strong>pacem</strong></span> <span class='ocrx_word' id='word_1_550' title='bbox 577 2163 675 2198; x_wconf 90' lang='lat' dir='ltr'><strong>ubique</strong></span> <span class='ocrx_word' id='word_1_551' title='bbox 693 2168 718 2190; x_wconf 90' lang='lat' dir='ltr'><strong>et</strong></span> <span class='ocrx_word' id='word_1_552' title='bbox 737 2171 784 2198; x_wconf 89' lang='lat' dir='ltr'><strong>per</strong></span> <span class='ocrx_word' id='word_1_553' title='bbox 796 2163 884 2190; x_wconf 86' lang='lat' dir='ltr'><strong>omnia</strong></span> <span class='ocrx_word' id='word_1_554' title='bbox 898 2163 994 2190; x_wconf 85' lang='lat' dir='ltr'><strong>bonam</strong></span> <span class='ocrx_word' id='word_1_555' title='bbox 1006 2170 1075 2190; x_wconf 81' lang='lat' dir='ltr'><strong>esse.</strong></span> 
     </span>
    </p>
   </div>
   <div class='ocr_carea' id='block_1_75' title="bbox 288 2208 1075 2244">
    <p class='ocr_par' dir='ltr' id='par_1_75' title="bbox 288 2208 1075 2244">
     <span class='ocr_line' id='line_1_75' title="bbox 288 2208 1075 2244; baseline -0.001 -7"><span class='ocrx_word' id='word_1_556' title='bbox 288 2209 334 2237; x_wconf 83' lang='lat' dir='ltr'><strong>Est</strong></span> <span class='ocrx_word' id='word_1_557' title='bbox 345 2209 416 2236; x_wconf 85' lang='lat' dir='ltr'><strong>enim</strong></span> <span class='ocrx_word' id='word_1_558' title='bbox 431 2217 616 2244; x_wconf 64' lang='lat' dir='ltr'><strong>saepenumero</strong></span> <span class='ocrx_word' id='word_1_559' title='bbox 634 2209 728 2244; x_wconf 88' lang='lat' dir='ltr'><strong>quovis</strong></span> <span class='ocrx_word' id='word_1_560' title='bbox 754 2209 823 2236; x_wconf 83' lang='lat' dir='ltr'><strong>bello</strong></span> <span class='ocrx_word' id='word_1_561' title='bbox 844 2208 938 2236; x_wconf 91' lang='lat' dir='ltr'><strong>durior</strong></span> <span class='ocrx_word' id='word_1_562' title='bbox 952 2213 979 2235; x_wconf 86' lang='lat' dir='ltr'><strong>et</strong></span> <span class='ocrx_word' id='word_1_563' title='bbox 999 2208 1075 2236; x_wconf 85' lang='lat' dir='ltr'><strong>dcte-</strong></span> 
     </span>
    </p>
   </div>
   <div class='ocr_carea' id='block_1_76' title="bbox 288 2253 1074 2289">
    <p class='ocr_par' dir='ltr' id='par_1_76' title="bbox 288 2253 1074 2289">
     <span class='ocr_line' id='line_1_76' title="bbox 288 2253 1074 2289; baseline -0.001 -7"><span class='ocrx_word' id='word_1_564' title='bbox 288 2255 354 2283; x_wconf 88' lang='lat' dir='ltr'><strong>rior.</strong></span> <span class='ocrx_word' id='word_1_565' title='bbox 371 2254 437 2282; x_wconf 83' lang='lat' dir='ltr'><strong>Nam</strong></span> <span class='ocrx_word' id='word_1_566' title='bbox 448 2263 509 2282; x_wconf 90' lang='lat' dir='ltr'><strong>cum</strong></span> <span class='ocrx_word' id='word_1_567' title='bbox 528 2255 590 2289; x_wconf 87' lang='lat' dir='ltr'><strong>quis</strong></span> <span class='ocrx_word' id='word_1_568' title='bbox 605 2262 697 2289; x_wconf 85' lang='lat' dir='ltr'><strong>pacem</strong></span> <span class='ocrx_word' id='word_1_569' title='bbox 712 2255 776 2282; x_wconf 92' lang='lat' dir='ltr'><strong>colit</strong></span> <span class='ocrx_word' id='word_1_570' title='bbox 792 2263 853 2282; x_wconf 93' lang='lat' dir='ltr'><strong>cum</strong></span> <span class='ocrx_word' id='word_1_571' title='bbox 875 2253 1008 2288; x_wconf 86' lang='lat' dir='ltr'><strong>ejusmodi</strong></span> <span class='ocrx_word' id='word_1_572' title='bbox 1026 2255 1074 2281; x_wconf 86' lang='lat' dir='ltr'><strong>ho-</strong></span> 
     </span>
    </p>
   </div>
   <div class='ocr_carea' id='block_1_77' title="bbox 1163 1784 1920 1824">
    <p class='ocr_par' dir='ltr' id='par_1_77' title="bbox 1163 1784 1920 1824">
     <span class='ocr_line' id='line_1_77' title="bbox 1163 1784 1920 1824; baseline -0.015 -4"><span class='ocrx_word' id='word_1_573' title='bbox 1163 1794 1268 1824; x_wconf 78' lang='grc' dir='ltr'>Ἐστιν,</span> <span class='ocrx_word' id='word_1_574' title='bbox 1292 1788 1314 1818; x_wconf 78' lang='grc' dir='ltr'><strong>ὦ</strong></span> <span class='ocrx_word' id='word_1_575' title='bbox 1333 1790 1408 1824; x_wconf 70' lang='grc' dir='ltr'>σοφὲ,</span> <span class='ocrx_word' id='word_1_576' title='bbox 1425 1789 1472 1816; x_wconf 68' lang='grc' dir='ltr'><strong>καὶ</strong></span> <span class='ocrx_word' id='word_1_577' title='bbox 1494 1787 1611 1823; x_wconf 71' lang='grc' dir='ltr'>πόλεμος</span> <span class='ocrx_word' id='word_1_578' title='bbox 1626 1784 1738 1821; x_wconf 73' lang='grc' dir='ltr'>εὖαγὴς,</span> <span class='ocrx_word' id='word_1_579' title='bbox 1762 1785 1810 1811; x_wconf 63' lang='grc' dir='ltr'><strong>καὶ</strong></span> <span class='ocrx_word' id='word_1_580' title='bbox 1826 1784 1920 1820; x_wconf 66' lang='grc' dir='ltr'><strong>εἰρήνη</strong></span> 
     </span>
    </p>
   </div>
   <div class='ocr_carea' id='block_1_78' title="bbox 1126 1829 1921 1875">
    <p class='ocr_par' dir='ltr' id='par_1_78' title="bbox 1126 1829 1921 1875">
     <span class='ocr_line' id='line_1_78' title="bbox 1126 1829 1921 1875; baseline -0.016 -8"><span class='ocrx_word' id='word_1_581' title='bbox 1126 1840 1216 1875; x_wconf 78' lang='grc' dir='ltr'>πάσης</span> <span class='ocrx_word' id='word_1_582' title='bbox 1224 1837 1357 1866; x_wconf 83' lang='grc' dir='ltr'>ἀσπόνδου</span> <span class='ocrx_word' id='word_1_583' title='bbox 1370 1836 1458 1871; x_wconf 81' lang='grc' dir='ltr'>μάχης</span> <span class='ocrx_word' id='word_1_584' title='bbox 1467 1832 1672 1869; x_wconf 78' lang='grc' dir='ltr'>ἀργαλεωτέρα,</span> <span class='ocrx_word' id='word_1_585' title='bbox 1686 1830 1758 1858; x_wconf 79' lang='grc' dir='ltr'>κατὰ</span> <span class='ocrx_word' id='word_1_586' title='bbox 1767 1830 1808 1856; x_wconf 79' lang='grc' dir='ltr'><strong>τό·</strong></span> <span class='ocrx_word' id='word_1_587' title='bbox 1823 1839 1831 1856; x_wconf 72' lang='grc' dir='ltr'><strong>ι</strong></span> <span class='ocrx_word' id='word_1_588' title='bbox 1843 1829 1921 1864; x_wconf 76' lang='grc' dir='ltr'><strong>Ἐζή-</strong></span> 
     </span>
    </p>
   </div>
   <div class='ocr_carea' id='block_1_79' title="bbox 1126 1875 1920 1916">
    <p class='ocr_par' dir='ltr' id='par_1_79' title="bbox 1126 1875 1920 1916">
     <span class='ocr_line' id='line_1_79' title="bbox 1126 1875 1920 1916; baseline -0.015 -4"><span class='ocrx_word' id='word_1_589' title='bbox 1126 1887 1201 1912; x_wconf 80' lang='grc' dir='ltr'>λωσα</span> <span class='ocrx_word' id='word_1_590' title='bbox 1222 1884 1268 1911; x_wconf 71' lang='grc' dir='ltr'>ἐπὶ</span> <span class='ocrx_word' id='word_1_591' title='bbox 1292 1884 1347 1914; x_wconf 79' lang='grc' dir='ltr'>τοῖς</span> <span class='ocrx_word' id='word_1_592' title='bbox 1375 1881 1498 1916; x_wconf 80' lang='grc' dir='ltr'>ἀνόμοις.</span> <span class='ocrx_word' id='word_1_593' title='bbox 1525 1879 1637 1915; x_wconf 82' lang='grc' dir='ltr'>είρήνην</span> <span class='ocrx_word' id='word_1_594' title='bbox 1661 1876 1834 1912; x_wconf 77' lang='grc' dir='ltr'>ἁμαρτωλῶν</span> <span class='ocrx_word' id='word_1_595' title='bbox 1856 1875 1920 1901; x_wconf 83' lang='grc' dir='ltr'><strong>θεω-</strong></span> 
     </span>
    </p>
   </div>
   <div class='ocr_carea' id='block_1_80' title="bbox 1128 1920 1921 1965">
    <p class='ocr_par' dir='ltr' id='par_1_80' title="bbox 1128 1920 1921 1965">
     <span class='ocr_line' id='line_1_80' title="bbox 1128 1920 1921 1965; baseline -0.013 -10"><span class='ocrx_word' id='word_1_596' title='bbox 1128 1929 1192 1965; x_wconf 82' lang='grc' dir='ltr'><strong>ρῶν.</strong></span> <span class='ocrx_word' id='word_1_597' title='bbox 1216 1937 1224 1953; x_wconf 75' lang='grc' dir='ltr'><strong>ι</strong></span> <span class='ocrx_word' id='word_1_598' title='bbox 1244 1926 1349 1963; x_wconf 74' lang='grc' dir='ltr'>Λῃσταὶ</span> <span class='ocrx_word' id='word_1_599' title='bbox 1374 1925 1423 1961; x_wconf 76' lang='grc' dir='ltr'><strong>μὲν</strong></span> <span class='ocrx_word' id='word_1_600' title='bbox 1449 1923 1504 1960; x_wconf 73' lang='grc' dir='ltr'>γὰρ</span> <span class='ocrx_word' id='word_1_601' title='bbox 1528 1923 1596 1958; x_wconf 65' lang='grc' dir='ltr'>προς</span> <span class='ocrx_word' id='word_1_602' title='bbox 1611 1921 1743 1957; x_wconf 76' lang='grc' dir='ltr'>ἀλλήλους</span> <span class='ocrx_word' id='word_1_603' title='bbox 1761 1920 1921 1946; x_wconf 78' lang='grc' dir='ltr'>σπένδονται</span> 
     </span>
    </p>
   </div>
   <div class='ocr_carea' id='block_1_81' title="bbox 1126 1965 1921 2008">
    <p class='ocr_par' dir='ltr' id='par_1_81' title="bbox 1126 1965 1921 2008">
     <span class='ocr_line' id='line_1_81' title="bbox 1126 1965 1921 2008; baseline -0.014 -6"><span class='ocrx_word' id='word_1_604' title='bbox 1126 1974 1198 2002; x_wconf 84' lang='grc' dir='ltr'>κατὰ</span> <span class='ocrx_word' id='word_1_605' title='bbox 1213 1974 1267 2001; x_wconf 84' lang='grc' dir='ltr'>τῶν</span> <span class='ocrx_word' id='word_1_606' title='bbox 1291 1972 1375 2008; x_wconf 75' lang='grc' dir='ltr'>μηδὲν</span> <span class='ocrx_word' id='word_1_607' title='bbox 1398 1970 1562 1998; x_wconf 73' lang='grc' dir='ltr'>ἀδικούντων</span> <span class='ocrx_word' id='word_1_608' title='bbox 1588 1968 1779 2002; x_wconf 73' lang='grc' dir='ltr'>ὀπλιζόμενοι·</span> <span class='ocrx_word' id='word_1_609' title='bbox 1799 1966 1878 1992; x_wconf 80' lang='grc' dir='ltr'>λύκοι</span> <span class='ocrx_word' id='word_1_610' title='bbox 1893 1965 1921 1991; x_wconf 75' lang='grc' dir='ltr'><strong>δὲ</strong></span> 
     </span>
    </p>
   </div>
   <div class='ocr_carea' id='block_1_82' title="bbox 1127 2012 1922 2056">
    <p class='ocr_par' dir='ltr' id='par_1_82' title="bbox 1127 2012 1922 2056">
     <span class='ocr_line' id='line_1_82' title="bbox 1127 2012 1922 2056; baseline -0.014 -8"><span class='ocrx_word' id='word_1_611' title='bbox 1127 2019 1370 2056; x_wconf 78' lang='grc' dir='ltr'>συναγελάζονται,</span> <span class='ocrx_word' id='word_1_612' title='bbox 1397 2018 1461 2045; x_wconf 80' lang='grc' dir='ltr'>ὅταν</span> <span class='ocrx_word' id='word_1_613' title='bbox 1482 2016 1606 2052; x_wconf 72' lang='grc' dir='ltr'>αἱμάτων</span> <span class='ocrx_word' id='word_1_614' title='bbox 1629 2014 1746 2049; x_wconf 79' lang='grc' dir='ltr'>διψῶσι·</span> <span class='ocrx_word' id='word_1_615' title='bbox 1768 2013 1816 2039; x_wconf 73' lang='grc' dir='ltr'>καὶ</span> <span class='ocrx_word' id='word_1_616' title='bbox 1840 2012 1855 2038; x_wconf 81' lang='grc'>6</span> <span class='ocrx_word' id='word_1_617' title='bbox 1875 2012 1922 2046; x_wconf 76' lang='grc' dir='ltr'><strong>μὲν</strong></span> 
     </span>
    </p>
   </div>
   <div class='ocr_carea' id='block_1_83' title="bbox 1129 2058 1923 2104">
    <p class='ocr_par' dir='ltr' id='par_1_83' title="bbox 1129 2058 1923 2104">
     <span class='ocr_line' id='line_1_83' title="bbox 1129 2058 1923 2104; baseline -0.014 -10"><span class='ocrx_word' id='word_1_618' title='bbox 1129 2067 1220 2104; x_wconf 72' lang='grc' dir='ltr'>μοιχὸς</span> <span class='ocrx_word' id='word_1_619' title='bbox 1233 2065 1367 2102; x_wconf 79' lang='grc' dir='ltr'>εῐρηνεύει</span> <span class='ocrx_word' id='word_1_620' title='bbox 1379 2065 1446 2100; x_wconf 78' lang='grc' dir='ltr'>πρὸς</span> <span class='ocrx_word' id='word_1_621' title='bbox 1462 2063 1510 2099; x_wconf 80' lang='grc' dir='ltr'><strong>τὴν</strong></span> <span class='ocrx_word' id='word_1_622' title='bbox 1524 2061 1723 2098; x_wconf 84' lang='grc' dir='ltr'>μοιχευομένην</span> <span class='ocrx_word' id='word_1_623' title='bbox 1736 2068 1742 2076; x_wconf 82' lang='grc'><em>”</em></span> <span class='ocrx_word' id='word_1_624' title='bbox 1752 2060 1766 2086; x_wconf 78' lang='grc' dir='ltr'>ὁ</span> <span class='ocrx_word' id='word_1_625' title='bbox 1780 2059 1810 2086; x_wconf 76' lang='grc' dir='ltr'>δὲ</span> <span class='ocrx_word' id='word_1_626' title='bbox 1825 2058 1923 2093; x_wconf 75' lang='grc' dir='ltr'>πόρνος</span> 
     </span>
    </p>
   </div>
   <div class='ocr_carea' id='block_1_84' title="bbox 1128 2105 1923 2150">
    <p class='ocr_par' dir='ltr' id='par_1_84' title="bbox 1128 2105 1923 2150">
     <span class='ocr_line' id='line_1_84' title="bbox 1128 2105 1923 2150; baseline -0.014 -9"><span class='ocrx_word' id='word_1_627' title='bbox 1128 2114 1196 2150; x_wconf 67' lang='grc' dir='ltr'>πρὸς</span> <span class='ocrx_word' id='word_1_628' title='bbox 1209 2113 1257 2148; x_wconf 85' lang='grc' dir='ltr'>τὴν</span> <span class='ocrx_word' id='word_1_629' title='bbox 1273 2111 1483 2146; x_wconf 75' lang='grc' dir='ltr'>πορνευομένην.</span> <span class='ocrx_word' id='word_1_630' title='bbox 1496 2109 1542 2144; x_wconf 82' lang='grc' dir='ltr'><strong>Μὴ</strong></span> <span class='ocrx_word' id='word_1_631' title='bbox 1559 2108 1649 2135; x_wconf 85' lang='grc' dir='ltr'>τοίνυν</span> <span class='ocrx_word' id='word_1_632' title='bbox 1664 2105 1806 2141; x_wconf 78' lang='grc' dir='ltr'>πανταχοῦ</span> <span class='ocrx_word' id='word_1_633' title='bbox 1817 2105 1868 2140; x_wconf 76' lang='grc' dir='ltr'><strong>τὴν</strong></span> <span class='ocrx_word' id='word_1_634' title='bbox 1883 2105 1923 2131; x_wconf 71' lang='grc' dir='ltr'><strong>εἰσ</strong></span> 
     </span>
    </p>
   </div>
   <div class='ocr_carea' id='block_1_85' title="bbox 1129 2150 1923 2197">
    <p class='ocr_par' dir='ltr' id='par_1_85' title="bbox 1129 2150 1923 2197">
     <span class='ocr_line' id='line_1_85' title="bbox 1129 2150 1923 2197; baseline -0.014 -10"><span class='ocrx_word' id='word_1_635' title='bbox 1129 2161 1213 2197; x_wconf 85' lang='grc' dir='ltr'>ρήνην</span> <span class='ocrx_word' id='word_1_636' title='bbox 1223 2158 1315 2195; x_wconf 77' lang='grc' dir='ltr'>νόμιζε</span> <span class='ocrx_word' id='word_1_637' title='bbox 1327 2155 1397 2185; x_wconf 83' lang='grc' dir='ltr'>εῐναι</span> <span class='ocrx_word' id='word_1_638' title='bbox 1409 2156 1502 2184; x_wconf 81' lang='grc' dir='ltr'>καλόν.</span> <span class='ocrx_word' id='word_1_639' title='bbox 1516 2155 1595 2181; x_wconf 83' lang='grc' dir='ltr'>Ἐστι</span> <span class='ocrx_word' id='word_1_640' title='bbox 1607 2153 1661 2188; x_wconf 82' lang='grc' dir='ltr'>γὰρ</span> <span class='ocrx_word' id='word_1_641' title='bbox 1673 2152 1808 2183; x_wconf 81' lang='grc' dir='ltr'>πολλάκις</span> <span class='ocrx_word' id='word_1_642' title='bbox 1822 2150 1923 2181; x_wconf 66' lang='grc' dir='ltr'>παντὸς</span> 
     </span>
    </p>
   </div>
   <div class='ocr_carea' id='block_1_86' title="bbox 1128 2197 1923 2241">
    <p class='ocr_par' dir='ltr' id='par_1_86' title="bbox 1128 2197 1923 2241">
     <span class='ocr_line' id='line_1_86' title="bbox 1128 2197 1923 2241; baseline -0.014 -8"><span class='ocrx_word' id='word_1_643' title='bbox 1128 2206 1249 2241; x_wconf 83' lang='grc' dir='ltr'>πολέμου</span> <span class='ocrx_word' id='word_1_644' title='bbox 1265 2203 1453 2240; x_wconf 83' lang='grc' dir='ltr'>χαλεπωτέρα.</span> <span class='ocrx_word' id='word_1_645' title='bbox 1467 2201 1553 2228; x_wconf 83' lang='grc' dir='ltr'>Ὀταν</span> <span class='ocrx_word' id='word_1_646' title='bbox 1568 2199 1620 2236; x_wconf 80' lang='grc' dir='ltr'>γάρ</span> <span class='ocrx_word' id='word_1_647' title='bbox 1638 2207 1679 2231; x_wconf 82' lang='grc' dir='ltr'><strong>τις</strong></span> <span class='ocrx_word' id='word_1_648' title='bbox 1693 2198 1763 2234; x_wconf 76' lang='grc' dir='ltr'>πρὸς</span> <span class='ocrx_word' id='word_1_649' title='bbox 1778 2198 1842 2229; x_wconf 69' lang='grc' dir='ltr'>τοὺς</span> <span class='ocrx_word' id='word_1_650' title='bbox 1854 2197 1923 2223; x_wconf 71' lang='grc' dir='ltr'>κατὰ</span> 
     </span>
    </p>
   </div>
   <div class='ocr_carea' id='block_1_87' title="bbox 1127 2243 1923 2287">
    <p class='ocr_par' dir='ltr' id='par_1_87' title="bbox 1127 2243 1923 2287">
     <span class='ocr_line' id='line_1_87' title="bbox 1127 2243 1923 2287; baseline -0.014 -8"><span class='ocrx_word' id='word_1_651' title='bbox 1127 2253 1176 2287; x_wconf 81' lang='grc' dir='ltr'>τῆς</span> <span class='ocrx_word' id='word_1_652' title='bbox 1194 2250 1321 2287; x_wconf 78' lang='grc' dir='ltr'>προνοίας</span> <span class='ocrx_word' id='word_1_653' title='bbox 1338 2248 1522 2279; x_wconf 81' lang='grc' dir='ltr'>ὺλακτοῦντας</span> <span class='ocrx_word' id='word_1_654' title='bbox 1546 2245 1686 2282; x_wconf 81' lang='grc' dir='ltr'><strong>εἰρηνεύῃ,</strong></span> <span class='ocrx_word' id='word_1_655' title='bbox 1710 2245 1757 2271; x_wconf 72' lang='grc' dir='ltr'><strong>καὶ</strong></span> <span class='ocrx_word' id='word_1_656' title='bbox 1770 2244 1840 2279; x_wconf 65' lang='grc' dir='ltr'>πρὸς</span> <span class='ocrx_word' id='word_1_657' title='bbox 1861 2243 1923 2274; x_wconf 72' lang='grc' dir='ltr'>τοὺς</span> 
     </span>
    </p>
   </div>
   <div class='ocr_carea' id='block_1_88' title="bbox 290 2290 1070 2334">
    <p class='ocr_par' dir='ltr' id='par_1_88' title="bbox 290 2299 1070 2334">
     <span class='ocr_line' id='line_1_88' title="bbox 290 2299 1070 2334; baseline -0.001 -7"><span class='ocrx_word' id='word_1_658' title='bbox 290 2300 418 2333; x_wconf 89' lang='lat' dir='ltr'><strong>minibus,</strong></span> <span class='ocrx_word' id='word_1_659' title='bbox 435 2299 481 2334; x_wconf 91' lang='lat' dir='ltr'><strong>qui</strong></span> <span class='ocrx_word' id='word_1_660' title='bbox 494 2301 623 2328; x_wconf 88' lang='lat' dir='ltr'><strong>adversus</strong></span> <span class='ocrx_word' id='word_1_661' title='bbox 634 2300 838 2328; x_wconf 84' lang='lat' dir='ltr'><strong>Providentiam</strong></span> <span class='ocrx_word' id='word_1_662' title='bbox 852 2300 961 2332; x_wconf 84' lang='lat' dir='ltr'><strong>latrant,</strong></span> <span class='ocrx_word' id='word_1_663' title='bbox 972 2305 998 2327; x_wconf 92' lang='lat' dir='ltr'><strong>et</strong></span> <span class='ocrx_word' id='word_1_664' title='bbox 1014 2307 1070 2328; x_wconf 92' lang='lat' dir='ltr'><strong>cum</strong></span> 
     </span>
    </p>
   </div>
   <div class='ocr_carea' id='block_1_89' title="bbox 1122 2290 1923 2334">
    <p class='ocr_par' dir='ltr' id='par_1_89' title="bbox 1129 2290 1923 2332">
     <span class='ocr_line' id='line_1_89' title="bbox 1129 2290 1923 2332; baseline -0.01 -8"><span class='ocrx_word' id='word_1_665' title='bbox 1129 2299 1186 2330; x_wconf 86' lang='grc' dir='ltr'>τοῖς</span> <span class='ocrx_word' id='word_1_666' title='bbox 1197 2297 1265 2332; x_wconf 84' lang='grc' dir='ltr'>βίοις</span> <span class='ocrx_word' id='word_1_667' title='bbox 1276 2295 1402 2332; x_wconf 81' lang='grc' dir='ltr'>ἀχρείους</span> <span class='ocrx_word' id='word_1_668' title='bbox 1417 2294 1465 2329; x_wconf 83' lang='grc' dir='ltr'>τὴν</span> <span class='ocrx_word' id='word_1_669' title='bbox 1475 2293 1568 2329; x_wconf 85' lang='grc' dir='ltr'>κοινὴν</span> <span class='ocrx_word' id='word_1_670' title='bbox 1581 2292 1719 2328; x_wconf 81' lang='grc' dir='ltr'>λοχῶντας</span> <span class='ocrx_word' id='word_1_671' title='bbox 1735 2291 1782 2318; x_wconf 72' lang='grc' dir='ltr'>καὶ</span> <span class='ocrx_word' id='word_1_672' title='bbox 1794 2290 1923 2324; x_wconf 77' lang='grc' dir='ltr'>λυμαινο-</span> 
     </span>
    </p>
   </div>
   <div class='ocr_carea' id='block_1_90' title="bbox 288 2345 1075 2380">
    <p class='ocr_par' dir='ltr' id='par_1_90' title="bbox 288 2345 1075 2380">
     <span class='ocr_line' id='line_1_90' title="bbox 288 2345 1075 2380; baseline 0 -8"><span class='ocrx_word' id='word_1_673' title='bbox 288 2345 322 2372; x_wconf 87' lang='lat' dir='ltr'><strong>iis</strong></span> <span class='ocrx_word' id='word_1_674' title='bbox 335 2345 379 2379; x_wconf 89' lang='lat' dir='ltr'><strong>qui</strong></span> <span class='ocrx_word' id='word_1_675' title='bbox 394 2345 446 2372; x_wconf 84' lang='lat' dir='ltr'><strong>vita</strong></span> <span class='ocrx_word' id='word_1_676' title='bbox 461 2345 560 2373; x_wconf 80' lang='lat' dir='ltr'><strong>nullius</strong></span> <span class='ocrx_word' id='word_1_677' title='bbox 574 2346 654 2380; x_wconf 87' lang='lat' dir='ltr'><strong>pretii</strong></span> <span class='ocrx_word' id='word_1_678' title='bbox 670 2351 752 2380; x_wconf 82' lang='lat' dir='ltr'><strong>atque</strong></span> <span class='ocrx_word' id='word_1_679' title='bbox 769 2346 890 2380; x_wconf 87' lang='lat' dir='ltr'><strong>improba</strong></span> <span class='ocrx_word' id='word_1_680' title='bbox 905 2353 1075 2374; x_wconf 83' lang='lat' dir='ltr'><strong>communem</strong></span> 
     </span>
    </p>
   </div>
   <div class='ocr_carea' id='block_1_91' title="bbox 288 2390 1077 2426">
    <p class='ocr_par' dir='ltr' id='par_1_91' title="bbox 288 2390 1077 2426">
     <span class='ocr_line' id='line_1_91' title="bbox 288 2390 1077 2426; baseline 0.003 -10"><span class='ocrx_word' id='word_1_681' title='bbox 288 2391 369 2417; x_wconf 87' lang='lat' dir='ltr'><strong>vitam</strong></span> <span class='ocrx_word' id='word_1_682' title='bbox 388 2390 511 2425; x_wconf 88' lang='lat' dir='ltr'><strong>polluunt</strong></span> <span class='ocrx_word' id='word_1_683' title='bbox 535 2395 563 2418; x_wconf 91' lang='lat' dir='ltr'><strong>et</strong></span> <span class='ocrx_word' id='word_1_684' title='bbox 584 2395 700 2425; x_wconf 85' lang='lat' dir='ltr'><strong>vastant,</strong></span> <span class='ocrx_word' id='word_1_685' title='bbox 717 2390 804 2420; x_wconf 72' lang='lat' dir='ltr'><strong>fmdus</strong></span> <span class='ocrx_word' id='word_1_686' title='bbox 831 2391 894 2419; x_wconf 84' lang='lat' dir='ltr'><strong>ferit</strong></span> <span class='ocrx_word' id='word_1_687' title='bbox 912 2391 975 2419; x_wconf 88' lang='lat' dir='ltr'><strong>:hic</strong></span> <span class='ocrx_word' id='word_1_688' title='bbox 997 2391 1077 2426; x_wconf 74' lang='lat' dir='ltr'><strong>longe</strong></span> 
     </span>
    </p>
   </div>
   <div class='ocr_carea' id='block_1_92' title="bbox 287 2436 1076 2472">
    <p class='ocr_par' dir='ltr' id='par_1_92' title="bbox 287 2436 1076 2472">
     <span class='ocr_line' id='line_1_92' title="bbox 287 2436 1076 2472; baseline 0.001 -9"><span class='ocrx_word' id='word_1_689' title='bbox 287 2437 418 2471; x_wconf 81' lang='lat' dir='ltr'><strong>longeque</strong></span> <span class='ocrx_word' id='word_1_690' title='bbox 435 2443 449 2463; x_wconf 91' lang='lat' dir='ltr'><strong>a</strong></span> <span class='ocrx_word' id='word_1_691' title='bbox 461 2436 534 2471; x_wconf 88' lang='lat' dir='ltr'><strong>pacis</strong></span> <span class='ocrx_word' id='word_1_692' title='bbox 548 2437 671 2464; x_wconf 89' lang='lat' dir='ltr'><strong>terminis</strong></span> <span class='ocrx_word' id='word_1_693' title='bbox 680 2437 819 2465; x_wconf 88' lang='lat' dir='ltr'><strong>submotus</strong></span> <span class='ocrx_word' id='word_1_694' title='bbox 831 2437 912 2472; x_wconf 77' lang='lat' dir='ltr'><strong>degit.</strong></span> <span class='ocrx_word' id='word_1_695' title='bbox 922 2436 986 2470; x_wconf 71' lang='lat' dir='ltr'><strong>Qua:</strong></span> <span class='ocrx_word' id='word_1_696' title='bbox 995 2444 1076 2464; x_wconf 85' lang='lat' dir='ltr'><strong>causa</strong></span> 
     </span>
    </p>
   </div>
   <div class='ocr_carea' id='block_1_93' title="bbox 287 2482 1076 2518">
    <p class='ocr_par' dir='ltr' id='par_1_93' title="bbox 287 2482 1076 2518">
     <span class='ocr_line' id='line_1_93' title="bbox 287 2482 1076 2518; baseline 0 -10"><span class='ocrx_word' id='word_1_697' title='bbox 287 2489 394 2517; x_wconf 85' lang='lat' dir='ltr'><strong>quoque</strong></span> <span class='ocrx_word' id='word_1_698' title='bbox 409 2486 449 2509; x_wconf 87' lang='lat' dir='ltr'><strong>est</strong></span> <span class='ocrx_word' id='word_1_699' title='bbox 466 2490 516 2516; x_wconf 85' lang='lat' dir='ltr'><strong>cur</strong></span> <span class='ocrx_word' id='word_1_700' title='bbox 533 2482 632 2510; x_wconf 81' lang='lat' dir='ltr'><strong>Paulus</strong></span> <span class='ocrx_word' id='word_1_701' title='bbox 654 2483 753 2510; x_wconf 82' lang='lat' dir='ltr'><strong>dixerit</strong></span> <span class='ocrx_word' id='word_1_702' title='bbox 773 2491 780 2510; x_wconf 93' lang='lat'><strong>:</strong></span> <span class='ocrx_word' id='word_1_703' title='bbox 809 2492 818 2510; x_wconf 85' lang='grc' dir='ltr'><strong>ι</strong></span> <span class='ocrx_word' id='word_1_704' title='bbox 848 2482 877 2510; x_wconf 85' lang='lat' dir='ltr'><strong>Si</strong></span> <span class='ocrx_word' id='word_1_705' title='bbox 894 2483 952 2510; x_wconf 82' lang='lat' dir='ltr'><strong>fleri</strong></span> <span class='ocrx_word' id='word_1_706' title='bbox 977 2486 1076 2518; x_wconf 86' lang='lat' dir='ltr'><strong>potest,</strong></span> 
     </span>
    </p>
   </div>
   <div class='ocr_carea' id='block_1_94' title="bbox 287 2528 1074 2563">
    <p class='ocr_par' dir='ltr' id='par_1_94' title="bbox 287 2528 1074 2563">
     <span class='ocr_line' id='line_1_94' title="bbox 287 2528 1074 2563; baseline 0.003 -9"><span class='ocrx_word' id='word_1_707' title='bbox 287 2528 358 2563; x_wconf 85' lang='lat' dir='ltr'><strong>quod</strong></span> <span class='ocrx_word' id='word_1_708' title='bbox 374 2528 399 2554; x_wconf 90' lang='lat' dir='ltr'><strong>in</strong></span> <span class='ocrx_word' id='word_1_709' title='bbox 413 2528 489 2555; x_wconf 88' lang='lat' dir='ltr'><strong>vobis</strong></span> <span class='ocrx_word' id='word_1_710' title='bbox 512 2533 568 2559; x_wconf 91' lang='lat' dir='ltr'><strong>est,</strong></span> <span class='ocrx_word' id='word_1_711' title='bbox 591 2535 651 2555; x_wconf 90' lang='lat' dir='ltr'><strong>cum</strong></span> <span class='ocrx_word' id='word_1_712' title='bbox 668 2529 793 2556; x_wconf 88' lang='lat' dir='ltr'><strong>omnibus</strong></span> <span class='ocrx_word' id='word_1_713' title='bbox 810 2528 963 2556; x_wconf 87' lang='lat' dir='ltr'><strong>hominibus</strong></span> <span class='ocrx_word' id='word_1_714' title='bbox 981 2535 1074 2563; x_wconf 82' lang='lat' dir='ltr'><strong>pacem</strong></span> 
     </span>
    </p>
   </div>
   <div class='ocr_carea' id='block_1_95' title="bbox 288 2573 1075 2607">
    <p class='ocr_par' dir='ltr' id='par_1_95' title="bbox 288 2573 1075 2607">
     <span class='ocr_line' id='line_1_95' title="bbox 288 2573 1075 2607; baseline 0 -6"><span class='ocrx_word' id='word_1_715' title='bbox 288 2573 450 2601; x_wconf 86' lang='lat' dir='ltr'><strong>babentes&#39;.</strong></span> <span class='ocrx_word' id='word_1_716' title='bbox 471 2582 480 2599; x_wconf 80' lang='grc' dir='ltr'><strong>ι</strong></span> <span class='ocrx_word' id='word_1_717' title='bbox 506 2573 593 2602; x_wconf 89' lang='lat' dir='ltr'><strong>Probe</strong></span> <span class='ocrx_word' id='word_1_718' title='bbox 618 2574 691 2601; x_wconf 79' lang='lat' dir='ltr'><strong>enim</strong></span> <span class='ocrx_word' id='word_1_719' title='bbox 721 2579 843 2607; x_wconf 83' lang='lat' dir='ltr'><strong>noverat,</strong></span> <span class='ocrx_word' id='word_1_720' title='bbox 862 2575 996 2602; x_wconf 88' lang='lat' dir='ltr'><strong>interdum</strong></span> <span class='ocrx_word' id='word_1_721' title='bbox 1017 2573 1075 2601; x_wconf 83' lang='lat' dir='ltr'><strong>ﬂeri</strong></span> 
     </span>
    </p>
   </div>
   <div class='ocr_carea' id='block_1_96' title="bbox 288 2626 447 2654">
    <p class='ocr_par' dir='ltr' id='par_1_96' title="bbox 288 2626 447 2654">
     <span class='ocr_line' id='line_1_96' title="bbox 288 2626 447 2654; baseline 0 -8"><span class='ocrx_word' id='word_1_722' title='bbox 288 2626 342 2647; x_wconf 93' lang='lat' dir='ltr'><strong>non</strong></span> <span class='ocrx_word' id='word_1_723' title='bbox 359 2626 447 2654; x_wconf 85' lang='lat' dir='ltr'><strong>posse.</strong></span> 
     </span>
    </p>
   </div>
   <div class='ocr_carea' id='block_1_97' title="bbox 416 2663 944 2693">
    <p class='ocr_par' dir='ltr' id='par_1_97' title="bbox 416 2663 944 2693">
     <span class='ocr_line' id='line_1_97' title="bbox 416 2663 944 2693; baseline 0.002 -2"><span class='ocrx_word' id='word_1_724' title='bbox 416 2663 549 2692; x_wconf 77' lang='lat' dir='ltr'><strong>XXXVII.</strong></span> <span class='ocrx_word' id='word_1_725' title='bbox 565 2679 595 2684; x_wconf 94' lang='lat'><strong>-—</strong></span> <span class='ocrx_word' id='word_1_726' title='bbox 614 2663 769 2692; x_wconf 82' lang='lat' dir='ltr'><strong>EUTONIO</strong></span> <span class='ocrx_word' id='word_1_727' title='bbox 786 2664 944 2693; x_wconf 74' lang='lat' dir='ltr'><strong>DlACONO.</strong></span> 
     </span>
    </p>
   </div>
   <div class='ocr_carea' id='block_1_98' title="bbox 415 2708 948 2744">
    <p class='ocr_par' dir='ltr' id='par_1_98' title="bbox 415 2708 948 2744">
     <span class='ocr_line' id='line_1_98' title="bbox 415 2708 948 2744; baseline 0.002 -9"><span class='ocrx_word' id='word_1_728' title='bbox 415 2708 541 2744; x_wconf 76' lang='lat' dir='ltr'><strong>Ejusdem</strong></span> <span class='ocrx_word' id='word_1_729' title='bbox 563 2717 621 2736; x_wconf 82' lang='lat' dir='ltr'><strong>cum</strong></span> <span class='ocrx_word' id='word_1_730' title='bbox 640 2710 773 2744; x_wconf 72' lang='lat' dir='ltr'><strong>superiore</strong></span> <span class='ocrx_word' id='word_1_731' title='bbox 788 2710 948 2744; x_wconf 79' lang='lat' dir='ltr'><strong>argumenti.</strong></span> 
     </span>
    </p>
   </div>
   <div class='ocr_carea' id='block_1_99' title="bbox 323 2755 1092 2792">
    <p class='ocr_par' dir='ltr' id='par_1_99' title="bbox 323 2755 1092 2792">
     <span class='ocr_line' id='line_1_99' title="bbox 323 2755 1092 2792; baseline 0.001 -10"><span class='ocrx_word' id='word_1_732' title='bbox 323 2755 436 2790; x_wconf 89' lang='lat' dir='ltr'><strong>Oportet</strong></span> <span class='ocrx_word' id='word_1_733' title='bbox 451 2764 505 2783; x_wconf 85' lang='lat' dir='ltr'><strong>non</strong></span> <span class='ocrx_word' id='word_1_734' title='bbox 522 2763 585 2792; x_wconf 70' lang='lat' dir='ltr'><strong>erga</strong></span> <span class='ocrx_word' id='word_1_735' title='bbox 600 2763 659 2788; x_wconf 82' lang='lat' dir='ltr'><strong>eos,</strong></span> <span class='ocrx_word' id='word_1_736' title='bbox 683 2757 728 2790; x_wconf 90' lang='lat' dir='ltr'><strong>qui</strong></span> <span class='ocrx_word' id='word_1_737' title='bbox 746 2757 772 2783; x_wconf 93' lang='lat' dir='ltr'><strong>in</strong></span> <span class='ocrx_word' id='word_1_738' title='bbox 795 2757 908 2792; x_wconf 76' lang='lat' dir='ltr'><strong>gratiam</strong></span> <span class='ocrx_word' id='word_1_739' title='bbox 926 2756 1014 2784; x_wconf 89' lang='lat' dir='ltr'><strong>redire</strong></span> <span class='ocrx_word' id='word_1_740' title='bbox 1027 2763 1092 2783; x_wconf 48' lang='grc' dir='ltr'><strong>ηομ</strong></span> 
     </span>
    </p>
   </div>
   <div class='ocr_carea' id='block_1_100' title="bbox 288 2799 1078 2838">
    <p class='ocr_par' dir='ltr' id='par_1_100' title="bbox 288 2799 1078 2838">
     <span class='ocr_line' id='line_1_100' title="bbox 288 2799 1078 2838; baseline 0.003 -11"><span class='ocrx_word' id='word_1_741' title='bbox 288 2799 358 2834; x_wconf 85' lang='lat' dir='ltr'><strong>lunt,</strong></span> <span class='ocrx_word' id='word_1_742' title='bbox 378 2801 574 2838; x_wconf 84' lang='lat' dir='ltr'><strong>implacabilem</strong></span> <span class='ocrx_word' id='word_1_743' title='bbox 586 2810 662 2835; x_wconf 87' lang='lat' dir='ltr'><strong>esse,</strong></span> <span class='ocrx_word' id='word_1_744' title='bbox 676 2803 723 2830; x_wconf 86' lang='lat' dir='ltr'><strong>sed</strong></span> <span class='ocrx_word' id='word_1_745' title='bbox 747 2803 852 2838; x_wconf 86' lang='lat' dir='ltr'><strong>potius,</strong></span> <span class='ocrx_word' id='word_1_746' title='bbox 875 2807 1003 2838; x_wconf 84' lang='lat' dir='ltr'><strong>qmmtnm</strong></span> <span class='ocrx_word' id='word_1_747' title='bbox 1020 2803 1078 2838; x_wconf 85' lang='lat' dir='ltr'><strong>qui-</strong></span> 
     </span>
    </p>
   </div>
   <div class='ocr_carea' id='block_1_101' title="bbox 335 2879 664 2915">
    <p class='ocr_par' dir='ltr' id='par_1_101' title="bbox 335 2879 664 2915">
     <span class='ocr_line' id='line_1_101' title="bbox 335 2879 664 2915; baseline 0.003 -8"><span class='ocrx_word' id='word_1_748' title='bbox 335 2880 357 2897; x_wconf 85' lang='lat'><strong><em>&quot;</em></strong></span> <span class='ocrx_word' id='word_1_749' title='bbox 375 2879 395 2907; x_wconf 89' lang='lat' dir='ltr'>ll</span> <span class='ocrx_word' id='word_1_750' title='bbox 408 2880 474 2915; x_wconf 73' lang='lat' dir='ltr'><strong>Reg.</strong></span> <span class='ocrx_word' id='word_1_751' title='bbox 491 2889 540 2914; x_wconf 81' lang='lat' dir='ltr'><strong>xu,</strong></span> <span class='ocrx_word' id='word_1_752' title='bbox 562 2881 570 2908; x_wconf 95' lang='lat' dir='ltr'><strong>I</strong></span> <span class='ocrx_word' id='word_1_753' title='bbox 590 2888 664 2915; x_wconf 80' lang='lat' dir='ltr'><strong>seqq.</strong></span> 
     </span>
    </p>
   </div>
   <div class='ocr_carea' id='block_1_102' title="bbox 704 2880 1300 2917">
    <p class='ocr_par' dir='ltr' id='par_1_102' title="bbox 704 2880 1300 2917">
     <span class='ocr_line' id='line_1_102' title="bbox 704 2880 1300 2917; baseline 0 -10"><span class='ocrx_word' id='word_1_754' title='bbox 704 2881 736 2896; x_wconf 63' lang='lat' dir='ltr'><strong><em>W</em></strong></span> <span class='ocrx_word' id='word_1_755' title='bbox 757 2880 775 2907; x_wconf 92' lang='lat' dir='ltr'><strong>ll</strong></span> <span class='ocrx_word' id='word_1_756' title='bbox 797 2880 861 2917; x_wconf 63' lang='lat' dir='ltr'><strong>Reg.</strong></span> <span class='ocrx_word' id='word_1_757' title='bbox 878 2888 921 2908; x_wconf 78' lang='lat' dir='ltr'><strong>xtv</strong></span> <span class='ocrx_word' id='word_1_758' title='bbox 937 2884 963 2909; x_wconf 82' lang='lat' dir='ltr'><strong>et</strong></span> <span class='ocrx_word' id='word_1_759' title='bbox 979 2889 1021 2908; x_wconf 83' lang='lat' dir='ltr'><strong>xv.</strong></span> <span class='ocrx_word' id='word_1_760' title='bbox 1060 2880 1082 2897; x_wconf 84' lang='grc'><strong>’⁷</strong></span> <span class='ocrx_word' id='word_1_761' title='bbox 1098 2880 1176 2908; x_wconf 78' lang='lat' dir='ltr'><strong>llum.</strong></span> <span class='ocrx_word' id='word_1_762' title='bbox 1193 2888 1240 2913; x_wconf 78' lang='grc' dir='ltr'>λιι,</span> <span class='ocrx_word' id='word_1_763' title='bbox 1260 2880 1300 2907; x_wconf 77' lang='grc'><strong>18.</strong></span> 
     </span>
    </p>
   </div>
   <div class='ocr_carea' id='block_1_103' title="bbox 1131 2334 1922 2379">
    <p class='ocr_par' dir='ltr' id='par_1_103' title="bbox 1131 2334 1922 2379">
     <span class='ocr_line' id='line_1_103' title="bbox 1131 2334 1922 2379; baseline -0.014 -9"><span class='ocrx_word' id='word_1_764' title='bbox 1131 2343 1228 2379; x_wconf 79' lang='grc' dir='ltr'>μένους</span> <span class='ocrx_word' id='word_1_765' title='bbox 1240 2341 1377 2368; x_wconf 84' lang='grc' dir='ltr'>πολιτείαν</span> <span class='ocrx_word' id='word_1_766' title='bbox 1396 2338 1544 2374; x_wconf 85' lang='grc' dir='ltr'>σπένδηται</span> <span class='ocrx_word' id='word_1_767' title='bbox 1556 2345 1562 2352; x_wconf 89' lang='grc'><strong>·</strong></span> <span class='ocrx_word' id='word_1_768' title='bbox 1578 2334 1656 2368; x_wconf 70' lang='grc' dir='ltr'>οὗτος</span> <span class='ocrx_word' id='word_1_769' title='bbox 1671 2335 1726 2362; x_wconf 86' lang='grc' dir='ltr'>τῶν</span> <span class='ocrx_word' id='word_1_770' title='bbox 1742 2335 1792 2370; x_wconf 73' lang='grc' dir='ltr'><strong>τῆ..</strong></span> <span class='ocrx_word' id='word_1_771' title='bbox 1811 2334 1922 2369; x_wconf 66' lang='grc' dir='ltr'><strong>εἰρήνης</strong></span> 
     </span>
    </p>
   </div>
   <div class='ocr_carea' id='block_1_104' title="bbox 1128 2378 1922 2425">
    <p class='ocr_par' dir='ltr' id='par_1_104' title="bbox 1128 2378 1922 2425">
     <span class='ocr_line' id='line_1_104' title="bbox 1128 2378 1922 2425; baseline -0.016 -9"><span class='ocrx_word' id='word_1_772' title='bbox 1128 2378 1200 2425; x_wconf 71' lang='grc' dir='ltr'>ὅρων</span> <span class='ocrx_word' id='word_1_773' title='bbox 1215 2388 1309 2424; x_wconf 80' lang='grc' dir='ltr'>πόῤῥω</span> <span class='ocrx_word' id='word_1_774' title='bbox 1327 2395 1378 2413; x_wconf 83' lang='grc' dir='ltr'><strong>που</strong></span> <span class='ocrx_word' id='word_1_775' title='bbox 1404 2385 1558 2420; x_wconf 82' lang='grc' dir='ltr'>ὲσκήνωται</span> <span class='ocrx_word' id='word_1_776' title='bbox 1577 2383 1624 2410; x_wconf 83' lang='grc' dir='ltr'>καὶ</span> <span class='ocrx_word' id='word_1_777' title='bbox 1642 2381 1762 2417; x_wconf 85' lang='grc' dir='ltr'>μακράν.</span> <span class='ocrx_word' id='word_1_778' title='bbox 1795 2380 1835 2406; x_wconf 81' lang='grc' dir='ltr'><strong>Δι’</strong></span> <span class='ocrx_word' id='word_1_779' title='bbox 1852 2379 1866 2405; x_wconf 80' lang='grc' dir='ltr'><strong>ὃ</strong></span> <span class='ocrx_word' id='word_1_780' title='bbox 1877 2378 1922 2404; x_wconf 73' lang='grc' dir='ltr'>καὶ</span> 
     </span>
    </p>
   </div>
   <div class='ocr_carea' id='block_1_105' title="bbox 1128 2424 1922 2468">
    <p class='ocr_par' dir='ltr' id='par_1_105' title="bbox 1128 2424 1922 2468">
     <span class='ocr_line' id='line_1_105' title="bbox 1128 2424 1922 2468; baseline -0.015 -6"><span class='ocrx_word' id='word_1_781' title='bbox 1128 2424 1150 2462; x_wconf 18' lang='grc' dir='ltr'><strong>όν</strong></span> <span class='ocrx_word' id='word_1_782' title='bbox 1167 2435 1273 2466; x_wconf 78' lang='grc' dir='ltr'>Παῦλος</span> <span class='ocrx_word' id='word_1_783' title='bbox 1288 2433 1400 2468; x_wconf 74' lang='grc' dir='ltr'>ἕλεγενς</span> <span class='ocrx_word' id='word_1_784' title='bbox 1419 2441 1428 2458; x_wconf 82' lang='grc' dir='ltr'><strong>ι</strong></span> <span class='ocrx_word' id='word_1_785' title='bbox 1450 2432 1483 2459; x_wconf 77' lang='lat' dir='ltr'><strong>Et</strong></span> <span class='ocrx_word' id='word_1_786' title='bbox 1509 2429 1622 2457; x_wconf 73' lang='grc' dir='ltr'>δυνατὸν</span> <span class='ocrx_word' id='word_1_787' title='bbox 1645 2428 1676 2455; x_wconf 78' lang='grc' dir='ltr'>τὸ</span> <span class='ocrx_word' id='word_1_788' title='bbox 1701 2427 1732 2460; x_wconf 73' lang='grc' dir='ltr'>ἐξ</span> <span class='ocrx_word' id='word_1_789' title='bbox 1757 2426 1838 2462; x_wconf 82' lang='grc' dir='ltr'>ὑμῶν</span> <span class='ocrx_word' id='word_1_790' title='bbox 1857 2424 1922 2461; x_wconf 82' lang='grc' dir='ltr'><strong>μετά</strong></span> 
     </span>
    </p>
   </div>
   <div class='ocr_carea' id='block_1_106' title="bbox 1128 2470 1922 2516">
    <p class='ocr_par' dir='ltr' id='par_1_106' title="bbox 1128 2470 1922 2516">
     <span class='ocr_line' id='line_1_106' title="bbox 1128 2470 1922 2516; baseline -0.016 -7"><span class='ocrx_word' id='word_1_791' title='bbox 1128 2482 1237 2508; x_wconf 81' lang='grc' dir='ltr'>πάντων</span> <span class='ocrx_word' id='word_1_792' title='bbox 1257 2479 1408 2516; x_wconf 84' lang='grc' dir='ltr'>ἀνθρώπων</span> <span class='ocrx_word' id='word_1_793' title='bbox 1431 2476 1626 2514; x_wconf 82' lang='grc' dir='ltr'>εἰρηνεύοντες.</span> <span class='ocrx_word' id='word_1_794' title='bbox 1648 2484 1657 2501; x_wconf 85' lang='grc'><strong>›</strong></span> <span class='ocrx_word' id='word_1_795' title='bbox 1676 2472 1775 2508; x_wconf 78' lang='grc' dir='ltr'>Σαφῶς</span> <span class='ocrx_word' id='word_1_796' title='bbox 1808 2472 1863 2507; x_wconf 75' lang='grc' dir='ltr'><strong>γὰρ</strong></span> <span class='ocrx_word' id='word_1_797' title='bbox 1878 2470 1922 2497; x_wconf 72' lang='grc' dir='ltr'>τεί-</span> 
     </span>
    </p>
   </div>
   <div class='ocr_carea' id='block_1_107' title="bbox 1128 2521 1635 2560">
    <p class='ocr_par' dir='ltr' id='par_1_107' title="bbox 1128 2521 1635 2560">
     <span class='ocr_line' id='line_1_107' title="bbox 1128 2521 1635 2560; baseline -0.012 -6"><span class='ocrx_word' id='word_1_798' title='bbox 1128 2534 1220 2560; x_wconf 78' lang='grc' dir='ltr'>στατο,</span> <span class='ocrx_word' id='word_1_799' title='bbox 1235 2526 1276 2553; x_wconf 84' lang='grc' dir='ltr'><strong>δτι</strong></span> <span class='ocrx_word' id='word_1_800' title='bbox 1291 2525 1365 2552; x_wconf 74' lang='grc' dir='ltr'>ἐστὶν</span> <span class='ocrx_word' id='word_1_801' title='bbox 1380 2525 1447 2551; x_wconf 81' lang='grc' dir='ltr'>ὅπου</span> <span class='ocrx_word' id='word_1_802' title='bbox 1468 2523 1498 2550; x_wconf 82' lang='grc' dir='ltr'>οὺ</span> <span class='ocrx_word' id='word_1_803' title='bbox 1512 2521 1635 2549; x_wconf 82' lang='grc' dir='ltr'>δυνατόν.</span> 
     </span>
    </p>
   </div>
   <div class='ocr_carea' id='block_1_108' title="bbox 1295 2658 1753 2697">
    <p class='ocr_par' dir='ltr' id='par_1_108' title="bbox 1295 2658 1753 2697">
     <span class='ocr_line' id='line_1_108' title="bbox 1295 2658 1753 2697; baseline -0.022 -4"><span class='ocrx_word' id='word_1_804' title='bbox 1295 2665 1356 2693; x_wconf 85' lang='lat' dir='ltr'><strong>AZ’.</strong></span> <span class='ocrx_word' id='word_1_805' title='bbox 1372 2679 1407 2684; x_wconf 90' lang='lat'><strong>—</strong></span> <span class='ocrx_word' id='word_1_806' title='bbox 1423 2662 1571 2697; x_wconf 75' lang='grc' dir='ltr'><strong>ΕΥΤΟΝΙῼ</strong></span> <span class='ocrx_word' id='word_1_807' title='bbox 1590 2658 1753 2693; x_wconf 61' lang='lat' dir='ltr'><strong>annoso.</strong></span> 
     </span>
    </p>
   </div>
   <div class='ocr_carea' id='block_1_109' title="bbox 1458 2709 1586 2742">
    <p class='ocr_par' dir='ltr' id='par_1_109' title="bbox 1458 2709 1586 2742">
     <span class='ocr_line' id='line_1_109' title="bbox 1458 2709 1586 2742; baseline -0.008 -8"><span class='ocrx_word' id='word_1_808' title='bbox 1458 2709 1586 2742; x_wconf 82' lang='grc' dir='ltr'>Ὅμοιον.</span> 
     </span>
    </p>
   </div>
   <div class='ocr_carea' id='block_1_110' title="bbox 1167 2745 1923 2792">
    <p class='ocr_par' dir='ltr' id='par_1_110' title="bbox 1167 2745 1923 2792">
     <span class='ocr_line' id='line_1_110' title="bbox 1167 2745 1923 2792; baseline -0.015 -8"><span class='ocrx_word' id='word_1_809' title='bbox 1167 2756 1228 2792; x_wconf 81' lang='grc' dir='ltr'><strong>Χρὴ</strong></span> <span class='ocrx_word' id='word_1_810' title='bbox 1241 2756 1271 2783; x_wconf 80' lang='grc' dir='ltr'>οὖ</span> <span class='ocrx_word' id='word_1_811' title='bbox 1285 2757 1341 2788; x_wconf 85' lang='grc' dir='ltr'>τοῖς</span> <span class='ocrx_word' id='word_1_812' title='bbox 1357 2755 1394 2791; x_wconf 85' lang='grc' dir='ltr'>μὴ</span> <span class='ocrx_word' id='word_1_813' title='bbox 1408 2752 1599 2788; x_wconf 84' lang='grc' dir='ltr'>σπενδομένοις</span> <span class='ocrx_word' id='word_1_814' title='bbox 1613 2749 1747 2778; x_wconf 75' lang='grc' dir='ltr'>ἄσπονδον</span> <span class='ocrx_word' id='word_1_815' title='bbox 1760 2745 1845 2780; x_wconf 82' lang='grc' dir='ltr'>εἷναι,</span> <span class='ocrx_word' id='word_1_816' title='bbox 1856 2746 1923 2774; x_wconf 78' lang='grc' dir='ltr'><strong>ἀλλά</strong></span> 
     </span>
    </p>
   </div>
   <div class='ocr_carea' id='block_1_111' title="bbox 1133 2792 1924 2838">
    <p class='ocr_par' dir='ltr' id='par_1_111' title="bbox 1133 2792 1924 2838">
     <span class='ocr_line' id='line_1_111' title="bbox 1133 2792 1924 2838; baseline -0.014 -9"><span class='ocrx_word' id='word_1_817' title='bbox 1133 2802 1233 2838; x_wconf 76' lang='grc' dir='ltr'>μᾶλλον</span> <span class='ocrx_word' id='word_1_818' title='bbox 1254 2800 1425 2834; x_wconf 80' lang='grc' dir='ltr'>σπένδεσθαι,</span> <span class='ocrx_word' id='word_1_819' title='bbox 1444 2800 1506 2834; x_wconf 78' lang='grc' dir='ltr'>τόγε</span> <span class='ocrx_word' id='word_1_820' title='bbox 1521 2797 1655 2834; x_wconf 76' lang='grc' dir='ltr'>ἡμέτερον</span> <span class='ocrx_word' id='word_1_821' title='bbox 1681 2795 1777 2831; x_wconf 78' lang='grc' dir='ltr'>μέρος,</span> <span class='ocrx_word' id='word_1_822' title='bbox 1799 2794 1848 2820; x_wconf 76' lang='grc' dir='ltr'><strong>καὶ</strong></span> <span class='ocrx_word' id='word_1_823' title='bbox 1867 2792 1924 2821; x_wconf 79' lang='grc' dir='ltr'>τοῖς</span> 
     </span>
    </p>
   </div>
   <div class='ocr_carea' id='block_1_112' title="bbox 1340 2871 1870 2910">
    <p class='ocr_par' dir='ltr' id='par_1_112' title="bbox 1340 2871 1870 2910">
     <span class='ocr_line' id='line_1_112' title="bbox 1340 2871 1870 2910; baseline -0.019 -2"><span class='ocrx_word' id='word_1_824' title='bbox 1340 2878 1442 2907; x_wconf 74' lang='lat' dir='ltr'><strong>&quot;Psal.</strong></span> <span class='ocrx_word' id='word_1_825' title='bbox 1459 2886 1545 2910; x_wconf 78' lang='lat' dir='ltr'><strong>Lutt,</strong></span> <span class='ocrx_word' id='word_1_826' title='bbox 1565 2877 1592 2905; x_wconf 72' lang='grc'><strong>3.</strong></span> <span class='ocrx_word' id='word_1_827' title='bbox 1629 2875 1651 2892; x_wconf 87' lang='lat'><strong><em>&quot;</em></strong></span> <span class='ocrx_word' id='word_1_828' title='bbox 1668 2874 1748 2902; x_wconf 74' lang='lat' dir='ltr'><strong>Bonl.</strong></span> <span class='ocrx_word' id='word_1_829' title='bbox 1760 2880 1810 2905; x_wconf 77' lang='lat' dir='ltr'><strong>xu,</strong></span> <span class='ocrx_word' id='word_1_830' title='bbox 1828 2871 1870 2899; x_wconf 86' lang='lat' dir='ltr'><strong>l8.</strong></span> 
     </span>
    </p>
   </div>
  </div>
