2040 3161
160 159 173 194 Ῑ
178 161 231 194 089

621 160 890 191 EPISTOLARUM
909 161 983 192 LIB.
1006 161 1054 193 IV.
1075 176 1109 182 —
1128 165 1248 196 EPIST.
1269 165 1329 197 XL.

1726 168 1794 202 1090

160 215 316 249 ἁσπόνδοις,
340 216 398 250 εῐγε
422 215 506 252 μηδὲν
534 215 552 252 ἠ
571 215 698 244 εὐσέϐεια
716 216 947 253 παραόλάπτοιτο.

1006 218 1066 245 dem
1081 219 1106 246 in
1123 221 1202 248 nobis
1215 226 1257 249 est
1277 223 1373 256 situnt,
1389 223 1471 251 etiam
1498 231 1560 251 cum
1579 223 1794 258 implacabilibus

159 262 215 289 Καὶ
231 261 303 288 τοῦτ’
322 261 397 288 εστιν
411 262 466 297 ἄρα
478 262 547 297 ὅπερ
564 263 578 289 ὁ
597 261 741 294 θεσπέσιος
757 262 864 294 Παῦλος
879 270 950 298 παρ-

159 306 333 340 εκελεύσατο,
347 306 477 342 φράζων·
497 316 506 333 ι
523 307 554 334 El
574 307 686 334 δυνατὸν
696 307 727 334 τὸ
739 308 768 340 ἐξ
787 307 866 344 ὑμῶν
882 308 951 343 μετὰ

159 353 268 380 πάντων
292 351 445 388 ἀνθρώπων
460 353 656 389 εἰρηνεύοντες.
678 363 687 379 ι
715 353 782 381 “Are
796 353 851 389 γὰρ
869 355 950 390 ἀκρι-

158 398 214 430 σῶς
239 398 422 434 ἐπιστάμενος
447 398 501 426 τῶν
523 399 696 434 πραγμάτων
721 400 771 434 τὴν
794 399 886 435 φύσιν,
902 399 950 426 καὶ

158 443 248 476 εἰδὼς,
268 444 309 471 ὅτι
325 444 419 471 πολλοὶ
433 445 490 476 τοῖς
510 445 666 480 φιλαρέτοις
680 445 723 472 διὰ
743 445 833 482 μάχης
848 445 891 472 ἀεὶ
906 444 949 472 ὲλ-

159 488 216 516 θεῖν
232 489 263 516 οὐ
281 490 488 526 παραιτοῦνται,
502 491 565 526 τόγε
579 488 646 528 ἧκον
656 492 696 524 εἰς
709 492 783 527 ἡμᾶς
797 492 948 528 ἀπῄτησεν,

158 535 216 570 ιῐγε
229 536 308 572 ἡμῶν
323 536 411 564 πάντα
427 538 586 570 ποιούντων,
609 537 683 564 ἄλλοι
708 538 828 574 πόλεμον
842 539 949 574 ἀκήρυ-

158 590 232 614 κτον,
256 582 273 618 ἢ
293 583 327 618 τῇ
353 582 478 618 εὐσεϐείᾳ
488 583 769 620 ἀντιστρατευόμενοι,
781 583 798 618 ἤ
816 585 849 620 τῇ
863 583 948 620 ἀρετῇ

158 629 431 665 ἀντιπολιτευόμενοι,
448 629 668 664 ὲπαγγέλλοιντο.

1005 263 1093 292 fmdus
1115 265 1215 299 facere,
1244 268 1266 295 si
1291 269 1371 296 modo
1393 269 1495 298 nullum
1518 269 1579 297 inde
1598 270 1692 305 pietati
1712 271 1795 298 detri-

1004 315 1124 337 mentum
1144 311 1285 341 inferatur.
1313 313 1346 340 Et
1374 315 1426 342 hoc
1453 322 1518 342 sane
1533 320 1574 343 est
1592 317 1663 351 quod
1686 317 1794 344 divinus

1003 354 1103 383 Paulus
1115 358 1229 389 tnonuit,
1242 365 1302 385 cum
1320 359 1359 386 ait
1376 368 1383 386 :
1406 369 1416 386 ε
1438 360 1466 387 Si
1481 361 1538 388 fieri
1554 366 1650 395 potest,
1670 362 1741 397 quod
1766 362 1794 389 in

1003 401 1081 430 vobis
1092 406 1144 435 est,
1161 410 1220 430 cum
1230 404 1356 432 omnibus
1369 405 1523 433 [nominibus
1534 414 1625 441 pacem
1635 407 1773 436 habentes.
1781 398 1802 434 ιν

1001 446 1068 474 Nam
1087 448 1159 475 velut
1175 449 1197 476 is
1214 449 1259 484 qui
1275 451 1449 478 exactissime
1461 452 1596 486 cognitam
1611 457 1794 488 perspectanr

1001 499 1053 528 que
1082 493 1194 522 haberet
1221 501 1312 522 rerum
1337 500 1461 523 naturam
1478 497 1681 534 (humanarum)
1695 503 1721 526 et
1748 499 1792 533 qni

1000 542 1104 571 nosset,
1121 546 1202 573 quam
1220 540 1296 567 multi
1312 549 1364 568 non
1380 542 1503 569 dubitent
1516 542 1671 570 hominibus
1688 545 1795 572 virtutis

999 584 1130 612 studiosis
1145 586 1284 613 adversari
1299 595 1330 614 ac
1341 583 1492 623 repugnare
1506 588 1550 615 :id
1566 590 1665 624 exegit,
1678 590 1747 624 quod
1760 590 1793 617 ad

999 636 1048 657 nos
1076 630 1193 664 pertinet
1221 633 1362 667 nostrique
1390 637 1432 661 est
1456 634 1588 667 muneris,
1617 635 1724 663 etiamsi
1747 635 1795 664 alii

158 674 228 702 forte
249 675 311 716 dum
334 682 384 702 nos
406 675 473 702 nihil
489 675 584 710 reliqui
606 665 720 704 facimus
735 676 806 711 quod
832 674 949 703 ofﬁcium
969 679 1091 702 nostrum
1119 677 1249 711 postulat,
1267 665 1366 706 bellum
1389 679 1510 714 iniquum
1549 665 1628 708 nobis
1662 681 1794 714 indicant.

158 722 199 749 vel
215 722 341 757 pietatem
357 727 556 758 oppugnantes,
569 723 611 751 vel
629 723 745 751 alienam
757 727 784 751 et
801 723 994 750 abhorrentem
1011 729 1025 749 a
1041 723 1141 752 virtute
1155 725 1263 753 vivendi
1279 727 1411 755 rationem
1432 733 1579 756 sectantes.

422 791 489 818 Ali’.
504 805 540 812 -
559 793 683 827 narro.

158 837 214 870 εις
242 836 274 863 τὸ
303 837 572 896 τεγραμμένοὲὲίρῖ
591 839 672 896 illlam
695 837 816 873 ,ϐουλῆς
849 837 948 865 πάντα
965 868 985 896 Β

492 873 580 900 ποίει.
597 883 606 899 ι

193 927 226 954 οι
241 927 290 962 μὲν
304 926 383 963 θυμῷ
400 928 481 955 πλέον
497 929 743 965 στρατηγούμενοι,
761 930 802 962 εἰς
818 929 948 966 χαλεπὸν,

157 972 196 1004 ὡς
216 973 249 1000 τα
273 973 369 1004 πολλὰ,
391 975 611 1010 καταστρέφουσι
626 976 725 1008 τέλος·⁴
742 977 768 1003 oi
789 976 819 1003 δὲ
842 976 950 1003 συνέσει

159 1017 211 1054 μὲν
227 1019 473 1055 στρατηγούμενοι,
497 1021 532 1048 τὰ
553 1021 582 1048 δὲ
597 1020 712 1057 σώματα
725 1022 828 1058 ὀργανα
848 1022 950 1059 ταύτης

157 1064 317 1100 ἡγούμενοι,
343 1065 393 1092 οὐκ
415 1067 561 1103 ἀμοιροῦσι
587 1067 637 1103 τῆς
660 1069 707 1095 ἐπὶ
722 1069 778 1100 τοῖς
795 1068 949 1100 καλλίστοις

157 1110 246 1146 δόξης.
268 1112 323 1138 Καὶ
342 1112 414 1138 τοῦτ’
442 1112 528 1145 ἐστιν,
551 1114 619 1149 ὅπερ
631 1114 683 1150 ἔφη
697 1115 711 1140 ὁ
727 1115 947 1151 Παροιμιαστής·

160 1165 171 1182 ι
186 1157 265 1184 Μετὰ
277 1157 374 1194 βουλῆς
390 1159 477 1186 πάντα
489 1160 559 1186 ποίει
573 1168 579 1175 ·
598 1170 608 1187 ι
624 1161 655 1188 τὸ
666 1161 720 1196 γὰρ
735 1161 947 1196 ἀπερίσκεπτον,

158 1201 292 1237 σφαλερόν

398 1308 458 1336 (te.
486 1323 521 1328 —
540 1308 702 1344 ΝΕΜεΣιᾳ.

449 1355 501 1387 Εἰς
516 1354 548 1381 τὸ
566 1355 650 1382 αὐτό.

190 1421 252 1458 Χρὴ
265 1421 310 1449 τδν
333 1421 494 1458 βουλόμενον
510 1421 633 1458 καθαρὰν
648 1422 780 1458 εὐθυμίαν
797 1423 947 1460 καρπώσα-

156 1467 231 1500 σθαι,
247 1468 354 1504 πρῶτον
368 1468 533 1504 βουλόμενον
548 1467 634 1501 οὕτως
650 1468 728 1504 ἥκειν
743 1469 790 1496 ἐπὶ
806 1470 836 1496 τὸ
858 1469 948 1505 λέγειν

155 1521 186 1539 τε
199 1513 246 1540 καὶ
257 1514 397 1549 πράττειν.
417 1513 526 1549 Ἐπειδὴ
539 1513 593 1550 γὰρ
603 1514 652 1549 οὐχ
663 1512 719 1541 οἷόν
731 1523 760 1540 τε
774 1515 807 1542 τὰ
817 1514 947 1551 λεχθέντα

156 1559 175 1595 ἢ
194 1559 352 1595 πραχθέντα
363 1559 583 1588 ἀνακαλέσασθαι
596 1560 705 1596 ῥᾳδίως,
720 1561 772 1596 χρὴ
788 1549 948 1598 πειθέμενον
962 1549 984 1578 c

154 1601 196 1638 τῷ
221 1604 420 1640 Παροιμιαστῇ,
448 1604 572 1639 λέγοντι·
603 1613 613 1631 ι
633 1605 710 1633 Μετὰ
731 1606 831 1642 βουλῆς
858 1608 949 1635 πάντα

155 1649 244 1676 ποίει·
263 1658 273 1675 ι
294 1649 341 1676 τὸν
363 1649 399 1685 μὴ
430 1650 591 1685 βουλόμενον
614 1651 659 1679 διὰ
681 1652 731 1688 τῆς
749 1653 949 1689 μεταγνώσεως

155 1695 252 1722 ἑαυτὸν
275 1694 382 1731 νύκτωρ
396 1696 441 1723 καὶ
458 1696 517 1732 μεθ’
533 1697 640 1733 ἡμέραν
652 1698 802 1733 μαστίζειν,
815 1699 864 1735 τὴν
877 1708 950 1735 παρα

155 1740 259 1768 αινεσιν
269 1741 314 1768 διὰ
330 1742 500 1778 πραγμάτων
518 1742 713 1777 ἐπιδείξασθαι.

328 1844 375 1872 Μ’.
388 1859 423 1864 -
442 1845 571 1881 ΚΣῙΔΩΡῼ
590 1846 776 1883 ΕΠΙΣΚΟΠῼ.

155 1900 228 1938 Περὶ
239 1900 298 1938 τῶν
311 1900 398 1935 τριῶν
412 1902 605 1938 Σρλομῶντος
616 1902 755 1938 βιᾶὶᾼίων,
768 1902 946 1938 Παροιμιῶν,

197 1936 473 1970 Ἐκκλησιαστικῶν
496 1937 577 1974 (‘27),
597 1936 766 1973 ’ᾼσμάτων.

197 1992 308 2028 Ἐπειδὴ
322 1993 387 2028 περὶ
412 1992 461 2028 τῆς
477 1993 580 2026 τάξεως
600 1993 655 2020 τῶν
669 1993 754 2029 τριῶν
770 1993 883 2030 βιϐλίων
898 1995 946 2022 Σο-

152 2037 292 2073 λομῶντος
311 2038 446 2074 ἠθέλησας
463 2039 577 2074 μαθεῖν,
595 2040 665 2073 ἴσθι,
679 2040 720 2067 ὃτι
737 2040 766 2068 τὸ
784 2041 833 2076 μὲν
848 2041 946 2077 ἠθικὴν

154 2083 278 2110 παιδεύει
294 2085 395 2121 ἀρετήν
407 2093 413 2101 ·
430 2085 460 2111 τὸ
479 2085 507 2112 δὲ
522 2085 641 2112 δεικνύει
664 2086 719 2113 τῶν
734 2086 799 2122 περὶ
830 2085 946 2121 βιωτικὰ

153 2130 331 2166 ἑπτοημένων
345 2131 394 2167 τὴν
408 2131 604 2167 ματαιοπονίαν
619 2140 626 2148 ·
642 2132 673 2159 τὸ
686 2132 713 2158 δὲ
727 2132 777 2168 τῆς
789 2132 875 2160 ταῦτα
892 2141 944 2159 πε-

153 2176 338 2212 παιδευμένης
361 2177 450 2212 ψυχῆς
471 2177 517 2204 τὸν
539 2179 604 2213 περὶ
629 2178 663 2205 τὰ
685 2177 745 2205 θεῖα
770 2178 871 2214 ἔρωτα.
895 2179 945 2206 Διὰ

1228 793 1374 825 XXXVIII.
1392 811 1427 816 —
1438 796 1564 825 PETRO.

1001 834 1034 863 In
1057 836 1084 863 id
1111 839 1182 872 quod
1209 840 1336 870 scriptum
1361 845 1412 892 εειἲ
1440 851 1449 867 ι
1481 841 1577 870 Omnia
1604 849 1662 869 cum
1685 843 1794 870 consilio

1345 884 1391 911 age
1406 884 1424 903 '.
1445 885 1454 903 ι

1038 926 1077 955 illi
1103 929 1230 964 quidem,
1257 925 1356 965 quibus
1380 931 1518 960 iracundia
1551 933 1638 968 magis
1667 933 1793 969 imperat,

1000 973 1159 1010 plerumque
1181 975 1319 1004 difficilem
1344 978 1448 1005 exitum
1472 979 1642 1011 sortiuntur;
1660 980 1706 1014 qui
1730 987 1794 1007 vero

1000 1021 1142 1055 prudentia
1163 1022 1272 1056 quidem
1285 1023 1483 1057 gubernantur,
1499 1031 1613 1060 corpora
1639 1030 1729 1053 autem
1746 1026 1795 1053 ba-

999 1066 1064 1094 bent
1082 1075 1130 1102 pro
1148 1067 1336 1096 instrumentis
1347 1070 1506 1103 prudentiae,
1520 1070 1546 1097 hi
1563 1078 1652 1097 rerum
1668 1071 1795 1106 pulcher-

1000 1112 1130 1138 rimarum
1149 1112 1242 1147 gloria:
1266 1121 1319 1140 non
1343 1117 1406 1141 sunt
1420 1120 1556 1149 expertes.
1579 1116 1669 1150 Atque
1682 1116 1732 1143 hoc
1749 1121 1791 1144 est

1000 1157 1071 1192 quod
1089 1157 1158 1185 dixit
1181 1157 1390 1186 Proverbiorum
1406 1161 1543 1194 scriptor:
1569 1169 1578 1187 ι
1593 1161 1659 1189 Cum
1680 1162 1795 1189 consilio

999 1203 1055 1238 agit
1066 1203 1167 1230 omnia.
1187 1213 1196 1229 ι
1217 1203 1283 1230 Nam
1300 1204 1488 1240 imprudenter
1507 1213 1588 1242 agere
1601 1211 1682 1242 atque
1707 1208 1792 1236 incir-

998 1254 1164 1284 cumspecte,
1185 1250 1365 1283 periculosum
1383 1255 1437 1278 est.

1219 1306 1342 1335 XXXIX.
1356 1324 1392 1330 —
1404 1307 1568 1338 NEMESIO.

1294 1354 1396 1383 Eadem
1414 1356 1446 1383 de
1459 1364 1497 1383 re.

1033 1421 1146 1457 Oportet
1170 1431 1231 1450 eum
1253 1423 1298 1458 qui
1322 1431 1388 1458 pura
1418 1423 1502 1451 animi
1519 1423 1701 1458 defmcataque
1718 1427 1794 1451 tran-

999 1469 1134 1504 quillitate
1159 1469 1211 1496 frui
1238 1469 1315 1502 velit,
1334 1469 1449 1504 primum
1468 1469 1559 1496 habita
1585 1469 1793 1503 deliberatione,

998 1516 1038 1543 sic
1050 1516 1146 1544 deinde
1159 1516 1294 1552 prollcisci
1306 1517 1340 1543 ad
1363 1516 1507 1543 dicendum
1519 1520 1546 1543 et
1562 1516 1709 1551 agendum.
1724 1515 1792 1542 Nam

1001 1561 1064 1596 quia
1081 1561 1121 1590 sic
1135 1567 1175 1589 εει
1183 1567 1384 1597 comparatum,
1398 1565 1427 1588 ut
1441 1561 1512 1588 dicta
1526 1561 1631 1588 factove
1646 1568 1698 1588 non
1714 1561 1793 1588 facile

1000 1607 1122 1635 revocari
1139 1611 1249 1643 queant,
1267 1607 1507 1642 obtemperantium
1523 1611 1564 1634 est
1579 1606 1791 1634 Proverbiorum

1000 1653 1140 1688 scriptori,
1153 1653 1252 1681 dicenti
1270 1662 1276 1681 :
1298 1662 1308 1679 ι
1325 1653 1392 1680 Cum
1415 1652 1529 1680 consilio
1549 1652 1638 1679 omnia
1656 1659 1716 1687 age.
1735 1661 1746 1678 ι
1763 1650 1792 1680 Si

999 1699 1063 1734 quis
1086 1699 1153 1726 nolit
1164 1699 1324 1734 paenitentia
1350 1698 1527 1732 semetipsum
1551 1703 1631 1725 noctu
1654 1702 1736 1733 atque
1748 1698 1792 1726 in-

1001 1744 1088 1772 terdiu
1109 1744 1181 1772 velut
1196 1744 1302 1778 ﬂagello
1317 1744 1431 1775 caedere,
1456 1748 1483 1770 et
1493 1743 1564 1770 hanc
1579 1743 1791 1771 admonitionem

999 1795 1103 1826 oportet
1117 1791 1182 1825 ipsis
1196 1798 1286 1818 rerum
1300 1790 1468 1825 argumentis
1483 1791 1646 1825 exprimere.

1121 1846 1203 1884 433
1221 1846 1455 1874 XL.—lSlDORO
1473 1846 1649 1874 EPISCOPO.

998 1902 1037 1929 De
1060 1902 1143 1929 tribus
1169 1901 1317 1929 Salomonis
1341 1901 1429 1932 libris.
1457 1901 1670 1934 Praverbiorum,
1699 1899 1791 1927 Eccle-

1186 1937 1365 1969 siasticorum,
1380 1942 1403 1964 et
1417 1935 1598 1964 Canticorum.

1033 1993 1165 2028 Quoniam
1183 1993 1352 2028 significasti,
1371 1997 1397 2021 te
1418 1999 1518 2028 cupere
1538 1999 1712 2028 cognoscere,
1736 1998 1790 2027 quo

997 2041 1092 2068 ordine
1112 2045 1168 2068 tres
1180 2039 1243 2067 libri
1268 2039 1422 2067 Salomonis
1435 2038 1539 2073 legendi
1555 2039 1620 2071 sint.
1638 2045 1718 2066 nosse
1740 2039 1790 2066 de-

996 2087 1055 2119 bes,
1070 2094 1152 2114 unum
1168 2086 1275 2113 illorum
1295 2085 1392 2113 docere
1415 2086 1543 2112 virtutem
1562 2084 1709 2118 moralem;
1722 2083 1791 2111 alte-

997 2140 1056 2160 rum
1078 2132 1232 2164 ostendere,
1248 2138 1328 2166 quam
1346 2131 1382 2158 sit
1392 2137 1478 2157 vanus
1496 2135 1578 2165 atque
1598 2129 1690 2157 irritus
1712 2128 1788 2156 labor

996 2185 1089 2206 eorum
1107 2178 1152 2212 qui
1169 2178 1249 2204 rebus
1265 2176 1343 2210 hujus
1361 2177 1423 2203 vita:
1446 2175 1524 2210 quasi
1539 2175 1647 2203 attoniti
1665 2175 1787 2208 inhiant;

152 2220 234 2248 τοῦτο
248 2221 279 2248 τὸ
303 2221 353 2257 μὲν
369 2222 477 2258 πρῶτον
487 2241 496 2255 ,
510 2221 540 2248 τὸ
556 2222 584 2249 δὲ
599 2222 725 2259 δεύτερον
735 2244 742 2257 ,
760 2223 791 2250 τὸ
806 2223 834 2250 δὲ
848 2224 940 2260 τρίτον

998 2223 1103 2252 tertium
1119 2223 1235 2257 denique
1251 2228 1371 2249 amorem
1386 2229 1440 2257 quo
1460 2228 1523 2256 erga
1540 2228 1583 2249 res
1600 2221 1705 2248 divinas
1719 2228 1789 2255 pra:-

132 2298 137 2309 '
192 2300 202 2318 ¹
217 2299 296 2329 Prov.
314 2309 374 2335 χιιι,
397 2301 444 2335 i6;
461 2301 544 2330 Eccli.
557 2309 642 2336 xxxn,
657 2301 703 2329 2i.

700 2380 818 2408 VARIAE'.
839 2381 1033 2411 LECTIONES
1050 2382 1095 2410 ET
1115 2381 1233 2417 ΝΟΤᾸῧ,

200 2460 247 2493 '26)
261 2460 404 2495 inscriptio
419 2468 451 2487 ex
467 2459 527 2495 cod.
547 2459 634 2488 Vatic.
648 2459 700 2488 650
717 2460 796 2488 EDIT.

200 2496 246 2530 ‘27)
271 2494 554 2529 Ἐκκλησιαστικῶιν.
571 2495 725 2531 Notandum
756 2495 941 2531 Ἐκκλησιασ-

150 2532 218 2558 me
232 2531 321 2557 vocari
335 2532 378 2558 hic
393 2531 426 2556 ab
441 2531 544 2557 lsidoro
557 2530 686 2564 scriptum
699 2530 763 2557 illud
775 2530 939 2564 Salomonis,

151 2566 224 2600 quod
243 2566 419 2600 Ecclesiastes
443 2565 510 2592 alias
530 2565 639 2592 dicitur.
673 2565 711 2592 De
734 2566 828 2593 ordine
848 2570 939 2592 atttem

150 2599 258 2636 legendi
276 2605 330 2627 tres
350 2599 503 2627 Salomonis
517 2599 602 2636 libros
618 2600 697 2636 plane
714 2601 808 2627 eadem
827 2601 853 2626 in
874 2607 938 2636 sen-

151 2635 236 2663 tentia
251 2639 294 2662 est
307 2636 493 2662 Theodoretus
507 2635 569 2670 Cyri
582 2635 725 2669 episcopus
740 2636 765 2661 in
778 2635 939 2668 praefatione

149 2671 256 2698 Cantici
274 2671 453 2697 canticorum.
475 2678 484 2694 ι
506 2670 570 2696 Illud
586 2670 686 2702 etiam,
708 2670 804 2704 inquit,
827 2670 935 2703 praefari

151 2706 336 2733 necessarium
359 2710 420 2735 est,
445 2705 495 2731 tria
519 2704 671 2731 Salomonis
694 2711 755 2732 esse
775 2705 915 2732 volumina
930 2724 938 2738 ,

148 2740 298 2768 Proverbia
313 2760 321 2769 ,
338 2739 519 2766 Ecclesiasten
533 2759 540 2771 ,
554 2744 582 2765 et
602 2738 743 2766 Canticum
757 2740 938 2767 canticorum.

149 2776 189 2803 Ac
202 2775 350 2802 Proverbia
365 2775 471 2808 quidem
484 2774 576 2800 utilem
589 2774 623 2801 de
637 2774 937 2809 moribusdiseiplinam

149 2810 309 2845 complecti;
327 2809 506 2836 Ecclesiasten
529 2814 744 2845 autentheorunt
765 2817 824 2843 ψιω
848 2810 936 2836 sensi-

151 2846 200 2872 bus
214 2842 413 2879 'percipiuntur
446 2847 570 2870 naturam
591 2842 711 2879 indicare
722 2863 730 2874 ,
744 2842 859 2878 vitaeque
873 2851 942 2879 prae-

151 2876 237 2908 sentis
250 2876 349 2909 docere
364 2880 520 2912 vanitatem,
538 2882 608 2905 utea
625 2876 697 2905 ﬂuxa
714 2883 740 2906 et
763 2876 935 2913 irag'ilia'co-

995 2466 1166 2496 gnoscentes,
1186 2465 1314 2499 tanquam
1336 2460 1439 2495 fugacia
1457 2460 1691 2499 ac_pr:etereuntia
1706 2465 1785 2499 sper-

996 2503 1094 2523 namns
1106 2516 1113 2527 ,
1127 2501 1153 2522 et
1167 2504 1227 2530 quae
1247 2497 1337 2523 futura
1353 2500 1426 2526 sunt.
1446 2501 1475 2523 ut
1492 2496 1579 2525 firma,
1598 2496 1784 2530 permanentia

995 2535 1076 2565 atque
1093 2529 1193 2557 mterna
1207 2531 1434 2565 concupiscamus
1450 2539 1456 2563 ;
1470 2530 1612 2557 Canticum
1629 2537 1691 2565 vero
1702 2529 1787 2565 ear-ti-

993 2563 1090 2601 corntn
1104 2566 1246 2599 mysticam
1264 2563 1360 2600 Sp'ousi
1377 2571 1404 2592 et
1427 2565 1539 2601 Sponsa:
1560 2563 1784 2601 necessitudinem

991 2605 1019 2636 et
1033 2597 1250 2633 conjuni'tionetn
1263 2597 1402 2628 continere
1420 2609 1427 2627 :
1444 2597 1471 2626 nt
1487 2597 1784 2636 universaSalomonis

991 2635 1116 2662 doctrina
1128 2635 1164 2662 ~ait
1178 2636 1259 2662 veluti
1274 2636 1346 2663 scala
1361 2636 1482 2669 qnmdani
1493 2655 1500 2665 ,
1513 2641 1572 2669 qua;
1588 2632 1782 2669 tribus-gradi-

990 2670 1041 2697 bus
1065 2673 1181 2702 consiel,
1208 2671 1314 2702 morali,
1335 2664 1449 2696 naiurali
1467 2664 1498 2695 eti
1517 2664 1618 2694 divino.
1637 2675 1647 2691 ι
1668 2664 1725 2702 ij
1743 2669 1786 2691 est

996 2705 1058 2732 huic
1078 2700 1219 2739 qmu'om
1242 2700 1374 2732 absimilis
1397 2706 1508 2730 mullum
1534 2700 1785 2740 ill:t_itttet'51t)lt"os

995 2736 1095 2773 agitata
1113 2741 1237 2774 quaestio.
1263 2741 1321 2773 Quo
1347 2740 1441 2766 ordine
1469 2736 1606 2775 tractanda
1634 2736 1688 2775 sint
1714 2736 1784 2775 trina

996 2772 1042 2810 illa
1057 2772 1232 2810 philosophiae
1248 2772 1381 2810 membra,
1399 2780 1458 2806 qua!
1472 2772 1783 2810 \‘ttlgonconstitun'ntur.

996 2801 1094 2844 logica,
1109 2801 1230 2845 physica,
1244 2810 1331 2836 ellticn
1341 2801 1397 2845 {de
1407 2801 1458 2841 qua
1473 2801 1532 2833 vide
1544 2805 1689 2839 Diogenem
1700 2801 1792 2838 Laer-I

996 2843 1063 2872 tium
1081 2845 1106 2872 in
1126 2843 1182 2872 Vita
1198 2843 1324 2872 Zenonis.
1343 2843 1425 2870 ἣιττ.
