2040 3161
269 142 341 176 1091

859 143 889 174 s.
911 135 1058 174 lsmom
1078 143 1298 174 PELUSIOT/E

1837 141 1907 174 1092

273 201 329 230 dita
346 201 382 229 sit
404 201 448 237 illa
464 201 565 233 anima,
587 207 648 236 quae
672 199 813 235 superiora
827 200 882 235 iam
898 201 1003 230 didicit.
1021 202 1064 229 At-

1121 202 1262 230 τέτακται.
1295 203 1316 227 0
1330 199 1359 227 δὲ
1379 200 1432 236 γὰρ
1445 199 1480 227 τὰ
1496 199 1579 236 ἠθικὰ
1595 198 1786 237 κατορθώσας,
1801 197 1841 233 τῷ
1858 206 1905 233 με·

273 255 327 282 qne
355 248 412 274 ha‘c
441 247 512 273 ratio
537 250 580 273 est
607 245 724 278 ordinis,
755 253 839 281 quare
867 246 930 274 illud
956 246 1066 282 quidem

275 294 362 328 primo
373 294 442 323 im'o,
456 293 526 319 istud
539 297 629 319 autem
644 292 777 324 secundo,
789 292 840 320 hoc
856 293 972 327 denique
986 293 1067 321 tertio

274 339 434 367 collocatum
459 338 494 366 sit
514 345 590 372 opus.
605 337 655 371 Qui
674 343 763 365 autem
780 338 806 364 in
823 338 919 366 ethicis
934 338 1016 372 probe
1037 345 1067 365 se

274 383 376 419 gessit,
407 385 469 409 dum
502 381 711 409 Proverbiorum
749 381 891 416 scriptoris
919 381 1067 415 discipulus

275 431 327 457 fuit
349 435 376 457 et
393 430 454 456 vitae
473 433 605 463 prtccepla
623 428 656 455 ab
673 427 837 455 Ecclesiaste
854 427 958 461 didicit,
982 427 1015 454 de
1034 435 1066 454 eo

273 475 446 503 metuendum
468 482 520 502 non
544 479 593 505 est,
613 481 647 501 ne
672 474 706 500 ad
731 473 872 501 Canticum
896 473 1065 500 canticorum

272 523 388 554 delatus.
411 523 436 549 in
453 521 589 548 carnalem
606 525 633 548 et
652 520 782 548 moralem
801 527 922 547 amorem
940 519 1039 546 incidat
1057 527 1064 546 :

272 570 337 604 quin
355 569 443 603 potius
463 568 582 594 futurum
603 572 655 599 est,
678 571 707 593 ut
726 567 759 593 ad
779 574 876 600 purum
895 573 926 593 ac
945 565 1065 592 divinum

273 615 347 642 illum
364 622 492 649 sponsum
508 613 584 648 quasi
609 612 770 646 quibusdam
790 611 841 639 alis
864 610 1002 643 eﬂ‘eratur,
1020 611 1064 644 qui

273 660 366 687 beatos
380 659 537 694 pronuntiat
552 665 599 685 eos
610 658 655 693 qui
673 657 718 684 tali
731 662 794 684 sunt
810 664 902 684 amore
918 656 1064 684 vulnerati.

274 706 369 733 Moneo
386 706 477 739 itaque
492 704 690 736 adolescentes,
705 708 733 730 et
755 707 850 731 auctor
864 703 931 738 ipsis
946 711 1017 735 sutn,
1033 710 1066 730 nc

272 751 347 786 prius
359 750 465 777 tertium
480 749 613 783 attingant
624 755 702 782 opus,
715 755 795 782 quam
809 748 835 774 in
849 747 985 782 prioribus
999 748 1066 775 duo-

271 796 323 824 bus
337 796 468 831 praeclare
482 802 510 823 se
524 794 668 829 gesserint.
687 794 839 821 Absurilum
856 794 939 825 enim,
958 794 999 821 vel
1018 801 1065 828 po-

273 842 325 869 tius
345 841 426 868 nimis
440 841 614 868 temerarium
629 844 656 866 et
673 839 761 866 audax
777 843 820 866 est
840 839 989 874 negotium,
1009 845 1036 866 et
1049 847 1063 866 a

271 887 393 922 mysticis
410 887 512 921 legibus
533 885 683 913 abhorrens
698 884 769 911 utin
786 885 866 920 adyta
881 884 1002 912 insiliant
1020 892 1064 913 se—
1082 876 1102 904 Β

271 941 354 968 seque
376 937 529 968 penetrem,
542 931 588 966 qui
611 938 644 958 ne
659 930 800 958 vestibulis
818 930 926 964 quidem
940 931 993 958 sint
1017 931 1065 958 ad~

271 980 325 1008 huc
345 979 428 1014 digni.
444 978 676 1012 Quemadmodum
698 976 769 1004 enim
789 975 815 1003 in
834 976 935 1012 templo
948 985 981 1005 ea
1005 977 1064 1012 qui-

269 1026 332 1053 dem
347 1033 406 1060 quze
426 1024 492 1052 foris
511 1029 600 1056 erant,
618 1023 743 1051 omnibus
765 1023 840 1051 adire
860 1023 958 1051 licebat
979 1032 986 1051 :
1004 1031 1065 1059 quae

270 1080 336 1100 vero
351 1073 423 1099 intus
438 1076 516 1099 erant
531 1078 621 1103 sacra,
637 1078 698 1105 quae
717 1071 776 1098 velo
800 1071 1065 1105 comprehendeban-

271 1123 315 1145 tur
329 1118 446 1149 obtecta,
463 1117 586 1150 quamvis
602 1117 721 1151 alioquin
738 1116 806 1143 adiri
821 1120 956 1151 poterant,
974 1121 1063 1144 tamen

270 1171 285 1190 a
298 1163 377 1197 vulgo
387 1171 440 1189 non
455 1166 618 1189 corisecrato
637 1166 664 1188 et
679 1160 794 1196 profano
811 1161 879 1187 adiri
898 1167 950 1187 non
988 1164 1064 1195 pote-

271 1214 333 1237 rant
351 1217 358 1235 :
372 1216 432 1243 quae
453 1208 568 1242 denique
583 1207 675 1234 intima
692 1205 880 1233 erantSancta
896 1211 1062 1238 sanctorum,

270 1260 298 1283 et
312 1255 495 1284 sacratissima
525 1261 614 1286 sacra,
631 1253 664 1279 ad
680 1260 711 1280 ea
729 1259 779 1281 nec
798 1251 851 1280 illis
864 1251 972 1286 quidem
987 1255 1064 1286 pate-

270 1301 318 1329 bat
333 1301 432 1333 aditus,
451 1300 495 1334 qui
513 1299 595 1326 vitam
618 1303 731 1333 agerent
753 1297 929 1331 inculpatam,
943 1298 990 1325 sed
1014 1296 1063 1324 soli

270 1346 312 1375 fas
338 1350 398 1373 erat
427 1345 532 1381 ingredi
556 1351 663 1372 summo
685 1343 833 1376 sacerdoti,
857 1343 903 1378 qui
933 1342 1063 1370 nimirum

270 1393 389 1428 seipsum
414 1395 597 1424 consecrarat,
617 1394 646 1418 et
663 1397 771 1417 omnetn
797 1388 938 1416 mortalem
967 1395 1061 1424 rugam

1119 246 1308 283 μαθητεῧσοαι
1333 247 1373 282 τῷ
1396 247 1605 282 Παροιμιαπῇ,
1631 245 1677 273 καὶ
1701 245 1752 281 τὴν
1779 243 1906 280 ﬁuntth

1118 293 1270 328 φαντασίαν
1283 293 1480 327 καταπατήσας
1497 292 1536 327 τῷ
1551 291 1749 326 πεφοιτηκέναι
1774 290 1852 326 παρὰ
1868 290 1906 325 τῷ

1124 337 1324 373 Ἐκκλησιαττῇ
1341 336 1397 372 (28)
1409 357 1416 370 ,
1443 337 1493 363 οὐκ
1519 336 1553 364 ἂν
1570 337 1634 372 περὶ
1649 336 1679 363 τδ
1701 336 1755 362 τῶν
1775 335 1907 371 ᾀσμάτων

1116 380 1212 418 ’ᾼσμα
1232 383 1318 409 ἐλθὼν
1335 384 1376 414 είς
1392 383 1523 416 σαρκικὸν
1552 383 1599 409 καὶ
1615 382 1710 417 ἠθικὸν
1739 382 1796 417 (29)
1817 381 1906 417 ἔρωτα

1116 428 1287 464 ὀλισθήσειεν
1300 436 1307 444 ·
1325 428 1393 455 ἀλλὰ
1409 429 1473 463 περ).
1488 428 1533 455 τὸν
1546 428 1679 463 ἄχραντον
1694 428 1740 454 καὶ
1753 428 1825 454 θεῖον
1841 436 1907 454 πτε-

1118 475 1218 510 ρωθείη
1233 474 1360 509 νυμφίον,
1372 475 1417 501 τδν
1432 473 1585 509 μακαρῖους
1598 474 1662 506 τοὺς
1673 473 1827 508 τρωθέντα-ς
1842 475 1908 500 ἀπο-

1117 521 1255 556 φαίνοντα.
1272 521 1401 556 Παραινῶ
1430 518 1576 555 τοιγαροῦν
1589 520 1644 551 τοῖς
1657 519 1727 550 νέοις
1736 539 1744 551 ,
1761 518 1798 554 μὴ
1810 519 1908 553 πρότε-

1117 574 1164 602 ρον
1179 565 1311 592 ἅπτεσθαι
1332 565 1379 591 τοῦ
1393 565 1486 600 τρίτου
1505 564 1721 600 συγγράμματος
1731 583 1740 596 ,
1763 563 1829 599 πρὶν
1844 564 1861 599 ἢ
1875 563 1908 590 τὰ

1116 611 1146 637 ὲν
1164 613 1220 643 τοῖς
1238 611 1298 638 δυσὶ
1313 610 1527 646 κατορθώσειαν.
1543 611 1661 637 Ἀτοπον
1681 610 1746 646 γὰρ,
1765 609 1867 645 μᾶλλον
1880 610 1907 637 δὲ

1117 657 1312 692 ῥιψοκίνδυνον,
1327 657 1374 684 καὶ
1389 656 1465 692 παρὰ
1474 656 1537 688 τοὺς
1553 656 1700 691 μυστικοὺς
1713 649 1842 691 Θεσμοὺς,
1852 657 1906 687 τοῖς

1115 702 1222 734 ἀδύτοις
1235 702 1382 738 ἐπιπηδᾷν,
1398 702 1460 734 τοὺς
1481 702 1547 737 μηδὲ
1568 702 1622 729 τῶν
1637 701 1784 737 προθύρων
1802 701 1904 734 ἀξίους.

1117 749 1223 784 ’Ὠσπερ
1244 748 1298 782 γὰρ
1311 749 1339 774 ὲν
1354 747 1392 783 τῷ
1414 747 1470 783 ναῷ
1492 747 1527 774 τὰ
1547 748 1595 783 μὲν
1616 747 1668 781 ἔξω
1690 749 1772 775 πᾶσίν
1788 750 1841 775 εἰσι
1858 748 1906 783 βά-

1117 803 1184 829 σιμα
1196 801 1202 808 ·
1221 794 1254 821 τὰ
1268 794 1290 820 δ’
1303 794 1376 820 ἔνδον
1397 794 1457 829 ἱερὰ
1467 813 1474 825 ,
1488 794 1538 820 ὅσα
1549 794 1589 829 τῷ
1603 795 1840 830 περισχοινίσματι
1859 803 1906 821 τπ-

1118 839 1257 874 ριείληπτο
1271 859 1278 870 ,
1301 839 1369 874 βατὰ
1389 839 1454 866 ὄντα
1467 859 1474 871 ,
1497 841 1553 870 τοῖς
1575 839 1683 870 πολλοῖς
1709 839 1830 875 ἀνιέροις
1859 840 1906 866 καὶ

1119 885 1243 920 βεϐήλοις
1258 884 1346 911 ἄϐατα
1360 883 1405 920 ἦν·
1419 885 1454 912 τὰ
1468 884 1497 911 δὲ
1510 885 1582 911 ἔνδον
1600 885 1680 920 ἱερῶν
1698 884 1845 920 ἱερώτερα,
1860 885 1907 912 καὶ

1119 931 1205 965 ἁγίων
1219 931 1304 965 Ἀγια
1315 951 1323 964 ,
1337 928 1379 963 οἷς
1394 931 1455 958 οὐδὲ
1474 932 1531 963 τοῖς
1551 931 1598 958 τὸν
1613 931 1796 967 ἀνεπίληπτον
1816 931 1907 966 ἔχουσι

1119 977 1176 1012 βίον
1195 977 1323 1012 ἐπιϐῆναι
1338 974 1372 1013 ἦν
1386 976 1474 1012 θέμις,
1491 976 1559 1004 ἀλλὰ
1571 977 1610 1012 τῷ
1626 977 1749 1012 ἀρχιερεῖ
1770 977 1854 1012 μόνῳ,
1869 977 1908 1012 τῷ

1117 1023 1214 1050 ἑαυτὸν
1241 1023 1363 1058 δηλονότι
1390 1022 1585 1058 ἀφιερώσαντι,
1611 1024 1658 1050 καὶ
1683 1024 1776 1051 πᾶσαν
1807 1023 1908 1059 θνητὴν

1118 1069 1327 1104 ἁποσεισαμένῳ
1342 1068 1440 1103 κηλῖδα
1451 1077 1458 1084 ·
1476 1068 1547 1096 οὕτω
1564 1069 1634 1096 κάπὶ
1648 1069 1704 1096 τῶν
1719 1069 1833 1104 βιὸλίων
1846 1069 1908 1095 τοὺ-

1117 1122 1171 1141 των
1186 1113 1341 1141 διακεῖσθαι
1354 1113 1419 1146 τοὺς
1433 1114 1512 1146 νέους
1533 1113 1598 1150 χρὴ,
1617 1114 1726 1149 πρῶτον
1742 1115 1792 1151 μὲν
1803 1117 1838 1151 τῇ
1855 1116 1908 1142 τῶν

1117 1160 1191 1195 ἠθῶν
1209 1160 1416 1196 λαμπρύνεσθαι
1440 1160 1541 1196 ἀρετῇ·
1568 1160 1664 1188 ἔπειτα
1690 1161 1908 1195 καταγινώσκειν

1117 1206 1166 1240 τῆς
1182 1205 1235 1232 τῶν
1249 1205 1382 1240 βιωτικῶν
1397 1206 1568 1241 πραγμάτων
1582 1206 1737 1238 οιῐμδενείας⁹
1754 1207 1805 1234 καὶ
1820 1206 1908 1239 οὕτως

1118 1251 1239 1287 ἅψασθαι
1253 1252 1308 1278 τῶν
1324 1253 1381 1285 τοῖς
1410 1252 1519 1284 πολλοῖς
1543 1252 1707 1287 ἀνεφίκτων.
1731 1254 1762 1280 0i
1778 1253 1833 1289 γὰρ
1856 1254 1908 1286 ἔξω

1118 1297 1355 1333 περιρραντηρίων
1373 1295 1444 1324 εἶναι
1460 1297 1614 1331 ὀφείλοντες
1624 1318 1631 1330 ,
1647 1298 1673 1324 εί
1687 1297 1907 1334 φιλονεικήσειαν

1119 1343 1157 1378 μὴ
1172 1343 1388 1379 μεμυημένοιτῇ
1399 1343 1460 1378 Θείᾳ
1475 1342 1581 1378 τελετῇ,
1598 1343 1794 1378 ῥιψοκινδύνως
1806 1345 1910 1371 suum-

1119 1389 1214 1424 μᾶσαι,
1232 1388 1311 1424 δίκην
1325 1388 1440 1416 δώσουσι
1455 1389 1504 1425 τὴν
1518 1389 1646 1425 ἐσχάτην.

270 1439 502 1475 deposueratzsic
519 1439 602 1466 etiam
626 1445 691 1473 erga
708 1438 790 1465 hosce
806 1437 960 1464 Salomonis
978 1436 1062 1465 libros
1081 1435 1169 1465 aﬂ‘ecti
1183 1445 1243 1465 esse
1254 1437 1352 1465 debent
1382 1438 1589 1466 adolescentes:
1608 1442 1635 1466 et
1648 1438 1767 1474 primum
1797 1439 1908 1474 quidem

270 1487 390 1514 omnium
413 1485 555 1521 splendere
576 1493 682 1513 morum
698 1485 807 1519 virtute,
826 1485 924 1513 deinde
955 1493 1019 1513 vero
1036 1492 1127 1513 rerum
1155 1485 1189 1513 ad
1213 1486 1283 1514 hanc
1317 1486 1398 1513 vitam
1439 1486 1632 1522 pertinentium
1657 1486 1808 1514 nullitatem
1829 1491 1909 1522 atque

271 1532 429 1560 inanitatem
443 1532 642 1559 condemnare:
654 1536 681 1559 et
696 1532 736 1559 sic
748 1532 857 1560 demum
870 1539 900 1560 ea
916 1533 1060 1568 attingere,
1081 1540 1143 1568 qua:
1158 1532 1252 1569 vulgus
1273 1533 1412 1560 hominum
1446 1533 1553 1568 assequi
1568 1533 1669 1568 nequit.
1683 1532 1752 1560 Nam
1787 1533 1834 1568 qui
1849 1541 1907 1561 cum

270 1585 348 1608 extra
366 1584 441 1614 septa
462 1587 524 1607 esse
546 1579 672 1613 debeant,
688 1580 710 1608 si
728 1580 873 1608 temerario
891 1588 960 1608 ausu
979 1580 1007 1608 in
1021 1587 1100 1609 sacra
1133 1580 1223 1609 divina
1241 1588 1294 1609 non
1329 1580 1428 1608 initiati
1463 1580 1567 1608 irruere
1599 1580 1836 1616 praesumpserint,
1852 1587 1908 1616 pte-

272 1635 322 1654 nas
338 1627 439 1654 dabunt
453 1632 601 1655 extremas.

536 1682 604 1710 XLI.
621 1698 655 1703 —
669 1683 796 1712 Ρετιιο.

309 1724 342 1753 In
356 1725 433 1760 illud,
453 1735 464 1753 ι
486 1725 547 1754 Non
569 1735 626 1755 nu
640 1728 829 1763 elumorynam
844 1737 934 1756 coram
947 1729 1030 1757 [tanti-

498 1763 573 1790 nibus
590 1765 764 1791 exercendam
776 1765 798 1791 '.
818 1773 828 1790 ι

307 1826 392 1855 Miror
404 1828 526 1862 equidem
543 1833 625 1862 tuam,
638 1837 719 1864 quam
736 1831 828 1864 debes,
843 1832 1062 1867 imprudentiam.

272 1873 365 1909 Neque
377 1874 449 1902 enim
470 1882 503 1902 eo
523 1880 548 1902 te
569 1875 712 1903 dementia-
735 1876 888 1912 prolapsum
910 1885 970 1905 esse
987 1878 1063 1906 arbi-

274 1925 331 1947 tror
347 1925 374 1946 ut
390 1920 541 1952 existimes,
557 1927 604 1947 eos
619 1922 664 1956 qui
680 1922 874 1950 misericordia:
889 1930 970 1958 opera
986 1930 1064 1951 exer-

273 1971 344 1997 cent,
354 1966 400 1993 sed
409 1974 439 1993 ea
446 1971 594 1999 ostentant,
609 1967 756 1996 deteriores
763 1976 822 1996 esse
832 1969 897 2001 illis,
904 1969 949 2004 qui
961 1977 991 1996 ea
1004 1969 1063 2005 pla-

273 2018 307 2038 ne
317 2018 369 2038 non
384 2016 519 2038 exercent.
534 2011 589 2046 Ego
604 2019 677 2046 vero,
692 2014 756 2048 quid
774 2015 826 2042 hac
842 2015 875 2043 de
890 2022 919 2043 re
935 2016 1061 2050 sentiam,

272 2063 416 2090 exponam.
430 2057 514 2093 434
527 2057 573 2085 Ille
587 2059 695 2094 proprie
709 2060 825 2088 maxime
836 2068 888 2096 que
900 2066 942 2089 cst
958 2062 1064 2089 miseri-

273 2109 344 2134 cors,
360 2103 405 2137 qui
421 2103 625 2130 beneﬁcentiam
640 2105 748 2140 quidem
760 2110 886 2140 exercet;
901 2114 954 2134 non
972 2111 1062 2134 tamen

273 2147 392 2183 divulgat
409 2155 502 2176 eorum
518 2149 616 2183 quibus
632 2149 731 2177 benetit
744 2150 914 2178 calamitates
934 2159 966 2178 ac
980 2153 1063 2179 misc-

255 2217 258 2219 .
273 2194 337 2222 rias.
353 2194 381 2221 Si
395 2194 456 2229 quis
470 2195 496 2222 id
511 2194 593 2222 iaciat
621 2195 708 2231 ipsius
727 2195 834 2224 honesti
852 2204 943 2230 causa,
963 2197 986 2225 is
1002 2205 1063 2225 ma-

271 2240 358 2274 jorem
382 2240 492 2267 habebit
519 2242 682 2275 mercedem,
708 2249 751 2276 eo,
773 2242 819 2278 qui
843 2243 976 2271 mercedis
999 2251 1064 2279 ergo

274 2285 343 2312 idem
366 2284 452 2318 facit;
473 2285 496 2312 si
517 2293 580 2314 vero
599 2287 634 2314 ob
655 2287 807 2315 mercedem
827 2287 943 2315 divinam
960 2308 968 2320 ,
996 2288 1019 2316 is
1037 2289 1063 2316 in

248 2353 255 2359 .
273 2332 390 2358 secunda
408 2331 495 2359 classe
523 2332 708 2360 collocabitur.
735 2333 762 2361 Si
780 2333 842 2368 quis
866 2338 956 2361 autem
976 2334 1063 2362 laudis

1373 1684 1442 1715 MA'.
1463 1699 1494 1705 —
1515 1684 1642 1721 nE'iPt).

1114 1731 1168 1764 εις
1181 1730 1296 1766 τόἸΜὴ
1316 1731 1413 1767 ποιεῖν
1429 1731 1488 1765 τὴν
1505 1731 1718 1766 ἐλεημοσύνην
1733 1732 1906 1767 ἔμπροσθεν

1370 1766 1430 1793 τῶν
1445 1767 1618 1801 ἀνθρώπων.
1639 1776 1649 1793 ι

1150 1833 1289 1869 Θαυμάζω
1306 1842 1352 1860 σου
1377 1833 1425 1869 τὴν
1444 1833 1690 1870 κεχρεωστημένην
1710 1833 1768 1870 (30)
1787 1834 1907 1870 ἀφροσύ-

1114 1888 1174 1915 νην.
1190 1880 1228 1906 Οὐ
1243 1880 1297 1916 γὰρ
1310 1877 1387 1915 οἶμαί
1402 1888 1430 1906 σε
1447 1881 1487 1912 είς
1508 1879 1644 1915 τοσαύτην
1663 1880 1758 1908 ἄνοιαν
1775 1880 1906 1915 ἐληλακέ-

1114 1934 1170 1957 ναι,
1185 1925 1222 1958 ὠς
1247 1926 1367 1961 νομίσαι,
1389 1925 1451 1957 τοὺς
1464 1925 1607 1958 ἐλεοῦντας
1623 1926 1683 1961 μὲν,
1710 1925 1904 1961 ἐπιδεικνυμέ-

1114 1980 1177 2004 νους
1191 1972 1230 2008 δὲ,
1248 1972 1302 1998 τῶν
1330 1971 1368 2008 μὴ
1393 1971 1540 1998 ἐλεούντων
1557 1971 1665 2008 χείρους
1686 1969 1769 1998 εἶναι.
1795 1971 1865 2006 Ἐγὼ
1877 1971 1905 1998 δὲ

1113 2016 1152 2049 ὡς
1165 2017 1220 2053 ἔχω
1234 2016 1349 2052 γνώμης
1365 2017 1430 2052 περὶ
1450 2016 1554 2043 τούτων
1577 2017 1676 2051 φράσω
1689 2024 1695 2030 ·
1714 2017 1757 2043 ὅτι
1782 2016 1905 2052 ἐλεήμων

1115 2062 1166 2097 μέν
1178 2062 1236 2088 ἐστι
1258 2061 1360 2096 κυρίως
1383 2062 1498 2094 ἐκεῖνος,
1514 2062 1528 2088 ὁ
1541 2060 1693 2097 εὐεργετῶν
1709 2061 1760 2096 μὲν
1775 2083 1782 2095 ,
1807 2062 1845 2097 μὴ
1859 2062 1906 2088 ὲκ-

1115 2105 1263 2141 πομπεύων
1278 2106 1306 2133 δὲ
1331 2106 1379 2136 τὰς
1394 2106 1448 2134 τῶν
1466 2103 1496 2133 εὖ
1515 2106 1675 2142 πασχόντων
1693 2106 1851 2141 συμφοράς.
1873 2106 1903 2132 Et

1116 2151 1166 2188 μὲν
1181 2144 1236 2187 γᾶρ
1251 2151 1286 2178 δι’
1301 2151 1367 2179 αὐτὸ
1380 2152 1411 2178 τὸ
1424 2151 1507 2178 καλόν
1527 2160 1568 2184 τις
1583 2151 1708 2187 πράξειε,
1726 2151 1843 2187 μείζονα
1851 2151 1905 2187 ἔχει

1113 2197 1160 2224 τὸν
1178 2196 1273 2231 μισθὸν
1303 2195 1349 2223 τοῦ
1373 2196 1418 2223 διὰ
1447 2196 1542 2232 μισθὸν
1565 2196 1630 2224 αὐτὸ
1647 2196 1810 2229 ποιοῦντος·
1837 2197 1861 2222 εί
1879 2196 1906 2222 δὲ

1114 2241 1158 2269 διὰ
1177 2241 1272 2277 μισθὸν
1285 2241 1368 2273 θεῖον,
1387 2242 1416 2268 ὲν
1430 2240 1547 2276 δευτέρᾳ
1566 2240 1641 2274 τάξει
1659 2240 1804 2274 τετάξεται
1819 2249 1826 2256 ·
1841 2241 1865 2267 εἰ
1878 2240 1906 2267 δὲ

1113 2286 1148 2312 δι’
1161 2285 1272 2313 ἔπαινον
1288 2286 1371 2319 ποιεῖ,
1384 2285 1441 2318 ἔξει
1460 2285 1540 2312 τοῦτο
1552 2285 1586 2312 δι’
1600 2285 1615 2311 ὃ
1630 2285 1678 2312 καὶ
1693 2285 1858 2320 πεποίηκεν.
1879 2284 1907 2310 Ὀ

1115 2331 1144 2357 δὲ
1161 2332 1229 2367 μήτε
1253 2330 1287 2357 δι’
1301 2331 1368 2357 αὐτὸ
1383 2331 1414 2357 τὸ
1429 2331 1522 2364 καλὸν,
1540 2333 1609 2366 μήτε
1624 2331 1670 2358 διὰ
1696 2331 1743 2358 τὸν
1765 2331 1840 2357 Θεῖον
1861 2338 1906 2365 μι-

274 2376 344 2411 apud
367 2377 489 2404 homines
503 2379 697 2413 consequenda‘.
715 2379 801 2413 gratia
822 2378 848 2406 id
868 2377 942 2412 facit,
963 2379 986 2408 is
1009 2380 1059 2408 hoc

1116 2376 1196 2410 σῦδν,
1214 2374 1327 2413 μήτεδϋ
1353 2377 1522 2413 ἀνθρώπινον
1547 2377 1656 2404 ἔπαινον
1679 2377 1768 2404 ποιῶν
1789 2377 1822 2403 τὸ
1837 2377 1904 2408 δέον,

273 2422 373 2456 ipsum,
390 2421 466 2456 cujus
482 2423 567 2457 gratia
588 2423 715 2456 faciebat,
730 2423 851 2452 habebit.
864 2424 900 2452 At
914 2425 959 2460 qui
974 2432 1061 2460 neque

275 2467 360 2502 ipsius
387 2468 540 2495 honestatis
571 2476 664 2501 causa,
693 2477 781 2504 neque
809 2475 917 2505 propter
942 2470 1060 2498 divinam

273 2513 436 2546 mercedem,
458 2519 545 2547 neque
571 2518 678 2547 propter
702 2513 846 2541 humanam
870 2514 975 2541 laudem
998 2514 1062 2542 facit

272 2558 390 2586 oilicium
411 2567 417 2586 :
437 2558 460 2586 is
481 2558 546 2585 mihi
571 2565 604 2585 ne
624 2559 708 2586 homo
728 2559 836 2594 quidem
860 2566 920 2587 esse
939 2560 1056 2593 videtur,

308 2636 318 2652 ³
333 2635 426 2663 Matth.
440 2643 477 2668 VI,
494 2636 522 2668 5,
542 2636 569 2663 Il.

1112 2423 1171 2449 οὐδὲ
1192 2422 1334 2458 ἄνθρωπος
1347 2420 1418 2450 εἰναι
1443 2431 1489 2458 μοι
1502 2423 1595 2456 δοκεῖ,
1619 2422 1676 2449 ἀλλ’
1691 2422 1838 2458 ἀλιτήριος
1849 2421 1905 2448 δαίο

1113 2478 1182 2506 μων.
1205 2470 1245 2497 Δι’
1263 2470 1297 2506 ἢν
1317 2471 1408 2497 τοίνυν
1434 2469 1524 2498 αἰτίαν
1538 2470 1570 2496 σὺ
1592 2469 1647 2496 τῶν
1665 2468 1747 2495 θείων
1775 2467 1906 2504 χρησμῶν

1112 2515 1243 2548 ἀκούσας,
1278 2515 1544 2551 παρακελευομένων
1570 2515 1608 2551 μὴ
1623 2516 1711 2542 ποιεῖν
1727 2514 1780 2550 τὴν
1795 2515 1907 2549 ἐλεημο-

1111 2562 1194 2597 σύνην
1211 2561 1367 2598 ἔμπροσθεν
1387 2562 1443 2588 τῶν
1457 2561 1619 2597 ἀνθρώπων,
1635 2561 1667 2588 οὐ
1690 2561 1737 2588 διὰ
1753 2561 1908 2597 φιλοδοξίαν

818 2694 934 2722 νΑιιιιΕ
954 2695 1148 2725 LECTIONES
1168 2695 1213 2724 ET
1233 2697 1350 2725 NOTAE.

306 2770 363 2808 (‘28)
380 2771 451 2804 Hac,
465 2772 511 2800 καὶ
524 2771 719 2809 τὴννβιῳτικῆν
729 2791 777 2809 _....
792 2773 868 2809 παρὰ
879 2772 918 2808 τῷ
940 2772 1057 2809 Ἐκκλη-

271 2809 380 2841 σιαστῇ,
395 2808 536 2835 omittebat
551 2807 595 2835 ed.
624 2807 709 2834 Paris.
729 2807 918 2836 Restituuntur
934 2816 948 2835 e
962 2807 1056 2837 codice

273 2841 401 2870 Vaticano
415 2850 457 2878 ap.
470 2841 619 2871 Possinum.
637 2841 716 2869 Ευιτ.

1147 2775 1204 2811 (29)
1222 2775 1279 2811 Pro
1297 2775 1394 2810 ἠθικόν
1413 2775 1482 2803 idem
1499 2776 1559 2803 cod.
1579 2775 1642 2809 legit
1653 2773 1762 2811 ὑλικόν.
1780 2773 1887 2811 Bessis.

1145 2808 1203 2872 830)
1221 2808 1328 2838 γει-5.]
1352 2819 1395 2845 ep.
1412 2819 1460 2845 pro
1477 2808 1729 2845 κεχρεωστημένην
1751 2808 1816 2837 eod.
1844 2808 1904 2835 Vat.

1109 2846 1144 2872 65
1179 2846 1260 2872 habet
1275 2846 1478 2872 κενοωσιιένην.
1492 2845 1595 2872 Possm.

1179 2846 1260 2874 habet
1275 2846 1478 2882 κεχρωσμένην.
1492 2845 1599 2886 Ρυεοειιιἱ
