2040 3161
114 134 123 165 1
129 135 178 166 093

551 134 819 165 EPISTOLARUM
837 134 910 164 LIB.
932 135 980 165 IV.
999 148 1034 154 ν-
1053 137 1172 167 EPIST.
1185 138 1294 170 XLIII.

1673 139 1742 173 1οΜ

113 187 273 224 ἁνεχὸμενός
289 197 316 215 τι
340 189 428 215 ποιεῖν
448 189 579 224 χρηστὸν,
589 189 659 219 ποὺς
679 188 724 215 διὰ
746 188 898 223 φιλοτιμίαν

954 188 1002 216 sed
1027 191 1194 224 perniciosus
1215 192 1323 226 quidam
1345 196 1371 220 et
1391 193 1488 221 noxius
1512 192 1628 221 daemon.
1651 193 1740 227 Quare

113 234 253 265 ποιοῦντας
268 234 359 269 alui;
375 231 453 269 ὐσῳ
462 234 517 269 γὰρ
534 233 667 269 κρείττων
690 233 705 259 ὁ
719 233 763 260 διὰ
780 233 829 269 τὴν
843 232 897 260 τῶν

112 280 258 314 ἀνθρώπων
280 279 359 312 δόξαν
380 279 558 315 σωφροσύνην
582 280 685 312 ἀσκῶν,
700 279 748 306 τοῦ
768 280 835 315 μηδὲ
853 278 898 305 διὰ

111 326 211 361 ταύτην
226 325 430 360 σωφρονοῦντος
440 333 447 340 ·
470 325 598 352 τοσοῦτον
614 326 628 352 6
644 325 687 351 διὰ
702 325 853 359 φιλοδοξίαν
867 323 898 352 εὖ

113 374 205 407 ποιῶν,
229 373 275 401 τοῦ
299 373 422 408 μηδόλως
444 370 473 400 εὖ
493 373 632 404 ποιοῦντος
649 372 778 407 ἀμείνων.
809 373 838 399 Ὁ
855 373 904 407 μὲν

112 419 165 454 γὰρ
180 420 242 451 τοὺς
264 417 444 454 ἀνθρώπους,
461 418 475 443 ὁ
501 418 530 445 δὲ
556 417 619 444 οὔτε
647 418 712 450 τοὺς
741 417 904 453 ἀνθρώπους

112 465 170 491 οὐδὲ
185 465 230 491 τὸν
245 464 311 490 Θεὸν
326 463 439 498 ᾐδέσθη.

113 517 193 540 latent
208 517 235 540 et
249 513 468 545 temperantiam,
488 518 531 543 eo,
551 513 599 545 qui
615 517 648 537 ne
664 510 771 545 quidem
794 514 903 545 propter
922 509 992 538 hanc
1006 514 1162 545 temperans
1196 515 1224 538 et
1245 517 1336 539 castus
1350 516 1391 540 est
1412 522 1419 540 :

954 234 1045 270 igitur,
1064 237 1157 270 tu,qui
1176 237 1265 264 divina
1277 239 1385 266 oracula
1401 240 1540 272 audivisti,
1566 240 1740 268 adtnonentia

952 288 986 308 ne
1001 280 1131 309 faciamus
1151 282 1348 319 eleemosynam
1372 292 1463 312 coram
1487 286 1650 319 hominibus,
1676 294 1738 313 cum

953 325 1010 359 ipse
1032 332 1067 352 ne
1093 326 1199 360 quidem
1226 327 1317 361 gloria:
1341 330 1485 363 cupiditate
1501 331 1631 358 adductus
1657 331 1738 366 quid~

954 379 1034 408 quam
1057 372 1120 399 boni
1144 372 1232 400 facere
1251 374 1396 406 sustineas,
1412 383 1458 403 eos
1481 377 1525 410 qui
1548 384 1595 411 per
1614 377 1741 404 ambitio-

955 425 1017 444 nem
1035 417 1139 452 aliquid
1153 417 1256 444 faciunt
1271 419 1465 452 reprehendis?
1483 420 1587 453 Quanto
1599 423 1671 448 enim
1684 430 1740 450 me-

956 461 1007 489 lior
1021 467 1062 489 est
1075 463 1097 490 is
1116 463 1160 498 qui
1179 468 1289 498 propter
1299 464 1435 491 hominum
1453 466 1564 499 gloriam
1579 467 1643 494 colit
1656 468 1738 495 casti-

1456 518 1530 541 tanto
1548 515 1630 541 etiam
1655 515 1678 542 is
1694 515 1739 550 qtti

113 559 176 587 facit
201 560 400 594 eleemosynant
433 558 525 592 gloriae
559 558 757 592 consequentia
793 558 898 590 studio,
920 557 1007 585 altero
1042 558 1087 593 qui
1121 558 1200 592 plane
1222 565 1273 586 non
1291 558 1369 591 facit,
1389 555 1484 587 niclior
1503 565 1554 588 est.
1572 560 1645 587 Alter
1666 561 1739 587 enim

113 605 233 632 homines
248 603 361 636 saltent;
381 603 450 630 alter
470 610 534 630 vero
554 609 642 637 neque
664 602 798 635 homines,
820 609 906 637 neque
926 603 1009 630 Deum
1023 608 1063 631 est
1077 604 1220 631 reveritus.

369 661 437 688 MB'.
453 676 487 680 —
502 661 635 697 ΜΑΡΚῼ.

112 707 162 735 Διὰ
173 708 203 734 τι
217 707 269 733 τὸν
280 707 417 741 μέθυσον
434 706 482 733 καὶ
503 708 556 733 τὸν·
575 707 707 741 ιοίδορον
719 708 736 734 ὀ
757 707 899 734 Ἀπόστο-

145 744 199 810 ,ἐος
223 743 295 777 μετὰ
312 742 373 769 τῶν
388 741 423 768 τὰ
446 741 574 776 μέγιστα
596 742 810 777 ἡμαρτηκότων
830 743 897 769 ἕτα-

166 786 210 805 εν.

1208 663 1287 691 XLII.
1303 679 1338 685 —
1351 663 1481 691 MARCO.

953 707 1042 749 Quare
1062 708 1193 749 ebriosum
1216 715 1239 736 ει
1264 710 1421 749 maledicum
1442 710 1581 749 Apostolus
1598 711 1738 749 intentos,

986 745 1030 778 qui
1047 745 1163 770 maxima
1179 746 1364 772 commiserunt
1383 750 1499 780 peccata,
1519 746 1653 772 collocarit
1667 746 1688 772 ³.

146 832 302 868 Θαυμάζειν
315 832 394 868 ἔφης,
420 833 479 865 πῶς
495 833 540 859 τὸν
557 833 674 869 μέθυσον
688 833 736 859 καὶ
754 832 800 859 τὸν
814 832 898 859 λοίδο-

987 834 1078 862 Mirari
1093 841 1118 863 te
1130 836 1250 869 dicebas,
1262 845 1314 872 qua
1328 836 1433 864 ratione
1448 837 1592 872 Apostolus
1603 837 1738 865 ebriosum

112 888 158 915 ρον
173 880 186 906 6
206 880 364 911 Ἀπόστολος
384 879 454 915 μετὰ
467 879 521 906 τῶν
541 879 643 915 μοιχῶν
659 879 771 906 καὶτῶν
785 880 900 913 ἡταιρη-

111 926 198 952 κότων
218 925 306 958 ἔταξε.
335 926 408 962 Φημὶ
425 926 525 958 τοίνυν,
546 926 586 952 ὅτι
611 927 636 952 εἰ
664 926 714 961 μὲν
736 926 787 961 τὴν
813 925 899 960 αὐτὴν

110 971 224 1003 ἐκείνοις
248 972 348 1007 ἔφησεν
374 972 473 1003 αὐτοὺς
488 971 584 998 δώσειν
605 971 694 1008 δίκην,
717 971 794 998 λύσιν
815 971 899 1007 ἐχρῆν

110 1017 258 1053 ἐπιζητεῖν.
272 1018 305 1044 Εἰ
326 1017 354 1044 δὲ
370 1018 420 1053 τῆς
445 1017 584 1053 βασιλείας
607 1017 708 1052 ὁμοίως
725 1017 838 1049 ἐκείνοις
853 1018 900 1043 ὲκ-

111 1062 251 1089 πεσεῖσθαι
274 1062 337 1098 ἔφη,
355 1062 389 1089 δι’
413 1063 447 1097 ἣν
463 1064 552 1089 αίτίαν
568 1062 683 1097 αἴνιγμά
707 1071 749 1089 σοι
773 1063 846 1089 δοκεῖ
869 1063 900 1089 τὺ

110 1109 210 1144 ρηθέν;
229 1108 311 1136 Ἀλλο
327 1109 381 1144 γὰρ
397 1108 427 1135 τὸ
442 1109 546 1142 εἰπεῖν,
567 1110 608 1136 ὅτι
632 1109 684 1142 ἔξω
704 1109 795 1144 πάσης
816 1109 899 1144 τιμῆς

111 1162 138 1181 τε
156 1155 203 1181 καὶ
221 1155 300 1189 δόξης
324 1155 461 1182 κείσονται
473 1174 481 1186 .
497 1156 545 1182 καὶ
569 1155 643 1188 ἄλλο,
661 1155 690 1181 τὸ
716 1155 820 1190 φάναιο
842 1155 898 1191 Τὴν

109 1200 192 1235 αὐτὴν
208 1200 322 1226 δώσουσι
345 1200 432 1235 δίκην.
449 1200 487 1226 Οὐ
504 1201 558 1236 γὰρ
582 1198 676 1229 εἶπεν
699 1200 754 1236 Τὴν
771 1200 832 1236 ἴσην
848 1199 899 1226 δώ-

111 1254 184 1272 σουσι
199 1246 286 1281 δίκην,
302 1246 316 1272 ὂ
333 1245 364 1272 σὺ
382 1246 446 1277 ἴσως
464 1246 500 1281 μὴ
516 1246 614 1282 νοήσας
630 1246 659 1272 τὸ
675 1247 756 1282 ῥηθὲν
770 1247 899 1281 ἐνόμισας

109 1290 253 1326 εἰρῆσθαι,
273 1290 358 1322 ἀλλὰ,
379 1299 388 1316 ι
417 1291 561 1317 Βασιλείαν
578 1291 644 1318 Θεοῦ
669 1292 699 1317 οὐ
724 1292 896 1327 κληρονομή-

109 1345 195 1363 σουσι.
216 1346 225 1362 ι
242 1337 296 1372 Τῆς
310 1337 358 1372 μὲν
375 1337 428 1372 γὰρ
442 1337 531 1372 δόξης,
548 1337 626 1373 φησὶ,
637 1337 718 1364 παντὶ
733 1338 826 1373 τρόπῳ
845 1338 898 1370 ἔξω

109 1383 246 1410 πείσονται
260 1391 266 1397 ·
283 1383 350 1418 πρὸς
364 1383 392 1409 δὲ
409 1384 458 1418 τὴν
480 1383 616 1419 ποσότητα
633 1384 679 1410 καὶ
693 1384 742 1419 τὴν
766 1385 898 1419 ποιότητα

108 1429 156 1456 καὶ
168 1428 337 1463 πηλικότητα
351 1429 406 1463 (51)
419 1429 474 1455 τῶν
488 1429 696 1464 ἁμαρτημάτων
710 1429 896 1465 κριθήσονται.

109 1474 200 1508 Πολλὴ
217 1473 272 1509 γὰρ
288 1474 335 1500 τοῦ
353 1474 426 1501 Θείου
440 1474 617 1509 δικαστηρίου
637 1475 653 1511 ἡ
669 1474 807 1510 ἀκρίδεια.

951 885 977 908 et
998 882 1159 909 maledicum
1177 883 1203 910 in
1226 883 1319 910 eodem
1336 883 1412 917 quasi
1427 890 1510 910 ccnsu
1528 891 1587 910 cum
1609 884 1739 911 adulteris

952 931 979 954 et
996 928 1192 955 scortatoribus
1205 928 1354 956 collocarit.
1370 929 1420 956 Aio
1438 929 1528 963 itaque
1546 938 1552 956 :
1571 929 1599 956 Si
1617 929 1738 956 eamdem

950 979 1010 999 cum
1027 973 1067 1000 his
1081 981 1187 1008 pteuam
1201 974 1338 1001 subituros
1353 982 1399 1002 eos
1412 975 1533 1008 dixisset,
1548 980 1602 1001 tum
1617 983 1681 1003 vero
1692 982 1737 1002 so-

951 1018 1078 1047 lutionem
1100 1019 1197 1054 (hujus
1217 1019 1410 1056 dubitationis)
1432 1020 1570 1055 inquirere
1591 1026 1737 1055 oporteret.

950 1065 1015 1092 Cum
1036 1070 1124 1093 autem
1146 1073 1193 1093 eos
1215 1073 1291 1101 atque
1311 1071 1392 1100 atque
1412 1066 1477 1092 istos
1499 1074 1581 1101 regno
1603 1067 1738 1101 (ccelesti)

950 1111 1108 1138 frustratum
1122 1111 1153 1138 iri
1169 1111 1267 1138 dixerit
1284 1119 1290 1137 :
1307 1111 1370 1146 quid
1389 1119 1479 1138 causm
1496 1117 1546 1144 est,
1565 1119 1613 1138 cur
1628 1112 1653 1139 id
1667 1112 1738 1146 quod

949 1155 1051 1183 dictum
1071 1157 1123 1188 est;
1143 1156 1290 1183 obscurum
1308 1155 1354 1181 tibi
1376 1153 1462 1181 instar
1477 1155 1628 1189 mnigmatis
1646 1155 1738 1181 videa-

950 1200 1104 1228 tur?Aliud
1127 1202 1198 1228 enim
1215 1204 1272 1233 est,
1294 1200 1393 1231 dicere.
1413 1205 1490 1227 extra
1514 1207 1623 1227 omnem
1651 1200 1738 1226 hono-

949 1255 1006 1274 retn
1026 1251 1052 1274 et
1069 1246 1180 1281 gloriam
1206 1253 1253 1273 eos
1275 1245 1334 1273 fore
1355 1246 1516 1272 constitutos
1532 1266 1539 1278 ,
1563 1249 1590 1272 et
1609 1245 1679 1272 aliud
1696 1245 1739 1272 di-

949 1301 1022 1326 cere,
1039 1293 1097 1328 pari
1114 1292 1246 1328 supplicio
1263 1292 1389 1319 aﬂ‘ectum
1411 1291 1456 1318 iri.
1473 1291 1529 1318 Non
1549 1292 1620 1318 enlnt
1645 1291 1713 1318 dixit
1729 1299 1736 1317 :

949 1339 1033 1367 Pares
1054 1339 1155 1366 dabttut
1171 1345 1265 1373 ptnnas
1287 1337 1375 1373 (quod
1397 1341 1424 1363 tu
1447 1336 1571 1364 fortassis
1593 1344 1644 1363 non
1664 1336 1739 1363 intel-

949 1385 1018 1413 lecto
1052 1383 1181 1419 Paulino)
1208 1384 1281 1410 dicto
1312 1383 1414 1418 putasti
1452 1383 1553 1409 dictum
1580 1389 1651 1413 esse,
1677 1382 1736 1412 sed,

952 1439 962 1456 ι
985 1437 1096 1465 regnum
1120 1429 1169 1456 Dei
1199 1436 1251 1456 non
1266 1428 1452 1464 possidebunt.
1469 1437 1478 1453 ι
1499 1427 1565 1454 Nam
1589 1432 1665 1454 extra
1682 1427 1740 1461 glo-

949 1475 1017 1503 riam
1038 1475 1158 1510 quidem,
1174 1474 1271 1508 inquit,
1289 1474 1400 1501 onmino
1423 1472 1504 1507 positi
1522 1477 1616 1505 erunt;
1636 1472 1738 1498 interea

107 1527 198 1549 tamen
215 1523 362 1551 secundum
379 1523 556 1557 quantitatem
577 1527 604 1550 et
626 1522 782 1557 qualitatem
812 1527 840 1551 et
875 1531 1017 1552 numerum
1058 1526 1231 1558 peccatorum
1251 1521 1456 1556 judicabuntur.
1490 1521 1587 1556 Magna
1610 1520 1682 1548 enim
1707 1527 1739 1547 ac

109 1570 252 1605 multiplex
265 1575 305 1597 est
322 1570 405 1597 divini
421 1568 516 1603 iudicii
532 1570 687 1604 exquisitio.

243 1627 310 1654 Ml".
327 1641 362 1647 -
378 1625 495 1653 IEPAKI
514 1626 762 1662 ΛΑΜΗΡΟΤΑΤῼ.

110 1683 196 1716 Τινος
209 1683 228 1718 ή
247 1683 353 1710 ἔννοια
372 1682 425 1710 τοῦ
446 1682 646 1746 ἕῇκόρακος
659 1682 821 1718 τρέφεσθαι
843 1682 898 1711 τὸν

498 1726 559 1744 Lar.

498 1726 559 1744 ιαν.

144 1775 232 1808 Ἴσθι,
251 1771 273 1802 ὦ
288 1775 363 1809 σοφὲ,
389 1774 430 1801 ὄτι
450 1775 467 1809 ἡ
488 1773 564 1810 πηγὴ
586 1775 635 1810 τῆς
657 1774 824 1809 ἀγαθότητος
847 1774 897 1811 τὴν

105 1821 214 1848 δικαίαν
238 1820 284 1847 τοῦ
311 1821 450 1856 προφήτου
468 1820 539 1847 κατὰ
560 1819 694 1846 Ἰουδαίων
709 1820 897 1856 ἀγανάκτησιν

107 1865 228 1900 ἐκμάξαι
245 1866 303 1902 (52)
328 1865 476 1901 βουλομένη
501 1865 591 1900 (λιμὸν
605 1865 659 1900 γὰρ
679 1866 837 1901 ἐπήγαγεν,
853 1866 897 1893 ἵνα

105 1913 153 1939 τὸν
162 1913 241 1947 κόρον
251 1911 284 1938 ΰδ
288 1921 328 1947 ριν
337 1912 465 1938 ὠδίνοντα
471 1911 631 1947 σωφροσύνη
641 1911 805 1946 σωφρονίσαι
816 1912 896 1948 (55))-

106 1959 316 1994 παρεσκεύασεν
345 1957 427 1985 αὑτὸν
445 1957 489 1984 διὰ
506 1957 624 1993 κόρακος
643 1958 802 1994 τρέφεσθαι,
820 1967 898 1994 μισο-

105 2004 204 2031 τέκνου
221 2003 323 2039 πτηνοῦ
333 2023 341 2037 ,
358 2003 405 2030 καὶ
419 2003 556 2036 τίκτοντος
575 2003 636 2039 μὲν,
652 2004 683 2030 οὐ
697 2004 842 2040 τρέφοντος
855 2004 894 2031 δέ·

103 2051 146 2077 διὸ
176 2051 223 2077 καὶ
236 2051 250 2077 6
268 2050 396 2085 Μελῳδδς
427 2049 515 2077 καίτοι
532 2049 623 2085 πάσης
639 2050 688 2085 τῆς
713 2050 828 2083 κτίσεως
847 2059 897 2085 φυ-

104 2095 178 2132 σικῷ
195 2096 267 2132 λόγῳ
281 2097 320 2128 εἰς
336 2095 382 2122 τὸν
404 2095 575 2131 Δημιουργὺν
596 2095 818 2130 ἀποϐλεπούσης·
838 2106 847 2122 ι
865 2096 896 2122 Οί

101 2141 242 2177 ὀφθαλμοὶ
257 2141 312 2177 γὰρ
324 2141 443 2174 πάντων,
463 2141 557 2176 φησὶν,
573 2142 612 2173 εἰς
628 2141 658 2168 σὲ
671 2141 814 2174 ἐλπίζουσι
825 2162 833 2175 ,
849 2141 897 2169 καὶΙ

102 2189 138 2214 σὺ
158 2187 238 2219 δίδως
253 2187 301 2223 τὴν
316 2187 418 2223 τροφὴν
439 2187 528 2214 αὐτῶν
539 2187 568 2214 ὲν
584 2187 726 2223 εὐκαιρίᾳ·
745 2196 754 2214 t
770 2187 896 2223 κοράκων

101 2233 308 2268 ἐμνημόνευσε,
319 2233 407 2267 λέγων
417 2240 425 2248 ·
442 2242 452 2258 ι
472 2232 518 2268 Τῷ
531 2232 629 2259 διδόντι
642 2233 698 2263 τοῖς
708 2232 821 2267 κτήνεσι
834 2240 897 2268 τρο-

1054 1627 1189 1656 XLIII.—
1203 1626 1341 1654 lllEﬂACl
1358 1624 1632 1654 ILLUSTRISSIIIO.

967 1682 1038 1716 Quid
1050 1682 1099 1710 sibi
1112 1682 1183 1716 velit,
1196 1682 1266 1717 quod
1284 1681 1359 1708 Elia:
1369 1689 1415 1716 per
1428 1688 1531 1708 corvum
1545 1685 1636 1715 pastus
1649 1680 1683 1707 sit
1698 1681 1718 1708 ⁵.

983 1775 1061 1803 Scire
1073 1775 1166 1808 debes,
1184 1775 1226 1802 vir
1239 1774 1357 1809 sapiens,
1374 1773 1477 1801 fontem
1500 1772 1574 1799 illum
1595 1772 1736 1804 bonitatis,

947 1822 1028 1858 ‘35
1037 1829 1098 1849 cum
1108 1821 1186 1849 vellet
1193 1821 1291 1856 justam
1300 1820 1437 1855 prophetae
1445 1820 1573 1847 adversus
1583 1818 1688 1845 Iudaeos
1697 1819 1739 1845 itt-

948 1868 1132 1903 dignationem
1150 1866 1423 1901 abstergereﬂamem
1440 1865 1511 1893 enim
1525 1863 1677 1896 induxit,ut
1692 1871 1738 1890 sa-

949 1915 1097 1947 turitatem,
1121 1920 1182 1948 qute
1202 1911 1391 1940 contumeliam
1411 1919 1505 1946 parere
1526 1911 1606 1944 solet,
1622 1910 1739 1945 castiga-

948 1961 1017 1994 ret),
1030 1960 1134 1988 curavit
1152 1960 1239 1994 ipsum
1255 1965 1302 1992 per
1315 1965 1425 1985 corvum
1439 1957 1525 1992 pasci,
1542 1964 1618 1984 avem
1634 1956 1737 1984 sobolis

947 2005 1063 2041 propriae
1076 2012 1194 2037 osOretn,
1207 2008 1234 2031 et
1246 2011 1306 2038 qua:
1318 2003 1387 2038 parit
1400 2003 1510 2037 quidem
1523 2006 1603 2037 atque
1618 2001 1738 2029 excludit

947 2052 1044 2087 pullos,
1068 2051 1114 2079 sed
1133 2058 1180 2078 eos
1202 2058 1254 2078 non
1279 2050 1335 2077 alit.
1361 2049 1426 2083 Qum
1448 2056 1528 2076 causa
1547 2056 1657 2084 quoque
1685 2052 1736 2080 est,

947 2097 1017 2132 quod
1032 2096 1199 2124 Psalmorum
1222 2096 1349 2130 scriptor,
1364 2095 1487 2130 quamvis
1502 2095 1593 2122 omnis
1609 2097 1736 2122 creatura

948 2142 1064 2171 naturali
1081 2143 1196 2177 quodam
1216 2142 1344 2169 instinctu
1364 2141 1390 2168 in
1406 2140 1530 2176 opiﬁcem
1555 2147 1632 2167 suttm
1651 2139 1737 2174 respi-

947 2189 1001 2217 ciat
1018 2197 1025 2216 :
1047 2198 1057 2215 ι
1075 2187 1151 2216 Oculi
1169 2188 1240 2215 enim
1255 2187 1387 2219 ontnium,
1408 2186 1506 2221 inquit,
1522 2185 1550 2212 in
1573 2189 1598 2212 te
1614 2189 1735 2219 sperant,

947 2239 974 2261 et
989 2239 1015 2261 tu
1030 2234 1079 2261 das
1097 2241 1187 2261 escam
1202 2233 1310 2260 illorum
1325 2232 1352 2259 in
1369 2236 1489 2266 tempore
1501 2233 1653 2264 opportuno
1667 2229 1696 2261 ’ς
1709 2229 1736 2255 in

101 2280 161 2315 φὴν
182 2279 272 2306 αὐτῶν
284 2299 292 2312 ,
312 2279 359 2306 καὶ
378 2279 435 2311 τοῖς
452 2279 573 2310 νεοσσοῖς
598 2278 652 2305 τῶν
671 2278 813 2313 κοράκων,
839 2279 896 2310 τοῖς

950 2279 1038 2315 specie
1054 2286 1195 2307 corvorum
1214 2278 1376 2306 mentionem
1392 2277 1493 2307 fecerit,
1506 2283 1566 2303 cum
1584 2275 1641 2302 ait:
1655 2274 1666 2301 ἢ
1683 2275 1734 2308 Qui

102 2325 336 2361 ἐπικαλουμένοις
350 2325 440 2352 αὐτόν.
459 2333 468 2350 ι
483 2324 609 2352 Μάλιστα
633 2324 681 2359 μὲν
697 2323 750 2359 γὰρ
769 2323 858 2350 πάντα
878 2325 895 2359 ἠ

950 2326 992 2353 dat
1006 2325 1136 2360 jumeutis
1148 2324 1305 2351 alimentum
1318 2323 1449 2358 ipsorum,
1462 2325 1488 2349 et
1500 2321 1581 2356 pullis
1592 2327 1735 2347 corvorum

102 2370 170 2398 Θεία.
189 2371 304 2407 πρόνοια
330 2370 447 2406 τρέφει,
466 2370 533 2405 φησὶ
545 2389 553 2402 ,
578 2369 760 2405 διαφερόντως
779 2368 808 2395 δὲ
831 2370 895 2401 τοὺς

102 2416 238 2447 νεοσσοὺς
265 2415 320 2443 τῶν
345 2417 482 2450 κοράκων,
505 2415 572 2447 τοὺς
597 2414 674 2450 παρὰ
694 2415 748 2442 τῶν
765 2415 898 2442 τεκόντων

102 2462 327 2498 ἀμελουμένους·
345 2462 450 2496 ζωΰφια
462 2461 518 2497 (54)
537 2462 592 2497 γὰρ
605 2462 665 2493 ταῖς
688 2461 797 2493 καλιαῖς
821 2469 899 2497 περι-

144 2552 157 2569 ³
175 2552 185 2580 l
200 2552 264 2580 Cor.
277 2561 317 2588 vt,
338 2553 381 2581 10.
419 2552 474 2580 ⁸111
490 2553 557 2589 Reg.
573 2559 642 2586 xv",
656 2551 685 2580 ι.

951 2371 1140 2399 invocantibus
1156 2377 1218 2397 eum
1237 2370 1257 2397 '.
1274 2379 1283 2396 ι
1298 2369 1412 2396 Maxime
1427 2367 1548 2402 quidem,
1559 2366 1660 2401 inquit,
1678 2372 1738 2392 ont-
1781 2366 1790 2372 '

953 2416 996 2443 nia
1016 2415 1101 2442 nutrit
1124 2422 1156 2442 ac
1176 2418 1310 2442 sustentat
1325 2413 1415 2440 divina
1438 2410 1622 2448 providentia;
1640 2411 1738 2438 eximie

952 2467 1018 2488 vero
1040 2464 1068 2488 et
1087 2459 1213 2495 peculiari
1231 2459 1347 2494 quodam
1371 2457 1450 2486 modo
1470 2457 1558 2492 pullos
1581 2461 1737 2486 corvorum,

659 2629 991 2667 VARIE_LECTIONES
1009 2630 1053 2658 ET
1072 2628 1188 2658 NOTAE.

143 2709 202 2745 (31)
220 2708 308 2736 Verba
325 2709 379 2742 illa,
393 2709 440 2736 καὶ
460 2709 627 2745 πηλικότητα
640 2729 647 2740 ,
664 2717 716 2736 non
738 2711 899 2745 comparent
950 2707 1058 2745 s_upplet
1073 2708 1134 2736 cod.
1153 2707 1239 2735 Vatic.
1265 2706 1318 2735 650
1334 2711 1361 2734 et
1386 2704 1581 2734 Rittershusius
1605 2702 1631 2729 in
1647 2701 1729 2729 notis.

101 2745 133 2772 in
149 2743 273 2780 eor-od:
289 2744 359 2772 idem
376 2751 446 2772 vers.
464 2743 520 2780 seq.
535 2743 591 2780 pro
606 2744 779 2780 δικαστηρίου
800 2743 896 2771 scribit

100 2779 250 2807 δικαστοῦ.
264 2779 298 2806 In.

142 2814 203 2883 ρο)
220 2815 272 2842 Pro
279 2813 398 2855 ἐκμάξαι
409 2813 539 2855 cod.Vat.
549 2813 680 2855 650.legit
690 2813 851 2854 ἐκμαλάξαι.
859 2813 898 2841 lo.

155 2850 203 2883 55)
220 2849 360 2878 Lacunam
375 2857 415 2878 src
430 2856 456 2878 tn
473 2849 540 2877 edtt.
553 2848 641 2878 Paris.
658 2853 764 2883 punctis
778 2854 898 2877 notatam

155 2850 203 2883 55)
220 2848 360 2878 Lacunam
375 2849 415 2878 sic
430 2849 456 2878 in
473 2849 540 2877 edit.
553 2848 764 2883 Parisipuuc’tis
778 2854 899 2877 notatam

950 2743 1042 2814 E036)
1066 2778 1119 2814 Pro
1136 2777 1244 2813 ζωΰφιιι
1260 2777 1315 2812 γάρ
1335 2776 1404 2804 idem
1426 2774 1487 2802 cod.
1507 2772 1588 2800 habet
1602 2770 1660 2803 ζῶα
1678 2771 1733 2805 γὰρ

954 2812 1049 2850 μικρά.
1064 2812 1171 2841 Possm.
