2040 3161
271 143 343 178 1091

861 145 890 175 s.
913 137 1060 176 lsmom
1080 144 1300 176 PELUSIOT/E

1840 142 1909 174 1092

276 203 332 232 dita
349 203 384 231 sit
407 203 450 239 illa
466 203 567 236 anima,
589 210 650 238 quze
675 201 815 237 superiora
829 202 884 236 jam
900 203 1005 232 didicit.
1022 204 1066 231 At-

1123 204 1264 231 τέτακται.
1297 204 1318 229 0
1332 201 1361 229 δὲ
1381 201 1434 237 γὰρ
1447 201 1481 229 τὰ
1498 200 1581 237 ἠθικὰ
1597 200 1789 238 κατορθώσας,
1804 198 1844 235 τῷ
1861 207 1907 234 με·

276 257 330 284 que
357 249 414 277 ha'c
444 249 514 276 ratio
540 252 582 276 est
610 247 726 280 ordinis,
757 255 841 282 quare
868 247 932 276 illud
958 247 1068 284 quidem

277 296 364 330 pritno
376 296 444 325 loco.
459 295 528 321 istud
541 299 630 322 autem
646 294 778 326 secundo,
790 294 842 322 ltoc
858 295 974 329 denique
989 295 1069 322 tertio

276 341 437 368 collocatum
461 339 496 368 sit
516 347 592 374 opus.
607 339 657 373 Qui
676 344 765 367 autem
782 339 808 366 io
825 340 922 367 ethicis
936 340 1018 374 probe
1040 347 1069 367 se

275 386 378 421 gessit,
409 387 471 411 dum
504 383 713 411 Proverbiorum
751 383 893 418 scriptoris
921 382 1069 417 discipulus

277 433 330 459 fuit
351 437 378 459 et
396 431 456 458 vitm
475 435 608 465 prtecepta
625 430 658 457 ab
674 429 839 457 Ecclesiaste
856 429 960 462 didicit,
984 429 1017 456 de
1036 437 1069 456 eo

275 478 448 505 metuendum
469 484 522 504 non
546 481 595 507 est,
615 483 649 503 ne
675 476 708 502 ad
733 475 874 503 Canticum
897 474 1067 502 canticorum

275 525 390 556 delatus,
413 524 438 550 itt
455 522 592 550 carnalem
607 526 635 549 et
654 521 783 549 moralem
802 529 923 548 antorem
942 521 1041 548 incidat.
1059 529 1066 548 :

275 572 339 606 quin
357 570 445 605 potius
465 569 583 596 fttturum
606 573 657 600 est,
680 573 709 595 ttt
728 568 761 594 ad
781 575 878 601 purum
897 575 928 594 ac
947 567 1066 594 divinum

275 616 350 643 illurn
366 623 494 650 sponsum
511 615 586 650 quasi
611 613 772 648 quibusdam
793 613 843 640 uIis
866 611 1003 645 elleratur,
1022 612 1066 646 qui

275 662 368 689 beatos
382 661 539 696 pronuntiat
554 667 601 687 eos
612 660 657 694 qtti
675 658 720 686 tali
733 663 797 686 sunt
813 666 904 686 amore
920 658 1066 686 vulnerati.

276 707 371 735 Moneo
389 708 479 741 itaque
495 706 692 737 adolescentes,
707 709 735 732 et
757 709 853 732 auctor
867 705 933 739 ipsis
948 712 1019 736 sum.
1035 712 1068 732 ne

275 753 349 788 prius
362 751 467 778 tertium
482 751 615 785 attingant
626 757 704 784 opus,
717 756 797 783 quam
811 749 836 775 in
851 748 988 784 prioribus
1001 749 1067 776 duo-

274 798 325 826 bus
339 798 470 833 prteclare
484 804 513 824 se
526 796 670 831 gesserint.
689 795 841 822 Absurdum
858 795 941 827 enim,
959 795 1001 823 vel
1020 803 1068 830 po-

275 844 328 871 tius
348 843 428 870 nitnis
443 842 616 869 temerarium
631 846 658 868 et
675 840 764 868 audax
779 845 822 868 est
843 841 991 875 negotium,
1011 846 1038 868 et
1051 849 1065 867 a

273 889 396 924 mysticis
412 888 515 922 legibus
535 887 685 914 abhorrens
700 890 730 913 ut
744 886 771 912 in
787 886 868 922 adyta
883 886 1003 914 insiliant
1021 894 1066 914 δε·
1083 877 1103 905 Β

273 943 357 970 seque
378 938 531 970 pcuetreut,
545 933 591 968 qtti
613 939 647 960 ne
661 931 802 959 vestibulis
820 931 928 965 quidem
942 932 995 960 sint
1019 932 1067 959 ad-

273 981 327 1009 huc
347 981 430 1016 digni.
446 979 679 1014 Quemadmodum
700 978 771 1005 enim
791 977 818 1004 in
836 977 937 1013 templo
950 986 982 1006 ea
1007 978 1066 1013 qui-

272 1027 334 1055 dem
349 1035 409 1061 quae
429 1026 494 1053 foris
512 1031 602 1057 erant,
620 1025 745 1052 omnibus
767 1024 842 1052 adire
863 1024 960 1052 licebat
980 1033 988 1052 :
1006 1032 1066 1060 qute

272 1082 338 1102 vero
354 1074 425 1101 intus
440 1078 518 1101 erant
533 1079 623 1105 sacra,
640 1079 700 1107 quae
719 1072 778 1099 velo
802 1072 1067 1106 comprehendeban-

273 1124 317 1146 tur
332 1120 449 1151 obtecta,
466 1118 588 1152 quamvis
605 1118 723 1153 alioquin
740 1118 808 1145 adiri
823 1121 958 1153 poterant,
977 1122 1065 1146 tamen

273 1172 287 1191 a
301 1165 379 1199 vulgo
390 1172 442 1190 nott
457 1168 620 1191 consecrato
639 1167 667 1189 et
681 1161 796 1197 profano
813 1162 881 1189 adiri
900 1169 952 1189 non
990 1166 1066 1197 pote-

273 1215 336 1238 rant
353 1218 360 1237 :
374 1217 434 1244 quae
455 1209 571 1244 denique
585 1208 678 1235 intitna
694 1212 772 1235 erant
782 1207 882 1234 Sancta
898 1213 1064 1239 sanctorum,

272 1262 300 1284 et
314 1256 497 1285 sacratissima
528 1263 616 1287 sacra,
633 1255 666 1281 ad
682 1261 713 1281 ea
731 1261 782 1282 nec
800 1252 853 1281 illis
865 1253 974 1288 quidem
989 1257 1066 1287 pate-

272 1303 320 1330 bat
336 1303 434 1334 aditus,
453 1301 498 1336 qui
516 1301 598 1328 vilam
620 1304 733 1335 agerent
755 1299 931 1333 inculpatam,
945 1299 992 1326 sed
1016 1298 1065 1325 soli

272 1347 315 1376 fas
340 1351 400 1375 erat
429 1347 534 1383 ingredi
558 1353 665 1374 summo
688 1345 835 1378 sacerdoti,
859 1345 904 1380 qui
935 1344 1065 1372 nimirum

272 1394 391 1429 seipsum
416 1397 599 1426 consecrarat,
620 1396 647 1419 et
665 1398 774 1418 omnem
800 1390 939 1418 mortalem
969 1397 1064 1425 rugam

1121 248 1309 285 μαθητεῧσοαι
1334 248 1374 284 τῷ
1398 249 1607 284 Παροιμιαστῇ,
1633 247 1679 275 καὶ
1704 246 1754 283 τὴν
1781 245 1908 281 βιωτικὴν

1119 294 1272 330 φαντασίαν
1285 295 1482 329 καταπατήσας
1499 293 1538 329 τῷ
1553 293 1751 328 πεφοιτηχέναι
1776 291 1854 328 παρὰ
1870 291 1908 327 τῷ

1125 339 1326 374 Ἐκκλησιαστῇ
1342 338 1398 374 (28)
1411 358 1418 371 ,
1444 339 1495 365 οὐκ
1521 338 1555 365 ἂν
1572 339 1636 374 περὶ
1651 337 1682 365 τὺ
1703 337 1758 364 τῶν
1778 337 1908 372 ᾀσμάτων

1118 382 1214 420 ’ᾼσμα
1233 384 1320 411 ἐλθὼν
1337 385 1378 416 εἰς
1394 385 1526 418 σαρκικὸν
1554 385 1602 411 καὶ
1617 383 1712 418 ἠθικὸν
1742 383 1798 418 (29)
1819 382 1907 418 ἔρωτα

1119 430 1289 466 ὸλισθήσειεν
1302 438 1309 445 ·
1327 430 1395 457 ἀλλὰ
1411 430 1476 465 περὶ
1489 430 1535 456 τὸν
1549 430 1682 464 ἄχραντον
1696 430 1743 456 καὶ
1756 429 1827 456 θεῖον
1842 437 1908 455 πτε-

1120 476 1219 512 ρωθείη
1235 476 1362 511 νυμφίον,
1374 477 1419 502 τὸν
1434 475 1587 511 μακαρὼυς
1601 476 1665 507 τοὺς
1675 475 1830 510 τρωθέντες
1844 476 1909 501 ἀπο-

1119 523 1257 558 φαίνοντα.
1274 522 1403 557 Παραινῶ
1432 519 1577 556 τοιγαροῦν
1591 521 1647 552 τοῖς
1659 521 1729 552 νέοις
1739 540 1746 553 ,
1763 520 1801 556 μὴ
1812 520 1909 555 πρότε-

1119 576 1166 603 ρον
1181 567 1313 594 ἅπτεσθαι
1334 566 1381 594 τοῦ
1396 566 1488 602 τρίτου
1507 565 1742 602 συγγράμματος,
1766 565 1831 601 πρὶν
1846 565 1863 600 ἦ
1877 565 1909 592 τὰ

1119 613 1148 639 ὲν
1166 614 1221 644 τοῖς
1240 613 1301 639 δυσὶ
1315 612 1529 647 κατορθώσειαν.
1546 612 1663 639 ’Δτοπον
1683 611 1749 648 γὰρ,
1767 611 1868 646 μᾶλλον
1881 611 1909 638 δὲ

1119 658 1314 694 ῥιψοκίνδυνον,
1329 659 1376 685 καὶ
1391 658 1467 693 παρὰ
1476 658 1539 690 τοὺς
1555 658 1703 693 μυστικοὺς
1715 650 1844 692 θεσμοὺς,
1855 658 1907 689 τοῖς

1117 704 1224 736 ἀδύτοις
1237 704 1384 739 ὲπιπηδᾷν,
1400 704 1463 735 τοὺς
1483 703 1550 738 μηδὲ
1571 703 1625 730 τῶν
1640 703 1787 738 προθύρων
1805 702 1906 736 ἀξίους.

1120 750 1225 785 Ὠσπερ
1246 750 1300 784 γὰρ
1313 751 1342 776 ἐν
1356 749 1394 785 τῷ
1417 749 1472 784 ναῷ
1495 749 1529 776 τὰ
1549 749 1598 785 μὲν
1618 749 1671 783 ἔξω
1692 750 1775 776 πᾶσίν
1790 751 1844 776 εἰσι
1860 749 1908 784 βά-

1118 804 1186 831 σιμα
1198 803 1204 810 ·
1223 795 1256 822 τὰ
1271 795 1292 822 δ’
1305 795 1378 822 ἔνδον
1399 795 1459 831 ιερὰ
1469 814 1476 827 ,
1490 796 1540 822 ὅσα
1551 795 1591 830 τῷ
1606 796 1843 831 περισχοινίσματι
1862 804 1907 822 πε-

1119 841 1259 876 ριείληπτο
1273 861 1280 871 .
1303 840 1372 875 βατὰ
1391 840 1476 872 ὄντα,
1499 842 1555 871 τοῖς
1578 841 1686 872 πολλοῖς
1712 841 1833 876 ἀνιέροις
1861 841 1907 868 καὶ

1121 886 1245 921 βεϐήλοις
1260 886 1348 913 ἄϐατα
1362 884 1407 922 ἦν·
1421 886 1456 913 τὰ
1470 886 1499 912 δὲ
1513 886 1585 912 ἔνδον
1603 886 1683 922 ιερῶν
1701 886 1847 922 ἱερώτερα,
1863 887 1908 913 καὶ

1120 932 1207 966 ἁγίων
1221 932 1306 967 Ἀτια
1318 953 1325 965 ,
1339 929 1381 965 οἷς
1396 932 1457 959 οὐδὲ
1476 933 1533 964 τοῖς
1553 932 1600 959 τὸν
1615 932 1798 968 ἀνεπίληπτον
1819 933 1908 967 ἔχουσι

1121 978 1178 1014 βίον
1197 979 1326 1013 ἐπιϐῆναι
1340 976 1374 1014 ἦν
1388 978 1477 1013 θέμις,
1493 977 1561 1006 ἀλλὰ
1573 978 1612 1014 τῷ
1628 978 1752 1014 ἀρχιερεῖ
1772 978 1857 1014 μόνῳ,
1871 978 1909 1013 τῷ

1119 1024 1216 1052 ἑαυτὸν
1244 1024 1365 1059 δηλονότι
1392 1024 1588 1060 ἀφιερώσαντι,
1613 1025 1661 1052 καὶ
1685 1026 1779 1052 πᾶσαν
1810 1024 1908 1060 θνητὴν

1120 1070 1329 1106 ἀποσεισαμένῳ
1345 1070 1442 1104 κηλῖδα
1453 1078 1460 1086 ·
1478 1069 1549 1097 οὕτω
1566 1070 1636 1097 κάπὶ
1651 1070 1707 1097 τῶν
1723 1070 1836 1106 βιϐλίων
1849 1071 1909 1097 τοὺ-

1119 1124 1173 1142 των
1189 1115 1344 1142 διακεῖσθαι
1356 1115 1421 1147 τοὺς
1436 1115 1514 1148 νέους
1535 1115 1600 1151 χρὴ,
1619 1115 1728 1150 πρῶτον
1745 1116 1795 1152 μὲν
1806 1118 1840 1152 τῇ
1858 1117 1908 1143 τῶν

1119 1161 1193 1197 ἠθῶν
1211 1161 1418 1198 λαμπρύνεσθαι
1442 1162 1543 1198 ἀρετῇ·
1570 1161 1666 1189 ἔπειτα
1693 1163 1908 1196 καταγινώσκειν

1119 1207 1169 1242 τῆς
1183 1207 1237 1233 τῶν
1251 1206 1385 1241 βιωτικῶν
1399 1207 1570 1242 πραγμάτων
1584 1207 1722 1240 οὖδενείας
1733 1216 1740 1224 ’
1757 1209 1808 1235 καὶ
1823 1207 1908 1241 οὕτως

1120 1253 1241 1288 ἅψασθαι
1255 1253 1311 1280 τῶν
1326 1254 1383 1286 τοῖς
1412 1253 1521 1285 πολλοῖς
1545 1254 1710 1288 ἅνεφίχτων.
1734 1256 1765 1281 υἱ
1781 1254 1836 1291 γὰρ
1859 1255 1908 1288 ἔξω

1121 1298 1358 1334 περιρραντηρίων
1375 1297 1445 1325 εἶναι
1462 1298 1617 1333 ὀφείλοντες
1627 1320 1634 1331 ,
1650 1299 1676 1325 εί
1690 1299 1908 1335 φιλονεικήσειαν

1121 1344 1159 1380 μὴ
1174 1344 1344 1380 μεμυημένοι
1356 1345 1390 1380 τῇ
1401 1344 1462 1380 Θείᾳ
1477 1343 1583 1380 τελετῇ,
1601 1345 1797 1380 ῥιψοκινδύνως
1809 1346 1911 1373 ἐπικω-

1121 1390 1217 1426 μᾶσαι,
1235 1390 1313 1426 δίκην
1327 1390 1443 1417 δώσουσι
1457 1390 1506 1427 τὴν
1520 1391 1649 1426 ἐσχάτην.

273 1442 453 1476 deposuerat:
466 1440 504 1467 sic
522 1441 604 1467 etiam
628 1447 693 1474 erga
711 1440 792 1467 hosce
808 1438 962 1466 Salomonis
981 1438 1064 1466 libros
1083 1436 1171 1466 affecti
1185 1445 1245 1466 esse
1256 1438 1354 1466 debent
1385 1439 1592 1468 adolescentes:
1611 1444 1637 1467 et
1652 1440 1769 1475 primum
1800 1440 1908 1476 quidem

272 1488 392 1515 omnium
416 1487 558 1522 splendere
578 1494 684 1514 morum
700 1487 810 1520 virtute,
828 1486 926 1515 deinde
957 1494 1022 1515 vero
1038 1494 1130 1514 rerum
1157 1486 1191 1515 ad
1215 1488 1285 1514 hanc
1319 1487 1401 1514 vitam
1442 1488 1634 1523 pertinentium
1659 1488 1810 1516 nullitatem
1831 1493 1909 1523 atque

273 1534 432 1561 inanitatem
445 1533 644 1561 condemnare:
656 1537 684 1561 et
698 1533 738 1561 sic
751 1533 860 1562 dentom
872 1540 903 1561 ea
918 1534 1062 1569 attingere,
1084 1541 1145 1569 qua:
1160 1534 1254 1570 vulgus
1275 1534 1415 1561 hominum
1448 1534 1555 1569 assequi
1570 1534 1672 1570 nequit.
1686 1533 1755 1562 Nam
1789 1535 1837 1570 qui
1851 1543 1907 1563 cum

273 1587 351 1609 extra
368 1586 444 1616 septa
464 1588 526 1609 esse
549 1581 675 1615 debeant,
691 1581 713 1610 si
731 1582 876 1610 temerario
894 1589 962 1610 ausu
982 1582 1009 1610 in
1023 1589 1103 1610 sacra
1135 1582 1226 1610 divina
1243 1589 1296 1610 non
1331 1581 1431 1610 initiati
1465 1582 1570 1610 irruere
1601 1582 1838 1617 praesumpserint,
1853 1589 1908 1617 pa:-

274 1636 325 1656 nas
341 1629 441 1657 dabunt
456 1633 604 1657 extremas.

539 1684 607 1711 XLI.
624 1699 658 1705 —
671 1684 798 1714 PETRO.

311 1726 345 1755 In
358 1727 436 1761 illud,
456 1737 466 1754 ι
489 1727 550 1755 Non
572 1737 629 1757 esse
642 1730 831 1765 elumorynam
847 1739 936 1758 comm
950 1730 1033 1758 Itami-

501 1765 576 1791 nt'bus
592 1767 766 1792 exercendam
779 1767 800 1792 '.
821 1775 830 1792 ι

310 1828 395 1856 Miror
406 1830 529 1863 equidem
545 1835 628 1864 tuam,
640 1839 722 1866 quam
738 1832 830 1865 debes.
845 1833 1064 1868 imprudentiam.

274 1875 368 1911 Neque
380 1876 452 1903 enim
473 1883 506 1903 eo
525 1881 551 1904 te
571 1876 715 1905 denteutia-
737 1878 891 1913 prolapsum
913 1886 973 1907 esse
990 1879 1066 1907 arbi-

277 1927 334 1948 tror
350 1927 377 1948 ut
393 1922 544 1954 existimes.
560 1929 606 1949 eos
621 1923 666 1957 qui
683 1923 877 1951 misericordiae
892 1932 972 1959 opera
989 1931 1066 1952 exer-

276 1973 347 1999 cent,
357 1968 403 1994 sed
412 1976 442 1994 ea
449 1972 597 2000 ostentant,
611 1969 758 1997 deteriores
766 1977 825 1998 esse
834 1970 952 2005 illis,qui
963 1978 994 1998 ea
1007 1970 1065 2006 pla-

276 2019 310 2039 ne
320 2019 372 2039 non
387 2017 522 2040 exercent.
537 2012 592 2047 Ego
607 2021 680 2047 vero,
695 2016 758 2050 quid
777 2016 828 2043 hac
844 2017 878 2044 de
893 2023 922 2044 re
938 2017 1064 2051 sentiam,

275 2064 419 2092 exponam.
433 2058 516 2094 434
530 2059 576 2086 Ille
590 2060 698 2095 proprie
711 2062 828 2090 maxime
839 2069 890 2098 que
903 2067 944 2090 est
961 2063 1066 2090 iniseri-

275 2110 348 2136 cors,
363 2104 408 2138 qui
424 2105 628 2132 beneﬁcentiam
643 2105 750 2141 quidem
763 2111 889 2141 exercet;
904 2115 957 2135 non
975 2112 1064 2136 tamen

275 2149 394 2184 divulgat
413 2157 505 2177 eorum
521 2150 619 2185 quibus
635 2151 733 2178 beneﬁt
747 2151 917 2180 calamitates
937 2160 969 2180 ac
983 2154 1066 2180 misc-

276 2196 339 2224 rias.
356 2195 384 2222 Si
398 2196 459 2231 quis
473 2196 499 2223 id
514 2196 596 2224 iaciat
624 2196 710 2232 ipsius
730 2197 837 2225 honesti
854 2205 946 2231 causa,
966 2198 989 2226 is
1005 2206 1065 2226 ma-

274 2242 361 2276 jorem
384 2242 495 2269 habebit
522 2243 685 2276 mercedem,
711 2250 754 2277 eo,
776 2243 822 2279 qui
846 2244 979 2272 mercedis
1001 2251 1066 2280 ergo

277 2286 346 2313 idem
369 2286 455 2319 facit;
476 2287 499 2314 si
519 2295 582 2315 vero
602 2288 636 2316 ob
658 2288 810 2316 mercedem
830 2288 946 2316 divinam
963 2309 970 2322 ,
999 2289 1022 2317 is
1040 2290 1065 2317 in

251 2354 259 2361 .
277 2333 393 2360 secunda
411 2333 498 2361 classe
525 2333 711 2362 eollocabitur.
737 2333 764 2362 Si
783 2334 845 2369 quis
869 2339 959 2362 autem
979 2335 1066 2363 laudis

1376 1685 1445 1716 ΜΔΖ
1466 1701 1496 1706 -
1516 1686 1644 1722 nstra.

1117 1732 1170 1766 Εἰς
1183 1732 1299 1767 τόἿΜὴ
1319 1733 1416 1772 ποιεῖς
1432 1733 1721 1772 τῂνῄἐᾼεημοσύνην
1736 1733 1907 1768 ἔμπροσθεν

1372 1769 1432 1794 τῶν
1447 1769 1621 1802 ἀνθρώπων.
1641 1777 1652 1794 ι

1152 1835 1292 1871 Θαυμάζω
1308 1843 1355 1862 σου
1379 1834 1428 1870 τὴν
1447 1835 1693 1871 κεχρεωστημένην
1713 1835 1770 1871 (30)
1789 1835 1908 1871 ἀφροσύ-

1116 1889 1176 1916 νην.
1192 1881 1230 1908 Οὐ
1245 1881 1300 1916 γὰρ
1312 1878 1389 1916 οῖμαί
1404 1889 1433 1908 σε
1451 1882 1490 1914 εἰς
1511 1881 1646 1917 τοσαύτην
1665 1881 1759 1909 ἄνοιαν
1777 1881 1907 1917 ὲληλαιέσ

1117 1935 1172 1959 ναι,
1187 1926 1225 1958 ὡς
1249 1927 1369 1962 νομίσαι,
1391 1927 1454 1958 τοὺς
1467 1926 1610 1959 ἐλεοῦντας
1626 1927 1686 1962 μὲν,
1713 1927 1906 1962 ἐπιδεικνυμέ-

1117 1981 1179 2005 νους
1194 1973 1232 2009 δὲ,
1251 1973 1305 2000 τῶν
1333 1973 1371 2009 μὴ
1396 1972 1543 2000 ἐλεούντων
1560 1973 1668 2009 χείρους
1688 1970 1772 2000 εἶναι.
1796 1972 1867 2008 Ἐγὼ
1879 1972 1907 1999 δὲ

1116 2017 1154 2050 ὥς
1168 2018 1222 2054 ἔχω
1236 2018 1352 2054 γνώμης
1369 2019 1433 2054 περὶ
1453 2018 1557 2045 τούτων
1581 2018 1679 2053 φράσω
1691 2026 1698 2031 ·
1717 2018 1760 2045 ὅτι
1784 2018 1907 2054 ἐλεήμων

1118 2063 1168 2098 μέν
1181 2063 1238 2090 έστι
1261 2063 1362 2098 κυρίως
1386 2063 1500 2095 ἐκεῖνος,
1517 2063 1531 2090 ό
1544 2062 1695 2098 εὐεργετῶν
1712 2063 1763 2098 μὲν
1777 2085 1784 2096 ,
1808 2063 1847 2099 μὴ
1863 2064 1908 2090 ὲκ-

1117 2107 1266 2142 πομπεύων
1281 2107 1309 2134 at
1334 2108 1382 2138 τὰς
1398 2107 1452 2135 τῶν
1469 2104 1498 2134 εὖ
1517 2107 1678 2143 πασχόντων
1696 2107 1854 2143 συμφοράς.
1876 2108 1906 2134 El

1118 2152 1169 2189 μὲν
1184 2146 1240 2188 γᾶρ
1254 2153 1289 2180 δι’
1304 2153 1370 2180 αὐτὸ
1383 2153 1414 2180 τὸ
1427 2153 1510 2180 καλόν
1530 2161 1572 2185 τις
1586 2153 1711 2189 πράξειε,
1729 2153 1846 2188 μείζονα
1854 2153 1908 2189 ἔχει

1116 2199 1163 2225 τὸν
1181 2198 1276 2233 μισθὸν
1306 2197 1353 2224 τοῦ
1376 2197 1420 2225 διὰ
1450 2198 1545 2233 μισοὸν
1568 2197 1633 2225 αὐτὸ
1650 2198 1813 2230 ποιοῦντος·
1840 2199 1864 2224 εί
1882 2198 1909 2224 δὲ

1117 2243 1161 2270 διὰ
1180 2242 1276 2279 μισθὸν
1289 2242 1371 2274 θεῖον,
1390 2243 1419 2269 ὲν
1433 2242 1550 2278 δευτέρᾳ
1569 2241 1644 2276 τάξει
1662 2241 1807 2275 τετάξεται
1822 2250 1829 2258 ·
1844 2243 1868 2268 εἰ
1881 2242 1909 2268 δὲ

1116 2287 1151 2313 δι’
1164 2287 1275 2314 ἔπαινον
1292 2288 1374 2320 ποιεῖ,
1388 2287 1444 2320 ἔξει
1463 2286 1543 2314 τοῦτο
1555 2286 1589 2313 δι’
1603 2286 1618 2313 ὃ
1633 2286 1681 2313 καὶ
1696 2286 1861 2321 πεποίηκεν.
1882 2286 1910 2312 ὀ

1118 2332 1147 2359 δὲ
1164 2333 1232 2368 μήτε
1256 2331 1290 2359 δι’
1305 2332 1371 2359 αὐτὸ
1386 2333 1417 2359 τὸ
1433 2332 1526 2366 καλὸν,
1543 2334 1612 2368 μήτε
1627 2332 1673 2360 διὰ
1699 2332 1746 2359 τὸν
1767 2332 1842 2358 θεῖον
1864 2339 1910 2366 μι-

277 2377 347 2412 apud
370 2377 491 2406 homines
507 2380 700 2414 consequentiae
718 2380 804 2414 gratia
825 2380 851 2407 id
870 2379 945 2413 facit,
966 2381 989 2409 is
1012 2381 1062 2409 hoc

1119 2377 1199 2412 σθὺν,
1217 2376 1331 2414 μήτι’δι“
1356 2378 1525 2414 ἀνθρώπινον
1550 2378 1659 2406 ἔπαινον
1683 2378 1771 2405 ποιῶν
1791 2378 1825 2404 τὸ
1839 2378 1907 2409 δέον,

276 2424 376 2458 ipsum,
393 2423 468 2457 cujus
485 2425 569 2459 gratia
590 2424 718 2457 faciebat,
733 2424 853 2453 habebit.
867 2425 902 2453 At
917 2426 962 2461 qui
977 2433 1065 2461 neque

278 2469 363 2503 ipsius
390 2469 542 2496 honestatis
574 2477 667 2503 causa,
697 2479 784 2505 neque
811 2476 920 2506 propter
945 2471 1063 2499 divinam

276 2514 438 2547 mercedem,
461 2521 548 2548 neque
573 2519 681 2548 propter
705 2515 849 2542 humanam
873 2515 978 2543 laudem
1001 2515 1065 2543 facit

276 2559 392 2587 cilicium
414 2568 420 2586 :
440 2560 463 2587 is
483 2559 548 2586 tnihi
574 2567 607 2586 ne
627 2559 710 2587 homo
731 2561 840 2595 quidem
863 2568 924 2588 esse
942 2562 1059 2594 videtur,

311 2637 321 2653 ¹
336 2636 429 2664 Matth.
443 2644 480 2670 vt,
497 2637 525 2669 5.
545 2637 573 2664 4.

1115 2424 1175 2451 οὐδὲ
1195 2424 1337 2460 ἄνθρωπος
1350 2421 1421 2451 εἶναι
1446 2433 1492 2460 μοι
1505 2424 1599 2457 δοκεῖ,
1622 2424 1680 2451 ἀλλ’
1695 2424 1840 2460 ἁλιτήριος
1851 2423 1908 2450 δαί-

1117 2480 1185 2507 μων.
1209 2471 1248 2498 Δι’
1267 2471 1300 2507 ἣν
1321 2472 1411 2498 τοίνυν
1437 2470 1526 2498 αἰτίαν
1541 2471 1573 2498 σὺ
1596 2470 1650 2498 τῶν
1669 2470 1751 2498 θείων
1778 2469 1909 2506 χρησμῶν

1115 2517 1246 2550 ἀκούσας,
1281 2516 1546 2552 παρακελευομένων
1572 2517 1611 2552 μὴ
1626 2518 1715 2544 ποιεῖν
1731 2516 1783 2552 τὴν
1798 2516 1910 2550 ἐλεημοο

1115 2563 1198 2598 σύνην
1215 2563 1370 2599 ἔμπροσθεν
1391 2563 1446 2590 τῶν
1460 2562 1622 2598 ἀνθρώπιον,
1639 2563 1670 2590 οὐ
1694 2563 1741 2590 διὰ
1756 2563 1909 2598 φιλοδοξίαν

822 2695 938 2724 VARle
957 2696 1152 2726 LECTIONES
1172 2697 1216 2726 ET
1237 2698 1353 2727 ΝΟΤᾸΒ.

310 2772 369 2811 (ἳὸ)
383 2772 454 2811 Haec,
468 2774 514 2811 καὶ
527 2773 722 2811 τὴννβιωτιιιὴν
795 2775 871 2811 παρὰ
883 2774 921 2810 τῷ
944 2775 1060 2811 Ἐκκλη-

275 2810 383 2842 σιαςτῇ,
399 2810 539 2837 omittebat
555 2809 598 2836 ed.
627 2809 712 2837 Paris.
732 2809 921 2838 ltestituuntur
937 2818 952 2838 e
965 2809 1059 2839 codice

276 2842 404 2872 Vaticano
418 2852 460 2879 ap.
473 2843 622 2873 Possinum.
640 2843 719 2870 Eutr.

1151 2777 1207 2812 (29)
1229 2777 1282 2804 Pro
1299 2776 1397 2812 ἠθικόν
1417 2777 1486 2805 idem
1502 2777 1562 2804 cod.
1583 2776 1646 2811 legit
1657 2775 1765 2812 ὑλικόν.
1782 2774 1890 2812 P_oss_t_x.

1161 2809 1206 2845 50)
1224 2809 1332 2840 νοω]
1355 2820 1399 2847 ep.
1415 2820 1463 2846 pro
1480 2809 1732 2847 κεχρεωστημένην
1754 2810 1817 2838 cod.
1845 2809 1910 2836 Vat.

1112 2847 1166 2874 650
1182 2847 1264 2876 habet
1278 2848 1482 2883 κεχρωσμένην.
1495 2847 1603 2888 Ρυειεικἒ
