2040 3161
116 129 124 160 1
130 129 181 161 093

554 129 822 160 EPISTOLARUM
840 130 913 160 LIB.
936 131 983 161 IV.
1002 143 1037 149 '-
1056 132 1175 163 EPIST.
1188 134 1298 166 XLIII.

1677 135 1746 170 10M

115 182 277 218 ἁνεχόμενός
293 191 320 210 τι
343 184 432 210 ποιεῖν
451 184 582 220 χρηστὸν,
592 184 662 215 τοὺς
683 183 727 210 διὰ
750 183 900 219 φιλοτιμίαν

957 183 1005 212 sed
1030 186 1197 220 perniciosus
1217 187 1326 222 quidam
1348 192 1375 216 et
1394 189 1491 217 noxius
1516 188 1631 217 daemon.
1654 189 1744 224 Quare

115 229 256 260 ποιοῦντας
272 229 363 264 alni;
379 225 457 264 ’Ὃσῳ
466 229 520 264 γὰρ
537 229 670 264 κρείττων
694 229 708 254 ὁ
723 229 766 256 διὰ
783 228 832 264 τὴν
846 228 900 255 τῶν

114 275 262 309 ἀνθρώπων
283 274 362 306 δόξαν
384 275 562 310 σωφροσύνην
585 275 688 307 ἀσκῶν,
704 275 752 302 τοῦ
771 275 838 310 μηδὲ
857 274 902 301 διὰ

114 320 215 356 ταύτην
230 320 433 355 σωφρονοῦντος
443 329 450 336 ⁸
473 320 601 347 τοσοῦτον
617 321 631 347 ὁ
647 321 690 347 διὰ
706 321 856 355 φιλοδοξῖαν
870 319 901 348 εὖ

115 369 208 402 ποιῶν,
232 367 279 396 τοῦ
302 369 426 403 μηδόλως
447 365 476 395 εὖ
497 368 635 400 ποιοῦντος
652 367 782 403 ἀμείνων.
812 369 841 394 '0
858 369 907 403 μὲν

114 415 166 449 γὰρ
183 415 245 446 τοὺς
268 413 446 449 ἀνθρώπους,
465 414 478 439 ὁ
504 413 533 440 δὲ
560 412 623 440 οὕτε
650 414 714 445 τοὺς
744 413 906 449 ἀνθρώπους

114 460 172 486 οὐδὲ
189 460 233 486 τὸν
248 459 314 485 Θεὸν
330 459 443 493 ᾐδέσθη.

957 230 1049 265 igitur,
1067 233 1160 266 tu,qui
1180 233 1268 260 divina
1281 236 1388 262 oracula
1405 237 1543 269 audivisti,
1570 237 1744 264 admouentia

955 284 989 304 ne
1004 276 1135 305 faciamus
1155 278 1351 315 eleemosynam
1375 288 1467 309 coram
1490 282 1653 315 hominibus,
1680 290 1742 310 cum

957 320 1014 355 ipse
1036 327 1070 348 ne
1096 322 1203 356 quidem
1229 323 1321 357 gloriae
1345 327 1489 360 cupiditate
1505 327 1635 355 adductus
1661 328 1742 362 quid-

957 375 1037 403 quam
1060 368 1123 395 boni
1148 367 1236 396 facere
1254 370 1399 403 sustineas,
1415 379 1461 399 eos
1484 373 1529 406 qui
1551 380 1598 407 per
1618 374 1744 400 ambitio-

958 421 1020 440 nem
1038 413 1143 447 aliquid
1156 412 1259 440 faciunt
1275 415 1469 449 reprehendis?
1486 416 1590 449 Quanto
1603 419 1674 444 enim
1688 426 1743 446 me-

959 457 1010 484 lior
1024 463 1065 485 est
1079 458 1100 486 is
1119 459 1164 493 qui
1182 464 1292 494 propter
1302 460 1439 488 homitnnn
1457 462 1567 496 gloriam
1582 463 1646 490 colit
1660 464 1742 491 casti-

115 513 196 535 tatem
211 512 238 534 et
253 508 471 540 temperantiam,
491 513 534 538 eo,
554 509 602 540 qtn‘
619 513 652 532 ne
667 505 774 540 quidem
797 509 906 540 propter
924 504 995 533 hanc
1009 509 1165 541 temperans
1200 511 1227 534 et
1248 514 1340 535 castus
1353 513 1395 536 est
1416 518 1422 536 :
1459 514 1533 537 tanto
1551 511 1633 538 etiam
1658 511 1681 538 is
1697 512 1742 546 qui

115 554 178 582 facit
204 555 403 589 cleemosynam
436 553 529 588 gloriae
563 553 761 588 consequendam:
796 553 901 585 studio,
923 552 1010 580 altero
1045 554 1090 588 qui
1124 554 1203 588 plane
1225 561 1277 582 non
1294 554 1372 587 facit,
1392 551 1487 583 melior
1506 561 1558 584 est.
1575 556 1648 583 Alter
1669 558 1742 584 enim

114 600 236 627 homines
251 599 363 632 saltem;
385 598 453 626 alter
473 605 537 624 vero
557 605 645 632 neque
667 598 801 631 homines,
823 605 909 633 neqtte
929 598 1012 626 Deum
1025 604 1066 626 est
1081 600 1223 627 reveritus.

328 650 331 651 ⁷
364 656 440 684 .MB’.
456 671 491 676 —
505 657 638 692 ΜΑΡΚῼ.

112 703 164 730 Διὰ
175 703 205 729 τί
219 702 271 728 τὸν
283 702 420 736 μέθυσον
437 701 484 728 καὶ
506 703 558 729 τὸν·
578 702 710 736 λοίδορον
722 704 739 729 ὁ
760 702 902 730 Ἀπόστο-

146 740 202 805 go:
226 738 298 772 μετὰ
315 737 376 764 τῶν
391 736 426 763 τὰ
449 736 576 771 μέγιστα
598 737 813 772 ἡμαρτηκότων
833 738 900 765 ἕτα-

168 782 214 800 εν.

1211 659 1290 687 XLII.
1306 676 1341 682 —
1355 659 1484 688 MARCO.

956 703 1044 737 Quare
1065 703 1196 731 ebriosum
1219 711 1242 732 et
1267 706 1424 733 maledicum
1445 706 1584 740 Apostolus
1601 707 1670 734 inler
1688 715 1742 740 eos,

988 740 1033 774 qui
1050 741 1167 767 maxima
1182 742 1367 768 commiserunt
1386 746 1502 776 peccata,
1521 743 1656 769 collocarit
1670 742 1690 768 ³.

148 827 305 864 Θαυμάξειν
318 828 396 864 ἔφης,
423 828 481 860 πῶς
498 828 543 855 τὸν
560 827 677 864 μέθυσον
691 828 739 855 καὶ
756 828 803 855 τὸν
817 827 900 854 λοίδο-

990 830 1081 858 Mirari
1096 836 1121 859 te
1133 832 1253 865 dicebas,
1264 841 1318 868 qua
1331 832 1436 860 ratione
1450 833 1594 868 Apostolus
1605 834 1741 862 ebriosum

113 883 159 910 ρον
175 876 189 901 ὸ
208 875 367 906 Ἀπόστολος
387 874 457 910 μετὰ
470 874 524 902 τῶν
544 875 646 910 μοιχῶν
662 875 709 901 καὶ
720 875 774 901 τῶν
787 876 902 909 ἡταιρη-

112 921 200 947 κότων
220 920 309 953 ἔταξε.
338 921 410 956 Φημὶ
428 921 528 953 τοίνυν,
548 921 589 948 ὄτι
614 923 639 948 εἰ
667 921 717 956 μὲν
739 922 789 957 τὴν
816 920 902 955 αὐτὴν

111 966 226 998 ἐκείνοις
250 967 351 1002 ἔφησεν
377 968 475 999 αὐτοὺς
491 967 587 994 δώσειν
608 967 697 1003 δίκην,
720 967 797 994 λύσιν
818 967 902 1002 ἐχρῆν

111 1012 260 1047 ἐπιζητεῖν.
275 1013 307 1039 Εἰ
328 1012 356 1039 δὲ
373 1013 422 1048 τῆς
448 1012 587 1048 βασιλείας
610 1013 711 1048 ὁμοίως
728 1013 841 1045 ἐκείνοις
855 1013 903 1039 ἐκ·

112 1057 253 1084 πεσεῖσθαι
276 1057 340 1092 ἔφη,
358 1057 392 1083 δι’
416 1058 449 1092 ἢν
466 1059 555 1085 αἰτίαν
571 1057 686 1093 αἴνιγμά
710 1067 751 1085 σοι
776 1058 849 1085 δοκεῖ
871 1058 902 1085 τὸ

111 1103 212 1139 ρηθέν;
232 1103 313 1130 ’Ἄλλο
330 1103 384 1139 γὰρ
400 1103 430 1130 τὸ
445 1104 549 1137 εἰπεῖν,
569 1105 610 1131 ὅτι
634 1105 686 1138 ἔξω
706 1105 798 1139 πάσης
819 1105 901 1140 τιμῆς

113 1157 138 1176 τε
158 1151 205 1176 καὶ
223 1150 302 1184 δόξης
326 1150 483 1182 κείσονται,
500 1151 548 1177 καὶ
571 1150 646 1183 ἄλλο,
663 1150 693 1177 τὸ
719 1151 822 1185 φάναι·
845 1151 901 1186 Τὴν

110 1195 194 1230 αὐτὴν
209 1195 324 1221 δώσουσι
347 1195 435 1230 δίκην.
452 1195 490 1221 Οὐ
507 1197 561 1231 γὰρ
585 1193 661 1224 εἶπεν
672 1204 678 1210 ·
702 1196 757 1231 Τὴν
773 1196 834 1231 ῐσην
851 1195 902 1222 δώ-

111 1249 186 1267 σουσι
201 1241 288 1276 δίκην,
304 1241 318 1266 ὅ
335 1241 367 1267 σὺ
384 1241 449 1272 ἴσως
467 1241 503 1276 μὴ
519 1242 617 1276 νοήσας
633 1241 662 1267 τὺ
678 1242 759 1277 ῥηθὲν
773 1242 902 1277 ἐνόμισας

110 1285 256 1320 εἰρῆσθαι,
276 1285 360 1318 ἀλλὰ,
381 1295 390 1310 ι
420 1286 563 1312 Βασιλείαν
581 1286 647 1313 Θεοῦ
672 1287 702 1313 οὑ
726 1287 899 1323 κληρονομή-

110 1339 197 1358 σουσι.
219 1341 227 1357 ι
244 1332 298 1367 Τῆς
312 1332 360 1366 μὲν
377 1332 431 1367 γὰρ
445 1332 534 1367 δόξης,
551 1333 721 1368 φησὶ,παντὶ
735 1333 828 1368 τρόπῳ
847 1334 900 1365 ἔξω

109 1377 248 1405 πείσονται
262 1386 269 1392 ·
285 1378 352 1413 πρὸς
367 1378 395 1404 δὲ
412 1379 460 1414 τὴν
483 1379 618 1414 ποσότητα
635 1379 682 1405 καὶ
696 1379 745 1414 τὴν
769 1380 901 1415 ποιότητα

108 1424 158 1450 καὶ
170 1423 339 1458 πηλικότητα
353 1424 409 1459 (5|)
422 1424 477 1450 τῶν
490 1424 698 1460 ἁμαρτημάτων
713 1424 899 1461 κριθήσονται.

110 1469 202 1503 Πολλὴ
219 1468 273 1504 γὰρ
290 1469 338 1495 τοῦ
355 1469 428 1496 θείου
442 1469 619 1505 δικαστηρίου
640 1471 656 1506 ή
672 1470 810 1505 ἀκρίϐεια,

953 881 980 904 et
1001 877 1161 905 maledicum
1180 878 1206 906 in
1228 879 1322 906 eodem
1339 879 1415 913 quasi
1430 887 1513 907 censu
1530 887 1590 907 cum
1611 881 1743 907 adulteris

954 927 982 950 et
999 924 1196 952 scortatoribus
1208 924 1357 952 collocarit.
1373 925 1423 951 Aio
1441 925 1531 959 itaque
1549 934 1555 952 :
1574 925 1602 952 Si
1620 926 1740 953 eamdem

953 976 1013 995 cum
1029 969 1070 996 his
1084 977 1189 1004 poenam
1203 970 1340 997 subituros
1356 978 1402 998 eos
1416 971 1536 1004 dixisset,
1551 976 1605 998 tum
1620 979 1684 999 vero
1695 979 1740 998 so-

953 1014 1080 1042 lutionem
1102 1015 1200 1050 (hujus
1220 1015 1412 1052 dubitationis)
1435 1016 1573 1051 inquirere
1593 1023 1740 1052 oporteret.

953 1061 1018 1088 Cum
1038 1065 1127 1088 autem
1149 1069 1196 1089 eos
1218 1069 1293 1097 teque
1314 1067 1395 1096 atque
1414 1062 1480 1089 istos
1502 1070 1584 1097 regno
1605 1063 1740 1098 (caelesti)

953 1106 1111 1134 frustratum
1124 1107 1156 1134 iri
1171 1107 1270 1134 dixerit
1286 1115 1293 1133 :
1309 1108 1373 1142 quid
1392 1115 1481 1135 causa:
1499 1113 1549 1140 est,
1568 1116 1616 1134 cur
1631 1108 1656 1135 id
1669 1109 1741 1143 quod

952 1151 1054 1178 dictum
1074 1153 1126 1183 est,
1146 1152 1293 1178 obscurum
1310 1151 1356 1177 tibi
1378 1150 1465 1177 instar
1480 1151 1630 1185 annigmatis
1648 1151 1740 1177 videa-

953 1196 1106 1224 tur?Aliud
1129 1197 1201 1223 enim
1218 1200 1275 1229 est,
1297 1197 1396 1227 dicere.
1415 1201 1492 1223 extra
1517 1203 1626 1223 omnem
1653 1196 1740 1223 hono-

952 1251 1009 1270 rem
1028 1247 1054 1269 et
1072 1242 1183 1277 gloriam
1209 1249 1255 1269 eos
1278 1242 1336 1269 fore
1357 1242 1518 1268 constitutos
1534 1262 1541 1274 ,
1565 1246 1592 1268 et
1611 1241 1682 1268 aliud
1699 1241 1741 1268 di-

951 1297 1025 1322 cere,
1042 1289 1100 1324 pari
1117 1288 1249 1323 sttpplicio
1266 1287 1392 1315 allectum
1414 1287 1458 1315 iri.
1476 1287 1532 1314 Non
1551 1287 1622 1315 enim
1648 1287 1715 1314 dixit
1731 1296 1738 1313 :

951 1335 1035 1362 Pares
1056 1335 1157 1361 dabunt
1174 1341 1267 1369 ptnnas
1290 1333 1378 1368 (quod
1400 1337 1426 1359 tu
1449 1332 1574 1360 fortassis
1595 1340 1647 1359 non
1667 1332 1741 1359 intel-

951 1381 1021 1409 lecto
1055 1380 1184 1414 Paulino)
1211 1380 1283 1406 dicto
1315 1379 1415 1414 putasti
1454 1379 1556 1406 dictum
1583 1385 1653 1410 esse.
1680 1378 1738 1409 sed.

955 1435 964 1452 ι
988 1433 1099 1461 regnum
1123 1425 1171 1452 Dei
1200 1433 1253 1452 non
1268 1424 1454 1460 possidebunt.
1471 1433 1480 1449 ι
1501 1423 1567 1450 Nam
1592 1429 1668 1450 extra
1685 1423 1742 1457 glo-

951 1471 1019 1499 riam
1040 1471 1160 1505 quidem,
1177 1470 1273 1504 inquit,
1291 1470 1402 1497 omnino
1425 1468 1506 1503 positi
1524 1473 1619 1501 erunt;
1638 1469 1740 1495 interea

109 1522 201 1545 tamen
217 1519 364 1546 secundum
382 1518 558 1552 quantitatem
579 1523 607 1545 et
628 1517 784 1552 qualitatem
814 1523 842 1546 et
878 1526 1020 1547 numerum
1060 1522 1233 1554 peccatorum
1253 1517 1459 1552 iudicabuntur.
1493 1517 1589 1552 Magna
1612 1516 1684 1544 enim
1709 1523 1741 1543 ac

110 1565 254 1600 multiplex
267 1570 307 1592 est
323 1565 408 1592 divini
423 1563 518 1598 judicii
535 1565 689 1599 exquisitio.

246 1622 312 1649 Ml".
329 1636 364 1642 ——
380 1621 497 1649 IEPAKI
516 1621 764 1658 ΛΑΜΠΡΟΤΑΤῼ.

111 1678 198 1711 Τίνος
211 1678 230 1713 ἠ
249 1678 356 1705 ἔννοια
374 1677 428 1706 τοῦ
448 1677 648 1741 ἓῖκόρακος
661 1678 823 1713 τρέφεσθαι
845 1678 900 1706 τὸν

500 1721 561 1739 lar.

500 1721 561 1739 ιαν.

147 1770 234 1803 Ἴσθι,
252 1767 274 1797 ὦ
289 1770 365 1804 σοφὲ,
392 1770 433 1797 ὃτι
452 1770 469 1805 ἡ
490 1769 566 1805 πηγὴ
588 1770 638 1806 τῆς
659 1769 827 1804 ἀγαθότητος
849 1770 899 1806 τὴν

107 1816 217 1843 δικαίαν
240 1816 285 1842 τοῦ
313 1817 452 1851 προφήτου
470 1816 541 1842 κατὰ
563 1815 696 1842 Ἰουδαίων
711 1816 899 1852 ἀγανάκτησιν

109 1861 230 1895 ἐκμάξαι
247 1861 304 1897 (52)
329 1860 478 1897 βουλομένη
503 1860 593 1895 (λιμὸν
607 1861 662 1896 γὰρ
681 1861 839 1896 ἐπήγαγεν,
855 1862 899 1888 ἴνα

107 1908 155 1934 τὸν
163 1908 243 1942 κόρον
253 1907 330 1943 ὖὸριν
339 1907 466 1934 ὠδίνοντα
473 1907 633 1943 σωφροσύνη
643 1907 807 1942 σωφρονίσαι
818 1908 898 1943 (35))'

108 1954 318 1990 παρεσκεύασεν
346 1953 428 1980 αὑτὸν
447 1953 490 1980 διὰ
508 1953 625 1989 κόρακος
645 1953 804 1989 τρέφεσθαι,
821 1962 900 1990 μισο-

106 2000 207 2026 τέκνου
222 1999 324 2035 πτηνοῦ
335 2019 342 2032 ,
360 1999 407 2026 καὶ
421 1999 558 2031 τίκτοντος
577 1999 638 2034 μὲν,
654 1999 685 2026 οὐ
698 2000 844 2036 τρέφοντος
857 1999 896 2027 δέ’

105 2046 149 2073 διὸ
179 2046 225 2072 καὶ
237 2046 252 2072 ό
270 2045 397 2081 Μελῳδδς
429 2045 517 2072 καίτοι
534 2045 625 2081 πάσης
641 2046 690 2081 τῆς
715 2046 830 2078 κτίσεως
849 2055 899 2080 φυ-

106 2091 180 2127 σικῷ
197 2091 269 2127 λόγῳ
283 2092 322 2124 εἰς
338 2091 384 2118 τὸν
406 2091 576 2126 Δημιουργὺν
598 2091 820 2126 ἀποὸλεπούσης·
840 2101 849 2118 ι
866 2092 898 2118 Οἱ

103 2137 244 2172 ὀφθαλμοὶ
259 2137 313 2172 γὰρ
326 2137 445 2169 πάντων,
465 2136 558 2171 φησὶν,
574 2138 615 2169 εἰς
629 2137 660 2163 σὲ
673 2137 816 2169 ἐλπίζουσι
827 2158 834 2170 ,
851 2137 899 2164 καὶ

105 2184 140 2210 σὺ
160 2182 240 2215 δίδως
255 2183 302 2219 τὴν
317 2182 420 2219 τροφὴν
440 2182 529 2210 αὐτῶν
540 2183 570 2209 ὲν
586 2182 727 2218 εὐκαιρᾱγ
746 2192 756 2209 ι
772 2183 898 2218 κοράκων

104 2228 310 2263 ἐμνημόνευσε,
321 2228 408 2262 λέγων
418 2235 426 2243 ·
443 2237 453 2254 ί
473 2227 519 2263 Τῷ
532 2227 630 2254 διδόντι
643 2229 700 2259 τοῖς
710 2228 822 2263 κτήνεσι
836 2236 899 2263 τρο-

1057 1622 1191 1651 XLlll.—
1206 1622 1343 1650 lllERACI
1360 1620 1634 1650 ILLUSTRISSIMO.

969 1677 1040 1712 Quid
1052 1678 1102 1705 sibi
1114 1678 1185 1711 velit,
1199 1678 1268 1713 quod
1287 1677 1361 1704 Elia:
1371 1685 1417 1712 per
1430 1684 1534 1704 coruunt
1547 1682 1638 1711 pastus
1651 1677 1685 1704 εὶι
1700 1677 1720 1704 ⁵.

985 1771 1063 1799 Scire
1075 1771 1168 1804 debes,
1187 1770 1228 1798 vir
1241 1771 1360 1805 sapiens,
1376 1769 1479 1797 fontem
1502 1768 1576 1796 illum
1597 1768 1738 1800 bonitatis,

949 1818 1031 1854 5,35
1040 1825 1100 1845 cum
1110 1817 1188 1845 vellet
1195 1817 1294 1852 justam
1302 1816 1439 1851 propheta-
1447 1816 1575 1843 adversus
1585 1814 1690 1842 Judeos
1699 1815 1740 1842 in-

950 1864 1134 1899 dignationem
1152 1862 1305 1897 abstergere
1316 1862 1425 1896 (famem
1441 1861 1513 1888 enim
1527 1860 1679 1892 induxit,ut
1693 1868 1739 1887 sn-

951 1911 1099 1942 turitatem,
1123 1916 1184 1944 qute
1204 1907 1393 1936 contumeliam
1413 1915 1507 1943 parere
1529 1907 1608 1941 solet,
1624 1907 1741 1941 castiga-

950 1957 1019 1990 ret),
1032 1956 1136 1984 curavit
1154 1955 1241 1989 ipsum
1257 1961 1304 1988 per
1317 1961 1427 1981 corvum
1441 1953 1527 1989 pasci,
1544 1961 1620 1980 aVem
1636 1952 1738 1980 sobolis

948 2002 1065 2036 propria:
1077 2007 1196 2032 osorem.
1209 2004 1236 2027 et
1248 2007 1308 2034 qua:
1320 1999 1390 2034 parit
1402 1999 1512 2033 quidem
1525 2003 1605 2033 atque
1620 1997 1740 2026 excludit

949 2048 1046 2083 pullos,
1070 2047 1116 2075 sed
1134 2054 1182 2074 eos
1204 2054 1256 2074 non
1280 2046 1336 2073 alit.
1363 2045 1428 2079 Qum
1449 2052 1530 2072 causa
1550 2052 1658 2080 quoque
1686 2048 1738 2076 est,

949 2093 1019 2128 quod
1034 2092 1201 2119 Psalmorum
1224 2092 1350 2126 scriptor,
1366 2091 1489 2126 quamvis
1503 2091 1594 2119 omnis
1611 2094 1737 2118 creatura

949 2138 1065 2167 naturali
1083 2139 1197 2172 qttodam
1217 2138 1346 2165 instinctu
1365 2137 1392 2165 in
1408 2136 1532 2171 opiﬁcem
1556 2143 1634 2163 suum
1652 2135 1739 2170 respi-

949 2185 1002 2212 ciat
1020 2193 1027 2212 :
1049 2193 1059 2210 I
1077 2183 1152 2211 Oculi
1170 2183 1242 2211 enim
1257 2183 1389 2215 omnium,
1410 2182 1508 2217 inquit,
1524 2181 1552 2209 in
1575 2185 1600 2208 te
1616 2186 1737 2216 sperant.

949 2235 975 2257 et
990 2234 1016 2257 tu
1031 2230 1081 2257 das
1098 2237 1189 2257 escam
1204 2229 1312 2256 illorum
1327 2228 1354 2255 in
1370 2232 1491 2262 tempore
1503 2229 1654 2260 opportuno
1668 2225 1698 2257 ';
1711 2225 1737 2252 in

103 2275 163 2310 φὴν
184 2274 274 2301 αὐτῶν
285 2295 293 2307 ,
313 2275 361 2301 καὶ
379 2275 436 2306 τοῖς
453 2275 575 2306 νεοσσοῖς
599 2274 654 2301 τῶν
673 2274 815 2309 κοράκων,
841 2275 898 2305 τοῖς

952 2275 1040 2310 specie
1055 2282 1197 2303 corvorum
1215 2274 1377 2302 mentionem
1394 2273 1495 2303 fecerit,
1508 2279 1568 2300 cum
1585 2271 1642 2298 ait:
1657 2271 1667 2297 ι
1685 2271 1736 2305 Qui

104 2320 337 2356 ἔπικαλουμένοις
351 2320 442 2347 αὐτόν.
460 2329 470 2345 ι
484 2319 610 2347 Μάλιστα
634 2320 682 2355 μὲν
698 2319 751 2354 γὰρ
771 2319 860 2346 πάντα
880 2320 897 2354 ή

952 2322 993 2348 dat
1008 2321 1137 2356 jumentis
1149 2320 1306 2347 alimentum
1320 2319 1450 2354 ipsor-um,
1463 2322 1490 2345 et
1501 2317 1582 2353 pullis
1593 2324 1736 2344 corvorum

105 2365 172 2393 Θεία.
191 2366 305 2402 πρόνοια
331 2365 448 2401 τρέφει,
467 2365 554 2401 φησὶ,
579 2364 761 2400 διαφερόντως
780 2363 810 2391 δὲ
832 2365 896 2396 τοὺς

952 2366 1141 2394 invocantibus
1157 2373 1219 2393 eum
1238 2365 1259 2393 ‘.
1275 2375 1284 2392 ι
1300 2364 1414 2392 Maxime
1429 2363 1549 2398 quidem.
1561 2362 1662 2397 inquit,
1679 2369 1739 2389 om-
1783 2362 1792 2368 ‘

105 2411 239 2443 νεοσσοὺς
267 2411 322 2438 τῶν
347 2412 483 2446 κοράκων,
506 2410 573 2442 τοὺς
598 2410 674 2445 παρὰ
695 2410 750 2437 τῶν
766 2410 900 2437 τεκόντων

954 2412 997 2438 nia
1018 2410 1102 2438 nutrit
1125 2418 1157 2437 ac
1177 2414 1312 2438 sustentat
1327 2409 1417 2436 divina
1439 2407 1624 2444 providentia;
1641 2407 1740 2434 eximio

105 2457 328 2493 ἀμελουμένους·
346 2456 519 2492 ζωΰφια(54)
538 2457 593 2493 γὰρ
606 2457 666 2488 ταῖς
690 2457 798 2488 καλιαῖς
823 2464 900 2492 περι-

147 2547 159 2564 ³
177 2547 187 2575 l
202 2547 265 2575 Cor.
279 2556 318 2582 vt,
339 2548 383 2576 10.
420 2548 431 2564 δ
443 2547 475 2576 llt
491 2548 558 2584 Reg.
575 2555 644 2581 xvtt,
657 2546 686 2575 ι.

953 2463 1019 2484 vero
1042 2460 1069 2484 ct
1088 2455 1215 2491 peculiari
1232 2455 1356 2491 quodam
1372 2454 1452 2482 modo
1472 2453 1559 2488 pullos
1583 2457 1738 2482 corvorum,

661 2625 992 2662 VARIIE_LECTIONES
1011 2625 1055 2654 ET
1073 2624 1189 2654 NOT/E.

147 2704 204 2739 (31)
222 2703 314 2740 Verba
326 2704 381 2738 illa,
393 2704 442 2731 καὶ
461 2704 628 2740 πηλικότητα
641 2725 648 2736 ,
665 2712 717 2732 non
739 2707 900 2740 comparent
951 2703 1059 2740 supplet
1074 2704 1135 2732 cod.
1154 2702 1240 2731 Vatic.
1266 2702 1319 2731 650
1335 2708 1363 2730 et
1388 2700 1582 2730 ltittershusius
1606 2698 1632 2725 in
1648 2697 1730 2725 notis.

106 2740 137 2776 in
153 2748 187 2767 eo
203 2740 275 2776 (σά.-
290 2739 361 2767 idem
378 2747 448 2767 vers.
465 2739 521 2775 seq.
536 2747 585 2775 pro
607 2740 780 2776 δικαστηρίου
801 2739 897 2767 scribit

105 2774 251 2802 δικαστοῦ.
266 2774 300 2801 In.

158 2809 205 2844 52)
222 2809 273 2837 Pro
281 2808 399 2844 ἐκμάξαι
410 2808 540 2837 cod.Vat.
550 2808 604 2844 650
619 2809 681 2844 legit
691 2808 900 2844 ὲκμαλάξαι.ῐι>.

146 2810 205 2878 ἱὸἓζ
222 2810 273 2837 Pro
281 2810 399 2844 ἐκμάξαι
410 2810 540 2849 cod.Vat.
550 2810 604 2836 650
619 2810 681 2844 legit
691 2810 900 2844 ὲκμαλάξαιλι).

158 2845 195 2873 55
222 2844 362 2873 Lacunam
376 2844 416 2873 sic
432 2845 458 2873 in
474 2844 541 2873 edit.
555 2843 642 2873 Paris.
658 2844 765 2878 punctis
779 2849 900 2872 notatam

951 2738 1044 2809 ⁸⁵³64)
1068 2773 1120 2809 Pro
1137 2773 1245 2809 ζωσφια
1261 2773 1316 2808 γάρ
1336 2772 1405 2800 idem
1427 2770 1488 2798 cod.
1508 2768 1589 2796 habet
1603 2766 1661 2799 to:
1679 2766 1734 2801 γὰρ

955 2808 1050 2845 μικρά.
1065 2808 1172 2837 Possm.
