2040 3161
192 161 259 194 1097
616 163 884 194 EPISTULARUM
905 165 978 195 LIB.
1002 166 1048 196 IV.
1073 180 1104 184 ——
1124 167 1242 197 EPIST.
1262 167 1394 198 XLVIII.
1758 166 1824 199 1098

188 217 228 252 τῷ
247 216 432 252 δ.δασκαλικῷ
446 217 581 252 ἀξιώματι
597 218 796 254 ὠφρυωμένος,
812 219 859 246 καὶ
875 219 982 254 τολμῶν

1037 221 1114 249 triens
1140 221 1260 248 calculus
1285 222 1310 249 in
1337 223 1407 257 ipsos
1435 223 1538 250 crimen
1567 222 1700 250 convertit
1737 224 1824 258 (quod

189 261 207 288 ὃ.
223 261 259 296 μὴ
273 261 364 296 θέμις,
382 262 443 288 οὐδὲ
458 262 615 299 συμϐουλῆς
629 265 767 300 ἀνέχεται,
781 265 837 292 ἄνω
849 265 895 292 καὶ
907 266 981 292 κάτω

1035 266 1105 294 falso
1131 267 1298 294 intentaraut
1331 268 1495 303 innocenti).
1528 268 1556 296 Si
1583 269 1664 304 igitur
1690 269 1825 296 Eus’cbius

188 307 219 333 τὸ
241 307 293 342 τῆς
321 308 496 343 ἐπισκοπῆς,
527 310 557 336 οὐ
582 310 614 336 τὸ
637 311 686 346 τῆς
711 310 813 346 ἀρετῆς
837 311 982 346 προφέρων

1037 319 1153 347 quoque,
1168 316 1197 339 ut
1210 313 1369 346 scripsistis,
1388 314 1506 341 doctoris
1518 314 1650 348 dignitate
1663 314 1824 350 superbiens

189 353 309 388 ἀξίωμα,
321 353 358 389 μὴ
366 354 684 392 ὀλιγωρεῖτε.Ἀξιαξγὰρ
701 357 821 390 πάντων,
836 357 852 393 ἢ
866 357 982 384 ἐνταῦθα

1038 362 1065 386 et
1091 358 1173 384 altum
1198 365 1294 393 gerens
1322 359 1508 392 supercilium,
1531 360 1700 395 nefandoque
1725 360 1826 388 audens

189 399 206 434 ἢ
220 400 322 432 ἐκεῖσε,
338 400 392 427 τῶν
405 400 553 436 δρωμένων
571 401 788 438 ἀπαιτηοήσεται
800 403 835 429 τὰ
846 403 982 438 ἐπίχειρα.

1039 403 1159 438 aggredi,
1183 411 1270 438 neque
1289 404 1429 431 consilium
1456 405 1575 432 admittit
1600 406 1694 440 ullum,
1717 414 1824 434 sursum

190 452 222 471 ac
232 445 358 472 deorsum
373 447 556 481 episcopatus,
574 455 626 474 non
676 453 764 475 autem
780 448 901 482 virtutis,
916 453 1057 476 ostentans
1083 449 1228 484 etjaclaus
1249 449 1408 484 dignitatem
1433 459 1440 477 :
1472 451 1554 478 nolite
1572 451 1598 478 id
1619 452 1824 487 parvipendere.

189 491 283 526 Digna:
297 493 370 519 enim
392 495 524 526 omnium,
549 494 590 520 vel
612 494 666 527 hic,
679 495 720 521 vel
741 496 768 522 in
783 495 868 524 altero
883 496 981 523 saeculo
1001 503 1088 531 poenae
1102 496 1136 524 ab
1151 497 1208 531 ipso
1219 500 1406 531 reposcemur.

313 538 389 572 Μετ’.
407 553 441 559 -
455 540 607 575 amoena
630 540 848 577 ΑΝΑΓΝΩΣΤῌ.

1170 542 1264 570 XLVI.
1281 558 1315 562 —
1329 541 1517 570 DUROTIIEO
1533 543 1690 571 LECTORI.

209 584 260 616 Εἰς
273 582 317 618 τὸ,
334 593 343 609 ι
369 583 403 611 Et
422 584 471 611 καὶ
490 585 664 621 ἐγνώκαμεν
680 586 756 614 κατὰ
780 587 880 621 σάρκα
899 588 971 621 Χρισ-

1108 587 1140 614 In
1158 587 1224 614 illud
1241 587 1320 614 Pauli
1333 588 1433 614 dictum
1448 597 1457 615 :
1478 597 1487 613 ‹
1515 587 1573 614 Etsi
1590 589 1755 622 cognovimus

368 628 373 633 ι
526 622 611 649 ator.
628 624 641 647 ἰ

1158 623 1291 650 Christum
1303 623 1447 650 secundant
1463 631 1567 650 carnem
1580 623 1612 655 ¹⁰,
1627 628 1680 651 etc.
1696 632 1707 649 ›

228 677 307 708 Ἴσως
331 677 425 712 ἐπειδὴ
449 677 581 713 ἀδελφοὺς
598 678 727 706 ἐκάλεσεν
752 681 766 706 ὁ
779 680 897 715 Χριστὸς
917 681 980 712 τοὺς

1073 679 1208 707 Fortassis
1231 680 1293 714 quia
1325 679 1451 707 Christus
1481 679 1580 707 fratres
1605 687 1669 707 suos
1682 681 1826 715 appellavit

190 722 335 753 ποιοῦντας
350 722 381 749 τὸ
393 723 519 758 πατρῷον
535 723 656 759 θέλημα,
673 725 720 751 καὶ
738 724 821 758 ἔδειξε
839 725 888 761 τὴν
910 725 980 751 κατὰ.

1037 733 1083 754 eos
1098 725 1144 760 qui
1158 724 1325 752 voluntatem
1343 729 1484 759 paternam
1500 725 1611 757 faciunt,
1630 730 1656 753 et
1678 726 1728 753 hoc
1747 731 1826 761 pacto

194 768 285 804 σάρκα
312 768 473 802 συγγένειαν
500 769 571 804 (41),
605 769 671 797 ἄνευ
701 770 752 806 τῆς
777 771 849 797 κατὰ
873 771 982 806 πνεῦμά

1037 771 1253 803 demonstravit,
1281 770 1417 798 carnalem
1444 772 1633 806 cognationem
1662 773 1737 807 parvi
1766 779 1827 799 esse

194 821 265 848 φημι
282 812 336 847 (42)
350 820 356 826 '
376 813 423 839 ml.
443 812 518 840 εἶπεν
533 814 547 840 ὁ
568 814 729 846 Ἀπόστολος
744 823 750 829 ·
764 824 773 841 ‹
789 815 822 842 Et
841 815 888 842 καὶ
899 815 982 850 ἐγνώ-

1039 816 1168 844 momenti
1186 816 1275 852 (dico,
1296 815 1318 843 si
1335 816 1405 843 absit
1424 817 1551 851 cognatio
1571 818 1718 845 secundum
1745 817 1826 851 spiri-

194 866 281 893 καμεν
293 858 362 884 κατὰ
373 858 462 894 σάρκα
471 859 599 895 Χριστὸν,
613 860 681 887 ἀλλὰ
690 861 738 888 νῦν
749 861 841 888 οὐκέτι
852 860 982 895 γινώσκο-

1039 864 1125 900 tum),
1146 849 1249 891 Idcirco
1271 864 1352 890 etiam
1373 849 1519 898 Apostolus
1540 865 1608 891 dixit
1633 873 1640 890 :
1665 874 1675 890 ι
1701 849 1766 892 Etsi
1780 872 1827 892 co-

194 911 254 938 μεψ
267 912 276 928 t
290 900 354 929 οἷον·
365 904 396 930 Εἰ
406 904 663 940 καὶὲσεμνυνόμεθα
675 905 802 941 πρώηνοί
812 906 840 939 ἐξ
849 906 982 933 Ἰουδαίων

1037 908 1178 944 gnovimus
1192 908 1328 935 Christum
1344 909 1492 936 secundum
1510 916 1631 941 carnem,
1646 914 1674 937 at
1691 917 1762 936 nunc
1773 917 1826 936 non

191 949 389 981 πιστεύσαντες
404 951 437 986 τῇ
465 951 537 978 κατὰ
552 951 642 986 σάρκα
657 952 739 979 αὑτοῦ
756 952 919 989 συγγενείᾳ,
936 952 982 980 νῦν

1038 954 1152 988 amplius
1167 954 1300 981 n0vimus.
1323 962 1332 978 ›
1351 953 1435 986 Quasi
1453 953 1569 986 diceret,
1586 953 1746 989 Quanquam
1764 962 1824 986 nos,

190 995 220 1020 οὐ
235 995 322 1032 ταύτῃ
336 996 550 1032 ἑναϐρυνόμεθα,
563 997 631 1024 ἀλλὰ
645 999 679 1033 τῇ
696 998 756 1024 κατ’
768 998 922 1034 οἰκειότητα
937 998 982 1024 αὐ-

1037 999 1083 1034 qui
1105 1006 1137 1025 ex
1155 998 1254 1026 Judreis
1268 998 1434 1026 credidimus
1449 999 1568 1032 Christo,
1585 999 1654 1027 soliti
1669 1007 1762 1027 sumus
1778 1008 1828 1027 au-

189 1040 236 1068 τοῦ
250 1042 393 1078 ἀγχιστεία
406 1063 412 1074 ,
434 1043 467 1078 ἢν
482 1043 526 1070 διὰ
542 1044 590 1079 τῆς
607 1044 709 1079 ἀρετῆς
730 1044 922 1079 καρπούμεθα.
937 1044 982 1071 Διὸ

1039 1048 1080 1071 tea
1100 1043 1202 1070 carnali
1221 1044 1432 1078 propinquitate,
1454 1051 1506 1078 qua
1526 1052 1588 1072 cum
1611 1045 1669 1079 ipso
1690 1045 1826 1080 conjuncti

189 1088 239 1114 καὶ
264 1088 355 1123 ἔλεγε·
376 1097 385 1114 ι
405 1089 531 1124 Μιμηταί
556 1098 607 1124 μου
635 1090 759 1124 γίνεσθε,
784 1089 877 1121 καθὼς
905 1089 982 1124 κάγὼ

1038 1097 1142 1122 sumus,
1165 1089 1288 1124 gloriari,
1312 1089 1368 1123 jam
1397 1094 1486 1117 tamen
1510 1097 1564 1116 non
1587 1089 1701 1124 amplius
1723 1097 1755 1117 ea
1777 1098 1827 1118 nos

189 1133 326 1168 Χριστοῦ·
350 1143 359 1159 ι
378 1134 478 1161 ὡσανεὶ
502 1135 579 1170 ἔλεγε
593 1143 599 1150 ·
616 1136 655 1171 Τῇ
676 1136 791 1172 μιμήσει
814 1135 982 1170 σεμνύνομαι

1038 1135 1188 1168 efferimus,
1214 1135 1261 1162 scd
1279 1135 1368 1169 potius
1392 1135 1436 1162 illa
1460 1135 1671 1170 propinquitate,
1696 1143 1755 1170 quae
1778 1143 1827 1164 nos

190 1179 292 1214 μᾶλλον
307 1180 323 1216 ἢ
338 1182 371 1216 τῇ
384 1181 455 1208 κατὰ
466 1181 558 1217 σάρκα
574 1182 731 1218 ἀγχιστεία.

1038 1180 1089 1214 ipsi
1102 1180 1204 1207 similes
1218 1179 1308 1213 efficit,
1320 1188 1372 1214 qua
1389 1187 1437 1215 per
1455 1181 1582 1207 virtutem
1600 1181 1724 1208 fruimur.
1741 1181 1826 1214 Quam

188 1226 270 1253 etiam
291 1226 326 1254 ob
345 1235 455 1254 causam
475 1228 544 1255 dixit
566 1237 573 1255 :
600 1237 609 1254 ι
633 1228 786 1256 lmitatores
806 1228 859 1256 mei
881 1233 979 1259 estote,
999 1226 1072 1254 sicut
1091 1230 1118 1254 et
1134 1233 1184 1261 ego
1209 1234 1268 1253 sum
1295 1226 1443 1254 Christi".
1462 1235 1471 1251 ι
1489 1226 1570 1261 Quasi
1594 1227 1708 1260 diceret,
1733 1226 1827 1256 Imita-

191 1275 264 1302 tione
288 1275 375 1311 magis
392 1276 494 1311 glorior
511 1277 631 1310 Christi,
650 1285 732 1312 quam
753 1278 855 1306 carnali
882 1277 1054 1313 cognatione.

423 1324 489 1350 MZ'.
506 1338 541 1343 —
559 1324 675 1359 ΠΑΥΛῼ
692 1324 759 1359 (ιδ).

191 1367 256 1405 ὀτι
282 1368 341 1405 χρὴ
362 1368 559 1405 τργφρόνῄημα
590 1369 651 1396 τῶν
669 1370 912 1404 σφαλλομένων,
937 1371 982 1405 μὴ

226 1403 418 1440 οζομὲζωνλδὲ
437 1404 653 1440 σφάλλεσθαι,
679 1403 848 1439 καθαιρεῖν·
875 1403 982 1440 γνωσιὲ

225 1438 358 1472 μαχοῦσι
370 1438 405 1465 δὲ
421 1439 604 1474 συγγνώμην
617 1439 730 1474 νέμειν.

1283 1322 1385 1351 XLVII.
1405 1338 1439 1342 —-
1459 1322 1585 1350 PAULO.

1039 1367 1165 1403 Oportere
1187 1368 1336 1402 superbiant
1353 1377 1442 1395 eorum
1453 1369 1497 1402 qui
1510 1373 1611 1401 errant,
1631 1377 1676 1395 nec
1689 1373 1775 1396 tamen
1800 1376 1827 1396 se

1075 1411 1163 1429 errare
1180 1408 1283 1437 putant,
1296 1403 1441 1436 deprimere
1456 1413 1465 1430 :
1481 1404 1664 1438 pmnitentibus
1681 1409 1768 1431 autent
1785 1412 1827 1431 υι-

1073 1439 1143 1464 niam
1161 1438 1305 1472 indulgere.

228 1483 308 1517 Ἴσθι,
322 1481 344 1510 ὧ
365 1484 503 1519 βέλτιστε,
519 1485 561 1511 ὅτι
580 1485 610 1512 οὐ
628 1485 741 1521 λήσεται
761 1486 848 1518 οὐδεὶς
864 1487 910 1514 τὸν
930 1495 982 1522 φα-

1071 1483 1148 1512 Scire
1172 1485 1264 1517 debes,
1282 1484 1352 1511 bone
1376 1484 1428 1517 vir,
1455 1484 1527 1519 quod
1547 1492 1626 1512 nemo
1651 1485 1744 1513 latcbit
1765 1485 1826 1512 illu-

189 1528 302 1557 νὸτατον
317 1531 365 1557 καὶ
382 1531 532 1566 ἀκοίμητον
550 1531 689 1567 ὀφθαλμὸν
700 1553 708 1565 ,
727 1532 783 1559 οὐδ’
805 1533 830 1559 εἰ
847 1534 876 1560 ἐν
894 1541 983 1569 παρα-

190 1574 284 1610 ϐύστῳ
298 1584 324 1602 τι
339 1576 460 1611 δράσειε.
474 1576 568 1612 Γυμνὰ
586 1577 640 1612 γὰρ
651 1577 726 1613 αὐτῷ
741 1578 842 1612 πάντα,
853 1578 904 1606 κᾶν
919 1579 984 1606 ἀπό·

191 1630 286 1657 κρυφα
309 1620 379 1649 εἶναι
402 1622 478 1659 δοκῇ.
496 1623 542 1650 Διὸ
562 1624 609 1650 καὶ
628 1624 691 1655 τοὺς
707 1624 915 1659 ἁμαρτάνοντας
936 1625 984 1652 κού¹

192 1666 230 1702 μὴ
242 1667 449 1702 μετανοοῦντας.
463 1668 581 1704 ποταμοί
593 1677 666 1701 τινες
677 1669 785 1696 ἁένναοι
799 1670 982 1704 ὑποδέξονται,

190 1712 248 1748 πῦρ
271 1713 386 1748 φοϐερὸν
404 1713 580 1747 ἀναζὲοντες,
602 1710 640 1741 ὧν
653 1714 686 1741 τὰ
701 1715 798 1750 ῥεῖθρα
819 1715 918 1750 φλόγες
942 1717 983 1749 εἰς

189 1758 328 1792 τιμωρίαν
347 1759 539 1794 κυμαίνουσαι.
569 1759 719 1796 Τοιγαροῦν
744 1761 908 1796 φοϐηθῶμεν
927 1761 982 1797 (44)

190 1803 221 1829 τὸ
234 1803 310 1830 Θεῖον
320 1813 327 1820 ·
344 1804 460 1840 φοϐερὸν
472 1805 526 1840 γάρ
536 1813 544 1820 ο
556 1805 603 1832 καὶ
617 1805 753 1840 σέϐωμεν,
766 1806 806 1832 ὄτι
818 1806 850 1842 δὴ
863 1806 965 1841 ἀγαθόν
974 1815 982 1823 υ

191 1850 311 1885 αὶτῶμέν
325 1859 354 1877 τε
372 1851 447 1886 αὐτῷ
469 1852 611 1886 πρέποντα
633 1852 740 1884 δοῦναι,
764 1852 812 1879 καὶ
832 1853 897 1887 ἡμῖν
915 1862 984 1888 συμ-

192 1895 308 1931 φέροντα
320 1896 414 1923 λαϐεῖν
427 1906 433 1912 ·
451 1897 520 1932 πρὸς
535 1897 590 1932 γὰρ
609 1897 689 1924 τοῦτο
703 1898 836 1933 ἐπήκοον*
851 1899 898 1925 καὶ
915 1907 984 1933 γνω-

193 1941 355 1976 σιμαχῶμεν
379 1942 539 1974 πταίοντες·
563 1943 612 1970 καὶ
634 1944 809 1980 εὐεργετικὸν
842 1944 913 1980 γὰρ.
938 1945 984 1972 καὶ

192 1985 316 2013 δεκτικὸν
331 1987 385 2014 τῶν
400 1988 521 2023 γνησίως
545 1989 807 2023 μεταγινωσκόντων
819 1997 826 2005 ·
850 1990 983 2026 μηδαμῶς

192 2031 221 2058 δὲ
232 2032 412 2068 ὀλιγωρῶμεν
425 2054 432 2066 ,
450 2034 492 2061 ὅτι
503 2034 536 2070 δὴ
549 2034 663 2061 δυνατὸν
675 2035 723 2061 καὶ
743 2035 963 2071 ἀπαραλόγιστον
974 2058 982 2070 ,

193 2078 251 2104 ἀλλ’
269 2078 396 2114 ἐκθύμως
412 2080 574 2116 ἀγαπῶμεν.
590 2081 653 2112 Τοῖς
663 2071 721 2116 γὰρ(
731 2081 861 2108 ποθοῦσιν
875 2081 931 2118 (45)
942 2079 984 2113 οἷς

190 2121 281 2156 λόγοις
299 2123 354 2159 (46)
367 2124 415 2150 καὶ
429 2125 572 2160 μειλίχιον.

1037 1530 1205 1558 strissimum
1219 1530 1293 1557 illum
1310 1537 1343 1558 ac
1356 1530 1513 1565 pervigilem
1531 1531 1651 1563 oculum,
1667 1539 1700 1559 ne
1717 1531 1826 1565 quidem

1034 1575 1057 1603 si
1088 1576 1115 1603 in
1144 1574 1338 1603 occultissimis
1360 1575 1544 1611 penetralibus
1572 1576 1673 1611 aliquid
1701 1575 1825 1611 patrarit.

1033 1621 1132 1656 Aperta
1145 1622 1217 1649 enim
1228 1629 1259 1649 ac
1271 1622 1341 1649 nuda
1358 1621 1408 1657 ipsi
1424 1627 1487 1649 sunt
1501 1622 1592 1650 omnia
1607 1621 1639 1655 η,
1651 1622 1828 1657 quantumvis

1034 1670 1128 1702 operta
1142 1672 1169 1694 et
1189 1667 1280 1694 abdita
1295 1674 1356 1694 esse
1372 1667 1526 1694 videantur.
1545 1666 1728 1700 Quamobrem
1742 1667 1826 1694 etiam

1033 1718 1176 1747 peccantes
1191 1720 1278 1748 neque
1300 1713 1490 1748 resipiscentes
1513 1713 1653 1748 excipient
1670 1712 1743 1740 ﬂuvii
1766 1713 1827 1748 qui-

1034 1758 1095 1785 dam
1107 1759 1240 1793 perpetui,
1258 1758 1346 1794 ignem
1365 1758 1513 1787 terribilem
1527 1758 1699 1789 ebullientes.
1711 1766 1826 1793 quorum

1035 1804 1145 1831 [lumina
1155 1804 1221 1832 nihil
1231 1810 1295 1832 sunt
1310 1805 1382 1832 aliud
1397 1813 1478 1840 quam
1491 1804 1606 1832 ﬂammae
1620 1805 1653 1831 ad
1665 1805 1826 1839 supplicium

1034 1849 1206 1877 ﬂuctuantes.
1224 1849 1374 1877 Metuamus
1390 1850 1472 1885 igitur
1487 1850 1607 1877 divinum
1630 1857 1728 1876 numen
1745 1849 1826 1884 5.37

1035 1898 1087 1933 (cst
1100 1897 1172 1924 enim
1184 1896 1380 1932 formidabile);
1399 1901 1426 1924 et
1440 1896 1511 1923 idem
1526 1903 1633 1931 quoque
1644 1895 1826 1922 venerabundi

1034 1944 1158 1970 colamus
1188 1943 1246 1977 (est
1267 1943 1338 1970 enim
1362 1943 1461 1970 bonum
1485 1947 1566 1977 atque
1587 1941 1775 1974 beneficum);
1800 1946 1828 1968 et

1035 1992 1160 2023 petamus
1172 1989 1205 2016 ab
1215 1989 1273 2023 ipso
1286 1989 1360 2021 talia,
1373 1996 1488 2022 quorum
1501 1988 1608 2016 etdatio
1621 1988 1708 2022 ipsum
1721 1988 1827 2018 deceat.

1034 2039 1061 2062 et
1074 2034 1151 2062 nobis
1167 2034 1295 2062 salutaris
1316 2034 1352 2061 sit
1368 2035 1491 2069 acceptio
1508 2034 1558 2069 (ad
1576 2034 1638 2061 talia
1651 2033 1722 2060 enim
1738 2032 1827 2060 danda

1035 2089 1149 2117 pronum
1177 2081 1251 2116 est),
1280 2086 1308 2108 et
1339 2081 1405 2115 lapsi
1436 2082 1462 2108 in
1495 2084 1605 2116 peccata
1632 2080 1824 2115 resipiscamus

1034 2128 1112 2162 (naut
1135 2132 1162 2154 et
1184 2126 1335 2154 beneficum
1360 2131 1413 2158 est,
1441 2131 1468 2154 et
1493 2133 1557 2154 vere
1582 2125 1773 2160 resipiscentes
1794 2132 1827 2151 ac

190 2167 265 2193 serio
286 2168 414 2204 recipit).
440 2168 518 2197 Nullo
543 2175 632 2198 autem
658 2172 738 2200 modo
764 2172 933 2208 negligentes
959 2178 1006 2200 aut
1025 2174 1112 2200 securi
1133 2173 1218 2199 simus
1238 2172 1320 2207 (quia
1356 2177 1453 2206 potens
1474 2176 1531 2205 est,
1554 2178 1605 2199 nec
1623 2169 1827 2205 deceptionihus

189 2213 357 2248 obnoxium)
385 2224 392 2241 :
422 2215 470 2243 sed
496 2220 552 2243 toto
580 2221 690 2251 pectore
717 2218 803 2254 ipsum
830 2219 985 2254 diligamus.
1006 2219 1075 2254 Erga
1088 2226 1135 2247 eos
1148 2219 1219 2246 enim
1234 2219 1279 2254 qui
1290 2219 1478 2253 obtemperant
1507 2218 1566 2253 ejus
1597 2217 1687 2244 verbis
1702 2217 1827 2250 dictoque

189 2258 332 2288 audientes
346 2265 420 2294 sunt,
437 2261 582 2296 benignum
595 2268 648 2290 est.

435 2308 506 2335 ΜΗ.
521 2324 555 2329 -
568 2309 737 2346 ΔΜΜΩΝΙῼ.

243 2352 296 2384 Εις
310 2353 354 2379 τό·
373 2361 382 2378 ‹
410 2353 586 2388 Ἐγείρεσθε,
608 2354 724 2389 ἄγωμεν
732 2355 882 2384 ἐντεῦθεν.
901 2365 911 2382 ι

225 2396 287 2425 Ἵνα.
317 2398 355 2435 μὴ
381 2399 525 2436 προλήψει,
561 2400 643 2427 πάθει
687 2401 897 2437 ἀργαλεωτάτῳ,
935 2402 983 2429 καὶ

227 2475 250 2491 ³⁸
261 2475 283 2502 ΙΙ
301 2475 366 2504 Cor.
388 2485 413 2509 v,
432 2477 475 2505 IG.
515 2478 536 2494 “
557 2478 674 2513 Philipp.
694 2487 737 2512 Ill,
752 2479 796 2507 I7.
835 2480 857 2496 ”
869 2480 951 2508 Hebr.
971 2487 1025 2513 xtv,
1046 2480 1088 2506 I5.

1254 2309 1368 2338 XLVIII.
1387 2324 1423 2329 —
1442 2308 1609 2336 AMMONIO.

1037 2357 1070 2384 In
1083 2356 1149 2383 illud
1171 2356 1271 2383 Clariin
1286 2357 1402 2389 dictum,
1420 2365 1429 2381 ι
1447 2355 1564 2391 Surgite,
1583 2363 1673 2382 eamus
1691 2353 1791 2382 hinc”.
1814 2363 1824 2379 ι

1073 2403 1112 2430 Ne
1132 2402 1288 2437 anticipatis
1310 2402 1484 2437 opinionibus
1505 2410 1536 2430 ae
1558 2401 1731 2437 prajudiciis,
1756 2401 1827 2428 malo

1129 2480 1150 2496 ⁸³
1164 2479 1242 2508 Joan.
1257 2487 1314 2512 xtv,
1329 2480 1372 2509 31.

754 2556 872 2584 VAIHE
890 2557 1082 2586 LECTIONES
1103 2558 1147 2585 ET
1166 2558 1283 2586 ΝΟΤᾸΞ.

225 2629 282 2667 (VH)
303 2629 469 2667 KaléﬁetEe
484 2631 542 2665 τὴν
564 2631 640 2659 κατὰ
661 2632 761 2667 σάρκα
784 2632 976 2667 συγγένειαν.

189 2664 303 2704 YideIur
318 2665 469 2704 addendum
486 2667 538 2693 tale
553 2668 627 2702 quid,
638 2664 713 2695 οὐδὲν
732 2664 882 2699 οὖσαν,’νθ1
897 2668 982 2704 μηδὲν

188 2699 303 2734 ἰσχύειν.
323 2699 406 2727 Βιττ.

225 2735 280 2770 (42)
298 2734 367 2773 μού.
391 2736 449 2773 \_’al.
472 2735 524 2762 650
549 2743 598 2770 pro
623 2737 695 2771 φημὶ
712 2737 804 2771 ponit,
823 2737 941 2773 μικράν,
957 2741 984 2764 et

187 2777 250 2796 mox
270 2769 338 2795 tollit
357 2770 424 2796 καί·
448 2778 527 2798 versu
542 2769 604 2806 post
629 2769 723 2807 quinto
741 2769 802 2807 post
814 2769 883 2799 ἀλλᾶ
905 2773 979 2799 addit

187 2805 246 2832 ἐπί.
261 2804 366 2830 Possm.

204 2812 246 2831 πι.
261 2812 366 2830 l’DSSlN.

225 2839 281 2878 (βξ)
298 2838 356 2878 N_pn
374 2840 542 2878 [latitansed
560 2840 680 2878 ξᾼλυπέῳ
696 2842 853 2869 inscribitur
866 2842 922 2870 haec
938 2851 982 2878 ep.

189 2876 251 2902 cod.
266 2876 293 2901 in
310 2874 372 2902 Vat.
388 2875 452 2902 6350.
471 2874 547 2902 Vers.
562 2876 589 2902 2.
608 2874 686 2909 eptsi.
703 2884 752 2911 pro
766 2878 819 2909 his,
835 2874 984 2912 φανότατον

313 2922 451 2953 Ρλτιιοι..
474 2923 532 2954 Gn.
552 2923 712 2955 LXXVIII.

1033 2634 1079 2661 καὶ
1106 2634 1274 2669 ἀκοίμητον,
1299 2634 1370 2661 idem
1399 2634 1459 2661 cod.
1481 2633 1577 2666 habet,
1607 2632 1653 2660 τὸν
1673 2632 1823 2667 ἀκοίμητον

1036 2669 1083 2696 καὶ
1156 2670 1277 2696 νότατον.
1295 2669 1331 2696 In.

1073 2705 1128 2739 (44)
1144 2703 1196 2732 Pro
1220 2703 1383 2739 φοϐηθῶμεν
1410 2704 1481 2731 idem
1496 2703 1566 2731 cod.
1590 2702 1671 2738 legit,
1697 2701 1822 2738 ὀρρωδιῖμ

1036 2740 1211 2812 μεέίόιῒῆςοῖς
1226 2775 1281 2812 γᾴρ
1299 2774 1457 2812 ποθοᾼῦιζινἲ
1476 2772 1541 2812 Leg.
1562 2771 1712 2812 πείθουσιν.
1736 2769 1821 2812 ῐξιῃλ.

1073 2805 1138 2845 (46)*
1156 2805 1234 2836 (λυζαξ
1249 2805 1307 2837 Vat.
1324 2809 1426 2837 omittit
1449 2809 1507 2836 haec
1517 2805 1573 2835 duo
1598 2808 1678 2835 verba
1690 2809 1702 2839 ,‘
1726 2805 1766 2837 οἷς
1779 2805 1822 2831 td-

1036 2843 1105 2878 γοις.
1124 2843 1227 2872 Possm.

1589 2922 1627 2955 35
