2040 3161
181 213 224 248 Τῷ
249 213 302 248 γὰρ
319 214 526 247 καταδέξασθαι,
542 215 587 241 καὶ
614 215 652 246 εἰς
669 215 779 250 μείζονα
793 215 891 246 αὐτοὺς
904 215 968 241 ἀσέ-

181 258 254 284 ϐειαν
276 257 333 293 (54)
354 258 588 293 ἑπαιδοτρίὸησεν.
614 259 693 290 Εἰκὸς
719 259 747 286 δὲ
764 259 916 290 κάκείνους,
941 259 965 285 ει

180 303 225 329 καὶ
241 303 277 338 μὴ
292 303 457 338 παραυτίκα,
480 304 537 330 ἀλλ’
555 304 667 341 ὕστερον
681 305 824 332 δεδωκέναι
834 305 922 340 δίκην.
935 305 966 331 El

179 347 206 374 δὲ
225 351 272 375 καὶ
282 348 398 376 ἐνταῦθα
414 349 550 385 διέφυγον,
561 350 593 377 τὰ
607 351 695 377 ἐκεῖσε
711 351 742 377 οὺ
755 350 952 385 διαφεύξονται.

637 158 906 189 EPISTULARUM
926 159 999 188 LlB.
1020 160 1068 189 IV.
1090 174 1124 178 —
1144 161 1263 192 EPIST.
1281 162 1347 194 LII.

1738 157 1804 189 1102

985 231 1005 258 Α
1022 215 1123 241 adulati
1141 223 1248 249 essent,
1266 217 1452 252 dixissentque
1470 224 1479 240 ι
1500 222 1550 242 vov
1567 213 1612 241 Dei
1627 233 1635 246 ,
1651 217 1677 240 et
1689 219 1742 240 non
1758 213 1806 239 ho-

1020 260 1111 294 minis,
1133 270 1141 287 ι
1159 262 1215 295 ipse
1231 269 1324 297 pcenas
1353 262 1433 289 luerit
1453 270 1460 289 :
1483 261 1526 289 aio
1542 261 1579 296 (id
1597 264 1739 296 propterea
1768 258 1806 285 fa-

1021 306 1116 339 ctum),
1134 307 1195 340 quia
1211 307 1267 341 ipse
1280 307 1406 342 populum
1422 314 1474 334 non
1486 304 1706 342 reprehenderit,
1720 310 1807 337 neque

1021 352 1201 380 adulationem
1222 353 1334 387 impiam
1354 357 1381 380 et
1401 353 1523 380 insanam
1551 352 1709 387 repudiarit.
1737 350 1804 378 Nam

179 394 240 421 dum
251 402 311 422 eam
325 396 486 430 acreptavit,
500 397 582 424 etiam
613 397 645 424 ad
677 397 808 432 majorem
837 397 911 432 ipsos
939 398 1104 432 impietatem
1133 398 1279 426 assuefecit
1300 403 1380 433 atque
1408 399 1534 426 erudivit.
1560 397 1693 425 Credibile
1717 401 1805 423 autem

178 445 229 473 est.
251 441 325 476 ipsos
343 449 449 477 quoque
470 443 638 479 (adulatores
656 443 726 478 illos)
757 444 779 471 si
808 444 925 471 maxime
948 452 1002 471 non
1023 445 1166 480 evestigio,
1193 450 1220 472 at
1245 450 1320 473 certe
1358 445 1493 479 posterius
1519 452 1613 479 pinnas
1633 444 1805 479 persolvisse,

179 481 289 521 Quod‘si
305 489 387 516 etiam
405 489 449 516 liic
463 490 580 517 divinam
595 489 856 517 animadversionem
882 490 1005 525 impuniti
1039 490 1201 526 eﬂ‘ugerunt,
1222 495 1323 519 aeterna
1341 491 1452 518 alterius
1469 490 1559 518 saeculi
1587 490 1716 525 supplicia
1753 495 1806 515 non

179 536 301 563 evadent.

448 592 513 620 NA’.
527 608 561 613 —
571 593 684 620 GEQNI.

207 640 260 672 Εἰς
272 638 308 666 τό
320 646 327 654 °
343 647 353 664 ι
375 638 439 672 Τοῖς
453 640 528 666 κατὰ
544 641 688 673 πρόθεσιν
704 640 827 674 κλητοῖς
840 638 940 668 οὖσιν.
951 651 960 667 ι

220 730 250 756 'll
267 730 325 757 θεία
335 730 415 765 χάρις
431 731 487 767 (55)
508 733 540 767 τῇ
558 731 716 769 ἀνθρωπίνῃ
741 733 897 768 κιρνωμένη
911 732 968 767 (56)

1285 595 1329 622 LI.
1351 610 1386 616 ——
1402 593 1540 622 THEONI.

1022 642 1055 668 In
1073 641 1141 669 illud
1157 641 1249 677 (Pauli
1265 641 1375 675 dictum)
1389 650 1398 669 :
1417 651 1426 667 ι
1443 642 1481 669 Iis
1497 641 1541 675 qui
1555 640 1698 668 secundum
1710 647 1806 675 propo-

1244 678 1324 704 situm
1338 677 1423 704 uocati
1441 676 1546 704 sunt”.
1565 685 1574 702 ι

1053 734 1147 761 Divina
1168 734 1255 769 gratia
1270 734 1394 761 humana:
1414 733 1496 760 mista
1515 733 1655 761 industriae
1672 733 1808 768 animique

182 777 328 812 προθυμίᾳ,
356 777 436 809 σώζει
463 778 510 804 τδν
537 777 689 813 ἄνθρωπον.
713 778 812 814 Διόπερ
827 778 874 805 καὶ
893 779 908 804 ὁ
922 778 968 804 τὸν

1021 779 1237 813 promptitudini,
1264 779 1367 806 salvum
1397 778 1460 806 facit
1491 779 1639 808 hominem.
1675 779 1806 812 Qimcirca

183 824 297 858 Χριστὸν
310 824 378 859 ἔχων
398 825 427 850 ὲν
444 824 534 859 ἐαυτῷ
547 824 682 851 λαλοῦντα
697 822 758 851 εἷπε
771 831 777 839 ·
800 834 810 850 ι
839 825 969 859 Συνεργεί

1021 825 1100 851 etiam
1120 823 1278 859 Apostolus,
1301 825 1346 858 qui
1368 823 1506 851 Christum
1530 824 1690 851 habebatin
1714 832 1743 851 se
1767 823 1807 852 lo-

183 872 238 902 τοῖς
258 870 327 896 κατὰ
342 870 470 905 πρόθεσιν
481 871 589 906 κλητοῖς
604 868 688 898 οὖσιν.
711 879 720 896 ›
743 870 780 896 Οὐ
801 870 855 904 γὰρ
870 870 887 904 ὴ
902 869 967 904 κλῆι

1017 874 1154 904 quentem,
1172 869 1277 897 dicebat
1295 878 1301 896 :
1324 878 1333 894 ε
1349 868 1515 904 Cooperatur
1531 870 1563 896 iis
1574 891 1581 902 ,
1595 870 1640 904 qui
1660 871 1806 897 secundum

184 924 224 947 σι;
244 916 322 951 μόνον
339 916 450 951 (πάντες
462 916 516 952 γὰρ
533 916 685 952 ἐκλήθησαν
703 916 762 952 μὲν,
780 916 829 951 οὐχ
848 916 969 952 ὑπήκου-

1021 915 1187 950 propositum
1211 916 1300 943 vocali
1322 920 1396 943 sunt.
1421 925 1430 941 ι
1455 915 1512 943 Non
1533 916 1603 943 enim
1624 916 1680 943 sola
1702 916 1808 943 vocatio

183 969 230 987 σαν
253 960 310 995 δέ)·
340 960 407 987 ἀλλὰ
429 961 477 986 καὶ
497 960 626 996 πρόθεσις
650 960 704 986 τῶν
723 960 901 995 κεκλημένων
919 959 968 994 τὴν

182 1007 318 1041 σωτηρίαν
336 1006 494 1041 εἰργάσατο.
513 1006 549 1032 Οὐ
572 1005 627 1041 γὰρ
646 1005 842 1041 ἠναγκασμένη
859 1005 969 1040 γέγονεν

180 1053 197 1087 ἠ
208 1051 313 1087 κλῆσις,
330 1051 390 1078 οὐδὲ
412 1051 589 1087 βεϐιασμένη,
603 1051 660 1078 ἀλλ’
675 1051 810 1083 ἑκούσιος.

255 1197 320 1224 ΝΒ¹.
335 1210 371 1217 -—
387 1195 558 1232 ΔΘΑΝΑΣΙῼ
582 1195 807 1231 ΠΡΕΣΒΥΤΕΡῼ
831 1195 898 1231 (57).

181 1244 247 1270 Ὀτι
269 1244 288 1277 ἠ
313 1243 442 1277 ἁμαρτία
460 1242 513 1269 τοῦ
543 1243 673 1269 θανάτου
699 1242 900 1276 χαλεπωτέρα.
912 1242 970 1277 Εἰς

216 1279 251 1305 τό
262 1287 269 1293 ·
284 1276 298 1303 ⁷ι
320 1276 352 1303 El
369 1278 424 1312 γὰρ
445 1279 481 1304 τὰ
496 1277 612 1310 ὀψώνια
638 1277 693 1311 τῆς
714 1277 859 1311 ἁμαρτίας
881 1276 971 1303 θάνα-

215 1322 267 1346 τος
280 1322 286 1329 ·
309 1323 317 1339 ν
335 1313 385 1339 καί
397 1321 403 1326 ·
422 1322 431 1337 ι
448 1312 472 1339 Μ
480 1312 495 1346 ὴ
507 1312 696 1344 ,ϐασιλευέτω
707 1313 742 1338 ἐν
757 1312 827 1344 ὑμῖν
843 1312 862 1345 ὴ
879 1313 970 1346 ἁμαρ-

215 1349 263 1375 τία
275 1357 281 1364 ·
299 1357 309 1374 ›
327 1349 376 1374 καὶ
390 1347 499 1374 πάλιν
520 1356 528 1372 ι
549 1347 583 1374 Τὸ
597 1347 631 1373 δὲ
643 1347 767 1381 κέντρον
776 1347 829 1373 τοῦ
841 1347 970 1374 θανάτου

215 1383 235 1417 ἡ
253 1383 389 1417 ἁμαρτία.
410 1391 420 1408 ι

221 1439 254 1466 Ἦ
271 1439 391 1475 ἁμαρτία
405 1437 493 1474 πολλῷ
514 1437 561 1466 τοῦ
574 1438 690 1466 θανάτου
707 1438 766 1465 ἐστὶ
779 1437 969 1473 χαλεπωτέρα.

180 1485 227 1512 Διδ
249 1486 296 1512 καὶ
318 1486 332 1511 ὁ
357 1485 472 1518 Παῦλος,
497 1485 511 1510 ὁ
541 1484 657 1519 μάλιστα
677 1485 785 1511 πάντων
809 1483 843 1510 τὰ
859 1483 972 1510 τοιαῦτα

181 1530 390 1558 διασκέπτεσθαι
413 1530 498 1562 δεινὸς
518 1530 584 1565 (58),
610 1530 659 1566 τὴν
691 1529 739 1565 μὲν
755 1529 877 1565 βασιλίδα
898 1527 969 1561 εἶπε,

181 1577 228 1604 τὸν
238 1577 260 1603 δ’
268 1576 392 1611 ὀψώνιον,
405 1576 442 1607 ὡς
449 1575 543 1602 τοῦτον
555 1576 601 1602 ὑπ’
611 1575 719 1610 ἐκείνην
728 1576 891 1610 ταττόμενος
902 1575 968 1610 (59).

1023 1572 1114 1604 dixit;
1137 1572 1216 1599 istam
1239 1580 1314 1606 vero,
1336 1573 1498 1608 stipendium
1519 1575 1644 1609 militare,
1666 1576 1744 1610 quasi
1764 1578 1808 1611 qui
1845 1584 1854 1594 ι

181 1623 310 1650 Βασιλὶὂα
332 1622 359 1649 δὲ
373 1643 380 1654 ,
409 1622 438 1648 οὐ
460 1621 505 1648 διὰ
529 1621 578 1657 τὴν
599 1620 677 1653 ἀξίαν
701 1622 787 1656 (οὐδὲν
810 1622 864 1657 γὰρ
887 1622 971 1656 αὐτῆς

181 1667 380 1703 αίσχρότερον)”
409 1666 475 1692 ἀλλὰ
499 1666 543 1692 διὰ
566 1665 615 1701 τὴν
639 1665 756 1700 σφοδρὰν
778 1665 832 1692 τῶν
853 1665 972 1691 ἁλόντων

183 1714 321 1748 ὑπακοὴν.
341 1712 372 1737 Εἰ
384 1711 450 1745 γοῦν
462 1710 497 1737 τὰ
513 1711 614 1745 ὀψώνια
630 1711 679 1745 τῆς
697 1711 834 1746 ἁμαρτίας
846 1709 970 1742 θάνατος,

184 1759 222 1794 μὴ
238 1758 402 1794 βασιλευέτω
423 1759 452 1784 ὲν
477 1757 541 1791 ὑμῖν
566 1757 582 1792 ἡ
597 1757 729 1792 ἁμαρτία,
747 1758 764 1791 ἡ
781 1756 828 1782 τοῦ
844 1756 970 1788 θανάτου,

181 1805 238 1835 τοῖς
253 1812 285 1837 γε
298 1802 360 1829 νοῦν
380 1803 498 1837 ἔχουσιν,
513 1801 717 1837 ἀργαλεωτέρα.
733 1802 765 1828 Εἰ
785 1801 850 1836 γοῦν
868 1801 973 1836 αἵρεσις

183 1850 337 1885 προκέοιτο,
353 1849 400 1875 καὶ
422 1848 534 1875 δυνατὸν
557 1848 611 1883 εἴη,
635 1847 748 1883 ἑλοίμην
771 1847 804 1874 ἂν
827 1846 972 1873 ἀποθανεῖν

184 1895 222 1931 μὴ
236 1895 409 1931 ἁμαρτήσας,
433 1894 450 1929 ἢ
472 1894 635 1929 ἁμαρτήσας
660 1894 697 1929 μὴ
714 1892 869 1919 ἀποθανεῖν.
896 1892 972 1919 Οὕτω

183 1942 264 1968 τοῦτο
279 1941 384 1967 ἐκείνου
398 1940 549 1975 δεινότερόν
568 1939 637 1972 ἐστι,
657 1939 722 1974 παρ’
745 1939 807 1974 ἐμοὶ
829 1939 921 1974 κριτῇ.
943 1938 972 1964 ’0

185 1986 236 2020 μὲν
251 1985 305 2020 γὰρ
319 1985 432 2016 θάνατος
448 1984 494 2010 ὑπ’
514 1983 687 2015 ἀναστάσεως
702 1983 880 2019 σϐεσθήσεται
890 1991 897 1998 ·
913 1984 929 2017 ἡ
944 1983 972 2009 δὲ

184 2031 308 2066 ἁμαρτία
318 2031 365 2057 καὶ
376 2031 446 2066 μετὰ
455 2030 505 2065 τὴν
517 2030 665 2057 ἀνάστασιν
672 2030 896 2066 τιμωρηθήσεται
904 2029 971 2064 (60)·

182 2075 254 2102 ὥστε
283 2077 360 2104 οὐδὲν
386 2076 502 2112 κερδὰνῃ
516 2077 711 2114 ρἁαρτάνωνλ
737 2077 795 2111 μὲν,
830 2076 866 2111 μὴ
903 2076 971 2102 ἁπο-

184 2122 309 2157 θνήσκων
336 2123 364 2150 δὲ
388 2123 460 2159 (καθ’
488 2123 616 2149 ὑπόθεσιν
645 2123 674 2149 δὲ
691 2123 830 2158 εἰρήσθω),
849 2122 904 2155 εἴγε
927 2122 973 2148 καὶ

184 2167 256 2203 μετὰ
266 2168 316 2203 τὴν
341 2169 488 2195 ἀνάστασιν
507 2168 642 2203 τιμωρίαν
664 2167 767 2202 ὑφέξει.
785 2167 840 2193 Καὶ
857 2166 928 2201 ἄλλῳ
944 2166 973 2192 δὲ

182 2213 389 2248 παραδείγματι
415 2215 525 2249 ὲναργεί
543 2213 617 2240 τοῦτ’
639 2213 750 2248 ἐποίησε
767 2213 856 2248 δῆλον,
875 2212 970 2239 είπὼν“

1021 961 1126 995 (omnes
1144 961 1215 988 cuitu
1238 962 1326 989 vocati
1344 966 1407 988 sunt
1421 962 1528 996 quidem
1543 981 1550 994 ,
1567 962 1613 989 sed
1631 969 1683 988 non
1699 962 1807 989 obedie-

1021 1007 1255 1041 runt‘vocatioui),
1274 1015 1369 1034 verum
1383 1007 1463 1034 etiam
1481 1008 1646 1042 propositum
1663 1008 1808 1035 voluntatis

1020 1052 1158 1086 animique
1175 1053 1319 1087 propensio
1332 1057 1359 1080 et
1374 1053 1492 1079 studium
1505 1053 1670 1087 obsequendi
1703 1054 1731 1080 in
1758 1058 1807 1079 vo—

1020 1095 1088 1122 catis
1103 1095 1216 1123 salutem
1228 1100 1361 1130 operatur.
1372 1095 1429 1123 Non
1445 1096 1516 1123 enirn
1530 1101 1622 1123 coacta
1637 1101 1677 1124 est
1692 1098 1808 1130 vocatio,

1022 1148 1109 1176 neque
1125 1142 1254 1176 violenta,
1270 1143 1317 1169 sed
1332 1142 1484 1169 voluntaria
1501 1150 1533 1169 ac
1550 1147 1710 1176 spontaneo.

1109 1194 1163 1222 ιιι.
1190 1211 1225 1217 -
1247 1195 1445 1223 ATHANASIO
1464 1195 1704 1225 PRESBYTERO.

1024 1238 1163 1266 Peccatum
1185 1245 1266 1267 morte
1293 1241 1398 1274 gravius
1423 1249 1487 1267 esse.
1515 1240 1549 1267 Ιιι
1578 1242 1676 1268 dictum
1705 1241 1808 1270 Pauli:

1060 1283 1069 1300 ι
1091 1274 1257 1308 Stipendium
1276 1276 1374 1307 peccati
1393 1283 1462 1302 mare
1482 1276 1560 1302 est”.
1575 1285 1583 1301 ι
1607 1276 1641 1302 Et
1660 1285 1693 1304 τι
1715 1278 1755 1304 Ne
1769 1286 1809 1304 re-

1057 1315 1114 1343 gnet
1126 1311 1232 1336 invobis
1242 1316 1376 1343 peccatum
1390 1311 1420 1338 ”.
1436 1321 1445 1336 ι
1462 1310 1494 1337 Et
1510 1319 1614 1338 rursum
1629 1319 1638 1338 .‘
1655 1320 1664 1336 ι
1679 1311 1808 1340 Stimula;

1058 1350 1143 1370 autem
1157 1345 1246 1372 mortis
1262 1350 1298 1372 est
1313 1350 1446 1379 peccatum
1460 1346 1491 1373 “‘.
1512 1355 1521 1371 ι

1057 1435 1200 1463 Peccatum
1225 1437 1308 1465 multo
1339 1438 1447 1472 gravius
1475 1444 1517 1466 est
1544 1445 1644 1467 morte.
1677 1440 1808 1473 Quocirca

1022 1480 1122 1508 Paulus
1148 1489 1273 1516 quoque,
1300 1483 1344 1517 qui
1370 1484 1574 1511 accuratissime
1599 1484 1718 1511 omnium
1744 1486 1808 1512 talia

1022 1526 1177 1561 perspicere
1213 1531 1342 1562 poterat,
1377 1527 1439 1555 illud
1472 1529 1580 1563 quidem
1606 1530 1726 1565 reginam
1751 1538 1810 1558 esse

1023 1617 1094 1645 hanc
1109 1617 1247 1655 (mortem)
1272 1619 1342 1647 infra
1374 1620 1436 1648 illud
1468 1620 1632 1658 (peccatutn)
1653 1624 1807 1651 collocaret.

1023 1662 1154 1698 Reginam
1170 1669 1260 1691 autem
1276 1669 1416 1699 peccatum
1436 1665 1510 1699 fecit,
1529 1675 1581 1694 non
1597 1668 1735 1704 dignitatis
1745 1677 1810 1705 ergo

1024 1708 1100 1743 (nihil
1114 1709 1184 1735 enim
1203 1717 1236 1737 eo
1254 1710 1400 1738 deformius
1417 1711 1528 1746 cogitari
1549 1718 1595 1739 aut
1615 1713 1677 1748 litigi
1697 1716 1808 1751 potest).

1023 1754 1070 1781 sed
1088 1759 1198 1788 propter
1210 1755 1357 1783 vehemens
1376 1757 1519 1785 obediendi
1534 1759 1670 1794 studium,
1689 1769 1741 1795 quo
1758 1761 1808 1789 ﬂa-

1024 1803 1114 1832 grant,
1133 1806 1309 1834 quoscunque
1332 1807 1471 1835 peccatum
1498 1804 1651 1838 occupavit.
1680 1805 1769 1837 Quare
1784 1808 1807 1833 si

1024 1844 1128 1877 peccati
1149 1845 1314 1879 stipendium
1343 1854 1416 1874 mors
1438 1852 1490 1881 est,
1515 1855 1549 1875 ne
1576 1855 1669 1884 regnet
1687 1851 1712 1877 in
1733 1852 1809 1879 vobis

1023 1895 1175 1923 peccatum,
1193 1891 1264 1924 quod
1282 1895 1378 1924 morte,
1406 1893 1475 1927 apud
1503 1900 1550 1921 eos
1579 1895 1687 1929 quidem
1713 1897 1810 1930 quibus

1024 1942 1090 1962 sana
1108 1943 1185 1962 meus
1195 1940 1247 1968 est,
1270 1937 1377 1971 gravius
1391 1944 1441 1965 est.
1455 1938 1482 1965 Si
1497 1939 1578 1973 igitur
1593 1941 1666 1975 optio
1682 1942 1768 1974 detur,
1783 1948 1810 1970 et

1019 1981 1082 2009 ﬁeri
1098 1986 1199 2016 posset,
1219 1983 1344 2017 equidem
1361 1984 1429 2011 mori
1446 1985 1565 2018 mallem,
1579 1986 1615 2013 ita
1634 1992 1662 2014 ut
1682 1987 1810 2015 immunis

1024 2035 1040 2055 a
1057 2031 1168 2063 peccato
1191 2035 1345 2063 manerem,
1370 2037 1450 2064 quam
1472 2031 1589 2059 admisso
1609 2036 1719 2066 peccato
1737 2041 1810 2060 mor-

1026 2079 1078 2101 tem
1097 2073 1224 2108 ell'ugere.
1246 2073 1334 2102 Tanto
1351 2075 1414 2102 illud
1436 2076 1486 2103 hac
1507 2081 1548 2104 est
1571 2077 1690 2112 gravius,
1714 2078 1811 2112 meju-

1024 2119 1093 2146 dice.
1107 2118 1180 2147 Mors
1199 2119 1271 2147 enim
1293 2127 1308 2147 a
1329 2121 1528 2149 resurrectione
1549 2123 1754 2158 exstinguetur;
1778 2126 1812 2152 de

1025 2168 1138 2199 peccato
1151 2169 1240 2192 autem
1255 2166 1336 2193 etiam
1352 2171 1412 2200 post
1426 2169 1650 2195 resurrectionem
1663 2176 1740 2203 poena
1755 2169 1813 2197 exi-

1026 2215 1112 2245 getur.
1127 2209 1201 2238 Nihil
1218 2211 1299 2246 igitur
1313 2212 1380 2239 lucri
1398 2212 1480 2239 ferret
1497 2214 1528 2245 is,
1549 2214 1593 2248 qui
1613 2219 1747 2248 peccaret,
1765 2216 1811 2242 sed

186 2267 197 2283 ι
212 2258 250 2285 Τὸ
265 2258 293 2284 δὲ
318 2259 429 2294 κέντρον
448 2259 496 2285 τοῦ
523 2258 638 2285 Θανάτου
655 2260 671 2294 ἡ
691 2258 824 2294 ἁμαρτία.
844 2269 853 2284 ι
868 2259 969 2293 ’Ὠσπερ

1026 2262 1140 2285 mortem
1160 2256 1289 2292 effugeret
1309 2258 1392 2294 439
1417 2258 1460 2294 (ex
1483 2259 1625 2294 liypothesi
1650 2265 1740 2288 autem
1760 2261 1812 2288 hoc

181 2303 274 2330 τοίνυν
289 2303 351 2337 ὅφιν
377 2303 394 2338 ἢ
409 2304 539 2339 σκορπίον
558 2304 666 2335 ὀδόντας
681 2304 697 2339 ἥ
715 2304 827 2339 κέντρον
845 2304 882 2339 μὴ
897 2304 973 2339 ἕχον-

181 2356 245 2381 τας,
262 2348 296 2375 δι’
311 2345 348 2375 ὧν
360 2349 405 2376 τὸν
420 2349 458 2376 ἱὸν
472 2349 713 2385 παραπέμψουσιν,
725 2349 774 2375 οὐκ
788 2348 820 2375 ἄν
835 2357 875 2380 τις
888 2349 971 2383 φοϐη-

1027 2304 1129 2331 dictum
1145 2303 1227 2339 esto),
1242 2304 1264 2330 si
1279 2304 1386 2338 quidem
1406 2305 1488 2332 etiam
1502 2309 1562 2340 post
1585 2306 1811 2334 resurrectionem

1027 2349 1189 2384 supplicium
1211 2350 1349 2377 subiturus
1377 2354 1458 2378 esset.
1483 2350 1543 2378 Alio
1567 2358 1674 2386 quoque
1693 2351 1812 2379 evidenti

230 2427 252 2443 "
272 2426 350 2455 Rom.
362 2435 421 2460 vur,
441 2427 488 2455 28.
527 2427 548 2443 ¹⁶
563 2427 642 2455 Rom.
658 2435 695 2461 τι,
711 2426 756 2454 25.
795 2427 816 2442 ¹⁷
832 2426 896 2454 ibid.
912 2427 955 2454 12.

1029 2425 1038 2452 ι
1056 2427 1117 2454 Cor.
1136 2434 1179 2460 xv,
1193 2427 1238 2454 56.

739 2502 855 2531 VARhE
874 2502 1067 2530 LECTIONES
1086 2502 1131 2530 ET
1152 2503 1272 2531 NOTJE.

221 2582 278 2617 (5M
309 2582 360 2608 Pro
386 2581 513 2607 ἀσέϐειαν
539 2581 609 2608 idem
636 2581 696 2608 cod.
727 2581 822 2608 scribit
851 2580 974 2616 βλασφη-

181 2617 260 2653 μίαν.
276 2617 380 2653 Possm.

221 2652 277 2685 (55)
304 2651 333 2678 Ἠ
348 2651 412 2678 θεία
429 2650 523 2684 χάρις.
541 2650 639 2677 Confer
662 2650 740 2684 epist.
770 2650 802 2677 15
822 2657 904 2684 supra
922 2649 973 2677 hoc

181 2687 230 2713 lib.
248 2692 274 2713 et
289 2686 335 2712 lib.
354 2693 384 2717 Il,
395 2687 474 2720 epist.
495 2686 512 2712 2
524 2694 531 2718 ;
544 2691 572 2712 et
586 2685 714 2712 lreumuin
731 2685 776 2712 lib.
792 2694 828 2718 tv,
845 2693 906 2719 cap-
921 2685 966 2712 7L

181 2722 268 2748 Rm.

221 2756 276 2790 (56)
292 2755 344 2782 Pro
359 2754 515 2790 κιρνωμένη
533 2755 593 2782 cod.
616 2753 703 2790 Vatic.
718 2754 776 2790 >650
791 2755 855 2788 legit
876 2762 972 2789 κιρνα-

183 2788 360 2826 μένηξνθνξξ
374 2788 522 2826 ὅρι’ύγγάρ
538 2790 612 2826 ponit
625 2788 700 2826 γοῦν.
718 2788 794 2826 vers.
811 2790 836 2816 6.
852 2788 912 2826 post.
924 2790 972 2816 καὶ

182 2824 259 2852 ἐιιίίίιὶ
286 2826 315 2860 ἡ.
340 2824 419 2852 γενέ.
441 2825 488 2852 ιιίι.
509 2824 564 2859 pro
594 2824 716 2856 ἑκούσιος
741 2825 822 2852 habet
848 2824 970 2851 ἑκούσια.

183 2860 288 2888 Possm.

1026 2579 1120 2642 Enﬁi)
1151 2579 1295 2616 Inscriptio
1321 2582 1460 2618 suppletur
1484 2590 1516 2610 ex
1545 2584 1639 2611 codice
1667 2583 1807 2611 Vaticano.

1051 2622 1118 2685 υἰέ-ὁ)
1138 2649 1191 2677 Pro
1207 2651 1372 2687 ταττόμενος
1389 2653 1449 2679 cod.
1476 2653 1535 2680 Vat.
1557 2653 1620 2686 legit
1634 2651 1807 2687 ταττόμενον.

1023 2691 1094 2745 ἴθι-ε.
1112 2692 1170 2719 seq.
1187 2691 1247 2720 post
1266 2687 1451 2722 αίσνχρότερος,
1475 2687 1549 2714 addit
1565 2689 1613 2714 καὶ
1632 2687 1806 2723 ἀτιμότερος,

1049 2727 1130 2746 USSIN.

1145 2754 1176 2781 Ἡ
1201 2755 1235 2782 δὲ
1259 2756 1386 2790 ἁμαρτία
1473 2755 1719 2790 τιμωρηθήσεται.
1736 2755 1810 2790 illam

1026 2788 1139 2815 deerant
1155 2789 1185 2825 in
1200 2791 1243 2817 ed.
1264 2788 1348 2818 Paris.
1364 2795 1390 2817 et
1400 2788 1557 2825 supplentur
1576 2788 1609 2817 ex
1631 2790 1723 2818 codice
1735 2789 1795 2818 Vati

1026 2830 1094 2850 cano
1114 2832 1156 2859 ap.
1173 2824 1323 2853 Possiuum.
1344 2825 1421 2852 Ευιτ.
