2040 3161
171 224 240 258 1105

630 225 898 256 EPISTOLABUM
918 226 992 256 LIB.
1011 227 1060 256 IV.
1081 240 1115 243 —
1132 228 1251 257 EPIST.
1268 228 1324 259 LV.

1740 223 1807 257 1106

169 281 225 308 τῶν
242 279 360 316 ἀρετῶν,
381 280 418 316 μὴ
434 281 498 317 παρ’
513 281 603 313 ἄλλοις
618 281 696 309 τοῦτο
709 282 784 318 ζήτει
800 281 867 317 (67),
890 281 957 308 ἀλλὰ

1015 281 1099 316 Quare
1115 282 1136 310 si
1153 285 1179 310 in
1202 289 1227 310 te
1250 284 1308 318 ipso
1331 283 1414 311 habes
1436 290 1558 311 normam
1579 282 1708 309 virtutum
1725 282 1806 317 (sicut

169 326 229 362 χρῶ
239 325 278 362 τῷ
292 325 534 363 οἱκείῳίθησαυρῷ.

331 431 395 458 ΝΕ¹.
410 445 446 450 —-
458 430 624 466 ᾹΡΠΟΚΡᾼ
647 431 802 466 ΣΟΦΙΣΤῌ.
898 465 901 469 Α

172 479 237 505 ὀτι
271 477 332 506 ἀπὸ
368 477 531 512 φιλαρχίας
565 477 585 511 ἣ
618 477 802 512 προλήψεων
837 479 964 512 φύονται

495 511 635 547 αΙρέσεις.

214 566 245 594 ’Ιί
261 567 391 602 φιλαρχία
409 567 537 594 ἁπάντων
560 568 634 594 αἰτία
643 567 696 594 τῶν
714 568 816 600 κακῶν,
833 568 850 603 ἢ
867 567 914 594 καὶ
929 567 963 594 τὰ

173 613 336 640 καθεστῶτα
349 613 514 648 ἀνατρέπειν
531 613 701 648 πειρωμένη,
716 614 819 645 δεινοὺς
829 613 964 649 πολέμους

173 659 204 685 οὑ
232 659 312 694 μόνον
334 659 377 694 ἐφ’
402 659 491 694 ἡμῶν,
515 658 583 686 ἀλλὰ
610 659 656 686 καὶ
684 659 730 686 ἐπὶ
759 659 813 686 τῶν
841 659 963 686 παλαιῶν

173 705 350 740 ἐπικωμάσαι
365 704 584 740 παρεσκεύασεν.
603 705 635 731 Ol
651 705 700 740 μὲν
711 704 765 740 γὰρ
779 705 960 740 Πυθαγόρειοι

175 750 254 785 σιγὴν
268 749 431 785 ἠσκηκότες,
440 750 503 781 τοὺς
521 749 592 784 μέγα
605 748 770 785 φρονοῦντας
784 749 830 776 ἐπὶ
843 750 962 784 εὐγλωτ-

173 796 221 831 τίᾳ.
236 796 435 832 ἀπεκήρυττον.
453 796 484 822 Οί
508 795 536 821 δὲ
554 795 756 831 Ὀμηρίξοντες,
776 795 839 828 τοὺς
854 795 964 823 Πλατω-

174 842 296 875 νίζοντας
309 842 433 876 διέσυρον
442 842 482 875 ’,οἱ
500 841 527 868 δέ
537 841 754 874 Πλατωνίζοντες
770 842 832 874 τοὺς
850 841 964 878 Ὁμηρί-

176 887 273 920 ζοντας
284 888 410 919 ἀσεϐείας
418 888 581 923 ἐγράφοντο·
597 888 643 915 καὶ
650 889 673 914 oi
686 888 736 922 μὲν
753 887 963 923 Ἀριστοτελικοὶ

173 933 243 970 πρὸς
259 934 320 965 τοὺς
332 933 553 965 Πλατωνίζοντας
567 933 774 960 ὲπαπεδύσαντο
786 942 793 948 ·
803 934 827 960 oi
841 933 869 960 δὲ
883 934 962 960 Στοϊ-

173 980 219 1007 κοὶ
230 979 299 1015 πρὸς
319 979 382 1011 τοὺς
405 979 638 1014 ’Δριστοτελικοὺς
658 979 818 1014 ἐφράξαντο.
836 979 962 1006 Ἐπικου-

173 1026 256 1061 ρείων
269 1025 308 1058 δὲ,
324 1025 377 1052 τῶν
390 1026 423 1061 τῇ
448 1025 533 1060 κακίᾳ
554 1026 737 1061 ἐπικουρῆσαι
755 1025 960 1061 τολμησάντων,

173 1072 221 1098 καὶ
237 1070 392 1106 μεμνῆσθαι
415 1070 599 1097 ἀτοπώτατον.
614 1071 670 1097 Καὶ
689 1070 735 1096 ἐπὶ
756 1071 807 1105 τῆς
837 1070 962 1105 ἰατρικῆς

172 1118 201 1144 δὲ
214 1117 244 1143 τὺ
260 1117 326 1144 αὐτὸ
342 1116 576 1151 ἐπηκολούθησαν.
592 1117 624 1142 Ui
637 1116 686 1152 μὲν
701 1116 755 1152 γὰρ
772 1117 883 1150 Λογικοὶ
899 1116 963 1148 τοὺς

173 1163 339 1194 Μεθοδικοὺς
351 1162 405 1197 (68)
421 1162 614 1197 ἐστηλίτευσαν
627 1171 634 1178 ·
651 1163 674 1189 oi
685 1162 713 1189 δὲ
731 1162 876 1189 Μεθοδικοὶ
892 1162 963 1189 κατὰ

171 1209 227 1235 τῶν
249 1208 373 1243 Δογικῶν
393 1208 556 1243 ἐφράξαντο.
578 1208 610 1235 Ol
633 1208 683 1243 μὲν
707 1208 761 1243 γὰρ
791 1208 892 1239 πολλὰς
915 1207 963 1235 καὶ

175 1255 300 1286 ποικίλας
323 1255 400 1290 ῥίζας
415 1255 520 1288 ἔφασαν
534 1254 588 1280 τῶν
607 1254 701 1281 παθῶν
714 1263 720 1269 ·
742 1255 782 1281 διὸ
803 1255 850 1281 καὶ
873 1255 963 1282 ποικί-

173 1300 230 1331 λοις
258 1300 378 1334 ἐχρῶντο
403 1298 568 1334 βοηθήμασι,
589 1298 638 1330 τὰς
663 1298 741 1334 ῥίζας
768 1299 964 1336 πολυπραγμο-

174 1344 284 1377 νοῦντες
309 1344 364 1371 τῶν
388 1344 560 1379 νοσημάτων,
582 1345 629 1370 καὶ
645 1344 731 1376 οὕτως
754 1345 964 1378 ἀναστέλλοντες

175 1391 225 1423 τὰς
239 1390 330 1426 πηγὰς
343 1390 398 1417 τῶν
419 1390 522 1417 παθῶν.
537 1391 568 1417 Οἱ
591 1390 619 1417 δέ
636 1390 682 1417 δύο
697 1391 780 1425 μόνας
791 1391 884 1423 ἀἰτίας
899 1392 964 1427 ὡρί-

175 1437 268 1469 σαντο,
284 1437 430 1470 στέγνωσιν
445 1436 492 1463 καὶ
505 1436 582 1472 ρὗιν
592 1445 598 1451 ·
616 1436 656 1463 διὸ
668 1437 714 1463 καὶ
730 1437 769 1469 τὸ,
788 1437 804 1472 ἢ
821 1437 963 1471 κενωτέον,

175 1484 191 1519 ἢ
208 1484 347 1515 στακτέον,
361 1483 553 1518 ἐδογμάτισαν.
566 1483 597 1508 Οἱ
611 1482 639 1508 δὲ
658 1482 830 1517 Ἐμπειρικοὶ
845 1483 891 1510 καὶ
906 1483 965 1509 τού-

177 1537 241 1558 τους
255 1528 399 1559 κάκείνους
421 1527 574 1554 ἔσκωπτον.
590 1528 621 1554 Et
643 1527 671 1553 δὲ
686 1528 732 1554 καὶ
750 1528 800 1559 τὰς
815 1528 869 1555 τῶν
885 1529 966 1564 ῥητό-

177 1582 242 1609 ρων,
261 1574 307 1600 καὶ
321 1574 370 1605 τὰς
377 1573 431 1600 τῶν
444 1573 574 1609 ποιητῶν,
591 1573 638 1600 καὶ
652 1574 701 1605 τὰς
712 1574 767 1600 τῶν
784 1574 965 1609 συγγραφέων

175 1619 245 1655 πρὸς
265 1619 395 1654 ἀλλήλους
419 1619 551 1655 διαφορὰς
576 1621 662 1647 εἰπεῖν
691 1619 863 1655 ἐθελήσαιμι,
881 1621 965 1652 πολὺς
979 1640 1000 1669 c

176 1665 225 1692 καὶ
239 1665 316 1699 λόγος
334 1666 381 1692 καὶ
394 1666 488 1701 χρόνος
499 1665 715 1701 ἀναλωθήσεται.
736 1666 792 1692 Καὶ
808 1666 965 1701 Θαυμαστὸν

175 1712 262 1740 οὗδέν.
278 1712 365 1739 Ὅπου
386 1712 441 1748 γὰρ
458 1713 482 1739 οἱ
500 1712 658 1747 φιλοσοφίας
675 1713 787 1747 ὀνόματι
803 1712 967 1748 βρενθυόμε-

176 1767 217 1784 νοι
240 1758 290 1784 οὐκ
315 1757 443 1792 ὢκνησαν
470 1757 631 1792 διαπρύσιον
647 1757 709 1784 καθ’
725 1758 830 1784 ἑαυτῶν
854 1758 965 1793 κινῆσαι

175 1804 307 1838 πόλεμον,
324 1803 405 1838 σχολῇ
424 1803 449 1837 γ’
462 1803 495 1830 ἂν
515 1805 571 1834 τοῖς
588 1803 700 1839 ῥήτορσι
715 1804 826 1835 καὶτοῖς
840 1804 966 1838 ποιηταῖς

176 1849 311 1885 ἐμέλησεν
326 1850 448 1885 εἰρήνης,
465 1849 492 1876 οἵ
505 1858 536 1884 γε
552 1849 599 1875 καὶ
620 1850 689 1884 ’πρὸς
707 1850 769 1881 τοὺς
790 1849 964 1884 ἐγκράτειαν,

176 1897 223 1922 καὶ
234 1895 418 1930 δικαιοσύνην,
437 1895 484 1921 καὶ
507 1894 685 1930 σωφροσύνην
712 1894 886 1929 ἐγκρίνοντας
907 1895 965 1921 Σω-

176 1942 324 1976 κρατικοὺς
353 1941 518 1976 διεφέροντο,
547 1940 594 1972 οὓς
623 1941 737 1967 Πλάτων
760 1941 965 1975 ὲκκωμῳδήσας

175 1986 205 2012 ὲν
236 1987 379 2020 διαλόγοις,
407 1986 609 2021 ἀνεκωμῳδήῦη
640 1985 715 2021 παρὰ
745 1985 799 2013 τῶν
826 1986 964 2018 Κυνικῶν,

175 2028 213 2058 ὦν
229 2029 269 2063 εἷς
299 2030 334 2067 ἦν
353 2032 399 2058 καὶ
427 2032 587 2064 Λουκιανὸς,
612 2033 626 2058 ὁ
646 2032 708 2063 τοὺς
729 2031 871 2066 διαλόγους
894 2031 966 2063 κατὰ

177 2078 287 2105 πάντων
311 2078 378 2114 ὁμοῦ
408 2078 500 2113 σχεδὸν
531 2079 584 2106 τῶν
617 2088 646 2105 τε
668 2079 831 2114 εἰρημένων,
856 2079 910 2106 τῶν
934 2088 965 2106 τε

177 2124 439 2160 παραλελειμμένων
468 2125 611 2158 συντάξας.
633 2126 681 2151 Ὃν
707 2126 731 2152 οἱ
757 2125 806 2161 μὲν
828 2126 966 2153 Πλατωνι-

175 2171 220 2197 κοὶ
241 2171 315 2206 (69),
331 2171 374 2197 διὰ
391 2171 421 2198 τὸ
443 2172 505 2203 τοὺς
526 2172 603 2207 παρὰ
628 2171 683 2198 τῶν
702 2171 822 2206 ποιητῶν
843 2172 965 2199 ἀναπλα-

176 2217 289 2248 σθὲντας
303 2217 380 2250 θεοὺς
392 2218 608 2252 τεθεατρικέναι,
626 2218 800 2251 ἀπεδέξαντο.
813 2219 843 2245 Ol
864 2218 892 2244 δὲ
909 2218 964 2245 τῶν

175 2262 297 2298 ποιητῶν
323 2264 453 2298 τρόφιμοι
482 2263 623 2298 δύσφημον
651 2264 845 2291 ἀπεκαλεσαν·
871 2264 965 2296 δεινῶς

1013 327 1136 364 profecto
1157 328 1263 363 habes),
1279 329 1333 356 noli
1355 330 1425 364 apud
1443 329 1509 358 alios
1523 336 1581 357 eam
1599 335 1737 364 quaerere,
1760 328 1807 355 sed

1014 374 1124 409 proprio
1137 375 1265 402 thesauro
1280 379 1367 402 utere.

1133 429 1188 457 LV.
1207 444 1244 450 -—
1263 428 1464 456 lIARPOCRE
1485 427 1682 456 SOPlllSTAS.

1014 477 1052 504 Ab
1070 476 1210 503 atnbitione
1228 480 1275 503 aut
1294 475 1450 508 auticipatis
1472 475 1636 508 opinionibus
1658 474 1730 500 nasci
1750 474 1806 500 Im:-

1368 517 1449 537 reses.

1051 565 1169 593 Ambitio
1193 569 1220 593 et
1243 565 1392 600 imperandi
1419 564 1564 599 cupiditas,
1585 563 1705 590 omnium
1726 571 1806 590 causa

1014 611 1158 643 malorum,
1173 618 1233 646 quae
1246 611 1327 638 etiam
1345 611 1412 638 bene
1428 610 1513 647 αθ
1522 609 1667 638 constituta
1683 613 1806 636 evertere

1014 661 1138 689 conatur,
1162 657 1255 691 gravia
1281 656 1351 684 bella
1372 665 1425 684 non
1445 657 1532 684 solum
1553 659 1646 682 nostra
1661 654 1806 687 memoria,

1013 703 1060 731 sed
1074 703 1156 731 etiam
1172 703 1294 739 antiquis
1313 704 1478 738 temporibus
1492 702 1593 730 invexit
1608 702 1633 729 in
1653 708 1697 729 res
1713 700 1808 728 huma-

1013 756 1071 776 nas.
1100 749 1167 776 Nam
1190 749 1352 784 Pythagorei
1376 749 1496 784 quidem,
1512 756 1574 776 cum
1597 748 1647 783 ipsi
1669 747 1806 775 silentittm

1013 794 1148 828 colerent,
1169 795 1237 823 alios
1257 795 1303 830 qui
1322 795 1476 830 eloquentia
1499 803 1528 822 se
1550 794 1693 830 magniﬁce
1711 793 1808 821 ell‘ere—

1013 840 1089 874 bant,
1103 841 1300 875 repudiabant:
1319 841 1431 869 llomeri
1448 846 1538 868 autem
1557 840 1670 868 studiosi
1685 839 1807 867 Platonis

1013 886 1132 914 asseclas
1148 886 1325 914 lraducebant
1339 895 1347 914 :
1365 886 1487 914 Platonis
1505 893 1570 913 vero
1586 890 1736 913 sectatores
1751 883 1806 912 Ho-

1013 932 1080 959 meri
1095 932 1224 959 studiosis
1238 931 1385 967 impietatis
1407 932 1496 959 dicam
1512 931 1685 959 scribebant:
1702 936 1730 958 et
1746 930 1806 957 Ari-
1828 931 1833 934 ”

1013 977 1130 1006 stotelici
1146 978 1255 1012 quidem
1281 979 1411 1006 adversus
1429 978 1583 1006 Platonicos
1599 978 1811 1013 (philosophos).

1013 1023 1169 1058 pugnabant
1186 1033 1193 1050 :
1215 1023 1300 1051 Stoici
1319 1031 1383 1052 vero
1399 1029 1494 1052 contra
1512 1024 1700 1052 Aristotelicos
1718 1031 1808 1050 arma-

1013 1069 1123 1096 bantur.
1142 1068 1339 1104 Epicureorum
1361 1075 1461 1102 autent,
1483 1070 1530 1104 qui
1553 1070 1625 1097 vitiis
1643 1069 1806 1105 patrocinari

1013 1115 1072 1142 ausi
1087 1118 1167 1147 sunt,
1189 1115 1271 1143 etiam
1295 1117 1460 1144 mentionem
1480 1115 1539 1143 ﬁeri
1560 1116 1699 1151 indignum
1725 1119 1807 1149 atque

1014 1160 1161 1188 absurdum
1179 1165 1231 1188 est.
1254 1160 1308 1189 Sed
1327 1166 1354 1189 et
1374 1161 1399 1188 in
1423 1165 1482 1189 arte
1499 1161 1603 1190 medica
1621 1161 1692 1189 idem
1710 1161 1806 1189 sectati

1015 1211 1078 1235 sunt
1090 1207 1220 1235 studium.
1241 1206 1309 1235 Nam
1331 1207 1424 1243 Logici
1442 1208 1551 1243 quidem
1573 1207 1742 1235 Metltodicos
1765 1206 1807 1234 in-

1013 1253 1207 1286 sectabantur,
1221 1252 1366 1282 Methodici
1383 1261 1449 1281 vero
1474 1258 1569 1282 contra
1588 1253 1701 1288 Logicos
1718 1260 1748 1280 se
1763 1259 1808 1279 ar-

1015 1300 1135 1327 mabant.
1154 1299 1247 1327 Altera
1259 1300 1330 1328 enim
1348 1303 1422 1328 secta
1438 1299 1536 1328 multas
1555 1307 1587 1328 ac
1602 1299 1691 1326 varias
1703 1298 1808 1326 radice:

1014 1346 1171 1373 morborum
1202 1353 1263 1374 e55e
1287 1346 1395 1379 aiebat;
1431 1350 1595 1381 quapropter
1621 1346 1702 1373 etiam
1727 1344 1808 1372 variis

1014 1393 1162 1420 utebantur
1174 1393 1293 1425 auxiliis,
1317 1392 1435 1420 sollicite
1458 1393 1566 1420 radices
1581 1393 1737 1420 morborum
1750 1391 1808 1418 sin-

1015 1438 1139 1473 gulorum
1153 1439 1332 1472 inquirentes,
1345 1444 1426 1473 atque
1439 1439 1475 1466 ita
1492 1438 1582 1466 fontes
1593 1438 1747 1465 morborqu
1758 1437 1807 1464 ob-

1016 1489 1168 1511 struentes.
1181 1484 1275 1511 Altera
1290 1491 1366 1516 vero,
1385 1484 1453 1511 duas
1470 1488 1574 1510 tantum
1590 1491 1685 1511 causas
1697 1482 1808 1510 deﬁnie-

1015 1530 1081 1557 bant
1100 1539 1107 1556 τ
1122 1530 1310 1557 astrictionem
1332 1530 1389 1558 sive
1407 1530 1633 1565 constipationem
1646 1550 1653 1562 ,
1673 1534 1699 1557 et
1714 1529 1810 1556 [litatio—

1016 1583 1088 1603 nem.
1101 1575 1179 1603 Unde
1191 1576 1243 1603 hoc
1258 1576 1352 1611 dogma
1366 1576 1545 1607 tradiderunt,
1558 1579 1603 1602 aut
1614 1574 1813 1605 evacnandnm,

1017 1626 1062 1648 aut
1083 1621 1280 1649 instillandum.
1306 1622 1438 1656 Empirici
1465 1626 1556 1649 autem
1585 1626 1639 1649 tam
1664 1621 1714 1648 hos
1729 1627 1819 1654 quam

1018 1667 1078 1695 illos
1092 1668 1256 1695 deriserunt.
1269 1667 1345 1699 Quod
1360 1668 1382 1695 si
1397 1672 1425 1695 et
1438 1672 1577 1695 oratorum
1588 1688 1595 1701 ,
1608 1673 1635 1694 et
1651 1671 1788 1702 poetarum
1801 1685 1821 1695 ,ν

1017 1717 1044 1739 et
1059 1712 1250 1740 historicorum
1265 1713 1337 1740 inter
1353 1719 1382 1740 se
1402 1712 1590 1740 contentiones
1610 1717 1636 1739 et
1654 1715 1810 1739 controver-

1017 1759 1073 1786 sias
1090 1759 1215 1787 oratione
1227 1758 1354 1794 persequi
1373 1759 1480 1792 vellem,
1495 1758 1609 1786 multum
1625 1762 1652 1785 et
1664 1757 1808 1784 verborum

1016 1811 1044 1835 et
1059 1807 1188 1841 temporis
1208 1807 1274 1834 mihi
1291 1810 1507 1834 consumeretur.
1532 1805 1566 1832 Et
1579 1805 1645 1832 nihil
1660 1805 1727 1831 adeo
1744 1803 1807 1830 miri

1016 1856 1068 1879 est.
1083 1851 1197 1885 Quando
1212 1851 1284 1879 enim
1307 1851 1356 1884 illi,
1380 1851 1426 1885 qui
1451 1849 1630 1886 philosophiae
1649 1848 1758 1875 nomine
1781 1855 1810 1873 se

1016 1898 1160 1933 magniﬁce
1180 1897 1348 1930 efferebant,
1371 1904 1424 1924 non
1455 1895 1613 1923 dubitarunt
1639 1893 1809 1928 implacabile

1016 1945 1147 1971 adversus
1171 1950 1201 1971 se
1223 1942 1338 1970 invicem
1361 1948 1471 1969 movere
1489 1941 1590 1969 bellum
1615 1949 1623 1967 :
1650 1939 1695 1966 vix
1722 1937 1809 1973 potuit

1017 1989 1086 2022 ﬁeri,
1108 1993 1137 2016 ut
1159 1988 1313 2016 oratoribus
1339 1992 1366 2015 et
1385 1987 1471 2022 poetis
1491 1995 1544 2022 pax
1566 1993 1641 2014 cura:
1663 1989 1745 2016 esset,
1764 1984 1809 2018 qui

1016 2037 1097 2063 etiam
1120 2043 1181 2062 cum
1205 2033 1364 2067 Socraticis,
1388 2034 1434 2068 qui
1459 2033 1666 2068 temperantiam
1688 2035 1714 2059 et
1729 2030 1810 2065 justi-

1017 2081 1082 2108 tiam
1100 2085 1127 2107 et
1143 2079 1307 2107 modestiam
1324 2079 1351 2106 in
1369 2079 1458 2114 pretio
1476 2079 1640 2110 ltabuerunt,
1655 2076 1809 2104 contentio-

1017 2134 1065 2154 nes
1080 2130 1262 2161 susceperunt
1279 2134 1286 2153 :
1306 2133 1374 2160 qttos
1392 2125 1466 2152 Plato
1489 2124 1515 2151 in
1537 2124 1656 2158 Dialogis
1671 2123 1808 2156 deridens,

1016 2173 1073 2208 ipse
1087 2180 1194 2208 quoque
1210 2176 1305 2199 mutuo
1326 2172 1432 2199 derisus
1452 2176 1494 2199 est
1513 2178 1527 2197 a
1547 2170 1657 2206 Cynicis
1673 2177 1810 2204 :quorum

1016 2226 1032 2246 e
1045 2226 1158 2246 nutnero
1175 2218 1314 2246 Lucianus
1331 2218 1412 2245 etiam
1432 2217 1493 2249 fuit,
1511 2217 1557 2251 qui
1578 2216 1699 2251 dialogos
1715 2218 1809 2242 contra

1016 2273 1111 2293 omnes
1127 2265 1341 2300 propemodum,
1366 2268 1419 2291 tam
1436 2270 1483 2290 eos
1506 2262 1551 2296 qui
1571 2262 1625 2296 jam
1650 2265 1713 2289 sunt
1734 2261 1808 2291 dicti.

175 2309 230 2343 γὰρ
245 2310 308 2341 τοὺς
333 2311 398 2344 παρ’
417 2309 506 2336 αὐτῶν
527 2309 753 2345 ὲκθειαζομένους
777 2311 854 2342 Θεοὺς
867 2311 964 2343 ὲξεκω-

1019 2318 1099 2349 quam
1114 2318 1161 2338 eos
1173 2311 1219 2345 qui
1236 2310 1330 2338 omissi
1345 2313 1418 2341 sunt,
1437 2308 1601 2343 composuit.
1622 2307 1706 2341 Quem
1720 2306 1811 2334 Plato-

177 2353 296 2389 μῴδησε.
326 2355 374 2386 Τίς
387 2352 433 2382 οὖν
449 2355 577 2391 τολμήσει
607 2356 641 2382 τὰ
663 2356 718 2383 τῶν
744 2355 876 2392 Ἑλλήνων
897 2365 964 2389 πρε-

1020 2356 1073 2384 nici
1088 2356 1197 2392 quidem
1212 2356 1246 2384 ob
1259 2356 1286 2384 id
1297 2356 1360 2391 quia
1380 2362 1395 2382 a
1409 2354 1495 2390 poetis
1506 2354 1635 2382 conﬁctos
1651 2353 1715 2383 deos
1730 2352 1821 2387 quasi.

694 2432 811 2461 VARI/ﬁ
829 2433 1022 2462 LECTIONES
1043 2433 1089 2462 ET
1107 2432 1227 2462 ΝΟΤΔΞ.

214 2510 271 2545 (67)
292 2511 381 2538 Τοῦτο
404 2511 492 2545 (iiut.
518 2512 577 2540 Non
600 2519 660 2540 esse
678 2514 820 2547 quaerenda
838 2512 964 2546 aliunde,

176 2547 362 2582 qttorumripsi
384 2547 485 2574 domini
503 2555 613 2580 sumus,
647 2555 760 2582 quaeque
782 2548 810 2574 iu
832 2552 966 2582 potestate

176 2587 270 2608 nostra
292 2581 441 2616 habemus,
464 2583 597 2609 sententia
621 2588 661 2610 est
677 2585 762 2616 etiam,
785 2583 814 2610 D.
835 2581 966 2610 Basiliict

175 2615 311 2642 Ambrosii
327 2615 353 2642 in
370 2615 527 2644 Hexaemer.
548 2617 631 2644 Rt'rr.

214 2650 271 2685 (68)
290 2652 321 2677 οι
336 2650 396 2684 μὲν
414 2653 468 2686 γὰρ
484 2653 604 2687 Λογικοὶ
616 2652 687 2685 τοὺς
701 2653 896 2687 Μεθοδικούς.
913 2653 967 2681 Me-

176 2685 300 2722 dicorum
314 2685 467 2722 antiquitus
485 2685 539 2714 tres
561 2692 639 2714 erant
660 2692 740 2715 secta:
757 2696 763 2714 :
784 2685 893 2722 Logiciv,
909 2688 966 2716 Me-

178 2720 293 2752 thodici,
313 2721 453 2755 Empiriei.
469 2722 604 2749 Ausonius
618 2722 727 2757 Grypho
742 2720 852 2750 ternarii
871 2732 878 2748 ι

252 2766 359 2802 Ίξι-ἱρΙεπ
370 2776 471 2802 quoque
487 2769 574 2801 [arma
589 2769 730 2796 medendi:

178 2802 250 2834 Quot
260 2801 356 2836 Lagos,
370 2807 418 2829 aut
429 2802 575 2835 Met/tados,
588 2805 678 2838 cuique
685 2805 853 2838 Experientia
861 2812 966 2837 nomen,

175 2847 209 2875 Β.
226 2847 407 2884 Hieronymus
432 2849 464 2876 ad
480 2848 620 2875 Paulinum
637 2858 643 2876 :
664 2858 673 2875 ι
693 2849 782 2877 Taceo
795 2870 802 2882 ,
823 2850 910 2884 inquit
934 2850 966 2878 de

178 2883 293 2910 medicis
307 2903 314 2915 ,
331 2891 445 2916 qttortttn
461 2885 576 2911 scientia
593 2885 751 2911 mortalibus
767 2885 808 2912 vel
822 2885 965 2912 utilissima

178 2921 230 2954 est,
243 2922 270 2954 et
283 2919 312 2954 in
327 2923 382 2945 tres
396 2923 486 2954 partes
501 2919 634 2946 scinditur
650 2928 656 2946 :
670 2920 700 2946 τὺ
712 2919 811 2954 δόγμα.
823 2920 872 2952 τὴν
886 2919 964 2954 μέθο-

178 2951 234 2985 δον,
245 2952 293 2988 τὴν
306 2951 451 2988 ἐμπειρίαν
468 2963 474 2980 :
491 2954 516 2980 id
534 2957 575 2981 est
589 2953 726 2982 decretum
741 2951 783 2982 vel
801 2951 963 2988 doctrinam,

1016 2513 1149 2541 rationem
1168 2517 1196 2540 et
1209 2512 1420 2548 experientiam,
1437 2512 1480 2540 ubi
1495 2511 1732 2548 aéypayocatqui
1750 2510 1808 2548 alii:

1014 2553 1056 2576 est
1069 2548 1158 2582 λόγος.
1170 2548 1202 2581 Q.
1215 2545 1334 2575 Serenus
1350 2545 1661 2580 Sammomcus'epilogo
1675 2545 1808 2581 poematis

1015 2583 1054 2610 De
1074 2591 1100 2610 re
1116 2584 1226 2610 medica.
1243 2582 1326 2611 Rt'rr.

1016 2628 1093 2661 Quod
1120 2629 1216 2664 Lagus,
1238 2634 1286 2657 aut
1309 2629 1462 2661 Methadus,
1485 2626 1803 2700 εἰηιῃιεαῳιῖραιῗιιᾶιίιίὶνίσα

1019 2710 1176 2745 Simplicem
1193 2715 1272 2738 vocat
1289 2709 1453 2744 Empiricam
1465 2729 1472 2742 ,
1489 2714 1518 2736 ut
1538 2717 1599 2743 qua:
1615 2717 1668 2735 non
1686 2706 1807 2745 sitsolli-

1019 2747 1071 2773 cita
1081 2742 1113 2773 de
1126 2746 1214 2772 causis
1226 2749 1253 2772 et
1265 2742 1425 2776 rationibus,
1438 2745 1484 2771 sed
1498 2742 1599 2771 tantum
1607 2742 1806 2772 observatione,

1020 2781 1179 2807 collectione
1197 2785 1277 2814 atque
1289 2780 1444 2806 inductione
1454 2778 1640 2814 exemplorum
1651 2779 1710 2814 sive
1723 2783 1806 2810 expe-

1021 2816 1118 2842 rientia
1131 2815 1212 2850 (unde
1228 2812 1255 2842 ct
1270 2822 1365 2850 nomen
1381 2814 1486 2850 accepit
1499 2813 1633 2850 )_nita_tur.
1651 2812 1734 2850 ξζιττ.
1750 2845 1757 2850 _
1795 2814 1807 2823 ‘

1056 2850 1111 2886 (69)
1131 2845 1214 2886 Boni.
1232 2857 1275 2883 ep.
1293 2848 1324 2876 91
1338 2848 1395 2886 inf.
1420 2845 1504 2886 hujus
1517 2848 1578 2875 libri
1598 2855 1635 2886 tv.
1652 2845 1808 2886 Notandum

1020 2882 1120 2912 ex‘ﬁn’e
1130 2885 1209 2919 hujus
1217 2886 1295 2918 epist.
1306 2883 1512 2919 saluberrimum
1525 2882 1627 2919 nostris
1639 2883 1720 2910 etiam
1735 2885 1806 2919 tam-

1019 2920 1130 2953 poribus
1142 2915 1384 2946 einlcc'ratissimis
1394 2917 1547 2951 consilium,
1561 2917 1593 2944 de
1604 2917 1646 2953 via
1659 2924 1691 2944 ac
1700 2915 1805 2953 ratione

1018 2951 1175 2983 orthodoxae
1187 2953 1338 2981 concordiae
1351 2953 1499 2981 sarciendae
1508 2957 1535 2980 et
1547 2952 1708 2980 sanciendae.
1720 2951 1805 2978 Itin.
1846 2983 1849 2986 ν
