  <div class='ocr_page' id='page_1' title='image "/cluster/home/n/w/nwhite01/storage/ocr_20150623/78/njp.32101077772794/596.png"; bbox 0 0 2040 3161; ppageno 0'>
   <div class='ocr_carea' id='block_1_1' title="bbox 192 191 1823 226">
    <p class='ocr_par' dir='ltr' id='par_1_1' title="bbox 192 191 1823 226">
     <span class='ocr_line' id='line_1_1' title="bbox 192 191 1823 226; baseline 0.001 -2"><span class='ocrx_word' id='word_1_1' title='bbox 192 193 260 224; x_wconf 77' lang='lat' dir='ltr'><strong>li09</strong></span> <span class='ocrx_word' id='word_1_2' title='bbox 631 191 898 223; x_wconf 78' lang='lat' dir='ltr'><strong>EPISTOLARUM</strong></span> <span class='ocrx_word' id='word_1_3' title='bbox 918 193 990 223; x_wconf 85' lang='lat' dir='ltr'><strong>LIB.</strong></span> <span class='ocrx_word' id='word_1_4' title='bbox 1012 194 1060 224; x_wconf 83' lang='lat' dir='ltr'><strong>IV.</strong></span> <span class='ocrx_word' id='word_1_5' title='bbox 1079 207 1114 211; x_wconf 78' lang='grc'><strong>-</strong></span> <span class='ocrx_word' id='word_1_6' title='bbox 1131 195 1250 226; x_wconf 81' lang='lat' dir='ltr'><strong>EPIST.</strong></span> <span class='ocrx_word' id='word_1_7' title='bbox 1267 195 1372 226; x_wconf 82' lang='lat' dir='ltr'><strong>LVIII.</strong></span> <span class='ocrx_word' id='word_1_8' title='bbox 1753 193 1823 226; x_wconf 68' lang='grc' dir='ltr'><strong><em>ΗΠ</em></strong></span> 
     </span>
    </p>
   </div>
   <div class='ocr_carea' id='block_1_2' title="bbox 191 247 1818 285">
    <p class='ocr_par' dir='ltr' id='par_1_2' title="bbox 191 247 1818 285">
     <span class='ocr_line' id='line_1_2' title="bbox 191 247 1818 285; baseline -0.001 -9"><span class='ocrx_word' id='word_1_9' title='bbox 191 257 238 285; x_wconf 85' lang='lat' dir='ltr'><strong>per</strong></span> <span class='ocrx_word' id='word_1_10' title='bbox 251 249 322 275; x_wconf 83' lang='lat' dir='ltr'><strong>inter</strong></span> <span class='ocrx_word' id='word_1_11' title='bbox 336 247 459 274; x_wconf 81' lang='lat' dir='ltr'><strong>homines</strong></span> <span class='ocrx_word' id='word_1_12' title='bbox 475 247 584 274; x_wconf 76' lang='lat' dir='ltr'><strong>fuerunt</strong></span> <span class='ocrx_word' id='word_1_13' title='bbox 611 249 799 276; x_wconf 90' lang='lat' dir='ltr'><strong>contentiones</strong></span> <span class='ocrx_word' id='word_1_14' title='bbox 829 251 912 284; x_wconf 86' lang='lat' dir='ltr'><strong>atque</strong></span> <span class='ocrx_word' id='word_1_15' title='bbox 926 250 1050 284; x_wconf 78' lang='lat' dir='ltr'><strong>dissidia,</strong></span> <span class='ocrx_word' id='word_1_16' title='bbox 1068 257 1117 278; x_wconf 89' lang='lat' dir='ltr'><strong>nec</strong></span> <span class='ocrx_word' id='word_1_17' title='bbox 1144 251 1238 278; x_wconf 89' lang='lat' dir='ltr'><strong>eadem</strong></span> <span class='ocrx_word' id='word_1_18' title='bbox 1267 252 1392 279; x_wconf 88' lang='lat' dir='ltr'><strong>omnibus</strong></span> <span class='ocrx_word' id='word_1_19' title='bbox 1432 250 1483 277; x_wconf 89' lang='lat' dir='ltr'><strong>luit</strong></span> <span class='ocrx_word' id='word_1_20' title='bbox 1519 250 1650 278; x_wconf 86' lang='lat' dir='ltr'><strong>sententia</strong></span> <span class='ocrx_word' id='word_1_21' title='bbox 1670 249 1749 284; x_wconf 86' lang='lat' dir='ltr'><strong>(nam</strong></span> <span class='ocrx_word' id='word_1_22' title='bbox 1771 258 1818 276; x_wconf 77' lang='lat' dir='ltr'><strong>nm</strong></span> 
     </span>
    </p>
   </div>
   <div class='ocr_carea' id='block_1_3' title="bbox 193 293 1818 346">
    <p class='ocr_par' dir='ltr' id='par_1_3' title="bbox 193 293 1818 346">
     <span class='ocr_line' id='line_1_3' title="bbox 193 293 1818 346; baseline 0.001 -25"><span class='ocrx_word' id='word_1_23' title='bbox 193 300 342 346; x_wconf 69' lang='lat' dir='ltr'><strong>temporum</strong></span> <span class='ocrx_word' id='word_1_24' title='bbox 358 293 489 346; x_wconf 73' lang='lat' dir='ltr'><strong>varietate</strong></span> <span class='ocrx_word' id='word_1_25' title='bbox 500 294 623 322; x_wconf 88' lang='lat' dir='ltr'><strong>homines</strong></span> <span class='ocrx_word' id='word_1_26' title='bbox 637 303 767 323; x_wconf 87' lang='lat' dir='ltr'><strong>novarum</strong></span> <span class='ocrx_word' id='word_1_27' title='bbox 801 304 888 324; x_wconf 88' lang='lat' dir='ltr'><strong>rerum</strong></span> <span class='ocrx_word' id='word_1_28' title='bbox 903 303 929 324; x_wconf 90' lang='lat' dir='ltr'><strong>et</strong></span> <span class='ocrx_word' id='word_1_29' title='bbox 961 305 1091 325; x_wconf 91' lang='lat' dir='ltr'><strong>novorum</strong></span> <span class='ocrx_word' id='word_1_30' title='bbox 1126 305 1231 325; x_wconf 88' lang='lat' dir='ltr'><strong>morum</strong></span> <span class='ocrx_word' id='word_1_31' title='bbox 1256 299 1357 333; x_wconf 83' lang='lat' dir='ltr'><strong>cupidi,</strong></span> <span class='ocrx_word' id='word_1_32' title='bbox 1393 303 1439 326; x_wconf 88' lang='lat' dir='ltr'><strong>aut</strong></span> <span class='ocrx_word' id='word_1_33' title='bbox 1453 298 1533 325; x_wconf 85' lang='lat' dir='ltr'><strong>etiam</strong></span> <span class='ocrx_word' id='word_1_34' title='bbox 1551 298 1683 329; x_wconf 85' lang='lat' dir='ltr'><strong>seditiosi,</strong></span> <span class='ocrx_word' id='word_1_35' title='bbox 1701 305 1818 332; x_wconf 76' lang='lat' dir='ltr'><strong>pra-sen-</strong></span> 
     </span>
    </p>
   </div>
   <div class='ocr_carea' id='block_1_4' title="bbox 193 339 1818 392">
    <p class='ocr_par' dir='ltr' id='par_1_4' title="bbox 193 339 1818 392">
     <span class='ocr_line' id='line_1_4' title="bbox 193 339 1818 392; baseline 0.001 -26"><span class='ocrx_word' id='word_1_36' title='bbox 193 345 227 392; x_wconf 66' lang='grc' dir='ltr'>ιιιι</span> <span class='ocrx_word' id='word_1_37' title='bbox 242 340 350 374; x_wconf 82' lang='lat' dir='ltr'><strong>quidem</strong></span> <span class='ocrx_word' id='word_1_38' title='bbox 375 339 574 392; x_wconf 36' lang='lat' dir='ltr'><strong>.couve‘llcruut,</strong></span> <span class='ocrx_word' id='word_1_39' title='bbox 591 349 674 368; x_wconf 91' lang='lat' dir='ltr'><strong>novas</strong></span> <span class='ocrx_word' id='word_1_40' title='bbox 700 346 790 369; x_wconf 85' lang='lat' dir='ltr'><strong>autem</strong></span> <span class='ocrx_word' id='word_1_41' title='bbox 805 350 853 377; x_wconf 87' lang='lat' dir='ltr'><strong>pro</strong></span> <span class='ocrx_word' id='word_1_42' title='bbox 868 352 916 370; x_wconf 85' lang='lat' dir='ltr'><strong>suo</strong></span> <span class='ocrx_word' id='word_1_43' title='bbox 928 344 1036 377; x_wconf 68' lang='lat' dir='ltr'><strong>ingenio</strong></span> <span class='ocrx_word' id='word_1_44' title='bbox 1051 344 1124 378; x_wconf 80' lang='lat' dir='ltr'><strong>leges</strong></span> <span class='ocrx_word' id='word_1_45' title='bbox 1157 345 1307 379; x_wconf 80' lang='lat' dir='ltr'><strong>tulerunt),</strong></span> <span class='ocrx_word' id='word_1_46' title='bbox 1321 345 1384 379; x_wconf 83' lang='lat' dir='ltr'><strong>quid</strong></span> <span class='ocrx_word' id='word_1_47' title='bbox 1419 345 1539 378; x_wconf 86' lang='lat' dir='ltr'><strong>miraris,</strong></span> <span class='ocrx_word' id='word_1_48' title='bbox 1566 345 1588 371; x_wconf 85' lang='lat' dir='ltr'><strong>si</strong></span> <span class='ocrx_word' id='word_1_49' title='bbox 1606 351 1677 371; x_wconf 87' lang='lat' dir='ltr'><strong>nunc</strong></span> <span class='ocrx_word' id='word_1_50' title='bbox 1712 351 1818 377; x_wconf 75' lang='lat' dir='ltr'><strong>quoque</strong></span> 
     </span>
    </p>
   </div>
   <div class='ocr_carea' id='block_1_5' title="bbox 192 386 1826 426">
    <p class='ocr_par' dir='ltr' id='par_1_5' title="bbox 192 386 1826 426">
     <span class='ocr_line' id='line_1_5' title="bbox 192 386 1826 426; baseline 0.003 -13"><span class='ocrx_word' id='word_1_51' title='bbox 192 394 265 413; x_wconf 80' lang='lat' dir='ltr'><strong>eirea</strong></span> <span class='ocrx_word' id='word_1_52' title='bbox 291 391 428 418; x_wconf 72' lang='lat' dir='ltr'><strong>negotium</strong></span> <span class='ocrx_word' id='word_1_53' title='bbox 460 386 616 422; x_wconf 77' lang='lat' dir='ltr'><strong>(religionis</strong></span> <span class='ocrx_word' id='word_1_54' title='bbox 645 388 824 425; x_wconf 56' lang='lat' dir='ltr'><strong>Christianae)</strong></span> <span class='ocrx_word' id='word_1_55' title='bbox 855 391 974 418; x_wconf 87' lang='lat' dir='ltr'><strong>divinum</strong></span> <span class='ocrx_word' id='word_1_56' title='bbox 994 397 1020 419; x_wconf 90' lang='lat' dir='ltr'><strong>et</strong></span> <span class='ocrx_word' id='word_1_57' title='bbox 1043 392 1147 418; x_wconf 86' lang='lat' dir='ltr'><strong>ratione</strong></span> <span class='ocrx_word' id='word_1_58' title='bbox 1165 393 1282 419; x_wconf 86' lang='lat' dir='ltr'><strong>humana</strong></span> <span class='ocrx_word' id='word_1_59' title='bbox 1314 392 1437 426; x_wconf 80' lang='lat' dir='ltr'><strong>superius</strong></span> <span class='ocrx_word' id='word_1_60' title='bbox 1467 391 1656 419; x_wconf 85' lang='lat' dir='ltr'><strong>couteutioues</strong></span> <span class='ocrx_word' id='word_1_61' title='bbox 1680 389 1826 422; x_wconf 65' lang='lat' dir='ltr'><strong>allectum,</strong></span> 
     </span>
    </p>
   </div>
   <div class='ocr_carea' id='block_1_6' title="bbox 193 433 1362 474">
    <p class='ocr_par' dir='ltr' id='par_1_6' title="bbox 193 433 1362 474">
     <span class='ocr_line' id='line_1_6' title="bbox 193 433 1362 474; baseline 0.004 -15"><span class='ocrx_word' id='word_1_62' title='bbox 193 438 219 460; x_wconf 88' lang='lat' dir='ltr'><strong>et</strong></span> <span class='ocrx_word' id='word_1_63' title='bbox 233 433 363 460; x_wconf 83' lang='lat' dir='ltr'><strong>dissident</strong></span> <span class='ocrx_word' id='word_1_64' title='bbox 384 434 482 461; x_wconf 88' lang='lat' dir='ltr'><strong>animis</strong></span> <span class='ocrx_word' id='word_1_65' title='bbox 502 434 626 462; x_wconf 78' lang='lat' dir='ltr'><strong>homines</strong></span> <span class='ocrx_word' id='word_1_66' title='bbox 641 437 675 463; x_wconf 85' lang='lat' dir='ltr'><strong>ab</strong></span> <span class='ocrx_word' id='word_1_67' title='bbox 691 437 838 466; x_wconf 87' lang='lat' dir='ltr'><strong>ambitione</strong></span> <span class='ocrx_word' id='word_1_68' title='bbox 852 443 979 474; x_wconf 89' lang='lat' dir='ltr'><strong>tauquam</strong></span> <span class='ocrx_word' id='word_1_69' title='bbox 999 438 1090 466; x_wconf 79' lang='lat' dir='ltr'><strong>furore</strong></span> <span class='ocrx_word' id='word_1_70' title='bbox 1103 439 1231 467; x_wconf 81' lang='lat' dir='ltr'><strong>baccliico</strong></span> <span class='ocrx_word' id='word_1_71' title='bbox 1248 438 1362 474; x_wconf 78' lang='lat' dir='ltr'><strong>agitati?</strong></span> 
     </span>
    </p>
   </div>
   <div class='ocr_carea' id='block_1_7' title="bbox 365 491 801 531">
    <p class='ocr_par' dir='ltr' id='par_1_7' title="bbox 365 491 801 531">
     <span class='ocr_line' id='line_1_7' title="bbox 365 491 801 531; baseline 0.011 -14"><span class='ocrx_word' id='word_1_72' title='bbox 365 491 432 517; x_wconf 86' lang='lat' dir='ltr'><strong>NH&#39;.</strong></span> <span class='ocrx_word' id='word_1_73' title='bbox 447 506 483 512; x_wconf 88' lang='grc'><strong><em>-</em></strong></span> <span class='ocrx_word' id='word_1_74' title='bbox 494 493 625 529; x_wconf 79' lang='grc' dir='ltr'><strong>ΙΩΛΝΝῌ</strong></span> <span class='ocrx_word' id='word_1_75' title='bbox 642 494 801 531; x_wconf 82' lang='grc' dir='ltr'><strong>ΔΙΑΚΟΝῼ.</strong></span> 
     </span>
    </p>
   </div>
   <div class='ocr_carea' id='block_1_8' title="bbox 197 547 984 590">
    <p class='ocr_par' dir='ltr' id='par_1_8' title="bbox 197 547 984 590">
     <span class='ocr_line' id='line_1_8' title="bbox 197 547 984 590; baseline 0.006 -17"><span class='ocrx_word' id='word_1_76' title='bbox 197 547 379 590; x_wconf 38' lang='grc' dir='ltr'><strong>ΤῆςηῚούδατ</strong></span> <span class='ocrx_word' id='word_1_77' title='bbox 393 549 585 590; x_wconf 47' lang='grc' dir='ltr'>Ἐἶπιρςτολῆᾳ</span> <span class='ocrx_word' id='word_1_78' title='bbox 595 551 631 590; x_wconf 67' lang='lat' dir='ltr'><strong>~TI</strong></span> <span class='ocrx_word' id='word_1_79' title='bbox 643 551 756 590; x_wconf 52' lang='grc' dir='ltr'>ἐστιν’(</span> <span class='ocrx_word' id='word_1_80' title='bbox 765 553 902 590; x_wconf 50' lang='grc' dir='ltr'>Ἀστέρος</span> <span class='ocrx_word' id='word_1_81' title='bbox 911 554 984 579; x_wconf 66' lang='lat' dir='ltr'><strong>mla-</strong></span> 
     </span>
    </p>
   </div>
   <div class='ocr_carea' id='block_1_9' title="bbox 229 582 984 652">
    <p class='ocr_par' dir='ltr' id='par_1_9' title="bbox 229 582 984 652">
     <span class='ocr_line' id='line_1_9' title="bbox 229 582 984 652; baseline 0.005 -43"><span class='ocrx_word' id='word_1_82' title='bbox 411 585 428 611; x_wconf 90' lang='grc' dir='ltr'><em>ό</em></span> <span class='ocrx_word' id='word_1_83' title='bbox 449 584 538 619; x_wconf 68' lang='grc' dir='ltr'><strong>ζόφος</strong></span> <span class='ocrx_word' id='word_1_84' title='bbox 554 584 608 612; x_wconf 86' lang='grc' dir='ltr'>τοῦ</span> <span class='ocrx_word' id='word_1_85' title='bbox 621 587 753 620; x_wconf 83' lang='grc' dir='ltr'><strong>σκότους</strong></span> <span class='ocrx_word' id='word_1_86' title='bbox 773 589 817 620; x_wconf 82' lang='grc' dir='ltr'><strong>εὶς</strong></span> <span class='ocrx_word' id='word_1_87' title='bbox 830 582 923 615; x_wconf 42' lang='lat' dir='ltr'><strong>addit-az</strong></span> <span class='ocrx_word' id='word_1_88' title='bbox 937 596 984 614; x_wconf 76' lang='grc' dir='ltr'><strong>τδ-</strong></span> 
     </span>
    </p>
   </div>
   <div class='ocr_carea' id='block_1_10' title="bbox 230 683 984 722">
    <p class='ocr_par' dir='ltr' id='par_1_10' title="bbox 230 683 984 722">
     <span class='ocr_line' id='line_1_10' title="bbox 230 683 984 722; baseline 0.008 -14"><span class='ocrx_word' id='word_1_89' title='bbox 230 683 261 709; x_wconf 81' lang='grc' dir='ltr'><strong>Εἰ</strong></span> <span class='ocrx_word' id='word_1_90' title='bbox 278 683 327 718; x_wconf 76' lang='grc' dir='ltr'><strong>μὲν</strong></span> <span class='ocrx_word' id='word_1_91' title='bbox 341 685 421 717; x_wconf 67' lang='grc' dir='ltr'>αὐτὸς</span> <span class='ocrx_word' id='word_1_92' title='bbox 438 685 516 721; x_wconf 76' lang='grc' dir='ltr'>μόνος</span> <span class='ocrx_word' id='word_1_93' title='bbox 533 686 703 718; x_wconf 76' lang='grc' dir='ltr'><strong>ἐπέστειλας,</strong></span> <span class='ocrx_word' id='word_1_94' title='bbox 721 687 861 722; x_wconf 69' lang='grc' dir='ltr'>εἰσάμενος</span> <span class='ocrx_word' id='word_1_95' title='bbox 874 706 882 719; x_wconf 89' lang='grc'><strong>,</strong></span> <span class='ocrx_word' id='word_1_96' title='bbox 901 687 935 714; x_wconf 71' lang='grc' dir='ltr'>δι’</span> <span class='ocrx_word' id='word_1_97' title='bbox 951 687 984 722; x_wconf 77' lang='grc' dir='ltr'>ἥν</span> 
     </span>
    </p>
   </div>
   <div class='ocr_carea' id='block_1_11' title="bbox 197 730 987 768">
    <p class='ocr_par' dir='ltr' id='par_1_11' title="bbox 197 730 987 768">
     <span class='ocr_line' id='line_1_11' title="bbox 197 730 987 768; baseline 0.006 -13"><span class='ocrx_word' id='word_1_98' title='bbox 197 730 286 756; x_wconf 74' lang='grc' dir='ltr'>αἰτίαν</span> <span class='ocrx_word' id='word_1_99' title='bbox 301 731 407 766; x_wconf 79' lang='grc' dir='ltr'>εἴρηται</span> <span class='ocrx_word' id='word_1_100' title='bbox 422 740 428 746; x_wconf 82' lang='grc'><em>’</em></span> <span class='ocrx_word' id='word_1_101' title='bbox 447 741 456 757; x_wconf 73' lang='grc' dir='ltr'><strong>ι</strong></span> <span class='ocrx_word' id='word_1_102' title='bbox 467 733 584 768; x_wconf 77' lang='grc' dir='ltr'>Αστέρες</span> <span class='ocrx_word' id='word_1_103' title='bbox 604 733 749 767; x_wconf 82' lang='grc' dir='ltr'>πλανῆται,</span> <span class='ocrx_word' id='word_1_104' title='bbox 765 730 806 764; x_wconf 81' lang='grc' dir='ltr'><strong>οἷς</strong></span> <span class='ocrx_word' id='word_1_105' title='bbox 817 734 831 759; x_wconf 80' lang='grc' dir='ltr'>ὁ</span> <span class='ocrx_word' id='word_1_106' title='bbox 843 733 923 768; x_wconf 78' lang='grc' dir='ltr'><strong>ζόφος</strong></span> <span class='ocrx_word' id='word_1_107' title='bbox 937 733 987 760; x_wconf 68' lang='grc' dir='ltr'>τοῦ</span> 
     </span>
    </p>
   </div>
   <div class='ocr_carea' id='block_1_12' title="bbox 199 775 986 814">
    <p class='ocr_par' dir='ltr' id='par_1_12' title="bbox 199 775 986 814">
     <span class='ocr_line' id='line_1_12' title="bbox 199 775 986 814; baseline 0.006 -13"><span class='ocrx_word' id='word_1_108' title='bbox 199 775 309 807; x_wconf 77' lang='grc' dir='ltr'>σκότους</span> <span class='ocrx_word' id='word_1_109' title='bbox 321 777 360 808; x_wconf 81' lang='grc' dir='ltr'>είς</span> <span class='ocrx_word' id='word_1_110' title='bbox 375 777 460 804; x_wconf 81' lang='grc' dir='ltr'>αἰῶνα</span> <span class='ocrx_word' id='word_1_111' title='bbox 482 779 631 814; x_wconf 79' lang='grc' dir='ltr'><strong>τετήρηται</strong></span> <span class='ocrx_word' id='word_1_112' title='bbox 643 787 650 795; x_wconf 65' lang='grc' dir='ltr'>ι</span> <span class='ocrx_word' id='word_1_113' title='bbox 671 787 680 804; x_wconf 73' lang='grc' dir='ltr'><strong>ι</strong></span> <span class='ocrx_word' id='word_1_114' title='bbox 695 780 758 810; x_wconf 75' lang='grc' dir='ltr'>ἴσως</span> <span class='ocrx_word' id='word_1_115' title='bbox 783 779 816 806; x_wconf 78' lang='grc' dir='ltr'>ἄν</span> <span class='ocrx_word' id='word_1_116' title='bbox 832 787 872 806; x_wconf 86' lang='grc' dir='ltr'><strong>σοι</strong></span> <span class='ocrx_word' id='word_1_117' title='bbox 900 787 986 806; x_wconf 85' lang='grc' dir='ltr'>κατα-</span> 
     </span>
    </p>
   </div>
   <div class='ocr_carea' id='block_1_13' title="bbox 200 821 987 860">
    <p class='ocr_par' dir='ltr' id='par_1_13' title="bbox 200 821 987 860">
     <span class='ocr_line' id='line_1_13' title="bbox 200 821 987 860; baseline 0.005 -14"><span class='ocrx_word' id='word_1_118' title='bbox 200 821 278 854; x_wconf 67' lang='grc' dir='ltr'>γνοὺς</span> <span class='ocrx_word' id='word_1_119' title='bbox 289 821 417 856; x_wconf 83' lang='grc' dir='ltr'>ἀμαθίαν,</span> <span class='ocrx_word' id='word_1_120' title='bbox 434 823 479 849; x_wconf 72' lang='grc' dir='ltr'>καὶ</span> <span class='ocrx_word' id='word_1_121' title='bbox 492 824 631 858; x_wconf 78' lang='grc' dir='ltr'><strong>συντόμως</strong></span> <span class='ocrx_word' id='word_1_122' title='bbox 646 824 802 856; x_wconf 73' lang='grc' dir='ltr'><strong>ἐπιστείλας</strong></span> <span class='ocrx_word' id='word_1_123' title='bbox 818 825 874 856; x_wconf 81' lang='grc' dir='ltr'>τοῖς</span> <span class='ocrx_word' id='word_1_124' title='bbox 887 823 987 860; x_wconf 75' lang='grc' dir='ltr'>ἀνδράσ-</span> 
     </span>
    </p>
   </div>
   <div class='ocr_carea' id='block_1_14' title="bbox 202 866 986 905">
    <p class='ocr_par' dir='ltr' id='par_1_14' title="bbox 202 866 986 905">
     <span class='ocr_line' id='line_1_14' title="bbox 202 866 986 905; baseline 0.006 -15"><span class='ocrx_word' id='word_1_125' title='bbox 202 872 244 890; x_wconf 88' lang='grc' dir='ltr'><strong>σιν</strong></span> <span class='ocrx_word' id='word_1_126' title='bbox 260 866 289 892; x_wconf 84' lang='grc' dir='ltr'><strong>οὐ</strong></span> <span class='ocrx_word' id='word_1_127' title='bbox 301 867 357 897; x_wconf 82' lang='grc' dir='ltr'>τοῖς</span> <span class='ocrx_word' id='word_1_128' title='bbox 371 867 512 902; x_wconf 73' lang='grc' dir='ltr'>ἁστρέισιν,</span> <span class='ocrx_word' id='word_1_129' title='bbox 530 868 700 903; x_wconf 81' lang='grc' dir='ltr'>ἀπηλλάγην.</span> <span class='ocrx_word' id='word_1_130' title='bbox 721 869 830 905; x_wconf 81' lang='grc' dir='ltr'>Ἐπειδὴ</span> <span class='ocrx_word' id='word_1_131' title='bbox 840 869 867 895; x_wconf 84' lang='grc' dir='ltr'><strong>δὲ</strong></span> <span class='ocrx_word' id='word_1_132' title='bbox 883 869 986 899; x_wconf 65' lang='grc' dir='ltr'>πολλοὶ.</span> 
     </span>
    </p>
   </div>
   <div class='ocr_carea' id='block_1_15' title="bbox 201 911 986 950">
    <p class='ocr_par' dir='ltr' id='par_1_15' title="bbox 201 911 986 950">
     <span class='ocr_line' id='line_1_15' title="bbox 201 911 986 950; baseline 0.005 -13"><span class='ocrx_word' id='word_1_133' title='bbox 201 911 246 937; x_wconf 71' lang='grc' dir='ltr'><strong>καὶ</strong></span> <span class='ocrx_word' id='word_1_134' title='bbox 267 911 320 937; x_wconf 76' lang='grc' dir='ltr'><strong>τῶν</strong></span> <span class='ocrx_word' id='word_1_135' title='bbox 336 912 485 940; x_wconf 75' lang='grc' dir='ltr'><strong>δοκούντων</strong></span> <span class='ocrx_word' id='word_1_136' title='bbox 512 911 582 941; x_wconf 71' lang='grc' dir='ltr'>εἷναι</span> <span class='ocrx_word' id='word_1_137' title='bbox 607 915 734 947; x_wconf 77' lang='grc' dir='ltr'><strong>συνετῶν,</strong></span> <span class='ocrx_word' id='word_1_138' title='bbox 753 914 824 941; x_wconf 76' lang='grc' dir='ltr'>τοῦτ’</span> <span class='ocrx_word' id='word_1_139' title='bbox 848 914 986 950; x_wconf 79' lang='grc' dir='ltr'>ἐζήτησαν</span> 
     </span>
    </p>
   </div>
   <div class='ocr_carea' id='block_1_16' title="bbox 201 956 987 996">
    <p class='ocr_par' dir='ltr' id='par_1_16' title="bbox 201 956 987 996">
     <span class='ocr_line' id='line_1_16' title="bbox 201 956 987 996; baseline 0.005 -14"><span class='ocrx_word' id='word_1_140' title='bbox 201 956 305 991; x_wconf 84' lang='grc' dir='ltr'>μαθεῖν,</span> <span class='ocrx_word' id='word_1_141' title='bbox 328 958 373 984; x_wconf 75' lang='grc' dir='ltr'><strong>καὶ</strong></span> <span class='ocrx_word' id='word_1_142' title='bbox 395 959 480 985; x_wconf 76' lang='grc' dir='ltr'>πολλὰ</span> <span class='ocrx_word' id='word_1_143' title='bbox 505 961 665 994; x_wconf 78' lang='grc' dir='ltr'><strong>κινήσαντες</strong></span> <span class='ocrx_word' id='word_1_144' title='bbox 681 980 688 992; x_wconf 90' lang='grc'><strong>,</strong></span> <span class='ocrx_word' id='word_1_145' title='bbox 712 960 827 996; x_wconf 80' lang='grc' dir='ltr'>ὕστερον</span> <span class='ocrx_word' id='word_1_146' title='bbox 855 961 987 996; x_wconf 76' lang='grc' dir='ltr'><strong>μαθόντες</strong></span> 
     </span>
    </p>
   </div>
   <div class='ocr_carea' id='block_1_17' title="bbox 199 1002 987 1043">
    <p class='ocr_par' dir='ltr' id='par_1_17' title="bbox 199 1002 987 1043">
     <span class='ocr_line' id='line_1_17' title="bbox 199 1002 987 1043; baseline 0.008 -15"><span class='ocrx_word' id='word_1_147' title='bbox 199 1002 365 1035; x_wconf 72' lang='grc' dir='ltr'>ἐξεθείασαν,</span> <span class='ocrx_word' id='word_1_148' title='bbox 382 1005 594 1040; x_wconf 69' lang='grc' dir='ltr'><strong>καταγνώσομαι</strong></span> <span class='ocrx_word' id='word_1_149' title='bbox 614 1006 664 1041; x_wconf 82' lang='grc' dir='ltr'><strong>μὲν</strong></span> <span class='ocrx_word' id='word_1_150' title='bbox 680 1015 727 1033; x_wconf 91' lang='grc' dir='ltr'><strong>σου</strong></span> <span class='ocrx_word' id='word_1_151' title='bbox 741 1007 879 1041; x_wconf 76' lang='grc' dir='ltr'><strong>οὐδαμῶς,</strong></span> <span class='ocrx_word' id='word_1_152' title='bbox 900 1007 987 1043; x_wconf 78' lang='grc' dir='ltr'>ἑρμη-</span> 
     </span>
    </p>
   </div>
   <div class='ocr_carea' id='block_1_18' title="bbox 200 1048 986 1088">
    <p class='ocr_par' dir='ltr' id='par_1_18' title="bbox 200 1048 986 1088">
     <span class='ocr_line' id='line_1_18' title="bbox 200 1048 986 1088; baseline 0.006 -14"><span class='ocrx_word' id='word_1_153' title='bbox 200 1048 293 1076; x_wconf 75' lang='grc' dir='ltr'>νεῦσαι</span> <span class='ocrx_word' id='word_1_154' title='bbox 309 1049 337 1075; x_wconf 81' lang='grc' dir='ltr'>δὲ</span> <span class='ocrx_word' id='word_1_155' title='bbox 349 1050 414 1077; x_wconf 68' lang='grc' dir='ltr'>αὐτὸ</span> <span class='ocrx_word' id='word_1_156' title='bbox 428 1052 594 1086; x_wconf 81' lang='grc' dir='ltr'>σαφέστερον</span> <span class='ocrx_word' id='word_1_157' title='bbox 605 1052 781 1087; x_wconf 78' lang='grc' dir='ltr'>πειράσομαι.</span> <span class='ocrx_word' id='word_1_158' title='bbox 797 1053 871 1088; x_wconf 78' lang='grc' dir='ltr'>Φημὶ</span> <span class='ocrx_word' id='word_1_159' title='bbox 887 1053 986 1085; x_wconf 80' lang='grc' dir='ltr'>τοίνυν,</span> 
     </span>
    </p>
   </div>
   <div class='ocr_carea' id='block_1_19' title="bbox 199 1095 988 1134">
    <p class='ocr_par' dir='ltr' id='par_1_19' title="bbox 199 1095 988 1134">
     <span class='ocr_line' id='line_1_19' title="bbox 199 1095 988 1134; baseline 0.006 -14"><span class='ocrx_word' id='word_1_160' title='bbox 199 1095 240 1121; x_wconf 86' lang='grc' dir='ltr'>ὃτι</span> <span class='ocrx_word' id='word_1_161' title='bbox 255 1096 318 1130; x_wconf 78' lang='grc' dir='ltr'>περὶ</span> <span class='ocrx_word' id='word_1_162' title='bbox 330 1095 480 1131; x_wconf 79' lang='grc' dir='ltr'>ἀνθρώπων</span> <span class='ocrx_word' id='word_1_163' title='bbox 493 1098 658 1134; x_wconf 81' lang='grc' dir='ltr'><strong>συγγνώμης</strong></span> <span class='ocrx_word' id='word_1_164' title='bbox 670 1098 820 1125; x_wconf 83' lang='grc' dir='ltr'>πταιόντων</span> <span class='ocrx_word' id='word_1_165' title='bbox 836 1098 988 1133; x_wconf 77' lang='grc' dir='ltr'>ὑψηλότερα</span> 
     </span>
    </p>
   </div>
   <div class='ocr_carea' id='block_1_20' title="bbox 200 1137 989 1179">
    <p class='ocr_par' dir='ltr' id='par_1_20' title="bbox 200 1137 989 1179">
     <span class='ocr_line' id='line_1_20' title="bbox 200 1137 989 1179; baseline 0.006 -14"><span class='ocrx_word' id='word_1_166' title='bbox 200 1137 233 1174; x_wconf 79' lang='grc' dir='ltr'>ἤν</span> <span class='ocrx_word' id='word_1_167' title='bbox 252 1139 291 1174; x_wconf 84' lang='grc' dir='ltr'><strong>τῷ</strong></span> <span class='ocrx_word' id='word_1_168' title='bbox 314 1141 497 1168; x_wconf 79' lang='grc' dir='ltr'>ἐπιστεῖλαντι</span> <span class='ocrx_word' id='word_1_169' title='bbox 518 1142 532 1168; x_wconf 81' lang='grc' dir='ltr'>ὁ</span> <span class='ocrx_word' id='word_1_170' title='bbox 558 1142 648 1177; x_wconf 83' lang='grc' dir='ltr'>λόγος,</span> <span class='ocrx_word' id='word_1_171' title='bbox 677 1143 708 1169; x_wconf 88' lang='grc' dir='ltr'><strong>οὑ</strong></span> <span class='ocrx_word' id='word_1_172' title='bbox 729 1143 791 1179; x_wconf 79' lang='grc' dir='ltr'>περὶ</span> <span class='ocrx_word' id='word_1_173' title='bbox 815 1143 921 1179; x_wconf 77' lang='grc' dir='ltr'>ἄστρων</span> <span class='ocrx_word' id='word_1_174' title='bbox 940 1143 989 1170; x_wconf 75' lang='grc' dir='ltr'><strong>καὶ</strong></span> 
     </span>
    </p>
   </div>
   <div class='ocr_carea' id='block_1_21' title="bbox 200 1185 989 1224">
    <p class='ocr_par' dir='ltr' id='par_1_21' title="bbox 200 1185 989 1224">
     <span class='ocr_line' id='line_1_21' title="bbox 200 1185 989 1224; baseline -0.001 -12"><span class='ocrx_word' id='word_1_175' title='bbox 200 1185 331 1218; x_wconf 65' lang='grc' dir='ltr'>νεεξελῶν,</span> <span class='ocrx_word' id='word_1_176' title='bbox 357 1189 487 1222; x_wconf 80' lang='grc' dir='ltr'>κυμάτων</span> <span class='ocrx_word' id='word_1_177' title='bbox 507 1196 537 1214; x_wconf 85' lang='grc' dir='ltr'><strong>τε</strong></span> <span class='ocrx_word' id='word_1_178' title='bbox 565 1189 612 1214; x_wconf 77' lang='grc' dir='ltr'>καὶ</span> <span class='ocrx_word' id='word_1_179' title='bbox 634 1188 767 1224; x_wconf 74' lang='grc' dir='ltr'>δένδρων·</span> <span class='ocrx_word' id='word_1_180' title='bbox 783 1186 824 1220; x_wconf 79' lang='grc' dir='ltr'>οἷς</span> <span class='ocrx_word' id='word_1_181' title='bbox 849 1189 880 1224; x_wconf 88' lang='grc' dir='ltr'><strong>δὴ</strong></span> <span class='ocrx_word' id='word_1_182' title='bbox 898 1197 989 1224; x_wconf 84' lang='grc' dir='ltr'>παρα-</span> 
     </span>
    </p>
   </div>
   <div class='ocr_carea' id='block_1_22' title="bbox 199 1230 989 1282">
    <p class='ocr_par' dir='ltr' id='par_1_22' title="bbox 199 1230 989 1282">
     <span class='ocr_line' id='line_1_22' title="bbox 199 1230 989 1282; baseline 0.006 -26"><span class='ocrx_word' id='word_1_183' title='bbox 199 1230 328 1282; x_wconf 60' lang='grc' dir='ltr'>δείγμασι</span> <span class='ocrx_word' id='word_1_184' title='bbox 340 1232 472 1268; x_wconf 77' lang='grc' dir='ltr'>κέχρηται</span> <span class='ocrx_word' id='word_1_185' title='bbox 484 1241 492 1248; x_wconf 68' lang='grc' dir='ltr'><strong><em>υ</em></strong></span> <span class='ocrx_word' id='word_1_186' title='bbox 505 1234 573 1269; x_wconf 79' lang='grc' dir='ltr'>ὅπερ</span> <span class='ocrx_word' id='word_1_187' title='bbox 588 1233 694 1269; x_wconf 77' lang='grc' dir='ltr'>ἔχουσιν</span> <span class='ocrx_word' id='word_1_188' title='bbox 709 1235 800 1261; x_wconf 78' lang='grc' dir='ltr'>ἐκεῖνα</span> <span class='ocrx_word' id='word_1_189' title='bbox 812 1234 882 1261; x_wconf 80' lang='grc' dir='ltr'>κατὰ</span> <span class='ocrx_word' id='word_1_190' title='bbox 898 1234 989 1270; x_wconf 80' lang='grc' dir='ltr'>φύσιν,</span> 
     </span>
    </p>
   </div>
   <div class='ocr_carea' id='block_1_23' title="bbox 200 1279 990 1329">
    <p class='ocr_par' dir='ltr' id='par_1_23' title="bbox 200 1279 990 1318">
     <span class='ocr_line' id='line_1_23' title="bbox 200 1279 990 1318; baseline 0.01 -17"><span class='ocrx_word' id='word_1_191' title='bbox 200 1279 280 1303; x_wconf 72' lang='grc' dir='ltr'>τοῦτο</span> <span class='ocrx_word' id='word_1_192' title='bbox 295 1279 459 1306; x_wconf 75' lang='grc' dir='ltr'>πεπονθέναι</span> <span class='ocrx_word' id='word_1_193' title='bbox 473 1280 536 1312; x_wconf 72' lang='grc' dir='ltr'>τοὺς</span> <span class='ocrx_word' id='word_1_194' title='bbox 559 1280 720 1316; x_wconf 78' lang='grc' dir='ltr'>ἀνθρώπους</span> <span class='ocrx_word' id='word_1_195' title='bbox 737 1282 807 1308; x_wconf 75' lang='grc' dir='ltr'>κατὰ</span> <span class='ocrx_word' id='word_1_196' title='bbox 826 1283 990 1318; x_wconf 84' lang='grc' dir='ltr'>προαίρεσιν</span> 
     </span>
    </p>
   </div>
   <div class='ocr_carea' id='block_1_24' title="bbox 202 1324 991 1363">
    <p class='ocr_par' dir='ltr' id='par_1_24' title="bbox 202 1324 991 1363">
     <span class='ocr_line' id='line_1_24' title="bbox 202 1324 991 1363; baseline 0.008 -15"><span class='ocrx_word' id='word_1_197' title='bbox 202 1324 374 1357; x_wconf 81' lang='grc' dir='ltr'>αἰτιώμενος.</span> <span class='ocrx_word' id='word_1_198' title='bbox 397 1324 502 1360; x_wconf 70' lang='grc' dir='ltr'>’Ὠσπερ</span> <span class='ocrx_word' id='word_1_199' title='bbox 524 1326 578 1362; x_wconf 75' lang='grc' dir='ltr'>γὰρ</span> <span class='ocrx_word' id='word_1_200' title='bbox 593 1327 621 1352; x_wconf 78' lang='grc' dir='ltr'>αἱ</span> <span class='ocrx_word' id='word_1_201' title='bbox 636 1327 747 1362; x_wconf 76' lang='grc' dir='ltr'>νεφέλαι</span> <span class='ocrx_word' id='word_1_202' title='bbox 762 1328 790 1354; x_wconf 83' lang='grc' dir='ltr'><strong>αἱ</strong></span> <span class='ocrx_word' id='word_1_203' title='bbox 813 1327 922 1363; x_wconf 79' lang='grc' dir='ltr'>ἄνυδροι</span> <span class='ocrx_word' id='word_1_204' title='bbox 937 1347 945 1360; x_wconf 91' lang='grc'><strong>,</strong></span> <span class='ocrx_word' id='word_1_205' title='bbox 963 1327 991 1354; x_wconf 86' lang='grc' dir='ltr'>αἱ</span> 
     </span>
    </p>
   </div>
   <div class='ocr_carea' id='block_1_25' title="bbox 203 1368 992 1408">
    <p class='ocr_par' dir='ltr' id='par_1_25' title="bbox 203 1368 992 1408">
     <span class='ocr_line' id='line_1_25' title="bbox 203 1368 992 1408; baseline 0.008 -14"><span class='ocrx_word' id='word_1_206' title='bbox 203 1368 256 1394; x_wconf 77' lang='grc' dir='ltr'><strong>ὑπὸ</strong></span> <span class='ocrx_word' id='word_1_207' title='bbox 269 1369 378 1403; x_wconf 78' lang='grc' dir='ltr'>ἀνέμων</span> <span class='ocrx_word' id='word_1_208' title='bbox 395 1369 573 1406; x_wconf 77' lang='grc' dir='ltr'>ἐλαυνόμεναι</span> <span class='ocrx_word' id='word_1_209' title='bbox 585 1393 592 1404; x_wconf 87' lang='grc'><strong>,</strong></span> <span class='ocrx_word' id='word_1_210' title='bbox 607 1373 654 1398; x_wconf 79' lang='grc' dir='ltr'><strong>καὶ</strong></span> <span class='ocrx_word' id='word_1_211' title='bbox 671 1373 704 1399; x_wconf 80' lang='grc' dir='ltr'>τὰ</span> <span class='ocrx_word' id='word_1_212' title='bbox 717 1373 830 1408; x_wconf 81' lang='grc' dir='ltr'>ἄκαρπα</span> <span class='ocrx_word' id='word_1_213' title='bbox 850 1373 957 1408; x_wconf 84' lang='grc' dir='ltr'>δένδρα,</span> <span class='ocrx_word' id='word_1_214' title='bbox 974 1372 992 1400; x_wconf 78' lang='grc' dir='ltr'>ἃ</span> 
     </span>
    </p>
   </div>
   <div class='ocr_carea' id='block_1_26' title="bbox 202 1413 991 1454">
    <p class='ocr_par' dir='ltr' id='par_1_26' title="bbox 202 1413 991 1454">
     <span class='ocr_line' id='line_1_26' title="bbox 202 1413 991 1454; baseline 0.009 -16"><span class='ocrx_word' id='word_1_215' title='bbox 202 1413 302 1445; x_wconf 77' lang='grc' dir='ltr'>δισσῶς</span> <span class='ocrx_word' id='word_1_216' title='bbox 322 1414 372 1450; x_wconf 77' lang='grc' dir='ltr'><strong>ἔφη</strong></span> <span class='ocrx_word' id='word_1_217' title='bbox 394 1415 580 1451; x_wconf 86' lang='grc' dir='ltr'>ἀποθανόντα,</span> <span class='ocrx_word' id='word_1_218' title='bbox 598 1418 629 1445; x_wconf 84' lang='grc' dir='ltr'><strong>οὐ</strong></span> <span class='ocrx_word' id='word_1_219' title='bbox 651 1419 911 1454; x_wconf 75' lang='grc' dir='ltr'>τιμωρηθήτονται·</span> <span class='ocrx_word' id='word_1_220' title='bbox 935 1419 991 1446; x_wconf 82' lang='grc' dir='ltr'>ἀλλ’</span> 
     </span>
    </p>
   </div>
   <div class='ocr_carea' id='block_1_27' title="bbox 203 1459 992 1499">
    <p class='ocr_par' dir='ltr' id='par_1_27' title="bbox 203 1459 992 1499">
     <span class='ocr_line' id='line_1_27' title="bbox 203 1459 992 1499; baseline 0.006 -14"><span class='ocrx_word' id='word_1_221' title='bbox 203 1459 263 1486; x_wconf 75' lang='grc' dir='ltr'>οὐδὲ</span> <span class='ocrx_word' id='word_1_222' title='bbox 280 1460 336 1494; x_wconf 79' lang='lat'><strong>(78)</strong></span> <span class='ocrx_word' id='word_1_223' title='bbox 350 1460 384 1487; x_wconf 79' lang='grc' dir='ltr'>τὰ</span> <span class='ocrx_word' id='word_1_224' title='bbox 400 1461 510 1496; x_wconf 84' lang='grc' dir='ltr'>κύματα</span> <span class='ocrx_word' id='word_1_225' title='bbox 526 1462 575 1494; x_wconf 75' lang='grc' dir='ltr'><strong>τὰς</strong></span> <span class='ocrx_word' id='word_1_226' title='bbox 592 1464 697 1490; x_wconf 77' lang='grc' dir='ltr'>ἑαυτῶν</span> <span class='ocrx_word' id='word_1_227' title='bbox 714 1463 916 1499; x_wconf 70' lang='grc' dir='ltr'>ἁπαφρίζουσιν</span> <span class='ocrx_word' id='word_1_228' title='bbox 931 1465 992 1490; x_wconf 81' lang='grc' dir='ltr'>αἱσ-</span> 
     </span>
    </p>
   </div>
   <div class='ocr_carea' id='block_1_28' title="bbox 204 1505 992 1546">
    <p class='ocr_par' dir='ltr' id='par_1_28' title="bbox 204 1505 992 1546">
     <span class='ocr_line' id='line_1_28' title="bbox 204 1505 992 1546; baseline 0.006 -15"><span class='ocrx_word' id='word_1_229' title='bbox 204 1505 289 1540; x_wconf 74' lang='grc' dir='ltr'>χύνας</span> <span class='ocrx_word' id='word_1_230' title='bbox 300 1526 307 1536; x_wconf 87' lang='grc'><strong>.</strong></span> <span class='ocrx_word' id='word_1_231' title='bbox 332 1506 417 1541; x_wconf 76' lang='grc' dir='ltr'>ἄλογα</span> <span class='ocrx_word' id='word_1_232' title='bbox 434 1507 499 1534; x_wconf 74' lang='grc' dir='ltr'>ἥντα</span> <span class='ocrx_word' id='word_1_233' title='bbox 517 1509 564 1535; x_wconf 73' lang='grc' dir='ltr'>καὶ</span> <span class='ocrx_word' id='word_1_234' title='bbox 581 1509 734 1545; x_wconf 72' lang='grc' dir='ltr'>αἰσθήσεως</span> <span class='ocrx_word' id='word_1_235' title='bbox 759 1509 862 1546; x_wconf 77' lang='grc' dir='ltr'>ἄμοιρα</span> <span class='ocrx_word' id='word_1_236' title='bbox 875 1518 882 1524; x_wconf 90' lang='grc'>·</span> <span class='ocrx_word' id='word_1_237' title='bbox 906 1509 992 1543; x_wconf 74' lang='grc' dir='ltr'>οὕτως</span> 
     </span>
    </p>
   </div>
   <div class='ocr_carea' id='block_1_29' title="bbox 205 1551 994 1590">
    <p class='ocr_par' dir='ltr' id='par_1_29' title="bbox 205 1551 994 1590">
     <span class='ocr_line' id='line_1_29' title="bbox 205 1551 994 1590; baseline 0.009 -14"><span class='ocrx_word' id='word_1_238' title='bbox 205 1551 251 1577; x_wconf 74' lang='grc' dir='ltr'>καὶ</span> <span class='ocrx_word' id='word_1_239' title='bbox 276 1552 300 1577; x_wconf 76' lang='grc' dir='ltr'>οἱ</span> <span class='ocrx_word' id='word_1_240' title='bbox 328 1551 468 1588; x_wconf 80' lang='grc' dir='ltr'>λεγόμενοι</span> <span class='ocrx_word' id='word_1_241' title='bbox 490 1554 604 1589; x_wconf 77' lang='grc' dir='ltr'>ἀστέρες</span> <span class='ocrx_word' id='word_1_242' title='bbox 623 1555 758 1590; x_wconf 84' lang='grc' dir='ltr'>πλανῆται</span> <span class='ocrx_word' id='word_1_243' title='bbox 785 1555 814 1582; x_wconf 86' lang='grc' dir='ltr'>οὺ</span> <span class='ocrx_word' id='word_1_244' title='bbox 843 1555 888 1582; x_wconf 77' lang='grc' dir='ltr'>τὸν</span> <span class='ocrx_word' id='word_1_245' title='bbox 912 1555 994 1590; x_wconf 71' lang='grc' dir='ltr'>ζόφον</span> 
     </span>
    </p>
   </div>
   <div class='ocr_carea' id='block_1_30' title="bbox 208 1596 995 1637">
    <p class='ocr_par' dir='ltr' id='par_1_30' title="bbox 208 1596 995 1637">
     <span class='ocr_line' id='line_1_30' title="bbox 208 1596 995 1637; baseline 0.005 -14"><span class='ocrx_word' id='word_1_246' title='bbox 208 1596 431 1633; x_wconf 67' lang='grc' dir='ltr'>κλῃρονομοῦσιν,</span> <span class='ocrx_word' id='word_1_247' title='bbox 443 1599 498 1625; x_wconf 83' lang='grc' dir='ltr'>ἀλλ’</span> <span class='ocrx_word' id='word_1_248' title='bbox 510 1601 533 1626; x_wconf 82' lang='lat' dir='ltr'><strong>ei</strong></span> <span class='ocrx_word' id='word_1_249' title='bbox 545 1600 695 1635; x_wconf 84' lang='grc' dir='ltr'>ἄνθρωποι,</span> <span class='ocrx_word' id='word_1_250' title='bbox 708 1602 732 1627; x_wconf 78' lang='grc' dir='ltr'>οἱ</span> <span class='ocrx_word' id='word_1_251' title='bbox 747 1601 819 1628; x_wconf 82' lang='grc' dir='ltr'>κατὰ</span> <span class='ocrx_word' id='word_1_252' title='bbox 835 1601 995 1637; x_wconf 84' lang='grc' dir='ltr'>προαίρεσιν</span> 
     </span>
    </p>
   </div>
   <div class='ocr_carea' id='block_1_31' title="bbox 206 1641 995 1682">
    <p class='ocr_par' dir='ltr' id='par_1_31' title="bbox 206 1641 995 1682">
     <span class='ocr_line' id='line_1_31' title="bbox 206 1641 995 1682; baseline 0.005 -14"><span class='ocrx_word' id='word_1_253' title='bbox 206 1641 408 1678; x_wconf 69' lang='grc' dir='ltr'>ἁμαρτάνοντες</span> <span class='ocrx_word' id='word_1_254' title='bbox 420 1653 427 1660; x_wconf 89' lang='grc'>·</span> <span class='ocrx_word' id='word_1_255' title='bbox 449 1646 514 1680; x_wconf 80' lang='grc' dir='ltr'>περὶ</span> <span class='ocrx_word' id='word_1_256' title='bbox 532 1641 570 1672; x_wconf 82' lang='grc' dir='ltr'>ὧν</span> <span class='ocrx_word' id='word_1_257' title='bbox 590 1646 638 1673; x_wconf 69' lang='grc' dir='ltr'><strong>καὶ</strong></span> <span class='ocrx_word' id='word_1_258' title='bbox 653 1646 688 1673; x_wconf 81' lang='grc' dir='ltr'>τὰ</span> <span class='ocrx_word' id='word_1_259' title='bbox 706 1646 894 1682; x_wconf 77' lang='grc' dir='ltr'>ὑποδείγματα</span> <span class='ocrx_word' id='word_1_260' title='bbox 907 1646 995 1673; x_wconf 77' lang='grc' dir='ltr'>ταῦτα</span> 
     </span>
    </p>
   </div>
   <div class='ocr_carea' id='block_1_32' title="bbox 207 1688 996 1728">
    <p class='ocr_par' dir='ltr' id='par_1_32' title="bbox 207 1688 996 1728">
     <span class='ocr_line' id='line_1_32' title="bbox 207 1688 996 1728; baseline 0.001 -11"><span class='ocrx_word' id='word_1_261' title='bbox 207 1688 312 1724; x_wconf 75' lang='grc' dir='ltr'>ἐλήφθη</span> <span class='ocrx_word' id='word_1_262' title='bbox 325 1710 332 1722; x_wconf 84' lang='lat'><strong>,</strong></span> <span class='ocrx_word' id='word_1_263' title='bbox 347 1690 383 1722; x_wconf 81' lang='grc' dir='ltr'><strong>ὡς</strong></span> <span class='ocrx_word' id='word_1_264' title='bbox 400 1689 470 1718; x_wconf 70' lang='grc' dir='ltr'>εἶναι</span> <span class='ocrx_word' id='word_1_265' title='bbox 487 1691 608 1719; x_wconf 82' lang='grc' dir='ltr'>τοιοῦτον</span> <span class='ocrx_word' id='word_1_266' title='bbox 622 1693 652 1719; x_wconf 85' lang='grc' dir='ltr'><strong>τὸ</strong></span> <span class='ocrx_word' id='word_1_267' title='bbox 668 1693 812 1728; x_wconf 75' lang='grc' dir='ltr'>λεγόμενον</span> <span class='ocrx_word' id='word_1_268' title='bbox 827 1701 834 1708; x_wconf 71' lang='grc' dir='ltr'><strong>ν</strong></span> <span class='ocrx_word' id='word_1_269' title='bbox 852 1693 877 1719; x_wconf 80' lang='grc' dir='ltr'>οἱ</span> <span class='ocrx_word' id='word_1_270' title='bbox 891 1692 996 1728; x_wconf 81' lang='grc' dir='ltr'>ἅνθρω-</span> 
     </span>
    </p>
   </div>
   <div class='ocr_carea' id='block_1_33' title="bbox 209 1733 996 1774">
    <p class='ocr_par' dir='ltr' id='par_1_33' title="bbox 209 1733 996 1774">
     <span class='ocr_line' id='line_1_33' title="bbox 209 1733 996 1774; baseline 0.004 -13"><span class='ocrx_word' id='word_1_271' title='bbox 209 1744 254 1761; x_wconf 84' lang='grc' dir='ltr'><strong>ποι</strong></span> <span class='ocrx_word' id='word_1_272' title='bbox 269 1733 341 1763; x_wconf 73' lang='grc' dir='ltr'>οὗτοι</span> <span class='ocrx_word' id='word_1_273' title='bbox 352 1756 359 1768; x_wconf 86' lang='grc'><strong>,</strong></span> <span class='ocrx_word' id='word_1_274' title='bbox 380 1738 445 1772; x_wconf 74' lang='grc' dir='ltr'>περὶ</span> <span class='ocrx_word' id='word_1_275' title='bbox 463 1734 501 1764; x_wconf 81' lang='grc' dir='ltr'>ὧν</span> <span class='ocrx_word' id='word_1_276' title='bbox 515 1739 529 1765; x_wconf 86' lang='grc' dir='ltr'><strong>ό</strong></span> <span class='ocrx_word' id='word_1_277' title='bbox 551 1738 629 1772; x_wconf 81' lang='grc' dir='ltr'>λόγος</span> <span class='ocrx_word' id='word_1_278' title='bbox 643 1760 649 1771; x_wconf 89' lang='grc'><strong>,</strong></span> <span class='ocrx_word' id='word_1_279' title='bbox 669 1738 763 1774; x_wconf 74' lang='grc' dir='ltr'>ὥσπερ</span> <span class='ocrx_word' id='word_1_280' title='bbox 779 1738 913 1774; x_wconf 85' lang='grc' dir='ltr'>πλανῆταί</span> <span class='ocrx_word' id='word_1_281' title='bbox 928 1739 996 1764; x_wconf 79' lang='grc' dir='ltr'>εἰσιν</span> 
     </span>
    </p>
   </div>
   <div class='ocr_carea' id='block_1_34' title="bbox 208 1781 996 1820">
    <p class='ocr_par' dir='ltr' id='par_1_34' title="bbox 208 1781 996 1820">
     <span class='ocr_line' id='line_1_34' title="bbox 208 1781 996 1820; baseline 0.004 -13"><span class='ocrx_word' id='word_1_282' title='bbox 208 1781 333 1817; x_wconf 79' lang='grc' dir='ltr'>ἀστέρες,</span> <span class='ocrx_word' id='word_1_283' title='bbox 345 1783 394 1818; x_wconf 78' lang='grc' dir='ltr'><strong>τῆς</strong></span> <span class='ocrx_word' id='word_1_284' title='bbox 406 1783 513 1816; x_wconf 78' lang='grc' dir='ltr'>εὐθείας</span> <span class='ocrx_word' id='word_1_285' title='bbox 527 1785 734 1820; x_wconf 76' lang='grc' dir='ltr'>ἐκτρεπόμενοι,</span> <span class='ocrx_word' id='word_1_286' title='bbox 747 1785 794 1812; x_wconf 76' lang='grc' dir='ltr'><strong>καὶ</strong></span> <span class='ocrx_word' id='word_1_287' title='bbox 809 1785 858 1820; x_wconf 86' lang='grc' dir='ltr'><strong>τὴν</strong></span> <span class='ocrx_word' id='word_1_288' title='bbox 871 1784 996 1810; x_wconf 85' lang='grc' dir='ltr'>ἐναντίαν</span> 
     </span>
    </p>
   </div>
   <div class='ocr_carea' id='block_1_35' title="bbox 1208 493 1642 523">
    <p class='ocr_par' dir='ltr' id='par_1_35' title="bbox 1208 493 1642 523">
     <span class='ocr_line' id='line_1_35' title="bbox 1208 493 1642 523; baseline -0.005 -1"><span class='ocrx_word' id='word_1_289' title='bbox 1208 494 1464 523; x_wconf 74' lang='lat' dir='ltr'><strong>LVlll.——JOANNI</strong></span> <span class='ocrx_word' id='word_1_290' title='bbox 1484 493 1642 521; x_wconf 77' lang='lat' dir='ltr'><strong>DIAGONO.</strong></span> 
     </span>
    </p>
   </div>
   <div class='ocr_carea' id='block_1_36' title="bbox 1035 548 1820 585">
    <p class='ocr_par' dir='ltr' id='par_1_36' title="bbox 1035 548 1820 585">
     <span class='ocr_line' id='line_1_36' title="bbox 1035 548 1820 585; baseline -0.009 -5"><span class='ocrx_word' id='word_1_291' title='bbox 1035 553 1077 581; x_wconf 73' lang='lat' dir='ltr'><strong>Ea:</strong></span> <span class='ocrx_word' id='word_1_292' title='bbox 1093 553 1211 585; x_wconf 77' lang='lat' dir='ltr'><strong>Epistola</strong></span> <span class='ocrx_word' id='word_1_293' title='bbox 1224 551 1313 579; x_wconf 75' lang='lat' dir='ltr'><strong>Juda&#39;.</strong></span> <span class='ocrx_word' id='word_1_294' title='bbox 1327 551 1396 583; x_wconf 80' lang='lat' dir='ltr'><strong>Quid</strong></span> <span class='ocrx_word' id='word_1_295' title='bbox 1411 550 1444 577; x_wconf 79' lang='lat' dir='ltr'><strong>sit</strong></span> <span class='ocrx_word' id='word_1_296' title='bbox 1466 549 1544 580; x_wconf 80' lang='lat' dir='ltr'><strong>illud,</strong></span> <span class='ocrx_word' id='word_1_297' title='bbox 1566 557 1574 574; x_wconf 77' lang='grc' dir='ltr'><strong>ι</strong></span> <span class='ocrx_word' id='word_1_298' title='bbox 1587 548 1681 575; x_wconf 83' lang='lat' dir='ltr'><strong>Sidera</strong></span> <span class='ocrx_word' id='word_1_299' title='bbox 1691 548 1820 585; x_wconf 74' lang='lat' dir='ltr'><strong>errantia,</strong></span> 
     </span>
    </p>
   </div>
   <div class='ocr_carea' id='block_1_37' title="bbox 1069 583 1821 650">
    <p class='ocr_par' dir='ltr' id='par_1_37' title="bbox 1069 583 1821 650">
     <span class='ocr_line' id='line_1_37' title="bbox 1069 583 1821 638; baseline -0.008 -24"><span class='ocrx_word' id='word_1_300' title='bbox 1069 583 1167 638; x_wconf 53' lang='lat' dir='ltr'><strong>quilla:I</strong></span> <span class='ocrx_word' id='word_1_301' title='bbox 1190 588 1273 622; x_wconf 81' lang='lat' dir='ltr'><strong>caligo</strong></span> <span class='ocrx_word' id='word_1_302' title='bbox 1296 589 1462 614; x_wconf 82' lang='lat' dir='ltr'><strong>tenebrarum</strong></span> <span class='ocrx_word' id='word_1_303' title='bbox 1487 590 1591 611; x_wconf 70' lang='lat' dir='ltr'><strong>seruam</strong></span> <span class='ocrx_word' id='word_1_304' title='bbox 1626 587 1663 610; x_wconf 83' lang='lat' dir='ltr'><strong>est</strong></span> <span class='ocrx_word' id='word_1_305' title='bbox 1691 583 1719 609; x_wconf 86' lang='lat' dir='ltr'><strong>in</strong></span> <span class='ocrx_word' id='word_1_306' title='bbox 1745 587 1821 609; x_wconf 75' lang='lat' dir='ltr'><strong>ceter-</strong></span> 
     </span>
     <span class='ocr_line' id='line_1_38' title="bbox 1071 631 1210 650; baseline -0.014 0"><span class='ocrx_word' id='word_1_307' title='bbox 1071 631 1133 650; x_wconf 78' lang='lat' dir='ltr'><strong>num</strong></span> <span class='ocrx_word' id='word_1_308' title='bbox 1172 643 1179 650; x_wconf 99' lang='lat'><strong>.</strong></span> <span class='ocrx_word' id='word_1_309' title='bbox 1201 632 1210 648; x_wconf 75' lang='grc' dir='ltr'><strong>ι</strong></span> 
     </span>
    </p>
   </div>
   <div class='ocr_carea' id='block_1_38' title="bbox 1065 681 1821 723">
    <p class='ocr_par' dir='ltr' id='par_1_38' title="bbox 1065 681 1821 723">
     <span class='ocr_line' id='line_1_39' title="bbox 1065 681 1821 723; baseline -0.009 -9"><span class='ocrx_word' id='word_1_310' title='bbox 1065 687 1208 723; x_wconf 82' lang='lat' dir='ltr'><strong>Siquidem</strong></span> <span class='ocrx_word' id='word_1_311' title='bbox 1223 691 1250 714; x_wconf 86' lang='grc' dir='ltr'><strong>ιιι</strong></span> <span class='ocrx_word' id='word_1_312' title='bbox 1277 687 1351 714; x_wconf 89' lang='lat' dir='ltr'><strong>solus</strong></span> <span class='ocrx_word' id='word_1_313' title='bbox 1368 685 1400 713; x_wconf 90' lang='lat' dir='ltr'><strong>ad</strong></span> <span class='ocrx_word' id='word_1_314' title='bbox 1417 693 1460 712; x_wconf 91' lang='lat' dir='ltr'><strong>me</strong></span> <span class='ocrx_word' id='word_1_315' title='bbox 1480 683 1649 717; x_wconf 82' lang='lat' dir='ltr'><strong>scripsisses,</strong></span> <span class='ocrx_word' id='word_1_316' title='bbox 1664 681 1821 709; x_wconf 84' lang='lat' dir='ltr'><strong>sciscitatus</strong></span> 
     </span>
    </p>
   </div>
   <div class='ocr_carea' id='block_1_39' title="bbox 1036 725 1822 766">
    <p class='ocr_par' dir='ltr' id='par_1_39' title="bbox 1036 725 1822 766">
     <span class='ocr_line' id='line_1_40' title="bbox 1036 725 1822 766; baseline -0.011 -7"><span class='ocrx_word' id='word_1_317' title='bbox 1036 740 1156 764; x_wconf 81' lang='lat' dir='ltr'><strong>causam,</strong></span> <span class='ocrx_word' id='word_1_318' title='bbox 1171 739 1255 766; x_wconf 89' lang='lat' dir='ltr'><strong>quare</strong></span> <span class='ocrx_word' id='word_1_319' title='bbox 1266 731 1365 757; x_wconf 90' lang='lat' dir='ltr'><strong>dictum</strong></span> <span class='ocrx_word' id='word_1_320' title='bbox 1383 730 1417 756; x_wconf 87' lang='lat' dir='ltr'><strong>sit</strong></span> <span class='ocrx_word' id='word_1_321' title='bbox 1433 737 1440 755; x_wconf 88' lang='lat'><strong>:</strong></span> <span class='ocrx_word' id='word_1_322' title='bbox 1459 738 1468 754; x_wconf 73' lang='grc' dir='ltr'><strong>ι</strong></span> <span class='ocrx_word' id='word_1_323' title='bbox 1491 727 1586 754; x_wconf 84' lang='lat' dir='ltr'><strong>Sidera</strong></span> <span class='ocrx_word' id='word_1_324' title='bbox 1610 726 1740 758; x_wconf 79' lang='lat' dir='ltr'><strong>errantia,</strong></span> <span class='ocrx_word' id='word_1_325' title='bbox 1759 725 1822 759; x_wconf 83' lang='lat' dir='ltr'><strong>qui-</strong></span> 
     </span>
    </p>
   </div>
   <div class='ocr_carea' id='block_1_40' title="bbox 1036 772 1819 812">
    <p class='ocr_par' dir='ltr' id='par_1_40' title="bbox 1036 772 1819 812">
     <span class='ocr_line' id='line_1_41' title="bbox 1036 772 1819 812; baseline -0.014 -7"><span class='ocrx_word' id='word_1_326' title='bbox 1036 778 1086 805; x_wconf 84' lang='lat' dir='ltr'><strong>bus</strong></span> <span class='ocrx_word' id='word_1_327' title='bbox 1101 777 1217 812; x_wconf 85' lang='lat' dir='ltr'><strong>procella</strong></span> <span class='ocrx_word' id='word_1_328' title='bbox 1228 776 1401 803; x_wconf 82' lang='lat' dir='ltr'><strong>tenebrarum</strong></span> <span class='ocrx_word' id='word_1_329' title='bbox 1420 777 1528 801; x_wconf 88' lang='lat' dir='ltr'><strong>servata</strong></span> <span class='ocrx_word' id='word_1_330' title='bbox 1543 776 1584 798; x_wconf 89' lang='lat' dir='ltr'><strong>est</strong></span> <span class='ocrx_word' id='word_1_331' title='bbox 1600 772 1626 798; x_wconf 88' lang='lat' dir='ltr'><strong>in</strong></span> <span class='ocrx_word' id='word_1_332' title='bbox 1642 776 1792 802; x_wconf 79' lang='lat' dir='ltr'><strong>aeternum;</strong></span> <span class='ocrx_word' id='word_1_333' title='bbox 1811 778 1819 794; x_wconf 80' lang='grc' dir='ltr'><strong>ι</strong></span> 
     </span>
    </p>
   </div>
   <div class='ocr_carea' id='block_1_41' title="bbox 1037 815 1824 855">
    <p class='ocr_par' dir='ltr' id='par_1_41' title="bbox 1037 815 1824 855">
     <span class='ocr_line' id='line_1_42' title="bbox 1037 815 1824 855; baseline -0.011 -5"><span class='ocrx_word' id='word_1_334' title='bbox 1037 823 1161 850; x_wconf 83' lang='lat' dir='ltr'><strong>fortassis</strong></span> <span class='ocrx_word' id='word_1_335' title='bbox 1188 823 1224 849; x_wconf 89' lang='lat' dir='ltr'><strong>ita</strong></span> <span class='ocrx_word' id='word_1_336' title='bbox 1252 829 1294 848; x_wconf 91' lang='lat' dir='ltr'><strong>me</strong></span> <span class='ocrx_word' id='word_1_337' title='bbox 1309 820 1519 855; x_wconf 84' lang='lat' dir='ltr'><strong>expcdivissent,</strong></span> <span class='ocrx_word' id='word_1_338' title='bbox 1535 824 1565 845; x_wconf 86' lang='grc' dir='ltr'><strong>ιιι</strong></span> <span class='ocrx_word' id='word_1_339' title='bbox 1578 816 1693 844; x_wconf 71' lang='lat' dir='ltr'><strong>inscitiae</strong></span> <span class='ocrx_word' id='word_1_340' title='bbox 1719 815 1824 842; x_wconf 83' lang='lat' dir='ltr'><strong>rudita—</strong></span> 
     </span>
    </p>
   </div>
   <div class='ocr_carea' id='block_1_42' title="bbox 1039 861 1827 902">
    <p class='ocr_par' dir='ltr' id='par_1_42' title="bbox 1039 861 1827 902">
     <span class='ocr_line' id='line_1_43' title="bbox 1039 861 1827 902; baseline -0.01 -8"><span class='ocrx_word' id='word_1_341' title='bbox 1039 869 1125 902; x_wconf 82' lang='lat' dir='ltr'><strong>iisque</strong></span> <span class='ocrx_word' id='word_1_342' title='bbox 1143 873 1167 895; x_wconf 90' lang='lat' dir='ltr'><strong>te</strong></span> <span class='ocrx_word' id='word_1_343' title='bbox 1184 867 1351 899; x_wconf 76' lang='lat' dir='ltr'><strong>damnarent,</strong></span> <span class='ocrx_word' id='word_1_344' title='bbox 1364 869 1390 892; x_wconf 88' lang='lat' dir='ltr'><strong>et</strong></span> <span class='ocrx_word' id='word_1_345' title='bbox 1404 865 1523 892; x_wconf 84' lang='lat' dir='ltr'><strong>breviter</strong></span> <span class='ocrx_word' id='word_1_346' title='bbox 1543 864 1590 891; x_wconf 92' lang='lat' dir='ltr'><strong>tibi</strong></span> <span class='ocrx_word' id='word_1_347' title='bbox 1609 861 1827 896; x_wconf 78' lang='lat' dir='ltr'><strong>respondissem,</strong></span> 
     </span>
    </p>
   </div>
   <div class='ocr_carea' id='block_1_43' title="bbox 1036 907 1823 951">
    <p class='ocr_par' dir='ltr' id='par_1_43' title="bbox 1036 907 1823 951">
     <span class='ocr_line' id='line_1_44' title="bbox 1036 907 1823 951; baseline -0.01 -9"><span class='ocrx_word' id='word_1_348' title='bbox 1036 915 1117 951; x_wconf 61' lang='grc'><strong>442</strong></span> <span class='ocrx_word' id='word_1_349' title='bbox 1153 913 1316 945; x_wconf 85' lang='lat' dir='ltr'><strong>hominibus,</strong></span> <span class='ocrx_word' id='word_1_350' title='bbox 1338 919 1390 940; x_wconf 91' lang='lat' dir='ltr'><strong>non</strong></span> <span class='ocrx_word' id='word_1_351' title='bbox 1422 911 1556 939; x_wconf 81' lang='lat' dir='ltr'><strong>sideribus</strong></span> <span class='ocrx_word' id='word_1_352' title='bbox 1586 910 1638 937; x_wconf 87' lang='lat' dir='ltr'><strong>ista</strong></span> <span class='ocrx_word' id='word_1_353' title='bbox 1666 907 1823 936; x_wconf 86' lang='lat' dir='ltr'><strong>convenire.</strong></span> 
     </span>
    </p>
   </div>
   <div class='ocr_carea' id='block_1_44' title="bbox 1040 958 1825 994">
    <p class='ocr_par' dir='ltr' id='par_1_44' title="bbox 1040 958 1825 994">
     <span class='ocr_line' id='line_1_45' title="bbox 1040 958 1825 994; baseline -0.01 -6"><span class='ocrx_word' id='word_1_354' title='bbox 1040 961 1137 988; x_wconf 75' lang='lat' dir='ltr'><strong>Verum</strong></span> <span class='ocrx_word' id='word_1_355' title='bbox 1153 961 1214 994; x_wconf 84' lang='lat' dir='ltr'><strong>quia</strong></span> <span class='ocrx_word' id='word_1_356' title='bbox 1228 960 1316 991; x_wconf 92' lang='lat' dir='ltr'><strong>multi,</strong></span> <span class='ocrx_word' id='word_1_357' title='bbox 1326 964 1352 986; x_wconf 89' lang='lat' dir='ltr'><strong>et</strong></span> <span class='ocrx_word' id='word_1_358' title='bbox 1366 958 1404 986; x_wconf 90' lang='lat' dir='ltr'><strong>illi</strong></span> <span class='ocrx_word' id='word_1_359' title='bbox 1419 958 1527 992; x_wconf 83' lang='lat' dir='ltr'><strong>quidem</strong></span> <span class='ocrx_word' id='word_1_360' title='bbox 1543 964 1575 984; x_wconf 74' lang='lat' dir='ltr'><strong>ex</strong></span> <span class='ocrx_word' id='word_1_361' title='bbox 1591 963 1683 982; x_wconf 86' lang='lat' dir='ltr'><strong>eorum</strong></span> <span class='ocrx_word' id='word_1_362' title='bbox 1698 960 1825 986; x_wconf 83' lang='lat' dir='ltr'><strong>numero,</strong></span> 
     </span>
    </p>
   </div>
   <div class='ocr_carea' id='block_1_45' title="bbox 1038 998 1825 1041">
    <p class='ocr_par' dir='ltr' id='par_1_45' title="bbox 1038 998 1825 1041">
     <span class='ocr_line' id='line_1_46' title="bbox 1038 998 1825 1041; baseline -0.011 -8"><span class='ocrx_word' id='word_1_363' title='bbox 1038 1007 1083 1041; x_wconf 87' lang='lat' dir='ltr'><strong>qui</strong></span> <span class='ocrx_word' id='word_1_364' title='bbox 1102 1013 1150 1040; x_wconf 88' lang='lat' dir='ltr'><strong>pro</strong></span> <span class='ocrx_word' id='word_1_365' title='bbox 1166 1005 1335 1039; x_wconf 81' lang='lat' dir='ltr'><strong>sapientibus</strong></span> <span class='ocrx_word' id='word_1_366' title='bbox 1357 1003 1500 1033; x_wconf 84' lang='lat' dir='ltr'><strong>habentur,</strong></span> <span class='ocrx_word' id='word_1_367' title='bbox 1515 1000 1637 1028; x_wconf 87' lang='lat' dir='ltr'><strong>discendi</strong></span> <span class='ocrx_word' id='word_1_368' title='bbox 1650 999 1738 1027; x_wconf 88' lang='lat' dir='ltr'><strong>studio</strong></span> <span class='ocrx_word' id='word_1_369' title='bbox 1754 998 1825 1025; x_wconf 84' lang='lat' dir='ltr'><strong>idem</strong></span> 
     </span>
    </p>
   </div>
   <div class='ocr_carea' id='block_1_46' title="bbox 1038 1045 1828 1084">
    <p class='ocr_par' dir='ltr' id='par_1_46' title="bbox 1038 1045 1828 1084">
     <span class='ocr_line' id='line_1_47' title="bbox 1038 1045 1828 1084; baseline -0.01 -7"><span class='ocrx_word' id='word_1_370' title='bbox 1038 1058 1070 1077; x_wconf 85' lang='lat' dir='ltr'><strong>ex</strong></span> <span class='ocrx_word' id='word_1_371' title='bbox 1092 1058 1134 1077; x_wconf 88' lang='lat' dir='ltr'><strong>me</strong></span> <span class='ocrx_word' id='word_1_372' title='bbox 1150 1049 1346 1084; x_wconf 76' lang='lat' dir='ltr'><strong>quaesiverunt,</strong></span> <span class='ocrx_word' id='word_1_373' title='bbox 1359 1053 1386 1074; x_wconf 93' lang='lat' dir='ltr'><strong>et</strong></span> <span class='ocrx_word' id='word_1_374' title='bbox 1400 1051 1541 1082; x_wconf 85' lang='lat' dir='ltr'><strong>postquam</strong></span> <span class='ocrx_word' id='word_1_375' title='bbox 1558 1045 1642 1072; x_wconf 87' lang='lat' dir='ltr'><strong>multa</strong></span> <span class='ocrx_word' id='word_1_376' title='bbox 1656 1048 1828 1079; x_wconf 61' lang='lat' dir='ltr'><strong>sategerant,</strong></span> 
     </span>
    </p>
   </div>
   <div class='ocr_carea' id='block_1_47' title="bbox 1039 1087 1828 1128">
    <p class='ocr_par' dir='ltr' id='par_1_47' title="bbox 1039 1087 1828 1128">
     <span class='ocr_line' id='line_1_48' title="bbox 1039 1087 1828 1128; baseline -0.01 -5"><span class='ocrx_word' id='word_1_377' title='bbox 1039 1095 1147 1123; x_wconf 86' lang='lat' dir='ltr'><strong>tandem</strong></span> <span class='ocrx_word' id='word_1_378' title='bbox 1177 1102 1243 1122; x_wconf 92' lang='lat' dir='ltr'><strong>vero</strong></span> <span class='ocrx_word' id='word_1_379' title='bbox 1271 1101 1351 1121; x_wconf 87' lang='lat' dir='ltr'><strong>sensu</strong></span> <span class='ocrx_word' id='word_1_380' title='bbox 1369 1098 1495 1128; x_wconf 83' lang='lat' dir='ltr'><strong>percepto</strong></span> <span class='ocrx_word' id='word_1_381' title='bbox 1519 1091 1641 1119; x_wconf 87' lang='lat' dir='ltr'><strong>divinqu</strong></span> <span class='ocrx_word' id='word_1_382' title='bbox 1653 1097 1714 1117; x_wconf 93' lang='lat' dir='ltr'><strong>eum</strong></span> <span class='ocrx_word' id='word_1_383' title='bbox 1731 1087 1828 1124; x_wconf 66' lang='lat' dir='ltr'><strong>przedl-</strong></span> 
     </span>
    </p>
   </div>
   <div class='ocr_carea' id='block_1_48' title="bbox 1039 1133 1827 1175">
    <p class='ocr_par' dir='ltr' id='par_1_48' title="bbox 1039 1133 1827 1175">
     <span class='ocr_line' id='line_1_49' title="bbox 1039 1133 1827 1175; baseline -0.01 -6"><span class='ocrx_word' id='word_1_384' title='bbox 1039 1145 1153 1174; x_wconf 85' lang='lat' dir='ltr'><strong>carunt;</strong></span> <span class='ocrx_word' id='word_1_385' title='bbox 1169 1140 1295 1175; x_wconf 82' lang='lat' dir='ltr'><strong>equidem</strong></span> <span class='ocrx_word' id='word_1_386' title='bbox 1314 1138 1387 1166; x_wconf 93' lang='lat' dir='ltr'><strong>nullo</strong></span> <span class='ocrx_word' id='word_1_387' title='bbox 1406 1138 1486 1166; x_wconf 88' lang='lat' dir='ltr'><strong>tuodo</strong></span> <span class='ocrx_word' id='word_1_388' title='bbox 1512 1141 1537 1164; x_wconf 90' lang='lat' dir='ltr'><strong>le</strong></span> <span class='ocrx_word' id='word_1_389' title='bbox 1565 1135 1762 1166; x_wconf 85' lang='lat' dir='ltr'><strong>condemnabo,</strong></span> <span class='ocrx_word' id='word_1_390' title='bbox 1779 1133 1827 1162; x_wconf 85' lang='lat' dir='ltr'><strong>sed</strong></span> 
     </span>
    </p>
   </div>
   <div class='ocr_carea' id='block_1_49' title="bbox 1040 1180 1828 1223">
    <p class='ocr_par' dir='ltr' id='par_1_49' title="bbox 1040 1180 1828 1223">
     <span class='ocr_line' id='line_1_50' title="bbox 1040 1180 1828 1223; baseline -0.011 -8"><span class='ocrx_word' id='word_1_391' title='bbox 1040 1187 1129 1223; x_wconf 87' lang='lat' dir='ltr'><strong>potius</strong></span> <span class='ocrx_word' id='word_1_392' title='bbox 1145 1188 1196 1214; x_wconf 83' lang='lat' dir='ltr'><strong>hoc</strong></span> <span class='ocrx_word' id='word_1_393' title='bbox 1213 1186 1316 1213; x_wconf 88' lang='lat' dir='ltr'><strong>dictttm</strong></span> <span class='ocrx_word' id='word_1_394' title='bbox 1341 1184 1448 1219; x_wconf 87' lang='lat' dir='ltr'><strong>planius</strong></span> <span class='ocrx_word' id='word_1_395' title='bbox 1475 1183 1524 1210; x_wconf 91' lang='lat' dir='ltr'><strong>tibi</strong></span> <span class='ocrx_word' id='word_1_396' title='bbox 1548 1180 1723 1216; x_wconf 88' lang='lat' dir='ltr'><strong>interpretari</strong></span> <span class='ocrx_word' id='word_1_397' title='bbox 1746 1187 1828 1207; x_wconf 86' lang='lat' dir='ltr'><strong>cona-</strong></span> 
     </span>
    </p>
   </div>
   <div class='ocr_carea' id='block_1_50' title="bbox 1041 1226 1835 1267">
    <p class='ocr_par' dir='ltr' id='par_1_50' title="bbox 1041 1226 1835 1267">
     <span class='ocr_line' id='line_1_51' title="bbox 1041 1226 1835 1267; baseline -0.013 -5"><span class='ocrx_word' id='word_1_398' title='bbox 1041 1235 1100 1262; x_wconf 92' lang='lat' dir='ltr'><strong>bor.</strong></span> <span class='ocrx_word' id='word_1_399' title='bbox 1114 1233 1164 1261; x_wconf 83' lang='lat' dir='ltr'><strong>Aio</strong></span> <span class='ocrx_word' id='word_1_400' title='bbox 1178 1233 1279 1267; x_wconf 75' lang='lat' dir='ltr'><strong>igitur:</strong></span> <span class='ocrx_word' id='word_1_401' title='bbox 1298 1232 1335 1258; x_wconf 89' lang='lat' dir='ltr'><strong>De</strong></span> <span class='ocrx_word' id='word_1_402' title='bbox 1363 1229 1517 1257; x_wconf 89' lang='lat' dir='ltr'><strong>hominibus</strong></span> <span class='ocrx_word' id='word_1_403' title='bbox 1542 1227 1708 1262; x_wconf 71' lang='lat' dir='ltr'><strong>huiusmodi,</strong></span> <span class='ocrx_word' id='word_1_404' title='bbox 1723 1226 1770 1261; x_wconf 88' lang='lat' dir='ltr'><strong>qui</strong></span> <span class='ocrx_word' id='word_1_405' title='bbox 1783 1232 1835 1252; x_wconf 62' lang='lat' dir='ltr'><strong>ve-</strong></span> 
     </span>
    </p>
   </div>
   <div class='ocr_carea' id='block_1_51' title="bbox 1042 1271 1835 1308">
    <p class='ocr_par' dir='ltr' id='par_1_51' title="bbox 1042 1271 1835 1308">
     <span class='ocr_line' id='line_1_52' title="bbox 1042 1271 1835 1308; baseline -0.013 -1"><span class='ocrx_word' id='word_1_406' title='bbox 1042 1281 1113 1307; x_wconf 88' lang='lat' dir='ltr'><strong>niam</strong></span> <span class='ocrx_word' id='word_1_407' title='bbox 1134 1278 1295 1306; x_wconf 83' lang='lat' dir='ltr'><strong>excedentia</strong></span> <span class='ocrx_word' id='word_1_408' title='bbox 1323 1277 1421 1304; x_wconf 86' lang='lat' dir='ltr'><strong>delicta</strong></span> <span class='ocrx_word' id='word_1_409' title='bbox 1436 1275 1622 1307; x_wconf 83' lang='lat' dir='ltr'><strong>committunt,</strong></span> <span class='ocrx_word' id='word_1_410' title='bbox 1645 1272 1771 1308; x_wconf 85' lang='lat' dir='ltr'><strong>scriptori</strong></span> <span class='ocrx_word' id='word_1_411' title='bbox 1788 1271 1835 1298; x_wconf 43' lang='lat' dir='ltr'><strong>illl‘</strong></span> 
     </span>
    </p>
   </div>
   <div class='ocr_carea' id='block_1_52' title="bbox 1042 1318 1836 1357">
    <p class='ocr_par' dir='ltr' id='par_1_52' title="bbox 1042 1318 1836 1357">
     <span class='ocr_line' id='line_1_53' title="bbox 1042 1318 1836 1357; baseline -0.014 -3"><span class='ocrx_word' id='word_1_412' title='bbox 1042 1333 1195 1355; x_wconf 81' lang='lat' dir='ltr'><strong>sermonem</strong></span> <span class='ocrx_word' id='word_1_413' title='bbox 1214 1324 1299 1352; x_wconf 80' lang='lat' dir='ltr'><strong>fuisse</strong></span> <span class='ocrx_word' id='word_1_414' title='bbox 1325 1323 1496 1357; x_wconf 86' lang='lat' dir='ltr'><strong>institutum;</strong></span> <span class='ocrx_word' id='word_1_415' title='bbox 1511 1329 1564 1349; x_wconf 93' lang='lat' dir='ltr'><strong>non</strong></span> <span class='ocrx_word' id='word_1_416' title='bbox 1581 1321 1616 1348; x_wconf 88' lang='lat' dir='ltr'><strong>de</strong></span> <span class='ocrx_word' id='word_1_417' title='bbox 1638 1318 1785 1350; x_wconf 84' lang='lat' dir='ltr'><strong>sideribus,</strong></span> <span class='ocrx_word' id='word_1_418' title='bbox 1801 1320 1836 1344; x_wconf 81' lang='lat' dir='ltr'><strong>et-</strong></span> 
     </span>
    </p>
   </div>
   <div class='ocr_carea' id='block_1_53' title="bbox 1042 1364 1830 1405">
    <p class='ocr_par' dir='ltr' id='par_1_53' title="bbox 1042 1364 1830 1405">
     <span class='ocr_line' id='line_1_54' title="bbox 1042 1364 1830 1405; baseline -0.015 -5"><span class='ocrx_word' id='word_1_419' title='bbox 1042 1373 1169 1405; x_wconf 91' lang='lat' dir='ltr'><strong>nubibus,</strong></span> <span class='ocrx_word' id='word_1_420' title='bbox 1186 1375 1213 1399; x_wconf 90' lang='lat' dir='ltr'><strong>et</strong></span> <span class='ocrx_word' id='word_1_421' title='bbox 1239 1371 1364 1398; x_wconf 86' lang='lat' dir='ltr'><strong>ﬂuctibus</strong></span> <span class='ocrx_word' id='word_1_422' title='bbox 1395 1375 1476 1404; x_wconf 87' lang='lat' dir='ltr'><strong>atque</strong></span> <span class='ocrx_word' id='word_1_423' title='bbox 1499 1367 1652 1398; x_wconf 87' lang='lat' dir='ltr'><strong>arboribus,</strong></span> <span class='ocrx_word' id='word_1_424' title='bbox 1665 1364 1769 1399; x_wconf 79' lang='lat' dir='ltr'><strong>quibus</strong></span> <span class='ocrx_word' id='word_1_425' title='bbox 1779 1368 1830 1397; x_wconf 87' lang='lat' dir='ltr'><strong>pro</strong></span> 
     </span>
    </p>
   </div>
   <div class='ocr_carea' id='block_1_54' title="bbox 1043 1408 1830 1452">
    <p class='ocr_par' dir='ltr' id='par_1_54' title="bbox 1043 1408 1830 1452">
     <span class='ocr_line' id='line_1_55' title="bbox 1043 1408 1830 1452; baseline -0.014 -6"><span class='ocrx_word' id='word_1_426' title='bbox 1043 1418 1174 1452; x_wconf 79' lang='lat' dir='ltr'><strong>exemplis</strong></span> <span class='ocrx_word' id='word_1_427' title='bbox 1188 1424 1252 1444; x_wconf 88' lang='lat' dir='ltr'><strong>usus</strong></span> <span class='ocrx_word' id='word_1_428' title='bbox 1265 1419 1318 1449; x_wconf 89' lang='lat' dir='ltr'><strong>est,</strong></span> <span class='ocrx_word' id='word_1_429' title='bbox 1335 1414 1537 1450; x_wconf 84' lang='lat' dir='ltr'><strong>reprehendens</strong></span> <span class='ocrx_word' id='word_1_430' title='bbox 1554 1416 1582 1440; x_wconf 89' lang='lat' dir='ltr'><strong>et</strong></span> <span class='ocrx_word' id='word_1_431' title='bbox 1596 1418 1727 1439; x_wconf 88' lang='lat' dir='ltr'><strong>accusans</strong></span> <span class='ocrx_word' id='word_1_432' title='bbox 1742 1408 1830 1436; x_wconf 80' lang='lat' dir='ltr'><strong>horni—</strong></span> 
     </span>
    </p>
   </div>
   <div class='ocr_carea' id='block_1_55' title="bbox 1044 1454 1831 1498">
    <p class='ocr_par' dir='ltr' id='par_1_55' title="bbox 1044 1454 1831 1498">
     <span class='ocr_line' id='line_1_56' title="bbox 1044 1454 1831 1498; baseline -0.014 -7"><span class='ocrx_word' id='word_1_433' title='bbox 1044 1471 1102 1496; x_wconf 86' lang='lat' dir='ltr'><strong>nes,</strong></span> <span class='ocrx_word' id='word_1_434' title='bbox 1116 1464 1187 1498; x_wconf 90' lang='lat' dir='ltr'><strong>quod</strong></span> <span class='ocrx_word' id='word_1_435' title='bbox 1215 1470 1247 1490; x_wconf 89' lang='lat' dir='ltr'><strong>ea</strong></span> <span class='ocrx_word' id='word_1_436' title='bbox 1268 1469 1328 1496; x_wconf 65' lang='lat' dir='ltr'><strong>qua,I</strong></span> <span class='ocrx_word' id='word_1_437' title='bbox 1352 1461 1404 1488; x_wconf 91' lang='lat' dir='ltr'><strong>illis</strong></span> <span class='ocrx_word' id='word_1_438' title='bbox 1432 1467 1480 1494; x_wconf 88' lang='lat' dir='ltr'><strong>per</strong></span> <span class='ocrx_word' id='word_1_439' title='bbox 1503 1463 1630 1486; x_wconf 89' lang='lat' dir='ltr'><strong>naturam</strong></span> <span class='ocrx_word' id='word_1_440' title='bbox 1653 1457 1755 1488; x_wconf 86' lang='lat' dir='ltr'><strong>insunt,</strong></span> <span class='ocrx_word' id='word_1_441' title='bbox 1778 1454 1831 1488; x_wconf 83' lang='lat' dir='ltr'><strong>ipsi</strong></span> 
     </span>
    </p>
   </div>
   <div class='ocr_carea' id='block_1_56' title="bbox 1044 1500 1832 1543">
    <p class='ocr_par' dir='ltr' id='par_1_56' title="bbox 1044 1500 1832 1543">
     <span class='ocr_line' id='line_1_57' title="bbox 1044 1500 1832 1543; baseline -0.014 -6"><span class='ocrx_word' id='word_1_442' title='bbox 1044 1510 1129 1537; x_wconf 89' lang='lat' dir='ltr'><strong>libero</strong></span> <span class='ocrx_word' id='word_1_443' title='bbox 1143 1509 1226 1536; x_wconf 87' lang='lat' dir='ltr'><strong>animi</strong></span> <span class='ocrx_word' id='word_1_444' title='bbox 1252 1508 1392 1543; x_wconf 78' lang='lat' dir='ltr'><strong>preposito</strong></span> <span class='ocrx_word' id='word_1_445' title='bbox 1406 1506 1433 1534; x_wconf 93' lang='lat' dir='ltr'><strong>ln</strong></span> <span class='ocrx_word' id='word_1_446' title='bbox 1454 1512 1484 1533; x_wconf 91' lang='lat' dir='ltr'><strong>se</strong></span> <span class='ocrx_word' id='word_1_447' title='bbox 1504 1504 1660 1532; x_wconf 85' lang='lat' dir='ltr'><strong>admittant.</strong></span> <span class='ocrx_word' id='word_1_448' title='bbox 1678 1500 1746 1528; x_wconf 88' lang='lat' dir='ltr'><strong>Nam</strong></span> <span class='ocrx_word' id='word_1_449' title='bbox 1761 1500 1832 1527; x_wconf 80' lang='lat' dir='ltr'><strong>sicut</strong></span> 
     </span>
    </p>
   </div>
   <div class='ocr_carea' id='block_1_57' title="bbox 1045 1547 1834 1589">
    <p class='ocr_par' dir='ltr' id='par_1_57' title="bbox 1045 1547 1834 1589">
     <span class='ocr_line' id='line_1_58' title="bbox 1045 1547 1834 1589; baseline -0.015 -6"><span class='ocrx_word' id='word_1_450' title='bbox 1045 1557 1131 1583; x_wconf 86' lang='lat' dir='ltr'><strong>nubes</strong></span> <span class='ocrx_word' id='word_1_451' title='bbox 1159 1561 1228 1589; x_wconf 87' lang='lat' dir='ltr'><strong>aqua</strong></span> <span class='ocrx_word' id='word_1_452' title='bbox 1256 1553 1403 1586; x_wconf 66' lang='lat' dir='ltr'><strong>destitutae,</strong></span> <span class='ocrx_word' id='word_1_453' title='bbox 1418 1558 1478 1586; x_wconf 67' lang='lat' dir='ltr'><strong>qua:</strong></span> <span class='ocrx_word' id='word_1_454' title='bbox 1493 1558 1507 1577; x_wconf 91' lang='lat' dir='ltr'><strong>a</strong></span> <span class='ocrx_word' id='word_1_455' title='bbox 1529 1549 1617 1576; x_wconf 91' lang='lat' dir='ltr'><strong>ventis</strong></span> <span class='ocrx_word' id='word_1_456' title='bbox 1643 1547 1793 1582; x_wconf 77' lang='lat' dir='ltr'><strong>agitantur,</strong></span> <span class='ocrx_word' id='word_1_457' title='bbox 1805 1547 1834 1572; x_wconf 75' lang='lat' dir='ltr'><strong>et</strong></span> 
     </span>
    </p>
   </div>
   <div class='ocr_carea' id='block_1_58' title="bbox 1046 1590 1845 1634">
    <p class='ocr_par' dir='ltr' id='par_1_58' title="bbox 1046 1590 1845 1634">
     <span class='ocr_line' id='line_1_59' title="bbox 1046 1590 1845 1634; baseline -0.014 -5"><span class='ocrx_word' id='word_1_458' title='bbox 1046 1601 1152 1629; x_wconf 83' lang='lat' dir='ltr'><strong>steriles</strong></span> <span class='ocrx_word' id='word_1_459' title='bbox 1169 1600 1292 1631; x_wconf 87' lang='lat' dir='ltr'><strong>arbores,</strong></span> <span class='ocrx_word' id='word_1_460' title='bbox 1304 1606 1373 1634; x_wconf 78' lang='lat' dir='ltr'><strong>quas</strong></span> <span class='ocrx_word' id='word_1_461' title='bbox 1388 1596 1535 1632; x_wconf 84' lang='lat' dir='ltr'><strong>dupliciter</strong></span> <span class='ocrx_word' id='word_1_462' title='bbox 1560 1594 1598 1621; x_wconf 87' lang='lat' dir='ltr'><strong>ait</strong></span> <span class='ocrx_word' id='word_1_463' title='bbox 1615 1597 1747 1625; x_wconf 87' lang='lat' dir='ltr'><strong>mortuas,</strong></span> <span class='ocrx_word' id='word_1_464' title='bbox 1761 1590 1845 1618; x_wconf 78' lang='lat' dir='ltr'><strong>nullo-</strong></span> 
     </span>
    </p>
   </div>
   <div class='ocr_carea' id='block_1_59' title="bbox 1047 1637 1827 1679">
    <p class='ocr_par' dir='ltr' id='par_1_59' title="bbox 1047 1637 1827 1679">
     <span class='ocr_line' id='line_1_60' title="bbox 1047 1637 1827 1679; baseline -0.014 -5"><span class='ocrx_word' id='word_1_465' title='bbox 1047 1646 1196 1674; x_wconf 84' lang='lat' dir='ltr'><strong>atlicientur</strong></span> <span class='ocrx_word' id='word_1_466' title='bbox 1210 1645 1352 1679; x_wconf 80' lang='lat' dir='ltr'><strong>supplicio,</strong></span> <span class='ocrx_word' id='word_1_467' title='bbox 1373 1644 1418 1671; x_wconf 82' lang='lat' dir='ltr'><strong>sed</strong></span> <span class='ocrx_word' id='word_1_468' title='bbox 1435 1649 1521 1676; x_wconf 87' lang='lat' dir='ltr'><strong>neque</strong></span> <span class='ocrx_word' id='word_1_469' title='bbox 1535 1640 1631 1667; x_wconf 84' lang='lat' dir='ltr'><strong>ﬂuctus</strong></span> <span class='ocrx_word' id='word_1_470' title='bbox 1648 1645 1712 1666; x_wconf 88' lang='lat' dir='ltr'><strong>suas</strong></span> <span class='ocrx_word' id='word_1_471' title='bbox 1728 1637 1827 1671; x_wconf 71' lang='lat' dir='ltr'><strong>despu&lt;</strong></span> 
     </span>
    </p>
   </div>
   <div class='ocr_carea' id='block_1_60' title="bbox 1048 1685 1837 1723">
    <p class='ocr_par' dir='ltr' id='par_1_60' title="bbox 1048 1685 1837 1723">
     <span class='ocr_line' id='line_1_61' title="bbox 1048 1685 1837 1723; baseline -0.013 -5"><span class='ocrx_word' id='word_1_472' title='bbox 1048 1697 1122 1719; x_wconf 88' lang='lat' dir='ltr'><strong>mant</strong></span> <span class='ocrx_word' id='word_1_473' title='bbox 1151 1690 1333 1722; x_wconf 80' lang='lat' dir='ltr'><strong>conlusioues,</strong></span> <span class='ocrx_word' id='word_1_474' title='bbox 1348 1688 1445 1723; x_wconf 87' lang='lat' dir='ltr'><strong>quippe</strong></span> <span class='ocrx_word' id='word_1_475' title='bbox 1474 1687 1519 1722; x_wconf 88' lang='lat' dir='ltr'><strong>qui</strong></span> <span class='ocrx_word' id='word_1_476' title='bbox 1542 1685 1656 1713; x_wconf 83' lang='lat' dir='ltr'><strong>rationis</strong></span> <span class='ocrx_word' id='word_1_477' title='bbox 1681 1691 1712 1711; x_wconf 85' lang='lat' dir='ltr'><strong>ac</strong></span> <span class='ocrx_word' id='word_1_478' title='bbox 1737 1689 1837 1710; x_wconf 81' lang='lat' dir='ltr'><strong>sensus</strong></span> 
     </span>
    </p>
   </div>
   <div class='ocr_carea' id='block_1_61' title="bbox 1048 1731 1835 1772">
    <p class='ocr_par' dir='ltr' id='par_1_61' title="bbox 1048 1731 1835 1772">
     <span class='ocr_line' id='line_1_62' title="bbox 1048 1731 1835 1772; baseline -0.014 -7"><span class='ocrx_word' id='word_1_479' title='bbox 1048 1742 1172 1772; x_wconf 84' lang='lat' dir='ltr'><strong>expertes</strong></span> <span class='ocrx_word' id='word_1_480' title='bbox 1184 1737 1238 1764; x_wconf 91' lang='lat' dir='ltr'><strong>sint</strong></span> <span class='ocrx_word' id='word_1_481' title='bbox 1252 1745 1258 1763; x_wconf 90' lang='lat'><strong>:</strong></span> <span class='ocrx_word' id='word_1_482' title='bbox 1272 1736 1308 1762; x_wconf 89' lang='lat' dir='ltr'><strong>ita</strong></span> <span class='ocrx_word' id='word_1_483' title='bbox 1325 1735 1408 1765; x_wconf 80' lang='lat' dir='ltr'><strong>etiam</strong></span> <span class='ocrx_word' id='word_1_484' title='bbox 1417 1733 1505 1760; x_wconf 81' lang='lat' dir='ltr'><strong>sidera</strong></span> <span class='ocrx_word' id='word_1_485' title='bbox 1521 1739 1581 1766; x_wconf 74' lang='lat' dir='ltr'><strong>qua:</strong></span> <span class='ocrx_word' id='word_1_486' title='bbox 1596 1731 1722 1758; x_wconf 86' lang='lat' dir='ltr'><strong>dicuntur</strong></span> <span class='ocrx_word' id='word_1_487' title='bbox 1738 1736 1835 1755; x_wconf 85' lang='lat' dir='ltr'><strong>erran-</strong></span> 
     </span>
    </p>
   </div>
   <div class='ocr_carea' id='block_1_62' title="bbox 1050 1770 1836 1815">
    <p class='ocr_par' dir='ltr' id='par_1_62' title="bbox 1050 1770 1836 1815">
     <span class='ocr_line' id='line_1_63' title="bbox 1050 1770 1836 1815; baseline -0.015 -6"><span class='ocrx_word' id='word_1_488' title='bbox 1050 1783 1086 1809; x_wconf 85' lang='lat' dir='ltr'><strong>tia</strong></span> <span class='ocrx_word' id='word_1_489' title='bbox 1116 1789 1168 1808; x_wconf 84' lang='lat' dir='ltr'><strong>non</strong></span> <span class='ocrx_word' id='word_1_490' title='bbox 1198 1780 1351 1815; x_wconf 88' lang='lat' dir='ltr'><strong>percipiunt</strong></span> <span class='ocrx_word' id='word_1_491' title='bbox 1377 1777 1531 1811; x_wconf 81' lang='lat' dir='ltr'><strong>caliginem,</strong></span> <span class='ocrx_word' id='word_1_492' title='bbox 1556 1774 1604 1801; x_wconf 89' lang='lat' dir='ltr'><strong>sed</strong></span> <span class='ocrx_word' id='word_1_493' title='bbox 1636 1772 1771 1803; x_wconf 85' lang='lat' dir='ltr'><strong>homines,</strong></span> <span class='ocrx_word' id='word_1_494' title='bbox 1789 1770 1836 1804; x_wconf 85' lang='lat' dir='ltr'><strong>qui</strong></span> 
     </span>
    </p>
   </div>
   <div class='ocr_carea' id='block_1_63' title="bbox 209 1815 994 1864">
    <p class='ocr_par' dir='ltr' id='par_1_63' title="bbox 209 1815 992 1864">
     <span class='ocr_line' id='line_1_64' title="bbox 209 1815 992 1864; baseline 0.001 -11"><span class='ocrx_word' id='word_1_495' title='bbox 209 1815 282 1862; x_wconf 39' lang='grc' dir='ltr'>αὐτῇ.</span> <span class='ocrx_word' id='word_1_496' title='bbox 294 1827 349 1862; x_wconf 76' lang='grc'><strong>(79)</strong></span> <span class='ocrx_word' id='word_1_497' title='bbox 366 1815 426 1854; x_wconf 68' lang='grc' dir='ltr'>οδὺν</span> <span class='ocrx_word' id='word_1_498' title='bbox 441 1815 611 1864; x_wconf 52' lang='grc' dir='ltr'>βαδίζοντί-ς·</span> <span class='ocrx_word' id='word_1_499' title='bbox 625 1815 664 1856; x_wconf 62' lang='grc' dir='ltr'><strong>διδ</strong></span> <span class='ocrx_word' id='word_1_500' title='bbox 676 1815 767 1861; x_wconf 80' lang='grc' dir='ltr'>αὐτοῖς</span> <span class='ocrx_word' id='word_1_501' title='bbox 783 1831 797 1857; x_wconf 87' lang='grc' dir='ltr'><strong>ὁ</strong></span> <span class='ocrx_word' id='word_1_502' title='bbox 817 1815 897 1864; x_wconf 48' lang='lat' dir='ltr'><strong>(deo;</strong></span> <span class='ocrx_word' id='word_1_503' title='bbox 911 1829 992 1864; x_wconf 87' lang='grc' dir='ltr'>τετή-</span> 
     </span>
    </p>
   </div>
   <div class='ocr_carea' id='block_1_64' title="bbox 1046 1815 1836 1864">
    <p class='ocr_par' dir='ltr' id='par_1_64' title="bbox 1052 1815 1836 1855">
     <span class='ocr_line' id='line_1_65' title="bbox 1052 1815 1836 1855; baseline -0.017 0"><span class='ocrx_word' id='word_1_504' title='bbox 1052 1827 1136 1854; x_wconf 86' lang='lat' dir='ltr'><strong>libera</strong></span> <span class='ocrx_word' id='word_1_505' title='bbox 1151 1825 1299 1853; x_wconf 85' lang='lat' dir='ltr'><strong>voluntatis</strong></span> <span class='ocrx_word' id='word_1_506' title='bbox 1326 1823 1458 1851; x_wconf 84' lang='lat' dir='ltr'><strong>electione</strong></span> <span class='ocrx_word' id='word_1_507' title='bbox 1484 1821 1524 1848; x_wconf 80' lang='lat' dir='ltr'><strong>usi</strong></span> <span class='ocrx_word' id='word_1_508' title='bbox 1542 1823 1654 1855; x_wconf 86' lang='lat' dir='ltr'><strong>peccant</strong></span> <span class='ocrx_word' id='word_1_509' title='bbox 1667 1827 1674 1845; x_wconf 86' lang='lat'><strong><em>:</em></strong></span> <span class='ocrx_word' id='word_1_510' title='bbox 1689 1818 1721 1845; x_wconf 91' lang='lat' dir='ltr'><strong>de</strong></span> <span class='ocrx_word' id='word_1_511' title='bbox 1737 1815 1836 1852; x_wconf 88' lang='lat' dir='ltr'><strong>quibus</strong></span> 
     </span>
    </p>
   </div>
   <div class='ocr_carea' id='block_1_65' title="bbox 211 1875 996 1912">
    <p class='ocr_par' dir='ltr' id='par_1_65' title="bbox 211 1875 996 1912">
     <span class='ocr_line' id='line_1_66' title="bbox 211 1875 996 1912; baseline 0.006 -14"><span class='ocrx_word' id='word_1_512' title='bbox 211 1881 292 1907; x_wconf 78' lang='grc' dir='ltr'>ρηται</span> <span class='ocrx_word' id='word_1_513' title='bbox 304 1893 311 1905; x_wconf 90' lang='grc'><strong>,</strong></span> <span class='ocrx_word' id='word_1_514' title='bbox 327 1875 388 1909; x_wconf 69' lang='grc' dir='ltr'>ουχὶ</span> <span class='ocrx_word' id='word_1_515' title='bbox 406 1877 461 1906; x_wconf 82' lang='grc' dir='ltr'>τοῖς</span> <span class='ocrx_word' id='word_1_516' title='bbox 478 1875 627 1910; x_wconf 80' lang='grc' dir='ltr'>ἁστράσιν,</span> <span class='ocrx_word' id='word_1_517' title='bbox 643 1876 711 1904; x_wconf 76' lang='grc' dir='ltr'>ἀλλὰ</span> <span class='ocrx_word' id='word_1_518' title='bbox 726 1878 782 1908; x_wconf 84' lang='grc' dir='ltr'>τοῖς</span> <span class='ocrx_word' id='word_1_519' title='bbox 797 1876 937 1912; x_wconf 84' lang='grc' dir='ltr'>ἀνδράσιν.</span> <span class='ocrx_word' id='word_1_520' title='bbox 959 1876 996 1903; x_wconf 84' lang='grc' dir='ltr'><strong>Οὐ</strong></span> 
     </span>
    </p>
   </div>
   <div class='ocr_carea' id='block_1_66' title="bbox 211 1918 997 1957">
    <p class='ocr_par' dir='ltr' id='par_1_66' title="bbox 211 1918 997 1957">
     <span class='ocr_line' id='line_1_67' title="bbox 211 1918 997 1957; baseline 0.005 -13"><span class='ocrx_word' id='word_1_521' title='bbox 211 1918 265 1954; x_wconf 78' lang='grc' dir='ltr'><strong>γὰρ</strong></span> <span class='ocrx_word' id='word_1_522' title='bbox 281 1919 345 1955; x_wconf 73' lang='grc' dir='ltr'>περὶ</span> <span class='ocrx_word' id='word_1_523' title='bbox 359 1921 478 1955; x_wconf 81' lang='grc' dir='ltr'>ἄστρων,</span> <span class='ocrx_word' id='word_1_524' title='bbox 493 1921 510 1957; x_wconf 83' lang='grc' dir='ltr'>ἢ</span> <span class='ocrx_word' id='word_1_525' title='bbox 532 1922 650 1956; x_wconf 80' lang='grc' dir='ltr'>νεφελῶν</span> <span class='ocrx_word' id='word_1_526' title='bbox 663 1943 670 1954; x_wconf 88' lang='grc'><strong>,</strong></span> <span class='ocrx_word' id='word_1_527' title='bbox 688 1922 704 1957; x_wconf 89' lang='grc' dir='ltr'>ἢ</span> <span class='ocrx_word' id='word_1_528' title='bbox 721 1923 853 1957; x_wconf 80' lang='grc' dir='ltr'>κυμάτων</span> <span class='ocrx_word' id='word_1_529' title='bbox 864 1919 898 1957; x_wconf 83' lang='grc' dir='ltr'>ἦν</span> <span class='ocrx_word' id='word_1_530' title='bbox 911 1921 997 1956; x_wconf 77' lang='grc' dir='ltr'>αὐτῷ,</span> 
     </span>
    </p>
   </div>
   <div class='ocr_carea' id='block_1_67' title="bbox 210 1964 999 2002">
    <p class='ocr_par' dir='ltr' id='par_1_67' title="bbox 210 1964 999 2002">
     <span class='ocr_line' id='line_1_68' title="bbox 210 1964 999 2002; baseline 0.004 -12"><span class='ocrx_word' id='word_1_531' title='bbox 210 1964 247 1996; x_wconf 80' lang='grc' dir='ltr'><strong>ὡς</strong></span> <span class='ocrx_word' id='word_1_532' title='bbox 268 1965 353 2001; x_wconf 63' lang='grc' dir='ltr'>ἔφθην</span> <span class='ocrx_word' id='word_1_533' title='bbox 367 1966 463 1998; x_wconf 86' lang='grc' dir='ltr'>εἰπὼν,</span> <span class='ocrx_word' id='word_1_534' title='bbox 480 1968 494 1994; x_wconf 86' lang='grc' dir='ltr'>ὁ</span> <span class='ocrx_word' id='word_1_535' title='bbox 513 1967 607 2001; x_wconf 80' lang='grc' dir='ltr'>λόγος,</span> <span class='ocrx_word' id='word_1_536' title='bbox 632 1967 699 1994; x_wconf 72' lang='grc' dir='ltr'>ἀλλὰ</span> <span class='ocrx_word' id='word_1_537' title='bbox 714 1968 778 2002; x_wconf 73' lang='grc' dir='ltr'>περὶ</span> <span class='ocrx_word' id='word_1_538' title='bbox 792 1967 944 2002; x_wconf 79' lang='grc' dir='ltr'>ἀνθρώπων</span> <span class='ocrx_word' id='word_1_539' title='bbox 959 1968 999 1998; x_wconf 80' lang='grc' dir='ltr'><strong>είς</strong></span> 
     </span>
    </p>
   </div>
   <div class='ocr_carea' id='block_1_68' title="bbox 212 2010 998 2047">
    <p class='ocr_par' dir='ltr' id='par_1_68' title="bbox 212 2010 998 2047">
     <span class='ocr_line' id='line_1_69' title="bbox 212 2010 998 2047; baseline 0.003 -11"><span class='ocrx_word' id='word_1_540' title='bbox 212 2010 370 2045; x_wconf 82' lang='grc' dir='ltr'>θηριωδίαν,</span> <span class='ocrx_word' id='word_1_541' title='bbox 386 2012 434 2038; x_wconf 79' lang='grc' dir='ltr'><strong>καὶ</strong></span> <span class='ocrx_word' id='word_1_542' title='bbox 451 2012 605 2047; x_wconf 81' lang='grc' dir='ltr'>ἀσέλγειαν,</span> <span class='ocrx_word' id='word_1_543' title='bbox 619 2013 667 2039; x_wconf 81' lang='grc' dir='ltr'>καὶ</span> <span class='ocrx_word' id='word_1_544' title='bbox 682 2012 839 2044; x_wconf 81' lang='grc' dir='ltr'>ἀλαζονείαν</span> <span class='ocrx_word' id='word_1_545' title='bbox 856 2013 998 2038; x_wconf 74' lang='grc' dir='ltr'>ἐκπεπτω-</span> 
     </span>
    </p>
   </div>
   <div class='ocr_carea' id='block_1_69' title="bbox 211 2056 1000 2092">
    <p class='ocr_par' dir='ltr' id='par_1_69' title="bbox 211 2056 1000 2092">
     <span class='ocr_line' id='line_1_70' title="bbox 211 2056 1000 2092; baseline 0.004 -11"><span class='ocrx_word' id='word_1_546' title='bbox 211 2056 310 2089; x_wconf 70' lang='grc' dir='ltr'>κότων,</span> <span class='ocrx_word' id='word_1_547' title='bbox 328 2057 374 2083; x_wconf 75' lang='grc' dir='ltr'><strong>καὶ</strong></span> <span class='ocrx_word' id='word_1_548' title='bbox 387 2057 431 2084; x_wconf 74' lang='grc' dir='ltr'><strong>διὰ</strong></span> <span class='ocrx_word' id='word_1_549' title='bbox 444 2058 494 2092; x_wconf 86' lang='grc' dir='ltr'><strong>τῆς</strong></span> <span class='ocrx_word' id='word_1_550' title='bbox 510 2059 654 2090; x_wconf 77' lang='grc' dir='ltr'>συνουσίας</span> <span class='ocrx_word' id='word_1_551' title='bbox 668 2059 714 2085; x_wconf 81' lang='grc' dir='ltr'>καὶ</span> <span class='ocrx_word' id='word_1_552' title='bbox 727 2059 789 2089; x_wconf 87' lang='grc' dir='ltr'>τοὺς</span> <span class='ocrx_word' id='word_1_553' title='bbox 801 2057 1000 2092; x_wconf 75' lang='grc' dir='ltr'>πλησιάζοντας</span> 
     </span>
    </p>
   </div>
   <div class='ocr_carea' id='block_1_70' title="bbox 211 2100 1001 2137">
    <p class='ocr_par' dir='ltr' id='par_1_70' title="bbox 211 2100 1001 2137">
     <span class='ocr_line' id='line_1_71' title="bbox 211 2100 1001 2137; baseline 0.001 -11"><span class='ocrx_word' id='word_1_554' title='bbox 211 2100 429 2136; x_wconf 79' lang='grc' dir='ltr'>λυμαινομένων.</span> <span class='ocrx_word' id='word_1_555' title='bbox 448 2102 509 2128; x_wconf 84' lang='grc' dir='ltr'><strong>Ὅτι</strong></span> <span class='ocrx_word' id='word_1_556' title='bbox 522 2102 550 2128; x_wconf 82' lang='grc' dir='ltr'>δὲ</span> <span class='ocrx_word' id='word_1_557' title='bbox 562 2102 649 2128; x_wconf 78' lang='grc' dir='ltr'>ταῦτα</span> <span class='ocrx_word' id='word_1_558' title='bbox 664 2102 749 2134; x_wconf 77' lang='grc' dir='ltr'>οὕτως</span> <span class='ocrx_word' id='word_1_559' title='bbox 764 2102 820 2137; x_wconf 78' lang='grc' dir='ltr'>ἔχει</span> <span class='ocrx_word' id='word_1_560' title='bbox 832 2121 839 2133; x_wconf 94' lang='grc'><strong>,</strong></span> <span class='ocrx_word' id='word_1_561' title='bbox 853 2101 1001 2136; x_wconf 76' lang='grc' dir='ltr'>γυμνάσω-</span> 
     </span>
    </p>
   </div>
   <div class='ocr_carea' id='block_1_71' title="bbox 214 2146 1001 2183">
    <p class='ocr_par' dir='ltr' id='par_1_71' title="bbox 214 2146 1001 2183">
     <span class='ocr_line' id='line_1_72' title="bbox 214 2146 1001 2183; baseline 0 -11"><span class='ocrx_word' id='word_1_562' title='bbox 214 2155 276 2181; x_wconf 82' lang='grc' dir='ltr'>μεν,</span> <span class='ocrx_word' id='word_1_563' title='bbox 297 2148 322 2173; x_wconf 83' lang='grc' dir='ltr'>εἰ</span> <span class='ocrx_word' id='word_1_564' title='bbox 339 2147 424 2179; x_wconf 82' lang='grc' dir='ltr'>δοκεῖ,</span> <span class='ocrx_word' id='word_1_565' title='bbox 439 2147 485 2174; x_wconf 79' lang='grc' dir='ltr'><strong>τὸν</strong></span> <span class='ocrx_word' id='word_1_566' title='bbox 500 2147 590 2182; x_wconf 82' lang='grc' dir='ltr'>λόγον.</span> <span class='ocrx_word' id='word_1_567' title='bbox 605 2148 635 2175; x_wconf 86' lang='grc' dir='ltr'><strong>Οἱ</strong></span> <span class='ocrx_word' id='word_1_568' title='bbox 651 2148 700 2183; x_wconf 85' lang='grc' dir='ltr'><strong>μὲν</strong></span> <span class='ocrx_word' id='word_1_569' title='bbox 715 2146 761 2175; x_wconf 81' lang='grc' dir='ltr'>οὖν</span> <span class='ocrx_word' id='word_1_570' title='bbox 772 2147 837 2183; x_wconf 76' lang='grc' dir='ltr'>περὶ</span> <span class='ocrx_word' id='word_1_571' title='bbox 849 2147 936 2174; x_wconf 84' lang='grc' dir='ltr'>ταῦτα</span> <span class='ocrx_word' id='word_1_572' title='bbox 947 2147 1001 2173; x_wconf 80' lang='grc' dir='ltr'>δει-</span> 
     </span>
    </p>
   </div>
   <div class='ocr_carea' id='block_1_72' title="bbox 212 2190 999 2227">
    <p class='ocr_par' dir='ltr' id='par_1_72' title="bbox 212 2190 999 2227">
     <span class='ocr_line' id='line_1_73' title="bbox 212 2190 999 2227; baseline 0.005 -11"><span class='ocrx_word' id='word_1_573' title='bbox 212 2191 265 2222; x_wconf 70' lang='grc' dir='ltr'>νοὶ,</span> <span class='ocrx_word' id='word_1_574' title='bbox 279 2190 341 2217; x_wconf 77' lang='grc' dir='ltr'>οὔτε</span> <span class='ocrx_word' id='word_1_575' title='bbox 358 2192 464 2225; x_wconf 76' lang='grc' dir='ltr'>εἰκότα,</span> <span class='ocrx_word' id='word_1_576' title='bbox 481 2191 544 2219; x_wconf 77' lang='grc' dir='ltr'>οὔτε</span> <span class='ocrx_word' id='word_1_577' title='bbox 560 2193 661 2220; x_wconf 82' lang='grc' dir='ltr'>πιθανὰ</span> <span class='ocrx_word' id='word_1_578' title='bbox 671 2195 727 2225; x_wconf 86' lang='grc' dir='ltr'>τοῖς</span> <span class='ocrx_word' id='word_1_579' title='bbox 742 2193 847 2224; x_wconf 77' lang='grc' dir='ltr'>πολλοῖς</span> <span class='ocrx_word' id='word_1_580' title='bbox 864 2193 999 2227; x_wconf 79' lang='grc' dir='ltr'>λέγουσιν.</span> 
     </span>
    </p>
   </div>
   <div class='ocr_carea' id='block_1_73' title="bbox 216 2237 1001 2276">
    <p class='ocr_par' dir='ltr' id='par_1_73' title="bbox 216 2237 1001 2276">
     <span class='ocr_line' id='line_1_74' title="bbox 216 2237 1001 2276; baseline 0.001 -11"><span class='ocrx_word' id='word_1_581' title='bbox 216 2239 257 2274; x_wconf 80' lang='grc' dir='ltr'><strong>Τῇ</strong></span> <span class='ocrx_word' id='word_1_582' title='bbox 271 2237 323 2272; x_wconf 83' lang='grc' dir='ltr'>γὰρ</span> <span class='ocrx_word' id='word_1_583' title='bbox 339 2238 468 2274; x_wconf 75' lang='grc' dir='ltr'>ἐναργείᾳ</span> <span class='ocrx_word' id='word_1_584' title='bbox 490 2239 537 2265; x_wconf 71' lang='grc' dir='ltr'><strong>καὶ</strong></span> <span class='ocrx_word' id='word_1_585' title='bbox 557 2239 600 2266; x_wconf 83' lang='grc' dir='ltr'>διὰ</span> <span class='ocrx_word' id='word_1_586' title='bbox 615 2239 668 2266; x_wconf 89' lang='grc' dir='ltr'><strong>τῶν</strong></span> <span class='ocrx_word' id='word_1_587' title='bbox 684 2239 772 2274; x_wconf 78' lang='grc' dir='ltr'>ὁψεων</span> <span class='ocrx_word' id='word_1_588' title='bbox 788 2239 927 2276; x_wconf 77' lang='grc' dir='ltr'>μαρτυρίᾳ</span> <span class='ocrx_word' id='word_1_589' title='bbox 949 2239 1001 2275; x_wconf 86' lang='grc' dir='ltr'><strong>μά-</strong></span> 
     </span>
    </p>
   </div>
   <div class='ocr_carea' id='block_1_74' title="bbox 213 2284 1001 2322">
    <p class='ocr_par' dir='ltr' id='par_1_74' title="bbox 213 2284 1001 2322">
     <span class='ocr_line' id='line_1_75' title="bbox 213 2284 1001 2322; baseline 0.004 -13"><span class='ocrx_word' id='word_1_590' title='bbox 213 2292 318 2319; x_wconf 80' lang='grc' dir='ltr'>χονται.</span> <span class='ocrx_word' id='word_1_591' title='bbox 342 2285 460 2319; x_wconf 78' lang='grc' dir='ltr'>Λέγουσι</span> <span class='ocrx_word' id='word_1_592' title='bbox 477 2286 499 2312; x_wconf 81' lang='grc' dir='ltr'>δ’</span> <span class='ocrx_word' id='word_1_593' title='bbox 515 2284 562 2313; x_wconf 79' lang='grc' dir='ltr'>οὖν</span> <span class='ocrx_word' id='word_1_594' title='bbox 577 2287 663 2322; x_wconf 81' lang='grc' dir='ltr'>ὅμως,</span> <span class='ocrx_word' id='word_1_595' title='bbox 688 2287 730 2313; x_wconf 83' lang='grc' dir='ltr'>ὅτι</span> <span class='ocrx_word' id='word_1_596' title='bbox 746 2288 771 2313; x_wconf 80' lang='grc' dir='ltr'><strong>οἰ</strong></span> <span class='ocrx_word' id='word_1_597' title='bbox 796 2287 930 2322; x_wconf 80' lang='grc' dir='ltr'>πλανῆται</span> <span class='ocrx_word' id='word_1_598' title='bbox 955 2286 1001 2312; x_wconf 79' lang='grc' dir='ltr'>τὸν</span> 
     </span>
    </p>
   </div>
   <div class='ocr_carea' id='block_1_75' title="bbox 216 2329 1001 2368">
    <p class='ocr_par' dir='ltr' id='par_1_75' title="bbox 216 2329 1001 2368">
     <span class='ocr_line' id='line_1_76' title="bbox 216 2329 1001 2368; baseline 0.005 -13"><span class='ocrx_word' id='word_1_599' title='bbox 216 2329 268 2366; x_wconf 83' lang='grc' dir='ltr'>μὲν</span> <span class='ocrx_word' id='word_1_600' title='bbox 285 2331 384 2357; x_wconf 72' lang='grc' dir='ltr'>οἰκεῖον</span> <span class='ocrx_word' id='word_1_601' title='bbox 398 2331 498 2367; x_wconf 84' lang='grc' dir='ltr'>δρόμον</span> <span class='ocrx_word' id='word_1_602' title='bbox 520 2332 637 2367; x_wconf 75' lang='grc' dir='ltr'>ἔχουσιν,</span> <span class='ocrx_word' id='word_1_603' title='bbox 655 2332 709 2360; x_wconf 82' lang='grc' dir='ltr'>ἀπὸ</span> <span class='ocrx_word' id='word_1_604' title='bbox 723 2333 834 2368; x_wconf 87' lang='grc' dir='ltr'>δυσμῶν</span> <span class='ocrx_word' id='word_1_605' title='bbox 850 2333 890 2364; x_wconf 78' lang='grc' dir='ltr'>εἰς</span> <span class='ocrx_word' id='word_1_606' title='bbox 903 2333 1001 2359; x_wconf 80' lang='grc' dir='ltr'>ἀνατο-</span> 
     </span>
    </p>
   </div>
   <div class='ocr_carea' id='block_1_76' title="bbox 214 2375 1002 2413">
    <p class='ocr_par' dir='ltr' id='par_1_76' title="bbox 214 2375 1002 2413">
     <span class='ocr_line' id='line_1_77' title="bbox 214 2375 1002 2413; baseline 0.003 -12"><span class='ocrx_word' id='word_1_607' title='bbox 214 2375 282 2407; x_wconf 76' lang='grc' dir='ltr'><strong>λάς·</strong></span> <span class='ocrx_word' id='word_1_608' title='bbox 299 2376 346 2402; x_wconf 79' lang='grc' dir='ltr'>καὶ</span> <span class='ocrx_word' id='word_1_609' title='bbox 362 2376 457 2403; x_wconf 76' lang='grc' dir='ltr'>τοῦτον</span> <span class='ocrx_word' id='word_1_610' title='bbox 474 2378 752 2412; x_wconf 82' lang='grc' dir='ltr'>ὲπείγονταιάνύειν·</span> <span class='ocrx_word' id='word_1_611' title='bbox 768 2377 864 2405; x_wconf 82' lang='grc' dir='ltr'>ὑπὺδὲ</span> <span class='ocrx_word' id='word_1_612' title='bbox 883 2377 934 2413; x_wconf 82' lang='grc' dir='ltr'><strong>τῆς</strong></span> <span class='ocrx_word' id='word_1_613' title='bbox 949 2376 1002 2404; x_wconf 80' lang='grc' dir='ltr'><strong>τῶν</strong></span> 
     </span>
    </p>
   </div>
   <div class='ocr_carea' id='block_1_77' title="bbox 214 2421 1003 2459">
    <p class='ocr_par' dir='ltr' id='par_1_77' title="bbox 214 2421 1003 2459">
     <span class='ocr_line' id='line_1_78' title="bbox 214 2421 1003 2459; baseline 0.003 -12"><span class='ocrx_word' id='word_1_614' title='bbox 214 2421 344 2449; x_wconf 78' lang='grc' dir='ltr'>ἀπλανῶν</span> <span class='ocrx_word' id='word_1_615' title='bbox 365 2422 489 2454; x_wconf 78' lang='grc' dir='ltr'>ἐναντίας</span> <span class='ocrx_word' id='word_1_616' title='bbox 509 2424 556 2450; x_wconf 81' lang='grc' dir='ltr'><strong>καὶ</strong></span> <span class='ocrx_word' id='word_1_617' title='bbox 579 2423 709 2459; x_wconf 78' lang='grc' dir='ltr'>ὀξυτέρας</span> <span class='ocrx_word' id='word_1_618' title='bbox 732 2424 867 2459; x_wconf 82' lang='grc' dir='ltr'>κινήσεως</span> <span class='ocrx_word' id='word_1_619' title='bbox 890 2421 1003 2455; x_wconf 60' lang='grc' dir='ltr'><strong>ἐκνικώ-</strong></span> 
     </span>
    </p>
   </div>
   <div class='ocr_carea' id='block_1_78' title="bbox 217 2466 1000 2503">
    <p class='ocr_par' dir='ltr' id='par_1_78' title="bbox 217 2466 1000 2503">
     <span class='ocr_line' id='line_1_79' title="bbox 217 2466 1000 2503; baseline 0 -10"><span class='ocrx_word' id='word_1_620' title='bbox 217 2475 294 2502; x_wconf 82' lang='grc' dir='ltr'>μενοι</span> <span class='ocrx_word' id='word_1_621' title='bbox 311 2467 350 2499; x_wconf 83' lang='grc' dir='ltr'><strong>εἰς</strong></span> <span class='ocrx_word' id='word_1_622' title='bbox 365 2467 441 2494; x_wconf 79' lang='grc' dir='ltr'>δύσιν</span> <span class='ocrx_word' id='word_1_623' title='bbox 460 2468 598 2503; x_wconf 82' lang='grc' dir='ltr'>φέρονται.</span> <span class='ocrx_word' id='word_1_624' title='bbox 620 2469 674 2496; x_wconf 75' lang='grc' dir='ltr'><strong>Καὶ</strong></span> <span class='ocrx_word' id='word_1_625' title='bbox 691 2468 871 2503; x_wconf 80' lang='grc' dir='ltr'>ὑποδείγματι</span> <span class='ocrx_word' id='word_1_626' title='bbox 886 2466 1000 2501; x_wconf 86' lang='grc' dir='ltr'>τοιούτῳ</span> 
     </span>
    </p>
   </div>
   <div class='ocr_carea' id='block_1_79' title="bbox 1049 1862 1836 1905">
    <p class='ocr_par' dir='ltr' id='par_1_79' title="bbox 1049 1862 1836 1905">
     <span class='ocr_line' id='line_1_80' title="bbox 1049 1862 1836 1905; baseline -0.017 -5"><span class='ocrx_word' id='word_1_627' title='bbox 1049 1873 1131 1900; x_wconf 88' lang='lat' dir='ltr'><strong>etiam</strong></span> <span class='ocrx_word' id='word_1_628' title='bbox 1165 1870 1287 1905; x_wconf 80' lang='lat' dir='ltr'><strong>exempla</strong></span> <span class='ocrx_word' id='word_1_629' title='bbox 1316 1869 1361 1896; x_wconf 85' lang='lat' dir='ltr'><strong>illa</strong></span> <span class='ocrx_word' id='word_1_630' title='bbox 1387 1871 1542 1898; x_wconf 84' lang='lat' dir='ltr'><strong>sumuntur,</strong></span> <span class='ocrx_word' id='word_1_631' title='bbox 1556 1870 1585 1893; x_wconf 93' lang='lat' dir='ltr'><strong>ut</strong></span> <span class='ocrx_word' id='word_1_632' title='bbox 1618 1863 1672 1891; x_wconf 86' lang='lat' dir='ltr'><strong>tale</strong></span> <span class='ocrx_word' id='word_1_633' title='bbox 1695 1862 1836 1897; x_wconf 85' lang='lat' dir='ltr'><strong>quidpiam</strong></span> 
     </span>
    </p>
   </div>
   <div class='ocr_carea' id='block_1_80' title="bbox 1050 1910 1837 1947">
    <p class='ocr_par' dir='ltr' id='par_1_80' title="bbox 1050 1910 1837 1947">
     <span class='ocr_line' id='line_1_81' title="bbox 1050 1910 1837 1947; baseline -0.017 -1"><span class='ocrx_word' id='word_1_634' title='bbox 1050 1919 1157 1946; x_wconf 87' lang='lat' dir='ltr'><strong>dicatur</strong></span> <span class='ocrx_word' id='word_1_635' title='bbox 1175 1927 1182 1945; x_wconf 88' lang='lat'><strong>:</strong></span> <span class='ocrx_word' id='word_1_636' title='bbox 1200 1916 1330 1944; x_wconf 84' lang='lat' dir='ltr'><strong>llomines</strong></span> <span class='ocrx_word' id='word_1_637' title='bbox 1350 1914 1405 1946; x_wconf 88' lang='lat' dir='ltr'><strong>isti,</strong></span> <span class='ocrx_word' id='word_1_638' title='bbox 1419 1914 1452 1941; x_wconf 88' lang='lat' dir='ltr'><strong>de</strong></span> <span class='ocrx_word' id='word_1_639' title='bbox 1479 1911 1578 1947; x_wconf 92' lang='lat' dir='ltr'><strong>quibus</strong></span> <span class='ocrx_word' id='word_1_640' title='bbox 1605 1917 1696 1937; x_wconf 89' lang='lat' dir='ltr'><strong>sermo</strong></span> <span class='ocrx_word' id='word_1_641' title='bbox 1708 1912 1761 1939; x_wconf 86' lang='lat' dir='ltr'><strong>est,</strong></span> <span class='ocrx_word' id='word_1_642' title='bbox 1772 1910 1837 1934; x_wconf 78' lang='lat' dir='ltr'><strong>sunt</strong></span> 
     </span>
    </p>
   </div>
   <div class='ocr_carea' id='block_1_81' title="bbox 1050 1952 1837 1999">
    <p class='ocr_par' dir='ltr' id='par_1_81' title="bbox 1050 1952 1837 1999">
     <span class='ocr_line' id='line_1_82' title="bbox 1050 1952 1837 1999; baseline -0.015 -8"><span class='ocrx_word' id='word_1_643' title='bbox 1050 1964 1126 1999; x_wconf 90' lang='lat' dir='ltr'><strong>quasi</strong></span> <span class='ocrx_word' id='word_1_644' title='bbox 1143 1962 1263 1990; x_wconf 90' lang='lat' dir='ltr'><strong>errantia</strong></span> <span class='ocrx_word' id='word_1_645' title='bbox 1280 1960 1402 1996; x_wconf 70' lang='lat' dir='ltr'><strong>qumdam</strong></span> <span class='ocrx_word' id='word_1_646' title='bbox 1428 1958 1527 1989; x_wconf 83' lang='lat' dir='ltr'><strong>sidera,</strong></span> <span class='ocrx_word' id='word_1_647' title='bbox 1541 1964 1556 1983; x_wconf 90' lang='lat' dir='ltr'><strong>a</strong></span> <span class='ocrx_word' id='word_1_648' title='bbox 1579 1960 1651 1984; x_wconf 86' lang='lat' dir='ltr'><strong>recta</strong></span> <span class='ocrx_word' id='word_1_649' title='bbox 1678 1955 1720 1981; x_wconf 88' lang='lat' dir='ltr'><strong>via</strong></span> <span class='ocrx_word' id='word_1_650' title='bbox 1734 1952 1837 1984; x_wconf 74' lang='lat' dir='ltr'><strong>aversi.</strong></span> 
     </span>
    </p>
   </div>
   <div class='ocr_carea' id='block_1_82' title="bbox 1050 1998 1837 2037">
    <p class='ocr_par' dir='ltr' id='par_1_82' title="bbox 1050 1998 1837 2037">
     <span class='ocr_line' id='line_1_83' title="bbox 1050 1998 1837 2037; baseline -0.015 -2"><span class='ocrx_word' id='word_1_651' title='bbox 1050 2013 1078 2035; x_wconf 93' lang='lat' dir='ltr'><strong>et</strong></span> <span class='ocrx_word' id='word_1_652' title='bbox 1092 2007 1255 2035; x_wconf 76' lang='lat' dir='ltr'><strong>contrariam</strong></span> <span class='ocrx_word' id='word_1_653' title='bbox 1272 2005 1308 2031; x_wconf 92' lang='lat' dir='ltr'><strong>illi</strong></span> <span class='ocrx_word' id='word_1_654' title='bbox 1338 2004 1408 2031; x_wconf 93' lang='lat' dir='ltr'><strong>viam</strong></span> <span class='ocrx_word' id='word_1_655' title='bbox 1424 2002 1560 2037; x_wconf 76' lang='lat' dir='ltr'><strong>ingressi;</strong></span> <span class='ocrx_word' id='word_1_656' title='bbox 1580 1999 1755 2035; x_wconf 81' lang='lat' dir='ltr'><strong>quamobrem</strong></span> <span class='ocrx_word' id='word_1_657' title='bbox 1770 1998 1837 2032; x_wconf 83' lang='lat' dir='ltr'><strong>ipsis</strong></span> 
     </span>
    </p>
   </div>
   <div class='ocr_carea' id='block_1_83' title="bbox 1050 2044 1836 2089">
    <p class='ocr_par' dir='ltr' id='par_1_83' title="bbox 1050 2044 1836 2089">
     <span class='ocr_line' id='line_1_84' title="bbox 1050 2044 1836 2089; baseline -0.015 -8"><span class='ocrx_word' id='word_1_658' title='bbox 1050 2051 1168 2089; x_wconf 85' lang='lat' dir='ltr'><strong>procella</strong></span> <span class='ocrx_word' id='word_1_659' title='bbox 1196 2055 1329 2082; x_wconf 77' lang='lat' dir='ltr'><strong>servatur,</strong></span> <span class='ocrx_word' id='word_1_660' title='bbox 1353 2057 1405 2076; x_wconf 93' lang='lat' dir='ltr'><strong>non</strong></span> <span class='ocrx_word' id='word_1_661' title='bbox 1430 2048 1576 2079; x_wconf 87' lang='lat' dir='ltr'><strong>sideribus,</strong></span> <span class='ocrx_word' id='word_1_662' title='bbox 1594 2046 1640 2073; x_wconf 86' lang='lat' dir='ltr'><strong>sed</strong></span> <span class='ocrx_word' id='word_1_663' title='bbox 1670 2044 1836 2072; x_wconf 83' lang='lat' dir='ltr'><strong>hominibus.</strong></span> 
     </span>
    </p>
   </div>
   <div class='ocr_carea' id='block_1_84' title="bbox 1052 2090 1838 2130">
    <p class='ocr_par' dir='ltr' id='par_1_84' title="bbox 1052 2090 1838 2130">
     <span class='ocr_line' id='line_1_85' title="bbox 1052 2090 1838 2130; baseline -0.014 -4"><span class='ocrx_word' id='word_1_664' title='bbox 1052 2099 1109 2126; x_wconf 79' lang='lat' dir='ltr'><strong>Non</strong></span> <span class='ocrx_word' id='word_1_665' title='bbox 1140 2098 1223 2130; x_wconf 84' lang='lat' dir='ltr'><strong>enim,</strong></span> <span class='ocrx_word' id='word_1_666' title='bbox 1242 2101 1271 2124; x_wconf 91' lang='lat' dir='ltr'><strong>ut</strong></span> <span class='ocrx_word' id='word_1_667' title='bbox 1296 2096 1388 2123; x_wconf 81' lang='lat' dir='ltr'><strong>dicere</strong></span> <span class='ocrx_word' id='word_1_668' title='bbox 1412 2101 1559 2128; x_wconf 73' lang='lat' dir='ltr'><strong>cmperam,</strong></span> <span class='ocrx_word' id='word_1_669' title='bbox 1575 2093 1608 2119; x_wconf 87' lang='lat' dir='ltr'><strong>de</strong></span> <span class='ocrx_word' id='word_1_670' title='bbox 1631 2090 1766 2118; x_wconf 83' lang='lat' dir='ltr'><strong>sideribus</strong></span> <span class='ocrx_word' id='word_1_671' title='bbox 1791 2093 1838 2116; x_wconf 87' lang='lat' dir='ltr'><strong>aut</strong></span> 
     </span>
    </p>
   </div>
   <div class='ocr_carea' id='block_1_85' title="bbox 1052 2133 1838 2172">
    <p class='ocr_par' dir='ltr' id='par_1_85' title="bbox 1052 2133 1838 2172">
     <span class='ocr_line' id='line_1_86' title="bbox 1052 2133 1838 2172; baseline -0.015 -1"><span class='ocrx_word' id='word_1_672' title='bbox 1052 2144 1170 2172; x_wconf 89' lang='lat' dir='ltr'><strong>nubibus</strong></span> <span class='ocrx_word' id='word_1_673' title='bbox 1185 2147 1230 2169; x_wconf 88' lang='lat' dir='ltr'><strong>aut</strong></span> <span class='ocrx_word' id='word_1_674' title='bbox 1242 2141 1367 2169; x_wconf 83' lang='lat' dir='ltr'><strong>ﬂuctibus</strong></span> <span class='ocrx_word' id='word_1_675' title='bbox 1385 2140 1469 2167; x_wconf 88' lang='lat' dir='ltr'><strong>verba</strong></span> <span class='ocrx_word' id='word_1_676' title='bbox 1487 2137 1614 2170; x_wconf 81' lang='lat' dir='ltr'><strong>faciebat,</strong></span> <span class='ocrx_word' id='word_1_677' title='bbox 1630 2136 1678 2163; x_wconf 86' lang='lat' dir='ltr'><strong>sed</strong></span> <span class='ocrx_word' id='word_1_678' title='bbox 1697 2135 1731 2162; x_wconf 88' lang='lat' dir='ltr'><strong>de</strong></span> <span class='ocrx_word' id='word_1_679' title='bbox 1750 2133 1838 2161; x_wconf 85' lang='lat' dir='ltr'><strong>homi-</strong></span> 
     </span>
    </p>
   </div>
   <div class='ocr_carea' id='block_1_86' title="bbox 1053 2180 1840 2223">
    <p class='ocr_par' dir='ltr' id='par_1_86' title="bbox 1053 2180 1840 2223">
     <span class='ocr_line' id='line_1_87' title="bbox 1053 2180 1840 2223; baseline -0.015 -6"><span class='ocrx_word' id='word_1_680' title='bbox 1053 2190 1132 2217; x_wconf 83' lang='lat' dir='ltr'><strong>nibus</strong></span> <span class='ocrx_word' id='word_1_681' title='bbox 1143 2190 1168 2216; x_wconf 93' lang='lat' dir='ltr'><strong>in</strong></span> <span class='ocrx_word' id='word_1_682' title='bbox 1183 2189 1327 2223; x_wconf 83' lang='lat' dir='ltr'><strong>quamdam</strong></span> <span class='ocrx_word' id='word_1_683' title='bbox 1346 2185 1479 2213; x_wconf 81' lang='lat' dir='ltr'><strong>feritatem</strong></span> <span class='ocrx_word' id='word_1_684' title='bbox 1496 2188 1524 2211; x_wconf 73' lang='lat' dir='ltr'><strong>et</strong></span> <span class='ocrx_word' id='word_1_685' title='bbox 1539 2181 1670 2210; x_wconf 87' lang='lat' dir='ltr'><strong>luxuriam</strong></span> <span class='ocrx_word' id='word_1_686' title='bbox 1683 2185 1711 2208; x_wconf 87' lang='lat' dir='ltr'><strong>et</strong></span> <span class='ocrx_word' id='word_1_687' title='bbox 1732 2180 1840 2214; x_wconf 84' lang='lat' dir='ltr'><strong>jactan-</strong></span> 
     </span>
    </p>
   </div>
   <div class='ocr_carea' id='block_1_87' title="bbox 1054 2223 1837 2270">
    <p class='ocr_par' dir='ltr' id='par_1_87' title="bbox 1054 2223 1837 2270">
     <span class='ocr_line' id='line_1_88' title="bbox 1054 2223 1837 2270; baseline -0.015 -8"><span class='ocrx_word' id='word_1_688' title='bbox 1054 2237 1118 2263; x_wconf 89' lang='lat' dir='ltr'><strong>tiam</strong></span> <span class='ocrx_word' id='word_1_689' title='bbox 1134 2234 1278 2270; x_wconf 85' lang='lat' dir='ltr'><strong>prolapsis,</strong></span> <span class='ocrx_word' id='word_1_690' title='bbox 1291 2233 1390 2267; x_wconf 88' lang='lat' dir='ltr'><strong>quique</strong></span> <span class='ocrx_word' id='word_1_691' title='bbox 1401 2238 1449 2258; x_wconf 90' lang='lat' dir='ltr'><strong>sua</strong></span> <span class='ocrx_word' id='word_1_692' title='bbox 1463 2228 1658 2257; x_wconf 90' lang='lat' dir='ltr'><strong>consuetudine</strong></span> <span class='ocrx_word' id='word_1_693' title='bbox 1669 2226 1751 2253; x_wconf 89' lang='lat' dir='ltr'><strong>etiam</strong></span> <span class='ocrx_word' id='word_1_694' title='bbox 1769 2223 1837 2251; x_wconf 83' lang='lat' dir='ltr'><strong>alios</strong></span> 
     </span>
    </p>
   </div>
   <div class='ocr_carea' id='block_1_88' title="bbox 1054 2271 1836 2310">
    <p class='ocr_par' dir='ltr' id='par_1_88' title="bbox 1054 2271 1836 2310">
     <span class='ocr_line' id='line_1_89' title="bbox 1054 2271 1836 2310; baseline -0.018 0"><span class='ocrx_word' id='word_1_695' title='bbox 1054 2289 1144 2310; x_wconf 86' lang='lat' dir='ltr'><strong>secum</strong></span> <span class='ocrx_word' id='word_1_696' title='bbox 1176 2284 1317 2308; x_wconf 86' lang='lat' dir='ltr'><strong>versantes</strong></span> <span class='ocrx_word' id='word_1_697' title='bbox 1341 2279 1530 2310; x_wconf 83' lang='lat' dir='ltr'><strong>corrumpunt.</strong></span> <span class='ocrx_word' id='word_1_698' title='bbox 1554 2273 1617 2301; x_wconf 59' lang='lat' dir='ltr'><strong>Huic</strong></span> <span class='ocrx_word' id='word_1_699' title='bbox 1641 2278 1730 2300; x_wconf 80' lang='lat' dir='ltr'><strong>autent</strong></span> <span class='ocrx_word' id='word_1_700' title='bbox 1747 2271 1784 2299; x_wconf 83' lang='lat' dir='ltr'><strong>ita</strong></span> <span class='ocrx_word' id='word_1_701' title='bbox 1806 2276 1836 2297; x_wconf 88' lang='lat' dir='ltr'><strong>se</strong></span> 
     </span>
    </p>
   </div>
   <div class='ocr_carea' id='block_1_89' title="bbox 1054 2319 1839 2356">
    <p class='ocr_par' dir='ltr' id='par_1_89' title="bbox 1054 2319 1839 2356">
     <span class='ocr_line' id='line_1_90' title="bbox 1054 2319 1839 2356; baseline -0.018 -1"><span class='ocrx_word' id='word_1_702' title='bbox 1054 2327 1155 2356; x_wconf 86' lang='lat' dir='ltr'><strong>habere</strong></span> <span class='ocrx_word' id='word_1_703' title='bbox 1169 2326 1435 2354; x_wconf 82' lang='lat' dir='ltr'><strong>utdemonstremus,</strong></span> <span class='ocrx_word' id='word_1_704' title='bbox 1449 2328 1508 2356; x_wconf 81' lang='lat' dir='ltr'><strong>age,</strong></span> <span class='ocrx_word' id='word_1_705' title='bbox 1522 2320 1545 2347; x_wconf 92' lang='lat' dir='ltr'><strong>si</strong></span> <span class='ocrx_word' id='word_1_706' title='bbox 1554 2319 1672 2350; x_wconf 84' lang='lat' dir='ltr'><strong>videtur,</strong></span> <span class='ocrx_word' id='word_1_707' title='bbox 1688 2322 1839 2344; x_wconf 85' lang='lat' dir='ltr'><strong>sermonem</strong></span> 
     </span>
    </p>
   </div>
   <div class='ocr_carea' id='block_1_90' title="bbox 1047 2361 1840 2403">
    <p class='ocr_par' dir='ltr' id='par_1_90' title="bbox 1047 2361 1840 2403">
     <span class='ocr_line' id='line_1_91' title="bbox 1047 2361 1840 2403; baseline -0.016 -2"><span class='ocrx_word' id='word_1_708' title='bbox 1047 2378 1240 2400; x_wconf 83' lang='lat' dir='ltr'><strong>exerceamus.</strong></span> <span class='ocrx_word' id='word_1_709' title='bbox 1267 2369 1318 2403; x_wconf 85' lang='lat' dir='ltr'><strong>Qui</strong></span> <span class='ocrx_word' id='word_1_710' title='bbox 1350 2368 1432 2403; x_wconf 75' lang='lat' dir='ltr'><strong>igitur</strong></span> <span class='ocrx_word' id='word_1_711' title='bbox 1462 2366 1557 2393; x_wconf 88' lang='lat' dir='ltr'><strong>harum</strong></span> <span class='ocrx_word' id='word_1_712' title='bbox 1581 2371 1671 2391; x_wconf 88' lang='lat' dir='ltr'><strong>rerum</strong></span> <span class='ocrx_word' id='word_1_713' title='bbox 1698 2361 1840 2389; x_wconf 83' lang='lat' dir='ltr'><strong>scientiam</strong></span> 
     </span>
    </p>
   </div>
   <div class='ocr_carea' id='block_1_91' title="bbox 1054 2405 1840 2454">
    <p class='ocr_par' dir='ltr' id='par_1_91' title="bbox 1054 2405 1840 2454">
     <span class='ocr_line' id='line_1_92' title="bbox 1054 2405 1840 2454; baseline -0.02 -8"><span class='ocrx_word' id='word_1_714' title='bbox 1054 2419 1227 2454; x_wconf 83' lang='lat' dir='ltr'><strong>proﬁtentur,</strong></span> <span class='ocrx_word' id='word_1_715' title='bbox 1240 2416 1257 2443; x_wconf 91' lang='lat' dir='ltr'><strong>ii</strong></span> <span class='ocrx_word' id='word_1_716' title='bbox 1275 2421 1363 2449; x_wconf 89' lang='lat' dir='ltr'><strong>neque</strong></span> <span class='ocrx_word' id='word_1_717' title='bbox 1386 2411 1545 2440; x_wconf 86' lang='lat' dir='ltr'><strong>verisimilia</strong></span> <span class='ocrx_word' id='word_1_718' title='bbox 1573 2415 1661 2443; x_wconf 88' lang='lat' dir='ltr'><strong>neque</strong></span> <span class='ocrx_word' id='word_1_719' title='bbox 1689 2405 1840 2442; x_wconf 84' lang='lat' dir='ltr'><strong>probabilia</strong></span> 
     </span>
    </p>
   </div>
   <div class='ocr_carea' id='block_1_92' title="bbox 1055 2451 1843 2498">
    <p class='ocr_par' dir='ltr' id='par_1_92' title="bbox 1055 2451 1843 2498">
     <span class='ocr_line' id='line_1_93' title="bbox 1055 2451 1843 2498; baseline -0.019 -7"><span class='ocrx_word' id='word_1_720' title='bbox 1055 2451 1135 2498; x_wconf 74' lang='lat' dir='ltr'><strong>vulgo</strong></span> <span class='ocrx_word' id='word_1_721' title='bbox 1155 2461 1300 2490; x_wconf 83' lang='lat' dir='ltr'><strong>allirmant.</strong></span> <span class='ocrx_word' id='word_1_722' title='bbox 1323 2459 1446 2494; x_wconf 78' lang='lat' dir='ltr'><strong>Pugnant</strong></span> <span class='ocrx_word' id='word_1_723' title='bbox 1470 2457 1542 2485; x_wconf 87' lang='lat' dir='ltr'><strong>enim</strong></span> <span class='ocrx_word' id='word_1_724' title='bbox 1571 2462 1632 2483; x_wconf 91' lang='lat' dir='ltr'><strong>cum</strong></span> <span class='ocrx_word' id='word_1_725' title='bbox 1656 2451 1802 2482; x_wconf 83' lang='lat' dir='ltr'><strong>evidentia.</strong></span> <span class='ocrx_word' id='word_1_726' title='bbox 1814 2454 1843 2476; x_wconf 90' lang='lat' dir='ltr'><strong>et</strong></span> 
     </span>
    </p>
   </div>
   <div class='ocr_carea' id='block_1_93' title="bbox 216 2495 994 2550">
    <p class='ocr_par' dir='ltr' id='par_1_93' title="bbox 216 2495 994 2550">
     <span class='ocr_line' id='line_1_94' title="bbox 216 2495 994 2550; baseline 0 -12"><span class='ocrx_word' id='word_1_727' title='bbox 216 2512 348 2547; x_wconf 83' lang='grc' dir='ltr'>χρῶνται.</span> <span class='ocrx_word' id='word_1_728' title='bbox 365 2495 472 2548; x_wconf 69' lang='grc' dir='ltr'>’Ὠσπερ</span> <span class='ocrx_word' id='word_1_729' title='bbox 492 2495 689 2549; x_wconf 16' lang='grc' dir='ltr'>τροχοῦγόξέως</span> <span class='ocrx_word' id='word_1_730' title='bbox 702 2495 856 2550; x_wconf 49' lang='grc' dir='ltr'>φερομένου</span> <span class='ocrx_word' id='word_1_731' title='bbox 867 2534 874 2545; x_wconf 86' lang='grc'><strong>,</strong></span> <span class='ocrx_word' id='word_1_732' title='bbox 891 2495 994 2548; x_wconf 67' lang='grc' dir='ltr'>μύρμηί</span> 
     </span>
    </p>
   </div>
   <div class='ocr_carea' id='block_1_94' title="bbox 1046 2495 1839 2550">
    <p class='ocr_par' dir='ltr' id='par_1_94' title="bbox 1056 2495 1839 2550">
     <span class='ocr_line' id='line_1_95' title="bbox 1056 2495 1839 2536; baseline -0.022 0"><span class='ocrx_word' id='word_1_733' title='bbox 1056 2509 1131 2536; x_wconf 83' lang='lat' dir='ltr'><strong>visus</strong></span> <span class='ocrx_word' id='word_1_734' title='bbox 1146 2506 1301 2535; x_wconf 89' lang='lat' dir='ltr'><strong>testimonio</strong></span> <span class='ocrx_word' id='word_1_735' title='bbox 1321 2499 1718 2532; x_wconf 82' lang='lat' dir='ltr'><strong>adversantur.Verumtamen</strong></span> <span class='ocrx_word' id='word_1_736' title='bbox 1743 2495 1839 2522; x_wconf 90' lang='lat' dir='ltr'><strong>aiunt:</strong></span> 
     </span>
     <span class='ocr_line' id='line_1_96' title="bbox 1678 2539 1839 2550; baseline -0.031 0"><span class='ocrx_word' id='word_1_737' title='bbox 1741 2547 1780 2550; x_wconf 33' lang='lat' dir='ltr'><strong>WA</strong></span> <span class='ocrx_word' id='word_1_738' title='bbox 1809 2539 1839 2550; x_wconf 56' lang='lat'><strong>-._</strong></span> 
     </span>
    </p>
   </div>
   <div class='ocr_carea' id='block_1_95' title="bbox 217 2557 1005 2596">
    <p class='ocr_par' dir='ltr' id='par_1_95' title="bbox 217 2557 1005 2596">
     <span class='ocr_line' id='line_1_97' title="bbox 217 2557 1005 2596; baseline 0.004 -12"><span class='ocrx_word' id='word_1_739' title='bbox 217 2557 268 2594; x_wconf 78' lang='grc' dir='ltr'>τὴν</span> <span class='ocrx_word' id='word_1_740' title='bbox 285 2558 410 2586; x_wconf 77' lang='grc' dir='ltr'>ἐναντίαν</span> <span class='ocrx_word' id='word_1_741' title='bbox 425 2559 500 2595; x_wconf 76' lang='grc' dir='ltr'><strong>αὑτῴ</strong></span> <span class='ocrx_word' id='word_1_742' title='bbox 512 2559 620 2596; x_wconf 84' lang='grc' dir='ltr'>κίνησιν</span> <span class='ocrx_word' id='word_1_743' title='bbox 638 2559 809 2596; x_wconf 82' lang='grc' dir='ltr'>πορευομένη</span> <span class='ocrx_word' id='word_1_744' title='bbox 824 2559 900 2586; x_wconf 75' lang='grc' dir='ltr'>οὐδὲν</span> <span class='ocrx_word' id='word_1_745' title='bbox 912 2558 1005 2587; x_wconf 61' lang='lat' dir='ltr'><strong>roseti-</strong></span> 
     </span>
    </p>
   </div>
   <div class='ocr_carea' id='block_1_96' title="bbox 252 2645 418 2674">
    <p class='ocr_par' dir='ltr' id='par_1_96' title="bbox 252 2645 418 2674">
     <span class='ocr_line' id='line_1_98' title="bbox 252 2645 418 2674; baseline 0 -1"><span class='ocrx_word' id='word_1_746' title='bbox 252 2646 274 2662; x_wconf 86' lang='lat'>“</span> <span class='ocrx_word' id='word_1_747' title='bbox 291 2645 352 2674; x_wconf 72' lang='lat' dir='ltr'><strong>Iud.</strong></span> <span class='ocrx_word' id='word_1_748' title='bbox 375 2647 418 2674; x_wconf 77' lang='lat' dir='ltr'><strong>l5.</strong></span> 
     </span>
    </p>
   </div>
   <div class='ocr_carea' id='block_1_97' title="bbox 1057 2539 1849 2589">
    <p class='ocr_par' dir='ltr' id='par_1_97' title="bbox 1057 2539 1849 2589">
     <span class='ocr_line' id='line_1_99' title="bbox 1057 2539 1849 2589; baseline -0.023 -5"><span class='ocrx_word' id='word_1_749' title='bbox 1057 2555 1183 2583; x_wconf 82' lang='lat' dir='ltr'><strong>Planetas</strong></span> <span class='ocrx_word' id='word_1_750' title='bbox 1213 2553 1354 2589; x_wconf 87' lang='lat' dir='ltr'><strong>proprium</strong></span> <span class='ocrx_word' id='word_1_751' title='bbox 1381 2550 1490 2586; x_wconf 87' lang='lat' dir='ltr'><strong>quidem</strong></span> <span class='ocrx_word' id='word_1_752' title='bbox 1522 2552 1632 2575; x_wconf 86' lang='lat' dir='ltr'><strong>cursum</strong></span> <span class='ocrx_word' id='word_1_753' title='bbox 1660 2539 1849 2573; x_wconf 64' lang='lat' dir='ltr'><strong>obtinere,alz</strong></span> 
     </span>
    </p>
   </div>
   <div class='ocr_carea' id='block_1_98' title="bbox 742 2708 1264 2742">
    <p class='ocr_par' dir='ltr' id='par_1_98' title="bbox 742 2708 1264 2742">
     <span class='ocr_line' id='line_1_100' title="bbox 742 2708 1264 2742; baseline -0.013 0"><span class='ocrx_word' id='word_1_754' title='bbox 742 2713 858 2742; x_wconf 63' lang='grc' dir='ltr'>γΑιιιιΕ</span> <span class='ocrx_word' id='word_1_755' title='bbox 876 2710 1066 2741; x_wconf 79' lang='lat' dir='ltr'><strong>LECTIONES</strong></span> <span class='ocrx_word' id='word_1_756' title='bbox 1085 2710 1129 2737; x_wconf 86' lang='lat' dir='ltr'><strong>ET</strong></span> <span class='ocrx_word' id='word_1_757' title='bbox 1148 2708 1264 2737; x_wconf 64' lang='lat' dir='ltr'><strong>NOTAE.</strong></span> 
     </span>
    </p>
   </div>
   <div class='ocr_carea' id='block_1_99' title="bbox 259 2790 1003 2833">
    <p class='ocr_par' dir='ltr' id='par_1_99' title="bbox 259 2790 1003 2833">
     <span class='ocr_line' id='line_1_101' title="bbox 259 2790 1003 2833; baseline -0.004 -13"><span class='ocrx_word' id='word_1_758' title='bbox 259 2793 316 2833; x_wconf 65' lang='grc'><strong>(78)</strong></span> <span class='ocrx_word' id='word_1_759' title='bbox 332 2792 407 2833; x_wconf 51' lang='grc' dir='ltr'><strong>Ιίξειιλ</strong></span> <span class='ocrx_word' id='word_1_760' title='bbox 421 2791 494 2824; x_wconf 85' lang='lat' dir='ltr'><strong>cod.,</strong></span> <span class='ocrx_word' id='word_1_761' title='bbox 509 2792 566 2818; x_wconf 79' lang='grc' dir='ltr'>ἀλλ’</span> <span class='ocrx_word' id='word_1_762' title='bbox 581 2792 622 2819; x_wconf 79' lang='grc' dir='ltr'><strong>οὺ.</strong></span> <span class='ocrx_word' id='word_1_763' title='bbox 644 2791 719 2819; x_wconf 85' lang='lat' dir='ltr'><strong>Vers.</strong></span> <span class='ocrx_word' id='word_1_764' title='bbox 740 2797 799 2825; x_wconf 89' lang='lat' dir='ltr'><strong>post</strong></span> <span class='ocrx_word' id='word_1_765' title='bbox 821 2792 839 2818; x_wconf 73' lang='lat'><strong>5</strong></span> <span class='ocrx_word' id='word_1_766' title='bbox 858 2796 920 2818; x_wconf 89' lang='lat' dir='ltr'><strong>ante</strong></span> <span class='ocrx_word' id='word_1_767' title='bbox 934 2790 1003 2818; x_wconf 80' lang='grc' dir='ltr'>κατά</span> 
     </span>
    </p>
   </div>
   <div class='ocr_carea' id='block_1_100' title="bbox 222 2828 494 2855">
    <p class='ocr_par' dir='ltr' id='par_1_100' title="bbox 222 2828 494 2855">
     <span class='ocr_line' id='line_1_102' title="bbox 222 2828 494 2855; baseline -0.011 0"><span class='ocrx_word' id='word_1_768' title='bbox 222 2829 324 2855; x_wconf 87' lang='lat' dir='ltr'><strong>omittit</strong></span> <span class='ocrx_word' id='word_1_769' title='bbox 337 2829 372 2854; x_wconf 88' lang='lat' dir='ltr'><strong>ot.</strong></span> <span class='ocrx_word' id='word_1_770' title='bbox 389 2828 494 2854; x_wconf 77' lang='lat' dir='ltr'><strong>Possm.</strong></span> 
     </span>
    </p>
   </div>
   <div class='ocr_carea' id='block_1_101' title="bbox 258 2860 1005 2898">
    <p class='ocr_par' dir='ltr' id='par_1_101' title="bbox 258 2860 1005 2898">
     <span class='ocr_line' id='line_1_103' title="bbox 258 2860 1005 2898; baseline -0.004 -8"><span class='ocrx_word' id='word_1_771' title='bbox 258 2863 314 2898; x_wconf 82' lang='lat'><strong>(79)</strong></span> <span class='ocrx_word' id='word_1_772' title='bbox 331 2863 383 2890; x_wconf 84' lang='lat' dir='ltr'><strong>Pro</strong></span> <span class='ocrx_word' id='word_1_773' title='bbox 404 2862 471 2898; x_wconf 78' lang='grc' dir='ltr'>αὐτῇ</span> <span class='ocrx_word' id='word_1_774' title='bbox 490 2861 572 2898; x_wconf 71' lang='lat' dir='ltr'><strong>idem</strong></span> <span class='ocrx_word' id='word_1_775' title='bbox 585 2861 657 2898; x_wconf 68' lang='lat' dir='ltr'><strong>cod,</strong></span> <span class='ocrx_word' id='word_1_776' title='bbox 672 2862 767 2897; x_wconf 77' lang='grc' dir='ltr'>ἀρετῇ.</span> <span class='ocrx_word' id='word_1_777' title='bbox 779 2860 865 2898; x_wconf 47' lang='lat' dir='ltr'><strong>fers.</strong></span> <span class='ocrx_word' id='word_1_778' title='bbox 883 2868 940 2898; x_wconf 73' lang='lat' dir='ltr'><strong>seq.</strong></span> <span class='ocrx_word' id='word_1_779' title='bbox 956 2867 1005 2898; x_wconf 57' lang='lat' dir='ltr'><strong>pro</strong></span> 
     </span>
    </p>
   </div>
   <div class='ocr_carea' id='block_1_102' title="bbox 223 2895 1004 2933">
    <p class='ocr_par' dir='ltr' id='par_1_102' title="bbox 223 2895 1004 2933">
     <span class='ocr_line' id='line_1_104' title="bbox 223 2895 1004 2933; baseline -0.004 -9"><span class='ocrx_word' id='word_1_780' title='bbox 223 2895 284 2933; x_wconf 62' lang='grc' dir='ltr'>οὐίι</span> <span class='ocrx_word' id='word_1_781' title='bbox 300 2895 356 2930; x_wconf 78' lang='grc' dir='ltr'>τοῖς</span> <span class='ocrx_word' id='word_1_782' title='bbox 380 2895 476 2925; x_wconf 83' lang='lat' dir='ltr'><strong>scribit</strong></span> <span class='ocrx_word' id='word_1_783' title='bbox 495 2896 544 2931; x_wconf 75' lang='grc' dir='ltr'><strong>οὐχ</strong></span> <span class='ocrx_word' id='word_1_784' title='bbox 558 2895 595 2927; x_wconf 82' lang='grc' dir='ltr'>ὡς</span> <span class='ocrx_word' id='word_1_785' title='bbox 614 2895 697 2930; x_wconf 55' lang='lat' dir='ltr'><strong>dis-cp;</strong></span> <span class='ocrx_word' id='word_1_786' title='bbox 712 2895 762 2923; x_wconf 48' lang='lat' dir='ltr'><strong>etc&quot;.</strong></span> <span class='ocrx_word' id='word_1_787' title='bbox 779 2895 857 2923; x_wconf 75' lang='lat' dir='ltr'><strong>Yers.</strong></span> <span class='ocrx_word' id='word_1_788' title='bbox 882 2896 892 2922; x_wconf 83' lang='grc' dir='ltr'><strong>ι</strong></span> <span class='ocrx_word' id='word_1_789' title='bbox 915 2896 955 2923; x_wconf 89' lang='lat' dir='ltr'><strong>lit.</strong></span> <span class='ocrx_word' id='word_1_790' title='bbox 973 2895 1004 2921; x_wconf 79' lang='grc' dir='ltr'><strong>Ε.</strong></span> 
     </span>
    </p>
   </div>
   <div class='ocr_carea' id='block_1_103' title="bbox 1057 2774 1852 2836">
    <p class='ocr_par' dir='ltr' id='par_1_103' title="bbox 1057 2774 1852 2836">
     <span class='ocr_line' id='line_1_105' title="bbox 1057 2774 1852 2823; baseline -0.021 -7"><span class='ocrx_word' id='word_1_791' title='bbox 1057 2796 1107 2823; x_wconf 84' lang='lat' dir='ltr'><strong>pro</strong></span> <span class='ocrx_word' id='word_1_792' title='bbox 1125 2787 1218 2821; x_wconf 77' lang='grc' dir='ltr'>ὥσπερ</span> <span class='ocrx_word' id='word_1_793' title='bbox 1242 2784 1337 2813; x_wconf 89' lang='lat' dir='ltr'><strong>scribit</strong></span> <span class='ocrx_word' id='word_1_794' title='bbox 1351 2783 1403 2814; x_wconf 77' lang='grc' dir='ltr'>ὅτι,</span> <span class='ocrx_word' id='word_1_795' title='bbox 1427 2785 1453 2808; x_wconf 89' lang='lat' dir='ltr'><strong>et</strong></span> <span class='ocrx_word' id='word_1_796' title='bbox 1474 2785 1536 2806; x_wconf 82' lang='lat' dir='ltr'><strong>mox</strong></span> <span class='ocrx_word' id='word_1_797' title='bbox 1556 2783 1605 2812; x_wconf 89' lang='lat' dir='ltr'><strong>pro</strong></span> <span class='ocrx_word' id='word_1_798' title='bbox 1623 2775 1777 2811; x_wconf 77' lang='grc' dir='ltr'>φερομένου</span> <span class='ocrx_word' id='word_1_799' title='bbox 1794 2774 1852 2801; x_wconf 64' lang='grc' dir='ltr'><strong>1η..</strong></span> 
     </span>
     <span class='ocr_line' id='line_1_106' title="bbox 1059 2809 1851 2836; baseline -0.003 0"><span class='ocrx_word' id='word_1_800' title='bbox 1059 2825 1103 2836; x_wconf 61' lang='grc' dir='ltr'><strong>ιη.</strong></span> <span class='ocrx_word' id='word_1_801' title='bbox 1319 2817 1387 2836; x_wconf 71' lang='grc' dir='ltr'>νην-ε</span> <span class='ocrx_word' id='word_1_802' title='bbox 1428 2815 1454 2836; x_wconf 67' lang='lat'><strong>9,</strong></span> <span class='ocrx_word' id='word_1_803' title='bbox 1484 2820 1532 2836; x_wconf 88' lang='lat' dir='ltr'><strong>nm</strong></span> <span class='ocrx_word' id='word_1_804' title='bbox 1558 2810 1730 2836; x_wconf 72' lang='grc' dir='ltr'>πορευομένη</span> <span class='ocrx_word' id='word_1_805' title='bbox 1763 2809 1851 2836; x_wconf 74' lang='lat' dir='ltr'><strong>habet:</strong></span> 
     </span>
    </p>
   </div>
   <div class='ocr_carea' id='block_1_104' title="bbox 1059 2809 1851 2892">
    <p class='ocr_par' dir='ltr' id='par_1_104' title="bbox 1059 2809 1851 2892">
     <span class='ocr_line' id='line_1_107' title="bbox 1059 2809 1851 2870; baseline -0.018 -20"><span class='ocrx_word' id='word_1_806' title='bbox 1126 2809 1310 2855; x_wconf 53' lang='grc' dir='ltr'><strong>ἔιᾩὶὶῐιῖιέῧᾶῖ</strong></span> <span class='ocrx_word' id='word_1_807' title='bbox 1319 2809 1402 2844; x_wconf 54' lang='grc' dir='ltr'>νοτε]</span> <span class='ocrx_word' id='word_1_808' title='bbox 1428 2815 1456 2842; x_wconf 73' lang='lat'><strong>&#39;2.</strong></span> <span class='ocrx_word' id='word_1_809' title='bbox 1484 2820 1532 2848; x_wconf 89' lang='lat' dir='ltr'><strong>pro</strong></span> <span class='ocrx_word' id='word_1_810' title='bbox 1556 2809 1738 2870; x_wconf 45' lang='lat' dir='ltr'><strong>hopequvq‘</strong></span> <span class='ocrx_word' id='word_1_811' title='bbox 1763 2809 1851 2836; x_wconf 72' lang='lat' dir='ltr'><strong>habet:</strong></span> 
     </span>
     <span class='ocr_line' id='line_1_108' title="bbox 1059 2843 1843 2892; baseline -0.022 -7"><span class='ocrx_word' id='word_1_812' title='bbox 1059 2857 1251 2892; x_wconf 71' lang='grc' dir='ltr'>πορευόμενος.</span> <span class='ocrx_word' id='word_1_813' title='bbox 1272 2854 1348 2881; x_wconf 80' lang='lat' dir='ltr'><strong>Vers.</strong></span> <span class='ocrx_word' id='word_1_814' title='bbox 1371 2849 1682 2892; x_wconf 38' lang='lat' dir='ltr'><strong>6.5)tsYinﬁlHllt‘ljlf-Jltt</strong></span> <span class='ocrx_word' id='word_1_815' title='bbox 1703 2843 1843 2892; x_wconf 44' lang='lat' dir='ltr'><strong>sim-etv.</strong></span> 
     </span>
    </p>
   </div>
   <div class='ocr_carea' id='block_1_105' title="bbox 1060 2879 1808 2923">
    <p class='ocr_par' dir='ltr' id='par_1_105' title="bbox 1060 2879 1808 2923">
     <span class='ocr_line' id='line_1_109' title="bbox 1060 2879 1808 2923; baseline -0.021 -3"><span class='ocrx_word' id='word_1_816' title='bbox 1060 2879 1251 2920; x_wconf 58' lang='grc' dir='ltr'><strong>ἑὸἵιὶῐιὶτέὲἓζ</strong></span> <span class='ocrx_word' id='word_1_817' title='bbox 1266 2879 1326 2923; x_wconf 75' lang='lat' dir='ltr'><strong>post</strong></span> <span class='ocrx_word' id='word_1_818' title='bbox 1342 2885 1405 2913; x_wconf 74' lang='grc' dir='ltr'>ποτὲ</span> <span class='ocrx_word' id='word_1_819' title='bbox 1423 2879 1561 2920; x_wconf 60' lang='grc' dir='ltr'><strong>μὶ-Ϊὶιόςιίι</strong></span> <span class='ocrx_word' id='word_1_820' title='bbox 1576 2879 1684 2912; x_wconf 77' lang='grc' dir='ltr'>αὐτούς.</span> <span class='ocrx_word' id='word_1_821' title='bbox 1703 2879 1808 2906; x_wconf 78' lang='lat' dir='ltr'><strong>Possm.</strong></span> 
     </span>
    </p>
   </div>
  </div>
