2040 3161
172 203 240 236 1113

610 203 877 234 EPISTOLARUM
896 205 969 235 LIB.
982 205 1031 236 IV.
1049 216 1083 224 -
1102 205 1222 237 EPIST.
1243 206 1350 238 LVIII.

1730 203 1797 236 11H

170 268 220 296 την
236 257 307 287 εἶναι
334 259 486 295 ἡγούμενος
503 259 512 295 (
527 268 536 285 ί
562 258 716 293 Μειζότερα
741 259 796 295 (85)
813 259 867 295 γάρ
891 268 938 286 σου
951 281 959 293 ,

1012 260 1169 294 ostendens,
1185 261 1211 288 in
1232 266 1304 289 terra
1328 260 1437 296 quidem
1464 259 1684 296 transgressione
1709 260 1802 287 homi-

171 307 250 341 φησὶ,
269 305 307 341 μὴ
321 305 411 341 ζήτει·
428 306 476 332 καὶ
492 305 656 340 ζσχυρότερά
673 314 720 331 σου
730 305 775 340 ’μὴ
788 305 902 338 ἐξέταζε
916 313 923 321 ·
941 305 960 332 ἃ

175 352 336 388 προσετᾶγη
364 360 427 384 σοι,
448 351 535 378 ταῦτα
555 351 661 378 διανοοῦ
674 359 680 365 ·
708 351 739 378 οὐ
760 353 814 387 γάρ
840 351 898 378 ἐστι
919 360 960 379 σοι

171 398 253 435 χρεία
277 397 332 424 τῶν
355 397 584 433 κρυπτῶν),οὒκ
601 397 760 432 ἐγκριναιμι
784 396 882 431 τοῦτο,
903 397 960 424 οὔτ’

170 443 390 479 ἁποψηφίσαιμι·
416 444 504 469 ἐκεῖνο
524 442 667 477 δὲμᾶλλον
684 444 807 478 εἴποιμι,
831 444 872 470 ὅτι
896 444 960 479 περὶ

169 490 274 523 ἀλόγων
292 489 339 515 καὶ
358 488 530 523 ἀναισθήτων
555 488 643 522 τούτῳ
658 488 697 522 τῷ
717 488 833 523 ὀνόματι
852 488 957 524 κέχρη-

170 545 214 562 ται
231 536 247 570 ἠ
267 535 373 570 Γραφὴ,
399 535 532 568 λέγουσα·
551 543 560 560 ι
590 534 758 561 Ἐνετείλατο
776 534 877 569 Κύριος
893 534 961 561 καύ-

171 591 249 610 σωνι·
270 591 279 608 ι
297 582 360 608 καί·
381 591 390 607 ι
413 581 580 608 Ἐνετείλατο
593 580 697 614 Κύριος
711 581 854 614 νεφέλαις·
875 590 884 607 ι
900 581 958 607 καί·

174 639 182 654 ι
205 627 375 655 Ἐνετείλατο
396 627 499 662 Κύριος
517 626 648 661 σκώληκι.
672 636 681 652 ›
704 627 766 652 Εἴτε
790 624 837 653 οὖν
863 627 960 661 λογικά

170 675 228 700 ἐστι
245 673 311 706 ζῶα,
330 673 367 703 ὥς
381 672 446 708 φασί
461 681 544 704 τινες,
560 672 614 698 εἴτε
631 671 739 707 πύρινοι
759 674 884 707 σφαῖραι,
906 672 960 699 εἴτε

169 718 306 752 δισκοειδῆ
319 718 444 752 σώματα,
457 719 489 744 ὲκ
502 718 548 744 τοῦ
562 717 685 752 αἰθερίου
702 717 787 752 πυρὸς
798 717 958 751 ὲξαφοέντα,

171 764 226 792 εἴτε
243 764 421 799 σφαιροειδεῖς
445 764 531 799 πυρὸς
551 763 666 798 πτήσεις
689 763 744 798 (86)
757 783 764 795 ,
788 763 844 789 εἴτε
863 763 960 798 μυδροὶ

173 812 260 846 (τινὲς
279 810 333 846 γὰρ
351 810 405 836 τῶν
420 810 574 844 φιλοσόφων
589 809 660 836 τοῦτ’
671 808 887 844 ’ἐδογμάτισαν),
904 808 960 835 εἴτε

173 858 299 893 χρήματα
311 856 424 883 δεκτικὰ
437 855 483 882 τοῦ
494 856 576 882 ὰῢλου
591 856 638 882 καὶ
649 855 836 891 ὑπερκοσμίου
850 855 939 889 φωτὸς
950 875 957 888 ,

173 904 204 930 οὑ
221 903 321 938 σφόδρα
336 901 532 937 ἰσχυρισαίμην
543 910 549 917 ·
563 902 638 928 οὐδὲν
652 902 706 937 γὰρ
721 900 799 928 τοῦτο
814 901 883 936 πρὸς
895 902 958 937 ἀρί-

173 935 249 984 στηνγ
261 935 407 975 πολιτείαν.
421 935 569 974 συντείνειν
588 935 726 983 ἡγοῦμαι·
744 947 802 974 ἀλλ’
818 935 905 974 ὲιιεῖνο
917 935 958 973 ἐῐ-
974 935 995 962 Β

171 1003 252 1030 ποιμι
264 1015 271 1026 ,
287 995 329 1021 ὃτι
342 995 372 1021 οὐ
389 994 469 1029 μόνον
482 994 546 1029 περὶ
558 994 606 1028 τῆς
619 994 718 1028 ψυχῆς,
732 994 796 1020 ὅταν
808 993 958 1030 ἐκτραπείη

168 1041 218 1076 τῆς
235 1041 336 1075 ἀρετῆς
348 1059 356 1071 ,
373 1040 442 1067 ἀλλὰ
467 1040 512 1066 καὶ
533 1040 580 1065 ἐπὶ
599 1039 646 1065 τοῦ
665 1039 802 1074 σώματος,
817 1040 882 1065 ὅταν
899 1039 959 1066 δια-

171 1086 260 1121 μάρτῃ
271 1086 320 1120 τῆς
332 1085 517 1120 προκειμένης
534 1084 604 1117 ὀδοῦ,
620 1084 651 1110 τὺ
667 1085 717 1118 τῆς
733 1085 892 1120 πλανήσεως
903 1085 958 1120 (87)

167 1132 253 1166 ὄνομα
265 1133 355 1158 κεῖται
369 1131 397 1157 ἐν
413 1132 473 1162 ταῖς
485 1131 619 1166 Γραψαῖς.
639 1140 648 1156 ‹
666 1128 726 1157 Εἷδε
743 1130 806 1165 γὰρ,
823 1131 900 1165 φησὶ,
914 1131 960 1158 τὸν

174 1177 274 1212 Ἰωσὴφ
297 1177 443 1213 ἄνθρωπος
473 1176 651 1212 πλανώμενον
674 1177 703 1202 ἐν
720 1178 753 1212 τῇ
776 1176 829 1211 ὁδῷ
850 1176 924 1212 (88)·
947 1187 956 1203 ι

168 1225 215 1251 καὶ
245 1224 342 1250 πάλιν·
365 1234 374 1249 ι
400 1224 566 1259 Ἐπλάνησεν
594 1223 693 1255 αὐτοὺς
722 1223 751 1250 ἐν
772 1223 885 1258 ἁΰάτῳ,
911 1223 959 1250 καὶ

167 1270 216 1304 οὐχ
231 1269 294 1304 ὁδῷ.
303 1279 311 1295 ι
328 1269 410 1296 Οὐδὲν
423 1267 470 1295 οὖν
480 1269 650 1304 θαυμαστὸν,
664 1269 688 1295 εἰ
704 1269 752 1295 καὶ
764 1268 812 1303 τὴν
824 1269 878 1294 τῶν
889 1269 960 1296 ἑπτὰ

168 1315 292 1350 ἀστέρων
313 1314 370 1341 ἄνω
386 1315 433 1341 καὶ
451 1315 525 1341 κάτω
540 1315 759 1350 περιτρεχόντων
780 1314 909 1350 ἀρκτῴαν
929 1323 959 1342 τε

170 1361 218 1386 καὶ
233 1360 320 1387 νότιον
341 1360 530 1395 περιπόλησιν,
546 1360 680 1395 πλάνησίν
694 1369 766 1391 τινες
781 1361 958 1395 κεκλήκασιν,

168 1406 206 1437 ὡς
224 1406 293 1440 πρὸς
311 1406 362 1441 τὴν
375 1405 430 1432 τῶν
446 1406 576 1433 ἀπλανῶν
593 1406 658 1441 μίαν
676 1406 723 1432 καὶ
734 1406 784 1440 τὴν
798 1406 883 1441 αὐτὴν
900 1407 959 1433 ὁδὸν

167 1451 363 1487 περιθεόντων.
381 1452 412 1478 Εἰ
422 1451 512 1478 τοίνυν
526 1451 653 1486 ἐμμελῶς
666 1452 714 1478 καὶ
727 1451 897 1486 ὲναρμονίως
910 1460 959 1478 πε-

170 1496 325 1531 ριπολοῦσι,
341 1497 415 1528 τινος
431 1497 524 1523 ἕνεκεν
539 1497 641 1523 διδόασι
655 1497 731 1529 δίκας
745 1506 753 1528 ;
771 1497 803 1522 El
823 1497 872 1532 μὲν
892 1497 958 1532 γὰρ,

166 1541 234 1577 ὗπερ
249 1542 309 1568 οὐδὲ
323 1542 410 1568 εἰπεῖν
424 1541 514 1576 θέμις,
536 1542 687 1577 ἀγενήτους
702 1541 749 1568 καὶ
761 1542 853 1573 αἰτίας
869 1541 960 1577 κρείτ-

168 1595 232 1618 τους
247 1585 317 1614 εἶναι
338 1588 415 1621 φαῖεν
429 1587 570 1622 Ἕλληνες,
588 1588 705 1622 μάλιστα
723 1587 771 1622 μὲν
792 1588 824 1613 ἐκ
838 1588 886 1621 τῆς
906 1589 955 1622 ἐμ-

169 1632 278 1666 μελείας
295 1633 384 1659 αὐτῶν
403 1633 511 1668 καὶτῆς
529 1633 656 1666 εὐταξίας
676 1633 895 1668 ἐλεγχθήσονται.
925 1633 958 1660 Ἦ

167 1678 223 1713 γὰρ
245 1677 321 1710 τάξις
347 1679 398 1714 τὸν,
414 1679 562 1714 ταξίαρχον
579 1679 720 1714 κηρύττει.
752 1679 783 1705 Εἰ
807 1679 828 1704 δ’
847 1679 877 1705 οὺ
898 1679 959 1705 πεί-

168 1724 274 1756 θονται,
299 1725 473 1752 ἁκουὲτωσαν
491 1726 539 1760 μὲν
553 1725 695 1756 Πλάτωνος
711 1724 835 1758 λέγοντος
845 1731 853 1740 '

1013 314 1076 333 ntun
1108 306 1142 334 ad
1170 307 1340 341 iniquitatem
1372 307 1556 335 deficientium
1587 307 1718 334 violatum
1742 314 1804 334 esse

1011 353 1132 381 divinum
1146 357 1319 387 praeceptum.
1329 353 1355 380 in
1370 353 1439 381 caelo
1451 359 1540 380 autem
1550 359 1697 386 servatum,
1710 354 1777 380 dixit
1793 362 1800 380 :

1015 408 1025 425 ‹
1042 399 1070 425 1η
1089 403 1231 430 :etemum,
1247 398 1369 432 Domine,
1386 399 1497 426 verbum
1527 405 1600 427 tuum
1615 405 1757 435 permanet
1775 401 1801 427 in

1011 445 1082 472 ccelo
1094 444 1127 470 ".
1147 453 1157 470 ι
1173 444 1248 477 Quod
1262 444 1284 471 si
1301 446 1345 478 qui
1361 450 1433 477 sunt,
1455 447 1500 479 qui
1516 447 1550 472 ob
1572 447 1598 473 id
1623 447 1684 480 quia
1699 447 1800 473 dictum

1011 495 1062 523 est,
1076 500 1085 516 ε
1098 491 1192 518 Stellis
1212 490 1338 525 prrecepi,
1353 500 1361 515 ι
1383 491 1510 517 animalia
1527 493 1631 518 ratione
1647 493 1756 525 prredita
1774 497 1802 520 et

1010 535 1095 563 libera
1125 536 1263 563 voluntate
1288 536 1393 563 utentia
1421 543 1481 574 esse
1511 536 1600 563 sidera
1628 538 1802 565 deﬁuiverint

1011 582 1089 616 (novi
1106 583 1176 608 enim
1194 581 1325 616 quosdam
1342 589 1395 608 non
1410 581 1496 608 solum
1516 583 1588 608 inter
1599 590 1646 609 eos
1662 584 1707 616 qui
1721 592 1734 609 a
1750 583 1801 610 lide

1011 627 1090 653 alieni
1105 631 1178 659 sunt,
1195 628 1240 654 sed
1255 628 1335 654 etiam
1348 635 1380 654 ex
1396 635 1489 654 eorum
1516 635 1639 658 numero,
1654 629 1698 661 qui
1723 629 1801 654 Iidem

1011 672 1111 699 Christi
1136 677 1200 699 sunt
1232 672 1363 706 amplexi,
1392 674 1437 707 qui
1468 673 1494 699 id
1525 674 1688 707 statuerint)
1708 683 1714 700 :
1734 674 1804 700 hanc

1010 719 1188 752 qumstionem
1204 727 1251 753 pro
1265 726 1471 753 supervacanea
1491 724 1572 754 atque
1600 720 1686 746 inutili
1703 720 1803 747 habens

1011 763 1042 797 (ι
1060 764 1163 791 Altiora
1182 765 1254 792 enim
1273 769 1298 791 te
1323 772 1356 791 ne
1378 765 1530 798 quasieris,
1550 769 1577 792 et
1603 765 1715 792 fortiora
1733 770 1758 792 te
1769 773 1804 792 ne

1009 813 1147 837 scrutatus
1178 810 1278 843 fueris;
1294 811 1341 838 sed
1360 818 1420 845 quee
1446 812 1576 845 praecepit
1591 811 1637 838 tibi
1660 811 1741 844 Deus,
1757 811 1802 838 illa

1010 853 1099 888 cogita
1127 861 1233 888 semper
1249 864 1256 888 ;
1272 863 1324 882 non
1343 861 1384 882 est
1398 855 1469 882 enim
1494 856 1540 883 tibi
1561 857 1745 883 necessarium
1767 864 1801 884 ea

1010 907 1070 934 qum
1084 900 1240 928 abscondita
1254 906 1317 927 sunt
1334 901 1426 928 videre
1451 901 1537 928 oculis
1552 901 1604 928 tuis
1618 901 1640 917 “
1659 911 1668 927 ι
1679 902 1700 936 ),
1716 910 1804 936 neque

1010 948 1129 982 approbo
1142 948 1192 975 hoc
1209 956 1295 982 neque
1311 948 1420 982 rejicio;
1443 948 1506 974 illud
1523 953 1610 974 autem
1626 949 1716 982 potius
1729 949 1802 976 dixe‘

1011 993 1073 1024 rint,
1086 992 1254 1026 Scriptorum
1273 993 1305 1019 de
1325 992 1406 1019 rebus
1417 993 1501 1019 etiam
1519 993 1623 1019 ratione
1645 993 1802 1020 carentibus

1010 1043 1038 1065 et
1054 1045 1135 1065 sensu
1163 1038 1214 1065 hoc
1235 1038 1344 1064 nomine
1360 1038 1414 1070 uti;
1438 1039 1513 1064 verbi
1535 1038 1620 1072 gratia
1648 1046 1709 1066 cum
1738 1039 1776 1065 ait
1794 1048 1802 1066 :

1013 1094 1022 1111 ο
1043 1084 1174 1118 Praecepit
1198 1085 1327 1111 Dominus
1354 1089 1435 1111 vento
1466 1085 1554 1111 calido
1571 1090 1596 1112 et
1623 1085 1710 1111 urenti
1728 1085 1772 1117 ";
1789 1093 1800 1111 ι

1010 1137 1053 1158 et:
1072 1139 1081 1156 ι
1096 1130 1226 1164 Prmcepit
1249 1130 1378 1158 Dominus
1394 1131 1528 1163 nubibus;
1553 1141 1562 1157 I
1576 1136 1602 1158 et
1620 1140 1627 1158 :
1647 1140 1656 1156 (
1671 1130 1804 1164 Prmcepit

1011 1177 1141 1204 Dominus
1153 1177 1250 1203 venui.
1263 1186 1272 1202 ι
1292 1176 1354 1204 Sive
1376 1177 1458 1210 igitur
1477 1177 1606 1203 animalia
1625 1177 1804 1204 suntratione

1010 1221 1134 1256 prmdita,
1155 1227 1184 1248 ut
1199 1223 1307 1256 quidam
1323 1223 1409 1254 aiunt,
1424 1223 1481 1249 sive
1509 1222 1594 1256 igueze
1615 1222 1802 1256 splncrre,sive

1011 1267 1077 1295 disci
1104 1267 1218 1302 figuram
1252 1267 1379 1294 habentia
1404 1274 1573 1301 corpora,”
1601 1268 1714 1294 aetherio
1740 1268 1801 1302 igne

1011 1320 1137 1345 accensa,
1153 1314 1210 1340 sive
1241 1314 1354 1348 sphaera:
1380 1313 1406 1340 in
1427 1314 1535 1340 modum
1550 1313 1712 1340 conformati
1731 1313 1803 1347 ignis

1011 1359 1127 1392 volatus,
1144 1360 1200 1386 sive
1212 1359 1318 1386 lamina:
1333 1360 1456 1394 quaedam
1470 1360 1479 1395 (
1492 1367 1553 1386 nam
1567 1364 1594 1386 et
1611 1360 1662 1386 hoc
1680 1366 1732 1385 non
1752 1359 1801 1385 de-

1011 1405 1120 1431 fuerunt
1133 1413 1166 1432 ex
1182 1406 1349 1440 philosophis
1362 1406 1407 1440 qui
1421 1407 1558 1433 traderent
1568 1406 1588 1439 ).
1604 1406 1661 1432 sive
1680 1412 1722 1431 res
1732 1412 1803 1438 qua:-

1011 1450 1070 1477 dam
1084 1451 1173 1477 lumen
1194 1452 1317 1478 materiae
1332 1459 1430 1486 expers
1447 1456 1472 1479 et
1505 1451 1605 1478 mundo
1623 1451 1702 1477 altius
1729 1451 1802 1477 reci-

1011 1496 1126 1530 pientes,
1143 1496 1226 1532 4M
1251 1505 1304 1524 non
1333 1497 1412 1524 valde
1433 1497 1619 1524 contenderim
1634 1496 1716 1531 (nihil
1729 1496 1803 1522 cnim

1011 1542 1157 1576 quidquam
1172 1543 1222 1569 hoc
1247 1543 1281 1570 ad
1306 1544 1436 1577 optimam
1451 1543 1559 1570 vivendi
1588 1543 1720 1569 rationem
1738 1549 1803 1568 con-

1011 1588 1109 1615 ducere
1125 1589 1244 1616 arbitror
1255 1591 1275 1623 ),
1292 1590 1338 1616 sed
1361 1589 1425 1616 illud
1445 1589 1579 1616 dixerim:
1594 1588 1651 1615 Non
1669 1588 1755 1615 solum
1770 1588 1804 1614 de

1013 1634 1113 1668 anima,
1127 1643 1187 1662 cttm
1205 1644 1218 1662 a
1233 1637 1340 1664 virtutis
1357 1637 1466 1664 tramite
1489 1637 1644 1668 desciverit,
1664 1637 1712 1663 sed
1721 1636 1802 1662 etiam

1013 1680 1047 1708 de
1060 1688 1184 1716 corpore,
1195 1683 1218 1709 si
1235 1683 1303 1709 forte
1326 1691 1340 1710 a
1355 1684 1492 1718 proposita
1518 1683 1560 1709 via
1580 1683 1759 1714 aberraverit,
1775 1682 1802 1709 in

1016 1726 1164 1761 Scriptnris
1175 1736 1273 1755 nomen
1292 1729 1439 1756 errationis
1453 1729 1591 1763 usurpari.
1608 1737 1617 1754 ‹
1633 1727 1704 1755 Vidit
1716 1728 1802 1767 enim,

169 1772 267 1804 inquit,
289 1770 437 1805 Josephum
461 1773 542 1798 homo
567 1776 704 1798 errantem
730 1771 757 1798 in
797 1772 840 1798 via
854 1771 891 1798 '°.
917 1780 926 1796 ν
960 1771 994 1799 Et
1024 1780 1158 1801 rursum:
1180 1784 1189 1800 ‹
1209 1774 1309 1802 Errare
1332 1777 1404 1809 ipsos
1429 1776 1493 1803 fecit
1522 1777 1547 1802 in
1577 1775 1649 1802 invio
1666 1794 1673 1806 ,
1700 1779 1726 1800 et
1750 1781 1803 1800 non

169 1822 197 1848 in
213 1818 293 1845 via".
316 1827 324 1844 ι
340 1818 412 1845 Nihil
429 1819 519 1853 itaque
534 1818 644 1850 mirum,
664 1819 685 1845 si
701 1818 781 1845 etiam
797 1823 899 1852 septem
912 1819 1030 1846 siderum
1046 1827 1153 1847 sursum
1188 1828 1220 1847 ac
1237 1821 1362 1850 deorsum
1394 1822 1666 1851 circumcurrentium
1699 1825 1804 1854 septen-

171 1865 311 1892 trionalem
331 1870 358 1892 et
383 1865 529 1892 australem
562 1865 758 1892 revolutionem
776 1865 860 1899 aliqui
877 1866 1043 1894 errationem
1058 1867 1238 1902 appellarunt,
1267 1873 1296 1895 ut
1325 1876 1384 1901 qua:
1399 1869 1472 1896 circa
1503 1868 1681 1896 inerrantium
1718 1873 1801 1892 uuam

168 1909 346 1944 eamdemque
376 1911 448 1937 viam
478 1911 635 1938 decurrant.
657 1910 685 1937 Si
718 1910 800 1944 igitur
828 1910 962 1938 concinne
982 1917 1064 1946 atque
1079 1917 1141 1947 apte
1171 1921 1236 1941 suos
1252 1913 1349 1948 singuli
1368 1913 1483 1948 planetm
1508 1921 1605 1941 cursus
1623 1921 1626 1929 λ
1642 1912 1800 1942 conficiunt,

170 1955 233 1988 quid
245 1962 334 1982 causa:
350 1960 393 1982 est
406 1963 492 1990 quare
523 1963 619 1991 ptenas
638 1955 710 1984 lnan'
721 1957 732 1984 ’ἒ
744 1957 771 1984 Si
786 1957 857 1994 enim
873 1957 960 1992 (quod
981 1960 1057 1986 nefas
1071 1965 1112 1987 est
1124 1959 1236 1994 dicere)
1258 1968 1310 1987 non
1342 1960 1427 1988 factos
1447 1968 1462 1987 a
1483 1960 1549 1992 Deo,
1565 1965 1593 1987 et
1625 1967 1707 1986 causa
1723 1965 1803 1992 supe-

171 2002 256 2028 riores
269 2009 329 2028 esse
345 2003 466 2029 dixerint
476 2002 573 2036 Graeci,
588 2004 707 2031 maxime
718 2005 828 2038 quidem
844 2012 876 2032 ex
890 2006 1010 2039 ipsorum
1032 2008 1216 2035 concinnitate
1246 2009 1486 2043 pulcherrimoque
1517 2013 1545 2036 et
1579 2007 1724 2042 aptissimo
1751 2012 1798 2031 or-

170 2047 233 2074 dine
263 2049 469 2083 redarguentur.
492 2048 566 2077 Ordo
589 2050 662 2077 enim
693 2050 798 2078 ordinis
819 2055 960 2079 auctorem
976 2059 1008 2080 ac
1022 2053 1171 2088 principem
1202 2054 1340 2088 prtedical.
1376 2054 1453 2087 Quod
1476 2054 1499 2082 si
1528 2061 1581 2081 non
1611 2053 1797 2085 credunt,au-

170 2095 247 2121 diant
262 2094 412 2128 Platonem,
428 2096 473 2130 qui
488 2097 527 2123 ait
543 2105 550 2124 :

174 2151 298 2184 Ἀγαθός
308 2151 394 2179 ἐστιν
407 2154 424 2179 ό
437 2153 526 2181 τοῦδε
538 2153 591 2181 τοῦ
606 2140 719 2188 τιαντὸς
733 2154 923 2191 δημιουργός.

168 2197 321 2232 Εὐριπίδης
338 2197 366 2224 δέ
380 2206 385 2214 ·

174 2253 222 2286 Ὡς
237 2252 324 2287 ἣλιος
334 2254 393 2289 μὲν
406 2255 464 2288 νύξ
483 2265 515 2284 τε
528 2257 668 2284 δουλεύει
677 2257 801 2291 βροτοῖς
817 2258 898 2295 (88⁸).

168 2320 226 2346 Καὶ
242 2320 421 2348 παυὲσοωσαν
442 2322 492 2357 τῆς
513 2323 642 2357 τοιαύτης
655 2324 792 2354 ἀσεϐείας.
815 2325 846 2350 Ἡ
861 2325 882 2350 δ’
897 2324 953 2359 (89)

203 2408 228 2424 ¹³
242 2408 313 2436 Psal.
331 2417 425 2442 cxvm,
443 2410 488 2438 89.
526 2410 644 2439 “Eccli.
664 2419 705 2445 tu,
723 2411 768 2444 20,
783 2411 829 2438 2|.

868 2411 891 2427 ”
907 2411 984 2445 J0me
1003 2419 1041 2445 tv,
1056 2411 1082 2439 8.

1119 2157 1208 2183 Bonus
1225 2162 1262 2184 est
1277 2157 1355 2192 hujus
1371 2158 1550 2184 universitatis
1567 2156 1664 2191 opifex.

1011 2203 1156 2238 Euripides
1170 2211 1279 2238 quoque
1292 2204 1379 2238 inquit
1396 2213 1402 2231 :

1118 2258 1164 2286 Sol
1176 2265 1252 2294 alque
1270 2267 1321 2286 ηοω
1338 2260 1483 2287 inserviunt
1498 2259 1663 2287 mortalibus.

1010 2324 1185 2359 Tandemque
1205 2325 1238 2352 ab
1254 2325 1304 2351 hac
1334 2328 1408 2351 tanta
1441 2323 1579 2359 impietate
1605 2323 1755 2357 quiescant.
1771 2321 1801 2350 Si

1124 2412 1147 2428 "
1160 2411 1226 2439 Gen.
1252 2419 1356 2444 xxxvu,
1373 2411 1417 2438 15.
1456 2412 1478 2427 ³⁷
1493 2411 1566 2438 Psal.
1580 2418 1634 2444 ενι,
1649 2410 1695 2437 40.

706 2489 822 2516 VARI/1E
842 2486 1034 2517 LECTIONE'S
1054 2489 1098 2516 ET
1119 2487 1234 2516 NOTAE.

206 2564 264 2600 (85)
280 2565 331 2591 Pro
353 2564 497 2601 μειζύτερα
519 2565 589 2592 idem
603 2565 682 2592 habet
697 2565 861 2600 ὑψηλότερα.
877 2566 954 2592 Vers.

169 2602 233 2636 inde
252 2600 269 2626 5
284 2608 331 2634 pro
341 2601 391 2626 οὐκ
405 2600 482 2635 ὲγκρ.
501 2601 569 2627 idem
585 2602 660 2635 ponit
679 2600 734 2627 οὔτ’
752 2602 831 2636 ὲγκρ.
849 2606 914 2636 etc.,
931 2604 958 2627 et

169 2635 250 2696 genio
267 2640 327 2669 post
347 2643 396 2669 pro
409 2635 615 2671 ἁποῴηφίσαιμι
639 2635 702 2670 legit
715 2635 956 2671 ἁποψηφισαίμην.

192 2677 280 2696 ossvn.

192 2677 280 2697 OSSVN.

207 2704 264 2739 (86)
289 2704 342 2731 Pro
363 2705 476 2739 πτήσεις
494 2706 563 2732 idem
590 2705 651 2732 cod.
673 2705 754 2732 habet
779 2706 958 2741 πιλήσει;,οι

168 2746 244 2775 vers.
263 2746 319 2775 seq.
336 2741 468 2775 χρήματα
480 2745 564 2768 mutat
578 2741 602 2767 in
617 2741 751 2775 ὀχήματα.
767 2740 802 2768 In.

207 2774 270 2811 (87)?
281 2774 331 2811 Erl.
351 2774 449 2811 Paris,
463 2776 527 2802 ὅταν
539 2774 687 2811 διαμάρτῃ,
702 2777 751 2811 τῆς
771 2777 851 2802 πλαν.
871 2775 958 2802 Locus

170 2817 204 2835 ex
220 2810 282 2837 cod.
305 2809 394 2837 Vatic.
407 2811 558 2837 restituitur
571 2809 650 2838 amr.

208 2845 264 2877 (88)
281 2844 336 2872 Pro
358 2845 411 2880 ὀδῷ
426 2846 495 2873 idem
513 2845 593 2872 habet
607 2846 712 2880 ἐρήμῳ.
731 2845 835 2873 Possm.

208 2881 289 2915 488')
308 2879 430 2914 Euripid.
456 2881 481 2907 in
513 2879 746 2911 PhtenisSisg'ubi
781 2888 842 2907 cum
883 2887 955 2906 vers.

174 2922 228 2947 prus
243 2916 330 2943 untiat
347 2915 455 2943 Jocasta
473 2916 498 2943 in
517 2916 560 2942 illa
580 2916 751 2949 pulchcrrina
768 2915 959 2943 cxhortatiorle

1010 2566 1043 2593 ad
1085 2566 1282 2598 concordiam,
1315 2574 1368 2600 qua
1407 2566 1478 2593 ﬁlios
1510 2572 1574 2592 suos
1609 2564 1742 2591 Eteoclcm
1773 2569 1799 2591 et

1009 2601 1187 2636 Poiynicem.
1221 2601 1350 2636 capitales
1382 2602 1493 2634 hostes,
1529 2600 1639 2636 placare
1672 2603 1798 2636 conatur,

1012 2633 1066 2662 sed'
1080 2636 1190 2662 frustra.
1216 2633 1287 2663 lde'm
1309 2644 1404 2663 versus
1428 2636 1509 2663 etiam
1530 2634 1646 2660 Eusebio
1672 2633 1798 2660 laudatur

1012 2670 1059 2696 lib.
1081 2678 1105 2697 νι
1125 2671 1395 2705 Προπαριισκευῆς,
1416 2679 1440 2697 c.
1455 2671 1482 2702 8,
1502 2670 1546 2705 nhi
1563 2668 1733 2705 σοφζστευμα
1746 2668 1799 2694 Εὐ-

1014 2703 1250 2742 ριπίδειονὶνιιοιιὶ,
1274 2707 1301 2732 h.
1330 2703 1474 2742 easapiem
1493 2704 1591 2742 dictum
1613 2703 1796 2742 Euripideum.

1012 2737 1128 2777 Eis-guns
1144 2745 1186 2777 es].
1208 2741 1376 2772 observatio,
1397 2740 1485 2777 Solent
1506 2737 1733 2777 Hebrmadingua
1754 2737 1797 2762 di-

1010 2772 1083 2802 ctum
1100 2775 1194 2808 ungui,
1211 2784 1225 2802 a
1243 2775 1431 2802 ministrando.
1453 2774 1511 2805 Quo
1528 2772 1676 2806 respexisse
1692 2772 1798 2798 videtur

1011 2811 1172 2846 Dracontius
1189 2812 1214 2836 in
1227 2810 1393 2846 llexaemero
1412 2810 1463 2834 hoc
1481 2815 1588 2846 versu__:
1665 2841 1670 2846 '

1010 2844 1157 2872 Solocuhu
1169 2845 1237 2875 caeli.
1253 2845 1369 2879 famulus
1382 2851 1458 2879 super
1469 2847 1544 2868 astra
1556 2840 1694 2879 Tonantis.
1712 2839 1794 2879 Rt'r'r.

1046 2880 1101 2914 (89)
1118 2880 1169 2906 Pro
1185 2881 1200 2914 ἡ
1214 2880 1235 2906 δ’
1251 2876 1315 2913 legit
1331 2880 1355 2905 εἰ
1368 2879 1401 2905 δ’.
1424 2877 1490 2914 vers
1506 2880 1566 2914 p_o__s_t
1583 2876 1610 2914 ἓ,
1627 2876 1669 2902 illa
1685 2877 1766 2903 verba
1786 2886 1794 2904 ς

1011 2911 1056 2941 καῖ
1079 2911 1215 2945 Ἰουδαίοις
1228 2911 1324 2942 absunt
1337 2923 1350 2940 a
1365 2914 1423 2941 cod.
1441 2911 1497 2940 Vat.
1515 2911 1576 2940 650.
1589 2911 1692 2938 Possm.
