2040 3161
175 152 237 185 ΗΞί

624 156 894 188 EPISTOLARUM
912 158 985 187 LIB.
1008 159 1057 189 ιν.
1078 173 1113 178 -
1131 161 1251 193 EPIST.
1268 164 1352 194 LXV.

1747 168 1817 200 1122

171 217 254 236 V0969-
271 208 380 240 πόνους.
395 209 426 235 Εἰ
437 209 466 236 δὲ
480 210 510 236 τὸ
526 209 633 245 μέλλειν
647 211 742 243 λυπεῖ,
757 211 837 238 τοῦτο
852 212 960 247 εὐφραι-

1022 214 1136 248 gloriam
1152 224 1223 244 nunc
1239 225 1356 253 quoque,
1370 219 1417 246 sed
1435 220 1578 254 occultari,
1598 221 1661 249 dum
1677 227 1817 257 exspectet

172 255 240 282 νέιω
258 254 360 289 μᾶλλον
372 255 437 287 τοὺς
451 255 505 282 τῶν
520 256 616 283 παθῶν
629 257 677 283 καὶ
696 257 749 283 τῶν
764 257 901 293 δαιμόνων
917 266 968 284 κα-

172 299 336 336 θαιροῦντας
350 300 384 326 τὰ
399 299 576 336 ὀχυρώματα.
603 301 639 328 Τὸ
659 301 714 338 γὰρ
740 302 855 338 μεγίστη
878 300 966 334 εἶναι,

171 347 218 374 καὶ
233 346 312 380 λόγον
329 347 373 373 καί
393 346 456 373 νοῦν
472 347 518 374 καὶ
530 347 580 381 τὴν
598 347 740 383 παροῦσαν
754 348 922 375 κατάστασιν
936 349 967 375 ἐκ

170 393 269 420 πολλοῦ
284 392 331 419 τοῦ
347 393 488 428 περίοντος
500 393 689 429 ὑπερϐαίνειν,
706 395 765 421 ἐκεῖ
775 395 966 430 τεταμιευται.

170 438 238 466 οὐδὲ
253 439 306 475 γὰρ
328 439 422 471 ἁπλῶς
437 437 498 466 εἷπε
510 447 516 454 ·
540 441 581 467 Τὰ
600 440 751 476 παθήματα
773 442 820 468 τοῦ
837 441 884 468 νῦν
907 450 969 468 και-

172 485 237 521 ροῦ·
260 485 317 512 ἀλλ’
335 486 379 512 ἵνα
401 486 476 523 δείξῃ
493 487 563 514 αὐτὰ
587 487 637 522 οὐχ
663 488 704 514 ὃτι
727 488 853 523 ποιότητι
871 487 969 523 μόνον,

170 531 239 558 ἀλλὰ
261 532 309 558 καὶ
328 532 460 567 ποσότητι
483 533 624 568 νικώμενα
639 533 683 569 (τὰ
700 533 751 568 μὲν
767 533 821 569 γὰρ
841 533 881 569 τῷ
898 542 970 569 παρ-

169 576 226 604 όντι
247 577 467 611 συγκαταλύεται
479 578 545 614 βίῳ·
568 578 603 606 τὰ
626 579 655 605 δὲ
672 579 818 611 ἀθανάτοις
835 587 967 616 συμπαρ-

169 624 322 650 εκτείνεται
341 623 448 658 αἰῶσιν)
462 633 468 640 ·
491 624 573 660 ἅπερ,
593 625 687 660 ἐπειδὴ
706 624 768 652 οὕτε
786 625 880 660 σαφῶς
904 625 968 652 οὔτε

170 670 241 697 κατὰ
265 671 348 705 μέρος
371 671 548 706 παραστῆσαι
569 670 608 705 τῷ
632 671 705 706 λόγῳ
727 669 816 706 εἶχεν,
837 671 892 698 ἀπὸ
916 671 967 707 τῆς

171 716 289 750 μάλιστα
302 716 434 751 δοκούσης
453 714 523 743 εἶναι
539 717 604 752 παρ’
621 718 688 752 ἡμῖν
705 717 857 752 ὲπερὰστου
876 716 966 752 δόξης,

170 763 240 790 αὐτὰ
266 763 501 799 προσηγόρευσεν.
538 764 570 790 Ἡ
598 765 653 800 γὰρ
679 764 788 800 κορυφὴ
813 764 870 792 τῶν
899 764 965 800 ἀρε-

168 809 225 836 τῶν
240 809 277 845 (l)
294 809 363 844 αὕτη
376 807 446 836 εἶναι
462 810 545 837 δοκεῖ.

1023 258 1157 286 victorum
1181 268 1213 288 ac
1235 263 1462 298 triumphatorum
1485 265 1601 293 labores.
1620 267 1696 300 Quod
1721 269 1744 295 si
1770 269 1814 297 cui

1024 303 1118 330 dilatio
1135 306 1178 332 illa
1191 307 1304 334 molesta
1320 310 1429 342 accidit,
1442 311 1491 338 hoc
1508 313 1594 345 magis
1608 313 1741 340 exhilarct
1756 321 1814 347 eos,

1022 351 1067 384 qui
1083 350 1257 379 aﬂlictionum
1281 362 1313 381 ac
1334 355 1484 382 daamonmu
1506 360 1705 392 propugnacula
1722 361 1815 388 dento-

1023 396 1133 424 liunlur.
1149 397 1216 424 Nam
1231 399 1288 427 bzec
1303 400 1387 434 ipsum
1404 403 1438 429 ob
1452 411 1573 435 causam,
1595 406 1714 439 quodsit
1728 407 1816 434 maxi-

1025 451 1066 469 ma
1079 443 1132 478 (illa
1143 445 1253 480 gloria),
1270 450 1297 472 et
1313 447 1444 474 ratimicm
1457 450 1662 485 orationemque
1677 457 1703 478 ct
1716 452 1815 479 mentis

1024 489 1149 516 humanm
1163 497 1284 525 captum,
1299 497 1325 519 et
1341 500 1501 526 pra-sentem
1517 495 1701 523 conditionem
1719 498 1815 533 longis-

1024 536 1093 563 simo
1112 537 1255 564 intervallo
1269 540 1454 572 transcendat,
1472 540 1496 566 in
1514 541 1600 568 altero
1621 544 1720 570 sa-cnlo
1736 552 1815 579 repo-

1022 582 1073 609 sita
1086 589 1252 611 asscrvatur.
1266 585 1358 620 Neque
1372 586 1443 612 enim
1459 587 1620 621 simpliciter
1637 589 1714 621 dixit,
1725 599 1735 614 c
1747 591 1814 617 Pas-

1021 627 1111 655 sioues
1132 629 1213 663 hujus
1229 631 1388 665 temporis,»
1407 632 1454 658 sed
1470 635 1498 658 ut
1512 632 1680 665 ostenderet,
1701 633 1742 659 illa
1762 643 1813 662 non

1020 673 1107 701 solum
1128 674 1271 708 qualitate,
1295 683 1390 703 verum
1412 677 1493 703 etiam
1516 677 1668 711 quantitate
1687 680 1813 712 superari

1020 719 1084 755 (illa:
1099 720 1169 746 cnim
1180 728 1240 747 cum
1255 722 1306 748 hac
1318 722 1372 748 vita
1386 723 1568 749 terminantur
1581 743 1587 755 ,
1607 724 1657 750 ista
1673 731 1735 750 vero
1750 733 1812 752 cum

1019 765 1220 794 immortalibus
1231 767 1329 794 durant
1341 774 1449 795 cxtenla
1463 769 1579 803 somniis)
1592 778 1598 796 :
1613 777 1673 804 qua:
1686 770 1813 804 quoniam

1019 818 1108 846 neque
1121 813 1263 847 perspicue
1274 821 1363 848 neque
1373 815 1554 848 particulatim
1567 816 1690 843 oratione
1701 817 1736 843 ob
1749 824 1815 844 ocu-

171 855 211 882 los
227 862 419 890 repracsentare
439 861 564 890 poterat,
583 860 792 891 cognomentum
813 856 867 884 illis
889 856 963 884 dedit
983 864 998 884 a
1013 857 1109 891 gloria,
1125 865 1185 894 qua:
1201 859 1272 894 apud
1307 860 1429 888 homines
1463 861 1490 888 in
1506 862 1586 889 rebus
1604 863 1721 890 maxime
1732 870 1818 900 expe-

171 901 257 929 tendis
268 907 434 930 numeratur.
446 902 510 929 llaac
521 903 592 929 enim
605 903 735 929 virtutum
748 903 884 938 fastigium
897 910 960 930 esse
979 903 1096 930 videtur.

333 959 391 987 ΞΔ’.
408 974 443 980 ———
460 960 614 996 ΘΕΟΔΩΡῼ
632 960 794 996 ΔΙΑΚΟΝῼ.

203 1014 240 1049 (2)
253 1013 306 1040 Τοῦ
319 1014 387 1041 Θεοῦ
400 1014 488 1049 Λόγου
503 1014 717 1050 ὲνανθρωπῆσαι
731 1013 961 1047 καταξιώσαντος,

165 1059 214 1086 καὶ
235 1060 269 1086 τὰ
291 1060 366 1095 πάθη
392 1060 427 1086 τὰ
446 1059 624 1096 ἀνθρώπινα,
648 1061 817 1095 κυμαίνοντα
843 1059 960 1094 πρώην,

165 1107 429 1142 καταστορέσαντος,
444 1107 492 1133 καὶ
504 1107 555 1142 τὴν
569 1107 659 1141 σάρκα
673 1107 846 1142 ὁρμητήριον
861 1107 962 1142 ἀρετῆς

165 1152 370 1187 ἁποφήναντος,
392 1153 440 1179 καὶ
457 1152 504 1184 τὰς
524 1152 649 1188 πονηρὰς
667 1152 812 1186 φάλαγγας
831 1151 883 1178 ὑπὸ
897 1152 961 1182 τοὺς

166 1197 249 1229 πόδας
265 1197 319 1224 τῶν
335 1198 443 1224 οἰκείων
464 1198 601 1233 φοιτητῶν
621 1197 894 1234 παρασκευάσαντος,
912 1197 960 1224 καὶ

165 1244 199 1270 τὰ
213 1242 282 1271 ἆθλα
305 1243 416 1279 μείζονα
438 1244 492 1271 τῶν
513 1243 637 1272 παλαιῶν
658 1243 772 1275 εἰκότως
799 1243 958 1277 ὁρίσαντος,

165 1290 199 1316 τά
207 1299 236 1316 τε
246 1290 350 1317 ἔπαθλα
357 1291 471 1326 οὐράνια
482 1290 530 1316 καὶ
541 1290 717 1325 ὑπερκόσμια
730 1289 940 1325 εὐτρεπίσαντος
951 1298 957 1306 -

164 1337 190 1362 oi.
205 1337 355 1372 ἡττώμενοι
372 1338 479 1369 ἑαυτοῖς
497 1337 529 1363 ἂν
545 1334 600 1363 εἷεν
615 1336 717 1363 δίκαιοι
732 1335 893 1370 λογίσασθαι
908 1336 959 1370 τὴν

163 1379 249 1418 ἧτταν
260 1391 269 1399 ο
285 1383 302 1418 ή
315 1383 369 1418 γὰρ
383 1383 446 1418 νίκη
459 1382 552 1409 λοιπὸν
567 1383 632 1417 παρ’
654 1382 721 1417 ἡμῖν
737 1379 806 1408 οὖσα
816 1401 823 1413 ,
838 1379 888 1408 εἴτ’
911 1381 961 1416 οὐχ

165 1429 330 1464 εὐρίσκουσα
352 1430 415 1460 τοὺς
432 1429 535 1460 εἰδότας
558 1429 655 1463 νικᾷν,
678 1428 707 1454 ὲν
729 1427 831 1461 ὀλίγοις
855 1427 960 1454 οἰκείαν

163 1474 279 1509 δύναμιν
295 1474 504 1510 ἐπιδεικνυμένη
516 1494 523 1506 ,
539 1475 596 1506 τοῖς
613 1468 837 1509 μὴ’βουλομένοις
850 1472 896 1499 διὰ
907 1471 958 1498 πό-

164 1529 218 1548 νων
234 1521 320 1556 αὺτὴν
337 1520 511 1556 κτήσασθαι,
533 1520 583 1555 τὴν
597 1519 687 1546 αἰτίαν
701 1519 750 1554 τῆς
764 1519 858 1554 ἥττης.

1156 962 1249 990 LXIV.
1264 978 1301 983 ——
1315 963 1503 991 TllEODOllO
1521 964 1682 994 DIACONO.

1050 1017 1116 1045 Cum
1129 1017 1200 1045 Deus
1213 1018 1330 1045 Verbum
1346 1019 1474 1054 (reternus
1488 1019 1532 1047 Dei
1547 1020 1642 1056 Filius)
1656 1021 1736 1048 homo
1751 1022 1810 1050 fieri

1014 1063 1141 1097 dignatus
1155 1064 1210 1097 sit,
1227 1069 1254 1091 ct
1268 1065 1401 1090 huumnos
1415 1063 1528 1091 allectus
1544 1067 1684 1101 animique
1703 1071 1811 1101 pertur-

1014 1107 1149 1139 bationes,
1163 1115 1223 1142 qua:
1238 1108 1312 1142 prius
1327 1108 1457 1135 [luctuum
1471 1109 1556 1136 instar
1572 1112 1660 1137 attolli
1677 1112 1809 1145 solebant,

1013 1153 1116 1180 sedarit
1129 1159 1212 1188 atque
1224 1155 1418 1188 composuerit,
1430 1160 1457 1181 et
1469 1163 1577 1182 carnem
1591 1156 1683 1183 virtuti
1697 1165 1809 1191 pronam

1014 1203 1096 1234 atque
1111 1199 1307 1233 obsequentem
1323 1199 1455 1233 eﬂ‘eccrit,
1469 1206 1496 1228 et
1514 1201 1661 1237 phalanges
1676 1203 1809 1230 malorqu

1014 1245 1158 1279 spirituum
1176 1245 1322 1280 subjcccﬁt
1342 1254 1452 1284 suorum
1471 1248 1667 1282 discipulorum
1686 1249 1808 1283 pedibus,

1014 1297 1041 1318 et
1058 1292 1206 1318 certamina
1229 1293 1367 1319 veteribus
1385 1293 1489 1328 majora
1513 1294 1611 1321 merito
1626 1295 1809 1328 constituerit,

1013 1342 1040 1364 et
1059 1338 1168 1372 prmmia
1182 1345 1290 1372 quoque
1307 1338 1430 1366 coelestia
1449 1344 1475 1366 et
1489 1340 1707 1374 supraumndana
1725 1341 1808 1367 ador-

1015 1384 1104 1410 narit:
1121 1391 1292 1418 consequens
1307 1389 1364 1416 est,
1379 1385 1465 1419 utqui
1482 1389 1542 1420 post
1558 1386 1601 1412 illa
1618 1387 1808 1419 succumbunt,

1016 1426 1053 1454 illi
1086 1427 1192 1461 culpam
1219 1428 1290 1456 hanc
1320 1429 1496 1462 sibimetipsis
1523 1430 1658 1463 imputare
1681 1430 1807 1457 debeant.

1017 1472 1136 1499 Victoria
1155 1473 1228 1500 cnim
1242 1481 1303 1500 cum
1317 1474 1446 1509 deinceps
1463 1482 1546 1509 penes
1560 1483 1609 1502 nos
1629 1477 1674 1508 sit,
1691 1484 1743 1503 non
1761 1485 1809 1503 au-

1017 1522 1070 1545 tem
1086 1518 1208 1545 inveniat
1221 1518 1344 1546 homines
1360 1519 1427 1546 tales
1439 1539 1447 1551 ,
1465 1520 1509 1553 qui
1525 1520 1635 1547 vincere
1652 1521 1739 1548 sciant
1755 1530 1761 1548 :
1781 1521 1808 1549 in

165 1567 259 1601 paucis
272 1567 327 1593 Vim
341 1574 417 1594 suam
433 1573 577 1598 exsereus,
597 1566 665 1598 illis,
688 1565 734 1600 qui
750 1565 845 1592 uolunt
869 1558 929 1592 eam
964 1563 1103 1592 laboribus
1117 1564 1169 1592 sibi
1203 1572 1383 1599 comparare,
1411 1565 1516 1600 culpam
1535 1566 1648 1593 ascribit
1664 1567 1721 1600 ejus
1757 1567 1807 1600 rei,

164 1615 237 1649 quod
253 1613 406 1642 vincantur.

413 1659 473 1688 Ξιγ.
494 1652 529 1679 —'—
550 1659 593 1694 'ro
612 1659 713 1694 ΑΥΤῼ.

164 1705 232 1740 Περί
250 1704 303 1732 τοῦ
326 1704 436 1732 αὐτοῦ·
455 1705 499 1731 ὅτι
521 1706 540 1738 ἡ
560 1705 663 1737 πίστις
682 1703 772 1737 χωρίς
793 1702 853 1730 τῶν
865 1702 960 1738 ἔργων

366 1742 402 1767 οὐ
416 1739 501 1770 σώζει
518 1740 571 1767 τὸν
586 1740 756 1773 ἄνθρωπον.

198 1797 284 1833 Διῦρο
301 1797 350 1833 μὲν
362 1797 540 1831 ὲπιφοιτὴσας
554 1797 567 1822 ὁ
579 1795 645 1826 Θεὸς
660 1794 757 1828 Λόγος,
772 1794 865 1821 πίστιν
876 1794 960 1820 ἁπαι-

163 1845 250 1879 τήσας
261 1865 268 1877 ,
287 1844 378 1879 χάριτι
395 1842 554 1870 ἐδικαίωσεν
578 1841 618 1877 (οὐ
635 1841 689 1876 γὰρ
705 1838 740 1875 ἦν
754 1839 808 1867 ἀπὸ
822 1839 960 1866 δικαιοσύ-

164 1898 212 1925 νης
229 1889 349 1924 σωθῆναι
366 1889 429 1920 τοὺς
450 1887 555 1914 οἴκοθεν
575 1885 756 1922 προδοθέντας
767 1893 774 1900 ·
792 1885 839 1911 καὶ
857 1884 930 1911 τοῦθ’
946 1884 960 1911 ὁ

163 1935 289 1971 Μελῳδὺς
305 1935 351 1962 καὶ
366 1935 396 1961 τὺ
419 1934 519 1966 Σκεῦος
535 1933 585 1969 τῆς
606 1932 722 1968 ἐκλογῆς
737 1931 914 1967 ἀπεφήναντο
925 1939 931 1945 ·
945 1931 960 1957 ὁ

165 1983 216 2018 μὲν
233 1981 502 2016 διαὸεὖαιωσάμενος
513 1989 519 1995 ·
539 1988 550 2006 ι
573 1980 629 2007 Οὐκ
643 1978 701 2005 ἔστι
717 1978 755 2014 (3)
772 1978 877 2008 δίκαιος
897 1976 959 2003 οὐδὲ

162 2026 204 2061 εἷς
216 2037 223 2044 ·
244 2038 254 2055 ι
272 2030 286 2056 ὁ
298 2029 338 2055 δέ’
356 2038 365 2054 ι
383 2028 487 2059 Πάντες
498 2027 623 2064 ἥμαρτον
634 2047 640 2057 ,
653 2025 701 2052 καὶ
716 2024 893 2060 ὑστεροῦνται
910 2022 960 2057 τῆς

163 2073 243 2109 δόξης
258 2073 304 2100 τοῦ
321 2073 400 2105 Θεοῦ,
417 2083 426 2100 ι
445 2071 704 2108 διῖσχυρισάμενος)·
717 2069 916 2100 πιστεύσαντας
931 2067 959 2095 δὲ

162 2119 338 2155 δικαιοσύνην
367 2119 524 2156 ἀκροτάτην
554 2118 668 2149 εἰκότως
697 2117 855 2153 ἀπῄτησεν·
885 2115 957 2142 ὥστε

163 2164 242 2200 παρὰ
263 2165 311 2200 μὲν
326 2165 376 2200 τὴν
399 2165 523 2201 πρώτην,
540 2165 557 2199 ἡ
578 2164 659 2199 χάρις
680 2162 832 2193 ἐδικαίωσε,
847 2161 910 2193 τοὺς
930 2160 959 2187 δὲ

162 2210 369 2243 δικαιωθέντας,
379 2211 468 2246 ἔργων
478 2210 588 2245 ἀγαθῶν
597 2208 792 2237 ἀντιλαϐέσθαι
803 2207 957 2240 ἐθέσπισεν,

162 2255 202 2287 ὡς
213 2255 263 2282 οὐκ
275 2256 334 2282 ὲνὺν
351 2256 404 2282 ἀπὸ
415 2256 536 2288 πίστεως
549 2256 628 2292 μόνον
641 2255 679 2291 (ὁ)
691 2255 820 2291 σωθῆναι.
833 2255 893 2291 Χρὴ
904 2254 957 2290 γὰρ

160 2302 196 2336 τῇ
213 2301 304 2328 πίστει
316 2302 457 2338 κρίνεσθαι
472 2302 512 2338 (5)
527 2302 577 2334 τὰς
592 2301 717 2338 πράξεις,
728 2302 775 2328 καὶ
786 2301 840 2328 ἀπὸ
856 2301 958 2328 τούτων

162 2347 250 2382 αὐτὴν
261 2347 422 2382 ψυχοῦσθαι.
437 2347 532 2384 Νεκρὰ
546 2347 600 2383 γὰρ
616 2347 648 2374 ἂν
663 2346 708 2379 εἴη
721 2346 824 2373 τούτων
839 2346 933 2382 χωρίς.

1222 1656 1307 1693 448
1324 1656 1405 1684 LXV.
1423 1671 1456 1678 -υ
1471 1657 1588 1685 EIDEM.

1011 1703 1112 1730 Eadem
1136 1703 1170 1741 de
1195 1711 1244 1741 re_,
1271 1711 1362 1735 nempe
1382 1704 1452 1741 quod
1477 1704 1544 1738 ﬁdes
1568 1705 1666 1741 absque
1685 1707 1806 1741 operibus

1157 1738 1289 1765 hominem
1308 1747 1359 1764 non
1379 1739 1463 1772 faciat
1479 1740 1620 1768 tali-um“.

1046 1793 1113 1821 Cum
1144 1793 1171 1820 in
1197 1801 1307 1820 carnem
1326 1793 1400 1820 venit
1419 1794 1490 1821 Deus
1507 1793 1645 1828 Verbum,
1669 1795 1746 1823 ﬁdem
1763 1797 1807 1824 ille

1011 1839 1120 1873 quidem
1137 1839 1188 1866 sibi
1209 1838 1300 1866 haberi
1319 1839 1469 1873 postulans,
1489 1841 1575 1874 gratia
1599 1840 1744 1876 (homines)
1760 1842 1805 1876 ju-

1011 1889 1068 1912 stos
1084 1884 1147 1912 fecit
1165 1884 1264 1920 (neque
1277 1885 1349 1911 enim
1365 1884 1422 1912 ﬁeri
1441 1890 1562 1920 poterat,
1580 1888 1666 1921 utqui
1683 1895 1696 1914 a
1709 1888 1806 1923 seipsis

1011 1930 1111 1966 proditi
1128 1931 1280 1966 perditique
1293 1930 1412 1963 fuerant,
1427 1931 1534 1966 justitia
1547 1939 1595 1959 sua
1609 1933 1722 1960 salutem
1738 1942 1806 1961 cou-

1011 1983 1191 2012 sequerentur
1204 1986 1211 2004 :
1227 1977 1309 2009 idque
1322 1977 1494 2005 Psalmorum
1511 1979 1628 2012 scriptor
1642 1985 1668 2006 et
1686 1978 1738 2007 Vas
1751 1980 1806 2007 ele-

1011 2023 1109 2050 ctionis
1135 2023 1215 2050 ambo
1241 2023 1411 2051 aﬂirmaruut
1429 2024 1628 2058 disertissime,
1650 2025 1712 2052 dum
1737 2025 1806 2053 alter

1010 2073 1151 2096 asseverat
1165 2078 1171 2096 :
1192 2068 1266 2096 «Non
1281 2074 1323 2096 est
1337 2069 1426 2104 justus
1437 2090 1444 2102 ,
1465 2077 1499 2097 ne
1521 2078 1592 2097 unus
1608 2070 1715 2105 quidem
1729 2071 1772 2105 ³⁶;
1791 2081 1802 2098 ι

1010 2114 1078 2141 alter
1094 2121 1158 2142 vero
1174 2122 1272 2150 magna
1286 2115 1457 2142 vehementia
1470 2112 1535 2143 ﬁsus
1551 2116 1660 2150 inquit:
1679 2125 1688 2143 ι
1702 2116 1803 2146 Omnes

1009 2166 1158 2196 peccarunt
1171 2182 1178 2195 ,
1204 2167 1232 2189 et
1256 2162 1444 2190 destituuntur
1457 2162 1542 2196 gloria
1557 2163 1603 2190 Dei
1617 2163 1638 2178 "
1652 2164 1680 2198 ι)
1698 2164 1752 2191 :ab
1770 2163 1803 2191 iis

1010 2213 1076 2233 vero
1091 2207 1136 2241 qui
1151 2207 1335 2240 crediderunt,
1348 2214 1493 2239 summam,
1508 2215 1595 2242 neque
1611 2208 1636 2235 id
1654 2208 1801 2242 immerito,

1007 2253 1143 2287 justitiam
1161 2254 1268 2288 exegit:
1286 2254 1322 2280 ita
1337 2258 1367 2280 ut
1381 2254 1468 2288 primo
1482 2254 1589 2289 quidem
1609 2255 1695 2290 gratia
1711 2255 1802 2290 justos

1011 2299 1124 2333 fecerit;
1144 2299 1309 2334 justiﬁcatos
1327 2304 1420 2327 autem
1435 2300 1568 2327 bonorum
1584 2308 1695 2335 operum
1713 2301 1803 2328 studio

978 2342 1000 2370 Ι)
1015 2345 1078 2374 duci
1092 2346 1233 2373 caruerit:
1260 2346 1358 2380 quippe
1385 2353 1445 2373 cum
1469 2353 1522 2374 non
1543 2347 1628 2381 possit
1650 2347 1731 2374 homo
1750 2346 1803 2374 ﬁde

163 2398 270 2420 tantum
281 2394 391 2421 salvari.
408 2393 523 2428 Oportet
537 2393 609 2421 enim
624 2392 685 2420 ﬁdei
702 2391 810 2420 misceri
827 2392 949 2419 actiones
969 2390 1075 2427 (rectas
1087 2390 1108 2426 ),
1127 2395 1154 2418 et
1169 2398 1218 2426 per
1232 2391 1283 2419 has
1314 2391 1387 2418 illam
1418 2393 1496 2427 quasi
1527 2392 1652 2421 animari.
1667 2392 1715 2421 l-lis
1730 2393 1802 2421 enirn

162 2439 286 2472 remotis,
302 2445 409 2468 mortua
423 2441 500 2468 sit".

198 2510 222 2527 ⁸⁸
240 2509 299 2537 Jac.
313 2519 344 2543 ιι,
356 2511 403 2538 24.
440 2511 464 2526 ³⁵
481 2510 551 2538 Psal.
568 2518 626 2543 ειν,
641 2511 684 2537 55.
725 2510 747 2526 ³⁸
761 2510 839 2537 Rom.
853 2518 893 2543 ut,
909 2510 953 2537 25.

1020 2509 1078 2536 Jac.
1099 2517 1125 2542 lt,
1142 2510 1186 2537 20.

715 2587 835 2616 VARUS
854 2586 1048 2616 LECTIONES
1068 2589 1112 2616 ΕΤ
1134 2588 1250 2617 NOTAE.

196 2667 236 2703 (l)
262 2666 316 2694 Pro
337 2667 444 2704 ἀρετῶν
473 2668 534 2696 cod.
563 2667 625 2696 Vat.
655 2667 708 2695 650
733 2667 809 2702 ponit
835 2666 954 2701 ἀγαθῶν.

157 2702 352 2780 ῗοῗῧπέοηῒρι·
367 2738 447 2780 epist.
461 2737 525 2780 τοι,
552 2737 634 2780 infra.
651 2738 729 2780 .Puto
740 2738 770 2780 ’in
800 2738 854 2764 line
868 2738 954 2780 Iepist.

157 2773 256 2801 deesse
272 2776 384 2802 verbum
409 2773 526 2806 aliquod,
558 2779 621 2808 puta
649 2773 807 2808 ἐπιγράφει,
832 2773 873 2800 vel
889 2774 956 2799 ἁνα-

155 2809 271 2844 γγρᾶιφει,
298 2810 339 2836 vel
369 2807 516 2841 λογίζεται.
540 2808 624 2835 Βιττ.
641 2823 675 2828 -—
699 2808 762 2836 Post
785 2808 870 2844 ἥττης
895 2808 955 2836 cod.

156 2843 220 2871 Vat.
239 2844 291 2871 650
306 2845 415 2878 appetiit
432 2844 605 2878 προσρίπτει.
621 2844 659 2871 Ιι).

194 2879 232 2914 (ὃ)
249 2879 319 2908 Cod.
338 2878 412 2912 Yat.,
428 2878 478 2906 ἔτι.
495 2879 534 2906 lD.

1048 2667 1086 2702 (4)
1099 2667 1150 2695 Pro
1163 2668 1217 2694 ἀπὺ
1227 2667 1346 2699 πίστεως
1357 2668 1437 2702 μόνον
1449 2668 1544 2695 scribit
1558 2667 1638 2700 idem,
1655 2667 1701 2694 ἀπ’
1715 2668 1800 2703 αὐτῆς

1008 2702 1167 2773 wgf-LL;
1188 2738 1333 2774 κιρνᾶσθαι
1356 2737 1395 2774 [et
1412 2738 1457 2774 rsic
1480 2736 1645 2774 COtl:_Y:|l.].
1677 2736 1800 2764 Conlerri

1009 2777 1099 2800 autem
1125 2772 1185 2800 (sum
1206 2772 1257 2800 hac
1281 2772 1365 2806 epist.-
1376 2773 1454 2799 debet
1471 2780 1512 2805 cp.
1527 2772 1590 2804 226,
1607 2772 1634 2798 ct.
1651 2779 1709 2798 cum
1725 2778 1802 2799 utra-

1009 2816 1062 2841 que
1075 2815 1099 2835 c.
1122 2816 1140 2835 ιι
1163 2808 1287 2843 ΕρίκιοΙτυ
1301 2808 1329 2835 S.
1348 2808 1450 2839 Jacobi,
1474 2807 1554 2843 cujus
1570 2807 1723 2835 testimonio
1736 2808 1800 2835 alibi

1010 2850 1118 2878 quoque
1131 2841 1226 2870 auctor
1243 2848 1334 2872 noster
1349 2849 1419 2878 saepe
1433 2843 1526 2869 utitur.
1540 2841 1622 2870 Rtrr.
