2040 3161
155 158 219 192 1161

592 155 858 186 EPISTOLARUM
881 155 953 186 LIB.
975 157 1023 187 ιν.
1040 155 1080 174 ’-
1100 157 1349 189 EPIST.XCVII.

1701 156 1769 189 ῙῙΕΞ

151 214 190 249 οἷς
202 214 336 250 εὐτρεπὴς
348 214 361 240 ὁ
375 213 484 248 ἐλεγχος
501 212 714 248 προὸεσλήσεται
723 219 729 226 ·
742 211 802 243 Πῶς
817 211 874 245 (illi
890 209 937 237 οὖν

991 212 1080 238 rodias
1097 213 1225 240 meditata
1240 212 1428 241 confusiouem
1446 211 1517 247 juris
1532 214 1635 248 paterni
1651 218 1772 251 nupserit

151 264 195 289 τὸν
213 262 292 296 φόνον
305 259 381 294 αὑτῷ
394 260 444 286 οὐκ
463 258 602 285 ὠνείδισεν
614 259 628 284 ὁ
644 257 820 291 Βαπτιστήςς
835 256 936 283 Τοσοῦ-

151 316 196 334 τον
209 307 263 341 γὰρ
282 304 471 341 χαλεπώτερον
490 301 560 330 εἶναι
578 304 661 335 δοκεῖ,
679 303 734 338 ὂσῳ
751 303 799 329 καὶ
816 302 929 336 ἀδελφο-

152 353 244 380 κτονία
264 351 345 385 φόνου
360 349 535 385 ἐναγεστέρα.
553 349 613 376 Εἴτε
632 346 678 375 οὖν
692 348 740 383 τὴν
758 347 879 383 πρώτην,
900 347 938 378 ὡς

152 397 238 431 ἔγωγε
252 394 338 431 οἶμαι,
360 395 415 422 εἴτε
430 395 479 430 τὴν
493 394 633 430 δευτέραν,
658 392 715 419 εἴτε
727 392 775 428 τὴν
787 393 883 428 τρίτην
896 391 938 418 αξ-

150 443 211 469 τιαν
229 440 302 477 εἶχεν
323 442 337 468 ὁ
358 440 479 475 ἐλεγχος,
497 440 512 466 ὁ
535 439 657 474 ἀνδρεῖος
673 438 721 465 καὶ
737 439 861 472 γενναῖος
882 437 936 472 (11)

151 489 198 514 καὶ
219 487 330 521 ἐλέγξας
353 486 400 513 καὶ
425 484 579 517 ἀποθανὼν,
603 484 641 516 ὡς
662 485 719 516 τοῖς
742 482 826 515 θείοις
845 483 938 518 νόμοις

152 532 340 567 συνηγορήσας
351 551 359 564 ,
382 530 496 566 ᾀδέσθω.
512 530 542 556 El
558 529 588 556 δέ
603 538 645 560 τις
671 528 738 564 φαίη
753 536 760 543 ⁸
777 527 827 554 Διὰ
842 527 869 554 τι
892 526 938 554 οὖν

152 577 326 614 συνεχωρήθη
338 576 417 604 τοῦτο
432 576 547 609 παθεῖν;
565 576 701 610 φήσαιμι,
728 575 768 601 ὅτι
793 574 873 605 αὐτὸς
888 573 937 609 μὲν

151 623 253 658 ὲὸλάὸη
277 623 363 650 οὐδέν.
383 622 414 649 Εἰ
436 622 489 657 γὰρ
509 621 618 652 πάντως
639 620 692 656 χρὴ
720 620 767 646 τὸν
786 619 842 654 βίον
862 619 936 651 ἐξελ-

151 669 208 695 θεῖν
223 669 278 703 (12)
295 689 302 700 ,
316 669 330 695 ό
344 668 478 702 λαμπρῶς
493 666 598 699 διεξιὼν
620 666 687 701 (15),
706 665 938 701 μακαριστότερος

152 715 185 741 ἂν
201 715 255 749 εἴη.
273 713 379 740 Ἔπειθ’
393 715 434 740 ὅτι
451 712 544 748 ήὈεια
561 711 617 747 (14)
639 711 761 738 ἐνδίδωσι
777 712 833 742 τοῖς
845 710 936 745 πλημ-

154 759 265 794 μελοῦσι
283 759 377 794 καιρὸν
401 758 553 793 μετανοίας.
575 758 604 783 Ei
620 757 649 783 δὲ
673 756 735 791 μηδ’
750 756 837 787 οὕτως
856 764 937 790 μετα-

152 807 288 840 νοήσαιεν,
304 804 495 840 χαλεπωτέρας
509 805 579 839 ὁριεῖ
588 804 635 834 τὰς
648 802 782 837 τιμωρίας
794 810 801 818 '
814 801 936 836 καὶγὰρ,

155 850 194 883 ὣς
214 851 278 885 φασί
291 858 372 882 τινες,
390 850 406 885 ἡ
419 849 502 876 κακία
515 850 543 875 ὲν
560 849 655 883 κόσμῳ
672 847 851 882 βασιλεύουσα
866 848 939 874 ἀντι-

991 256 1101 287 llerodi,
1117 257 1238 291 quicum
1261 258 1346 285 fratre
1370 259 1495 286 eumdem
1520 264 1624 294 patrem
1654 262 1770 291 habente

990 301 1146 328 inimicitias
1157 303 1254 330 alebat.
1267 303 1315 330 Cui
1331 305 1391 338 quis
1403 312 1546 332 oecurrere
1558 311 1655 340 potest,
1669 308 1770 336 dicens:

989 347 1128 380 Quomodo
1153 347 1273 376 Joannes
1298 357 1351 377 non
1383 355 1510 386 tanquam
1534 353 1697 388 adttlterum,
1723 357 1770 383 sed

990 398 1117 427 tanquam
1130 400 1190 419 eutn
1203 393 1248 427 qui
1266 398 1360 420 contra
1375 394 1459 428 legem
1471 396 1604 430 duxisset,
1619 400 1772 427 accusavit?

988 438 1038 466 Cui
1051 447 1083 465 ex
1100 439 1184 465 altera
1197 443 1273 473 parte
1288 444 1378 474 potest
1392 441 1453 474 quis
1473 443 1646 476 respondere,
1661 445 1769 473 dicens:

989 483 1116 511 Fortasse
1130 491 1176 518 per
1191 483 1309 511 libellum
1326 486 1429 519 repudii
1448 494 1463 512 a
1478 487 1575 514 marito
1598 489 1769 518 discesserat.

990 529 1043 557 Sed
1053 534 1080 557 et
1095 529 1138 556 hic
1153 531 1211 557 vice
1226 537 1304 557 versa
1324 536 1451 558 occurret
1483 532 1634 566 quispiam:
1650 533 1771 566 Quanam

989 575 1072 610 igitur
1086 576 1192 603 ratione
1203 576 1229 603 id
1245 576 1316 610 quod
1327 584 1340 602 a
1357 576 1414 611 lege
1432 584 1590 605 concessum
1606 584 1676 612 erat,
1692 580 1772 607 Joan-

989 629 1038 650 nes
1051 622 1116 649 dicit
1135 625 1229 649 contra
1256 623 1344 657 legem
1363 622 1442 649 fieri?
1460 622 1583 650 Nondum
1596 624 1668 650 enitn
1681 625 1771 652 datum

988 671 1048 694 erat
1058 666 1197 694 oraculum
1214 666 1365 701 Evangelii.
1377 668 1447 701 quod
1461 667 1541 694 talem
1556 667 1771 701 coniunctionem

989 712 1145 747 pronuntiat
1175 719 1236 740 esse
1262 712 1436 739 adulterium.
1468 713 1519 740 Alii
1550 718 1640 740 autetn
1667 714 1771 748 dicuttt,

989 759 1060 792 quod
1074 758 1206 791 Herodes,
1222 759 1313 786 occiso
1325 758 1410 786 fratre
1425 767 1474 794 per
1497 759 1672 794 cupiditatem
1687 761 1772 795 regni,

990 812 1100 832 uxorem
1116 812 1224 839 quoque
1240 805 1300 839 ejus
1333 805 1373 839 (ut
1398 813 1478 839 quant
1504 806 1583 841 longi)
1601 811 1722 841 tempore
1745 814 1774 833 a-

990 850 1101 885 masset)
1120 851 1273 878 abduxerit.
1297 851 1400 884 Quibus
1419 852 1443 878 iii
1459 858 1583 886 prompttt
1598 858 1639 879 est
1657 861 1715 887 qua:
1726 853 1774 880 ob-

153 897 312 924 καθίσταται
331 896 397 931 πρὸς
417 896 446 922 τὸ
462 895 575 929 ἀγαθὸν,
595 895 688 930 φέρειν
708 894 758 930 τὴν
773 894 933 928 ἐπιφάνειαν

987 894 1093 928 iiciatur
1107 895 1255 923 refutatio:
1269 896 1414 928 Quomodo
1431 897 1514 931 igitur
1537 896 1659 931 Baptista
1674 898 1773 925 eaedem

151 940 375 976 ὀνειροπολοῦσαε
405 940 445 967 διὸ
479 939 581 975 ἀρίστῳ
611 939 689 974 ἀνδρὶ
718 938 819 973 φαῦλος
856 938 935 965 πολε-

153 989 222 1022 μεῖ,
241 987 308 1013 ἀλλὰ
336 987 434 1022 ῥαδίως
465 985 618 1012 ἁλίσκεται.
645 985 703 1011 Ἴνα
728 984 782 1019 γὰρ
812 984 847 1010 τὰ
868 983 939 1018 λαμ-

152 1033 210 1068 πρὰ
227 1033 281 1068 (15)
292 1054 299 1065 ,
315 1032 352 1064 ὡς
368 1032 401 1058 δι¹
417 1032 475 1063 ἑνὸς
496 1032 604 1058 ἅπαντα
625 1030 746 1066 μηνύσω,
767 1029 805 1065 τ’ῷ
820 1030 875 1065 γὰρ
889 1029 935 1064 βα-

152 1079 221 1105 σιλεῖ
237 1079 291 1114 (16)
307 1080 356 1114 τῆς
375 1078 550 1114 δικαιοσύνης
573 1077 646 1112 δεῦρ’
672 1076 831 1111 ὲπιφανέντι
851 1085 938 1112 προσ-

151 1124 324 1160 επολέμησαν
350 1126 375 1151 ol
397 1124 445 1158 τῆς
466 1124 574 1155 ἀδικίας
591 1123 775 1150 ὑπασπισταί’
792 1122 860 1149 ἀλλὰ
882 1121 937 1157 γὰρ

151 1170 278 1197 τοσοῦτον
294 1171 415 1197 ἑάλωσαν
439 1170 487 1197 κα)⁸
509 1169 694 1204 ὲσὸέσθησαν,
712 1169 750 1200 ὡς
765 1168 868 1195 ἐκεῖνον
889 1168 937 1203 μὲν

152 1215 289 1250 πανταχοῦ
325 1213 503 1250 ἁνυμνεῖσθαι
519 1222 525 1229 ·
557 1214 620 1245 τοὺς
646 1213 674 1240 δὲ
699 1213 864 1248 νομίσαντας
888 1211 938 1247 τὴν

152 1258 225 1295 ζωὴν
247 1260 386 1294 ἄπρακτον
412 1256 491 1290 εἶναι,
515 1258 617 1289 πάσαις
642 1258 702 1289 ταῖς
730 1257 830 1292 ψήφοις
853 1257 938 1292 ἡττᾶ-

154 1304 228 1331 σθαι.

990 940 1041 974 ipsi
1059 948 1111 967 nou
1126 941 1326 975 exprobravit?
1339 941 1425 969 Tanto
1440 943 1512 969 enim
1526 943 1635 976 gravior
1658 951 1688 970 ea
1714 951 1774 971 esse

989 985 1104 1018 videtur,
1114 991 1215 1020 quanto
1236 987 1320 1021 magis
1338 991 1378 1013 est
1395 987 1527 1014 nefarium
1553 988 1726 1021 parricidium
1743 989 1768 1015 in

989 1030 1074 1058 fratre
1085 1031 1367 1066 commissum,quam
1387 1032 1503 1067 vulgaris
1514 1033 1611 1061 exedas.
1639 1033 1702 1060 Sive
1723 1034 1774 1068 igi-

990 1080 1033 1103 tur
1050 1078 1177 1112 primam,
1195 1081 1223 1104 ut
1237 1085 1287 1111 ego
1301 1077 1432 1109 arbitror,
1449 1079 1506 1105 sive
1531 1078 1688 1110 secutidain,
1717 1078 1774 1105 sive

990 1123 1099 1150 tertiam
1115 1129 1225 1150 causam
1237 1122 1332 1150 habuit
1354 1131 1385 1150 ea
1407 1124 1602 1157 reprehensio:
1619 1125 1729 1151 omnino
1751 1123 1774 1150 is

989 1166 1158 1202 qui'fortiter
1174 1175 1206 1195 ac
1221 1175 1351 1202 generose
1364 1172 1420 1195 tum
1433 1169 1570 1204 redarguit
1598 1176 1698 1204 regem,
1716 1174 1772 1196 tum

991 1217 1106 1240 mortem
1123 1213 1247 1247 oppetiit,
1263 1213 1299 1239 ita
1317 1213 1478 1245 celebretur,
1496 1218 1525 1240 ut
1541 1221 1590 1248 par
1604 1219 1644 1241 est
1656 1221 1717 1240 eum
1730 1221 1775 1240 ce-

989 1257 1101 1290 lebrari,
1116 1258 1161 1291 qui
1179 1257 1331 1284 divinarum
1342 1257 1430 1293 legum
1444 1258 1622 1292 patrocinium
1639 1257 1775 1285 defensio—

992 1309 1107 1337 nemque
1119 1302 1247 1336 suscepit.
1268 1303 1344 1335 Quod
1360 1303 1382 1329 si
1403 1303 1463 1337 quis
1492 1303 1584 1329 dicat:
1609 1302 1665 1330 Cur
1694 1302 1774 1337 igitur

154 1351 205 1378 hoc
218 1352 375 1385 permissum
389 1355 440 1383 est,
476 1354 505 1377 ut
531 1350 686 1385 pateretttr?
714 1348 781 1376 Huic
803 1356 853 1384 ego
880 1349 1085 1385 responderim:
1101 1349 1153 1384 Ipsi
1167 1350 1275 1383 quidem
1310 1350 1376 1376 nihil
1388 1357 1419 1377 ea
1448 1357 1477 1377 re
1491 1350 1611 1376 nocitum
1649 1356 1721 1376 esse.
1745 1348 1772 1376 Si

151 1397 223 1424 enim
234 1397 344 1423 omnino
358 1404 373 1423 e
388 1396 441 1423 vita
455 1395 639 1422 excedendum
654 1399 706 1426 est,
724 1394 757 1427 is,
775 1395 820 1429 qui
840 1394 957 1428 gloriosa
975 1402 1007 1422 ac
1024 1394 1163 1429 splendida
1194 1398 1279 1422 morte
1291 1394 1417 1427 decessit,
1436 1393 1541 1422 beatior
1561 1394 1667 1421 eteteris
1679 1395 1774 1422 existi-

152 1442 266 1470 mandus
297 1443 357 1470 erit.
385 1442 484 1470 Deinde
500 1441 590 1468 divina
626 1441 732 1468 bonitas
757 1440 933 1475 peccantibus
953 1445 1059 1475 tempus
1072 1440 1267 1474 resipiscentize
1297 1440 1430 1467 concedit.
1447 1440 1523 1473 Quod
1545 1440 1569 1467 si
1587 1447 1621 1467 ne
1641 1441 1681 1467 sic
1710 1441 1772 1475 qui-

152 1489 211 1516 dem
228 1488 399 1523 resipnerint,
417 1487 541 1522 graviora
558 1486 623 1520 ipsis
638 1485 768 1521 irrogabit
785 1486 927 1521 supplicia.
949 1486 1030 1519 Nam,
1051 1490 1080 1514 ut
1092 1486 1201 1521 quidam
1217 1486 1302 1518 aiunt,
1316 1485 1475 1520 improbitas
1487 1486 1513 1513 in
1545 1486 1645 1513 muttdo
1661 1494 1772 1520 regnum

151 1535 278 1562 obtinens
294 1534 397 1561 resistit
412 1533 493 1565 bono,
514 1540 650 1567 nunquam
672 1532 698 1560 id
711 1540 794 1560 unum
811 1541 863 1560 non
877 1534 984 1568 agitans
1002 1533 1072 1568 apud
1088 1540 1126 1565 se,
1159 1537 1189 1560 ut
1223 1532 1325 1567 primas
1354 1531 1424 1558 ferat
1455 1539 1487 1559 ac
1515 1537 1681 1568 supernatet.
1710 1533 1775 1565 Quin

151 1589 235 1609 causa
252 1585 293 1608 est
317 1588 366 1608 cur
379 1580 481 1615 optimo
490 1580 549 1607 viro
561 1580 603 1606 vir
615 1579 755 1614 improbus
767 1580 866 1607 bellum
882 1586 988 1609 moveat
1008 1585 1035 1609 et
1046 1581 1222 1612 adversetur;
1241 1580 1289 1607 sed
1322 1579 1378 1607 cito
1390 1586 1422 1607 ac
1452 1579 1530 1607 facile
1547 1580 1680 1615 capiatur.
1708 1580 1775 1607 Nam

151 1632 192 1659 ut,
207 1635 265 1661 qum
277 1627 366 1654 omnia
383 1633 429 1662 per
447 1633 476 1653 se
489 1625 631 1653 manifesta
645 1629 718 1657 sunt,
735 1627 814 1654 unico
830 1632 934 1654 tantum
955 1626 1079 1662 exemplo
1097 1626 1244 1659 declarem,
1275 1625 1349 1661 Regi
1363 1625 1475 1661 iustitia!
1507 1626 1639 1662 (Christo)
1658 1635 1717 1654 cum
1749 1627 1774 1654 in

153 1673 232 1700 terris
248 1673 426 1706 apparuisset,
456 1671 592 1706 iniustitia:
638 1672 770 1699 satellites
804 1680 836 1700 ac
882 1678 1096 1707 propugnatores
1130 1672 1236 1708 (Iudici)
1252 1678 1317 1699 sunt
1345 1673 1499 1699 adversati.
1533 1672 1585 1700 Sed
1609 1674 1676 1701 adeo
1703 1674 1775 1708 capti

151 1719 334 1752 exstinctique
349 1722 461 1750 su:il,nt
477 1718 536 1751 ipso
550 1717 658 1751 quidem
685 1717 772 1744 ubivis
809 1723 943 1745 terrarum
980 1718 1134 1745 celebretur
1147 1722 1174 1745 et
1189 1723 1334 1745 cantetur:
1377 1718 1415 1744 illi
1441 1725 1515 1750 vero,
1541 1719 1587 1753 qui
1611 1720 1693 1747 vitam
1718 1719 1775 1753 ejus

151 1765 267 1792 otiosam
284 1772 315 1791 ac
331 1763 405 1790 nihili
423 1771 483 1790 esse
503 1763 642 1795 rebantur,
668 1763 794 1790 omnibus
816 1763 928 1790 calculis
949 1769 1030 1798 atque
1049 1763 1186 1796 suffragiis
1199 1765 1390 1791 succumbant.

224 1811 280 1843 uz'.
297 1825 330 1829 —
344 1807 522 1844 ΜΑΡΤΙΑΝῼ
544 1809 767 1844 ΠΡΕΣΒΥΤΕΡῼ
779 1809 856 1844 (ιδ’).

151 1855 203 1882 Διὰ
218 1855 247 1882 τί
261 1854 309 1880 ἐπὶ
322 1854 376 1881 τὸν
394 1854 526 1887 σταυρὸν
540 1854 701 1888 ἐρχόμενος
712 1855 727 1880 ὁ
740 1854 866 1887 Χριστὸς
875 1854 940 1886 ταῖς

268 1888 464 1923 κοπτομέναις
476 1889 613 1923 γυναιξὶν
629 1889 821 1922 ἐπετίμησεν,

195 1934 304 1969 Ἐπειδὴ
314 1934 464 1969 γέγραφας,
479 1933 513 1961 δι’
529 1934 562 1969 ἣν
576 1934 664 1961 αἰτίαν
679 1935 692 1960 ό
702 1934 821 1968 Χριστὸς
834 1933 880 1960 ἐπὶ
893 1934 939 1960 τὸν

153 1980 270 2015 σταυρὸν
294 1980 441 2015 ἐρχόμενος
464 1980 479 2015 ἢ
504 1979 696 2014 ἀπαγόμενος,
713 1979 863 2014 ἐπετίμησε
879 1981 939 2011 ταῖς

152 2025 334 2060 κοπτομέναις
350 2025 430 2052 αὑτὸν
447 2025 569 2059 γυναιξίν
596 2026 630 2059 (εἰ
643 2025 698 2060 γὰρ
713 2025 759 2051 καὶ
782 2025 894 2058 ἀγνοίας
909 2025 938 2050 τὸ

152 2072 271 2106 πρᾶγμα
287 2069 330 2106 ἦν,
350 2070 407 2097 ἀλλ’
417 2068 465 2097 οὖν
476 2079 507 2104 γε
519 2071 567 2097 καὶ
582 2070 686 2101 ἐννοίας
698 2067 754 2104 εἶχε
771 2069 937 2104 γνώρισμα)-

151 2115 236 2150 φημὶ,
256 2116 298 2142 ὅτι
315 2115 408 2150 ἐπειδὴ
430 2115 466 2150 μὴ
493 2115 620 2141 ἀκούσιον
649 2114 713 2149 μηδ’
742 2114 890 2150 ἀϐούλητον
903 2112 938 2150 ἦν

150 2161 228 2196 αὐτῷ
241 2161 272 2187 τὸ
286 2161 381 2193 πάθος,
400 2161 505 2196 ὖὸρεως
521 2160 596 2196 αὐτῷ
611 2158 682 2187 εἶναι
699 2160 811 2192 εἰκότως
826 2160 856 2186 τὸ
869 2169 940 2195 συμ-

152 2205 240 2236 παθὲς
251 2206 351 2238 ἔδοξεν.
372 2206 428 2241 Οὐχ
446 2206 494 2240 ἡδὺ
506 2205 570 2241 γὰρ,
589 2205 644 2232 οὐδ’
660 2206 794 2240 ἀποδοχῆς
812 2205 887 2238 ἄξιον
907 2205 940 2232 τὸ

152 2250 304 2285 συμπαθὲς,
319 2248 340 2285 ᾧ
355 2251 391 2286 μὴ
402 2251 486 2282 πάοος
500 2251 650 2286 ἀϐούλητον
658 2251 689 2278 τὸ
700 2250 795 2282 πάθος.

954 1817 975 1844 C
1028 1808 1111 1844 466
1124 1808 1227 1836 XCVII.
1242 1823 1276 1828 —
1294 1808 1471 1837 MARTIANO
1500 1809 1737 1839 PRESBYTERO.

992 1854 1081 1887 Quare
1103 1856 1136 1881 ad
1162 1861 1264 1881 crucem
1289 1854 1466 1888 proﬁciscens,
1498 1855 1620 1883 Christus
1654 1858 1774 1884 mulieres

1225 1889 1343 1924 lugentes
1356 1889 1504 1924 objurgarit
1517 1891 1551 1918 ⁷³.

1024 1935 1155 1968 Quoniam
1180 1943 1227 1970 per
1255 1935 1358 1963 litteras
1375 1937 1533 1971 qttaasivisti,
1557 1946 1637 1972 quam
1655 1939 1690 1966 ob
1713 1947 1777 1966 ean-

988 1988 1045 2008 sam
1058 1981 1185 2009 Christus
1197 1981 1232 2008 ad
1244 1989 1354 2010 crucem
1369 1976 1554 2017 proficiscens,
1569 1989 1615 2011 aut
1628 1985 1775 2015 abductus,

989 2027 1193 2061 ntulieres,qua3
1218 2027 1306 2062 ipsum
1332 2028 1471 2064 lugebant,
1506 2030 1655 2065 objurgarit
1673 2030 1776 2066 (aiebas

991 2074 1073 2103 enim,
1091 2073 1197 2100 tametsi
1211 2073 1392 2108 ignorantiam
1409 2075 1551 2110 quamdam
1573 2076 1599 2103 in
1618 2084 1646 2104 se
1662 2076 1706 2104 illa
1733 2084 1777 2104 res

992 2116 1127 2148 habuerit,
1144 2121 1234 2144 tamen
1256 2121 1330 2145 certe
1354 2117 1548 2147 benevolentia
1568 2120 1713 2155 singularis
1735 2121 1773 2147 si-

990 2160 1383 2196 gnumfuisse);respondeo:
1411 2162 1480 2195 Quia
1497 2171 1550 2191 non
1580 2164 1664 2191 invito
1693 2169 1775 2200 atque

991 2206 1093 2233 nolenti
1104 2206 1154 2240 ipsi
1163 2207 1254 2241 passio
1266 2207 1450 2243 contingebat.
1461 2208 1520 2236 ideo
1536 2209 1662 2244 iniuriam
1677 2217 1774 2245 quam-

992 2252 1054 2279 dam
1070 2251 1121 2286 ipsi
1140 2251 1241 2280 inferre
1260 2252 1430 2285 videbantur,
1445 2254 1518 2287 quod
1535 2254 1621 2282 vicem
1646 2255 1703 2289 ejus
1727 2255 1775 2281 do-

151 2298 254 2325 lebaut.
270 2297 335 2324 Nam
354 2298 411 2332 ejus
426 2298 516 2325 dolere
529 2297 624 2330 vicem,
642 2298 686 2325 cui
713 2297 738 2324 id
750 2297 821 2331 quod
855 2296 956 2331 patitur
976 2304 1029 2325 non
1066 2302 1165 2332 praeter
1193 2301 1322 2326 contrave
1353 2298 1516 2327 voluntatem
1529 2300 1638 2339 evenit,
1659 2308 1711 2328 non
1731 2306 1776 2328 est

152 2352 198 2372 res
213 2345 250 2372 illi
261 2345 391 2378 jucunda,
407 2352 494 2379 neque
509 2349 631 2379 accepta.

190 2400 213 2418 ⁷¹
228 2401 294 2429 Luc.
315 2409 392 2434 uni,
406 2401 451 2428 28.

690 2458 808 2487 VARUS
829 2458 1020 2488 LECTIONES
1038 2459 1084 2488 ET
1102 2459 1218 2490 NOTAE.

190 2538 244 2572 (10)
259 2538 321 2574 Ilii);
338 2542 424 2574 mutat
435 2537 462 2564 in
474 2538 539 2564 διότι
551 2543 577 2565 et
594 2545 663 2565 vers.
677 2544 734 2572 seq.
744 2536 935 2574 χαλεπώτερον

149 2574 177 2601 in
194 2573 334 2608 χαλεπώτε
339 2582 393 2608 ρος.
411 2573 512 2600 Possm.

186 2607 242 2642 (11)
257 2609 289 2634 '0
302 2608 438 2641 ἀνδρεῖος
455 2608 505 2635 καὶ
516 2607 662 2642 γενναῖος.
673 2607 705 2634 F.
717 2608 769 2642 leg.
784 2607 935 2643 όάνδρείως

148 2644 197 2670 καὶ

185 2678 243 2713 (12)
261 2678 316 2704 Τὸν
335 2678 407 2709 ,βίον
430 2677 575 2708 ἐξελθεῖν.
596 2676 677 2713 Forte
695 2677 742 2713 τοῦ
767 2677 835 2712 βίου.
852 2677 936 2705 Porro

147 2711 249 2739 similis
269 2718 309 2739 est
331 2713 464 2739 s--ntentia
483 2712 621 2739 Ciceronis
642 2712 667 2738 iii
688 2711 829 2746 Philippis.
845 2713 936 2739 imita-

147 2747 223 2774 tione
241 2747 427 2773 Demosthenis
440 2747 552 2779 prolata.
570 2746 650 2773 lim.

184 2781 242 2816 (15)
257 2782 323 2808 (20d.
348 2780 405 2807 Vat.
425 2780 529 2814 διεξιὼν
547 2781 627 2807 vertit
643 2781 798 2816 ἱιινὲεελθὼν
820 2786 846 2809 et
864 2789 936 2808 vers.

147 2815 208 2850 seq.
231 2816 467 2850 μακαριστότερος
485 2817 510 2842 in
529 2815 771 2850 μακαριστότατος.
790 2816 935 2849 νειιιὶ.διξιι.

147 2859 198 2885 pro
224 2851 421 2886 μετανοήσαιεν
449 2851 528 2877 habet
551 2851 800 2884 γνωσιμαχήσαιεν,
831 2851 935 2877 Possis.

339 2896 474 2927 ΡΑτιιοι..
494 2896 553 2926 Gn.
573 2894 732 2925 LXXVIII.

211 2644 353 2677 γενναίως.
371 2642 410 2669 ID.

1024 2537 1080 2572 (14)
1092 2537 1157 2574 Ὅτι
1165 2537 1189 2574 ἠ
1198 2537 1270 2574 θεία.
1278 2535 1391 2574 Videtur
1406 2539 1502 2574 deesse
1511 2539 1633 2574 πρόνοια,
1647 2537 1772 2574 vela-{at-

988 2571 1085 2609 061571;,
1096 2573 1136 2599 vel
1154 2572 1352 2609 φιλανθρωπία,
1374 2573 1416 2601 vel
1440 2573 1505 2609 quid
1528 2571 1625 2604 simile,
1647 2572 1697 2599 nisi
1711 2572 1772 2606 quis

989 2608 1064 2634 malit
1078 2607 1166 2635 legere
1175 2608 1205 2634 τὸ
1222 2607 1308 2635 Θείον.
1324 2607 1407 2635 Rt'r'r.

1024 2642 1079 2677 (15)
1092 2640 1157 2677 Cod.
1170 2642 1228 2669 Vat.
1238 2643 1338 2677 omittit
1347 2650 1439 2670 vocem
1454 2641 1580 2677 λαμπρὰ,
1594 2647 1642 2675 pro
1655 2640 1696 2666 illa
1709 2640 1773 2667 sub-

964 2675 970 2681 ’
985 2675 1100 2703 stituens
1121 2676 1189 2703 ἄλλα
1202 2677 1293 2712 παρῶ.
1310 2676 1388 2705 Vers.
1404 2685 1465 2711 pen.
1487 2675 1513 2702 et
1527 2675 1575 2703 ult.
1586 2683 1655 2712 pag.
1677 2680 1712 2712 et_
1728 2682 1770 2707 ep.

986 2719 1034 2747 pro
1063 2712 1203 2747 ἄπρακτον
1236 2709 1304 2738 εἶναι
1342 2709 1436 2739 scribit
1473 2711 1543 2738 idem
1580 2709 1770 2736 ἀπεκτονέναι.

987 2745 1139 2815 ΡοῗῖίέΤΤῷ
1152 2780 1207 2815 γὰρ
1221 2780 1351 2812 βασιλεῖ.
1367 2780 1448 2807 Forte
1463 2778 1597 2815 redundat
1609 2777 1674 2812 γάρ.
1688 2777 1770 2815 Bia-'5.

1036 2811 1089 2850 16⁵)
1105 2811 1172 2842 Cum
1187 2811 1247 2841 'hae
1270 2815 1383 2848 epistola
1402 2814 1522 2850 conferri
1537 2813 1617 2850 dubet
1708 2811 1771 2843 218,

988 2846 1068 2882 ini'ra,
1081 2846 1170 2884 'linjus
1183 2850 1242 2876 libri
1254 2846 1293 2887 iv,
1306 2857 1349 2883 ep.
1364 2849 1414 2877 166
1430 2847 1523 2876 e1285
1542 2848 1587 2874 lib.
1608 2854 1638 2873 ιι.
1653 2846 1694 2874 lu.
1716 2877 1721 2882 _

1559 2891 1594 2921 37
