  <div class='ocr_page' id='page_1' title='image "/cluster/home/n/w/nwhite01/storage/ocr_20150623/78/njp.32101077772794/624.png"; bbox 0 0 2040 3161; ppageno 0'>
   <div class='ocr_carea' id='block_1_1' title="bbox 178 135 246 167">
    <p class='ocr_par' dir='ltr' id='par_1_1' title="bbox 178 135 246 167">
     <span class='ocr_line' id='line_1_1' title="bbox 178 135 246 167; baseline 0.015 -1"><span class='ocrx_word' id='word_1_1' title='bbox 178 135 246 167; x_wconf 85' lang='grc'><strong>1165</strong></span> 
     </span>
    </p>
   </div>
   <div class='ocr_carea' id='block_1_2' title="bbox 631 136 1319 169">
    <p class='ocr_par' dir='ltr' id='par_1_2' title="bbox 631 136 1319 169">
     <span class='ocr_line' id='line_1_2' title="bbox 631 136 1319 169; baseline -0.003 0"><span class='ocrx_word' id='word_1_2' title='bbox 631 138 898 169; x_wconf 78' lang='lat' dir='ltr'><strong>EPISTOLARUM</strong></span> <span class='ocrx_word' id='word_1_3' title='bbox 914 138 987 168; x_wconf 86' lang='lat' dir='ltr'><strong>LIB.</strong></span> <span class='ocrx_word' id='word_1_4' title='bbox 1008 138 1057 168; x_wconf 89' lang='lat' dir='ltr'><strong>IV.</strong></span> <span class='ocrx_word' id='word_1_5' title='bbox 1079 150 1113 156; x_wconf 89' lang='lat'><strong>-—</strong></span> <span class='ocrx_word' id='word_1_6' title='bbox 1132 137 1251 168; x_wconf 87' lang='lat' dir='ltr'><strong>EPIST.</strong></span> <span class='ocrx_word' id='word_1_7' title='bbox 1271 136 1319 167; x_wconf 86' lang='lat' dir='ltr'><strong>CI.</strong></span> 
     </span>
    </p>
   </div>
   <div class='ocr_carea' id='block_1_3' title="bbox 1731 131 1799 163">
    <p class='ocr_par' dir='ltr' id='par_1_3' title="bbox 1731 131 1799 163">
     <span class='ocr_line' id='line_1_3' title="bbox 1731 131 1799 163; baseline -0.015 0"><span class='ocrx_word' id='word_1_8' title='bbox 1731 131 1799 163; x_wconf 80' lang='grc'><strong>1166</strong></span> 
     </span>
    </p>
   </div>
   <div class='ocr_carea' id='block_1_4' title="bbox 173 187 963 230">
    <p class='ocr_par' dir='ltr' id='par_1_4' title="bbox 173 192 962 230">
     <span class='ocr_line' id='line_1_4' title="bbox 173 192 962 230; baseline 0.003 -12"><span class='ocrx_word' id='word_1_9' title='bbox 173 192 323 228; x_wconf 78' lang='grc' dir='ltr'>λαμϐάνειν</span> <span class='ocrx_word' id='word_1_10' title='bbox 346 192 396 224; x_wconf 84' lang='grc' dir='ltr'><strong>τὰς</strong></span> <span class='ocrx_word' id='word_1_11' title='bbox 419 192 588 225; x_wconf 75' lang='grc' dir='ltr'>ἁποδείξεις”</span> <span class='ocrx_word' id='word_1_12' title='bbox 609 195 656 221; x_wconf 71' lang='grc' dir='ltr'>καὶ</span> <span class='ocrx_word' id='word_1_13' title='bbox 674 197 706 230; x_wconf 87' lang='grc' dir='ltr'>τῇ</span> <span class='ocrx_word' id='word_1_14' title='bbox 727 195 791 230; x_wconf 81' lang='grc' dir='ltr'>ἁγίᾳ</span> <span class='ocrx_word' id='word_1_15' title='bbox 811 195 912 229; x_wconf 81' lang='grc' dir='ltr'>συνόδῳ</span> <span class='ocrx_word' id='word_1_16' title='bbox 929 195 962 229; x_wconf 80' lang='grc' dir='ltr'><strong>τῇ</strong></span> 
     </span>
    </p>
   </div>
   <div class='ocr_carea' id='block_1_5' title="bbox 1015 187 1796 230">
    <p class='ocr_par' dir='ltr' id='par_1_5' title="bbox 1015 187 1796 225">
     <span class='ocr_line' id='line_1_5' title="bbox 1015 187 1796 225; baseline -0.006 -6"><span class='ocrx_word' id='word_1_17' title='bbox 1015 200 1075 219; x_wconf 87' lang='lat' dir='ltr'><strong>esse</strong></span> <span class='ocrx_word' id='word_1_18' title='bbox 1085 192 1284 225; x_wconf 83' lang='lat' dir='ltr'><strong>definiverunt;</strong></span> <span class='ocrx_word' id='word_1_19' title='bbox 1301 194 1328 218; x_wconf 88' lang='lat' dir='ltr'><strong>et</strong></span> <span class='ocrx_word' id='word_1_20' title='bbox 1342 190 1387 218; x_wconf 90' lang='lat' dir='ltr'><strong>alii</strong></span> <span class='ocrx_word' id='word_1_21' title='bbox 1399 189 1508 225; x_wconf 82' lang='lat' dir='ltr'><strong>quidem</strong></span> <span class='ocrx_word' id='word_1_22' title='bbox 1522 188 1643 217; x_wconf 75' lang='lat' dir='ltr'><strong>divinum</strong></span> <span class='ocrx_word' id='word_1_23' title='bbox 1666 187 1796 222; x_wconf 75' lang='lat' dir='ltr'><strong>Spiritum</strong></span> 
     </span>
    </p>
   </div>
   <div class='ocr_carea' id='block_1_6' title="bbox 174 237 961 274">
    <p class='ocr_par' dir='ltr' id='par_1_6' title="bbox 174 237 961 274">
     <span class='ocr_line' id='line_1_6' title="bbox 174 237 961 274; baseline 0.001 -11"><span class='ocrx_word' id='word_1_24' title='bbox 174 237 391 273; x_wconf 77' lang='grc' dir='ltr'>συγκροτηΘείσῃ</span> <span class='ocrx_word' id='word_1_25' title='bbox 401 238 471 264; x_wconf 79' lang='grc' dir='ltr'>κατὰ</span> <span class='ocrx_word' id='word_1_26' title='bbox 485 238 780 271; x_wconf 57' lang='grc' dir='ltr'>Νικαίανρκολουθείν.</span> <span class='ocrx_word' id='word_1_27' title='bbox 795 240 861 274; x_wconf 73' lang='grc' dir='ltr'>μήτε</span> <span class='ocrx_word' id='word_1_28' title='bbox 876 247 961 274; x_wconf 82' lang='grc' dir='ltr'>προσ-</span> 
     </span>
    </p>
   </div>
   <div class='ocr_carea' id='block_1_7' title="bbox 173 282 962 320">
    <p class='ocr_par' dir='ltr' id='par_1_7' title="bbox 173 282 962 320">
     <span class='ocr_line' id='line_1_7' title="bbox 173 282 962 320; baseline -0.001 -10"><span class='ocrx_word' id='word_1_29' title='bbox 173 282 312 314; x_wconf 80' lang='grc' dir='ltr'>τιθέντας,</span> <span class='ocrx_word' id='word_1_30' title='bbox 351 284 421 318; x_wconf 84' lang='grc' dir='ltr'>μήτε</span> <span class='ocrx_word' id='word_1_31' title='bbox 448 284 645 319; x_wconf 79' lang='grc' dir='ltr'>ἀφαιροῦντας.</span> <span class='ocrx_word' id='word_1_32' title='bbox 667 284 775 320; x_wconf 78' lang='grc' dir='ltr'>Ἐκείνη</span> <span class='ocrx_word' id='word_1_33' title='bbox 794 284 849 319; x_wconf 82' lang='grc' dir='ltr'>γὰρ</span> <span class='ocrx_word' id='word_1_34' title='bbox 870 283 962 310; x_wconf 83' lang='grc' dir='ltr'>θεόθεν</span> 
     </span>
    </p>
   </div>
   <div class='ocr_carea' id='block_1_8' title="bbox 173 327 715 364">
    <p class='ocr_par' dir='ltr' id='par_1_8' title="bbox 173 327 715 364">
     <span class='ocr_line' id='line_1_8' title="bbox 173 327 715 364; baseline 0.004 -11"><span class='ocrx_word' id='word_1_35' title='bbox 173 327 384 362; x_wconf 69' lang='grc' dir='ltr'>ὲμπνευσθεῖσα,</span> <span class='ocrx_word' id='word_1_36' title='bbox 400 328 518 364; x_wconf 79' lang='grc' dir='ltr'>τάληθὲς</span> <span class='ocrx_word' id='word_1_37' title='bbox 528 329 715 363; x_wconf 73' lang='grc' dir='ltr'>ἐδογμάτισεν.</span> 
     </span>
    </p>
   </div>
   <div class='ocr_carea' id='block_1_9' title="bbox 1016 232 1799 268">
    <p class='ocr_par' dir='ltr' id='par_1_9' title="bbox 1016 232 1799 268">
     <span class='ocr_line' id='line_1_9' title="bbox 1016 232 1799 268; baseline -0.008 -4"><span class='ocrx_word' id='word_1_38' title='bbox 1016 244 1070 264; x_wconf 93' lang='lat' dir='ltr'><strong>non</strong></span> <span class='ocrx_word' id='word_1_39' title='bbox 1086 236 1170 264; x_wconf 86' lang='lat' dir='ltr'><strong>Deum</strong></span> <span class='ocrx_word' id='word_1_40' title='bbox 1185 237 1371 268; x_wconf 73' lang='lat' dir='ltr'><strong>confitentur;</strong></span> <span class='ocrx_word' id='word_1_41' title='bbox 1388 235 1433 263; x_wconf 87' lang='lat' dir='ltr'><strong>alii</strong></span> <span class='ocrx_word' id='word_1_42' title='bbox 1447 243 1511 262; x_wconf 86' lang='lat' dir='ltr'><strong>vero</strong></span> <span class='ocrx_word' id='word_1_43' title='bbox 1531 232 1757 261; x_wconf 82' lang='lat' dir='ltr'><strong>ministratorium</strong></span> <span class='ocrx_word' id='word_1_44' title='bbox 1771 237 1799 259; x_wconf 85' lang='lat' dir='ltr'><strong>et.</strong></span> 
     </span>
    </p>
   </div>
   <div class='ocr_carea' id='block_1_10' title="bbox 1015 280 1800 316">
    <p class='ocr_par' dir='ltr' id='par_1_10' title="bbox 1015 280 1800 316">
     <span class='ocr_line' id='line_1_10' title="bbox 1015 280 1800 316; baseline -0.006 -7"><span class='ocrx_word' id='word_1_45' title='bbox 1015 281 1187 309; x_wconf 81' lang='lat' dir='ltr'><strong>sanetilicum</strong></span> <span class='ocrx_word' id='word_1_46' title='bbox 1207 281 1352 316; x_wconf 83' lang='lat' dir='ltr'><strong>appellant.</strong></span> <span class='ocrx_word' id='word_1_47' title='bbox 1366 281 1424 308; x_wconf 86' lang='lat' dir='ltr'><strong>Non</strong></span> <span class='ocrx_word' id='word_1_48' title='bbox 1437 286 1542 316; x_wconf 88' lang='lat' dir='ltr'><strong>oportet</strong></span> <span class='ocrx_word' id='word_1_49' title='bbox 1558 287 1661 310; x_wconf 81' lang='lat' dir='ltr'><strong>eorum,</strong></span> <span class='ocrx_word' id='word_1_50' title='bbox 1671 280 1715 313; x_wconf 88' lang='lat' dir='ltr'><strong>qui</strong></span> <span class='ocrx_word' id='word_1_51' title='bbox 1728 285 1800 305; x_wconf 88' lang='lat' dir='ltr'><strong>mor-</strong></span> 
     </span>
    </p>
   </div>
   <div class='ocr_carea' id='block_1_11' title="bbox 1017 326 1802 361">
    <p class='ocr_par' dir='ltr' id='par_1_11' title="bbox 1017 326 1802 361">
     <span class='ocr_line' id='line_1_11' title="bbox 1017 326 1802 361; baseline -0.004 -7"><span class='ocrx_word' id='word_1_52' title='bbox 1017 329 1052 355; x_wconf 96' lang='lat' dir='ltr'><strong>bo</strong></span> <span class='ocrx_word' id='word_1_53' title='bbox 1067 327 1201 358; x_wconf 89' lang='lat' dir='ltr'><strong>laborant,</strong></span> <span class='ocrx_word' id='word_1_54' title='bbox 1219 327 1296 361; x_wconf 82' lang='lat' dir='ltr'><strong>sequi</strong></span> <span class='ocrx_word' id='word_1_55' title='bbox 1310 326 1453 361; x_wconf 76' lang='lat' dir='ltr'><strong>sull&#39;ragia;</strong></span> <span class='ocrx_word' id='word_1_56' title='bbox 1465 327 1512 353; x_wconf 81' lang='lat' dir='ltr'><strong>sed</strong></span> <span class='ocrx_word' id='word_1_57' title='bbox 1529 326 1673 360; x_wconf 88' lang='lat' dir='ltr'><strong>exjndicio</strong></span> <span class='ocrx_word' id='word_1_58' title='bbox 1693 329 1802 352; x_wconf 83' lang='lat' dir='ltr'><strong>sancto-</strong></span> 
     </span>
    </p>
   </div>
   <div class='ocr_carea' id='block_1_12' title="bbox 175 373 1801 410">
    <p class='ocr_par' dir='ltr' id='par_1_12' title="bbox 175 373 1801 410">
     <span class='ocr_line' id='line_1_12' title="bbox 175 373 1801 410; baseline -0.001 -10"><span class='ocrx_word' id='word_1_59' title='bbox 175 381 261 404; x_wconf 78' lang='lat' dir='ltr'><strong>torum</strong></span> <span class='ocrx_word' id='word_1_60' title='bbox 277 374 417 402; x_wconf 87' lang='lat' dir='ltr'><strong>hominum</strong></span> <span class='ocrx_word' id='word_1_61' title='bbox 429 376 674 403; x_wconf 83' lang='lat' dir='ltr'><strong>demonstrationes</strong></span> <span class='ocrx_word' id='word_1_62' title='bbox 692 382 821 408; x_wconf 83' lang='lat' dir='ltr'><strong>mutuari,</strong></span> <span class='ocrx_word' id='word_1_63' title='bbox 849 380 876 403; x_wconf 84' lang='lat' dir='ltr'><strong>et</strong></span> <span class='ocrx_word' id='word_1_64' title='bbox 909 380 1008 402; x_wconf 68' lang='lat' dir='ltr'><strong>sancta:</strong></span> <span class='ocrx_word' id='word_1_65' title='bbox 1039 375 1152 410; x_wconf 86' lang='lat' dir='ltr'><strong>synodo,</strong></span> <span class='ocrx_word' id='word_1_66' title='bbox 1182 382 1241 408; x_wconf 75' lang='lat' dir='ltr'><strong>qua:</strong></span> <span class='ocrx_word' id='word_1_67' title='bbox 1265 373 1361 402; x_wconf 72' lang='lat' dir='ltr'><strong>Nicaea:</strong></span> <span class='ocrx_word' id='word_1_68' title='bbox 1380 375 1469 401; x_wconf 88' lang='lat' dir='ltr'><strong>habita</strong></span> <span class='ocrx_word' id='word_1_69' title='bbox 1496 374 1555 405; x_wconf 77' lang='lat' dir='ltr'><strong>fuit,</strong></span> <span class='ocrx_word' id='word_1_70' title='bbox 1587 374 1735 406; x_wconf 76' lang='lat' dir='ltr'><strong>adhaerere,</strong></span> <span class='ocrx_word' id='word_1_71' title='bbox 1755 380 1801 399; x_wconf 84' lang='lat' dir='ltr'><strong>ne-</strong></span> 
     </span>
    </p>
   </div>
   <div class='ocr_carea' id='block_1_13' title="bbox 173 419 1800 455">
    <p class='ocr_par' dir='ltr' id='par_1_13' title="bbox 173 419 1800 455">
     <span class='ocr_line' id='line_1_13' title="bbox 173 419 1800 455; baseline 0 -10"><span class='ocrx_word' id='word_1_72' title='bbox 173 427 226 455; x_wconf 87' lang='lat' dir='ltr'><strong>que</strong></span> <span class='ocrx_word' id='word_1_73' title='bbox 237 419 366 446; x_wconf 76' lang='lat' dir='ltr'><strong>addentes</strong></span> <span class='ocrx_word' id='word_1_74' title='bbox 380 419 404 447; x_wconf 84' lang='lat' dir='ltr'><strong>ei</strong></span> <span class='ocrx_word' id='word_1_75' title='bbox 420 419 577 455; x_wconf 83' lang='lat' dir='ltr'><strong>quidquam,</strong></span> <span class='ocrx_word' id='word_1_76' title='bbox 596 429 683 455; x_wconf 87' lang='lat' dir='ltr'><strong>neque</strong></span> <span class='ocrx_word' id='word_1_77' title='bbox 697 421 882 449; x_wconf 86' lang='lat' dir='ltr'><strong>detrahentes.</strong></span> <span class='ocrx_word' id='word_1_78' title='bbox 904 419 949 447; x_wconf 72' lang='lat' dir='ltr'><strong>Illa</strong></span> <span class='ocrx_word' id='word_1_79' title='bbox 969 421 1040 447; x_wconf 84' lang='lat' dir='ltr'><strong>enim</strong></span> <span class='ocrx_word' id='word_1_80' title='bbox 1072 420 1200 446; x_wconf 84' lang='lat' dir='ltr'><strong>divinitus</strong></span> <span class='ocrx_word' id='word_1_81' title='bbox 1232 420 1374 454; x_wconf 82' lang='lat' dir='ltr'><strong>inspirata,</strong></span> <span class='ocrx_word' id='word_1_82' title='bbox 1400 421 1539 447; x_wconf 79' lang='lat' dir='ltr'><strong>veritatem</strong></span> <span class='ocrx_word' id='word_1_83' title='bbox 1566 421 1719 454; x_wconf 76' lang='lat' dir='ltr'><strong>dogmatum</strong></span> <span class='ocrx_word' id='word_1_84' title='bbox 1745 424 1800 446; x_wconf 86' lang='lat' dir='ltr'><strong>tra-</strong></span> 
     </span>
    </p>
   </div>
   <div class='ocr_carea' id='block_1_14' title="bbox 173 466 252 494">
    <p class='ocr_par' dir='ltr' id='par_1_14' title="bbox 173 466 252 494">
     <span class='ocr_line' id='line_1_14' title="bbox 173 466 252 494; baseline -0.025 0"><span class='ocrx_word' id='word_1_85' title='bbox 173 466 252 494; x_wconf 87' lang='lat' dir='ltr'><strong>didit.</strong></span> 
     </span>
    </p>
   </div>
   <div class='ocr_carea' id='block_1_15' title="bbox 332 523 814 559">
    <p class='ocr_par' dir='ltr' id='par_1_15' title="bbox 332 523 814 559">
     <span class='ocr_line' id='line_1_15' title="bbox 332 523 814 559; baseline 0.002 -10"><span class='ocrx_word' id='word_1_86' title='bbox 332 525 371 550; x_wconf 76' lang='grc' dir='ltr'><strong>ρι.</strong></span> <span class='ocrx_word' id='word_1_87' title='bbox 384 538 418 543; x_wconf 88' lang='grc'><strong><em>-</em></strong></span> <span class='ocrx_word' id='word_1_88' title='bbox 433 523 634 559; x_wconf 69' lang='lat' dir='ltr'><strong>temeratae)</strong></span> <span class='ocrx_word' id='word_1_89' title='bbox 654 523 814 559; x_wconf 72' lang='lat' dir='ltr'><strong>AtAKoNo.</strong></span> 
     </span>
    </p>
   </div>
   <div class='ocr_carea' id='block_1_16' title="bbox 176 568 961 603">
    <p class='ocr_par' dir='ltr' id='par_1_16' title="bbox 176 568 961 603">
     <span class='ocr_line' id='line_1_16' title="bbox 176 568 961 603; baseline -0.004 -7"><span class='ocrx_word' id='word_1_90' title='bbox 176 570 206 596; x_wconf 80' lang='lat' dir='ltr'><em>TI</em></span> <span class='ocrx_word' id='word_1_91' title='bbox 218 569 314 600; x_wconf 83' lang='grc' dir='ltr'>ἐστιν,</span> <span class='ocrx_word' id='word_1_92' title='bbox 330 579 339 594; x_wconf 90' lang='grc' dir='ltr'><strong>ι</strong></span> <span class='ocrx_word' id='word_1_93' title='bbox 357 570 408 602; x_wconf 83' lang='grc' dir='ltr'>Είς</span> <span class='ocrx_word' id='word_1_94' title='bbox 419 568 549 600; x_wconf 79' lang='grc' dir='ltr'><strong>ἔνδειξιν</strong></span> <span class='ocrx_word' id='word_1_95' title='bbox 559 568 614 603; x_wconf 74' lang='grc' dir='ltr'>τῆς</span> <span class='ocrx_word' id='word_1_96' title='bbox 628 569 823 602; x_wconf 79' lang='grc' dir='ltr'><strong>δικαιοσύνης</strong></span> <span class='ocrx_word' id='word_1_97' title='bbox 833 568 936 595; x_wconf 82' lang='grc' dir='ltr'>αὐτοῦ.</span> <span class='ocrx_word' id='word_1_98' title='bbox 952 578 961 593; x_wconf 81' lang='grc' dir='ltr'>ι</span> 
     </span>
    </p>
   </div>
   <div class='ocr_carea' id='block_1_17' title="bbox 215 624 966 660">
    <p class='ocr_par' dir='ltr' id='par_1_17' title="bbox 215 624 966 660">
     <span class='ocr_line' id='line_1_17' title="bbox 215 624 966 660; baseline -0.001 -8"><span class='ocrx_word' id='word_1_99' title='bbox 215 625 323 660; x_wconf 79' lang='grc' dir='ltr'><strong>Ἐπειδὴ</strong></span> <span class='ocrx_word' id='word_1_100' title='bbox 346 627 507 660; x_wconf 78' lang='grc' dir='ltr'><strong>γέγραφας,</strong></span> <span class='ocrx_word' id='word_1_101' title='bbox 524 625 556 652; x_wconf 88' lang='grc' dir='ltr'>Τί</span> <span class='ocrx_word' id='word_1_102' title='bbox 576 627 660 659; x_wconf 77' lang='grc' dir='ltr'>ἐστιν,</span> <span class='ocrx_word' id='word_1_103' title='bbox 687 635 696 651; x_wconf 90' lang='grc' dir='ltr'><strong>ι</strong></span> <span class='ocrx_word' id='word_1_104' title='bbox 718 625 765 656; x_wconf 82' lang='grc' dir='ltr'>Εἰς</span> <span class='ocrx_word' id='word_1_105' title='bbox 784 625 897 658; x_wconf 77' lang='grc' dir='ltr'><strong>ἔνδειξιν</strong></span> <span class='ocrx_word' id='word_1_106' title='bbox 915 624 966 659; x_wconf 84' lang='grc' dir='ltr'>τῆς</span> 
     </span>
    </p>
   </div>
   <div class='ocr_carea' id='block_1_18' title="bbox 172 669 965 705">
    <p class='ocr_par' dir='ltr' id='par_1_18' title="bbox 172 669 965 705">
     <span class='ocr_line' id='line_1_18' title="bbox 172 669 965 705; baseline 0 -9"><span class='ocrx_word' id='word_1_107' title='bbox 172 670 346 704; x_wconf 81' lang='grc' dir='ltr'><strong>δικαιοσύνης</strong></span> <span class='ocrx_word' id='word_1_108' title='bbox 358 669 452 700; x_wconf 59' lang='lat' dir='ltr'><strong>animi;</strong></span> <span class='ocrx_word' id='word_1_109' title='bbox 467 679 476 695; x_wconf 72' lang='grc' dir='ltr'><strong>ι</strong></span> <span class='ocrx_word' id='word_1_110' title='bbox 486 671 566 704; x_wconf 80' lang='grc' dir='ltr'>φημὶ,</span> <span class='ocrx_word' id='word_1_111' title='bbox 578 670 619 696; x_wconf 79' lang='grc' dir='ltr'>ὅτι</span> <span class='ocrx_word' id='word_1_112' title='bbox 630 670 722 705; x_wconf 70' lang='grc' dir='ltr'>ἐπειδὴ</span> <span class='ocrx_word' id='word_1_113' title='bbox 731 671 773 696; x_wconf 80' lang='grc' dir='ltr'>ὅτε</span> <span class='ocrx_word' id='word_1_114' title='bbox 785 671 800 705; x_wconf 87' lang='grc' dir='ltr'><strong>ή</strong></span> <span class='ocrx_word' id='word_1_115' title='bbox 810 670 965 705; x_wconf 83' lang='grc' dir='ltr'>ἀνθρωπεία</span> 
     </span>
    </p>
   </div>
   <div class='ocr_carea' id='block_1_19' title="bbox 173 713 962 751">
    <p class='ocr_par' dir='ltr' id='par_1_19' title="bbox 173 713 962 751">
     <span class='ocr_line' id='line_1_19' title="bbox 173 713 962 751; baseline 0 -10"><span class='ocrx_word' id='word_1_116' title='bbox 173 716 255 750; x_wconf 83' lang='grc' dir='ltr'>φύσις</span> <span class='ocrx_word' id='word_1_117' title='bbox 269 716 366 751; x_wconf 78' lang='grc' dir='ltr'>ἐμάνη,</span> <span class='ocrx_word' id='word_1_118' title='bbox 382 716 429 742; x_wconf 79' lang='grc' dir='ltr'><strong>καὶ</strong></span> <span class='ocrx_word' id='word_1_119' title='bbox 441 715 603 746; x_wconf 81' lang='grc' dir='ltr'>ἁνύποιστος</span> <span class='ocrx_word' id='word_1_120' title='bbox 616 713 650 751; x_wconf 84' lang='grc' dir='ltr'><strong>ἦν</strong></span> <span class='ocrx_word' id='word_1_121' title='bbox 658 715 712 742; x_wconf 84' lang='grc' dir='ltr'><strong>τῶν</strong></span> <span class='ocrx_word' id='word_1_122' title='bbox 725 715 932 750; x_wconf 74' lang='grc' dir='ltr'><strong>ἁμαρτημάτων</strong></span> <span class='ocrx_word' id='word_1_123' title='bbox 947 715 962 749; x_wconf 92' lang='grc' dir='ltr'><strong>ή</strong></span> 
     </span>
    </p>
   </div>
   <div class='ocr_carea' id='block_1_20' title="bbox 172 758 962 795">
    <p class='ocr_par' dir='ltr' id='par_1_20' title="bbox 172 758 962 795">
     <span class='ocr_line' id='line_1_20' title="bbox 172 758 962 795; baseline -0.001 -9"><span class='ocrx_word' id='word_1_124' title='bbox 172 759 316 795; x_wconf 70' lang='grc' dir='ltr'>τυραννὶς,</span> <span class='ocrx_word' id='word_1_125' title='bbox 335 760 383 786; x_wconf 72' lang='grc' dir='ltr'>καὶ</span> <span class='ocrx_word' id='word_1_126' title='bbox 415 760 510 794; x_wconf 78' lang='grc' dir='ltr'>καιρὸς</span> <span class='ocrx_word' id='word_1_127' title='bbox 541 760 703 794; x_wconf 75' lang='grc' dir='ltr'><strong>ἀποφάσεως</strong></span> <span class='ocrx_word' id='word_1_128' title='bbox 725 758 769 795; x_wconf 79' lang='grc' dir='ltr'><strong>ἦν,</strong></span> <span class='ocrx_word' id='word_1_129' title='bbox 795 759 962 795; x_wconf 74' lang='grc' dir='ltr'>πανολεθρίᾳ</span> 
     </span>
    </p>
   </div>
   <div class='ocr_carea' id='block_1_21' title="bbox 174 805 963 842">
    <p class='ocr_par' dir='ltr' id='par_1_21' title="bbox 174 805 963 842">
     <span class='ocr_line' id='line_1_21' title="bbox 174 805 963 842; baseline 0 -10"><span class='ocrx_word' id='word_1_130' title='bbox 174 805 409 840; x_wconf 65' lang='grc' dir='ltr'>καταδικαζούσης</span> <span class='ocrx_word' id='word_1_131' title='bbox 423 805 453 831; x_wconf 69' lang='grc' dir='ltr'><strong>τὺ</strong></span> <span class='ocrx_word' id='word_1_132' title='bbox 470 806 549 839; x_wconf 80' lang='grc' dir='ltr'>γένος</span> <span class='ocrx_word' id='word_1_133' title='bbox 573 805 639 841; x_wconf 82' lang='grc' dir='ltr'>(πᾶς</span> <span class='ocrx_word' id='word_1_134' title='bbox 659 806 713 842; x_wconf 77' lang='grc' dir='ltr'><strong>γὰρ</strong></span> <span class='ocrx_word' id='word_1_135' title='bbox 730 805 849 842; x_wconf 76' lang='grc' dir='ltr'><strong>ἰατρείας</strong></span> <span class='ocrx_word' id='word_1_136' title='bbox 870 805 963 840; x_wconf 76' lang='grc' dir='ltr'><strong>ἑξηλέ-</strong></span> 
     </span>
    </p>
   </div>
   <div class='ocr_carea' id='block_1_22' title="bbox 174 849 962 886">
    <p class='ocr_par' dir='ltr' id='par_1_22' title="bbox 174 849 962 886">
     <span class='ocr_line' id='line_1_22' title="bbox 174 849 962 886; baseline 0 -10"><span class='ocrx_word' id='word_1_137' title='bbox 174 850 245 886; x_wconf 82' lang='grc' dir='ltr'>γχθη</span> <span class='ocrx_word' id='word_1_138' title='bbox 259 851 369 886; x_wconf 82' lang='grc' dir='ltr'><strong>τρόπος,</strong></span> <span class='ocrx_word' id='word_1_139' title='bbox 384 851 430 876; x_wconf 78' lang='grc' dir='ltr'><strong>καὶ</strong></span> <span class='ocrx_word' id='word_1_140' title='bbox 443 850 506 877; x_wconf 75' lang='grc' dir='ltr'>οὕτε</span> <span class='ocrx_word' id='word_1_141' title='bbox 518 852 609 885; x_wconf 79' lang='grc' dir='ltr'>νόμος,</span> <span class='ocrx_word' id='word_1_142' title='bbox 626 849 688 877; x_wconf 67' lang='grc' dir='ltr'>οὔτε</span> <span class='ocrx_word' id='word_1_143' title='bbox 701 851 870 886; x_wconf 81' lang='grc' dir='ltr'>προφητικὸς</span> <span class='ocrx_word' id='word_1_144' title='bbox 885 850 962 884; x_wconf 82' lang='grc' dir='ltr'>λόγος</span> 
     </span>
    </p>
   </div>
   <div class='ocr_carea' id='block_1_23' title="bbox 173 895 962 932">
    <p class='ocr_par' dir='ltr' id='par_1_23' title="bbox 173 895 962 932">
     <span class='ocr_line' id='line_1_23' title="bbox 173 895 962 932; baseline 0 -10"><span class='ocrx_word' id='word_1_145' title='bbox 173 896 221 922; x_wconf 80' lang='grc' dir='ltr'>τὸν</span> <span class='ocrx_word' id='word_1_146' title='bbox 238 895 441 923; x_wconf 78' lang='grc' dir='ltr'>ὲπιπολάσαντα</span> <span class='ocrx_word' id='word_1_147' title='bbox 457 896 550 932; x_wconf 79' lang='grc' dir='ltr'>λοιμὸν</span> <span class='ocrx_word' id='word_1_148' title='bbox 565 897 699 924; x_wconf 75' lang='grc' dir='ltr'><strong>ἀπελάσαι</strong></span> <span class='ocrx_word' id='word_1_149' title='bbox 715 897 818 932; x_wconf 73' lang='grc' dir='ltr'>ἴσχυεν)</span> <span class='ocrx_word' id='word_1_150' title='bbox 832 906 838 912; x_wconf 84' lang='grc'><strong>·</strong></span> <span class='ocrx_word' id='word_1_151' title='bbox 854 896 914 922; x_wconf 84' lang='grc' dir='ltr'>τότε</span> <span class='ocrx_word' id='word_1_152' title='bbox 930 895 962 931; x_wconf 87' lang='grc' dir='ltr'>δὴ</span> 
     </span>
    </p>
   </div>
   <div class='ocr_carea' id='block_1_24' title="bbox 174 941 961 978">
    <p class='ocr_par' dir='ltr' id='par_1_24' title="bbox 174 941 961 978">
     <span class='ocr_line' id='line_1_24' title="bbox 174 941 961 978; baseline -0.001 -10"><span class='ocrx_word' id='word_1_153' title='bbox 174 941 273 977; x_wconf 85' lang='grc' dir='ltr'>λύτρον</span> <span class='ocrx_word' id='word_1_154' title='bbox 296 943 341 968; x_wconf 68' lang='grc' dir='ltr'>τὸν</span> <span class='ocrx_word' id='word_1_155' title='bbox 356 942 496 978; x_wconf 81' lang='grc' dir='ltr'>Μονογενῆ</span> <span class='ocrx_word' id='word_1_156' title='bbox 512 943 708 977; x_wconf 79' lang='grc' dir='ltr'><strong>ἐπεισήγαγεν,</strong></span> <span class='ocrx_word' id='word_1_157' title='bbox 731 943 764 969; x_wconf 75' lang='grc' dir='ltr'><strong>ἵν’</strong></span> <span class='ocrx_word' id='word_1_158' title='bbox 782 942 831 978; x_wconf 76' lang='grc' dir='ltr'><strong>ἔχῃ</strong></span> <span class='ocrx_word' id='word_1_159' title='bbox 851 942 930 976; x_wconf 84' lang='grc' dir='ltr'>λόγον</span> <span class='ocrx_word' id='word_1_160' title='bbox 945 942 961 975; x_wconf 83' lang='grc' dir='ltr'>ἡ</span> 
     </span>
    </p>
   </div>
   <div class='ocr_carea' id='block_1_25' title="bbox 172 986 964 1022">
    <p class='ocr_par' dir='ltr' id='par_1_25' title="bbox 172 986 964 1022">
     <span class='ocr_line' id='line_1_25' title="bbox 172 986 964 1022; baseline -0.001 -9"><span class='ocrx_word' id='word_1_161' title='bbox 172 987 273 1022; x_wconf 72' lang='grc' dir='ltr'>χάρις’</span> <span class='ocrx_word' id='word_1_162' title='bbox 291 987 335 1013; x_wconf 80' lang='grc' dir='ltr'><strong>διὰ</strong></span> <span class='ocrx_word' id='word_1_163' title='bbox 354 986 424 1013; x_wconf 75' lang='grc' dir='ltr'>τοῦτ’</span> <span class='ocrx_word' id='word_1_164' title='bbox 439 986 491 1022; x_wconf 72' lang='grc' dir='ltr'>ἔφη</span> <span class='ocrx_word' id='word_1_165' title='bbox 513 988 528 1013; x_wconf 86' lang='grc' dir='ltr'>ὀ</span> <span class='ocrx_word' id='word_1_166' title='bbox 555 987 715 1018; x_wconf 82' lang='grc' dir='ltr'>Ἀπόστολος</span> <span class='ocrx_word' id='word_1_167' title='bbox 729 996 736 1003; x_wconf 71' lang='grc'><strong>⁸</strong></span> <span class='ocrx_word' id='word_1_168' title='bbox 755 996 764 1012; x_wconf 86' lang='grc' dir='ltr'><strong>ι</strong></span> <span class='ocrx_word' id='word_1_169' title='bbox 787 987 834 1017; x_wconf 80' lang='grc' dir='ltr'>Εἰς</span> <span class='ocrx_word' id='word_1_170' title='bbox 853 986 964 1018; x_wconf 73' lang='grc' dir='ltr'>ἔνδειξιν</span> 
     </span>
    </p>
   </div>
   <div class='ocr_carea' id='block_1_26' title="bbox 172 1031 964 1067">
    <p class='ocr_par' dir='ltr' id='par_1_26' title="bbox 172 1031 964 1067">
     <span class='ocr_line' id='line_1_26' title="bbox 172 1031 964 1067; baseline 0.001 -10"><span class='ocrx_word' id='word_1_171' title='bbox 172 1031 224 1066; x_wconf 81' lang='grc' dir='ltr'>τῆς</span> <span class='ocrx_word' id='word_1_172' title='bbox 237 1031 414 1067; x_wconf 79' lang='grc' dir='ltr'><strong>δικαιοσύνης</strong></span> <span class='ocrx_word' id='word_1_173' title='bbox 430 1031 522 1058; x_wconf 80' lang='grc' dir='ltr'>αὐτοῦ.</span> <span class='ocrx_word' id='word_1_174' title='bbox 539 1041 549 1058; x_wconf 73' lang='grc' dir='ltr'><strong>ι</strong></span> <span class='ocrx_word' id='word_1_175' title='bbox 568 1031 676 1067; x_wconf 84' lang='grc' dir='ltr'>ἰερείον</span> <span class='ocrx_word' id='word_1_176' title='bbox 688 1032 741 1067; x_wconf 79' lang='grc' dir='ltr'>γὰρ</span> <span class='ocrx_word' id='word_1_177' title='bbox 754 1032 925 1067; x_wconf 76' lang='grc' dir='ltr'><strong>προσηνέχθη</strong></span> <span class='ocrx_word' id='word_1_178' title='bbox 935 1031 964 1058; x_wconf 83' lang='grc' dir='ltr'><strong>ἓν</strong></span> 
     </span>
    </p>
   </div>
   <div class='ocr_carea' id='block_1_27' title="bbox 173 1077 961 1113">
    <p class='ocr_par' dir='ltr' id='par_1_27' title="bbox 173 1077 961 1113">
     <span class='ocr_line' id='line_1_27' title="bbox 173 1077 961 1113; baseline 0.001 -10"><span class='ocrx_word' id='word_1_179' title='bbox 173 1077 245 1113; x_wconf 80' lang='grc' dir='ltr'>ὑπὲρ</span> <span class='ocrx_word' id='word_1_180' title='bbox 269 1077 387 1109; x_wconf 81' lang='grc' dir='ltr'>πάντων,</span> <span class='ocrx_word' id='word_1_181' title='bbox 412 1077 458 1104; x_wconf 74' lang='grc' dir='ltr'><strong>καὶ</strong></span> <span class='ocrx_word' id='word_1_182' title='bbox 483 1078 553 1113; x_wconf 82' lang='grc' dir='ltr'>ὑπὲρ</span> <span class='ocrx_word' id='word_1_183' title='bbox 573 1078 622 1113; x_wconf 82' lang='grc' dir='ltr'>τὴν</span> <span class='ocrx_word' id='word_1_184' title='bbox 646 1079 773 1105; x_wconf 79' lang='grc' dir='ltr'>ἁπάντων</span> <span class='ocrx_word' id='word_1_185' title='bbox 796 1078 884 1110; x_wconf 82' lang='grc' dir='ltr'>ἀξίαν,</span> <span class='ocrx_word' id='word_1_186' title='bbox 907 1078 961 1104; x_wconf 74' lang='grc' dir='ltr'><strong>Καὶ</strong></span> 
     </span>
    </p>
   </div>
   <div class='ocr_carea' id='block_1_28' title="bbox 172 1122 960 1159">
    <p class='ocr_par' dir='ltr' id='par_1_28' title="bbox 172 1122 960 1159">
     <span class='ocr_line' id='line_1_28' title="bbox 172 1122 960 1159; baseline -0.001 -9"><span class='ocrx_word' id='word_1_187' title='bbox 172 1123 236 1150; x_wconf 78' lang='grc' dir='ltr'>τότε</span> <span class='ocrx_word' id='word_1_188' title='bbox 251 1123 267 1158; x_wconf 82' lang='grc' dir='ltr'>ὴ</span> <span class='ocrx_word' id='word_1_189' title='bbox 284 1123 353 1158; x_wconf 80' lang='grc' dir='ltr'><strong>ὀργὴ</strong></span> <span class='ocrx_word' id='word_1_190' title='bbox 379 1122 461 1158; x_wconf 79' lang='grc' dir='ltr'>ἐλύθη</span> <span class='ocrx_word' id='word_1_191' title='bbox 471 1142 478 1154; x_wconf 85' lang='grc'><strong>,</strong></span> <span class='ocrx_word' id='word_1_192' title='bbox 492 1124 539 1149; x_wconf 80' lang='grc' dir='ltr'>καὶ</span> <span class='ocrx_word' id='word_1_193' title='bbox 551 1124 567 1158; x_wconf 84' lang='grc' dir='ltr'>ἡ</span> <span class='ocrx_word' id='word_1_194' title='bbox 588 1123 744 1159; x_wconf 78' lang='grc' dir='ltr'>καταλλαγὴ</span> <span class='ocrx_word' id='word_1_195' title='bbox 757 1123 868 1158; x_wconf 82' lang='grc' dir='ltr'>γέγονε,</span> <span class='ocrx_word' id='word_1_196' title='bbox 882 1123 928 1151; x_wconf 74' lang='grc' dir='ltr'>καὶ</span> <span class='ocrx_word' id='word_1_197' title='bbox 944 1124 960 1159; x_wconf 72' lang='grc' dir='ltr'>ἡ</span> 
     </span>
    </p>
   </div>
   <div class='ocr_carea' id='block_1_29' title="bbox 173 1167 962 1204">
    <p class='ocr_par' dir='ltr' id='par_1_29' title="bbox 173 1167 962 1204">
     <span class='ocr_line' id='line_1_29' title="bbox 173 1167 962 1204; baseline 0.001 -10"><span class='ocrx_word' id='word_1_198' title='bbox 173 1167 259 1203; x_wconf 72' lang='grc' dir='ltr'>ἔχθρα</span> <span class='ocrx_word' id='word_1_199' title='bbox 269 1168 310 1199; x_wconf 82' lang='grc' dir='ltr'><strong>είς</strong></span> <span class='ocrx_word' id='word_1_200' title='bbox 324 1167 415 1202; x_wconf 83' lang='grc' dir='ltr'>φιλίαν</span> <span class='ocrx_word' id='word_1_201' title='bbox 436 1167 668 1203; x_wconf 76' lang='grc' dir='ltr'>μετερῤυθμίσθη,</span> <span class='ocrx_word' id='word_1_202' title='bbox 684 1169 732 1194; x_wconf 74' lang='grc' dir='ltr'><strong>καὶ</strong></span> <span class='ocrx_word' id='word_1_203' title='bbox 753 1169 813 1195; x_wconf 77' lang='grc' dir='ltr'>ἀντὶ</span> <span class='ocrx_word' id='word_1_204' title='bbox 830 1169 879 1204; x_wconf 80' lang='grc' dir='ltr'>τῆς</span> <span class='ocrx_word' id='word_1_205' title='bbox 895 1169 962 1195; x_wconf 85' lang='grc' dir='ltr'>ἀπο-</span> 
     </span>
    </p>
   </div>
   <div class='ocr_carea' id='block_1_30' title="bbox 173 1212 961 1250">
    <p class='ocr_par' dir='ltr' id='par_1_30' title="bbox 173 1212 961 1250">
     <span class='ocr_line' id='line_1_30' title="bbox 173 1212 961 1250; baseline 0.001 -10"><span class='ocrx_word' id='word_1_206' title='bbox 173 1212 294 1246; x_wconf 82' lang='grc' dir='ltr'>φάσεως,</span> <span class='ocrx_word' id='word_1_207' title='bbox 309 1213 340 1239; x_wconf 85' lang='grc' dir='ltr'><strong>τὺ</strong></span> <span class='ocrx_word' id='word_1_208' title='bbox 354 1213 493 1248; x_wconf 74' lang='grc' dir='ltr'>ὑπερφυὲς</span> <span class='ocrx_word' id='word_1_209' title='bbox 506 1212 555 1248; x_wconf 81' lang='grc' dir='ltr'>τῆς</span> <span class='ocrx_word' id='word_1_210' title='bbox 567 1213 704 1245; x_wconf 82' lang='grc' dir='ltr'>υἱοθεσίας</span> <span class='ocrx_word' id='word_1_211' title='bbox 725 1214 802 1250; x_wconf 82' lang='grc' dir='ltr'>ὲδόθη</span> <span class='ocrx_word' id='word_1_212' title='bbox 820 1214 961 1250; x_wconf 76' lang='grc' dir='ltr'>χάρισμα,</span> 
     </span>
    </p>
   </div>
   <div class='ocr_carea' id='block_1_31' title="bbox 175 1257 961 1294">
    <p class='ocr_par' dir='ltr' id='par_1_31' title="bbox 175 1257 961 1294">
     <span class='ocr_line' id='line_1_31' title="bbox 175 1257 961 1294; baseline 0.003 -10"><span class='ocrx_word' id='word_1_213' title='bbox 175 1259 223 1284; x_wconf 79' lang='grc' dir='ltr'>καὶ</span> <span class='ocrx_word' id='word_1_214' title='bbox 232 1257 396 1293; x_wconf 48' lang='grc' dir='ltr'>μυρία-δῶρα</span> <span class='ocrx_word' id='word_1_215' title='bbox 413 1258 540 1293; x_wconf 69' lang='grc' dir='ltr'>ἐχόρευσε</span> <span class='ocrx_word' id='word_1_216' title='bbox 553 1259 707 1293; x_wconf 80' lang='grc' dir='ltr'>κοσμοῦντα</span> <span class='ocrx_word' id='word_1_217' title='bbox 720 1259 768 1294; x_wconf 85' lang='grc' dir='ltr'>τὴν</span> <span class='ocrx_word' id='word_1_218' title='bbox 786 1259 961 1294; x_wconf 83' lang='grc' dir='ltr'><strong>Ἐκκλησίαν,</strong></span> 
     </span>
    </p>
   </div>
   <div class='ocr_carea' id='block_1_32' title="bbox 176 1303 961 1340">
    <p class='ocr_par' dir='ltr' id='par_1_32' title="bbox 176 1303 961 1340">
     <span class='ocr_line' id='line_1_32' title="bbox 176 1303 961 1340; baseline 0.001 -10"><span class='ocrx_word' id='word_1_219' title='bbox 176 1303 209 1331; x_wconf 81' lang='grc' dir='ltr'><strong>ἶν’</strong></span> <span class='ocrx_word' id='word_1_220' title='bbox 229 1303 296 1338; x_wconf 73' lang='grc' dir='ltr'>ὁμοῦ</span> <span class='ocrx_word' id='word_1_221' title='bbox 314 1303 361 1330; x_wconf 75' lang='grc' dir='ltr'>καὶ</span> <span class='ocrx_word' id='word_1_222' title='bbox 376 1304 393 1338; x_wconf 85' lang='grc' dir='ltr'><strong>ἡ</strong></span> <span class='ocrx_word' id='word_1_223' title='bbox 413 1303 571 1339; x_wconf 79' lang='grc' dir='ltr'>δικαιοσύνη</span> <span class='ocrx_word' id='word_1_224' title='bbox 593 1304 686 1340; x_wconf 84' lang='grc' dir='ltr'>δειχθῇ</span> <span class='ocrx_word' id='word_1_225' title='bbox 699 1325 705 1335; x_wconf 86' lang='grc'><strong>,</strong></span> <span class='ocrx_word' id='word_1_226' title='bbox 726 1304 799 1340; x_wconf 64' lang='grc' dir='ltr'>καὶὴ</span> <span class='ocrx_word' id='word_1_227' title='bbox 817 1305 961 1340; x_wconf 78' lang='grc' dir='ltr'>περιουσία</span> 
     </span>
    </p>
   </div>
   <div class='ocr_carea' id='block_1_33' title="bbox 174 1348 541 1385">
    <p class='ocr_par' dir='ltr' id='par_1_33' title="bbox 174 1348 541 1385">
     <span class='ocr_line' id='line_1_33' title="bbox 174 1348 541 1385; baseline 0.003 -10"><span class='ocrx_word' id='word_1_228' title='bbox 174 1349 227 1384; x_wconf 77' lang='grc' dir='ltr'>τῆς</span> <span class='ocrx_word' id='word_1_229' title='bbox 241 1348 409 1384; x_wconf 78' lang='grc' dir='ltr'>ἀγαθότητος</span> <span class='ocrx_word' id='word_1_230' title='bbox 422 1349 541 1385; x_wconf 82' lang='grc' dir='ltr'>δηλωθῇ.</span> 
     </span>
    </p>
   </div>
   <div class='ocr_carea' id='block_1_34' title="bbox 1122 520 1612 559">
    <p class='ocr_par' dir='ltr' id='par_1_34' title="bbox 1122 520 1612 559">
     <span class='ocr_line' id='line_1_34' title="bbox 1122 520 1612 559; baseline 0.002 -13"><span class='ocrx_word' id='word_1_231' title='bbox 1122 556 1125 559; x_wconf 85' lang='lat'><em>_</em></span> <span class='ocrx_word' id='word_1_232' title='bbox 1204 521 1234 548; x_wconf 71' lang='grc' dir='ltr'><strong>(Σ.</strong></span> <span class='ocrx_word' id='word_1_233' title='bbox 1249 536 1281 540; x_wconf 96' lang='lat'><strong><em>—</em></strong></span> <span class='ocrx_word' id='word_1_234' title='bbox 1296 520 1432 548; x_wconf 80' lang='lat' dir='ltr'><strong>lSlDORO</strong></span> <span class='ocrx_word' id='word_1_235' title='bbox 1453 520 1612 548; x_wconf 78' lang='lat' dir='ltr'><strong>DIACONO.</strong></span> 
     </span>
    </p>
   </div>
   <div class='ocr_carea' id='block_1_35' title="bbox 1068 565 1741 600">
    <p class='ocr_par' dir='ltr' id='par_1_35' title="bbox 1068 565 1741 600">
     <span class='ocr_line' id='line_1_35' title="bbox 1068 565 1741 600; baseline 0.001 -8"><span class='ocrx_word' id='word_1_236' title='bbox 1068 565 1138 598; x_wconf 86' lang='lat' dir='ltr'><strong>Quid</strong></span> <span class='ocrx_word' id='word_1_237' title='bbox 1153 566 1197 598; x_wconf 79' lang='lat' dir='ltr'><strong>sit,</strong></span> <span class='ocrx_word' id='word_1_238' title='bbox 1217 576 1226 591; x_wconf 89' lang='grc' dir='ltr'><strong>ι</strong></span> <span class='ocrx_word' id='word_1_239' title='bbox 1244 566 1285 592; x_wconf 80' lang='lat' dir='ltr'><strong>Ad</strong></span> <span class='ocrx_word' id='word_1_240' title='bbox 1305 566 1478 592; x_wconf 66' lang='lat' dir='ltr'><strong>ostensione&quot;:</strong></span> <span class='ocrx_word' id='word_1_241' title='bbox 1487 566 1602 600; x_wconf 62' lang='lat' dir='ltr'><strong>justititu</strong></span> <span class='ocrx_word' id='word_1_242' title='bbox 1619 574 1674 593; x_wconf 68' lang='lat' dir='ltr'><strong>suae</strong></span> <span class='ocrx_word' id='word_1_243' title='bbox 1685 567 1719 593; x_wconf 78' lang='lat'><strong>“.</strong></span> <span class='ocrx_word' id='word_1_244' title='bbox 1733 576 1741 592; x_wconf 85' lang='lat' dir='ltr'><strong>I</strong></span> 
     </span>
    </p>
   </div>
   <div class='ocr_carea' id='block_1_36' title="bbox 1049 623 1799 658">
    <p class='ocr_par' dir='ltr' id='par_1_36' title="bbox 1049 623 1799 658">
     <span class='ocr_line' id='line_1_36' title="bbox 1049 623 1799 658; baseline 0.001 -9"><span class='ocrx_word' id='word_1_245' title='bbox 1049 623 1181 656; x_wconf 85' lang='lat' dir='ltr'><strong>Quoniam</strong></span> <span class='ocrx_word' id='word_1_246' title='bbox 1203 631 1250 658; x_wconf 85' lang='lat' dir='ltr'><strong>per</strong></span> <span class='ocrx_word' id='word_1_247' title='bbox 1267 623 1373 650; x_wconf 80' lang='lat' dir='ltr'><strong>litteras</strong></span> <span class='ocrx_word' id='word_1_248' title='bbox 1395 623 1555 657; x_wconf 74' lang='lat' dir='ltr'><strong>qttzesivisti,</strong></span> <span class='ocrx_word' id='word_1_249' title='bbox 1587 623 1650 658; x_wconf 91' lang='lat' dir='ltr'><strong>quid</strong></span> <span class='ocrx_word' id='word_1_250' title='bbox 1671 624 1704 650; x_wconf 87' lang='lat' dir='ltr'><strong>sit</strong></span> <span class='ocrx_word' id='word_1_251' title='bbox 1728 625 1799 658; x_wconf 86' lang='lat' dir='ltr'><strong>quod</strong></span> 
     </span>
    </p>
   </div>
   <div class='ocr_carea' id='block_1_37' title="bbox 1020 669 1797 704">
    <p class='ocr_par' dir='ltr' id='par_1_37' title="bbox 1020 669 1797 704">
     <span class='ocr_line' id='line_1_37' title="bbox 1020 669 1797 704; baseline 0.001 -8"><span class='ocrx_word' id='word_1_252' title='bbox 1020 669 1118 696; x_wconf 84' lang='lat' dir='ltr'><strong>Paulus</strong></span> <span class='ocrx_word' id='word_1_253' title='bbox 1135 670 1222 696; x_wconf 88' lang='lat' dir='ltr'><strong>dixit:</strong></span> <span class='ocrx_word' id='word_1_254' title='bbox 1241 670 1487 696; x_wconf 69' lang='lat' dir='ltr'><strong>(Adosmnsionem</strong></span> <span class='ocrx_word' id='word_1_255' title='bbox 1500 670 1612 704; x_wconf 70' lang='lat' dir='ltr'><strong>jllSlllltE</strong></span> <span class='ocrx_word' id='word_1_256' title='bbox 1625 678 1699 697; x_wconf 67' lang='lat' dir='ltr'><strong>suae:</strong></span> <span class='ocrx_word' id='word_1_257' title='bbox 1718 679 1726 695; x_wconf 80' lang='grc' dir='ltr'><strong>ι</strong></span> <span class='ocrx_word' id='word_1_258' title='bbox 1753 677 1797 697; x_wconf 85' lang='lat' dir='ltr'><strong>re-</strong></span> 
     </span>
    </p>
   </div>
   <div class='ocr_carea' id='block_1_38' title="bbox 1018 709 1795 749">
    <p class='ocr_par' dir='ltr' id='par_1_38' title="bbox 1018 709 1795 749">
     <span class='ocr_line' id='line_1_38' title="bbox 1018 709 1795 749; baseline -0.001 -7"><span class='ocrx_word' id='word_1_259' title='bbox 1018 717 1159 749; x_wconf 82' lang='lat' dir='ltr'><strong>spondeo;</strong></span> <span class='ocrx_word' id='word_1_260' title='bbox 1179 725 1188 740; x_wconf 81' lang='grc'><strong>»</strong></span> <span class='ocrx_word' id='word_1_261' title='bbox 1206 714 1273 748; x_wconf 84' lang='lat' dir='ltr'><strong>Quia</strong></span> <span class='ocrx_word' id='word_1_262' title='bbox 1288 721 1460 749; x_wconf 73' lang='lat' dir='ltr'><strong>posteaquam</strong></span> <span class='ocrx_word' id='word_1_263' title='bbox 1479 709 1594 742; x_wconf 73' lang='lat' dir='ltr'><strong>liumana</strong></span> <span class='ocrx_word' id='word_1_264' title='bbox 1615 720 1710 742; x_wconf 85' lang='lat' dir='ltr'><strong>natura</strong></span> <span class='ocrx_word' id='word_1_265' title='bbox 1725 715 1795 741; x_wconf 87' lang='lat' dir='ltr'><strong>insa-</strong></span> 
     </span>
    </p>
   </div>
   <div class='ocr_carea' id='block_1_39' title="bbox 1018 760 1798 795">
    <p class='ocr_par' dir='ltr' id='par_1_39' title="bbox 1018 760 1798 795">
     <span class='ocr_line' id='line_1_39' title="bbox 1018 760 1798 795; baseline 0.001 -9"><span class='ocrx_word' id='word_1_266' title='bbox 1018 760 1087 786; x_wconf 90' lang='lat' dir='ltr'><strong>nivit</strong></span> <span class='ocrx_word' id='word_1_267' title='bbox 1104 761 1232 787; x_wconf 82' lang='lat' dir='ltr'><strong>adversus</strong></span> <span class='ocrx_word' id='word_1_268' title='bbox 1248 761 1340 790; x_wconf 89' lang='lat' dir='ltr'><strong>Deum.</strong></span> <span class='ocrx_word' id='word_1_269' title='bbox 1361 766 1388 787; x_wconf 91' lang='lat' dir='ltr'><strong>et</strong></span> <span class='ocrx_word' id='word_1_270' title='bbox 1405 766 1578 794; x_wconf 71' lang='lat' dir='ltr'><strong>peccatorum</strong></span> <span class='ocrx_word' id='word_1_271' title='bbox 1589 762 1711 795; x_wconf 86' lang='lat' dir='ltr'><strong>tyrannis</strong></span> <span class='ocrx_word' id='word_1_272' title='bbox 1726 761 1798 788; x_wconf 92' lang='lat' dir='ltr'><strong>into—</strong></span> 
     </span>
    </p>
   </div>
   <div class='ocr_carea' id='block_1_40' title="bbox 1017 805 1798 838">
    <p class='ocr_par' dir='ltr' id='par_1_40' title="bbox 1017 805 1798 838">
     <span class='ocr_line' id='line_1_40' title="bbox 1017 805 1798 838; baseline -0.003 -5"><span class='ocrx_word' id='word_1_273' title='bbox 1017 805 1137 833; x_wconf 79' lang='lat' dir='ltr'><strong>lerabilis</strong></span> <span class='ocrx_word' id='word_1_274' title='bbox 1157 806 1227 832; x_wconf 74' lang='lat' dir='ltr'><strong>farta</strong></span> <span class='ocrx_word' id='word_1_275' title='bbox 1240 810 1308 836; x_wconf 70' lang='lat' dir='ltr'><strong>erat.</strong></span> <span class='ocrx_word' id='word_1_276' title='bbox 1325 811 1351 833; x_wconf 89' lang='lat' dir='ltr'><strong>et</strong></span> <span class='ocrx_word' id='word_1_277' title='bbox 1369 812 1472 838; x_wconf 77' lang='lat' dir='ltr'><strong>tempus</strong></span> <span class='ocrx_word' id='word_1_278' title='bbox 1491 807 1583 832; x_wconf 73' lang='lat' dir='ltr'><strong>adurat</strong></span> <span class='ocrx_word' id='word_1_279' title='bbox 1607 806 1724 832; x_wconf 71' lang='lat' dir='ltr'><strong>ferendae</strong></span> <span class='ocrx_word' id='word_1_280' title='bbox 1735 813 1798 832; x_wconf 77' lang='lat' dir='ltr'><strong>sen-</strong></span> 
     </span>
    </p>
   </div>
   <div class='ocr_carea' id='block_1_41' title="bbox 1016 851 1797 886">
    <p class='ocr_par' dir='ltr' id='par_1_41' title="bbox 1016 851 1797 886">
     <span class='ocr_line' id='line_1_41' title="bbox 1016 851 1797 886; baseline -0.003 -8"><span class='ocrx_word' id='word_1_281' title='bbox 1016 852 1118 882; x_wconf 59' lang='lat' dir='ltr'><strong>tentia&#39;,</strong></span> <span class='ocrx_word' id='word_1_282' title='bbox 1132 859 1191 886; x_wconf 65' lang='lat' dir='ltr'><strong>qum</strong></span> <span class='ocrx_word' id='word_1_283' title='bbox 1204 852 1287 878; x_wconf 85' lang='lat' dir='ltr'><strong>exitio</strong></span> <span class='ocrx_word' id='word_1_284' title='bbox 1302 851 1449 878; x_wconf 85' lang='lat' dir='ltr'><strong>universali</strong></span> <span class='ocrx_word' id='word_1_285' title='bbox 1481 852 1622 877; x_wconf 77' lang='lat' dir='ltr'><strong>damnaret</strong></span> <span class='ocrx_word' id='word_1_286' title='bbox 1646 855 1730 878; x_wconf 86' lang='lat' dir='ltr'><strong>totum</strong></span> <span class='ocrx_word' id='word_1_287' title='bbox 1750 859 1797 885; x_wconf 77' lang='lat' dir='ltr'><strong>ge-</strong></span> 
     </span>
    </p>
   </div>
   <div class='ocr_carea' id='block_1_42' title="bbox 1013 896 1793 932">
    <p class='ocr_par' dir='ltr' id='par_1_42' title="bbox 1013 896 1793 932">
     <span class='ocr_line' id='line_1_42' title="bbox 1013 896 1793 932; baseline -0.004 -8"><span class='ocrx_word' id='word_1_288' title='bbox 1013 905 1064 924; x_wconf 88' lang='lat' dir='ltr'><strong>nus</strong></span> <span class='ocrx_word' id='word_1_289' title='bbox 1079 898 1225 924; x_wconf 86' lang='lat' dir='ltr'><strong>humanum</strong></span> <span class='ocrx_word' id='word_1_290' title='bbox 1245 896 1345 932; x_wconf 90' lang='lat' dir='ltr'><strong>(omnis</strong></span> <span class='ocrx_word' id='word_1_291' title='bbox 1366 897 1436 923; x_wconf 89' lang='lat' dir='ltr'><strong>cnitn</strong></span> <span class='ocrx_word' id='word_1_292' title='bbox 1452 897 1519 923; x_wconf 81' lang='lat' dir='ltr'><strong>ratio</strong></span> <span class='ocrx_word' id='word_1_293' title='bbox 1535 896 1721 923; x_wconf 82' lang='lat' dir='ltr'><strong>medicatiouis</strong></span> <span class='ocrx_word' id='word_1_294' title='bbox 1745 897 1793 922; x_wconf 88' lang='lat' dir='ltr'><strong>de-</strong></span> 
     </span>
    </p>
   </div>
   <div class='ocr_carea' id='block_1_43' title="bbox 1012 941 1794 978">
    <p class='ocr_par' dir='ltr' id='par_1_43' title="bbox 1012 941 1794 978">
     <span class='ocr_line' id='line_1_43' title="bbox 1012 941 1794 978; baseline -0.004 -9"><span class='ocrx_word' id='word_1_295' title='bbox 1012 943 1146 978; x_wconf 88' lang='lat' dir='ltr'><strong>prehensa</strong></span> <span class='ocrx_word' id='word_1_296' title='bbox 1181 943 1270 970; x_wconf 78' lang='lat' dir='ltr'><strong>fuerat</strong></span> <span class='ocrx_word' id='word_1_297' title='bbox 1299 943 1387 969; x_wconf 89' lang='lat' dir='ltr'><strong>inanis</strong></span> <span class='ocrx_word' id='word_1_298' title='bbox 1404 948 1431 969; x_wconf 84' lang='lat' dir='ltr'><strong>et</strong></span> <span class='ocrx_word' id='word_1_299' title='bbox 1453 942 1539 974; x_wconf 85' lang='lat' dir='ltr'><strong>nihili,</strong></span> <span class='ocrx_word' id='word_1_300' title='bbox 1568 949 1599 968; x_wconf 79' lang='lat' dir='ltr'><strong>ac</strong></span> <span class='ocrx_word' id='word_1_301' title='bbox 1628 948 1715 974; x_wconf 82' lang='lat' dir='ltr'><strong>neque</strong></span> <span class='ocrx_word' id='word_1_302' title='bbox 1741 941 1794 972; x_wconf 72' lang='lat' dir='ltr'><strong>lex,</strong></span> 
     </span>
    </p>
   </div>
   <div class='ocr_carea' id='block_1_44' title="bbox 1014 986 1795 1023">
    <p class='ocr_par' dir='ltr' id='par_1_44' title="bbox 1014 986 1795 1023">
     <span class='ocr_line' id='line_1_44' title="bbox 1014 986 1795 1023; baseline -0.004 -8"><span class='ocrx_word' id='word_1_303' title='bbox 1014 996 1100 1023; x_wconf 75' lang='lat' dir='ltr'><strong>neque</strong></span> <span class='ocrx_word' id='word_1_304' title='bbox 1116 989 1289 1023; x_wconf 85' lang='lat' dir='ltr'><strong>propheticus</strong></span> <span class='ocrx_word' id='word_1_305' title='bbox 1301 995 1392 1015; x_wconf 87' lang='lat' dir='ltr'><strong>sermo</strong></span> <span class='ocrx_word' id='word_1_306' title='bbox 1409 987 1578 1021; x_wconf 72' lang='lat' dir='ltr'><strong>pestilentem</strong></span> <span class='ocrx_word' id='word_1_307' title='bbox 1598 987 1730 1016; x_wconf 80' lang='lat' dir='ltr'><strong>morbum,</strong></span> <span class='ocrx_word' id='word_1_308' title='bbox 1748 986 1795 1020; x_wconf 83' lang='lat' dir='ltr'><strong>qui</strong></span> 
     </span>
    </p>
   </div>
   <div class='ocr_carea' id='block_1_45' title="bbox 1013 1031 1793 1068">
    <p class='ocr_par' dir='ltr' id='par_1_45' title="bbox 1013 1031 1793 1068">
     <span class='ocr_line' id='line_1_45' title="bbox 1013 1031 1793 1068; baseline -0.005 -8"><span class='ocrx_word' id='word_1_309' title='bbox 1013 1034 1104 1060; x_wconf 84' lang='lat' dir='ltr'><strong>omnia</strong></span> <span class='ocrx_word' id='word_1_310' title='bbox 1119 1038 1277 1067; x_wconf 86' lang='lat' dir='ltr'><strong>occuparat,</strong></span> <span class='ocrx_word' id='word_1_311' title='bbox 1302 1033 1437 1068; x_wconf 82' lang='lat' dir='ltr'><strong>depellere</strong></span> <span class='ocrx_word' id='word_1_312' title='bbox 1467 1032 1602 1063; x_wconf 87' lang='lat' dir='ltr'><strong>valebat);</strong></span> <span class='ocrx_word' id='word_1_313' title='bbox 1631 1036 1694 1058; x_wconf 89' lang='lat' dir='ltr'><strong>tunc</strong></span> <span class='ocrx_word' id='word_1_314' title='bbox 1724 1031 1793 1057; x_wconf 78' lang='lat' dir='ltr'><strong>Deus</strong></span> 
     </span>
    </p>
   </div>
   <div class='ocr_carea' id='block_1_46' title="bbox 1014 1077 1795 1113">
    <p class='ocr_par' dir='ltr' id='par_1_46' title="bbox 1014 1077 1795 1113">
     <span class='ocr_line' id='line_1_46' title="bbox 1014 1077 1795 1113; baseline -0.004 -9"><span class='ocrx_word' id='word_1_315' title='bbox 1014 1079 1130 1113; x_wconf 84' lang='lat' dir='ltr'><strong>pretium</strong></span> <span class='ocrx_word' id='word_1_316' title='bbox 1152 1078 1347 1112; x_wconf 80' lang='lat' dir='ltr'><strong>redemptionis</strong></span> <span class='ocrx_word' id='word_1_317' title='bbox 1364 1077 1513 1105; x_wconf 79' lang='lat' dir='ltr'><strong>introduxit</strong></span> <span class='ocrx_word' id='word_1_318' title='bbox 1530 1077 1695 1111; x_wconf 73' lang='lat' dir='ltr'><strong>unigenitum</strong></span> <span class='ocrx_word' id='word_1_319' title='bbox 1717 1083 1795 1102; x_wconf 84' lang='lat' dir='ltr'><strong>suum</strong></span> 
     </span>
    </p>
   </div>
   <div class='ocr_carea' id='block_1_47' title="bbox 1014 1122 1798 1158">
    <p class='ocr_par' dir='ltr' id='par_1_47' title="bbox 1014 1122 1798 1158">
     <span class='ocr_line' id='line_1_47' title="bbox 1014 1122 1798 1158; baseline -0.006 -7"><span class='ocrx_word' id='word_1_320' title='bbox 1014 1124 1124 1155; x_wconf 88' lang='lat' dir='ltr'><strong>Filitnn,</strong></span> <span class='ocrx_word' id='word_1_321' title='bbox 1141 1128 1169 1151; x_wconf 89' lang='lat' dir='ltr'><strong>ut</strong></span> <span class='ocrx_word' id='word_1_322' title='bbox 1182 1124 1257 1151; x_wconf 83' lang='lat' dir='ltr'><strong>locus</strong></span> <span class='ocrx_word' id='word_1_323' title='bbox 1272 1131 1332 1151; x_wconf 85' lang='lat' dir='ltr'><strong>esse</strong></span> <span class='ocrx_word' id='word_1_324' title='bbox 1344 1126 1434 1158; x_wconf 78' lang='lat' dir='ltr'><strong>posset</strong></span> <span class='ocrx_word' id='word_1_325' title='bbox 1449 1122 1542 1158; x_wconf 69' lang='lat' dir='ltr'><strong>gratia:</strong></span> <span class='ocrx_word' id='word_1_326' title='bbox 1568 1130 1599 1148; x_wconf 82' lang='lat' dir='ltr'><strong>at:</strong></span> <span class='ocrx_word' id='word_1_327' title='bbox 1611 1122 1695 1149; x_wconf 74' lang='lat' dir='ltr'><strong>venia:</strong></span> <span class='ocrx_word' id='word_1_328' title='bbox 1715 1132 1722 1148; x_wconf 69' lang='grc' dir='ltr'><strong>ι</strong></span> <span class='ocrx_word' id='word_1_329' title='bbox 1737 1129 1798 1147; x_wconf 86' lang='lat' dir='ltr'><strong>eam</strong></span> 
     </span>
    </p>
   </div>
   <div class='ocr_carea' id='block_1_48' title="bbox 1015 1165 1796 1203">
    <p class='ocr_par' dir='ltr' id='par_1_48' title="bbox 1015 1165 1796 1203">
     <span class='ocr_line' id='line_1_48' title="bbox 1015 1165 1796 1203; baseline -0.006 -7"><span class='ocrx_word' id='word_1_330' title='bbox 1015 1170 1049 1197; x_wconf 88' lang='lat' dir='ltr'><strong>ob</strong></span> <span class='ocrx_word' id='word_1_331' title='bbox 1066 1177 1120 1196; x_wconf 86' lang='lat' dir='ltr'><strong>rem</strong></span> <span class='ocrx_word' id='word_1_332' title='bbox 1140 1169 1190 1196; x_wconf 85' lang='lat' dir='ltr'><strong>hoc</strong></span> <span class='ocrx_word' id='word_1_333' title='bbox 1205 1169 1273 1196; x_wconf 86' lang='lat' dir='ltr'><strong>dixit</strong></span> <span class='ocrx_word' id='word_1_334' title='bbox 1287 1168 1434 1203; x_wconf 80' lang='lat' dir='ltr'><strong>Apostolus</strong></span> <span class='ocrx_word' id='word_1_335' title='bbox 1451 1177 1457 1194; x_wconf 93' lang='lat'><strong>:</strong></span> <span class='ocrx_word' id='word_1_336' title='bbox 1482 1176 1491 1193; x_wconf 86' lang='grc' dir='ltr'><strong>ι</strong></span> <span class='ocrx_word' id='word_1_337' title='bbox 1507 1167 1546 1194; x_wconf 83' lang='lat' dir='ltr'><strong>Ad</strong></span> <span class='ocrx_word' id='word_1_338' title='bbox 1558 1165 1796 1200; x_wconf 80' lang='lat' dir='ltr'><strong>ostensionemju-</strong></span> 
     </span>
    </p>
   </div>
   <div class='ocr_carea' id='block_1_49' title="bbox 1011 1206 1794 1246">
    <p class='ocr_par' dir='ltr' id='par_1_49' title="bbox 1011 1206 1794 1246">
     <span class='ocr_line' id='line_1_49' title="bbox 1011 1206 1794 1246; baseline -0.005 -4"><span class='ocrx_word' id='word_1_339' title='bbox 1011 1215 1093 1243; x_wconf 58' lang='lat' dir='ltr'><strong>stiti-te</strong></span> <span class='ocrx_word' id='word_1_340' title='bbox 1105 1222 1172 1242; x_wconf 71' lang='lat' dir='ltr'><strong>suae.</strong></span> <span class='ocrx_word' id='word_1_341' title='bbox 1189 1223 1198 1240; x_wconf 79' lang='grc' dir='ltr'><strong>ι</strong></span> <span class='ocrx_word' id='word_1_342' title='bbox 1217 1206 1334 1241; x_wconf 82' lang='lat' dir='ltr'><strong>Victima</strong></span> <span class='ocrx_word' id='word_1_343' title='bbox 1355 1214 1428 1240; x_wconf 88' lang='lat' dir='ltr'><strong>enitn</strong></span> <span class='ocrx_word' id='word_1_344' title='bbox 1442 1211 1530 1239; x_wconf 79' lang='lat' dir='ltr'><strong>dblata</strong></span> <span class='ocrx_word' id='word_1_345' title='bbox 1547 1217 1587 1239; x_wconf 88' lang='lat' dir='ltr'><strong>est</strong></span> <span class='ocrx_word' id='word_1_346' title='bbox 1607 1220 1658 1238; x_wconf 86' lang='lat' dir='ltr'><strong>una</strong></span> <span class='ocrx_word' id='word_1_347' title='bbox 1674 1219 1723 1246; x_wconf 91' lang='lat' dir='ltr'><strong>pro</strong></span> <span class='ocrx_word' id='word_1_348' title='bbox 1735 1219 1794 1238; x_wconf 87' lang='lat' dir='ltr'><strong>Otll-</strong></span> 
     </span>
    </p>
   </div>
   <div class='ocr_carea' id='block_1_50' title="bbox 1012 1259 1798 1295">
    <p class='ocr_par' dir='ltr' id='par_1_50' title="bbox 1012 1259 1798 1295">
     <span class='ocr_line' id='line_1_50' title="bbox 1012 1259 1798 1295; baseline -0.003 -8"><span class='ocrx_word' id='word_1_349' title='bbox 1012 1261 1102 1292; x_wconf 87' lang='lat' dir='ltr'><strong>nibus,</strong></span> <span class='ocrx_word' id='word_1_350' title='bbox 1120 1267 1234 1295; x_wconf 60' lang='lat' dir='ltr'><strong>qumque</strong></span> <span class='ocrx_word' id='word_1_351' title='bbox 1247 1259 1373 1287; x_wconf 87' lang='lat' dir='ltr'><strong>omnibus</strong></span> <span class='ocrx_word' id='word_1_352' title='bbox 1401 1259 1531 1294; x_wconf 78' lang='lat' dir='ltr'><strong>dignitate</strong></span> <span class='ocrx_word' id='word_1_353' title='bbox 1559 1266 1590 1284; x_wconf 88' lang='lat' dir='ltr'><strong>ac</strong></span> <span class='ocrx_word' id='word_1_354' title='bbox 1610 1259 1698 1293; x_wconf 88' lang='lat' dir='ltr'><strong>pretio</strong></span> <span class='ocrx_word' id='word_1_355' title='bbox 1716 1265 1798 1290; x_wconf 81' lang='lat' dir='ltr'><strong>supe-</strong></span> 
     </span>
    </p>
   </div>
   <div class='ocr_carea' id='block_1_51' title="bbox 1012 1303 1796 1336">
    <p class='ocr_par' dir='ltr' id='par_1_51' title="bbox 1012 1303 1796 1336">
     <span class='ocr_line' id='line_1_51' title="bbox 1012 1303 1796 1336; baseline -0.005 -3"><span class='ocrx_word' id='word_1_356' title='bbox 1012 1306 1068 1333; x_wconf 85' lang='lat' dir='ltr'><strong>rior</strong></span> <span class='ocrx_word' id='word_1_357' title='bbox 1083 1310 1167 1334; x_wconf 83' lang='lat' dir='ltr'><strong>esset.</strong></span> <span class='ocrx_word' id='word_1_358' title='bbox 1183 1306 1221 1332; x_wconf 84' lang='lat' dir='ltr'><strong>Ac</strong></span> <span class='ocrx_word' id='word_1_359' title='bbox 1236 1309 1300 1332; x_wconf 89' lang='lat' dir='ltr'><strong>tunc</strong></span> <span class='ocrx_word' id='word_1_360' title='bbox 1321 1305 1410 1332; x_wconf 87' lang='lat' dir='ltr'><strong>soluta</strong></span> <span class='ocrx_word' id='word_1_361' title='bbox 1427 1310 1469 1332; x_wconf 89' lang='lat' dir='ltr'><strong>est</strong></span> <span class='ocrx_word' id='word_1_362' title='bbox 1482 1305 1535 1336; x_wconf 90' lang='lat' dir='ltr'><strong>ira,</strong></span> <span class='ocrx_word' id='word_1_363' title='bbox 1549 1309 1575 1331; x_wconf 85' lang='lat' dir='ltr'><strong>et</strong></span> <span class='ocrx_word' id='word_1_364' title='bbox 1607 1303 1796 1330; x_wconf 88' lang='lat' dir='ltr'><strong>reconciliatio</strong></span> 
     </span>
    </p>
   </div>
   <div class='ocr_carea' id='block_1_52' title="bbox 1011 1350 1798 1385">
    <p class='ocr_par' dir='ltr' id='par_1_52' title="bbox 1011 1350 1798 1385">
     <span class='ocr_line' id='line_1_52' title="bbox 1011 1350 1798 1385; baseline -0.004 -7"><span class='ocrx_word' id='word_1_365' title='bbox 1011 1350 1081 1378; x_wconf 78' lang='lat' dir='ltr'><strong>faeta</strong></span> <span class='ocrx_word' id='word_1_366' title='bbox 1096 1355 1148 1384; x_wconf 85' lang='lat' dir='ltr'><strong>est,</strong></span> <span class='ocrx_word' id='word_1_367' title='bbox 1171 1350 1408 1385; x_wconf 76' lang='lat' dir='ltr'><strong>redintegrataque</strong></span> <span class='ocrx_word' id='word_1_368' title='bbox 1435 1350 1533 1385; x_wconf 74' lang='lat' dir='ltr'><strong>gratia,</strong></span> <span class='ocrx_word' id='word_1_369' title='bbox 1563 1357 1725 1376; x_wconf 80' lang='lat' dir='ltr'><strong>conversum</strong></span> <span class='ocrx_word' id='word_1_370' title='bbox 1756 1353 1798 1376; x_wconf 84' lang='lat' dir='ltr'><strong>est</strong></span> 
     </span>
    </p>
   </div>
   <div class='ocr_carea' id='block_1_53' title="bbox 179 1396 1799 1433">
    <p class='ocr_par' dir='ltr' id='par_1_53' title="bbox 179 1396 1799 1433">
     <span class='ocr_line' id='line_1_53' title="bbox 179 1396 1799 1433; baseline 0.001 -11"><span class='ocrx_word' id='word_1_371' title='bbox 179 1397 273 1423; x_wconf 89' lang='lat' dir='ltr'><strong>odium</strong></span> <span class='ocrx_word' id='word_1_372' title='bbox 289 1397 314 1423; x_wconf 94' lang='lat' dir='ltr'><strong>iu</strong></span> <span class='ocrx_word' id='word_1_373' title='bbox 331 1397 500 1424; x_wconf 84' lang='lat' dir='ltr'><strong>amicitiam:</strong></span> <span class='ocrx_word' id='word_1_374' title='bbox 516 1403 542 1424; x_wconf 91' lang='lat' dir='ltr'><strong>et</strong></span> <span class='ocrx_word' id='word_1_375' title='bbox 557 1405 606 1432; x_wconf 91' lang='lat' dir='ltr'><strong>pro</strong></span> <span class='ocrx_word' id='word_1_376' title='bbox 629 1400 760 1425; x_wconf 84' lang='lat' dir='ltr'><strong>sententia</strong></span> <span class='ocrx_word' id='word_1_377' title='bbox 783 1397 892 1433; x_wconf 86' lang='lat' dir='ltr'><strong>capitali</strong></span> <span class='ocrx_word' id='word_1_378' title='bbox 927 1396 1106 1425; x_wconf 73' lang='lat' dir='ltr'><strong>abdicationis</strong></span> <span class='ocrx_word' id='word_1_379' title='bbox 1137 1398 1228 1424; x_wconf 86' lang='lat' dir='ltr'><strong>datum</strong></span> <span class='ocrx_word' id='word_1_380' title='bbox 1262 1401 1304 1424; x_wconf 89' lang='lat' dir='ltr'><strong>est</strong></span> <span class='ocrx_word' id='word_1_381' title='bbox 1333 1397 1470 1424; x_wconf 82' lang='lat' dir='ltr'><strong>excellens</strong></span> <span class='ocrx_word' id='word_1_382' title='bbox 1495 1396 1561 1423; x_wconf 90' lang='lat' dir='ltr'><strong>illud</strong></span> <span class='ocrx_word' id='word_1_383' title='bbox 1589 1396 1745 1430; x_wconf 82' lang='lat' dir='ltr'><strong>adoptionis</strong></span> <span class='ocrx_word' id='word_1_384' title='bbox 1771 1396 1799 1423; x_wconf 89' lang='lat' dir='ltr'><strong>in</strong></span> 
     </span>
    </p>
   </div>
   <div class='ocr_carea' id='block_1_54' title="bbox 176 1441 1799 1479">
    <p class='ocr_par' dir='ltr' id='par_1_54' title="bbox 176 1441 1799 1479">
     <span class='ocr_line' id='line_1_54' title="bbox 176 1441 1799 1479; baseline -0.001 -10"><span class='ocrx_word' id='word_1_385' title='bbox 176 1443 248 1469; x_wconf 81' lang='lat' dir='ltr'><strong>illios</strong></span> <span class='ocrx_word' id='word_1_386' title='bbox 261 1443 372 1474; x_wconf 89' lang='lat' dir='ltr'><strong>donum,</strong></span> <span class='ocrx_word' id='word_1_387' title='bbox 385 1447 412 1470; x_wconf 89' lang='lat' dir='ltr'><strong>et</strong></span> <span class='ocrx_word' id='word_1_388' title='bbox 428 1442 533 1470; x_wconf 84' lang='lat' dir='ltr'><strong>inﬁnita</strong></span> <span class='ocrx_word' id='word_1_389' title='bbox 546 1450 719 1471; x_wconf 65' lang='lat' dir='ltr'><strong>accessu-unt</strong></span> <span class='ocrx_word' id='word_1_390' title='bbox 745 1445 825 1476; x_wconf 87' lang='lat' dir='ltr'><strong>dona,</strong></span> <span class='ocrx_word' id='word_1_391' title='bbox 857 1443 956 1479; x_wconf 85' lang='lat' dir='ltr'><strong>quibus</strong></span> <span class='ocrx_word' id='word_1_392' title='bbox 976 1449 1155 1472; x_wconf 81' lang='lat' dir='ltr'><strong>exornaretur</strong></span> <span class='ocrx_word' id='word_1_393' title='bbox 1171 1443 1291 1470; x_wconf 85' lang='lat' dir='ltr'><strong>Ecclesia</strong></span> <span class='ocrx_word' id='word_1_394' title='bbox 1306 1452 1312 1471; x_wconf 88' lang='lat'>:</span> <span class='ocrx_word' id='word_1_395' title='bbox 1345 1447 1374 1469; x_wconf 93' lang='lat' dir='ltr'><strong>ut</strong></span> <span class='ocrx_word' id='word_1_396' title='bbox 1387 1442 1424 1469; x_wconf 91' lang='lat' dir='ltr'><strong>ita</strong></span> <span class='ocrx_word' id='word_1_397' title='bbox 1452 1441 1534 1469; x_wconf 88' lang='lat' dir='ltr'><strong>simul</strong></span> <span class='ocrx_word' id='word_1_398' title='bbox 1548 1441 1689 1476; x_wconf 83' lang='lat' dir='ltr'><strong>etjustitia</strong></span> <span class='ocrx_word' id='word_1_399' title='bbox 1706 1446 1799 1468; x_wconf 84' lang='lat' dir='ltr'><strong>osten-</strong></span> 
     </span>
    </p>
   </div>
   <div class='ocr_carea' id='block_1_55' title="bbox 176 1487 872 1519">
    <p class='ocr_par' dir='ltr' id='par_1_55' title="bbox 176 1487 872 1519">
     <span class='ocr_line' id='line_1_55' title="bbox 176 1487 872 1519; baseline 0 -3"><span class='ocrx_word' id='word_1_400' title='bbox 176 1489 298 1519; x_wconf 88' lang='lat' dir='ltr'><strong>deretur,</strong></span> <span class='ocrx_word' id='word_1_401' title='bbox 319 1491 347 1514; x_wconf 87' lang='lat' dir='ltr'><strong>et</strong></span> <span class='ocrx_word' id='word_1_402' title='bbox 358 1487 521 1514; x_wconf 86' lang='lat' dir='ltr'><strong>abundantia</strong></span> <span class='ocrx_word' id='word_1_403' title='bbox 538 1487 665 1516; x_wconf 86' lang='lat' dir='ltr'><strong>bonitatis</strong></span> <span class='ocrx_word' id='word_1_404' title='bbox 679 1490 872 1516; x_wconf 79' lang='lat' dir='ltr'><strong>tleclararetur.</strong></span> 
     </span>
    </p>
   </div>
   <div class='ocr_carea' id='block_1_56' title="bbox 253 1544 881 1582">
    <p class='ocr_par' dir='ltr' id='par_1_56' title="bbox 253 1544 881 1582">
     <span class='ocr_line' id='line_1_56' title="bbox 253 1544 881 1582; baseline 0.005 -12"><span class='ocrx_word' id='word_1_405' title='bbox 253 1544 316 1572; x_wconf 64' lang='lat' dir='ltr'><strong>px.</strong></span> <span class='ocrx_word' id='word_1_406' title='bbox 334 1559 371 1564; x_wconf 89' lang='lat'><strong><em>—</em></strong></span> <span class='ocrx_word' id='word_1_407' title='bbox 384 1544 559 1581; x_wconf 80' lang='grc' dir='ltr'><strong>ΜΑΡΤΥΡΙῼ</strong></span> <span class='ocrx_word' id='word_1_408' title='bbox 574 1546 796 1582; x_wconf 84' lang='grc' dir='ltr'><strong>ΠΡΕΣΒΥΤΕΡῼ</strong></span> <span class='ocrx_word' id='word_1_409' title='bbox 815 1546 881 1581; x_wconf 70' lang='grc'>(27).</span> 
     </span>
    </p>
   </div>
   <div class='ocr_carea' id='block_1_57' title="bbox 179 1589 962 1626">
    <p class='ocr_par' dir='ltr' id='par_1_57' title="bbox 179 1589 962 1626">
     <span class='ocr_line' id='line_1_57' title="bbox 179 1589 962 1626; baseline 0.003 -10"><span class='ocrx_word' id='word_1_410' title='bbox 179 1589 231 1624; x_wconf 59' lang='lat' dir='ltr'><strong>Et;</strong></span> <span class='ocrx_word' id='word_1_411' title='bbox 244 1590 277 1616; x_wconf 84' lang='grc' dir='ltr'>τὸ</span> <span class='ocrx_word' id='word_1_412' title='bbox 290 1610 297 1623; x_wconf 91' lang='grc'><strong>,</strong></span> <span class='ocrx_word' id='word_1_413' title='bbox 314 1599 324 1616; x_wconf 85' lang='grc' dir='ltr'><strong>ι</strong></span> <span class='ocrx_word' id='word_1_414' title='bbox 345 1590 478 1618; x_wconf 81' lang='grc' dir='ltr'>Δέδωκεν</span> <span class='ocrx_word' id='word_1_415' title='bbox 491 1590 592 1626; x_wconf 62' lang='grc' dir='ltr'>αὺεοῖς</span> <span class='ocrx_word' id='word_1_416' title='bbox 607 1592 623 1617; x_wconf 84' lang='grc' dir='ltr'><em>ό</em></span> <span class='ocrx_word' id='word_1_417' title='bbox 644 1592 716 1625; x_wconf 79' lang='grc' dir='ltr'><strong>Θεὸς</strong></span> <span class='ocrx_word' id='word_1_418' title='bbox 730 1592 848 1626; x_wconf 78' lang='grc' dir='ltr'>πνεῦμα</span> <span class='ocrx_word' id='word_1_419' title='bbox 871 1599 962 1618; x_wconf 48' lang='lat' dir='ltr'><strong>emta.</strong></span> 
     </span>
    </p>
   </div>
   <div class='ocr_carea' id='block_1_58' title="bbox 495 1624 649 1659">
    <p class='ocr_par' dir='ltr' id='par_1_58' title="bbox 495 1624 649 1659">
     <span class='ocr_line' id='line_1_58' title="bbox 495 1624 649 1659; baseline -0.006 -7"><span class='ocrx_word' id='word_1_420' title='bbox 495 1624 619 1659; x_wconf 80' lang='grc' dir='ltr'>νύεεως.</span> <span class='ocrx_word' id='word_1_421' title='bbox 641 1634 649 1651; x_wconf 75' lang='grc' dir='ltr'><strong>ι</strong></span> 
     </span>
    </p>
   </div>
   <div class='ocr_carea' id='block_1_59' title="bbox 221 1679 962 1717">
    <p class='ocr_par' dir='ltr' id='par_1_59' title="bbox 221 1679 962 1717">
     <span class='ocr_line' id='line_1_59' title="bbox 221 1679 962 1717; baseline 0.003 -11"><span class='ocrx_word' id='word_1_422' title='bbox 221 1679 331 1716; x_wconf 79' lang='grc' dir='ltr'><strong>Ἐπειδὴ</strong></span> <span class='ocrx_word' id='word_1_423' title='bbox 346 1680 386 1711; x_wconf 61' lang='lat' dir='ltr'><strong>ab,</strong></span> <span class='ocrx_word' id='word_1_424' title='bbox 404 1689 413 1706; x_wconf 81' lang='grc' dir='ltr'><strong>ι</strong></span> <span class='ocrx_word' id='word_1_425' title='bbox 431 1681 551 1707; x_wconf 78' lang='grc' dir='ltr'>Δέδωκεν</span> <span class='ocrx_word' id='word_1_426' title='bbox 571 1683 662 1715; x_wconf 79' lang='grc' dir='ltr'>αὐτοῖς</span> <span class='ocrx_word' id='word_1_427' title='bbox 677 1682 690 1708; x_wconf 77' lang='grc' dir='ltr'><strong>ὁ</strong></span> <span class='ocrx_word' id='word_1_428' title='bbox 701 1681 766 1713; x_wconf 80' lang='grc' dir='ltr'>Θεὸς</span> <span class='ocrx_word' id='word_1_429' title='bbox 787 1682 895 1717; x_wconf 76' lang='grc' dir='ltr'>πνεῦμα</span> <span class='ocrx_word' id='word_1_430' title='bbox 912 1691 962 1708; x_wconf 78' lang='grc' dir='ltr'>κα-</span> 
     </span>
    </p>
   </div>
   <div class='ocr_carea' id='block_1_60' title="bbox 176 1723 963 1760">
    <p class='ocr_par' dir='ltr' id='par_1_60' title="bbox 176 1723 963 1760">
     <span class='ocr_line' id='line_1_60' title="bbox 176 1723 963 1760; baseline 0.001 -8"><span class='ocrx_word' id='word_1_431' title='bbox 176 1725 325 1758; x_wconf 80' lang='grc' dir='ltr'>τανύξεως,</span> <span class='ocrx_word' id='word_1_432' title='bbox 341 1724 496 1760; x_wconf 72' lang='grc' dir='ltr'>ὀφθαλμοὺς</span> <span class='ocrx_word' id='word_1_433' title='bbox 512 1725 559 1752; x_wconf 78' lang='grc' dir='ltr'>τοῦ</span> <span class='ocrx_word' id='word_1_434' title='bbox 582 1726 618 1759; x_wconf 85' lang='grc' dir='ltr'>μὴ</span> <span class='ocrx_word' id='word_1_435' title='bbox 638 1726 757 1760; x_wconf 76' lang='grc' dir='ltr'>βλέπειν,</span> <span class='ocrx_word' id='word_1_436' title='bbox 779 1727 827 1753; x_wconf 64' lang='grc' dir='ltr'>καὶ</span> <span class='ocrx_word' id='word_1_437' title='bbox 845 1723 902 1753; x_wconf 80' lang='grc' dir='ltr'>ὦτα</span> <span class='ocrx_word' id='word_1_438' title='bbox 915 1726 963 1753; x_wconf 84' lang='grc' dir='ltr'>τοῦ</span> 
     </span>
    </p>
   </div>
   <div class='ocr_carea' id='block_1_61' title="bbox 179 1769 964 1806">
    <p class='ocr_par' dir='ltr' id='par_1_61' title="bbox 179 1769 964 1806">
     <span class='ocr_line' id='line_1_61' title="bbox 179 1769 964 1806; baseline 0.001 -10"><span class='ocrx_word' id='word_1_439' title='bbox 179 1770 218 1805; x_wconf 82' lang='grc' dir='ltr'>μὴ</span> <span class='ocrx_word' id='word_1_440' title='bbox 232 1770 352 1801; x_wconf 74' lang='grc' dir='ltr'>ἀκούειν,</span> <span class='ocrx_word' id='word_1_441' title='bbox 369 1769 420 1801; x_wconf 74' lang='grc' dir='ltr'>ἓως</span> <span class='ocrx_word' id='word_1_442' title='bbox 435 1769 483 1805; x_wconf 78' lang='grc' dir='ltr'>τῆς</span> <span class='ocrx_word' id='word_1_443' title='bbox 503 1772 624 1805; x_wconf 83' lang='grc' dir='ltr'>σήμερον</span> <span class='ocrx_word' id='word_1_444' title='bbox 645 1770 769 1806; x_wconf 78' lang='grc' dir='ltr'>ἡμέρας,</span> <span class='ocrx_word' id='word_1_445' title='bbox 800 1779 809 1795; x_wconf 71' lang='grc' dir='ltr'><strong>ι</strong></span> <span class='ocrx_word' id='word_1_446' title='bbox 838 1779 964 1806; x_wconf 86' lang='grc' dir='ltr'>σαφηνι-</span> 
     </span>
    </p>
   </div>
   <div class='ocr_carea' id='block_1_62' title="bbox 178 1815 965 1851">
    <p class='ocr_par' dir='ltr' id='par_1_62' title="bbox 178 1815 965 1851">
     <span class='ocr_line' id='line_1_62' title="bbox 178 1815 965 1851; baseline 0.001 -9"><span class='ocrx_word' id='word_1_447' title='bbox 178 1815 277 1851; x_wconf 74' lang='grc' dir='ltr'>σθῆναί</span> <span class='ocrx_word' id='word_1_448' title='bbox 292 1823 332 1842; x_wconf 85' lang='grc' dir='ltr'><strong>σοι</strong></span> <span class='ocrx_word' id='word_1_449' title='bbox 359 1815 490 1850; x_wconf 62' lang='grc' dir='ltr'><strong>⁴ἰγξίωσας,</strong></span> <span class='ocrx_word' id='word_1_450' title='bbox 505 1816 598 1842; x_wconf 77' lang='grc' dir='ltr'>ἄκουε·</span> <span class='ocrx_word' id='word_1_451' title='bbox 613 1816 659 1847; x_wconf 79' lang='grc' dir='ltr'><strong>Τὸ,</strong></span> <span class='ocrx_word' id='word_1_452' title='bbox 673 1815 774 1848; x_wconf 75' lang='grc' dir='ltr'>ἔδωκε,</span> <span class='ocrx_word' id='word_1_453' title='bbox 791 1816 838 1842; x_wconf 78' lang='grc' dir='ltr'>καὶ</span> <span class='ocrx_word' id='word_1_454' title='bbox 852 1817 881 1842; x_wconf 81' lang='grc' dir='ltr'>τὸ</span> <span class='ocrx_word' id='word_1_455' title='bbox 892 1825 965 1850; x_wconf 81' lang='grc' dir='ltr'>παρ-</span> 
     </span>
    </p>
   </div>
   <div class='ocr_carea' id='block_1_63' title="bbox 177 1861 965 1897">
    <p class='ocr_par' dir='ltr' id='par_1_63' title="bbox 177 1861 965 1897">
     <span class='ocr_line' id='line_1_63' title="bbox 177 1861 965 1897; baseline 0.001 -9"><span class='ocrx_word' id='word_1_456' title='bbox 177 1861 286 1893; x_wconf 77' lang='grc' dir='ltr'>έδωκε,</span> <span class='ocrx_word' id='word_1_457' title='bbox 299 1861 369 1888; x_wconf 83' lang='grc' dir='ltr'>κατὰ</span> <span class='ocrx_word' id='word_1_458' title='bbox 383 1863 446 1893; x_wconf 82' lang='grc' dir='ltr'>τοὺς</span> <span class='ocrx_word' id='word_1_459' title='bbox 468 1862 518 1896; x_wconf 85' lang='grc' dir='ltr'>τῆς</span> <span class='ocrx_word' id='word_1_460' title='bbox 536 1862 612 1897; x_wconf 73' lang='grc' dir='ltr'>ἱερᾶς</span> <span class='ocrx_word' id='word_1_461' title='bbox 628 1862 737 1897; x_wconf 82' lang='grc' dir='ltr'>Γραφῆς</span> <span class='ocrx_word' id='word_1_462' title='bbox 751 1862 850 1897; x_wconf 88' lang='grc' dir='ltr'>νόμους</span> <span class='ocrx_word' id='word_1_463' title='bbox 867 1863 915 1889; x_wconf 81' lang='grc' dir='ltr'><strong>καὶ</strong></span> <span class='ocrx_word' id='word_1_464' title='bbox 930 1862 965 1889; x_wconf 74' lang='grc' dir='ltr'><strong>τὰ</strong></span> 
     </span>
    </p>
   </div>
   <div class='ocr_carea' id='block_1_64' title="bbox 181 1907 965 1943">
    <p class='ocr_par' dir='ltr' id='par_1_64' title="bbox 181 1907 965 1943">
     <span class='ocr_line' id='line_1_64' title="bbox 181 1907 965 1943; baseline 0 -9"><span class='ocrx_word' id='word_1_465' title='bbox 181 1907 325 1943; x_wconf 74' lang='grc' dir='ltr'><strong>ἰδιώματα,</strong></span> <span class='ocrx_word' id='word_1_466' title='bbox 339 1907 456 1942; x_wconf 74' lang='grc' dir='ltr'><strong>ἀφῆκεν</strong></span> <span class='ocrx_word' id='word_1_467' title='bbox 463 1908 515 1934; x_wconf 77' lang='grc' dir='ltr'>εἰσὶ</span> <span class='ocrx_word' id='word_1_468' title='bbox 530 1907 586 1943; x_wconf 73' lang='lat'><strong>(28)</strong></span> <span class='ocrx_word' id='word_1_469' title='bbox 602 1907 648 1934; x_wconf 78' lang='grc' dir='ltr'>καὶ</span> <span class='ocrx_word' id='word_1_470' title='bbox 659 1907 881 1941; x_wconf 80' lang='grc' dir='ltr'><strong>συνεχώρησεν.</strong></span> <span class='ocrx_word' id='word_1_471' title='bbox 895 1909 925 1934; x_wconf 82' lang='grc' dir='ltr'><strong>Εἰ</strong></span> <span class='ocrx_word' id='word_1_472' title='bbox 936 1907 965 1934; x_wconf 79' lang='grc' dir='ltr'>δὲ</span> 
     </span>
    </p>
   </div>
   <div class='ocr_carea' id='block_1_65' title="bbox 178 1953 965 1989">
    <p class='ocr_par' dir='ltr' id='par_1_65' title="bbox 178 1953 965 1989">
     <span class='ocr_line' id='line_1_65' title="bbox 178 1953 965 1989; baseline -0.001 -9"><span class='ocrx_word' id='word_1_473' title='bbox 178 1954 209 1981; x_wconf 80' lang='grc' dir='ltr'>οὑ</span> <span class='ocrx_word' id='word_1_474' title='bbox 224 1954 369 1989; x_wconf 68' lang='grc' dir='ltr'>καταδέχῃ,</span> <span class='ocrx_word' id='word_1_475' title='bbox 384 1953 417 1980; x_wconf 78' lang='grc' dir='ltr'><strong>δι’</strong></span> <span class='ocrx_word' id='word_1_476' title='bbox 428 1953 591 1986; x_wconf 78' lang='grc' dir='ltr'>ἀποδείξεως</span> <span class='ocrx_word' id='word_1_477' title='bbox 605 1953 619 1980; x_wconf 85' lang='grc' dir='ltr'>ὁ</span> <span class='ocrx_word' id='word_1_478' title='bbox 635 1953 713 1987; x_wconf 82' lang='grc' dir='ltr'>λόγος</span> <span class='ocrx_word' id='word_1_479' title='bbox 729 1953 869 1987; x_wconf 71' lang='grc' dir='ltr'>βαδιεῖταιυ</span> <span class='ocrx_word' id='word_1_480' title='bbox 881 1954 965 1989; x_wconf 80' lang='grc' dir='ltr'>Φησὶν</span> 
     </span>
    </p>
   </div>
   <div class='ocr_carea' id='block_1_66' title="bbox 179 1998 965 2035">
    <p class='ocr_par' dir='ltr' id='par_1_66' title="bbox 179 1998 965 2035">
     <span class='ocr_line' id='line_1_66' title="bbox 179 1998 965 2035; baseline -0.001 -9"><span class='ocrx_word' id='word_1_481' title='bbox 179 2001 194 2026; x_wconf 80' lang='grc' dir='ltr'><strong>ὸ</strong></span> <span class='ocrx_word' id='word_1_482' title='bbox 207 1999 314 2031; x_wconf 78' lang='grc' dir='ltr'>Παῦλος</span> <span class='ocrx_word' id='word_1_483' title='bbox 329 2000 393 2035; x_wconf 81' lang='grc' dir='ltr'>περὶ</span> <span class='ocrx_word' id='word_1_484' title='bbox 406 1999 459 2026; x_wconf 83' lang='grc' dir='ltr'>τῶν</span> <span class='ocrx_word' id='word_1_485' title='bbox 478 1999 508 2026; x_wconf 83' lang='grc' dir='ltr'>τὸ</span> <span class='ocrx_word' id='word_1_486' title='bbox 524 1998 594 2025; x_wconf 87' lang='grc' dir='ltr'>θεῖον</span> <span class='ocrx_word' id='word_1_487' title='bbox 608 1998 691 2031; x_wconf 75' lang='grc' dir='ltr'>σέϐας</span> <span class='ocrx_word' id='word_1_488' title='bbox 705 2000 760 2034; x_wconf 65' lang='lat'><strong>(29)</strong></span> <span class='ocrx_word' id='word_1_489' title='bbox 775 1999 894 2031; x_wconf 75' lang='grc' dir='ltr'>εἰδώλοις</span> <span class='ocrx_word' id='word_1_490' title='bbox 904 2001 965 2025; x_wconf 85' lang='grc' dir='ltr'>ὲπι-</span> 
     </span>
    </p>
   </div>
   <div class='ocr_carea' id='block_1_67' title="bbox 179 2044 962 2081">
    <p class='ocr_par' dir='ltr' id='par_1_67' title="bbox 179 2044 962 2081">
     <span class='ocr_line' id='line_1_67' title="bbox 179 2044 962 2081; baseline -0.001 -9"><span class='ocrx_word' id='word_1_491' title='bbox 179 2045 370 2080; x_wconf 73' lang='grc' dir='ltr'>φημισάντωνν</span> <span class='ocrx_word' id='word_1_492' title='bbox 381 2053 390 2071; x_wconf 87' lang='grc' dir='ltr'><strong>ι</strong></span> <span class='ocrx_word' id='word_1_493' title='bbox 405 2044 564 2080; x_wconf 84' lang='grc' dir='ltr'>Παρέδωκεν</span> <span class='ocrx_word' id='word_1_494' title='bbox 573 2045 670 2076; x_wconf 80' lang='grc' dir='ltr'>αὐτοὺς</span> <span class='ocrx_word' id='word_1_495' title='bbox 685 2046 724 2076; x_wconf 84' lang='grc' dir='ltr'><strong>είς</strong></span> <span class='ocrx_word' id='word_1_496' title='bbox 733 2045 805 2081; x_wconf 84' lang='grc' dir='ltr'>πάθη</span> <span class='ocrx_word' id='word_1_497' title='bbox 817 2046 939 2080; x_wconf 80' lang='grc' dir='ltr'>ἀτιμίας·</span> <span class='ocrx_word' id='word_1_498' title='bbox 953 2055 962 2071; x_wconf 79' lang='grc' dir='ltr'><strong>ι</strong></span> 
     </span>
    </p>
   </div>
   <div class='ocr_carea' id='block_1_68' title="bbox 177 2089 963 2126">
    <p class='ocr_par' dir='ltr' id='par_1_68' title="bbox 177 2089 963 2126">
     <span class='ocr_line' id='line_1_68' title="bbox 177 2089 963 2126; baseline 0.003 -10"><span class='ocrx_word' id='word_1_499' title='bbox 177 2091 330 2122; x_wconf 77' lang='grc' dir='ltr'>τουτέστιν,</span> <span class='ocrx_word' id='word_1_500' title='bbox 349 2090 464 2125; x_wconf 74' lang='grc' dir='ltr'>ἀφῆκεν,</span> <span class='ocrx_word' id='word_1_501' title='bbox 488 2090 662 2124; x_wconf 80' lang='grc' dir='ltr'>ἐγκατέλιπε.</span> <span class='ocrx_word' id='word_1_502' title='bbox 679 2089 741 2122; x_wconf 86' lang='grc' dir='ltr'>Πῶς</span> <span class='ocrx_word' id='word_1_503' title='bbox 752 2091 806 2126; x_wconf 84' lang='grc' dir='ltr'><strong>γὰρ</strong></span> <span class='ocrx_word' id='word_1_504' title='bbox 821 2091 870 2117; x_wconf 79' lang='grc' dir='ltr'><strong>οὐκ</strong></span> <span class='ocrx_word' id='word_1_505' title='bbox 883 2091 963 2126; x_wconf 76' lang='grc' dir='ltr'>ἔμελ-</span> 
     </span>
    </p>
   </div>
   <div class='ocr_carea' id='block_1_69' title="bbox 177 2135 966 2172">
    <p class='ocr_par' dir='ltr' id='par_1_69' title="bbox 177 2135 966 2172">
     <span class='ocr_line' id='line_1_69' title="bbox 177 2135 966 2172; baseline 0 -10"><span class='ocrx_word' id='word_1_506' title='bbox 177 2135 226 2162; x_wconf 88' lang='grc' dir='ltr'><strong>λον</strong></span> <span class='ocrx_word' id='word_1_507' title='bbox 243 2136 290 2162; x_wconf 78' lang='grc' dir='ltr'>καὶ</span> <span class='ocrx_word' id='word_1_508' title='bbox 305 2135 353 2171; x_wconf 82' lang='grc' dir='ltr'><strong>τὴν</strong></span> <span class='ocrx_word' id='word_1_509' title='bbox 368 2135 449 2170; x_wconf 84' lang='grc' dir='ltr'>φύσιν</span> <span class='ocrx_word' id='word_1_510' title='bbox 464 2135 571 2170; x_wconf 83' lang='grc' dir='ltr'>ἀγνοεῖν</span> <span class='ocrx_word' id='word_1_511' title='bbox 589 2136 637 2162; x_wconf 74' lang='grc' dir='ltr'><strong>καὶ</strong></span> <span class='ocrx_word' id='word_1_512' title='bbox 662 2136 819 2172; x_wconf 82' lang='grc' dir='ltr'>ὑπερορίοις</span> <span class='ocrx_word' id='word_1_513' title='bbox 837 2136 966 2170; x_wconf 74' lang='grc' dir='ltr'>ἐγκαλιν-</span> 
     </span>
    </p>
   </div>
   <div class='ocr_carea' id='block_1_70' title="bbox 176 2180 964 2216">
    <p class='ocr_par' dir='ltr' id='par_1_70' title="bbox 176 2180 964 2216">
     <span class='ocr_line' id='line_1_70' title="bbox 176 2180 964 2216; baseline 0 -9"><span class='ocrx_word' id='word_1_514' title='bbox 176 2180 284 2208; x_wconf 82' lang='grc' dir='ltr'>δεῖσθαι</span> <span class='ocrx_word' id='word_1_515' title='bbox 299 2181 477 2216; x_wconf 75' lang='grc' dir='ltr'>πταίσμασιν,</span> <span class='ocrx_word' id='word_1_516' title='bbox 493 2182 518 2207; x_wconf 87' lang='lat' dir='ltr'><strong>oi</strong></span> <span class='ocrx_word' id='word_1_517' title='bbox 534 2181 584 2216; x_wconf 86' lang='grc' dir='ltr'>τὴν</span> <span class='ocrx_word' id='word_1_518' title='bbox 599 2182 688 2208; x_wconf 84' lang='grc' dir='ltr'>κτίσιν</span> <span class='ocrx_word' id='word_1_519' title='bbox 704 2181 779 2216; x_wconf 78' lang='grc' dir='ltr'>παρὰ</span> <span class='ocrx_word' id='word_1_520' title='bbox 791 2181 837 2207; x_wconf 82' lang='grc' dir='ltr'>τὸν</span> <span class='ocrx_word' id='word_1_521' title='bbox 852 2181 964 2216; x_wconf 78' lang='grc' dir='ltr'>κτίστην</span> 
     </span>
    </p>
   </div>
   <div class='ocr_carea' id='block_1_71' title="bbox 176 2225 964 2261">
    <p class='ocr_par' dir='ltr' id='par_1_71' title="bbox 176 2225 964 2261">
     <span class='ocr_line' id='line_1_71' title="bbox 176 2225 964 2261; baseline 0.001 -10"><span class='ocrx_word' id='word_1_522' title='bbox 176 2226 439 2260; x_wconf 79' lang='grc' dir='ltr'>προσκυνήσαντες;</span> <span class='ocrx_word' id='word_1_523' title='bbox 457 2225 512 2252; x_wconf 76' lang='grc' dir='ltr'><strong>Καὶ</strong></span> <span class='ocrx_word' id='word_1_524' title='bbox 531 2226 630 2252; x_wconf 78' lang='grc' dir='ltr'>πάλιν·</span> <span class='ocrx_word' id='word_1_525' title='bbox 652 2236 661 2251; x_wconf 87' lang='grc' dir='ltr'><strong>ι</strong></span> <span class='ocrx_word' id='word_1_526' title='bbox 680 2226 841 2261; x_wconf 79' lang='grc' dir='ltr'>Παρέδωκεν</span> <span class='ocrx_word' id='word_1_527' title='bbox 865 2226 964 2257; x_wconf 80' lang='grc' dir='ltr'>αὐτοὺς</span> 
     </span>
    </p>
   </div>
   <div class='ocr_carea' id='block_1_72' title="bbox 176 2269 964 2307">
    <p class='ocr_par' dir='ltr' id='par_1_72' title="bbox 176 2269 964 2307">
     <span class='ocr_line' id='line_1_72' title="bbox 176 2269 964 2307; baseline 0.001 -10"><span class='ocrx_word' id='word_1_528' title='bbox 176 2272 219 2302; x_wconf 77' lang='grc' dir='ltr'>εἰς</span> <span class='ocrx_word' id='word_1_529' title='bbox 235 2271 363 2306; x_wconf 84' lang='grc' dir='ltr'>ἀδόκιμον</span> <span class='ocrx_word' id='word_1_530' title='bbox 377 2270 449 2303; x_wconf 78' lang='grc' dir='ltr'>νοῦν,</span> <span class='ocrx_word' id='word_1_531' title='bbox 466 2272 553 2297; x_wconf 83' lang='grc' dir='ltr'>ποιεῖν</span> <span class='ocrx_word' id='word_1_532' title='bbox 569 2271 603 2298; x_wconf 77' lang='grc' dir='ltr'><strong>τὰ</strong></span> <span class='ocrx_word' id='word_1_533' title='bbox 620 2271 658 2306; x_wconf 85' lang='grc' dir='ltr'>μὴ</span> <span class='ocrx_word' id='word_1_534' title='bbox 675 2271 843 2307; x_wconf 80' lang='grc' dir='ltr'>καθήκοντα.</span> <span class='ocrx_word' id='word_1_535' title='bbox 863 2280 872 2297; x_wconf 76' lang='grc' dir='ltr'><strong>ι</strong></span> <span class='ocrx_word' id='word_1_536' title='bbox 895 2269 964 2298; x_wconf 81' lang='grc' dir='ltr'>Εἶτα</span> 
     </span>
    </p>
   </div>
   <div class='ocr_carea' id='block_1_73' title="bbox 177 2315 965 2353">
    <p class='ocr_par' dir='ltr' id='par_1_73' title="bbox 177 2315 965 2353">
     <span class='ocr_line' id='line_1_73' title="bbox 177 2315 965 2353; baseline 0.001 -11"><span class='ocrx_word' id='word_1_537' title='bbox 177 2315 277 2342; x_wconf 74' lang='grc' dir='ltr'>ἑαυτὸν</span> <span class='ocrx_word' id='word_1_538' title='bbox 304 2316 462 2351; x_wconf 79' lang='grc' dir='ltr'>ἑρμηνεύων</span> <span class='ocrx_word' id='word_1_539' title='bbox 486 2315 559 2351; x_wconf 71' lang='grc' dir='ltr'>ἔφη*</span> <span class='ocrx_word' id='word_1_540' title='bbox 585 2325 593 2341; x_wconf 90' lang='grc' dir='ltr'><strong>ι</strong></span> <span class='ocrx_word' id='word_1_541' title='bbox 626 2316 864 2351; x_wconf 82' lang='grc' dir='ltr'>Πεπληρωμένους</span> <span class='ocrx_word' id='word_1_542' title='bbox 888 2317 965 2353; x_wconf 77' lang='grc' dir='ltr'>πάσῃ</span> 
     </span>
    </p>
   </div>
   <div class='ocr_carea' id='block_1_74' title="bbox 175 2361 963 2398">
    <p class='ocr_par' dir='ltr' id='par_1_74' title="bbox 175 2361 963 2398">
     <span class='ocr_line' id='line_1_74' title="bbox 175 2361 963 2398; baseline 0 -10"><span class='ocrx_word' id='word_1_543' title='bbox 175 2361 281 2396; x_wconf 80' lang='grc' dir='ltr'>ἀδικίᾳ,</span> <span class='ocrx_word' id='word_1_544' title='bbox 295 2362 387 2398; x_wconf 83' lang='grc' dir='ltr'>κακίᾳ,</span> <span class='ocrx_word' id='word_1_545' title='bbox 405 2361 560 2397; x_wconf 76' lang='grc' dir='ltr'>πλεονεξίᾳ.</span> <span class='ocrx_word' id='word_1_546' title='bbox 576 2370 585 2387; x_wconf 76' lang='grc' dir='ltr'><strong>ι</strong></span> <span class='ocrx_word' id='word_1_547' title='bbox 601 2361 633 2388; x_wconf 83' lang='lat' dir='ltr'><strong>Ei</strong></span> <span class='ocrx_word' id='word_1_548' title='bbox 647 2362 737 2388; x_wconf 83' lang='grc' dir='ltr'>τοίνυν</span> <span class='ocrx_word' id='word_1_549' title='bbox 751 2362 963 2397; x_wconf 85' lang='grc' dir='ltr'>πεπληρωμένοι</span> 
     </span>
    </p>
   </div>
   <div class='ocr_carea' id='block_1_75' title="bbox 174 2404 962 2443">
    <p class='ocr_par' dir='ltr' id='par_1_75' title="bbox 174 2404 962 2443">
     <span class='ocr_line' id='line_1_75' title="bbox 174 2404 962 2443; baseline 0.001 -11"><span class='ocrx_word' id='word_1_550' title='bbox 174 2404 259 2441; x_wconf 70' lang='grc' dir='ltr'>ἦσαν,</span> <span class='ocrx_word' id='word_1_551' title='bbox 279 2406 337 2438; x_wconf 82' lang='grc' dir='ltr'>πῶς</span> <span class='ocrx_word' id='word_1_552' title='bbox 353 2406 516 2442; x_wconf 67' lang='grc' dir='ltr'><strong>παρέδυ)κῆ</strong></span> <span class='ocrx_word' id='word_1_553' title='bbox 537 2407 591 2433; x_wconf 84' lang='grc' dir='ltr'><strong>Θὲα</strong></span> <span class='ocrx_word' id='word_1_554' title='bbox 605 2408 655 2443; x_wconf 83' lang='grc' dir='ltr'>τῆς</span> <span class='ocrx_word' id='word_1_555' title='bbox 668 2407 810 2442; x_wconf 76' lang='grc' dir='ltr'>ἀκριὸείας</span> <span class='ocrx_word' id='word_1_556' title='bbox 823 2407 889 2443; x_wconf 76' lang='lat'><strong>(50).</strong></span> <span class='ocrx_word' id='word_1_557' title='bbox 907 2407 962 2434; x_wconf 73' lang='grc' dir='ltr'>Οὐκ</span> 
     </span>
    </p>
   </div>
   <div class='ocr_carea' id='block_1_76' title="bbox 214 2494 705 2526">
    <p class='ocr_par' dir='ltr' id='par_1_76' title="bbox 214 2494 705 2526">
     <span class='ocr_line' id='line_1_76' title="bbox 214 2494 705 2526; baseline 0.002 -5"><span class='ocrx_word' id='word_1_558' title='bbox 214 2494 238 2510; x_wconf 62' lang='grc'><strong>⁷⁸</strong></span> <span class='ocrx_word' id='word_1_559' title='bbox 256 2495 333 2522; x_wconf 81' lang='lat' dir='ltr'><strong>Rom.</strong></span> <span class='ocrx_word' id='word_1_560' title='bbox 349 2501 390 2525; x_wconf 86' lang='grc' dir='ltr'>ιιι,</span> <span class='ocrx_word' id='word_1_561' title='bbox 406 2494 452 2522; x_wconf 76' lang='lat'><strong>25.</strong></span> <span class='ocrx_word' id='word_1_562' title='bbox 487 2495 510 2510; x_wconf 87' lang='lat'>&quot;</span> <span class='ocrx_word' id='word_1_563' title='bbox 528 2494 606 2522; x_wconf 78' lang='lat' dir='ltr'><strong>Rom.</strong></span> <span class='ocrx_word' id='word_1_564' title='bbox 625 2502 664 2526; x_wconf 64' lang='grc' dir='ltr'>χι,</span> <span class='ocrx_word' id='word_1_565' title='bbox 677 2494 705 2521; x_wconf 88' lang='grc'><strong>8.</strong></span> 
     </span>
    </p>
   </div>
   <div class='ocr_carea' id='block_1_77' title="bbox 1139 1544 1680 1573">
    <p class='ocr_par' dir='ltr' id='par_1_77' title="bbox 1139 1544 1680 1573">
     <span class='ocr_line' id='line_1_77' title="bbox 1139 1544 1680 1573; baseline 0.002 -1"><span class='ocrx_word' id='word_1_566' title='bbox 1139 1545 1183 1572; x_wconf 87' lang='lat' dir='ltr'><strong>Cl.</strong></span> <span class='ocrx_word' id='word_1_567' title='bbox 1198 1561 1233 1565; x_wconf 98' lang='lat'><strong>—</strong></span> <span class='ocrx_word' id='word_1_568' title='bbox 1248 1544 1429 1573; x_wconf 80' lang='lat' dir='ltr'><strong>MARTYBIO</strong></span> <span class='ocrx_word' id='word_1_569' title='bbox 1445 1544 1680 1573; x_wconf 80' lang='lat' dir='ltr'><strong>PRESBYTERO.</strong></span> 
     </span>
    </p>
   </div>
   <div class='ocr_carea' id='block_1_78' title="bbox 1015 1589 1797 1627">
    <p class='ocr_par' dir='ltr' id='par_1_78' title="bbox 1015 1589 1797 1627">
     <span class='ocr_line' id='line_1_78' title="bbox 1015 1589 1797 1627; baseline 0.001 -10"><span class='ocrx_word' id='word_1_570' title='bbox 1015 1589 1047 1617; x_wconf 86' lang='lat' dir='ltr'><strong>In</strong></span> <span class='ocrx_word' id='word_1_571' title='bbox 1058 1590 1125 1617; x_wconf 77' lang='lat' dir='ltr'><strong>illud</strong></span> <span class='ocrx_word' id='word_1_572' title='bbox 1143 1590 1286 1618; x_wconf 81' lang='lat' dir='ltr'><strong>Paulinum</strong></span> <span class='ocrx_word' id='word_1_573' title='bbox 1300 1592 1398 1617; x_wconf 83' lang='lat' dir='ltr'><strong>dictum</strong></span> <span class='ocrx_word' id='word_1_574' title='bbox 1413 1599 1422 1617; x_wconf 90' lang='lat'><em>:</em></span> <span class='ocrx_word' id='word_1_575' title='bbox 1440 1601 1449 1616; x_wconf 90' lang='grc' dir='ltr'><strong>ι</strong></span> <span class='ocrx_word' id='word_1_576' title='bbox 1475 1591 1556 1627; x_wconf 65' lang='lat' dir='ltr'><strong>Dedit</strong></span> <span class='ocrx_word' id='word_1_577' title='bbox 1573 1592 1636 1626; x_wconf 69' lang='lat' dir='ltr'><strong>ipsis</strong></span> <span class='ocrx_word' id='word_1_578' title='bbox 1656 1592 1726 1618; x_wconf 76' lang='lat' dir='ltr'><strong>Dem</strong></span> <span class='ocrx_word' id='word_1_579' title='bbox 1743 1593 1797 1627; x_wconf 71' lang='lat' dir='ltr'><strong>spi-</strong></span> 
     </span>
    </p>
   </div>
   <div class='ocr_carea' id='block_1_79' title="bbox 1220 1626 1593 1660">
    <p class='ocr_par' dir='ltr' id='par_1_79' title="bbox 1220 1626 1593 1660">
     <span class='ocr_line' id='line_1_79' title="bbox 1220 1626 1593 1660; baseline 0.003 -9"><span class='ocrx_word' id='word_1_580' title='bbox 1220 1627 1298 1652; x_wconf 78' lang='lat' dir='ltr'><strong>ritum</strong></span> <span class='ocrx_word' id='word_1_581' title='bbox 1313 1627 1518 1660; x_wconf 72' lang='lat' dir='ltr'><strong>rmnpunctionls</strong></span> <span class='ocrx_word' id='word_1_582' title='bbox 1534 1626 1568 1652; x_wconf 79' lang='grc'><strong>⁷⁵.</strong></span> <span class='ocrx_word' id='word_1_583' title='bbox 1585 1635 1593 1651; x_wconf 77' lang='grc' dir='ltr'><strong>ι</strong></span> 
     </span>
    </p>
   </div>
   <div class='ocr_carea' id='block_1_80' title="bbox 1050 1681 1794 1716">
    <p class='ocr_par' dir='ltr' id='par_1_80' title="bbox 1050 1681 1794 1716">
     <span class='ocr_line' id='line_1_80' title="bbox 1050 1681 1794 1716; baseline 0.007 -10"><span class='ocrx_word' id='word_1_584' title='bbox 1050 1681 1183 1713; x_wconf 81' lang='lat' dir='ltr'><strong>Quoniam</strong></span> <span class='ocrx_word' id='word_1_585' title='bbox 1200 1689 1214 1708; x_wconf 91' lang='lat' dir='ltr'><strong>a</strong></span> <span class='ocrx_word' id='word_1_586' title='bbox 1229 1689 1273 1708; x_wconf 86' lang='lat' dir='ltr'><strong>me</strong></span> <span class='ocrx_word' id='word_1_587' title='bbox 1299 1682 1411 1716; x_wconf 81' lang='lat' dir='ltr'><strong>petiisti,</strong></span> <span class='ocrx_word' id='word_1_588' title='bbox 1426 1687 1454 1708; x_wconf 87' lang='lat' dir='ltr'><strong>ut</strong></span> <span class='ocrx_word' id='word_1_589' title='bbox 1470 1683 1515 1708; x_wconf 87' lang='lat' dir='ltr'><strong>tibi</strong></span> <span class='ocrx_word' id='word_1_590' title='bbox 1529 1690 1692 1716; x_wconf 86' lang='lat' dir='ltr'><strong>exponerem</strong></span> <span class='ocrx_word' id='word_1_591' title='bbox 1709 1684 1773 1711; x_wconf 89' lang='lat' dir='ltr'><strong>illud</strong></span> <span class='ocrx_word' id='word_1_592' title='bbox 1788 1694 1794 1711; x_wconf 91' lang='lat'>:</span> 
     </span>
    </p>
   </div>
   <div class='ocr_carea' id='block_1_81' title="bbox 1017 1727 1798 1762">
    <p class='ocr_par' dir='ltr' id='par_1_81' title="bbox 1017 1727 1798 1762">
     <span class='ocr_line' id='line_1_81' title="bbox 1017 1727 1798 1762; baseline 0.006 -10"><span class='ocrx_word' id='word_1_593' title='bbox 1017 1736 1026 1752; x_wconf 89' lang='grc' dir='ltr'><strong>ι</strong></span> <span class='ocrx_word' id='word_1_594' title='bbox 1045 1727 1122 1754; x_wconf 86' lang='lat' dir='ltr'><strong>Dedit</strong></span> <span class='ocrx_word' id='word_1_595' title='bbox 1135 1727 1186 1753; x_wconf 86' lang='lat' dir='ltr'><strong>illis</strong></span> <span class='ocrx_word' id='word_1_596' title='bbox 1202 1727 1273 1754; x_wconf 84' lang='lat' dir='ltr'><strong>Deus</strong></span> <span class='ocrx_word' id='word_1_597' title='bbox 1292 1729 1416 1762; x_wconf 88' lang='lat' dir='ltr'><strong>spiritum</strong></span> <span class='ocrx_word' id='word_1_598' title='bbox 1430 1730 1662 1762; x_wconf 71' lang='lat' dir='ltr'><strong>rompuurtiouis:</strong></span> <span class='ocrx_word' id='word_1_599' title='bbox 1693 1729 1798 1760; x_wconf 78' lang='lat' dir='ltr'><strong>orulos.</strong></span> 
     </span>
    </p>
   </div>
   <div class='ocr_carea' id='block_1_82' title="bbox 1015 1773 1798 1809">
    <p class='ocr_par' dir='ltr' id='par_1_82' title="bbox 1015 1773 1798 1809">
     <span class='ocr_line' id='line_1_82' title="bbox 1015 1773 1798 1809; baseline 0.004 -11"><span class='ocrx_word' id='word_1_600' title='bbox 1015 1778 1042 1799; x_wconf 88' lang='lat' dir='ltr'><strong>ut</strong></span> <span class='ocrx_word' id='word_1_601' title='bbox 1057 1780 1109 1799; x_wconf 88' lang='lat' dir='ltr'><strong>non</strong></span> <span class='ocrx_word' id='word_1_602' title='bbox 1125 1773 1254 1800; x_wconf 81' lang='lat' dir='ltr'><strong>videant:</strong></span> <span class='ocrx_word' id='word_1_603' title='bbox 1268 1779 1294 1800; x_wconf 92' lang='lat' dir='ltr'><strong>et</strong></span> <span class='ocrx_word' id='word_1_604' title='bbox 1314 1781 1402 1804; x_wconf 82' lang='lat' dir='ltr'><strong>aures,</strong></span> <span class='ocrx_word' id='word_1_605' title='bbox 1418 1778 1446 1799; x_wconf 93' lang='lat' dir='ltr'><strong>ut</strong></span> <span class='ocrx_word' id='word_1_606' title='bbox 1459 1782 1509 1800; x_wconf 90' lang='lat' dir='ltr'><strong>non</strong></span> <span class='ocrx_word' id='word_1_607' title='bbox 1523 1775 1643 1806; x_wconf 79' lang='lat' dir='ltr'><strong>audiant,</strong></span> <span class='ocrx_word' id='word_1_608' title='bbox 1673 1782 1757 1809; x_wconf 81' lang='lat' dir='ltr'><strong>usque</strong></span> <span class='ocrx_word' id='word_1_609' title='bbox 1771 1775 1798 1801; x_wconf 91' lang='lat' dir='ltr'><strong>in</strong></span> 
     </span>
    </p>
   </div>
   <div class='ocr_carea' id='block_1_83' title="bbox 1016 1818 1800 1851">
    <p class='ocr_par' dir='ltr' id='par_1_83' title="bbox 1016 1818 1800 1851">
     <span class='ocr_line' id='line_1_83' title="bbox 1016 1818 1800 1851; baseline 0.004 -7"><span class='ocrx_word' id='word_1_610' title='bbox 1016 1818 1176 1845; x_wconf 87' lang='lat' dir='ltr'><strong>hodiernum</strong></span> <span class='ocrx_word' id='word_1_611' title='bbox 1197 1818 1284 1850; x_wconf 86' lang='lat' dir='ltr'><strong>diem;</strong></span> <span class='ocrx_word' id='word_1_612' title='bbox 1306 1828 1315 1844; x_wconf 74' lang='grc' dir='ltr'><strong>ι</strong></span> <span class='ocrx_word' id='word_1_613' title='bbox 1329 1819 1462 1846; x_wconf 80' lang='lat' dir='ltr'><strong>ausculta.</strong></span> <span class='ocrx_word' id='word_1_614' title='bbox 1499 1818 1543 1845; x_wconf 62' lang='lat' dir='ltr'><strong>lila</strong></span> <span class='ocrx_word' id='word_1_615' title='bbox 1564 1820 1657 1851; x_wconf 80' lang='lat' dir='ltr'><strong>verba,</strong></span> <span class='ocrx_word' id='word_1_616' title='bbox 1681 1820 1752 1846; x_wconf 78' lang='lat' dir='ltr'><strong>dedit</strong></span> <span class='ocrx_word' id='word_1_617' title='bbox 1773 1826 1800 1847; x_wconf 84' lang='lat' dir='ltr'><strong>et</strong></span> 
     </span>
    </p>
   </div>
   <div class='ocr_carea' id='block_1_84' title="bbox 1015 1863 1798 1899">
    <p class='ocr_par' dir='ltr' id='par_1_84' title="bbox 1015 1863 1798 1899">
     <span class='ocr_line' id='line_1_84' title="bbox 1015 1863 1798 1899; baseline 0.004 -10"><span class='ocrx_word' id='word_1_618' title='bbox 1015 1863 1135 1894; x_wconf 77' lang='lat' dir='ltr'><strong>tradidit,</strong></span> <span class='ocrx_word' id='word_1_619' title='bbox 1150 1863 1299 1889; x_wconf 85' lang='lat' dir='ltr'><strong>secundum</strong></span> <span class='ocrx_word' id='word_1_620' title='bbox 1316 1863 1389 1898; x_wconf 76' lang='lat' dir='ltr'><strong>leges</strong></span> <span class='ocrx_word' id='word_1_621' title='bbox 1405 1868 1431 1889; x_wconf 88' lang='lat' dir='ltr'><strong>et</strong></span> <span class='ocrx_word' id='word_1_622' title='bbox 1446 1863 1626 1897; x_wconf 84' lang='lat' dir='ltr'><strong>proprietates</strong></span> <span class='ocrx_word' id='word_1_623' title='bbox 1648 1865 1798 1899; x_wconf 84' lang='lat' dir='ltr'><strong>modosque</strong></span> 
     </span>
    </p>
   </div>
   <div class='ocr_carea' id='block_1_85' title="bbox 1016 1908 1796 1944">
    <p class='ocr_par' dir='ltr' id='par_1_85' title="bbox 1016 1908 1796 1944">
     <span class='ocr_line' id='line_1_85' title="bbox 1016 1908 1796 1944; baseline 0.003 -10"><span class='ocrx_word' id='word_1_624' title='bbox 1016 1909 1170 1943; x_wconf 85' lang='lat' dir='ltr'><strong>peculiares</strong></span> <span class='ocrx_word' id='word_1_625' title='bbox 1185 1908 1309 1942; x_wconf 87' lang='lat' dir='ltr'><strong>loquendi</strong></span> <span class='ocrx_word' id='word_1_626' title='bbox 1343 1916 1428 1936; x_wconf 59' lang='lat' dir='ltr'><strong>sacrae</strong></span> <span class='ocrx_word' id='word_1_627' title='bbox 1453 1908 1610 1943; x_wconf 81' lang='lat' dir='ltr'><strong>Scripturar,</strong></span> <span class='ocrx_word' id='word_1_628' title='bbox 1635 1909 1796 1944; x_wconf 73' lang='lat' dir='ltr'><strong>significant,</strong></span> 
     </span>
    </p>
   </div>
   <div class='ocr_carea' id='block_1_86' title="bbox 1016 1953 1799 1990">
    <p class='ocr_par' dir='ltr' id='par_1_86' title="bbox 1016 1953 1799 1990">
     <span class='ocr_line' id='line_1_86' title="bbox 1016 1953 1799 1990; baseline 0.004 -11"><span class='ocrx_word' id='word_1_629' title='bbox 1016 1953 1120 1987; x_wconf 80' lang='lat' dir='ltr'><strong>reliquit</strong></span> <span class='ocrx_word' id='word_1_630' title='bbox 1138 1953 1179 1980; x_wconf 87' lang='lat' dir='ltr'><strong>vel</strong></span> <span class='ocrx_word' id='word_1_631' title='bbox 1192 1954 1320 1987; x_wconf 67' lang='lat' dir='ltr'><strong>permisit.</strong></span> <span class='ocrx_word' id='word_1_632' title='bbox 1338 1953 1414 1986; x_wconf 83' lang='lat' dir='ltr'><strong>Quod</strong></span> <span class='ocrx_word' id='word_1_633' title='bbox 1429 1955 1450 1981; x_wconf 92' lang='lat' dir='ltr'><strong>si</strong></span> <span class='ocrx_word' id='word_1_634' title='bbox 1466 1954 1516 1981; x_wconf 86' lang='lat' dir='ltr'><strong>hoc</strong></span> <span class='ocrx_word' id='word_1_635' title='bbox 1541 1962 1594 1980; x_wconf 90' lang='lat' dir='ltr'><strong>non</strong></span> <span class='ocrx_word' id='word_1_636' title='bbox 1628 1955 1736 1988; x_wconf 74' lang='lat' dir='ltr'><strong>recipis,</strong></span> <span class='ocrx_word' id='word_1_637' title='bbox 1752 1962 1799 1990; x_wconf 87' lang='lat' dir='ltr'><strong>per</strong></span> 
     </span>
    </p>
   </div>
   <div class='ocr_carea' id='block_1_87' title="bbox 1016 1999 1799 2034">
    <p class='ocr_par' dir='ltr' id='par_1_87' title="bbox 1016 1999 1799 2034">
     <span class='ocr_line' id='line_1_87' title="bbox 1016 1999 1799 2034; baseline 0.001 -8"><span class='ocrx_word' id='word_1_638' title='bbox 1016 1999 1272 2026; x_wconf 86' lang='lat' dir='ltr'><strong>demonstrationem</strong></span> <span class='ocrx_word' id='word_1_639' title='bbox 1284 1999 1411 2034; x_wconf 87' lang='lat' dir='ltr'><strong>procedet</strong></span> <span class='ocrx_word' id='word_1_640' title='bbox 1443 1999 1541 2026; x_wconf 88' lang='lat' dir='ltr'><strong>oratio.</strong></span> <span class='ocrx_word' id='word_1_641' title='bbox 1570 2000 1614 2026; x_wconf 84' lang='lat' dir='ltr'><strong>Ait</strong></span> <span class='ocrx_word' id='word_1_642' title='bbox 1645 1999 1745 2027; x_wconf 79' lang='lat' dir='ltr'><strong>Paulus</strong></span> <span class='ocrx_word' id='word_1_643' title='bbox 1766 2001 1799 2028; x_wconf 87' lang='lat' dir='ltr'><strong>de</strong></span> 
     </span>
    </p>
   </div>
   <div class='ocr_carea' id='block_1_88' title="bbox 1017 2043 1800 2079">
    <p class='ocr_par' dir='ltr' id='par_1_88' title="bbox 1017 2043 1800 2079">
     <span class='ocr_line' id='line_1_88' title="bbox 1017 2043 1800 2079; baseline 0.006 -9"><span class='ocrx_word' id='word_1_644' title='bbox 1017 2043 1077 2077; x_wconf 82' lang='lat' dir='ltr'><strong>illis,</strong></span> <span class='ocrx_word' id='word_1_645' title='bbox 1093 2045 1137 2079; x_wconf 90' lang='lat' dir='ltr'><strong>qui</strong></span> <span class='ocrx_word' id='word_1_646' title='bbox 1157 2045 1327 2072; x_wconf 88' lang='lat' dir='ltr'><strong>divinitatem</strong></span> <span class='ocrx_word' id='word_1_647' title='bbox 1344 2045 1424 2072; x_wconf 80' lang='lat' dir='ltr'><strong>idolis</strong></span> <span class='ocrx_word' id='word_1_648' title='bbox 1452 2046 1627 2073; x_wconf 80' lang='lat' dir='ltr'><strong>tribuebant:</strong></span> <span class='ocrx_word' id='word_1_649' title='bbox 1646 2055 1655 2072; x_wconf 90' lang='grc' dir='ltr'><strong>ι</strong></span> <span class='ocrx_word' id='word_1_650' title='bbox 1675 2046 1800 2076; x_wconf 74' lang='lat' dir='ltr'><strong>Tradidit</strong></span> 
     </span>
    </p>
   </div>
   <div class='ocr_carea' id='block_1_89' title="bbox 1021 2089 1799 2125">
    <p class='ocr_par' dir='ltr' id='par_1_89' title="bbox 1021 2089 1799 2125">
     <span class='ocr_line' id='line_1_89' title="bbox 1021 2089 1799 2125; baseline 0.006 -10"><span class='ocrx_word' id='word_1_651' title='bbox 1021 2097 1068 2116; x_wconf 88' lang='lat' dir='ltr'><strong>eos</strong></span> <span class='ocrx_word' id='word_1_652' title='bbox 1082 2089 1175 2124; x_wconf 90' lang='lat' dir='ltr'><strong>(Deus)</strong></span> <span class='ocrx_word' id='word_1_653' title='bbox 1192 2089 1217 2116; x_wconf 92' lang='lat' dir='ltr'><strong>in</strong></span> <span class='ocrx_word' id='word_1_654' title='bbox 1235 2089 1348 2117; x_wconf 72' lang='lat' dir='ltr'><strong>ali‘ectus</strong></span> <span class='ocrx_word' id='word_1_655' title='bbox 1365 2090 1520 2125; x_wconf 76' lang='lat' dir='ltr'><strong>ignominia:</strong></span> <span class='ocrx_word' id='word_1_656' title='bbox 1539 2092 1581 2124; x_wconf 80' lang='grc'><strong>⁷⁶;</strong></span> <span class='ocrx_word' id='word_1_657' title='bbox 1602 2101 1610 2117; x_wconf 76' lang='grc' dir='ltr'><strong>ι</strong></span> <span class='ocrx_word' id='word_1_658' title='bbox 1629 2093 1740 2124; x_wconf 77' lang='lat' dir='ltr'><strong>bocest,</strong></span> <span class='ocrx_word' id='word_1_659' title='bbox 1754 2101 1799 2120; x_wconf 84' lang='lat' dir='ltr'><strong>re-</strong></span> 
     </span>
    </p>
   </div>
   <div class='ocr_carea' id='block_1_90' title="bbox 1017 2134 1798 2173">
    <p class='ocr_par' dir='ltr' id='par_1_90' title="bbox 1017 2134 1798 2173">
     <span class='ocr_line' id='line_1_90' title="bbox 1017 2134 1798 2173; baseline 0.005 -11"><span class='ocrx_word' id='word_1_660' title='bbox 1017 2135 1105 2169; x_wconf 86' lang='lat' dir='ltr'><strong>liquit,</strong></span> <span class='ocrx_word' id='word_1_661' title='bbox 1121 2135 1233 2162; x_wconf 80' lang='lat' dir='ltr'><strong>dimisit.</strong></span> <span class='ocrx_word' id='word_1_662' title='bbox 1263 2134 1322 2168; x_wconf 87' lang='lat' dir='ltr'><strong>Quo</strong></span> <span class='ocrx_word' id='word_1_663' title='bbox 1341 2136 1422 2163; x_wconf 92' lang='lat' dir='ltr'><strong>modo</strong></span> <span class='ocrx_word' id='word_1_664' title='bbox 1446 2144 1563 2171; x_wconf 84' lang='lat' dir='ltr'><strong>namque</strong></span> <span class='ocrx_word' id='word_1_665' title='bbox 1585 2137 1642 2164; x_wconf 84' lang='lat' dir='ltr'><strong>ﬁeri</strong></span> <span class='ocrx_word' id='word_1_666' title='bbox 1671 2144 1798 2173; x_wconf 83' lang='lat' dir='ltr'><strong>poterat,</strong></span> 
     </span>
    </p>
   </div>
   <div class='ocr_carea' id='block_1_91' title="bbox 1017 2182 1798 2217">
    <p class='ocr_par' dir='ltr' id='par_1_91' title="bbox 1017 2182 1798 2217">
     <span class='ocr_line' id='line_1_91' title="bbox 1017 2182 1798 2217; baseline 0.006 -9"><span class='ocrx_word' id='word_1_667' title='bbox 1017 2187 1046 2208; x_wconf 96' lang='lat' dir='ltr'><strong>ut</strong></span> <span class='ocrx_word' id='word_1_668' title='bbox 1076 2190 1127 2209; x_wconf 88' lang='lat' dir='ltr'><strong>non</strong></span> <span class='ocrx_word' id='word_1_669' title='bbox 1152 2182 1309 2217; x_wconf 75' lang='lat' dir='ltr'><strong>ignorarent</strong></span> <span class='ocrx_word' id='word_1_670' title='bbox 1336 2188 1471 2216; x_wconf 88' lang='lat' dir='ltr'><strong>naturam,</strong></span> <span class='ocrx_word' id='word_1_671' title='bbox 1497 2189 1524 2211; x_wconf 91' lang='lat' dir='ltr'><strong>ct</strong></span> <span class='ocrx_word' id='word_1_672' title='bbox 1551 2184 1740 2213; x_wconf 88' lang='lat' dir='ltr'><strong>volutarentur</strong></span> <span class='ocrx_word' id='word_1_673' title='bbox 1771 2187 1798 2213; x_wconf 92' lang='lat' dir='ltr'><strong>in</strong></span> 
     </span>
    </p>
   </div>
   <div class='ocr_carea' id='block_1_92' title="bbox 1016 2226 1800 2266">
    <p class='ocr_par' dir='ltr' id='par_1_92' title="bbox 1016 2226 1800 2266">
     <span class='ocr_line' id='line_1_92' title="bbox 1016 2226 1800 2266; baseline 0.008 -14"><span class='ocrx_word' id='word_1_674' title='bbox 1016 2226 1167 2253; x_wconf 82' lang='lat' dir='ltr'><strong>sceleribus</strong></span> <span class='ocrx_word' id='word_1_675' title='bbox 1183 2232 1286 2254; x_wconf 65' lang='lat' dir='ltr'><strong>naturae</strong></span> <span class='ocrx_word' id='word_1_676' title='bbox 1305 2228 1434 2256; x_wconf 85' lang='lat' dir='ltr'><strong>terminos</strong></span> <span class='ocrx_word' id='word_1_677' title='bbox 1452 2230 1661 2261; x_wconf 81' lang='lat' dir='ltr'><strong>excedentibus.</strong></span> <span class='ocrx_word' id='word_1_678' title='bbox 1686 2231 1736 2264; x_wconf 86' lang='lat' dir='ltr'><strong>illi,</strong></span> <span class='ocrx_word' id='word_1_679' title='bbox 1754 2232 1800 2266; x_wconf 93' lang='lat' dir='ltr'><strong>qui</strong></span> 
     </span>
    </p>
   </div>
   <div class='ocr_carea' id='block_1_93' title="bbox 1016 2273 1800 2308">
    <p class='ocr_par' dir='ltr' id='par_1_93' title="bbox 1016 2273 1800 2308">
     <span class='ocr_line' id='line_1_93' title="bbox 1016 2273 1800 2308; baseline 0.006 -10"><span class='ocrx_word' id='word_1_680' title='bbox 1016 2273 1435 2308; x_wconf 70' lang='lat' dir='ltr'><strong>creaturam,omisqureatore,</strong></span> <span class='ocrx_word' id='word_1_681' title='bbox 1454 2275 1660 2302; x_wconf 71' lang='lat' dir='ltr'><strong>adorabuntiﬂt</strong></span> <span class='ocrx_word' id='word_1_682' title='bbox 1679 2276 1776 2303; x_wconf 86' lang='lat' dir='ltr'><strong>iterum</strong></span> <span class='ocrx_word' id='word_1_683' title='bbox 1792 2285 1800 2302; x_wconf 87' lang='lat'><strong>:</strong></span> 
     </span>
    </p>
   </div>
   <div class='ocr_carea' id='block_1_94' title="bbox 1021 2317 1802 2354">
    <p class='ocr_par' dir='ltr' id='par_1_94' title="bbox 1021 2317 1802 2354">
     <span class='ocr_line' id='line_1_94' title="bbox 1021 2317 1802 2354; baseline 0.006 -10"><span class='ocrx_word' id='word_1_684' title='bbox 1021 2327 1030 2343; x_wconf 88' lang='grc' dir='ltr'><strong>ι</strong></span> <span class='ocrx_word' id='word_1_685' title='bbox 1053 2317 1178 2345; x_wconf 87' lang='lat' dir='ltr'><strong>Tradidit</strong></span> <span class='ocrx_word' id='word_1_686' title='bbox 1196 2320 1440 2354; x_wconf 63' lang='lat' dir='ltr'><strong>eosinfreprobum</strong></span> <span class='ocrx_word' id='word_1_687' title='bbox 1467 2328 1595 2354; x_wconf 87' lang='lat' dir='ltr'><strong>sensum,</strong></span> <span class='ocrx_word' id='word_1_688' title='bbox 1626 2326 1655 2348; x_wconf 92' lang='lat' dir='ltr'><strong>ut</strong></span> <span class='ocrx_word' id='word_1_689' title='bbox 1683 2323 1802 2349; x_wconf 76' lang='lat' dir='ltr'><strong>facerent</strong></span> 
     </span>
    </p>
   </div>
   <div class='ocr_carea' id='block_1_95' title="bbox 1017 2363 1800 2400">
    <p class='ocr_par' dir='ltr' id='par_1_95' title="bbox 1017 2363 1800 2400">
     <span class='ocr_line' id='line_1_95' title="bbox 1017 2363 1800 2400; baseline 0.005 -12"><span class='ocrx_word' id='word_1_690' title='bbox 1017 2369 1077 2396; x_wconf 69' lang='lat' dir='ltr'><strong>qum</strong></span> <span class='ocrx_word' id='word_1_691' title='bbox 1089 2370 1141 2389; x_wconf 92' lang='lat' dir='ltr'><strong>non</strong></span> <span class='ocrx_word' id='word_1_692' title='bbox 1157 2363 1299 2390; x_wconf 87' lang='lat' dir='ltr'><strong>decent&quot;.</strong></span> <span class='ocrx_word' id='word_1_693' title='bbox 1320 2373 1330 2390; x_wconf 78' lang='grc' dir='ltr'><strong>ι</strong></span> <span class='ocrx_word' id='word_1_694' title='bbox 1350 2363 1454 2392; x_wconf 88' lang='lat' dir='ltr'><strong>Deinde</strong></span> <span class='ocrx_word' id='word_1_695' title='bbox 1478 2365 1596 2399; x_wconf 85' lang='lat' dir='ltr'><strong>seipsum</strong></span> <span class='ocrx_word' id='word_1_696' title='bbox 1609 2366 1800 2400; x_wconf 84' lang='lat' dir='ltr'><strong>interpretans,</strong></span> 
     </span>
    </p>
   </div>
   <div class='ocr_carea' id='block_1_96' title="bbox 1017 2407 1802 2444">
    <p class='ocr_par' dir='ltr' id='par_1_96' title="bbox 1017 2407 1802 2444">
     <span class='ocr_line' id='line_1_96' title="bbox 1017 2407 1802 2444; baseline 0.004 -9"><span class='ocrx_word' id='word_1_697' title='bbox 1017 2407 1106 2435; x_wconf 73' lang='lat' dir='ltr'><strong>dicit:</strong></span> <span class='ocrx_word' id='word_1_698' title='bbox 1132 2417 1141 2434; x_wconf 84' lang='grc' dir='ltr'><strong>ι</strong></span> <span class='ocrx_word' id='word_1_699' title='bbox 1162 2407 1290 2443; x_wconf 77' lang='lat' dir='ltr'><strong>Repletos</strong></span> <span class='ocrx_word' id='word_1_700' title='bbox 1309 2410 1383 2437; x_wconf 93' lang='lat' dir='ltr'><strong>omni</strong></span> <span class='ocrx_word' id='word_1_701' title='bbox 1415 2409 1570 2444; x_wconf 88' lang='lat' dir='ltr'><strong>iniquitate,</strong></span> <span class='ocrx_word' id='word_1_702' title='bbox 1603 2411 1715 2443; x_wconf 88' lang='lat' dir='ltr'><strong>malitia,</strong></span> <span class='ocrx_word' id='word_1_703' title='bbox 1738 2419 1802 2438; x_wconf 84' lang='lat' dir='ltr'><strong>ava-</strong></span> 
     </span>
    </p>
   </div>
   <div class='ocr_carea' id='block_1_97' title="bbox 754 2494 1173 2524">
    <p class='ocr_par' dir='ltr' id='par_1_97' title="bbox 754 2494 1173 2524">
     <span class='ocr_line' id='line_1_97' title="bbox 754 2494 1173 2524; baseline 0.007 -4"><span class='ocrx_word' id='word_1_704' title='bbox 754 2494 777 2510; x_wconf 87' lang='lat'>&quot;</span> <span class='ocrx_word' id='word_1_705' title='bbox 795 2494 870 2521; x_wconf 77' lang='lat' dir='ltr'><strong>llom.</strong></span> <span class='ocrx_word' id='word_1_706' title='bbox 889 2503 908 2523; x_wconf 84' lang='lat' dir='ltr'><strong>t.</strong></span> <span class='ocrx_word' id='word_1_707' title='bbox 925 2494 970 2522; x_wconf 71' lang='lat'><strong>26.</strong></span> <span class='ocrx_word' id='word_1_708' title='bbox 1009 2496 1030 2511; x_wconf 88' lang='lat'>&quot;</span> <span class='ocrx_word' id='word_1_709' title='bbox 1050 2495 1113 2523; x_wconf 80' lang='lat' dir='ltr'><strong>ibid.</strong></span> <span class='ocrx_word' id='word_1_710' title='bbox 1129 2496 1173 2524; x_wconf 68' lang='lat'><strong>28.</strong></span> 
     </span>
    </p>
   </div>
   <div class='ocr_carea' id='block_1_98' title="bbox 724 2569 1248 2600">
    <p class='ocr_par' dir='ltr' id='par_1_98' title="bbox 724 2569 1248 2600">
     <span class='ocr_line' id='line_1_98' title="bbox 724 2569 1248 2600; baseline 0.008 -4"><span class='ocrx_word' id='word_1_711' title='bbox 724 2569 840 2597; x_wconf 56' lang='lat' dir='ltr'><strong>VARIJE</strong></span> <span class='ocrx_word' id='word_1_712' title='bbox 859 2569 1050 2598; x_wconf 82' lang='lat' dir='ltr'><strong>LECTIONES</strong></span> <span class='ocrx_word' id='word_1_713' title='bbox 1070 2571 1114 2599; x_wconf 83' lang='lat' dir='ltr'><strong>ET</strong></span> <span class='ocrx_word' id='word_1_714' title='bbox 1133 2572 1248 2600; x_wconf 66' lang='grc' dir='ltr'><strong>ΝΟΤΕ.</strong></span> 
     </span>
    </p>
   </div>
   <div class='ocr_carea' id='block_1_99' title="bbox 214 2647 967 2682">
    <p class='ocr_par' dir='ltr' id='par_1_99' title="bbox 214 2647 967 2682">
     <span class='ocr_line' id='line_1_99' title="bbox 214 2647 967 2682; baseline -0.001 -7"><span class='ocrx_word' id='word_1_715' title='bbox 214 2648 272 2682; x_wconf 66' lang='lat'><strong>(26)</strong></span> <span class='ocrx_word' id='word_1_716' title='bbox 288 2647 353 2676; x_wconf 87' lang='lat' dir='ltr'><strong>Cod.</strong></span> <span class='ocrx_word' id='word_1_717' title='bbox 371 2647 430 2674; x_wconf 87' lang='lat' dir='ltr'><strong>Vat.</strong></span> <span class='ocrx_word' id='word_1_718' title='bbox 445 2647 497 2674; x_wconf 76' lang='lat'><strong>650</strong></span> <span class='ocrx_word' id='word_1_719' title='bbox 520 2647 662 2679; x_wconf 84' lang='lat' dir='ltr'><strong>lsidorum,</strong></span> <span class='ocrx_word' id='word_1_720' title='bbox 680 2649 722 2674; x_wconf 83' lang='lat' dir='ltr'><strong>cui</strong></span> <span class='ocrx_word' id='word_1_721' title='bbox 740 2649 796 2674; x_wconf 66' lang='lat' dir='ltr'><strong>haec</strong></span> <span class='ocrx_word' id='word_1_722' title='bbox 811 2648 967 2675; x_wconf 83' lang='lat' dir='ltr'><strong>inscribitur</strong></span> 
     </span>
    </p>
   </div>
   <div class='ocr_carea' id='block_1_100' title="bbox 175 2682 967 2717">
    <p class='ocr_par' dir='ltr' id='par_1_100' title="bbox 175 2682 967 2717">
     <span class='ocr_line' id='line_1_100' title="bbox 175 2682 967 2717; baseline -0.001 -7"><span class='ocrx_word' id='word_1_723' title='bbox 175 2685 304 2717; x_wconf 74' lang='lat' dir='ltr'><strong>epistula.</strong></span> <span class='ocrx_word' id='word_1_724' title='bbox 335 2684 488 2715; x_wconf 74' lang='lat' dir='ltr'><strong>epist-opum</strong></span> <span class='ocrx_word' id='word_1_725' title='bbox 517 2683 590 2713; x_wconf 75' lang='lat' dir='ltr'><strong>facit,</strong></span> <span class='ocrx_word' id='word_1_726' title='bbox 626 2690 674 2715; x_wconf 85' lang='lat' dir='ltr'><strong>pro</strong></span> <span class='ocrx_word' id='word_1_727' title='bbox 700 2682 813 2717; x_wconf 81' lang='grc' dir='ltr'>διακόνῳ</span> <span class='ocrx_word' id='word_1_728' title='bbox 844 2683 967 2709; x_wconf 84' lang='lat' dir='ltr'><strong>scribens</strong></span> 
     </span>
    </p>
   </div>
   <div class='ocr_carea' id='block_1_101' title="bbox 175 2716 967 2752">
    <p class='ocr_par' dir='ltr' id='par_1_101' title="bbox 175 2716 967 2752">
     <span class='ocr_line' id='line_1_101' title="bbox 175 2716 967 2752; baseline -0.001 -8"><span class='ocrx_word' id='word_1_729' title='bbox 175 2718 332 2752; x_wconf 77' lang='grc' dir='ltr'>ὲπισκόπῳ.</span> <span class='ocrx_word' id='word_1_730' title='bbox 349 2717 422 2744; x_wconf 71' lang='lat' dir='ltr'><strong>Vera.</strong></span> <span class='ocrx_word' id='word_1_731' title='bbox 442 2718 458 2742; x_wconf 80' lang='lat'><strong><em>8</em></strong></span> <span class='ocrx_word' id='word_1_732' title='bbox 472 2726 515 2750; x_wconf 80' lang='lat' dir='ltr'><strong>ep.</strong></span> <span class='ocrx_word' id='word_1_733' title='bbox 537 2724 585 2751; x_wconf 87' lang='lat' dir='ltr'><strong>pro</strong></span> <span class='ocrx_word' id='word_1_734' title='bbox 598 2716 688 2751; x_wconf 79' lang='grc' dir='ltr'>ἴσχυεν</span> <span class='ocrx_word' id='word_1_735' title='bbox 703 2717 771 2743; x_wconf 90' lang='lat' dir='ltr'><strong>idem</strong></span> <span class='ocrx_word' id='word_1_736' title='bbox 793 2716 872 2752; x_wconf 76' lang='lat' dir='ltr'><strong>liabet</strong></span> <span class='ocrx_word' id='word_1_737' title='bbox 888 2717 967 2752; x_wconf 76' lang='grc' dir='ltr'>ἴσχυ-</span> 
     </span>
    </p>
   </div>
   <div class='ocr_carea' id='block_1_102' title="bbox 176 2751 966 2787">
    <p class='ocr_par' dir='ltr' id='par_1_102' title="bbox 176 2751 966 2787">
     <span class='ocr_line' id='line_1_102' title="bbox 176 2751 966 2787; baseline 0 -8"><span class='ocrx_word' id='word_1_738' title='bbox 176 2761 235 2784; x_wconf 82' lang='grc' dir='ltr'>σεν,</span> <span class='ocrx_word' id='word_1_739' title='bbox 248 2759 275 2779; x_wconf 77' lang='lat' dir='ltr'><strong>et</strong></span> <span class='ocrx_word' id='word_1_740' title='bbox 289 2751 362 2780; x_wconf 55' lang='lat' dir='ltr'><strong>vltra.</strong></span> <span class='ocrx_word' id='word_1_741' title='bbox 377 2751 393 2777; x_wconf 72' lang='grc'><strong>4</strong></span> <span class='ocrx_word' id='word_1_742' title='bbox 408 2760 422 2777; x_wconf 86' lang='lat' dir='ltr'><strong>a</strong></span> <span class='ocrx_word' id='word_1_743' title='bbox 435 2751 545 2787; x_wconf 59' lang='lat' dir='ltr'><strong>iiugpro</strong></span> <span class='ocrx_word' id='word_1_744' title='bbox 559 2752 667 2787; x_wconf 77' lang='grc' dir='ltr'>ἐχόρευε</span> <span class='ocrx_word' id='word_1_745' title='bbox 682 2752 785 2784; x_wconf 84' lang='lat' dir='ltr'><strong>scribit,</strong></span> <span class='ocrx_word' id='word_1_746' title='bbox 803 2751 871 2778; x_wconf 87' lang='lat' dir='ltr'><strong>haud</strong></span> <span class='ocrx_word' id='word_1_747' title='bbox 888 2751 966 2786; x_wconf 73' lang='lat' dir='ltr'><strong>paulo</strong></span> 
     </span>
    </p>
   </div>
   <div class='ocr_carea' id='block_1_103' title="bbox 176 2785 580 2822">
    <p class='ocr_par' dir='ltr' id='par_1_103' title="bbox 176 2785 580 2822">
     <span class='ocr_line' id='line_1_103' title="bbox 176 2785 580 2822; baseline -0.002 -8"><span class='ocrx_word' id='word_1_748' title='bbox 176 2789 277 2821; x_wconf 79' lang='lat' dir='ltr'><strong>aptius,</strong></span> <span class='ocrx_word' id='word_1_749' title='bbox 294 2787 458 2822; x_wconf 61' lang='grc' dir='ltr'>ἐχορήγησε.</span> <span class='ocrx_word' id='word_1_750' title='bbox 476 2785 580 2822; x_wconf 79' lang='lat' dir='ltr'><strong>Possm.</strong></span> 
     </span>
    </p>
   </div>
   <div class='ocr_carea' id='block_1_104' title="bbox 213 2819 958 2857">
    <p class='ocr_par' dir='ltr' id='par_1_104' title="bbox 213 2819 958 2857">
     <span class='ocr_line' id='line_1_104' title="bbox 213 2819 958 2857; baseline 0 -8"><span class='ocrx_word' id='word_1_751' title='bbox 213 2822 270 2857; x_wconf 70' lang='grc' dir='ltr'><strong>ιεη</strong></span> <span class='ocrx_word' id='word_1_752' title='bbox 288 2819 431 2855; x_wconf 59' lang='grc' dir='ltr'>Ιιίὲέτῖιιιίο</span> <span class='ocrx_word' id='word_1_753' title='bbox 447 2821 561 2848; x_wconf 78' lang='lat' dir='ltr'><strong>sumitur</strong></span> <span class='ocrx_word' id='word_1_754' title='bbox 578 2828 608 2847; x_wconf 81' lang='lat' dir='ltr'><strong>ex</strong></span> <span class='ocrx_word' id='word_1_755' title='bbox 628 2819 688 2846; x_wconf 87' lang='lat' dir='ltr'><strong>cod.</strong></span> <span class='ocrx_word' id='word_1_756' title='bbox 707 2819 790 2847; x_wconf 85' lang='lat' dir='ltr'><strong>Vatic.</strong></span> <span class='ocrx_word' id='word_1_757' title='bbox 805 2819 868 2852; x_wconf 76' lang='grc'>650,</span> <span class='ocrx_word' id='word_1_758' title='bbox 883 2820 958 2849; x_wconf 78' lang='grc' dir='ltr'><strong>Ευιτ.</strong></span> 
     </span>
    </p>
   </div>
   <div class='ocr_carea' id='block_1_105' title="bbox 1051 2650 1676 2684">
    <p class='ocr_par' dir='ltr' id='par_1_105' title="bbox 1051 2650 1676 2684">
     <span class='ocr_line' id='line_1_105' title="bbox 1051 2650 1676 2684; baseline 0.006 -8"><span class='ocrx_word' id='word_1_759' title='bbox 1051 2650 1107 2684; x_wconf 69' lang='grc' dir='ltr'>(2ο)</span> <span class='ocrx_word' id='word_1_760' title='bbox 1124 2651 1184 2677; x_wconf 82' lang='grc' dir='ltr'>Εἰσὶ</span> <span class='ocrx_word' id='word_1_761' title='bbox 1197 2652 1256 2679; x_wconf 87' lang='lat' dir='ltr'><strong>cod.</strong></span> <span class='ocrx_word' id='word_1_762' title='bbox 1270 2651 1330 2680; x_wconf 91' lang='lat' dir='ltr'><strong>Val.</strong></span> <span class='ocrx_word' id='word_1_763' title='bbox 1347 2658 1430 2680; x_wconf 87' lang='lat' dir='ltr'><strong>mutat</strong></span> <span class='ocrx_word' id='word_1_764' title='bbox 1446 2654 1471 2680; x_wconf 90' lang='lat' dir='ltr'><strong>in</strong></span> <span class='ocrx_word' id='word_1_765' title='bbox 1488 2654 1554 2680; x_wconf 81' lang='grc' dir='ltr'>ἐστι.</span> <span class='ocrx_word' id='word_1_766' title='bbox 1572 2653 1676 2681; x_wconf 63' lang='lat' dir='ltr'><strong>Possm.</strong></span> 
     </span>
    </p>
   </div>
   <div class='ocr_carea' id='block_1_106' title="bbox 1053 2685 1799 2724">
    <p class='ocr_par' dir='ltr' id='par_1_106' title="bbox 1053 2685 1799 2724">
     <span class='ocr_line' id='line_1_106' title="bbox 1053 2685 1799 2724; baseline 0.004 -13"><span class='ocrx_word' id='word_1_767' title='bbox 1053 2685 1108 2721; x_wconf 67' lang='lat'><strong>(“29)</strong></span> <span class='ocrx_word' id='word_1_768' title='bbox 1129 2686 1182 2712; x_wconf 80' lang='lat' dir='ltr'><strong>\&quot;ox</strong></span> <span class='ocrx_word' id='word_1_769' title='bbox 1200 2687 1406 2724; x_wconf 17' lang='lat' dir='ltr'><strong>as&#39;69t_;,rqua3_in</strong></span> <span class='ocrx_word' id='word_1_770' title='bbox 1428 2689 1492 2715; x_wconf 89' lang='lat' dir='ltr'><strong>edit.</strong></span> <span class='ocrx_word' id='word_1_771' title='bbox 1515 2687 1599 2715; x_wconf 82' lang='lat' dir='ltr'><strong>Paris.</strong></span> <span class='ocrx_word' id='word_1_772' title='bbox 1615 2689 1719 2723; x_wconf 74' lang='lat' dir='ltr'><strong>deerat,</strong></span> <span class='ocrx_word' id='word_1_773' title='bbox 1737 2697 1799 2724; x_wconf 80' lang='lat' dir='ltr'><strong>sup-</strong></span> 
     </span>
    </p>
   </div>
   <div class='ocr_carea' id='block_1_107' title="bbox 1015 2719 1431 2754">
    <p class='ocr_par' dir='ltr' id='par_1_107' title="bbox 1015 2719 1431 2754">
     <span class='ocr_line' id='line_1_107' title="bbox 1015 2719 1431 2754; baseline 0.014 -10"><span class='ocrx_word' id='word_1_774' title='bbox 1015 2719 1104 2754; x_wconf 81' lang='lat' dir='ltr'><strong>pletur</strong></span> <span class='ocrx_word' id='word_1_775' title='bbox 1119 2728 1151 2747; x_wconf 78' lang='lat' dir='ltr'><strong>ex</strong></span> <span class='ocrx_word' id='word_1_776' title='bbox 1170 2722 1230 2747; x_wconf 78' lang='lat' dir='ltr'><strong>cod.</strong></span> <span class='ocrx_word' id='word_1_777' title='bbox 1248 2719 1334 2749; x_wconf 82' lang='lat' dir='ltr'><strong>Vatic.</strong></span> <span class='ocrx_word' id='word_1_778' title='bbox 1353 2722 1431 2750; x_wconf 82' lang='grc' dir='ltr'>Ευιτ.</span> 
     </span>
    </p>
   </div>
   <div class='ocr_carea' id='block_1_108' title="bbox 1052 2754 1800 2793">
    <p class='ocr_par' dir='ltr' id='par_1_108' title="bbox 1052 2754 1800 2793">
     <span class='ocr_line' id='line_1_108' title="bbox 1052 2754 1800 2793; baseline 0.005 -13"><span class='ocrx_word' id='word_1_779' title='bbox 1052 2755 1107 2790; x_wconf 79' lang='grc'><strong>(30)</strong></span> <span class='ocrx_word' id='word_1_780' title='bbox 1123 2754 1178 2793; x_wconf 65' lang='grc' dir='ltr'><strong>Τῆς</strong></span> <span class='ocrx_word' id='word_1_781' title='bbox 1189 2756 1332 2791; x_wconf 68' lang='grc' dir='ltr'>ἀκριϐείας</span> <span class='ocrx_word' id='word_1_782' title='bbox 1349 2759 1408 2784; x_wconf 87' lang='lat' dir='ltr'><strong>cod.</strong></span> <span class='ocrx_word' id='word_1_783' title='bbox 1427 2756 1487 2784; x_wconf 86' lang='lat' dir='ltr'><strong>Vat.</strong></span> <span class='ocrx_word' id='word_1_784' title='bbox 1506 2762 1590 2784; x_wconf 88' lang='lat' dir='ltr'><strong>mutat</strong></span> <span class='ocrx_word' id='word_1_785' title='bbox 1613 2758 1639 2785; x_wconf 88' lang='lat' dir='ltr'><strong>in</strong></span> <span class='ocrx_word' id='word_1_786' title='bbox 1656 2758 1704 2793; x_wconf 83' lang='grc' dir='ltr'>τὴν</span> <span class='ocrx_word' id='word_1_787' title='bbox 1721 2758 1800 2791; x_wconf 75' lang='grc' dir='ltr'>ἀκρί-</span> 
     </span>
    </p>
   </div>
   <div class='ocr_carea' id='block_1_109' title="bbox 1015 2788 1226 2816">
    <p class='ocr_par' dir='ltr' id='par_1_109' title="bbox 1015 2788 1226 2816">
     <span class='ocr_line' id='line_1_109' title="bbox 1015 2788 1226 2816; baseline 0.009 -2"><span class='ocrx_word' id='word_1_788' title='bbox 1015 2788 1101 2815; x_wconf 67' lang='grc' dir='ltr'>ϐειανξ</span> <span class='ocrx_word' id='word_1_789' title='bbox 1122 2789 1226 2816; x_wconf 72' lang='lat' dir='ltr'><strong>Possm.</strong></span> 
     </span>
    </p>
   </div>
  </div>
