2040 3161
159 197 229 232 1169

605 192 871 223 EPISTOLARUM
895 193 967 222 LIB.
989 193 1035 223 ιν.
1057 204 1090 211 -
1106 192 1223 222 EPIST.
1242 191 1321 221 CIII.

1715 180 1789 221 '1170

158 250 254 286 πλαγῶ
270 249 328 284 (55)
349 248 409 275 οὐδὲ
429 246 555 283 μεταστῶ
581 247 621 277 είς
641 246 671 272 τὸ
688 245 787 281 μηκέτι
814 245 918 280 ὑμνεῖν.
937 255 946 271 ι

1002 246 1055 272 rari
1068 252 1158 273 autent
1176 253 1255 274 nemo
1273 247 1365 278 debet,
1377 246 1404 273 si
1416 245 1498 273 etiam
1515 245 1540 272 in
1556 245 1655 273 bonam
1682 252 1783 280 partem

163 299 303 332 Ἐπήταγε
312 296 384 330 γάρ·
405 304 414 320 ι
433 293 535 329 Κύριος
550 294 564 319 ό
578 292 643 323 Θεός
658 300 719 326 μου.
740 292 780 323 είς
797 291 842 318 τδν
859 290 945 317 αίῶνα

156 340 396 378 ἐξομολογησομαί
414 348 465 366 σοι.
498 349 507 364 ι
522 338 576 364 Καὶ
587 339 611 364 ol
626 338 689 372 περὶ
711 336 843 372 Συμεῶνα
854 337 882 364 δὲ
895 338 941 364 καὶ

156 389 233 418 Λ;υἳ.
248 388 317 423 μετὰ
331 386 362 412 τὸ
377 384 538 422 ὑϐρισθῆναι
554 384 594 414 εἰς
606 383 690 418 αὐτὴν
705 383 755 419 τὴν
767 383 945 418 σωφροσύνην

156 434 206 468 τὴν
222 431 350 466 ἀδελφὴν.
364 430 564 464 κατενύγησαν,
581 428 713 460 τουτέστι,
725 428 939 463 κατεπλάγησαν

157 480 206 506 καὶ
223 476 442 512 κατετρώθησαν
467 475 520 501 ὑπὸ
538 474 638 508 ζήλου·
660 474 707 500 καὶ
718 473 806 505 οὕτως
827 474 866 505 εἰς
875 474 943 509 ἀμε-

155 525 270 552 τάθετον
288 523 422 555 ἐξέπεσαν
442 521 539 556 ὀργὴν,
552 521 590 552 ὡς
606 520 654 547 καὶ
668 520 736 555 δόλῳ
757 520 787 546 οὐ
808 519 888 555 μόνον
900 519 947 546 τὸν

157 571 301 605 ὺῦριστὴν,
324 569 392 595 ἀλλὰ
409 568 458 596 καὶ
474 568 563 595 πᾶσαν
582 566 665 594 αὑτοῦ
680 565 729 601 τὴν
750 565 829 592 πόλιν
846 565 946 602 ἡϐηδὸν

999 292 1117 319 stunitur
1131 291 1353 326 compunetionis
1378 292 1500 319 verbum.
1523 291 1589 318 Nam
1618 292 1654 319 ibi
1677 299 1784 326 quoque

998 338 1142 372 signiﬁcat,
1159 338 1330 364 vulneratum
1346 344 1405 364 esse
1419 337 1498 364 rebus
1513 337 1591 365 bouis
1608 346 1614 364 :
1630 338 1704 365 verbi
1723 346 1783 373 gra-

1000 384 1047 416 tia,
1062 390 1123 409 cum
1138 383 1220 409 etiam
1235 382 1325 408 divino
1346 390 1439 409 amore
1465 388 1589 417 correpta
1615 384 1704 410 anima
1727 384 1782 410 cla-

996 433 1073 455 mat:
1093 437 1101 454 ι
1127 428 1194 461 Quia
1216 428 1361 454 dilectione
1393 427 1532 454 vulnerata
1553 437 1612 455 stltli
1650 437 1699 463 ego
1720 430 1752 456 ⁸³.
1771 439 1780 454 ι

996 475 1144 502 Sciendum
1157 480 1196 502 est
1210 478 1312 504 autem,
1339 481 1391 500 nou
1418 474 1528 500 omnino
1555 475 1649 501 eadem
1674 476 1782 501 nomina

995 525 1042 548 aut
1056 520 1137 548 verba
1154 520 1279 547 eumdem
1302 527 1411 554 semper
1443 519 1609 546 intellectum
1642 521 1775 553 praebere.

996 566 1062 592 Nam
1076 565 1159 594 David
1175 571 1283 600 quoque
1293 565 1380 592 dixit:
1397 573 1407 590 ι
1423 564 1458 592 Ut
1488 569 1581 591 cantet
1611 565 1659 591 tibi
1692 565 1776 599 gloria

157 616 342 651 κατασφάξαι.

999 620 1068 644 mea,
1079 618 1166 640 etnon
1181 619 1347 647 eompungar
1361 611 1397 644 ",
1432 612 1483 639 hoc
1494 616 1546 643 est,
1565 615 1594 637 ut
1609 616 1685 645 puto.
1703 618 1737 636 ne
1751 618 1783 637 eo

159 663 276 697 redigar,
292 667 322 688 ut
339 670 390 689 non
418 660 532 695 amplius
557 665 654 687 canam
676 657 799 692 hymnos.
819 667 828 683 ι
844 657 956 686 Addidit
974 658 1047 686 enim
1065 667 1071 685 :
1092 667 1101 684 ι
1121 659 1233 686 Domine
1259 659 1328 686 Deus
1356 665 1443 690 meus,
1469 659 1498 685 in
1522 661 1653 685 aeternum
1669 657 1781 684 conﬁtc-

160 708 210 734 bor
221 707 266 734 tibi
282 707 317 735 ".
332 717 340 733 ι
359 707 411 734 Sed
425 706 511 740 etqni
529 706 600 732 circa
631 704 784 731 Simeonem
811 709 839 730 et
870 704 932 731 Levi
953 709 1042 738 erant,
1055 709 1114 739 post
1131 705 1258 732 violatam
1297 713 1352 733 sua:
1387 706 1488 733 sororis
1512 705 1678 739 pudicitiam,
1712 711 1783 731 com-

159 753 252 787 puucti
267 757 340 784 sunt,
360 753 410 780 hoc
424 752 503 780 estin
530 756 666 784 stuporem
686 749 750 780 acti,
777 753 802 777 et
821 750 1007 777 convulnerati
1023 756 1088 778 sunt
1121 751 1170 778 zeli
1206 756 1233 777 et
1264 751 1457 785 indignationis
1488 750 1678 777 vehementia:
1700 754 1780 783 atque

160 798 199 825 ita
228 799 254 825 in
279 798 444 832 pertinacem
473 797 541 823 iram
579 796 742 825 inciderunt,
770 799 799 821 ut
822 794 914 822 dolose
943 802 1050 829 quoque
1081 796 1233 832 ιιοιιήθθ
1268 796 1353 822 solum
1391 796 1476 830 ipsum
1509 796 1614 830 injuria:
1644 801 1781 822 auctorem

161 843 283 875 Sichem,
298 844 343 871 sed
358 851 409 871 una
421 842 500 870 etiam
520 846 602 869 totam
615 840 698 876 ipsius
713 840 851 867 civitatem
878 847 893 866 a
914 841 999 875 prima
1015 841 1156 875 pubertate
1170 846 1329 869 mactarent.

401 908 463 936 PB’.
485 925 520 931 _
535 909 708 944 ΦΙΛΗΤΡΙῼ.

203 966 309 1000 Ἐπειδὴ
335 965 486 1001 γέγραφας·
508 965 539 992 Et
561 965 771 993 συνεϐούλευσεν
794 967 809 993 ὸ
824 965 947 998 Παῦλος’

163 1022 174 1038 ί
194 1012 287 1044 Θέλεις
301 1012 330 1038 δὲ
357 1012 395 1047 μὴ
416 1011 558 1046 φοῦεῖσθαι
580 1011 630 1046 τὴν
646 1011 781 1044 ἐξουσίαν,
801 1011 832 1038 τὸ
848 1011 949 1046 ἀγαθὴν

160 1057 246 1090 ποίει,
259 1058 306 1085 καὶ
317 1058 388 1091 ἕξεις
402 1058 513 1085 ἔπαινον
530 1057 560 1089 ἐξ
572 1057 657 1093 αὐτῆς
668 1067 674 1074 ·
695 1067 703 1083 ι
720 1057 778 1090 πῶς
798 1058 866 1093 μετὰ
882 1058 949 1093 βραα

159 1104 212 1139 χὲα
233 1104 330 1138 φησιν’
357 1112 367 1130 ‹
396 1103 522 1130 Ἀπόδοτε
533 1102 573 1138 τῷ
585 1103 630 1130 τὸν
647 1102 740 1138 φόϐον,
754 1103 799 1130 τὸν
816 1103 914 1138 φόὸον;
937 1113 946 1129 ι

158 1147 250 1184 οἶμαι,
267 1150 307 1176 ὅτι
322 1150 347 1176 εί
365 1149 403 1184 μὴ
420 1149 485 1183 περὶ
495 1148 542 1175 τοῦ
561 1148 629 1175 Θεοῦ
641 1157 713 1180 τινες
726 1149 792 1175 αὐτὸ
811 1148 948 1184 βούλονται

158 1195 290 1230 εἰρῆσθαι
304 1195 312 1231 (
330 1195 484 1230 γέγραπται
499 1194 570 1229 γάρ’
589 1203 598 1220 ‹
624 1194 698 1229 Τίμα
714 1193 759 1220 τὸν
775 1194 887 1229 Κύριον,
903 1194 950 1220 καὶ

160 1241 283 1275 ἰσχύσεις
296 1249 302 1256 ·
317 1240 388 1276 πλὴν
403 1240 430 1266 δὲ
447 1240 530 1267 αὐτοῦ
545 1239 582 1274 μὴ
602 1239 685 1274 φοῦοῦ
710 1240 790 1267 ἄλλον
808 1241 830 1275 ι)
841 1249 847 1255 ·
861 1241 951 1266 ἐκεῖνο

162 1286 214 1319 μὲν
231 1283 303 1317 εἶπε,
323 1286 362 1320 τῷ
380 1286 424 1312 τὸν
440 1285 521 1319 φόὸον
545 1285 599 1312 ἀπὸ
619 1285 666 1312 τοῦ
681 1285 775 1320 ξίφους
788 1286 845 1317 τοῖς
861 1286 951 1321 πλημ-

160 1331 289 1361 μελοῦσιν
308 1332 500 1367 ἐπηρτημένον
515 1331 715 1366 διαδιδράσκειν
730 1331 776 1358 τὸν
794 1332 948 1367 φιλάρετον,

159 1377 208 1404 καὶ
228 1377 275 1403 τοῦ
287 1378 448 1412 ἀρχοντικοῦ
467 1378 576 1404 ἐπαίνου
593 1377 738 1412 τυγχάνειν
748 1385 754 1393 ·
771 1377 850 1404 τοῦτο
861 1377 889 1404 δὲ
904 1376 950 1404 τὸν

158 1425 192 1449 ἐκ
214 1424 261 1458 τῆς
279 1424 424 1458 συντυχῖας
438 1424 485 1450 καὶ
499 1425 549 1459 τῆς
573 1423 664 1456 αἰδοῦς
677 1424 724 1450 καὶ
735 1423 785 1458 τῆς
805 1423 888 1459 τιμῆς
900 1423 950 1458 τῆς

160 1469 408 1505 κεχρεωστημένης
432 1472 488 1502 τοῖς
511 1470 675 1505 ἡγουμένοις
692 1470 839 1505 χρεωστεῖν
856 1469 948 1504 φόϐον.

159 1515 230 1541 Οὐδὲ
246 1515 300 1550 γάρ
315 1516 389 1542 ἐστιν
410 1515 508 1551 ἀτελὴς
523 1516 631 1548 τούτου,
643 1515 690 1542 τοῦ
704 1515 787 1550 μηδὲν
798 1515 880 1543 αὐτὸν
895 1526 948 1544 πα-

1225 908 1278 936 Cll.
1300 923 1335 928 —
1357 907 1551 936 PIIILETRIO.

1033 965 1164 998 Qtioniam
1186 973 1234 999 per
1248 965 1353 993 litteras
1377 967 1523 1000 qumsivisti
1550 974 1603 1001 quo
1619 971 1696 1000 pacto
1713 965 1784 992 Pau—

1000 1012 1052 1045 lus,
1065 1012 1086 1039 si
1101 1012 1244 1039 consilium
1259 1012 1331 1039 dedit
1347 1012 1388 1039 his
1405 1012 1493 1039 verbis
1509 1019 1515 1036 :
1540 1021 1549 1037 ε
1567 1012 1613 1039 Vis
1624 1017 1713 1039 autem
1731 1021 1782 1039 non

1001 1057 1096 1084 timere
1116 1061 1286 1091 potestatem,
1308 1056 1351 1084 fac
1375 1057 1473 1084 bonum
1493 1063 1520 1084 et
1547 1057 1657 1084 habebis
1679 1058 1783 1084 laudent

1000 1104 1032 1130 ab
1051 1110 1082 1130 ea
1097 1103 1134 1135 ⁸⁶;
1153 1111 1164 1129 ι
1186 1102 1265 1137 paulo
1284 1108 1343 1137 post
1368 1103 1441 1130 dicat
1459 1112 1466 1129 :
1486 1112 1496 1129 ‹
1514 1103 1628 1130 Reddite
1649 1103 1672 1130 ei
1695 1103 1736 1130 cui
1753 1102 1785 1129 ti-

1001 1156 1102 1176 morem
1129 1148 1253 1184 (debetis)
1283 1147 1409 1176 timorem
1425 1148 1447 1164 ⁸⁷
1467 1157 1473 1175 :
1498 1157 1508 1175 ι
1530 1148 1569 1175 sic
1593 1147 1729 1175 existimo.
1757 1147 1784 1174 Si

1001 1195 1044 1229 qui
1060 1195 1146 1221 nolint
1165 1195 1233 1221 forte
1251 1194 1316 1221 illud
1331 1194 1434 1221 dictum
1449 1201 1509 1220 esse
1523 1193 1558 1222 de
1573 1194 1628 1222 Deo
1643 1193 1785 1230 (scriptum

1001 1246 1042 1269 est
1053 1241 1150 1268 enim:
1176 1249 1186 1266 ι
1217 1240 1323 1268 Honora
1352 1240 1503 1272 Dotninum,
1532 1245 1559 1268 et
1587 1244 1681 1275 potens
1709 1241 1784 1268 eris:

1001 1291 1098 1321 pra-ter
1120 1287 1205 1321 ipsum
1228 1294 1292 1314 vero
1316 1294 1368 1313 non
1386 1286 1494 1313 timebis
1515 1286 1597 1313 alium
1610 1286 1648 1320 ";
1669 1285 1696 1321 ι)
1722 1285 1785 1313 illud

1000 1333 1107 1366 quidem
1133 1333 1208 1366 prius
1233 1333 1333 1359 dixisse
1360 1332 1471 1359 Paulum
1497 1333 1566 1366 ideo,
1589 1332 1653 1366 quia
1679 1332 1785 1358 virtutis

1000 1377 1137 1404 studiosus
1165 1378 1290 1404 timorem
1307 1377 1393 1409 lllltlll,
1418 1378 1489 1410 quia
1512 1377 1600 1411 gladio
1625 1377 1785 1404 facinorosis

1001 1423 1146 1457 impendet,
1171 1422 1290 1457 effugiat,
1313 1426 1340 1449 et
1366 1422 1470 1449 laudent
1495 1423 1669 1457 magistratus
1689 1429 1784 1448 consc-

1000 1475 1097 1505 quatur
1111 1479 1118 1496 :
1136 1470 1187 1498 hoc
1202 1476 1290 1497 autem
1305 1470 1438 1504 posterius
1451 1470 1609 1505 (protulisse
1623 1470 1695 1503 eum)
1712 1470 1783 1500 ideo.

1000 1516 1062 1550 quia
1085 1516 1166 1542 etiam
1192 1520 1278 1542 metus
1299 1516 1407 1550 quidam
1428 1515 1559 1543 debeatur
1584 1514 1785 1549 magistratibus

160 1560 374 1594 ραϐλάπτοντος,
388 1561 457 1588 ἀλλὰ
473 1562 519 1588 καὶ
536 1559 746 1596 αίδεσιμώτερον
759 1562 806 1588 καὶ
823 1561 947 1597 λαμπρό-

1001 1569 1033 1588 ex
1053 1561 1200 1588 reverentia
1227 1567 1254 1588 et
1276 1561 1378 1588 hanore
1394 1562 1471 1595 ipsis.
1496 1561 1602 1596 quando
1630 1561 1706 1587 nobis
1725 1567 1785 1586 cum

156 1614 240 1640 τερον
255 1606 463 1640 ἀποφαίνοντος.
479 1607 570 1633 Εἴκειν
592 1606 647 1641 γὰρ
669 1606 721 1642 χρὴ
742 1607 824 1634 παντὶ
846 1608 944 1639 σθένει,

158 1653 188 1678 ἐν
203 1649 244 1683 οἷς
262 1652 324 1687 μήτ’
337 1653 463 1680 εὐσέϐεια
483 1653 547 1688 μήθ’
571 1654 588 1688 ὴ
608 1653 694 1689 ἀρετὴ
714 1653 946 1685 καταϐλάπτεται,

158 1697 228 1724 ἀλλὰ
239 1699 285 1724 καὶ
301 1698 502 1734 βασιλικωτέρα
512 1699 558 1725 καὶ
575 1699 775 1734 ἐπιφανεστέρα
788 1699 819 1726 ὲκ
832 1699 880 1734 τῆς
894 1699 946 1725 τῶν

160 1744 309 1778 μετιόντων
326 1744 476 1776 ἐπιεικείας
487 1744 675 1779 ἀναφαίνεται.

1000 1607 1054 1634 illis
1067 1607 1199 1642 agendum
1214 1613 1265 1638 est.
1280 1608 1380 1635 debito.
1402 1607 1493 1642 Neque
1504 1608 1575 1635 enim
1595 1607 1620 1634 is
1635 1607 1678 1640 qui
1696 1607 1785 1633 virtuti

1002 1654 1047 1680 dat
1061 1660 1182 1687 operam,
1206 1653 1336 1680 immunis
1350 1658 1392 1680 cst
1410 1661 1424 1680 a
1443 1653 1503 1680 talis
1521 1653 1625 1680 timoris
1639 1654 1679 1687 (ut
1693 1652 1731 1679 sic
1750 1652 1784 1678 lo-

1002 1697 1087 1733 quar)
1117 1698 1303 1725 reverentialis
1337 1698 1528 1732 praestatione,
1557 1698 1602 1731 qui
1634 1697 1787 1724 nullatenus

1003 1744 1089 1777 ipsum
1105 1743 1186 1774 laedit.
1213 1744 1277 1778 quin
1294 1745 1381 1777 potius
1408 1743 1631 1770 renerabiliorem
1652 1748 1733 1776 atque
1755 1741 1788 1768 il-

160 1789 315 1816 lustriorem
330 1789 460 1817 declarat.
485 1789 589 1817 Cedere
615 1790 686 1817 enim
714 1794 820 1824 oportet
852 1789 1046 1824 (unagistratui)
1076 1789 1201 1816 omnibus
1242 1789 1356 1820 viribus,
1382 1790 1408 1816 in
1434 1789 1486 1817 illis
1510 1790 1601 1822 rebus,
1639 1789 1665 1816 in
1691 1789 1787 1822 quibus

160 1843 250 1870 neque
271 1837 376 1871 pietati,
402 1845 488 1872 neque
505 1838 597 1865 virtuti
624 1836 706 1864 ullum
731 1837 842 1864 atl'ertur
864 1838 1067 1869 detrimentum,
1103 1837 1156 1863 imo
1190 1837 1271 1863 etiam
1293 1836 1465 1871 praestantior
1495 1841 1576 1872 atque
1607 1835 1738 1870 insignior
1753 1842 1789 1862 ex

159 1883 294 1912 cultorum
314 1892 425 1912 suorum
444 1886 630 1913 moderatione
646 1887 859 1913 demonstratur.

286 1951 345 1978 PI".
367 1966 396 1971 —
413 1951 568 1987 ΕΠΙΜΑΧῼ
592 1951 810 1987 ΑΝΑΓΝΩΣΤῌ.

243 2006 294 2039 ΕΙς
308 2007 356 2033 τὸυ
376 2016 384 2032 ι
406 2006 504 2041 Ὑμεῖς
521 2006 686 2042 ἐστεσῶμα
705 2007 843 2040 Χριστοῦ.
868 2017 877 2033 ι

203 2073 312 2108 Ἐπειδὴ
325 2074 476 2109 γέγραφας·
497 2073 529 2100 Τί
549 2074 623 2100 ἐστιν
635 2082 643 2091 υ
663 2083 672 2099 ι
693 2074 786 2109 Ὑμεῖς
800 2075 860 2101 ὲστε
874 2074 952 2109 σῶμα

159 2120 292 2154 Χριςτοῦ,
308 2121 355 2147 καὶ
372 2121 439 2155 μέλη
455 2121 487 2147 ὲκ
502 2121 619 2156 μέρους;
633 2130 642 2146 ι
661 2118 748 2156 οἶμαι,
764 2121 804 2147 ὅτι
821 2121 913 2156 ἐπειδὴ
927 2121 952 2146 οί.

162 2165 213 2198 μὲν
226 2165 382 2199 ἅπανταγοῦ
399 2166 448 2200 τῆς
461 2165 505 2200 ὑφ’
518 2165 585 2201 ἡλίῳ
604 2165 768 2201 Ἐκκλησίας
781 2165 860 2200 σῶμα
879 2166 947 2200 Χρι-

160 2208 238 2240 στοῦ,
255 2209 391 2243 Κορίνθιοι
404 2209 433 2236 δὲ
449 2209 530 2244 μέρος
544 2207 614 2243 ἦσαν
633 2209 728 2236 τούτου
747 2209 794 2236 τοῦ
809 2209 946 2243 σώματος,

1156 1953 1222 1981 Clll.
1238 1969 1273 1974 -—
1287 1952 1459 1980 EPIMACHO
1474 1953 1632 1980 LECTORI.

1090 2008 1122 2034 In
1139 2009 1216 2039 illud,
1235 2019 1243 2033 Ι
1276 2009 1325 2035 Vas
1339 2010 1400 2036 estix
1415 2018 1509 2042 corpus
1523 2009 1619 2035 Clu-isti
1637 2010 1670 2035 ⁸³.
1687 2020 1695 2035 ι

1037 2074 1169 2107 Quoniam
1195 2083 1242 2109 per
1269 2076 1374 2101 litteras
1388 2076 1549 2109 quwsiristi,
1575 2076 1637 2109 quid
1658 2076 1708 2102 sibi
1726 2076 1788 2103 velit

1003 2120 1066 2147 illud
1086 2129 1092 2147 :
1112 2129 1122 2145 ι
1147 2119 1200 2147 Vos
1223 2121 1290 2147 estis
1310 2127 1407 2154 corpus
1430 2120 1546 2152 Christi.
1565 2126 1591 2148 et
1618 2123 1735 2148 mt‘lltbt‘a
1755 2130 1787 2148 ει

1000 2170 1090 2199 parte;
1106 2175 1116 2190 ι
1132 2166 1258 2197 arbitror,
1274 2166 1580 2200 quiatptotquolubique
1599 2168 1691 2194 vivunt
1702 2167 1787 2194 ltonii~

1000 2218 1058 2242 nes,
1074 2211 1200 2238 Ecclesia:
1219 2211 1380 2239 universalis
1391 2212 1441 2238 sub
1452 2213 1508 2238 sole
1523 2220 1570 2246 per
1593 2217 1678 2239 totum
1694 2213 1786 2239 orbem

158 2255 204 2281 διὰ
217 2255 297 2281 τοῦτο
307 2254 414 2289 ιἔφησεν·
429 2265 438 2280 ι
459 2255 505 2281 Ἐκ
521 2255 629 2289 μέρους·
647 2265 655 2280 ι
669 2252 734 2286 οἷον,
746 2255 833 2286 Μέλος
842 2256 915 2282 ἐστὶν
931 2257 947 2290 ἡ

1001 2256 1129 2290 dispersa:
1149 2263 1247 2290 corpus
1268 2257 1562 2289 constituuntCln-isti;
1579 2257 1710 2284 Corinthii
1726 2265 1790 2283 vero

159 2301 228 2335 παρ’
248 2301 313 2335 ὑμῖν
334 2300 482 2335 Ἐκκλησία
498 2301 547 2335 τῆς
567 2300 734 2336 ἁπανταχοῦ.
753 2300 833 2327 Ὥστε
849 2301 948 2328 δίκαιοι

159 2343 194 2370 ἂν
223 2344 297 2379 εῐητε
317 2344 349 2370 οὐ
367 2345 448 2379 μόνον
466 2345 534 2380 πρὸς
556 2345 670 2376 ἑαυτοὺς
685 2345 855 2379 (ἐστασίαζον
870 2346 947 2381 γὰρ),

158 2389 230 2416 ἀλλὰ
243 2391 291 2417 καὶ
318 2391 387 2427 πρὸς
411 2391 515 2422 πάντας
542 2391 603 2422 τοὺς
631 2391 702 2418 κατὰ
714 2391 763 2426 τὴν
784 2393 948 2428 οἰκουμένην

158 2435 326 2470 ὀμοπίστους
338 2437 469 2470 ὁμονοεῖν,
486 2437 574 2463 πᾶσαν
585 2436 717 2471 διχόνοιαν
727 2437 760 2462 ὲκ.
775 2437 862 2464 ποδῶν
871 2445 949 2473 ποιη-

161 2481 285 2516 σάμενοι.

998 2310 1061 2341 pars
1074 2310 1121 2329 era
1133 2309 1151 2328 ιι
1166 2303 1245 2337 hujus
1255 2302 1389 2337 corporis,
1405 2303 1463 2330 ideo
1478 2302 1587 2329 Paulum
1603 2304 1653 2330 hoe
1666 2303 1784 2331 dixisse:

1001 2356 1009 2372 ι
1028 2347 1065 2374 Ex
1086 2352 1171 2382 parte.
1193 2357 1202 2372 ι
1224 2347 1305 2380 Quasi
1327 2348 1429 2374 diceret
1452 2357 1458 2374 :
1485 2348 1602 2374 Ecclesia
1632 2356 1691 2382 quae
1720 2350 1786 2382 apud

998 2400 1046 2419 vos
1060 2397 1112 2424 est,
1137 2393 1288 2419 membrum
1303 2397 1344 2419 est
1361 2393 1487 2420 Ecclesiae
1510 2394 1672 2420 universalis
1688 2394 1787 2426 ubiqne

997 2440 1117 2467 locorum
1131 2438 1241 2465 ditl‘usze.
1258 2437 1441 2472 Quamobrem
1456 2446 1562 2472 aequum
1575 2444 1658 2470 esset,
1674 2446 1720 2465 vos
1737 2446 1787 2464 non

997 2485 1082 2512 solum
1098 2485 1167 2512 inter
1180 2485 1356 2519 vosmetipsos
1375 2484 1535 2520 (discordias
1549 2485 1619 2512 enim
1640 2484 1787 2519 fovebant),

159 2533 417 2552 \et‘utuetlatncutu
430 2527 554 2553 otnnibus
578 2534 626 2562 per
652 2527 744 2554 orbem
761 2531 893 2554 terrarum
911 2528 1067 2562 degentibus
1087 2530 1186 2564 passim
1203 2529 1262 2556 ﬁdei
1284 2529 1365 2557 sociis
1391 2530 1562 2556 nom-ordinm
1601 2529 1698 2560 colore.
1715 2529 1787 2555 oumi

159 2569 299 2599 discordia
315 2570 407 2604 procul
425 2569 552 2604 relegata.

191 2662 214 2678 ⁸³
229 2661 309 2699 (Eant.
322 2669 359 2693 ιν,
376 2662 405 2699 gi.
443 2662 467 2678 “
483 2661 553 2689 Psal.
571 2669 646 2695 χιιι,
662 2663 704 2690 15.
742 2663 764 2679 ⁸⁸
781 2664 853 2691 Psal.
867 2672 947 2696 nxvn,

1003 2685 1009 2692 .
1054 2666 1076 2682 '°
1091 2666 1233 2699 Romamn,
1250 2668 1276 2694 5.
1322 2669 1342 2684 ⁵⁷
1360 2668 1412 2695 ibi.’

159 2697 204 2724 ".'
229 2697 292 2725 Cor.
315 2705 360 2728 xv,
374 2697 418 2724 27.

715 2775 828 2802 ΎΑΒΙᾹΞ
847 2776 1038 2806 LECTIONES
1057 2778 1101 2806 ET
1121 2779 1236 2807 NOTAE.

196 2855 253 2887 (35)
281 2855 353 2886 Haec,
377 2856 463 2889 ὅπερ,
488 2852 565 2889 οἶμαι
592 2862 676 2888 usque
703 2855 735 2881 ad
764 2855 947 2889 χαταπλαγῶ,

158 2890 306 2918 omittebat
322 2890 367 2918 cd.
391 2889 489 2922 Parim,
505 2894 532 2917 et
555 2895 628 2917 recte
653 2890 809 2923 supplentur
826 2898 840 2917 a
856 2891 947 2918 codice

1004 2857 1133 2885 Vaticano
1148 2858 1210 2886 650.
1225 2859 1303 2886 Enn.
