2040 3161
172 129 232 161 1189
603 129 715 157 EPISTt

390 180 463 206 rm.
489 195 523 200 -
542 180 715 217 tantum.

171 226 215 260 Εις
232 225 264 253 τὸ
278 223 553 263 συγξιριτικὸνλςξξρί
718 224 766 263 καὶ
778 223 894 256 κλοπῆς
906 232 950 258 γε·
966 206 973 211 .

237 259 416 295 γραμμένον·
441 268 450 284 ι
474 258 545 285 Ἰἰὰγ
564 258 626 291 ἁλῷ
643 268 688 291 τις
707 259 851 285 κλέπτων.
865 269 874 284 ι

199 307 308 337 Ἔοικας
325 305 443 338 ἀγνοεῖν,
458 304 498 330 ὃτι
524 304 570 330 ἐπὶ
587 305 640 330 τῶν
657 304 796 339 ὁμογενῶν
810 304 878 339 (78),
901 303 951 329 οὐκ

168 352 209 379 ἐπὶ
222 351 275 377 τῶν
291 349 456 385 ἑτερογενῶν
475 350 489 376 ὁ
505 349 682 385 συγκριτικός
694 349 836 385 χαρακτὴρ
847 349 952 382 λαμῦἁ-

169 405 237 424 νεται
257 397 307 423 οὐκ
322 397 362 427 εἰς
373 395 422 431 τὴν
437 395 562 422 ἐναντίαν
577 396 653 428 τάξιν
669 395 776 429 ὲξωοῶν
789 396 823 421 τὰ
840 403 953 430 συγκρι-

169 444 270 478 νόμενα·
297 441 355 468 ἀλλ’
387 441 536 467 ἐλάττωσιν
561 441 702 476 ἐμφαίνων
729 441 776 467 καὶ
801 440 948 475 ὑπεροχήν.

169 489 269 524 ’Ὠσπερ
289 488 343 523 γὰρ
358 489 387 514 ὲν
397 488 454 519 τοῖς
468 488 621 523 πταίσμασι
635 487 665 514 τὸ
680 487 730 522 μὲν
743 487 799 513 ἔστι
816 486 909 519 κακὸν,
924 487 952 512 τὸ

168 535 192 561 δὲ
204 535 309 566 κάκιον,
329 533 358 560 τὸ
373 533 401 559 δὲ
420 532 551 559 κάκιστον
570 532 666 568 (κακδν
684 533 732 568 μὲν
745 534 799 566 γὰρ
817 533 834 567 ἡ
853 532 952 567 κλοπήν

169 581 257 607 κάκιον
270 580 298 606 δὲ
313 579 330 614 ὴ
351 578 475 613 πορνεία·
489 577 617 604 κάκιστον
632 578 661 604 δὲ
679 579 695 611 ἡ
715 577 831 612 μοιχεία)
843 585 849 592 ν
868 577 954 609 οὕτως

169 626 214 652 κάν
233 626 288 655 τοῖς
302 623 515 659 κατορθώμασι,
530 623 560 649 τὸ
577 623 626 658 μὲν
640 623 732 655 καλὸν,
746 623 775 649 τὸ
788 623 814 649 δὲ
833 623 953 654 κάλλιον,

168 671 194 696 τδ
203 670 230 696 δὲ.
247 668 400 696 κάλλιστον·
423 668 506 695 καλὸν
526 668 575 703 μὲν
592 668 647 703 γὰρ
664 669 678 694 ὁ
690 669 788 702 γάμος·
803 668 911 695 κάλλιον
926 667 954 694 δὲ

169 715 352 750 ἡὲγκράτεια,
370 713 512 740 κάλλιστον
527 714 554 740 δὲ
570 715 587 749 ἡ
613 713 743 748 παρθενία
761 712 829 748 (79).
852 713 888 738 Τὸ
909 710 954 739 οὖν

169 761 210 788 τοῦ
226 760 368 787 καλλίστου
383 759 504 791 ἔλαττον,
521 759 571 786 οὐκ
586 760 624 790 εἰς
641 758 690 793 τὴν
710 759 833 785 ἐναντίαν
849 758 956 789 ἐξωθεῖ-

170 815 210 834 ται.
224 806 309 839 τάξιν,
324 805 382 832 ἀλλ’
402 806 441 836 είς
461 804 509 840 τὴν
527 804 654 832 ἐλάττονα
675 804 733 839 μὲν,
756 804 804 838 τὴν
818 804 901 839 αὐτὴν
914 803 954 831 δέ.

603 124 866 157 EPISTOLARUM
887 125 960 154 LIB.
984 125 1031 154 ιν.
1052 137 1086 142 -·
1103 125 1220 155 EPIST.
1241 125 1340 156 CXVI.

1223 181 1301 209 CXV.
1320 197 1353 202 ——
1373 181 1558 210 EPIPHANIO

1002 225 1034 251 In
1050 227 1271 265 comparationem
1296 228 1329 265 de
1354 228 1484 255 adulleria
1506 233 1531 255 et
1547 229 1619 262 furto
1645 230 1784 265 scriptam,

1109 269 1118 285 ι
1139 259 1237 295 Siquis
1252 262 1279 287 in
1294 259 1552 296 furtadeprehensui
1572 265 1605 290 sit
1626 265 1657 290 ¹¹.
1676 274 1685 290 ι

1038 304 1145 332 Videris
1161 305 1296 340 ignorare,
1313 308 1384 340 quod
1401 309 1426 334 in
1448 308 1500 335 illis
1517 317 1576 343 qum
1590 310 1710 343 ejusdem
1725 316 1788 338 sunt

1002 350 1121 385 generis,
1139 357 1190 376 non
1205 350 1231 376 in
1249 351 1281 377 iis
1295 359 1354 385 quaa
1369 358 1432 379 sunt
1453 354 1565 387 diversi,
1577 356 1788 390 comparationis

1004 402 1066 423 uota
1081 396 1168 422 locutu
1183 396 1291 430 habeat,
1303 404 1354 423 nun
1376 398 1401 424 in
1417 400 1583 426 contrarium
1599 402 1720 429 ordinem
1740 410 1786 429 ve.

1004 441 1041 468 lut
1057 441 1195 475 expellens
1207 449 1238 468 ea
1252 450 1365 476 quorum
1382 443 1533 471 instituitur
1544 448 1725 479 comparatio;
1740 448 1788 475 sed

1006 487 1046 514 vel
1063 487 1228 516 deteriorem
1243 487 1285 514 vel
1310 489 1526 522 praestantiorem
1551 490 1672 518 indicans
1696 493 1788 520 condi-

1004 531 1116 558 tionem.
1129 531 1197 559 Nam
1218 537 1246 559 ut
1263 533 1291 560 in
1317 533 1391 560 vitiis
1408 539 1436 560 et
1450 534 1567 568 lapsibus
1590 536 1662 563 aliud
1681 539 1788 572 quidem

1006 581 1048 604 est
1061 578 1172 610 malum,
1188 577 1260 605 aliud
1277 586 1340 605 vero
1367 579 1456 614 pejus,
1472 580 1544 607 aliud
1574 581 1689 615 denique
1704 583 1789 616 pessi-

1005 630 1076 649 mum
1097 626 1171 658 (nam
1195 623 1294 650 malum
1309 624 1418 658 quidem
1433 629 1475 652 est
1497 625 1609 660 furtum,
1636 627 1710 661 pejor
1727 635 1790 654 vero

1004 668 1148 700 scortatio;
1162 669 1306 702 pessimum
1322 675 1410 696 autem
1424 670 1609 707 adulterium),
1619 672 1658 698 sic
1671 672 1753 698 etiam
1764 672 1789 698 iu

1005 714 1148 740 virtutibus
1164 718 1193 741 et
1217 710 1289 741 recte
1319 714 1407 747 factis,
1426 716 1498 743 aliud
1528 716 1627 743 bonum
1653 721 1704 748 est,
1719 717 1789 744 aliud

1005 760 1110 793 melius,
1127 760 1198 787 aliud
1210 761 1353 795 optimum.
1366 761 1446 789 Verbi
1459 763 1556 797 gratia,
1569 763 1667 790 bonum
1682 763 1789 797 quidem

1009 810 1049 832 est
1082 806 1247 840 conjugium,
1262 807 1308 833 sed
1340 808 1511 841 prmslantior
1535 812 1576 835 est
1608 807 1789 841 continentia;

171 853 205 878 Οὐ
221 852 274 887 γὰρ
297 852 330 878 ἀν
353 860 395 883 τις
420 850 566 886 σωφρονῶν
586 851 620 886 τῇ
647 849 760 886 πορνείᾳ
779 850 828 885 τὴν
852 849 956 884 παρθε-

1010 851 1228 885 praestantissima
1246 859 1310 879 vero
1333 857 1412 886 atque
1425 853 1526 887 optima
1554 853 1704 887 virginitas.
1724 853 1789 880 lllud

170 898 225 924 νίαν
240 895 294 932 (80)
312 895 490 932 παραῦάλλοι,
507 895 575 922 ἀλλὰ
589 895 638 929 τὴν
659 895 821 929 ἐγκράτειαν
848 895 895 921 καὶ
910 894 954 920 τὸν

169 944 255 978 τίμιον
277 943 377 977 γάμον.
392 943 446 969 Καὶ
460 943 476 977 ἡ
491 941 586 977 Γραφὴ
604 941 632 968 δὲ
657 942 759 976 κλοπῆς
773 942 819 967 καὶ
835 941 955 977 μοιχείας

170 990 310 1025 σύγκρισιν
321 988 481 1024 ποιουμένη,
497 988 560 1023 ἔφη·
579 997 587 1013 ι
608 988 645 1014 Οὐ
659 988 824 1022 θαυμαστὸν,
838 988 885 1015 ὲὰν
900 987 955 1022 ἁλῷ

169 1044 208 1066 τις
226 1034 360 1061 κλέπτων·
376 1033 486 1060 κλέπτει
499 1034 564 1069 γὰρ,
581 1034 623 1060 ἵνα
647 1033 772 1069 ὲκπλήσῃ
790 1033 844 1068 (Si)
865 1033 955 1068 ψυχὴν

170 1080 313 1107 πεινῶσαν.
332 1080 362 1106 '0
375 1079 402 1105 δὲ
417 1079 508 1114 μοιχὸς
523 1078 557 1106 δι’
578 1078 680 1105 ἔνδειαν
700 1079 806 1113 φρενῶν
819 1078 955 1105 ἀπώλειαν

170 1127 201 1162 τῇ
216 1125 313 1153 ἑαυτοῦ
325 1126 397 1161 ψυχῇ
420 1126 612 1161 περιποιεῖται.
632 1135 640 1150 ι
663 1126 699 1151 υὺ
714 1125 768 1160 γὰρ
792 1124 955 1160 συγγνώμην

170 1172 325 1207 παρέχουσα
340 1172 380 1206 τῷ
398 1171 539 1197 κλέπτοντι
552 1191 559 1203 ,
573 1171 620 1197 καὶ
640 1171 795 1197 ἀπολύουσα
808 1170 888 1196 αὐτὸν
903 1171 956 1197 τῶν

169 1218 357 1253 ἐγκλημάτων,
373 1217 451 1244 τοῦτο
471 1217 533 1251 ἔφη·
558 1216 625 1243 ἀλλά
645 1217 677 1251 τῇ
700 1215 823 1251 μοιχεία,
841 1216 956 1251 κακίστη

169 1263 246 1299 οὔσῃ,
257 1264 306 1299 τὴν
318 1263 421 1298 κλοπὴν
432 1262 655 1298 παραϐάλλουσα,
673 1262 855 1298 ἡμερωτέραν
871 1262 957 1296 αὐτὴν

169 1309 221 1344 εφη
244 1308 313 1337 εἶναι
334 1310 380 1336 καὶ
395 1309 572 1344 κουφοτέραν,
597 1309 643 1335 καὶ
663 1308 782 1343 μάλιστα
811 1308 875 1334 ὅταν
904 1306 957 1333 ὑπὸ

169 1355 262 1388 πενίας
278 1355 415 1390 τίκτηται.

1009 897 1099 930 igitur.
1116 897 1186 930 quod
1204 897 1304 930 optimo
1315 902 1357 924 est
1373 897 1498 929 inferius,
1515 906 1566 924 non
1588 899 1612 925 in
1629 899 1790 926 contrariam

1005 941 1157 967 extruditur
1169 940 1277 974 seriem,
1291 942 1337 968 sed
1352 947 1440 968 manet
1456 942 1482 968 iu
1499 943 1592 969 eadem
1604 943 1682 975 serie,
1697 948 1792 970 tamet-

1011 986 1033 1012 si
1061 985 1196 1013 inferiore.
1215 985 1297 1013 Nemo
1309 987 1380 1013 enim
1403 987 1448 1021 qui
1464 995 1536 1014 sana:
1567 989 1664 1015 mentis
1677 989 1723 1020 sit,
1737 988 1791 1015 for-

1009 1030 1171 1058 nicationem
1187 1038 1247 1058 cum
1267 1031 1420 1066 virginitate
1445 1033 1598 1066 contulerit,
1629 1034 1675 1061 sed
1704 1034 1792 1068 potius

1007 1077 1200 1104 continentiam
1226 1082 1253 1104 et
1283 1077 1438 1105 bonorabile
1464 1079 1628 1113 conjugium.
1655 1079 1791 1113 Scriptura

1009 1130 1116 1156 quoque
1131 1121 1196 1150 furti
1210 1127 1237 1149 et
1252 1123 1375 1150 adulterii
1393 1124 1625 1158 comparationem
1639 1125 1792 1157 instituens,

1009 1169 1046 1195 ait
1062 1178 1068 1195 :
1086 1178 1096 1194 ι
1112 1168 1169 1195 Non
1182 1169 1218 1195 sit
1234 1169 1343 1201 mirum,
1358 1169 1379 1196 si
1403 1171 1526 1204 capiatur
1543 1171 1640 1206 aliquis
1658 1172 1702 1206 qui
1719 1171 1793 1198 fura-

1011 1219 1063 1244 tur.
1081 1214 1198 1242 Furatur
1211 1215 1294 1247 enim,
1308 1220 1337 1242 ut
1353 1216 1463 1250 impleat
1476 1217 1593 1244 animam
1618 1219 1792 1245 esurientem.

1010 1261 1043 1288 At
1059 1261 1180 1288 inuecbus
1205 1267 1315 1296 propter
1334 1262 1451 1297 inopiam
1470 1263 1579 1295 mentis,
1612 1264 1793 1298 perditionem

1010 1307 1106 1333 auium
1118 1314 1172 1333 suae
1187 1307 1313 1341 acquirit.
1331 1317 1341 1333 ι
1359 1307 1416 1335 Non
1428 1309 1498 1335 enim
1514 1317 1545 1336 eo
1560 1317 1639 1336 sensu
1654 1309 1704 1336 hoc
1715 1309 1792 1340 dixit,

1010 1351 1086 1385 quasi
1102 1351 1207 1378 veniam
1223 1352 1300 1379 daret
1318 1353 1385 1392 frtri,
1405 1361 1521 1387 eumque
1545 1355 1654 1382 omnino
1670 1354 1794 1381 absolve-

170 1406 211 1429 ret
224 1403 258 1429 ab
275 1402 348 1429 omni
369 1402 493 1433 crimine,
508 1401 554 1428 sed
577 1409 637 1428 cum
651 1400 794 1433 adulterio,
811 1400 881 1435 quod
911 1398 1058 1434 pessimum
1093 1403 1133 1425 est
1168 1399 1265 1429 scelus,
1286 1399 1386 1426 furtum
1417 1408 1588 1436 comparans,
1629 1401 1714 1430 levius
1744 1402 1794 1429 hoc

170 1454 251 1481 atque
277 1447 445 1474 tolerabilius
468 1454 528 1473 esse
552 1445 746 1480 pronuntiavit,
769 1446 951 1480 maximeque,
971 1444 1105 1479 quandoa
1122 1449 1282 1479 paupertate
1301 1450 1460 1479 generatur.

324 1492 403 1525 mq'.
423 1506 455 1512 -
477 1491 626 1526 amomo
644 1490 805 1525 ΔΙΛΚΟΝῼ.

309 1536 378 1571 Περὶ
390 1535 522 1570 Λαζάρου
537 1535 586 1562 καὶ
598 1535 651 1562 τοῦ
659 1535 818 1562 πλουσίου.

206 1582 317 1614 Ἔοικας
334 1580 550 1617 τεθορυὸἦσθαι,
565 1580 609 1607 διὰ
633 1580 662 1606 τὸ
679 1579 839 1614 ἀκῆκοέναι,
858 1578 898 1606 ὃτι
918 1578 961 1605 ἐν-

168 1628 257 1655 ταῦθα
270 1629 318 1655 καὶ
331 1629 346 1655 ὁ
360 1628 484 1663 Λάζαρος
499 1626 533 1654 τὰ
550 1626 709 1660 πταίσματα
720 1647 727 1658 ,
745 1625 792 1652 καὶ
805 1626 819 1651 ὁ
834 1625 961 1656 πλούσιος

169 1675 206 1701 τὰ
230 1673 430 1709 κατορθώματα
447 1672 597 1707 ἀπείληφεν
608 1680 615 1686 ·
633 1671 690 1697 ἀλλ’
709 1672 734 1697 εί
766 1671 908 1706 προσεῖχες
923 1670 962 1705 τῷ

170 1719 319 1756 εἰρημένῳ,
333 1720 383 1745 οὐκ
396 1718 430 1745 ἂν
447 1718 557 1749 ἔπαθες,
571 1717 606 1743 Τὸ
620 1717 674 1752 γὰρ
687 1716 724 1752 μὴ
735 1717 832 1747 εἰπεῖν,
855 1715 960 1747 ἔλαϐες,

171 1765 228 1790 ἀλλ’
257 1764 405 1796 ἀπέλαϐες
428 1762 479 1797 (τὸ
503 1762 552 1798 μὲν
567 1762 621 1797 γὰρ
638 1761 718 1796 χάριν
745 1761 862 1796 μηνύει,
882 1761 912 1786 τὸ
935 1760 962 1786 δὲ

170 1808 311 1844 ἀμοιϐὴν),
327 1809 416 1834 πᾶσαν
431 1806 572 1842 σαφηνίζει
582 1807 628 1832 καὶ
643 1806 773 1840 ἐγγυᾶται
787 1805 836 1840 τὴν
849 1804 961 1836 ἔννοιαν,

170 1854 221 1888 τὴν
240 1853 304 1889 παρ’
328 1853 406 1888 ἡμῶν
423 1852 581 1887 εἰρημένην.
605 1852 666 1878 ὐτι
684 1851 712 1877 δὲ
735 1851 764 1877 οὐ
787 1851 866 1885 μόνον
882 1850 906 1876 οἱ
922 1850 962 1880 είς

170 1900 257 1934 ἄκρον
268 1899 368 1934 ἀρετῆς
381 1898 542 1933 ἐληλακότες
555 1897 662 1932 ἔχουσιν
673 1896 842 1932 ἀνθρώπινόν
849 1904 876 1922 τι
886 1896 963 1921 πταῖ‹

172 1952 231 1980 Gya
244 1943 253 1979 (
267 1944 346 1979 μόνον
365 1944 420 1977 γὰρ
436 1943 465 1969 τὸ
479 1943 555 1969 Θεῖον
567 1941 781 1977 ἀναμάρτητον),
798 1940 865 1967 ἀλλὰ
879 1940 925 1966 καὶ
939 1941 963 1966 οι

171 1991 214 2021 είς
230 1989 275 2015 τὸν
299 1989 424 2024 πυθμένα
440 1989 489 2024 τῆς
507 1988 604 2019 κακίας
625 1987 852 2022 ἐμπεπτωκότες,
872 1985 963 2020 ἔχουσί

171 2042 200 2060 τι
225 2033 407 2069 κατόρθωμα,
434 2034 450 2068 ὴ
475 2032 535 2068 ἱερά
557 2032 686 2067 κηρύττει
707 2031 813 2067 Γραφή-
831 2030 893 2065 περὶ
915 2030 963 2065 μὲν

172 2078 287 2105 ἐκείνων
303 2079 429 2112 λέγουσα·
449 2087 457 2103 ι
473 2078 521 2109 Τίς
536 2078 714 2112 καυχήσεται,
730 2076 814 2112 ἁγνὴν
830 2076 900 2110 ἔχειν
914 2076 963 2110 τὴν

173 2123 307 2159 καρδίαν;
331 2124 348 2159 ἦ
373 2124 415 2155 τίς
428 2123 668 2159 παρῤησιάσεται,
691 2122 810 2157 καθαρὸς
827 2118 896 2147 εἶναι
911 2120 964 2147 ἀπὸ

172 2169 335 2204 αμαρτιῶν;
353 2178 362 2194 ι
374 2169 438 2204 περὶ
453 2168 481 2195 δὲ
491 2168 602 2200 τούτων,
618 2169 658 2194 ὅτι
678 2167 706 2193 'U
717 2166 811 2202 κριτὴς
823 2166 937 2197 ἀδικίας,
949 2166 962 2191 ὀ
979 2181 1000 2208 D

173 2214 247 2249 μήτε
258 2214 323 2240 Θεὸν
335 2214 510 2249 φοϐούμενος,
525 2213 593 2249 μήτε
604 2213 746 2248 ἄνθρωπον
755 2212 868 2245 ὲντρεπό
872 2219 962 2246 μενος,

172 2259 291 2292 ἐποίησέ
306 2268 332 2286 τι
350 2260 479 2294 χρηστὸν,
504 2258 552 2294 τὴν
570 2258 690 2293 συνεχῶς
712 2257 876 2292 προσιοῦσαν
889 2255 964 2290 αὐτῷ

171 2306 265 2340 χήραν
290 2305 418 2340 ἐλεήσας,
439 2305 487 2331 καὶ
508 2304 660 2337 ἐπεξελθὼν
686 2304 742 2334 τοῖς
762 2301 909 2328 ἀδικοῦσιν.
933 2302 964 2328 Et

169 2351 267 2378 τοίνυν
283 2351 330 2378 καὶ
345 2351 373 2377 ὲν
386 2352 443 2382 τοῖς
458 2351 518 2378 λίαν
532 2350 652 2386 ἀρίστοις
665 2347 822 2384 εὑρίσκεταί
839 2355 880 2378 τις
892 2346 963 2382 μέμ-

213 2429 237 2446 ⁸²
250 2428 332 2457 Prov.
347 2436 383 2462 v1,
399 2427 494 2456 30-52.
534 2428 555 2443 ’³
570 2427 637 2454 Luc.
651 2433 705 2459 va,
724 2426 734 2452 l
756 2433 832 2460 seqq.

1166 1487 1257 1515 CXVI.
1271 1503 1306 1508 —
1319 1487 1468 1516 EUTONIO
1483 1490 1640 1519 DIALONO.

1239 1533 1278 1560 lle
1291 1533 1392 1561 Laaaro
1406 1540 1429 1561 et
1442 1536 1522 1562 divite
1532 1536 1563 1563 ³³.

1047 1578 1153 1606 Videris
1168 1581 1342 1614 perturbatus
1362 1588 1434 1613 esse,
1452 1581 1522 1615 quod
1539 1582 1685 1615 audiveris,
1706 1583 1731 1610 in
1746 1583 1796 1611 hoc

1011 1623 1110 1650 szeculo
1127 1629 1153 1650 et
1170 1623 1302 1651 Lazarum
1321 1625 1444 1660 lapsuum
1464 1633 1575 1653 suorum
1589 1634 1693 1661 pmnas,
1712 1633 1739 1655 et
1755 1629 1796 1656 di-

1013 1670 1093 1696 vitem
1114 1673 1186 1696 recte
1201 1669 1234 1695 ab
1263 1677 1291 1696 se
1324 1671 1454 1697 factorum
1482 1673 1591 1706 praemia
1609 1674 1753 1708 recepisse.
1768 1674 1795 1701 Si

1014 1719 1077 1738 vero
1095 1713 1127 1738 ad
1145 1713 1171 1739 id
1183 1713 1254 1746 quod
1273 1713 1374 1740 dictum
1392 1718 1443 1746 est,
1463 1716 1636 1749 attendisses,
1666 1725 1718 1744 non
1746 1718 1796 1744 boc

1014 1757 1060 1783 tibi
1078 1757 1244 1791 contigisset.
1260 1757 1327 1784 Nam
1356 1760 1427 1793 quod
1457 1768 1509 1786 non
1526 1761 1576 1795 ait,
1595 1762 1733 1796 accepisti,
1748 1765 1795 1790 sed

1012 1803 1134 1837 recepisti
1148 1803 1224 1837 (illud
1245 1805 1316 1830 enim
1340 1804 1440 1832 indicat
1460 1806 1587 1839 gratiam,
1609 1808 1659 1834 hoc
1679 1815 1741 1834 vero
1754 1815 1796 1834 re-

1015 1847 1201 1881 tributionem)
1220 1859 1226 1875 :
1244 1849 1268 1875 id
1282 1857 1389 1876 onmem
1404 1851 1522 1877 declarat
1534 1858 1564 1877 ac
1580 1852 1710 1886 promittit
1723 1853 1795 1879 illum

1012 1901 1131 1927 sensum,
1147 1901 1227 1928 quem
1253 1902 1302 1922 nos
1324 1895 1451 1922 diximus.
1475 1895 1557 1931 477
1571 1897 1629 1924 Jam
1654 1899 1724 1932 quod
1743 1906 1795 1925 non

1012 1939 1097 1965 solum
1115 1939 1131 1965 ii
1152 1939 1197 1972 qui
1215 1940 1248 1966 ad
1276 1948 1430 1974 supremum
1449 1942 1562 1970 virtutis
1583 1942 1718 1977 fastigium
1735 1951 1796 1978 per-

1012 1989 1153 2016 venerunt,
1171 1985 1288 2012 habeant
1306 1986 1414 2020 aliquod
1433 1988 1580 2015 humanum
1599 1995 1719 2016 erratum
1740 1990 1794 2025 (cui

1015 2028 1070 2055 sint
1098 2034 1144 2055 aut
1171 2030 1316 2065 aliquando
1351 2031 1455 2060 fuerint
1477 2033 1611 2070 obnoxii).
1628 2035 1708 2062 Solus
1723 2037 1795 2062 enim

1015 2074 1083 2100 Deus
1098 2076 1187 2102 omnis
1200 2080 1240 2102 est
1257 2078 1362 2110 peccati
1379 2085 1477 2113 expers
1493 2087 1500 2105 ε
1514 2080 1560 2106 sed
1572 2080 1652 2107 etiam
1669 2080 1686 2107 ii
1703 2082 1750 2115 qui
1768 2082 1794 2108 in

1013 2119 1174 2152 profundum
1207 2122 1333 2148 vitiorum
1366 2123 1529 2155 inciderunt,
1564 2125 1674 2160 aliqum]
1707 2131 1795 2154 tamen

1015 2169 1088 2191 recte
1105 2165 1202 2192 factum
1231 2174 1306 2193 sacra
1323 2167 1461 2202 Scriptura
1477 2177 1583 2204 quoque
1598 2175 1719 2204 testatur,
1735 2172 1796 2198 dum

1016 2208 1049 2234 de
1064 2209 1147 2242 priori
1164 2211 1272 2243 quidem
1295 2211 1433 2239 hominum
1455 2220 1554 2247 genere
1571 2215 1608 2241 ait
1625 2223 1632 2241 :
1653 2223 1662 2240 ι
1685 2216 1799 2250 Quisja-

1016 2255 1099 2281 elabit
1118 2261 1221 2282 castum
1249 2256 1347 2284 habere
1368 2258 1433 2284 eor?
1459 2263 1506 2285 aut
1531 2260 1592 2293 quis
1618 2260 1701 2287 libere
1726 2261 1797 2288 dicet

1016 2308 1045 2327 se
1059 2309 1155 2335 purum
1172 2309 1232 2329 esse
1247 2310 1262 2329 a
1277 2304 1394 2336 peetatis
1411 2303 1452 2330 “‘l
1468 2313 1478 2329 ι
1502 2304 1536 2332 de
1550 2305 1691 2338 posteriori
1709 2311 1798 2333 autem

1020 2346 1097 2377 dicit,
1127 2345 1245 2380 judicem
1269 2348 1343 2375 illum
1365 2349 1526 2384 iniquitatis,
1540 2351 1585 2384 qui
1611 2359 1697 2387 neque
1718 2353 1797 2380 liequ

874 2424 895 2440 ’⁵
913 2423 992 2452 Prov.
1002 2431 1049 2456 xx,
1069 2423 1095 2451 9.

713 2492 830 2521 VARIAS
847 2491 1040 2519 LECTIONES
1059 2490 1104 2517 ET
1125 2490 1243 2518 NOTAE.

210 2578 269 2615 (78)
296 2577 358 2604 Ἐπὶ
373 2574 611 2616 τῷνρμογενῴν.
627 2571 908 2616 E'anplemkregnla'rn-
920 2577 961 2616 re:

170 2605 227 2641 cule
248 2605 473 2645 comparationis
486 2605 556 2643 smpe
577 2608 693 2645 inculcat
714 2607 839 2645 Isidorus.
862 2605 961 2632 Confer

170 2649 259 2683 epist.
278 2641 330 2674 153
342 2646 387 2673 lib.
404 2654 422 2673 ιι
439 2650 466 2671 et
482 2641 560 2678 epist.
573 2644 622 2671 551
641 2643 686 2669 lib.
705 2649 745 2668 ιιι.
764 2641 847 2668 Βιττ.
941 2673 947 2681 1

213 2682 272 2709 (79)
293 2681 394 2708 Καλὸν
413 2680 469 2709 μὲν
485 2681 501 2706 ό
518 2678 620 2709 γάμος,
643 2676 769 2704 κάλλιον
780 2676 814 2702 δὲ
827 2676 845 2709 ἡ
858 2675 964 2709 ἐγκρα-

192 2680 199 2683 ’
213 2682 272 2717 (79)
293 2681 394 2708 Καλὸν
411 2680 469 2715 μὲν
485 2681 501 2706 ό
518 2680 620 2713 γάμος,
643 2680 769 2704 κάλλιον
780 2680 814 2702 δὲ
827 2680 845 2709 ’ἠ
858 2680 962 2714 ἐγκρα-

171 2726 254 2749 τεια,
273 2716 443 2752 κάᾷλιστξον
471 2715 505 2740 δὲ
524 2715 550 2752 ἡ.
566 2713 718 2752 «aget-mla.
732 2710 924 2752 ‘Conlerulllh.
943 2717 962 2736 ιι

171 2744 260 2797 epist.
278 2751 338 2797 135,
355 2755 382 2778 et
401 2750 450 2790 ιιι),
464 2757 493 2790 ιιι
510 2744 588 2797 epist.
605 2744 962 2797 351...etﬂitiqfnlt:ﬂliP-nilt

173 2786 243 2820 192,
260 2786 306 2814 ubi
322 2786 402 2812 docet
426 2786 607 2820 virginitatem
620 2786 749 2808 antistare
766 2787 889 2820 conjugip
904 2786 964 2812 qua:

172 2827 207 2849 et
220 2820 338 2856 apostoli
360 2819 434 2847 Pauli
460 2825 487 2846 et
510 2818 628 2846 omnium
642 2820 762 2845 veterum
778 2814 904 2842 Ecclestte
922 2813 965 2840 do.

1015 2574 1130 2601 ctorum,
1145 2575 1172 2596 et
1197 2570 1279 2603 ipsius
1294 2571 1360 2598 adeo
1384 2572 1485 2600 Christi
1509 2574 1641 2601 sententia
1665 2575 1800 2601 unanimis

1016 2611 1107 2664 (ιδιμιί
1126 2605 1254 2637 demirer,
1274 2611 1393 2640 repertos
1415 2607 1498 2635 fuisse
1513 2608 1559 2643 qui
1581 2609 1724 2636 dissentire
1745 2609 1800 2636 sint

1016 2647 1069 2664 BIISI
1110 2647 1135 2664 II.

1013 2647 1069 2665 aust
1100 2647 1135 2665 II).

1050 2673 1105 2713 ‘80)
1118 2675 1169 2713 -Τῇ
1185 2675 1384 2713 πορνείᾳ-τῂν
1406 2677 1578 2710 παρθενίαν.
1603 2676 1634 2704 F.
1655 2677 1710 2712 Τὴν
1732 2686 1801 2713 πορ-

1012 2708 1087 2752 νείαν
1100 2710 1137 2752 τῇ
1146 2709 1295 2752 ,παρθενίᾳε
1309 2710 1354 2752 'ln.

1049 2745 1105 2781 (Si)
1126 2744 1194 2781 ’Ἶνᾳ
1220 2744 1371 2778 ἐκπλήσῃ.
1397 2746 1447 2779 leg.
1472 2745 1609 2781 ἐμπλήσῃ,
1629 2750 1659 2773 ut
1679 2746 1705 2773 in
1733 2746 1799 2774 Bibl.

1013 2777 1128 2839 grumisl
1137 2780 1267 2813 scriptum
1283 2777 1433 2812 esl,'|’rov._
1457 2777 1597 2808 Salomon."
1619 2788 1644 2808 c.
1665 2788 1690 2808 vr
1719 2789 1801 2816 prope

1023 2820 1104 2839 mem.
1130 2821 1156 2839 ο.

1014 2813 1104 2840 tinent.
1118 2813 1156 2839 In.
