2040 3161
177 191 240 219 1201

612 193 880 225 EPISTOLARUM
899 196 971 226 LIB.
993 197 1041 228 IV.
1058 210 1092 215 —
1113 198 1229 229 EPIST.
1250 199 1356 230 CXXV.

1727 197 1794 230 1202

175 241 237 272 Πῶς
250 240 329 289 δὶηεί
342 241 459 277 ἁρμονία
472 242 510 279 (6)
523 243 576 280 εἴη,
593 246 633 278 εἰς
647 247 832 283 ἀναρμοστίαν
845 249 960 282 μεταπι-

1014 250 1153 284 Quomodo
1167 258 1257 281 autem
1271 273 1279 286 ,
1290 253 1318 281 si
1330 253 1469 282 harmonia
1491 254 1612 289 quadam
1636 257 1677 281 est
1692 253 1792 285 anima,

142 324 148 336 .
175 294 249 336 att-st,
257 285 432 336 καλ-’ἄμουσον
447 289 494 315 καὶ
507 290 612 325 ἀπηχὲς
622 292 749 319 ἀποτελεῖ
757 293 853 328 μέλος;
868 295 960 330 Ἡ¹μὲν

174 332 227 366 γὰρ
237 331 320 367 ἀρετὴ
330 333 447 367 ἐμμελές
457 343 482 361 τι
491 336 538 362 καὶ
547 337 717 372 ἐναρμόνιον·
726 339 776 374 ἡδὲ
788 339 870 374 κακία
878 340 961 375 ἄμου-

179 385 224 402 σον
239 376 286 403 καὶ
304 377 419 413 ἀπηχές.
432 379 494 412 Πῶς
511 380 539 407 δὲ
552 381 672 409 ἐπαινεῖν
681 383 765 410 οἴεται
780 385 834 411 δεῖν
843 386 905 417 τοὺς
912 386 961 418 τὰς

175 423 330 459 ἐπιστήμας
340 424 488 459 μετιόντας,
496 426 523 452 εἴ
532 435 562 461 γε
573 427 627 455 ἀπὸ
641 430 764 464 κράσεως
775 428 829 457 εἷεν
840 432 943 459 τοιοῦτο
953 441 960 464 ;

177 468 274 499 Πῶςδὲ
287 468 363 502 ψέξει
379 471 442 502 τοὺς
454 471 503 503 τὰς
523 474 730 509 ματαιοτεχνίας
741 476 961 513 μεταχειριζομέ-

175 521 247 546 νους,
257 515 281 540 εἰ
293 514 344 541 ὑπὸ
354 515 462 549 φύσεως
469 517 508 549 είς
517 518 602 545 ταῦτα
614 520 891 558 ὲπαιδοτριϐήθησαν;
901 523 962 555 Πῶς

175 558 203 584 δὲ
222 559 336 596 διαϐάλῃ
350 561 395 587 τὺν
411 561 465 588 ἀπὸ
491 563 546 589 τῶν
561 564 704 600 εὐμόρφων
730 568 863 602 σωμάτων
883 577 961 604 πορι-

177 604 253 638 σμὸν,
269 606 325 639 εἴγε
339 607 356 641 ἠ
373 608 469 642 κρᾶσις
486 608 564 636 τοῦτο
581 611 761 647 προύξένησε;
779 613 839 645 Πῶς
853 614 881 640 δὲ
895 614 962 640 ἁπο-

176 649 320 685 λογήσεται
337 653 400 687 περὶ
414 653 468 680 τῶν
482 655 542 681 καθ’
556 657 674 693 ἑκάστην
692 658 799 694 ἡμέραν
811 661 962 695 γινομένων

178 696 349 730 μεταϐολῶνς
370 699 464 726 Πολλοὶ
490 701 538 735 μὲν
555 702 608 738 γὰρ
630 704 753 738 ἀσελγεῖς
770 706 809 736 είς
823 706 962 740 σωφροσύ-

176 749 224 775 νην
236 742 390 777 ἁνὲπτησαν
401 753 408 760 ·
425 745 516 772 πολλοὶ
527 747 554 773 δὲ
574 747 710 784 σώφρονες
725 750 762 785 (7)
780 751 820 783 είς
835 751 962 785 λαγνείαν

178 788 427 817 καταπεπτώκασιν
441 800 446 806 ·
459 793 489 818 οὺ
505 792 558 828 γὰρ
570 793 601 829 δὴ
619 795 635 830 ὴ
650 796 748 830 κρᾶσις
761 796 798 832 (8)
817 797 960 831 μετέπεσε·

178 832 231 858 νέοι
243 833 296 868 γὰρ
310 834 386 866 ὄντες
404 836 476 868 τινὲς
490 837 536 864 καὶ
557 838 692 873 ἀσελγεῖς,
716 842 744 867 ἐν
759 841 826 877 αὐτῇ
840 843 871 877 τῇ
886 842 960 878 ἀκμῇ

178 878 227 912 τῆς
241 878 347 914 ἡλικίας
361 881 402 912 εἰς
413 883 580 918 κοσμιότητα
598 885 749 920 ἐπανῆλθον
761 893 767 900 ·
784 887 814 913 οὐ
831 887 881 922 τῆς
894 889 961 923 κρα-

179 931 244 954 σεως
260 925 289 951 ἐν
309 926 400 961 ταυτῷ
427 928 658 964 μεταϐληθείσης,
680 918 752 959 em
767 934 816 967 τῆς
830 918 960 969 πρὸαιρέ-
979 918 998 945 Β

178 978 246 1002 σεως
258 971 480 1007 κατορθωσάσης.
505 974 575 1002 Ἀλλ’
591 976 635 1003 ἵνα
655 977 692 1013 μὴ
708 978 796 1011 πάσας
814 979 900 1013 λέγων
911 980 960 1012 τὰς

176 1018 362 1062 γεγενημένας
397 1020 548 1054 μεταϐολὰς
580 1022 693 1056 μηκῦνω
725 1024 774 1059 τὴν
804 1024 959 1062 ἐπιστολὴν,

175 1061 275 1094 ταύτας
289 1063 377 1098 ἀφεὶς,
398 1065 444 1092 ἐπὶ
459 1065 508 1101 τὴν
523 1066 636 1099 δόξασαν
662 1068 735 1104 αὖτῷ
761 1070 875 1105 ίσχυρὰν
889 1061 961 1098 ἀντι-

176 1107 270 1142 λογίαν
285 1109 413 1144 χωρήσω.
435 1111 483 1142 Τίς
503 1109 548 1138 οὖν
567 1112 640 1139 ἐστιν
666 1113 750 1150 αὖτης
768 1115 798 1141 Εἰ
817 1115 959 1149 ἀθάνατος,

176 1154 268 1188 φησὶν,
279 1155 386 1190 ἡψυχὴ,
401 1157 438 1188 ὡς
449 1158 462 1184 ό
477 1158 589 1184 Πλάτων
605 1158 739 1193 βούλεται,
755 1160 798 1187 διὰ
808 1161 834 1187 τί
847 1162 961 1197 χωρίζε-

175 1207 219 1225 ται
238 1199 393 1235 ψυχθέντως
411 1201 447 1238 (9)
467 1203 599 1239 σφοδρῶς,
615 1204 631 1239 ἦ
646 1204 928 1242 ὖπερξηρα[ν]θέντος,
943 1207 959 1242 ἢ

175 1245 427 1282 ὐπερυγρανθέντος
449 1249 496 1275 τοῦ
512 1250 682 1285 ἐγκεφάλου;
702 1252 773 1287 Πρὸς
793 1252 894 1288 ταύτην
909 1262 961 1280 τοι-

175 1292 276 1327 γαροῦν
291 1293 339 1328 τὴν
360 1294 503 1330 ἐρώτησιν,
528 1297 625 1332 παρεὶς
638 1297 669 1323 τὸ
684 1297 791 1331 ἐλέγξαι
813 1299 903 1331 αὑτὸν,
920 1301 960 1327 ὅτι

176 1338 304 1371 πολλάκις
319 1340 351 1366 ὲκ
364 1340 410 1367 τοῦ
428 1341 554 1377 σφυγμοῦ
565 1363 572 1375 ,
591 1343 619 1369 ὃν
637 1343 702 1375 ἴσως
723 1345 854 1380 ἁρμονίαν
872 1345 957 1379 καλεῖ,

175 1383 289 1411 Θάνατόν
300 1394 356 1412 τισι
377 1386 516 1421 προειπὼν
531 1388 578 1414 καὶ
603 1388 674 1424 ζωὴν
693 1389 783 1421 ἄλλοις
798 1391 960 1424 ἐπαγγειλά-

176 1438 266 1464 μενος,
279 1430 422 1466 διήμαρτε,
435 1431 488 1458 τῶν
505 1433 554 1467 μὲν
569 1433 717 1468 ζησάντων,
735 1435 788 1462 τῶν
801 1435 829 1462 δὲ
847 1436 960 1463 τεθνεώ-

173 1483 244 1501 των·
260 1473 344 1508 οῢτως
364 1477 414 1513 τὴν
437 1478 533 1514 τέχνην
550 1480 728 1515 στοχαστικῆν
745 1479 827 1508 οὖσαν
845 1482 960 1517 τάληθὲς

173 1521 329 1556 διαφεύγει’
351 1524 447 1558 παρεὶς
467 1524 495 1551 δὲ
520 1525 639 1557 κάκεῖνο,
661 1527 702 1553 ὃτι
724 1526 826 1554 πολλῶν
843 1527 960 1564 δηλητη-

1012 297 1044 324 ad
1061 297 1132 324 illam
1148 298 1386 326 inconcinnitatem
1404 300 1538 328 delabitur
1550 320 1558 332 ,
1575 304 1603 327 ut
1627 301 1693 328 rude
1713 305 1793 334 atque

1011 343 1159 370 absurdum
1180 344 1312 377 quoddam
1328 345 1389 372 edat
1405 345 1536 372 carmen?
1556 345 1646 372 Virtus
1665 344 1737 372 enim
1750 349 1794 371 est

1011 388 1173 415 concinnum
1196 388 1322 422 quiddam
1342 385 1422 424 atqttc
1449 391 1578 425 elegans;
1607 391 1701 418 vitium
1729 398 1792 418 vero

1011 439 1104 462 contra
1123 434 1237 461 absurda
1255 441 1298 461 res
1311 439 1402 465 etnon
1417 443 1543 464 consona.
1560 436 1698 470 Quomodo
1713 443 1793 471 porro

1013 480 1161 514 laudandos
1175 480 1314 507 existimat
1327 488 1387 512 eos,
1406 482 1451 516 qui
1468 483 1593 509 scientias
1605 482 1791 513 excoluerunt.

1012 526 1034 553 si
1047 526 1139 553 nescio
1159 526 1236 560 cujus
1259 527 1464 561 temperamenti
1488 527 1619 554 beneﬂcio
1641 527 1705 554 tales
1730 527 1791 554 facti

1012 572 1094 598 sunt?
1113 572 1171 605 Qua
1193 572 1258 599 item
1276 572 1381 599 ratione
1397 572 1560 606 vituperabit
1575 578 1621 600 eos
1633 592 1640 604 ,
1658 572 1702 606 qui
1718 573 1792 599 vanis

1012 617 1114 645 artibus
1134 617 1215 656 dediti
1230 617 1339 645 fuerunt
1352 638 1359 650 ,
1373 618 1395 644 si
1412 625 1427 644 ιι
1448 621 1542 644 natura
1560 617 1593 644 ad
1613 617 1663 644 has
1677 617 1792 644 in'stitnti

1013 662 1162 697 imbutique
1175 663 1260 690 sunt?
1285 663 1425 696 Quomodo
1447 663 1511 689 item
1527 661 1705 696 reprehendet
1720 669 1792 692 eum,

1012 707 1057 743 qui
1073 715 1104 735 ex
1130 708 1257 736 formosis
1279 708 1438 743 corporibus
1455 708 1602 743 percipitur
1615 727 1623 740 ,
1650 711 1792 741 quzestum,

1012 754 1034 780 si
1053 753 1160 788 quidem
1180 761 1241 781 eum
1266 754 1420 781 conciliavit
1447 753 1712 789 temperamentum?
1737 752 1795 785 Quo

1013 804 1102 826 autem
1120 803 1199 833 pacto
1214 799 1339 827 defendet
1349 807 1394 826 eas
1404 807 1464 834 quae
1475 799 1593 834 quotidie
1608 799 1675 826 ﬁunt
1690 805 1794 826 morum

1014 843 1197 870 mutationes?
1210 842 1284 870 Multi
1299 850 1414 878 namque
1432 844 1529 878 impuri
1544 851 1576 871 ac
1591 843 1726 871 libidinosi
1750 843 1794 877 qui

1013 885 1141 918 fuerant,
1168 887 1201 914 ad
1228 885 1363 915 castitatis
1387 888 1504 914 studium
1531 895 1591 926 sese
1608 887 1790 926 contuleruntI

1013 932 1110 960 multos
1121 939 1136 960 e
1156 938 1250 960 contra
1264 934 1449 968 temperantia:
1465 938 1616 962 sectatores
1630 933 1794 967 impun-italis

1012 978 1122 1006 morbus
1140 978 1255 1011 invasit;
1281 986 1368 1014 neque
1381 987 1445 1007 vero
1467 979 1500 1007 de
1526 979 1591 1014 ipsis
1617 979 1668 1007 dici
1696 983 1793 1013 potest.

1012 1028 1253 1058 temperamentum
1268 1031 1327 1052 esse
1339 1029 1481 1052 mutatum.
1497 1025 1610 1058 Quidam
1624 1025 1694 1052 enim
1707 1025 1794 1052 adhuc

1011 1069 1198 1097 adolescentes
1209 1074 1235 1098 et
1247 1070 1399 1103 libidinosi,
1424 1071 1450 1098 in
1472 1071 1530 1105 ipso
1545 1070 1638 1105 vigore
1657 1070 1744 1097 aetatis
1760 1070 1793 1096 ad

1011 1114 1205 1142 continentiam
1219 1115 1367 1146 redierunt,
1381 1123 1432 1142 tton
1450 1119 1552 1142 tnutalo
1566 1115 1645 1142 simul
1662 1119 1794 1149 tempera-

1011 1165 1114 1196 mento,
1128 1159 1175 1187 sed
1188 1159 1336 1187 voluntatis
1348 1160 1483 1195 proposito
1495 1160 1606 1187 meliore
1619 1160 1643 1187 id
1654 1164 1792 1194 operante.

1011 1204 1092 1240 E82
1107 1204 1160 1232 Sed
1173 1212 1215 1237 ne,
1233 1204 1295 1232 dum
1309 1212 1412 1238 omnes,
1424 1212 1484 1240 quae
1501 1213 1616 1240 unquam
1633 1205 1710 1232 factae
1720 1210 1792 1236 sunt,

1011 1250 1174 1278 mutationes
1191 1257 1384 1283 commemoro,
1406 1250 1432 1277 in
1450 1250 1558 1286 longum
1580 1250 1720 1277 extraham
1737 1251 1794 1284 epi-

1011 1296 1118 1329 stolam,
1132 1296 1185 1324 illis
1197 1297 1318 1330 omissis,
1331 1297 1364 1324 ad
1376 1296 1553 1330 objectionem
1567 1296 1722 1331 quamdam,
1736 1303 1795 1330 qua:

1011 1341 1060 1376 ipsi
1078 1341 1262 1370 robustissima
1278 1349 1338 1369 esse
1352 1342 1467 1374 videtur,
1485 1349 1528 1369 me
1545 1341 1691 1368 conferam.
1716 1339 1810 1374 Qum?

1011 1394 1072 1414 nam
1088 1393 1153 1421 ergo
1172 1387 1228 1414 hinc
1244 1387 1305 1414 est?
1317 1387 1343 1414 Si
1356 1408 1363 1420 ,
1380 1387 1486 1421 inquit,
1503 1386 1664 1414 immortalis
1678 1390 1719 1413 est
1734 1387 1794 1412 ani-

1011 1440 1070 1465 ma,
1099 1438 1128 1459 ut
1153 1433 1261 1467 quidem
1278 1433 1335 1460 vult
1350 1433 1443 1466 Plato,
1477 1432 1539 1467 quid
1566 1439 1656 1459 causae
1681 1437 1723 1459 est
1748 1439 1796 1459 cur

1010 1482 1151 1513 separetur
1170 1485 1183 1505 a
1199 1486 1322 1513 corpore,
1337 1478 1382 1505 ubi
1394 1478 1535 1505 cerebrum
1554 1482 1601 1505 aut
1618 1477 1700 1504 nimis
1714 1477 1794 1505 refri-

1011 1528 1141 1559 geratum,
1159 1527 1206 1550 aut
1220 1531 1300 1558 supra
1320 1524 1426 1551 tnodum
1443 1523 1620 1555 exsiccatum,
1638 1528 1683 1549 aut
1696 1522 1794 1549 hume-

176 1567 243 1614 ρίοις
265 1569 420 1604 φαρμάκοις
444 1571 714 1605 καταγοητευθέντων
744 1573 772 1599 αἱ
796 1574 881 1609 ψυχαὶ
909 1574 959 1600 οὐκ

1015 1572 1115 1596 clatum
1131 1567 1230 1595 fuerit?
1242 1567 1282 1594 Ad
1292 1567 1360 1594 hanc
1369 1567 1544 1602 objectionem
1556 1567 1619 1594 dum
1633 1566 1794 1601 respondeo.

174 1612 330 1648 ἀπέστησαν
344 1614 398 1649 (10)
412 1622 419 1630 ·
445 1615 531 1648 οὕτως
548 1617 578 1643 οὐ
602 1617 710 1650 πάντως
741 1617 889 1654 ψυχθὲντος
913 1620 960 1646 τοῦ

174 1659 324 1694 ἐγκεφάλου
343 1661 486 1696 χωρίζεται
500 1663 515 1698 ὴ
531 1663 603 1698 ψυχή
613 1672 620 1679 ·
639 1665 725 1690 ἐκεῖνο
736 1665 829 1700 φαίην,
839 1665 879 1691 ὅτι
891 1665 961 1697 θεῖός

174 1706 232 1732 ἐπι
251 1706 347 1742 δεσμὸς
369 1709 485 1741 συνδέων
506 1709 540 1736 τὰ
563 1710 630 1736 πολὺ
646 1710 767 1745 ἀλλήλων
787 1711 960 1746 διαφέροντα,

174 1751 220 1776 καὶ
235 1753 360 1791 κοινωνία
376 1753 493 1789 ἄρῤητος
510 1755 658 1789 ἀσωμάτου
680 1755 768 1790 ψυχῆς
783 1756 851 1790 πρὸς
869 1756 959 1791 σῶμα,

175 1796 221 1822 καὶ
233 1797 387 1832 συμπάθεια
399 1799 512 1830 ἄλεκτος
526 1799 660 1827 ἀθανάτου
674 1801 768 1832 οὐσίας
783 1801 852 1836 πρὸς
864 1801 961 1836 θνητὸν

173 1841 298 1875 ὄργανον,
324 1841 361 1874 ὡς
389 1843 436 1869 καὶ
460 1843 536 1879 αὺτῷ
565 1845 604 1878 τῷ
634 1845 757 1871 Πλάτωνι
783 1845 864 1872 δοκεῖ.
887 1846 916 1872 '0
931 1845 960 1872 δὲ

174 1887 291 1921 Γαληνὸς
307 1887 360 1923 (ll)
377 1888 455 1915 τοῦτο
469 1889 528 1915 οὐδὲ
542 1890 642 1916 ἐννοεῖν
657 1889 786 1917 δύνασθαι
803 1893 961 1926 προσποιεῖ-

172 1940 225 1958 ται.
242 1933 326 1959 Τοῦτο
345 1933 372 1960 δὲ
383 1933 503 1968 γέγονεν,
519 1934 553 1961 ἵν’
566 1935 582 1970 ἡ
602 1935 675 1970 ψυχὴ
690 1936 753 1971 περὶ
767 1935 864 1962 πολλοῦ
881 1938 960 1972 ποιῆ-

172 1987 216 2004 ται
231 1978 261 2004 τὸ
283 1979 471 2014 ἐπιμελεῖσθαι
494 1979 540 2007 τοῦ
557 1981 694 2015 σώματος,
716 1981 766 2016 οὐχ
782 1981 851 2008 ὥστε
877 1982 958 2008 πολυ-

174 2025 273 2060 σαρκίᾳ
288 2025 475 2060 ὲξογκοῦσθαι,
492 2026 549 2053 ἀλλ’
571 2026 642 2053 ὥστε
656 2027 800 2062 ὑγιαίνειν,
825 2027 906 2060 ὠς-εξ
922 2029 959 2063 μὴ

173 2071 251 2098 τοῦτο
274 2071 422 2107 ποιήσειεν,
449 2073 691 2100 συναπολαύσουσα
715 2074 764 2108 τῆς
791 2074 959 2109 δυσκρασίας

172 2117 243 2144 κατὰ
273 2112 455 2152 συμπάθειαν,
482 2119 506 2145 εἰ
523 2119 569 2146 καὶ
598 2119 635 2155 μὴ
659 2119 730 2146 κατὰ
751 2119 959 2156 προηγουμένην

171 2165 219 2190 καὶ
233 2163 386 2196 ἰδιάζουσαν
412 2164 524 2200 βλάϐην,
547 2165 578 2192 Ἡ
599 2167 653 2201 γὰρ
679 2166 830 2201 δυσκρασία
845 2165 891 2193 τοῦ
908 2158 959 2192 σῶ-

172 2218 257 2244 ματος
282 2210 329 2236 καὶ
355 2211 371 2246 ἡ
395 2211 464 2246 μέθη
488 2211 534 2238 καὶ
557 2213 590 2247 τῇ
616 2211 688 2247 ψυχῇ
719 2211 900 2248 παραπέμπει
928 2212 959 2239 τὸ

1014 1614 1136 1642 omittam
1153 1614 1237 1649 ipsius
1252 1613 1487 1648 reprehensionem
1502 1633 1508 1645 ,
1526 1613 1597 1648 quod
1614 1619 1796 1647 saepenumero

1012 1667 1045 1686 ex
1059 1659 1189 1694 singultu,
1200 1666 1280 1694 quem
1294 1657 1417 1686 fortassis
1433 1658 1600 1685 harmoniam
1610 1663 1697 1690 vocat,
1710 1661 1796 1684 morte

1013 1705 1173 1740 quibusdam
1190 1704 1317 1739 praedicta
1330 1725 1337 1736 ,
1352 1709 1379 1731 et
1396 1704 1450 1731 vita
1463 1703 1523 1730 aliis
1537 1703 1670 1739 promissa
1681 1723 1687 1735 ,
1704 1711 1718 1730 a
1733 1711 1796 1730 vero

1013 1750 1164 1782 abcrrarit,
1181 1749 1243 1777 dum
1264 1749 1298 1776 illi
1325 1749 1432 1784 quidem
1458 1749 1560 1777 diutius
1577 1750 1724 1781 vixerunt,
1753 1748 1795 1775 isti

1013 1803 1077 1822 vero
1097 1795 1222 1822 obierunt
1239 1795 1316 1829 (adeo
1335 1795 1406 1821 illam
1423 1799 1508 1821 artem
1525 1814 1532 1826 ,
1548 1798 1578 1821 ut
1597 1801 1655 1827 qua:
1676 1801 1748 1820 ntere
1762 1794 1796 1820 sit

1012 1841 1216 1876 conjecturalis,
1233 1841 1333 1868 veritas
1348 1840 1413 1875 fugit
1424 1841 1450 1874 ί)
1467 1850 1472 1867 ;
1488 1840 1610 1868 omittam
1625 1840 1675 1867 hoc
1689 1847 1795 1873 quoque

1012 1887 1082 1922 quod
1102 1886 1247 1914 multorum
1264 1908 1271 1920 ,
1300 1887 1344 1921 qui
1373 1885 1461 1913 noxiis
1489 1886 1640 1920 pharmacis
1667 1885 1794 1912 incantati

1011 1937 1089 1960 erant
1101 1952 1109 1965 ,
1126 1932 1223 1959 anima:
1246 1940 1298 1958 non
1314 1931 1479 1959 excesserint
1493 1936 1581 1958 tamen
1603 1938 1618 1958 e
1638 1931 1795 1965 corporibus

1012 1979 1093 2014 (adeo
1112 1986 1164 2005 non
1187 1984 1294 2012 semper
1311 1977 1474 2012 omninoque
1502 1976 1659 2010 refrigerato
1682 1975 1796 2003 cerebro

1010 2032 1152 2064 separatur
1180 2027 1309 2062 animal)
1332 2026 1397 2054 illud
1420 2026 1555 2054 dixerim:
1581 2026 1705 2052 Divinum
1735 2031 1796 2052 esse

1010 2074 1157 2106 vinculum,
1175 2073 1246 2108 quod
1269 2072 1376 2107 colliget
1391 2079 1421 2099 ea
1438 2079 1498 2106 qua:
1514 2071 1656 2105 plurimum
1677 2072 1746 2098 inter
1766 2079 1794 2097 se

1010 2120 1123 2151 distant,
1138 2124 1165 2146 et
1185 2118 1400 2146 communionem
1419 2125 1450 2145 ac
1476 2117 1632 2144 societatem
1651 2117 1794 2151 quamdam

1011 2165 1172 2192 ineﬂ'abilem
1188 2172 1247 2192 esse
1259 2164 1356 2195 animae
1376 2164 1540 2197 incorporete
1556 2171 1616 2190 cum
1632 2167 1757 2197 corpore,
1769 2167 1795 2190 ct

1011 2212 1175 2239 indicibilem
1200 2217 1261 2238 esse
1283 2210 1488 2238 consensionem
1518 2213 1598 2243 atque
1623 2208 1793 2236 affectionem

170 2256 304 2291 πάθημα·
324 2257 340 2291 ἡ
358 2256 398 2289 δὲ,
413 2257 537 2292 καθάπερ
552 2257 722 2293 κυϐερνήτης
739 2259 768 2284 ἐν
786 2258 874 2294 πολλῷ
893 2259 958 2285 κλύ-

1011 2262 1129 2285 mutuam
1153 2257 1223 2284 inter
1240 2255 1420 2284 immortalem
1440 2255 1617 2282 substantiam
1640 2258 1666 2280 et
1684 2254 1796 2280 mortale

170 2301 246 2332 δωνι,
271 2302 443 2336 ταράττεται,
466 2302 513 2329 καὶ
532 2302 581 2338 τὴν
607 2303 710 2330 οἰκείαν
734 2304 890 2338 ἐπιστήμην
905 2304 956 2330 οὐκ

170 2347 354 2374 ἐπιδείκνυται
373 2347 609 2384 βυθισθεῖσαμὲγ
628 2349 723 2385 ὥσπερ
740 2350 768 2376 δὲ
792 2349 955 2385 ὑποϐρύχιος

171 2393 342 2429 γεγενημένη
353 2414 360 2427 ,
378 2394 475 2429 ἄγεται
490 2396 535 2422 καὶ
557 2396 669 2431 φέρεται
690 2396 828 2429 πολλάκις,
844 2397 910 2423 ὅπου
924 2396 957 2424 ἃν

1011 2305 1239 2336 instrumentum,
1259 2307 1288 2329 ut
1305 2301 1354 2337 ipsi
1372 2309 1479 2336 quoque
1494 2300 1598 2327 Platoni
1610 2300 1724 2328 videtur.
1744 2299 1796 2327 Ga-

1010 2350 1087 2377 lenus
1105 2353 1195 2376 autem
1210 2349 1259 2376 hoc
1278 2356 1292 2375 a
1317 2355 1346 2374 se
1364 2354 1397 2374 ne
1414 2347 1525 2381 intelligi
1542 2346 1648 2382 quidem
1668 2353 1746 2381 posse
1761 2346 1797 2372 si-

1013 2395 1105 2423 mulat.
1123 2395 1184 2422 Ideo
1198 2399 1287 2421 autent
1302 2394 1354 2421 hoc
1370 2393 1470 2421 factum
1484 2397 1534 2426 est,
1554 2397 1583 2420 ut
1595 2393 1683 2420 anima
1700 2399 1795 2427 magno

717 2473 834 2501 VAle
855 2471 1046 2501 LECTIONES
1067 2472 1110 2499 ET
1133 2471 1248 2500 NOTAE.

171 2549 207 2575 ita
227 2549 297 2583 apud
315 2548 467 2585 Enripidcm
482 2549 637 2577 Alccstide:
654 2550 738 2585 Χαῖρε
761 2551 813 2577 κάν
829 2550 891 2577 ἀδου
914 2550 955 2577 δό-

172 2581 294 2618 μοιςξ-
309 2581 351 2610 Εὖ
364 2581 413 2611 dot
429 2584 556 2618 γένοιτο.
575 2584 642 2611 llinc
657 2581 772 2612 Isidorus
789 2593 864 2612 sunnt
887 2586 957 2612 hunc

171 2619 309 2645 senarium
327 2618 470 2646 iarnhicum
487 2619 635 2646 confeciste
651 2619 764 2647 videtur.
785 2620 865 2646 “ITT.

209 2653 246 2687 (fi)
263 2653 284 2680 E
299 2653 408 2687 regione
424 2654 517 2680 horum
532 2655 556 2680 εἰ
571 2654 653 2688 ὰρμο.
670 2655 729 2681 eod.
746 2654 829 2681 Vztlit‘.
847 2655 898 2681 6330
915 2662 957 2688 ρος

173 2688 212 2714 nit
225 2697 250 2715 tn
268 2688 438 2724 ηὶειιςεεεῐνγε
453 2688 519 2714 αὐτὸ
534 2689 622 2724 τοῦτο(
634 2689 761 2724 ἁρμονία.
777 2689 854 2716 Vers.
873 2695 930 2724 post
941 2690 957 2716 5

174 2730 222 2758 pro
238 2722 344 2758 ἁπηχές
362 2723 440 2750 habet
456 2723 525 2750 idem
543 2722 676 2758 ἐμμελές(
687 2724 789 2750 Possm.

210 2758 247 2792 (7)
266 2757 355 2784 Locus
372 2764 404 2784 ex
428 2758 488 2784 cod.
512 2757 599 2784 Vatic.
623 2759 772 2785 restitutus.
800 2759 847 2786 liti.
872 2759 957 2786 Paris.

174 2793 315 2818 omittebat
341 2793 408 2824 hmo,
425 2792 654 2828 εἰςησωφροσύνην
675 2792 846 2828 ἀνέτττησαν·
868 2793 958 2820 πολλοὶ

174 2828 201 2853 δὲ
219 2827 367 2862 σώφρονξς.
384 2831 437 2854 etc.
460 2827 546 2854 Entr.’
773 2827 777 2828 ⁷
851 2837 856 2841 ·

211 2862 319 2924 lﬁcleEsllb
331 2861 428 2894 l‘.tt'is.,
441 2862 462 2887 εἰ
476 2862 528 2897 γὰρ
543 2862 574 2898 δὴ
587 2864 601 2897 ἡ
616 2862 714 2897 κρίσις.
728 2863 802 2891 (lorr.
818 2872 849 2892 ex
865 2864 957 2892 eodem

177 2905 276 2924 ίοιιιςε.
293 2905 331 2923 ΙΙ]-

485 2986 493 2999 \

1045 2550 1082 2583 (9)
1097 2549 1147 2576 Pro
1163 2549 1320 2585 ψυχθέντως
1332 2550 1391 2577 cod.
1410 2550 1469 2577 Vat.
1481 2549 1573 2585 scribit
1592 2547 1791 2585 ψυχρωρέντος,

1010 2591 1036 2613 ct
1051 2583 1333 2620 moxipo'st'ochSpG);
1359 2586 1432 2612 addit
1456 2584 1670 2620 dxep§30évro;._
1688 2583 1793 2609 l’o:sm.

1046 2619 1101 2654 (10)
1119 2619 1170 2646 Pro
1185 2618 1343 2654 ἁπέστήσαν
1358 2620 1426 2647 idem
1447 2618 1515 2646 coda
1525 2619 1606 2654 habet
1619 2618 1791 2651 ἀπέπτησαν.
1804 2645 1808 2647 Α

1011 2653 1087 2682 Vers.
1107 2659 1167 2688 post
1179 2654 1205 2686 ‘2,
1225 2659 1287 2681 ante
1303 2655 1384 2689 φαίην
1401 2655 1484 2682 addit.
1498 2654 1540 2680 ἄν.
1558 2653 1606 2689 ilo:
1635 2687 1653 2689 ᾉ
1674 2686 1679 2689 _
1716 2656 1728 2689 _'

1047 2685 1172 2724 (il)vPro
1188 2689 1201 2714 ό
1214 2689 1241 2715 δὲ
1257 2685 1321 2715 Γαλ.
1339 2685 1407 2716 Μέιιι
1432 2689 1527 2724 scribit
1541 2688 1565 2713 εί
1585 2687 1612 2713 δὲ
1635 2685 1791 2724 Γαληνθιέ.

1013 2720 1072 2757 post
1089 2720 1114 2755 ᾖ,
1136 2724 1377 2750 συναπολαύσο-λσα
1400 2728 1485 2749 mutat
1513 2723 1539 2748 in
1560 2720 1791 2757 συναπολαύουσα.

1014 2756 1089 2786 Vere.
1109 2760 1169 2785 imle
1185 2760 1211 2789 ὅ,
1234 2766 1281 2792 pro
1297 2759 1411 2793 πάθημα
1427 2757 1521 2784 scribit
1533 2756 1686 2793 (πάθος-μία,

1047 2794 1102 2827 (12)
1130 2793 1182 2820 Pro
1201 2789 1452 2828 βυδισΟεῐπαἾιΙριμ
1477 2789 1791 2828 ροιῇισυμϐυθηβεῖπα

1010 2825 1105 2863 ὥσπερ
1122 2829 1169 2854 καὶ
1187 2825 1409 2863 ὑποῦυοισρεῖσα.
1424 2825 1501 2853 Vers.
1519 2825 1582 2863 inde
1599 2825 1624 2855 4,
1643 2829 1701 2858 post
1716 2825 1791 2863 ενερ-

1011 2859 1176 2898 γείαέςιάιὶίι
1194 2863 1300 2898 μηνύει.
1320 2862 1392 2890 Vers.
1410 2869 1465 2896 seq.
1484 2867 1531 2895 pro
1553 2860 1568 2894 ἣ
1592 2864 1665 2894 ponit
1682 2859 1737 2885 ui.
1754 2859 1790 2885 lo.
