2040 3161
162 172 218 204 1209

585 168 850 200 EPISTULARUM
869 168 940 198 LIB.
960 169 1007 199 IV.
1028 183 1062 188 —-
1083 171 1200 204 EPIST.
1220 175 1349 205 CXXIX.

1708 171 1776 205 1210

160 228 300 261 ἀπαλλάξαι
332 227 502 263 βουλόμεθα¹
527 228 632 262 μήποτε
656 227 703 253 καὶ
729 226 743 252 ὁ
775 224 935 256 ’Δπόστολος

990 227 1011 254 is
1026 235 1081 255 non
1108 231 1275 258 commiserit
1302 236 1412 266 peccata
1439 231 1517 259 venia
1533 231 1646 267 majora,
1661 231 1791 266 dicimus,

159 275 198 301 ἰπὶ
209 274 258 308 τῆς
275 273 404 308 πορνείας
420 272 499 299 τοῦτο
518 272 580 307 ἔφη.
602 272 653 298 Τὸν
668 271 722 306 γὰρ
747 269 935 305 πορνεύσαντα

160 319 224 355 παρὰ
250 317 403 353 Κορινθίοις
433 317 600 352 σωφρονίσαι
627 316 805 352 βουλόμενος,
833 315 936 351 ταύτην

159 365 248 401 ιρρηξε
271 364 321 398 τὴν
349 364 452 399 φωνήν.
469 364 500 390 Εἰ
521 363 550 390 δὲ
573 363 620 390 καὶ
636 362 741 398 τρίτην.
759 362 844 390 ἐννόει
859 382 867 393 .
896 363 936 389 ὅτι

157 411 244 445 ὥσπερ
263 409 278 435 ὁ
302 410 343 441 εἰς
359 409 493 436 Θάλατταν
516 410 590 436 σῖτον
612 409 629 444 ἢ
658 408 752 444 ⁴ἐτερόν
773 417 799 435 τι
825 408 936 443 σπέρμα

159 457 253 493 ῥίπτων
273 457 313 488 εἰς
337 456 382 483 τὸν
409 456 511 490 σπόρον
528 455 700 491 ἁμαρτάνει,
723 454 835 481 κωλύων
852 455 936 481 αὐτὸν

158 504 192 535 εἰς
210 497 318 536 γένεσίν
335 501 424 528 ἐλθεῖν
437 509 443 516 ’
462 501 534 528 οὕτω
548 501 596 528 καὶ
615 502 629 527 ό
653 502 693 532 εἰς
708 501 819 536 ἑταίραν
835 501 938 536 ῥίπτων

157 550 184 575 rb
199 548 295 576 ἑαυτοῦ
327 547 450 584 σπέρμα,
462 548 502 578 εἰς
519 548 550 574 τὸ
566 547 665 573 οἰκεῖον
678 546 758 582 σῶμα
771 547 936 582 ἁμαρτάνει.

158 596 257 629 ἐκείνης
273 595 304 621 οὺ
329 594 360 620 τὸ
384 593 478 628 τεχθὲν
503 593 667 628 ἀναιρούσης
697 593 787 627 μόνον,
800 592 867 619 ἀλλὰ
892 593 938 619 καὶ

157 641 278 676 τεχθῆναι
303 640 460 674 κωλυούσης
482 639 548 675 (27).
567 640 597 666 Εἰ
614 640 642 666 δὲ
659 639 807 674 τετάρτην·
835 639 938 665 ἐννοεῖν

157 688 215 722 χρὴ,
229 687 270 713 ὅτι
292 687 353 713 καθ’
372 686 386 712 ὂ
400 686 468 721 δρᾷ,
496 686 543 713 κα).
560 685 658 720 πάσχει
680 685 747 720 (28).
767 684 797 711 Εἰ
820 685 875 720 γὰρ
890 676 937 720 ’μὴ

157 733 266 766 ἔπαθεν,
280 733 330 759 οὐκ
346 732 379 759 ἂν
397 732 527 768 ἑρῤευσεν
541 740 548 747 ’
564 732 588 758 εἰ
603 731 631 758 δὲ
653 731 793 766 ἔρῤευσεν,
811 731 917 766 ἐφθάρη
930 739 936 745 ·

157 780 180 806 εἰ
201 780 227 805 δὲ
247 779 362 814 ἐφθάρη,
381 777 508 813 ύῦρίσθη.
542 778 649 812 ’Δμέλει
675 778 717 804 ἐπ’
735 777 848 812 οὐδεμιᾷ
871 776 938 812 ἄλλῃ

157 825 262 859 πράξει,
285 825 301 860 ἢ
317 824 362 851 ἐπὶ
379 824 445 859 μόνῃ
461 825 493 858 τῇ
510 823 606 859 ἀνδρὸς
621 823 688 858 πρὸς
704 823 821 857 γυναῖκα
839 821 939 856 συνόδῳ

157 871 262 905 λέγεται
284 870 418 906 ἐφθάρθαι
441 869 491 904 τὴν
514 869 648 904 παρθένον
666 870 713 895 καὶ
736 869 782 896 τὸν
797 869 938 895 νεανίσκον

156 916 342 951 πειραθέντας.
370 916 401 942 Εἰ
427 915 456 941 δὲ
477 915 523 942 καὶ
541 915 679 950 πέμπτην,
707 915 792 941 ἐννόει
807 935 814 947 ,
845 915 887 941 ὅτι
901 914 939 949 τῷ

155 961 240 997 πόρνῃ
258 961 448 997 συνερχομένῳ
462 962 486 987 εἰ
498 960 606 996 τεχθείη
623 960 738 990 παιδίον,
754 961 793 992 εἰς
808 959 937 995 πορνείαν

155 1008 299 1043 τρέφεται,
324 1008 371 1034 καὶ
389 1009 403 1034 ὁ
418 1007 490 1043 ὁρῶν
510 1006 579 1042 μετὰ
594 1006 700 1038 ταῦτα,
724 1005 814 1038 λέξει⁸
836 1006 940 1037 Ὄντως

155 1052 248 1079 ἑαυτὸν
258 1053 361 1084 ἐκεῖνος
371 1051 508 1087 ἠδίκησεν·
522 1052 576 1078 ἰδοὺ
588 1051 643 1087 γὰρ
656 1053 685 1078 τὸ
703 1051 824 1086 σπέρμα,
841 1051 940 1086 μᾶλλον

108 1105 111 1109 λ
153 1097 182 1124 δὲ
199 1097 229 1124 τὸ
244 1097 322 1132 σῶμα
338 1098 419 1124 αὑτοῦ
442 1097 578 1132 πορνεύει,
598 1098 629 1124 Εἰ
646 1097 675 1123 δὲ
699 1098 746 1124 καὶ
767 1097 862 1132 ἕκτην,
878 1097 939 1123 ὲπί-

154 1152 260 1179 στησον,
277 1144 318 1170 ὅτι
335 1144 359 1170 εἰ
375 1143 456 1178 δούλῃ
475 1152 518 1175 τις
542 1143 729 1179 κοινωνήσειε,
747 1143 839 1170 δοῦλον
863 1143 939 1170 ἔσται

152 1189 183 1216 τδ
198 1189 359 1223 τικτόμενον
374 1197 381 1204 ⁵
398 1189 457 1220 πῶς
468 1187 515 1215 οὖν
527 1189 579 1215 οὐκ
593 1189 633 1220 εἰς
646 1188 743 1215 ἑαυτὸν
767 1188 920 1224 ἁμαρτάνει
930 1209 937 1221 ,

153 1235 167 1260 ὀ
188 1234 281 1260 δοῦλον
306 1233 463 1265 σπουδάζων
482 1235 593 1266 τεκεῖν;
619 1233 651 1259 Εἰ
678 1233 707 1259 δὲ
738 1234 785 1259 καὶ
810 1233 938 1268 ἑϐδόμην,

152 1280 202 1315 ὅρα
217 1280 258 1306 ὅτι
274 1279 320 1306 καὶ
339 1279 367 1306 ιδ
378 1279 538 1314 τικτόμενον
555 1279 697 1312 ἀδικεῖται,
715 1279 790 1306 νόθον
804 1279 940 1314 καλούμε-

153 1334 209 1357 νον,
225 1326 272 1352 καὶ
285 1326 382 1360 ἄτιμον
395 1324 534 1359 πανταχοῦ
547 1324 699 1359 γινόμενον,
717 1324 769 1351 κᾶν
785 1325 813 1351 ἐν
829 1324 939 1359 βουλευ-

151 1371 249 1406 τηρίῳ,
266 1370 318 1397 κᾶν
338 1371 366 1396 ὲν
386 1370 554 1406 δικαστηρίῳ
584 1370 660 1405 (29)
687 1369 715 1396 δὲ
741 1369 849 1405 εἰσέλθῃ
863 1389 870 1402 ,
892 1370 940 1397 ὲκ-

152 1417 300 1444 διαλλεται⁸
329 1417 362 1444 δι’
386 1413 417 1443 οὗ
433 1417 479 1443 καὶ
504 1417 518 1442 ό
542 1416 746 1450 φυτευσάμενος
759 1415 940 1444 συναπολαύει

151 1464 202 1499 τῆς
215 1463 346 1498 αἰσχύνης
358 1472 365 1478 ·
387 1463 537 1498 ὑπόμνημα
560 1462 614 1498 γὰρ
629 1462 678 1497 τῆς
695 1462 798 1494 οἰκείας
813 1462 939 1496 λαγνείας

151 1510 322 1544 κατέλειψεν.
343 1510 374 1536 Εἰ
394 1509 422 1536 δὲ
440 1509 486 1536 καὶ
505 1509 612 1544 ὀγδόην,
631 1509 824 1543 δοκιμάσωμεν
844 1509 892 1536 καὶ
907 1509 939 1536 τὸ

986 274 1181 303 admonitionis
1208 283 1289 303 causa
1308 286 1315 303 :
1333 277 1447 310 Desiste,
1476 277 1512 305 mi
1543 277 1638 311 frater,
1663 279 1697 305 ab
1726 279 1777 305 hoc

987 321 1103 348 morbo:
1122 321 1166 348 hic
1184 322 1295 349 morbus
1311 324 1431 351 omnium
1454 329 1497 351 est
1519 324 1701 356 deterrimus,
1722 332 1775 351 non

986 367 1057 400 quod
1074 365 1118 393 hie
1128 373 1223 394 omnes
1235 367 1304 395 alios
1316 373 1435 403 superet,
1456 370 1502 396 sed
1515 370 1585 404 quod
1599 369 1658 404 ipso
1669 377 1777 404 quoque

986 419 1047 439 eum
1077 411 1194 439 liberare
1223 413 1388 446 cupiamus:
1407 421 1497 441 annon
1521 416 1603 441 etiam
1631 415 1777 448 Apostolus

986 457 1112 485 similiter
1143 458 1176 485 de
1205 458 1386 486 fornicatione
1403 460 1454 486 hoc
1480 459 1590 487 dixerit.
1618 460 1684 487 Nam
1713 461 1776 487 dum

987 502 1125 538 corrigere
1141 508 1223 538 atqtte
1238 503 1384 531 emendare
1400 503 1479 542 vellet
1493 511 1554 530 eum
1573 505 1619 538 qui
1633 506 1702 538 apud
1720 505 1772 531 Co—

987 549 1103 577 rinthios
1122 549 1268 577 fornicatus
1283 554 1351 581 erat,
1369 549 1393 577 in
1411 550 1480 577 hanc
1493 557 1586 576 vocem
1603 552 1703 585 erupit.
1716 552 1774 578 Iunt

987 595 1010 622 si
1043 595 1149 622 tertiam
1182 603 1290 630 quoque
1315 596 1356 622 vis
1383 595 1430 622 tibi
1458 594 1556 629 aperiri
1582 595 1705 628 januam,
1726 598 1776 622 huc

988 640 1173 667 animadverte
1189 649 1196 667 :
1212 639 1442 674 Quemadmodum
1460 640 1504 674 qui
1527 640 1553 666 in
1567 648 1641 667 mare
1657 639 1777 666 frumcn-

988 689 1043 712 tttm
1064 691 1109 712 aut
1125 685 1196 713 aliud
1213 685 1358 720 quodpiam
1384 693 1476 714 semen
1500 686 1618 721 proiicit,
1633 686 1659 713 in
1685 693 1776 713 semen

988 736 1092 765 peccat,
1106 730 1168 758 dum
1197 731 1224 758 id
1253 730 1380 765 prohibet
1402 730 1435 757 ad
1453 728 1656 771 geperatiottem
1683 738 1778 765 perre-

989 776 1068 803 nire:
1083 776 1120 803 ita
1134 777 1216 803 etiam
1230 776 1253 804 is
1267 776 1312 811 qui
1328 777 1353 803 in
1372 777 1542 804 meretricem
1561 776 1670 810 proiicit
1696 784 1775 803 suum

989 829 1093 854 semen,
1112 822 1138 849 in
1155 822 1294 856 propriunt
1306 829 1406 856 corptts
1424 825 1530 855 peccat,
1546 821 1602 856 ipsa
1619 829 1671 848 nott
1691 821 1777 848 sialum

991 870 1140 903 peritncntc
1163 868 1189 895 id
1213 869 1283 903 quod
1308 873 1400 895 natum
1423 867 1517 899 fuerit,
1536 867 1582 895 sed
1601 868 1674 895 nasci
1687 868 1780 902 prohi-

991 916 1081 943 bentc.
1096 915 1180 942 Porro
1193 915 1215 942 si
1229 919 1353 950 quartam
1384 913 1544 950 (desideras
1573 914 1777 949 interpretatio-

990 962 1071 996 nem)
1093 961 1212 995 cogitare
1232 963 1350 994 oportet,
1377 959 1525 986 secundum
1555 959 1581 987 id
1614 961 1685 994 quod
1711 960 1776 994 agit,

991 1008 1078 1042 ipsum
1096 1007 1176 1034 etiam
1194 1007 1259 1042 pati.
1274 1007 1341 1034 Nam
1359 1007 1409 1034 nisi
1435 1015 1530 1041 passus
1546 1007 1610 1042 quid
1625 1013 1708 1039 esset,
1725 1015 1777 1032 non

991 1055 1123 1082 fluxisset.
1142 1053 1170 1081 Si
1199 1058 1288 1080 autem
1315 1053 1401 1087 ﬂuxit,
1420 1059 1566 1089 corrupttts
1587 1058 1628 1080 est
1643 1063 1650 1080 τ
1664 1053 1686 1081 si
1713 1061 1778 1080 vero

991 1104 1133 1135 corruptus
1149 1104 1200 1132 est,
1222 1100 1383 1127 contumelia
1409 1099 1521 1130 affectus
1545 1104 1597 1127 est.
1610 1098 1675 1132 Qua‘
1689 1099 1771 1125 etiam

991 1155 1070 1174 causa
1083 1151 1135 1179 est,
1151 1146 1222 1181 quod
1239 1145 1274 1173 de
1289 1145 1360 1173 nulla
1388 1146 1441 1173 alia
1470 1146 1587 1177 actione,
1607 1145 1652 1172 sed
1666 1145 1699 1172 de
1722 1144 1780 1171 solo

991 1193 1040 1219 viri
1053 1200 1114 1220 cutn
1133 1192 1245 1219 muliere
1259 1190 1410 1227 congressu
1428 1191 1537 1224 dicitur,
1549 1195 1693 1225 corruptos
1719 1197 1780 1218 esse

991 1238 1123 1272 virginem
1137 1242 1165 1265 et
1180 1237 1379 1265 adolescentem
1399 1245 1455 1265 rem
1473 1242 1599 1272 expertos
1616 1244 1773 1264 veneream.

991 1286 1020 1314 Si
1049 1289 1076 1312 et
1101 1285 1221 1319 quintam
1237 1284 1293 1319 (vis
1323 1283 1607 1319 interpretationem).
1625 1284 1725 1317 cogita,
1755 1282 1778 1309 si

990 1332 1014 1359 ei
1029 1331 1074 1366 qui
1091 1338 1152 1358 cum
1165 1335 1256 1358 scorto
1271 1338 1435 1365 congressus
1463 1334 1516 1362 est,
1529 1335 1610 1357 natus
1625 1328 1709 1356 fuerit
1725 1328 1777 1355 ali-

990 1377 1051 1412 quis
1080 1377 1162 1409 filius,
1179 1377 1202 1404 is
1231 1377 1264 1403 ad
1291 1376 1495 1403 fornicationem
1526 1375 1668 1408 educatur,
1681 1378 1708 1401 et
1731 1374 1778 1409 qui

991 1429 1083 1458 postea
1098 1430 1158 1450 eum
1178 1422 1360 1457 conspexerit,
1375 1421 1446 1448 dicet
1464 1430 1471 1448 :
1489 1420 1592 1448 Revera
1609 1421 1635 1447 itt
1657 1420 1778 1454 seipsum

991 1469 1035 1497 ille
1058 1468 1108 1496 fuit
1134 1468 1248 1503 injurius
1270 1476 1277 1495 :
1299 1475 1363 1495 ecce
1386 1468 1459 1495 enim
1490 1475 1593 1500 semen,
1615 1467 1656 1494 vel
1687 1466 1779 1501 potius

990 1522 1089 1549 corpus
1105 1514 1162 1548 ejus
1179 1517 1326 1541 scortator.
1339 1513 1367 1540 Si
1383 1520 1447 1539 vero
1465 1513 1546 1540 etiam
1573 1517 1692 1543 sextam,
1708 1512 1780 1539 scire

152 1557 339 1593 ῥηθησόμενον
352 1563 359 1570 ·
375 1555 470 1590 ἐπειδὴ
487 1557 501 1582 ό
517 1555 666 1591 πορνεύων,
685 1554 714 1582 ἓν
728 1555 795 1590 πρὸς
808 1555 857 1590 τὴν
871 1564 938 1591 πορ-

992 1561 1082 1593 debes,
1099 1560 1170 1595 quod
1183 1561 1204 1587 si
1220 1567 1280 1587 cum
1307 1567 1385 1587 serva
1401 1559 1462 1594 quis
1490 1566 1545 1586 rem
1572 1558 1706 1590 habuerit,
1720 1565 1780 1585 scr-

150 1603 301 1638 νευομένην
313 1602 418 1637 γίνεται
431 1621 438 1634 ,
453 1603 491 1634 ὡς
510 1601 544 1628 τὰ
557 1602 645 1629 οἰκεῖα
661 1601 729 1636 μέλη
739 1601 823 1628 ποιῶν
836 1603 941 1637 πόρνης

152 1649 232 1684 μέλη,
247 1650 286 1680 εἰς
301 1648 396 1675 ἑαυτὸν
413 1648 451 1683 τῷ
468 1647 525 1674 ὃντι
547 1647 710 1683 ἁμαρτάνει.
725 1647 799 1682 Φόνῳ
815 1648 864 1682 μὲν
884 1648 939 1683 γάρ

149 1703 223 1727 τινες
235 1693 264 1721 εὖ
280 1696 430 1730 ἐχρήσαντο
446 1694 493 1731 (ὡς
504 1694 607 1728 Μωσῆς
619 1693 666 1720 καὶ
678 1693 792 1728 Φινεὲς),
809 1694 856 1720 καὶ
870 1694 939 1729 ὀργῇ

150 1741 176 1777 (ό
187 1741 289 1776 Πέτρος
305 1741 351 1767 καὶ
364 1739 491 1775 Παῦλος)·
508 1740 620 1775 πορνείᾳ
636 1739 664 1766 δὲ
681 1740 769 1771 οὐδεὶς
787 1739 896 1766 πώποτε
910 1738 939 1766 εὖ

149 1787 295 1822 ἐχρήσατο.
313 1786 358 1813 Διὸ
377 1786 482 1813 καὶτὸν
495 1786 602 1822 δρῶντα
620 1786 739 1821 μολύνει.
758 1786 858 1812 Σιωπῶ
873 1785 939 1821 γὰρ,

148 1833 191 1860 ὄτι
205 1833 268 1864 τοὺς
282 1833 310 1859 ἐν
320 1832 430 1867 πολέμῳ
442 1832 602 1866 φονεύοντας
619 1832 665 1858 καὶ
679 1831 786 1867 στηλῶν
797 1832 843 1858 καὶ
856 1832 940 1867 ἀναῤ-

149 1879 257 1914 ρήσεων
272 1877 403 1910 ἀξιοῦσιν.
422 1878 453 1904 Εἰ
475 1878 503 1904 δὲ
530 1878 577 1905 καὶ
598 1877 735 1913 τραπῆναι
753 1879 826 1913 ἡμᾶς
853 1877 940 1912 βούλει

147 1926 189 1958 εἰς
208 1925 259 1960 τὴν
275 1925 326 1959 τῆς
346 1924 512 1960 ἀλληγορίας
527 1925 596 1955 ὁδὸν,
612 1924 710 1957 ὲννάτη
725 1924 823 1959 ἔστω-ἡ
841 1923 940 1958 λεχονφ

149 1971 264 2006 σομένη.
289 1971 398 2006 Ἐπειδὴ
421 1971 449 1997 ἒν
467 1971 548 2006 σῶμα
562 1972 636 1997 ἐστιν
655 1971 672 2005 ἡ
697 1969 857 2005 Ἐκκλησία.
875 1970 899 1996 οἰ
912 1970 940 1996 δὲ

148 2018 244 2048 καθεῖς
270 2018 393 2053 ἀλλήλων
419 2018 576 2054 pomosa
603 2016 743 2052 πορνεύων
770 2017 810 2048 εἰς
838 2016 941 2048 πάντας

147 2064 304 2100 ἁμαρτάνει
319 2073 327 2081 ·
342 2064 487 2099 ἀνατρέχει
503 2064 556 2099 γὰρ
572 2063 654 2090 αὑτοῦ
669 2063 700 2090 τὸ
716 2063 827 2098 σφάλμα
850 2064 896 2090 ἐπὶ
910 2063 941 2089 τὸ

147 2109 199 2144 τῆς
221 2109 385 2144 Ἑκκλησὶσις
404 2110 559 2144 πλήρωμα,
576 2105 606 2135 οἵ)
621 2109 669 2136 καὶ
689 2109 840 2144 ἐκκοπῆναι
860 2108 941 2135 αὑτὸν

147 2155 328 2191 προσέταξεν,
350 2155 401 2187 ἕως
423 2155 456 2182 ἂν
481 2156 646 2191 μετανοήσῃ.
671 2155 702 2182 Εἰ
719 2155 747 2181 δὲ
761 2155 808 2181 καὶ
823 2155 940 2190 δεκάτην

147 2200 252 2235 βούλει,
273 2200 382 2235 λεχθείη
399 2200 447 2233 ἂν,
470 2201 511 2227 ὅτι
533 2200 627 2235 ἐπειδὴ
646 2201 670 2226 οἰ
689 2200 764 2235 νόμῳ
783 2200 830 2226 τοῦ
847 2201 938 2235 τιμίου

147 2247 240 2280 γάμου
257 2246 394 2278 συνιόντες
406 2246 435 2272 ἓν
449 2245 529 2281 σῶμα
541 2245 660 2280 γίνονται
690 2245 713 2281 (ι
733 2246 859 2272 Ἔσονται
873 2246 937 2282 γὰρ,

147 2293 243 2326 φησιν,
255 2292 279 2318 οἱ
288 2292 333 2318 δύο
341 2293 380 2324 εἰς
391 2292 480 2327 σάρκα
492 2293 565 2325 μίαν
573 2302 582 2318 ι
600 2292 639 2318 διὸ
647 2292 694 2318 καὶ
708 2292 724 2327 ἡ
734 2292 802 2326 γυνὴ
811 2292 858 2318 τοῦ
872 2292 937 2318 ἰδίου

147 2337 277 2372 σώματος
289 2338 338 2364 οὐκ
358 2338 519 2370 ἐξουσιάζει,
538 2337 595 2364 ἀλλ’
612 2338 626 2363 ό
647 2337 716 2372 ἀνήρ
731 2345 737 2352 ε
763 2337 817 2363 οὐδ’
839 2338 853 2363 ό
869 2338 938 2373 ἀνὴρ

145 2383 196 2410 τοῦ
214 2383 279 2410 ἰδίου
295 2383 420 2418 σώματος
434 2384 596 2416 ἐξουσιάζει,
612 2384 668 2410 ἀλλ’
685 2385 700 2419 ἡ
716 2383 809 2420 τυνή)”
826 2384 939 2415 εἰκότως

146 2431 160 2456 ό
175 2429 318 2464 πορνεύων
341 2429 391 2463 μὲν
412 2430 492 2465 ἀνὴρ,
511 2430 548 2461 εἰς
565 2430 615 2464 τὴν
637 2429 776 2464 γαμετὴν,
800 2430 938 2456 τουτέστιν

146 2477 189 2508 εἰς
208 2475 239 2501 τὸ
256 2475 320 2501 ἴδιον
345 2475 424 2509 σῶμα
454 2475 510 2510 (50)
541 2476 691 2510 ἁμαρτάνει
705 2484 712 2490 ·
728 2476 744 2510 ἡ
759 2475 787 2501 δὲ
808 2483 938 2510 πορδιευο-

154 2521 238 2557 μένη,
264 2521 304 2552 εἰς
317 2521 348 2547 τὸ
363 2521 428 2548 ἴδιον
442 2521 531 2556 σῶμα,
547 2522 683 2552 τουτέστι,
698 2521 742 2548 τὸν
757 2521 851 2557 ἄνδρα,
868 2521 947 2556 σῶμα

993 1614 1055 1634 vunt
1086 1606 1138 1634 erit
1149 1606 1175 1633 id
1190 1607 1262 1641 quod
1286 1613 1319 1633 ex
1344 1613 1376 1632 ea
1404 1609 1540 1632 nascetur.
1551 1604 1690 1638 Quomodo
1716 1611 1781 1639 ergo

994 1661 1046 1680 non
1081 1653 1107 1680 in
1133 1653 1252 1687 seipsutn
1279 1655 1384 1686 peccat,
1399 1651 1445 1685 qui
1477 1658 1585 1677 servum
1603 1651 1701 1684 satagit
1715 1657 1779 1684 pro-

992 1699 1108 1726 creare?
1131 1698 1159 1726 Si
1181 1703 1208 1725 et
1232 1697 1388 1732 septimam,
1406 1697 1466 1723 vide
1478 1697 1548 1731 quod
1562 1696 1645 1722 etiam
1665 1696 1690 1722 id
1709 1696 1780 1729 quod

992 1752 1024 1771 ex
1052 1744 1097 1771 tali
1126 1743 1268 1778 complexu
1299 1743 1430 1775 nascitur,
1461 1741 1624 1769 contumelia
1652 1741 1779 1772 afﬁcitur,

992 1789 1089 1824 quippe
1103 1788 1173 1823 quod
1191 1788 1302 1815 nothum
1330 1794 1362 1814 ac
1390 1787 1511 1821 Spurium
1527 1790 1647 1818 vocetur,
1660 1790 1687 1812 et
1701 1786 1780 1819 igno-

992 1835 1074 1862 minia
1090 1835 1190 1869 ttbique
1208 1833 1329 1861 locortnn
1346 1837 1456 1860 notetur
1474 1841 1481 1860 :
1500 1836 1527 1859 et
1541 1832 1599 1859 sive
1621 1832 1647 1858 in
1663 1839 1780 1858 scnacu-

991 1882 1045 1909 lutn
1058 1881 1114 1908 sive
1128 1881 1154 1908 in
1165 1880 1295 1915 judicium
1320 1879 1498 1914 ingrediatur,
1514 1879 1576 1906 inde
1592 1879 1752 1905 exturbatur
1770 1887 1778 1905 :

991 1935 1044 1962 quo
1061 1927 1119 1962 ipso
1145 1927 1227 1954 etiam
1256 1926 1442 1961 genitor-ejus
1472 1925 1561 1960 probri
1578 1929 1604 1951 et
1626 1924 1781 1959 ignominiae

992 1973 1127 2008 particeps
1141 1973 1182 2000 fit.
1199 1972 1401 2000 Monumentum
1419 1971 1490 1998 enim
1525 1978 1581 1997 sua:
1610 1970 1728 1996 libidinis
1748 1978 1780 1997 ae

992 2017 1110 2044 lasciviae
1130 2020 1190 2052 post
1218 2024 1248 2044 se
1274 2016 1395 2051 reliquit.
1415 2015 1443 2043 Si
1457 2023 1521 2043 vero
1548 2015 1630 2042 etiam
1656 2020 1779 2042 octavam

991 2062 1127 2098 (requiris
1152 2062 1435 2096 interpretationem),
1464 2062 1651 2088 examinemus
1675 2066 1702 2088 et
1729 2061 1782 2088 hoc

991 2110 1062 2144 quod
1080 2110 1186 2137 dicetur
1203 2119 1208 2137 :
1224 2110 1291 2143 Quia
1306 2110 1351 2144 qui
1366 2109 1528 2140 fornicatur,
1545 2116 1626 2135 ttnunt
1649 2108 1779 2142 quiddam

991 2163 1052 2182 cum
1070 2162 1100 2181 ea
1116 2155 1154 2187 fit.
1166 2162 1228 2182 cum
1249 2163 1302 2189 qua
1329 2163 1359 2182 se
1389 2155 1559 2185 commiscet,
1574 2153 1644 2187 quod
1673 2154 1781 2188 propria

993 2208 1041 2227 sua
1058 2201 1178 2228 membra
1195 2200 1276 2228 faciat
1299 2201 1381 2228 scorti
1402 2200 1523 2227 membra
1540 2209 1546 2226 :
1564 2201 1589 2227 iu
1605 2200 1780 2234 semetipsum

994 2254 1086 2273 revera
1115 2251 1218 2281 peccat.
1235 2246 1301 2273 Nam
1335 2247 1408 2274 cmde
1433 2248 1540 2282 quidem
1569 2247 1688 2274 nonnulli
1713 2247 1781 2274 bene

994 2293 1032 2320 usi
1055 2297 1132 2324 sunt,
1156 2297 1184 2319 ιιι
1214 2292 1301 2320 Moses
1325 2298 1352 2320 el
1369 2293 1544 2327 Phinees;et
1568 2293 1618 2326 ira,
1636 2293 1732 2320 l’etrus
1754 2296 1781 2319 et

994 2338 1111 2370 Paulus;
1129 2338 1308 2366 fornicatione
1332 2344 1421 2366 autem
1455 2346 1534 2366 nemo
1562 2347 1679 2373 unquam
1710 2339 1778 2366 liene

994 2391 1058 2411 usus
1069 2389 1120 2411 est.
1138 2383 1195 2417 Qua
1213 2385 1245 2411 de
1270 2392 1352 2411 causa
1379 2384 1461 2412 etiam
1485 2384 1571 2419 ipsum
1590 2385 1634 2418 qui
1653 2389 1779 2418 stuprum

992 2434 1090 2465 patrat,
1106 2431 1210 2464 polluit.
1223 2430 1307 2466 486
1320 2430 1407 2458 Taceo
1433 2431 1516 2462 enim.
1535 2431 1605 2466 quod
1620 2438 1677 2462 eos,
1690 2430 1734 2464 qui
1753 2430 1780 2456 in

993 2476 1062 2503 bello
1077 2477 1165 2503 aedes
1178 2478 1361 2510 committunt,
1377 2478 1459 2505 etiam
1474 2477 1606 2504 columnis
1627 2482 1654 2504 et
1677 2484 1780 2510 prmco—

1002 2521 1054 2548 niis
1072 2522 1167 2556 dignos
1190 2527 1217 2549 et
1246 2522 1418 2550 honorandos
1432 2528 1554 2551 censent.
1567 2522 1642 2555 Quod
1659 2522 1682 2549 si
1697 2522 1780 2549 etiam

707 2598 824 2626 VARl/E
844 2597 1036 2626 LECTIONES
1058 2598 1101 2626 ET
1117 2598 1232 2626 NOTAE.

186 2668 242 2704 (‘27)
259 2668 331 2702 Haec,
345 2667 374 2694 οὺ
397 2667 509 2704 μόνονκ.)
532 2666 690 2704 κωλυούσης
706 2675 761 2695 om.
779 2667 821 2695 ed.
844 2667 929 2695 Paris.

146 2702 318 2738 Suppln-ntur
331 2711 364 2738 ex
378 2702 471 2738 codice
485 2702 574 2738 vatio.
589 2702 641 2729 650
654 2703 732 2730 Εοιτ.

186 2736 243 2773 (28)
265 2739 332 2766 Καθ’
353 2737 368 2764 ὃ
384 2736 449 2771 δρᾷ,
464 2737 512 2763 καὶ
535 2737 655 2771 πάσχει.
675 2738 722 2764 Ms.
742 2737 802 2764 καθ’
816 2737 855 2769 ὃν,
883 2744 934 2773 non

147 2772 345 2802 reﬂeiNotnm
363 2778 404 2799 est
420 2773 484 2799 illud
507 2777 594 2802 vetus.
610 2773 646 2799 Τὸ
655 2773 761 2807 δρῶντα
777 2772 816 2798 δεῖ
834 2780 861 2798 τι
888 2772 935 2798 καὶ

146 2809 258 2836 παθεῖν,
274 2807 370 2834 Nolunt
394 2812 421 2834 et
436 2807 606 2842 physicorum
632 2809 804 2834 CUIISt‘nlil'liS
824 2807 932 2841 dogma.

148 2845 188 2872 Eu
202 2850 227 2870 et
244 2845 287 2870 hic
303 2842 436 2876 respicere
455 2842 558 2867 videtur
575 2842 700 2869 Isidorus.
719 2843 800 2870 ltu-r.

186 2879 242 2915 (‘29)
263 2878 315 2906 Καὶ
344 2877 604 2910 ἑνβοιιίευτηρίῳ,
625 2877 672 2903 κ(ιί
693 2878 726 2904 ἐι·
742 2878 930 2911 δικαστηρίῳ.

985 2666 1037 2693 Pro
1063 2667 1091 2693 ἐν
1124 2672 1238 2701 utroque
1268 2667 1326 2693 loco
1346 2666 1389 2692 hic
1413 2664 1596 2701 reponendum
1619 2670 1718 2690 censeo
1741 2663 1777 2690 εἰ.

989 2701 1080 2728 Possis
1105 2698 1317 2729 ctiam-retento
1352 2702 1380 2726 ἐν
1413 2698 1476 2726 ante
1502 2698 1611 2734 εἰσέλθῃ
1648 2705 1779 2733 reponere

989 2737 1116 2764 omissum
1137 2737 1178 2763 ἄν.
1201 2736 1237 2763 ll).

1025 2772 1079 2806 (50)
1095 2771 1159 2804 Quze
1185 2775 1334 2805 sequuntur
1357 2774 1413 2806 post
1433 2769 1499 2806 ἴδιον
1521 2768 1616 2806 σῷιωιἶ
1639 2767 1778 2806 nimirum,

989 2802 1157 2841 ἁμαρτάνει·
1176 2802 1234 2841 ἡδὲ
1259 2802 1457 2841 πορνευομένη,
1477 2804 1516 2835 εἰς
1537 2803 1664 2841 τὲίνῖδιον¹
1677 2802 1776 2841 σῶμα,

990 2836 1059 2903 hiet-,1
1072 2836 1192 2875 inquam;
1206 2836 1301 2868 «ιιιιιιίιί
1310 2845 1337 2867 ιιι
1350 2836 1485 2874 stipa-illita
1498 2838 1622 2866 cod.\’at.
1634 2838 1685 2866 650
1696 2836 1779 2865 omit-

990 2878 1030 2903 tit.
1063 2879 1153 2903 ὀδμῇ.

990 2878 1030 2904 tit.
1051 2878 1153 2904 Possm.
