2040 3161
134 170 201 204 1213

559 174 825 205 EPIS’TiriLkR-UM
848 176 920 205 LIB.
942 177 989 206 [Υ.
1012 190 1043 194 -
1061 178 1177 208 EPIST.
1198 179 1342 209 CXXXII.

1693 171 1758 206 ιξιι

133 229 188 256 τῶν
199 227 327 255 ἐναντίων
339 228 403 265 ἐχορ
409 238 449 262 ιν,
460 229 492 256 δι’
503 230 535 266 ῆν
546 230 743 265 ἑκροτήθησαν,
758 231 921 263 ἐννοοῦντες,

976 233 1091 259 dilorum
1112 233 1335 265 benevolentiam,
1349 240 1401 260 non
1415 233 1562 260 amicitiam
1579 239 1641 266 erga
1654 238 1693 264 sc,
1706 239 1758 258 unn

133 276 166 302 οὐ
192 275 271 310 μόνον
288 275 340 302 ὑπὸ
358 276 412 302 τῶν
437 276 542 311 κρότων
565 276 769 311 πτερωθέντες,
793 278 860 304 ἀλλὰ
875 279 923 305 καὶ

133 321 185 348 ὑπὸ
203 321 346 356 φιλαυτίας
361 321 517 356 μεθύοντες,
532 323 561 349 οὺ
578 323 631 358 μὴν
644 323 711 350 ἀλλὰ
725 325 771 350 καὶ
788 324 840 350 ὑπὸ
858 333 924 360 προ-

132 367 240 402 λήψεως
259 368 466 404 κεχειρωμένοι,
484 368 677 404 δογματίζουσι
693 369 826 402 πολλάκις
842 370 924 403 ἄδοξα

131 421 191 439 τινα
214 413 262 439 καὶ
278 413 471 446 καταγέλαστα
487 414 628 449 δόγματα·
651 414 749 441 ἔπειτα
760 436 767 448 ,
782 415 840 442 δέον
855 416 923 452 μηδὲ

133 458 175 484 διὰ
205 458 328 493 γλώττης
355 459 563 495 προφέρεσθαι,
585 460 732 495 κρατύνειν
761 462 921 496 πειρῶνται.

133 503 192 539 Χρὴ
207 503 353 539 τοιγαροῦν
366 505 429 535 τοὺς
444 505 473 531 ὲν
490 506 545 537 τοῖς
565 506 679 532 τοιοῖσδε
703 507 792 541 λόγοις
808 507 923 541 φοιτῶν-

133 557 191 581 τις,
210 548 394 583 γινώσκοντας
405 570 411 579 .
426 550 466 576 ὅτι
482 550 547 585 περὶ
561 550 652 586 ψυχῆς
666 551 739 578 ἐστιν
756 553 770 578 ὁ
785 552 921 585 κίνδυνος,

134 595 180 620 καὶ
194 595 234 621 ὅτι
251 595 301 629 τῆς
319 595 449 630 ἀληθείας
463 596 540 622 οὐδὲν
555 597 798 633 προύργιαίτερον
822 599 852 624 οὺ
870 598 922 634 μὴν

133 640 160 666 δὲ
173 640 241 667 ἀλλὰ
251 640 297 666 καὶ
316 640 476 673 ἐννοοῦντας
495 641 530 668 τὰ
547 642 636 675 κακὰ,
652 643 687 669 τὰ
701 643 733 670 ὲκ
757 645 807 678 τῆς
822 643 923 679 ἔχθρας

134 686 180 711 καὶ
194 687 243 718 τῆς
261 685 423 721 προλήψεως
436 687 598 722 τικτόμενα,
615 689 722 720 κοινοὺς
743 689 792 724 μὲν
809 690 922 721 ἑαυτοὺς

136 732 268 767 παρέχειν
293 733 349 758 τοῖν
373 731 510 766 λεγόντοιν
536 734 689 769 ἀκροατὰς,
705 735 736 761 οὺ
759 735 812 770 μὴν
830 736 920 767 ἴσους·

133 777 192 803 ἔστι
207 777 228 802 δ’
250 777 279 803 οὔ
300 777 411 808 ταυτὸν,
432 777 470 809 ὡς
483 777 584 804 οἴονταί
604 787 686 810 τινες.
700 780 783 814 Κοινῇ
801 779 851 813 μὲν
867 779 922 814 γὰρ

132 823 187 856 χρὴ
201 822 351 856 ἀκροᾶσθαι
367 822 530 858 ἀμφοτέρων
541 832 548 838 '
564 824 595 850 οὺ
612 824 665 859 μὴν
685 824 809 859 ἑκατέρῳ
827 824 922 858 νέμειν

133 868 164 893 τὸ
187 869 260 895 ἴσον·
281 868 348 894 ἀλλὰ
370 868 408 903 τῷ
433 869 483 904 μὲν
501 870 677 905 συνετωτέρῳ
703 871 813 905 μᾶλλον,
839 870 878 905 τῷ
890 871 920 897 ’δὲ

974 277 1189 303 alrersariorum
1206 277 1309 308 odium,
1328 284 1395 311 quas
1410 277 1444 304 ob
1468 285 1512 304 res
1539 276 1648 311 plausus
1670 279 1697 301 et
1715 279 1758 300 tu-

974 322 1074 348 multus
1090 322 1198 348 excitati
1216 327 1289 352 sunt.
1306 322 1466 356 cogitantes,
1477 329 1529 348 non
1548 321 1635 347 solum
1648 320 1760 354 applau-

973 368 1048 395 sibus
1061 367 1213 394 istiusmodi
1229 367 1306 398 elati,
1323 367 1370 394 sed
1385 368 1467 394 etiam
1483 374 1575 393 amore
1587 366 1627 393 sui
1642 365 1760 392 inebria-

973 413 1006 445 ti,
1021 414 1085 448 quin
1102 417 1129 440 et
1158 412 1192 439 ab
1214 412 1361 446 anticipata
1382 412 1470 446 aliqua
1498 412 1626 445 opinione
1648 411 1758 441 devicti.

973 466 1044 493 sa-pe
1055 458 1170 485 absurda
1185 462 1266 492 atque
1285 456 1398 484 ridicula
1426 458 1547 490 qumdam
1573 456 1697 490 dogmata
1713 462 1760 481 ex-

973 505 1092 540 cogitant
1111 510 1138 533 et
1156 504 1282 537 tradunt;
1299 503 1396 531 deinde
1419 511 1478 530 cum
1497 510 1529 529 ne
1546 502 1653 536 quidem
1667 503 1756 535 lingua

973 551 1088 587 proferri
1103 558 1133 578 ea
1150 549 1444 585 oportuerit,obtinere
1462 549 1544 575 etiam
1574 547 1617 574 illa
1645 552 1760 574 conten-

973 598 1050 625 dunt.
1068 596 1133 630 Qua:
1149 605 1209 625 cum
1225 597 1260 623 ita
1287 597 1352 627 sint,
1367 600 1475 630 oportet
1500 593 1632 629 ejusmodi
1662 593 1761 619 doctri-

973 650 1068 670 narum
1081 642 1228 674 studiosos,
1238 649 1300 668 cum
1315 641 1415 673 sciant,
1430 640 1547 666 animam
1561 638 1605 665 hic
1618 638 1643 664 in
1664 637 1761 664 discri-

973 689 1045 716 mine
1075 687 1189 719 versari,
1218 692 1245 714 et
1274 686 1388 713 veritate
1420 685 1486 712 nihil
1511 683 1691 717 prtcslaliilius
1715 687 1762 708 aut

973 734 1113 769 antiquius
1125 741 1196 765 esse,
1216 737 1350 767 praeterea
1363 732 1444 758 etiam
1469 731 1619 764 cogitantes
1632 736 1661 756 ea
1681 728 1759 758 mala,

973 788 1032 816 qute
1045 788 1076 807 ex
1087 781 1148 806 odio
1175 785 1201 806 et
1221 779 1369 813 anticipata
1387 778 1515 812 opinione
1529 776 1668 806 oriuntur,
1684 782 1760 800 com—

973 832 1067 852 munes
1091 824 1198 858 quidem
1225 831 1254 851 se
1286 824 1405 857 prmberc
1438 821 1584 848 dicentium
1609 819 1759 850 auditores;

974 878 1026 897 non
1041 875 1129 897 tamen
1146 869 1274 903 aequales.
1298 868 1354 895 Non
1372 873 1412 895 est
1429 871 1518 894 autem
1533 875 1614 905 uuu‘m
1635 871 1662 893 et
1678 865 1760 896 idem.

132 913 316 948 ἀμαθεστέρῳ
334 911 416 950 ἦττον
429 923 435 929 ·
454 915 502 941 καὶ
516 915 554 949 τῷ
571 916 620 950 μὲν
641 916 714 951 σοφῷ
728 917 866 947 ἐπαίνους,
881 916 920 951 τῷ

973 921 1001 942 ιιι
1017 916 1125 950 quidam
1146 915 1322 947 arbitrantur.
1337 913 1404 940 Nam
1421 917 1526 947 oportet
1537 913 1644 947 quidem
1659 915 1760 937 utrum-

131 960 159 985 δὲ
176 959 334 994 ἀπαιδεύτῳ
347 980 354 992 ,
367 961 391 986 εἰ
407 961 457 995 μὲν
470 961 522 988 ὑπὸ
532 961 624 996 ψόγων
640 959 697 991 οἷός
712 972 742 989 τε
756 963 798 998 εἴη
814 971 918 997 σωφρο-

132 1005 277 1040 νισθῆναι,
291 1006 409 1041 ψόγους·
427 1007 451 1033 εί
469 1007 498 1033 δὲ
518 1007 567 1042 μὴ.
585 1009 676 1043 σιγήν.
699 1008 792 1035 Ταῦτα
809 1008 858 1043 μὲν
874 1006 921 1034 οὖν

132 1052 197 1086 περὶ
214 1051 269 1078 τῶν
283 1052 467 1087 ἀκροωμένων
490 1053 621 1088 εἰρήσθω.
637 1054 706 1085 Τοὺς
726 1054 754 1081 δὲ
771 1054 900 1087 λέγοντας
913 1075 920 1086 ,

133 1097 359 1132 πρεπωδέστερον
369 1096 439 1124 εἶναι
448 1106 530 1132 φημι,
543 1098 727 1134 ἀμφισὸητεῐν
739 1099 798 1134 μὲν,
811 1099 849 1134 μὴ
859 1099 921 1134 ἐρε-

132 1141 218 1173 θίζειν
229 1142 285 1177 (56)
300 1142 337 1169 δέ.
358 1142 575 1178 Ἀμφισὸητοῦσι
587 1143 636 1179 μὲν
644 1144 698 1179 γὰρ
712 1143 841 1176 πολλάκις
856 1145 922 1181 πρὸς

132 1188 241 1222 φίλους·
259 1189 441 1223 φιλονεικοῦσι
458 1190 485 1216 δὲ
496 1192 520 1217 οἱ
534 1190 687 1226 δυσμενεῖς.
703 1190 781 1217 Οὕτω
791 1191 844 1226 γὰρ
857 1192 922 1218 καλ-

132 1234 211 1269 λίστη
223 1235 268 1261 καὶ
276 1235 475 1270 ὠφελιμωτάτη
486 1237 502 1270 ἡ
516 1235 645 1263 συνουσία
659 1237 714 1266 τοῖς
725 1244 754 1262 τε
772 1236 919 1271 φράζουσι,

131 1282 190 1313 τοῖς
207 1281 231 1307 τ’
254 1281 382 1308 ἀκούουσι
407 1283 564 1316 γενήσεται.
590 1282 624 1308 Οἵ
645 1290 674 1308 τε
695 1281 748 1317 γὰρ
774 1281 919 1315 λέγοντες,

133 1326 254 1359 μάλιστα
274 1326 307 1353 ἂν
334 1327 362 1353 ὲν
380 1328 438 1357 τοῖς
461 1326 648 1362 ἀκροωμένοις
672 1326 759 1359 οὕτως
783 1327 922 1362 εὐδόκιμοι

131 1369 204 1406 ἦσαν
225 1372 286 1407 μὲν,
307 1372 358 1399 οὐκ
381 1372 535 1400 ἐπαινοῖντο
560 1372 599 1400 δέ.
623 1373 767 1408 Εὐδὸκιμοι
796 1373 844 1408 μὲν
868 1373 922 1408 γάρ

131 1417 191 1444 ἐστι
211 1418 314 1453 κυρίως
330 1418 360 1444 τὸ
381 1418 516 1453 ἀποδοχῆς
537 1418 679 1452 ἀξιοῦσθαι
700 1419 728 1444 ὲν
741 1420 802 1450 ταῖς
823 1418 922 1453 ψυχαῖς

130 1463 187 1489 τῶν
203 1464 366 1496 ἀκουόντων,
384 1466 446 1493 ταῖς
468 1465 533 1492 ἄνευ
558 1464 667 1498 ἀπάτης
690 1465 847 1495 ἀδεκάστως
869 1464 920 1495 τὰς

131 1509 239 1543 ψήφους
256 1509 411 1543 φερούσαις·
423 1509 646 1544 ἐγκωμιάζεσθαι
659 1510 687 1535 ἐν
708 1508 778 1543 λόγῳ
793 1508 923 1540 πολλάκις

131 1554 279 1580 κολακείαν
302 1555 428 1586 πνέοντι,
451 1556 497 1581 καὶ
522 1555 605 1590 μηδὲν
631 1554 801 1589 ἀληθεύοντι.
833 1554 866 1580 Οἵ
892 1562 922 1580 τε

131 1600 278 1632 ἀκούοντες
291 1601 408 1636 μάλιστα
419 1601 607 1636 εὑφραὶνοιντο
621 1601 681 1636 μὲν,
696 1601 744 1635 οὐχ
758 1600 866 1636 ἥδοιντο
881 1600 920 1626 δέ.
937 1587 958 1616 C

131 1646 334 1682 Εὔφραίνεσθαι
355 1647 406 1682 μὲν
426 1647 480 1682 γάρ
500 1648 569 1678 ἐστι,
584 1647 614 1674 τὸ
628 1647 723 1682 μαθεῖν
737 1656 763 1673 τι
785 1648 839 1673 τῶν
856 1647 922 1673 καλ-

131 1693 244 1725 λίστων,
262 1694 308 1719 καὶ
322 1694 371 1728 τὴν
388 1693 520 1728 φρόνησιν
531 1693 577 1719 ἐπὶ
589 1693 619 1719 τὸ
638 1693 749 1728 ἄμεινον
768 1693 902 1728 ἁκονῆσαι
913 1701 919 1707 '

133 1739 247 1774 ἥδεσθαι
264 1739 307 1772 δὲ,
323 1739 449 1766 ἐσθίοντα
469 1740 485 1774 ἦ
503 1748 529 1766 τι
548 1739 668 1766 τοιοῦτον
689 1739 921 1775 διαπραττόμενον

130 1785 178 1813 διὰ
193 1784 240 1811 τοῦ
259 1785 394 1820 σώματος.
409 1784 504 1812 Ταῦτα
521 1785 660 1820 κεκρίσθω
671 1793 677 1799 ·
695 1785 781 1812 ταῦτα
795 1785 919 1820 ὡρίσθω-

130 1831 218 1858 ταῦτα
230 1831 413 1866 πεφυλάχθω·
432 1832 478 1858 καὶ
497 1831 581 1867 πολλὴ
601 1832 720 1862 ἐπίδοσις
740 1832 815 1858 ἔσται
830 1832 860 1858 οὺ
873 1831 921 1867 μό-

132 1886 178 1904 νον
195 1878 224 1904 ὲν
244 1879 301 1909 τοῖς
319 1877 507 1913 ἀκροωμένοις
524 1878 564 1910 εις
580 1878 692 1912 ἀρετὴν,
710 1877 778 1904 ἀλλὰ
803 1878 850 1904 καὶ
865 1879 921 1909 τοῖς

131 1923 222 1957 λέγειν
238 1924 419 1959 πειρωμένοις
432 1925 472 1956 εἰς
485 1924 655 1958 φιλοσοφίαν.

973 970 1024 995 que
1037 962 1219 990 communiter
1234 961 1348 993 audire;
1365 969 1417 987 non
1437 965 1525 986 tamen
1554 959 1661 992 utrique
1671 965 1761 991 mqua-

973 1008 1077 1036 litatem
1100 1008 1229 1040 tribuere,
1246 1008 1293 1034 sed
1307 1006 1474 1040 prudentiori
1503 1004 1598 1039 magis,
1618 1001 1761 1029 indoctiori

972 1061 1036 1081 vero
1049 1054 1158 1086 minus;
1181 1058 1209 1081 et
1234 1052 1352 1087 sapienti
1378 1051 1487 1086 quidem
1513 1049 1616 1080 laudes,
1630 1049 1762 1075 rudivero

973 1105 1056 1134 atque
1072 1099 1210 1132 imperito,
1223 1099 1246 1125 si
1264 1099 1372 1131 quidem
1392 1097 1646 1134 reprehensionibus
1662 1097 1761 1129 corrigi

972 1145 1166 1179 emendarique
1193 1145 1291 1179 possit,
1324 1145 1549 1180 reprehensiones
1568 1153 1574 1171 :
1592 1143 1633 1170 sin
1662 1143 1761 1175 minus,

973 1191 1108 1218 silentium
1125 1191 1264 1218 adhibere.
1283 1191 1344 1218 llaec
1357 1191 1439 1226 igitur
1456 1191 1489 1218 de
1501 1190 1670 1217 auditoribus
1685 1189 1755 1216 dirta

973 1242 1063 1264 sunto.
1082 1237 1168 1265 Porro
1196 1238 1268 1272 quod
1295 1239 1327 1264 ad
1356 1245 1403 1264 eos
1418 1237 1463 1272 qui
1483 1237 1578 1264 dicunt
1595 1236 1702 1264 attinet.
1719 1235 1762 1262 aio

973 1283 1045 1318 ipsos
1062 1285 1180 1311 maxime
1195 1284 1292 1311 decere
1317 1284 1466 1311 modestam
1491 1283 1761 1312 dubitationem,non

973 1332 1062 1355 autem
1080 1329 1198 1355 rixosam
1214 1329 1429 1355 contentionem.
1449 1329 1526 1362 Sarpe
1550 1328 1621 1355 enim
1638 1327 1670 1354 ad
1687 1327 1756 1354 ami-

974 1382 1020 1402 cos
1035 1374 1173 1409 ambigere
1188 1375 1276 1401 solent
1301 1375 1424 1402 homines
1438 1384 1445 1402 :
1462 1374 1683 1402 contentionibus
1698 1381 1761 1399 vero

973 1420 1038 1447 dant
1053 1428 1162 1454 cperant
1179 1421 1291 1448 inimici.
1304 1421 1366 1448 lla-0,
1378 1421 1460 1456 igitur
1485 1420 1666 1455 pulcherrima
1680 1424 1761 1452 atque

973 1466 1117 1493 utilissima
1133 1467 1184 1494 erit
1203 1468 1384 1499 conversatio,
1403 1466 1475 1493 etiis
1491 1466 1536 1500 qui
1564 1466 1667 1496 dicuntI
1684 1471 1710 1492 ιιι
1730 1465 1763 1492 iis

973 1512 1018 1546 qui
1035 1512 1158 1538 audiunt.
1176 1511 1241 1538 Nam
1258 1517 1284 1538 et
1303 1513 1348 1547 qui
1371 1513 1473 1543 dicunt,
1493 1515 1528 1538 ita
1556 1512 1672 1538 maxime
1692 1511 1762 1545 apud

975 1565 1022 1584 eos
1037 1558 1083 1592 qui
1098 1557 1213 1584 audiunt
1228 1558 1382 1592 probabiles
1400 1564 1425 1585 et
1442 1559 1511 1593 grati
1533 1563 1621 1594 erum,
1640 1565 1694 1583 non
1712 1565 1762 1583 au-

975 1607 1028 1629 tem
1044 1602 1413 1630 laudabuntur.Prubabilem
1429 1603 1500 1629 enim
1516 1603 1638 1629 essehoc
1653 1602 1761 1636 proprie

975 1649 1055 1680 ρει,δί
1074 1649 1134 1683 quis
1147 1649 1172 1675 iu
1203 1650 1300 1676 animis
1324 1650 1489 1676 audientium
1513 1649 1708 1683 approbatione
1722 1648 1763 1674 di-

975 1701 1044 1727 gnus
1074 1701 1229 1725 censeatur,
1259 1696 1305 1729 qui
1338 1695 1398 1722 sine
1427 1695 1522 1721 fraude
1545 1703 1577 1722 ac
1605 1695 1763 1728 tlcCeptiotte

976 1740 1132 1775 incorrupte
1146 1740 1263 1768 calculos
1295 1740 1521 1770 ferunt.Laudari
1547 1748 1610 1768 vero
1637 1740 1763 1768 consistit

975 1785 1002 1812 in
1018 1786 1151 1817 oratione,
1171 1793 1230 1820 quze
1243 1793 1429 1821 smpenumero
1443 1786 1652 1813 assentationem
1666 1785 1762 1819 spirat,

975 1831 1096 1866 nihilque
1126 1833 1184 1859 veri
1212 1833 1237 1858 in
1262 1840 1291 1859 se
1316 1832 1448 1859 continet.
1476 1831 1509 1858 Et
1533 1839 1598 1859 vero
1626 1831 1766 1858 auditores

975 1879 1092 1905 maxime
1109 1878 1216 1912 quidem
1233 1877 1404 1910 laetabuntur,
1415 1885 1467 1905 non
1486 1882 1574 1904 autem
1588 1876 1759 1904 delectabun-

975 1928 1028 1951 tur.
1055 1923 1101 1950 Est
1128 1924 1199 1951 enim
1221 1924 1319 1956 ltctari,
1335 1924 1440 1951 discere
1463 1923 1563 1958 aliquid
1595 1931 1684 1950 rerum
1704 1922 1761 1956 pul-

129 1971 328 1998 eherrimarum
353 1975 380 1999 et
407 1972 660 1999 houeslissimarum
680 1980 687 1998 :
703 1971 840 2005 idelectari
856 1978 919 1999 vero
938 1971 1113 2005 suaviterque
1144 1971 1213 1998 allici
1231 1976 1282 2004 est,
1300 1971 1363 1998 dum
1388 1971 1448 2005 quis
1482 1970 1610 2002 comedit,
1628 1975 1674 1996 aut
1689 1969 1765 2004 quid-

131 2017 203 2050 piam
218 2017 306 2044 simile
319 2024 367 2052 per
385 2025 482 2053 corpus
498 2018 562 2053 agit.
580 2016 642 2045 llaec
665 2017 701 2044 ita
718 2017 836 2051 iudicata
851 2018 917 2050 sint,
937 2017 995 2044 haec
1014 2017 1135 2048 deﬁnita,
1152 2017 1209 2044 haec
1242 2016 1439 2044 observentur:
1470 2017 1510 2044 sic
1529 2016 1648 2044 futurum
1664 2021 1716 2047 est.
1735 2020 1763 2042 ut

131 2069 228 2097 magna
243 2070 295 2089 non
323 2063 411 2090 solum
431 2064 456 2091 in
480 2065 650 2092 auditoribus
671 2065 704 2092 ad
720 2064 858 2098 virtutem,
870 2064 918 2092 sed
937 2064 1020 2092 etiam
1037 2065 1063 2091 in
1094 2064 1128 2092 iis
1142 2064 1187 2099 qui
1202 2065 1308 2092 dicendi
1343 2065 1433 2091 studio
1455 2068 1591 2097 tenentur,
1607 2063 1639 2090 ad
1651 2062 1761 2097 sapien-

131 2109 209 2140 tiam,
225 2110 271 2138 fiat
285 2112 418 2139 accessio.

380 2170 464 2197 mea
485 2185 519 2190 —
538 2171 667 2206 ΠΑΥΛῼ.

130 2215 196 2242 Ὀτι
214 2217 270 2243 οὐκ
282 2214 322 2251 ἦν
335 2216 561 2253 συμφέροιῂτῷν
575 2217 695 2244 πάντων
709 2217 822 2253 γνῶσιν
838 2217 920 2252 ἔχειν

479 2252 569 2286 ἡμᾶς.

168 2308 278 2334 Πολλῶν
302 2307 504 2344 προσλημάτων
524 2308 608 2343 ἐσμὸν
630 2309 769 2344 συντόμως
792 2309 918 2335 ἐπιλῦσαι

131 2353 313 2388 πειράσομαι.
330 2353 403 2388 Φημὶ
426 2353 525 2385 τοίνυν,
541 2353 582 2388 ᾆτι
606 2354 622 2388 ἡ
642 2354 713 2388 θήρα
729 2356 778 2389 τῆς
792 2353 919 2388 γνώσεως

130 2399 187 2425 τῶν
205 2398 358 2434 μελλόντων
375 2400 440 2433 ἡμῖν
455 2400 527 2426 κατὰ
549 2399 624 2425 τόνδε
637 2400 681 2426 τὸν
696 2400 752 2434 βίον
768 2399 783 2435 ἢ
803 2401 919 2435 πράττεο

130 2445 194 2472 σθαι
217 2445 234 2480 ἢ
260 2444 429 2480 συμϐαίνειν,
449 2444 498 2471 κᾶν
522 2446 546 2471 εἰ
574 2445 643 2479 (57),
659 2445 696 2477 ὡς
720 2445 803 2480 ἔφης,
820 2446 918 2480 ἐφικτὴ

128 2490 176 2516 καὶ
193 2491 343 2526 ἁλώσιμος.
359 2491 499 2523 παντελῶς
514 2491 560 2518 καὶ
579 2492 718 2527 ἀνωφελὴς
737 2493 783 2519 καὶ
799 2493 919 2527 σφαλερὰ

129 2535 271 2570 τυγχάνει.
291 2535 321 2562 ΕΞ
336 2535 384 2570 μὲν
399 2535 452 2571 γὰρ
464 2536 513 2562 οὐκ
530 2536 587 2562 ἐστι
605 2536 783 2570 φυλάξασθαι,
797 2537 919 2572 ἀφαιρεί-

131 2590 177 2608 ται
204 2580 284 2616 ἡμῶν
311 2582 360 2616 τὴν
381 2581 449 2617 πρὸς
474 2581 507 2608 τὰ
533 2582 722 2617 συμπίπτοντα
749 2591 922 2618 παρασκευα-

132 2627 231 2663 σθῆναι
246 2627 406 2662 ὀφείλουσαν
427 2628 537 2664 ἀρετήν.
554 2628 607 2654 Τοῦ
630 2628 683 2664 γὰρ
708 2629 923 2664 προσπίπτοντος

131 2673 291 2709 ἀδοκήτως,
315 2673 390 2699 οὐδὲν
415 2673 500 2705 οὕτως
517 2674 565 2709 τὴν
588 2673 776 2710 εὐθημοσύνην
800 2674 922 2710 πορίζειν

1217 2170 1346 2199 CXXXII.
1367 2187 1398 2192 -—-
1413 2170 1536 2198 PAULO.

976 2210 1037 2245 Non
1055 2218 1137 2252 fuisse
1154 2227 1185 2245 ex
1201 2227 1249 2245 usu
1274 2222 1375 2247 nostra,
1390 2222 1416 2243 ut
1436 2217 1551 2243 omnium
1574 2223 1662 2242 rerum
1677 2215 1766 2249 cogni-

1207 2254 1277 2280 tione
1294 2252 1399 2287 prwditi
1412 2259 1536 2278 essemus.

1024 2311 1167 2338 Multarum
1205 2309 1384 2345 qumslionum
1426 2308 1533 2335 turbam
1575 2307 1764 2341 compendiose

972 2354 1056 2390 488
1070 2355 1174 2382 solvere
1192 2355 1320 2381 conabor.
1341 2353 1391 2380 Aio
1419 2353 1511 2387 igitur,
1529 2352 1763 2385 investigatimrem

971 2403 1136 2438 cognitionis
1145 2410 1237 2429 earum
1256 2410 1358 2434 rerum,
1374 2410 1434 2436 qua!
1451 2402 1527 2428 nobis
1543 2401 1567 2427 in
1585 2402 1633 2427 har
1650 2400 1702 2426 vita
1720 2403 1766 2426 aut
1811 2414 1816 2418 -

972 2449 1093 2484 agendae,
1110 2453 1157 2476 aut
1180 2454 1317 2476 eventura:
1342 2453 1456 2479 restant,
1474 2447 1663 2482 quanttunvis,
1682 2452 1710 2472 ut
1725 2446 1766 2472 iu—

971 2493 1096 2528 quiebas,
1112 2490 1175 2521 Eam
1189 2494 1296 2528 assequi
1313 2498 1393 2528 atque
1420 2493 1651 2528 comprehendere
1669 2498 1762 2526 possc-

973 2547 1041 2572 mns,
1056 2543 1083 2566 et
1095 2539 1215 2566 inutilem
1231 2544 1318 2566 tamen
1337 2540 1448 2567 omnino
1459 2545 1484 2566 et
1496 2538 1673 2573 periculosam
1687 2544 1758 2563 esse.

973 2585 1038 2612 Nam
1056 2585 1078 2611 si
1096 2585 1177 2612 vitari
1193 2590 1341 2619 nequeunt,
1364 2584 1532 2620 prmseientia
1548 2583 1592 2610 illa
1611 2582 1699 2608 aufert
1715 2588 1762 2608 no-

977 2629 1019 2656 bis
1030 2637 1101 2662 eam,
1117 2637 1178 2666 quae
1204 2630 1334 2656 adversus
1362 2637 1451 2661 casus,
1465 2627 1510 2662 qui
1534 2626 1611 2654 nobis
1627 2625 1763 2654 accidunt.

978 2675 1085 2702 fortiter
1103 2675 1229 2702 ferendos
1260 2675 1356 2702 instrui
1383 2675 1472 2705 debet,
1490 2673 1627 2699 virtutem.
1641 2669 1713 2697 Nihil
1725 2672 1764 2696 est

681 2765 795 2793 VARIE
814 2764 1004 2792 LECTIONES
1021 2764 1064 2792 ET
1085 2764 1201 2793 NOTIE.

172 2846 230 2878 (56)
248 2843 301 2870 Pro
316 2842 448 2878 ἐρεθίζειν
466 2845 534 2871 idem
547 2846 604 2872 cod.
624 2845 699 2872 habet
719 2845 827 2880 ἐρίζειν.
844 2845 920 2872 Vers.

132 2885 159 2906 et
179 2881 264 2907 verbo
280 2880 328 2906 ult.
352 2887 394 2912 ep.
418 2879 573 2914 φιλοσοφίαν
601 2881 668 2906 idem
695 2881 794 2907 breviat
825 2881 849 2906 in
878 2890 918 2906 3r,-

979 2845 1052 2878 φίαν.
1071 2844 1176 2871 Possm.

1013 2880 1069 2913 (37)
1085 2879 1135 2906 Pro
1149 2879 1198 2905 κΞιν
1214 2880 1235 2904 εἱ
1248 2879 1306 2913 [uigil
1327 2877 1376 2903 xiv
1427 2876 1484 2901 rod.
1504 2874 1563 2901 Val.
1581 2873 1640 2900 650.
1659 2872 1698 2900 ID.
