2040 3161
178 184 240 212 1201

612 187 880 219 EPISTOLARUM
899 190 971 220 LIB.
993 191 1041 222 IV.
1058 203 1093 208 —
1113 191 1229 223 EPIST.
1250 193 1356 223 CXXV.

1727 191 1794 224 1202

176 234 237 265 Πῶς
250 233 329 283 δὲ..δί
342 234 458 270 ἁρμονία
472 236 510 272 (6)
523 237 576 273 εἴη,
594 239 633 272 εἰς
646 240 833 277 ἀναρμοστίαν
845 243 959 276 μεταπί-

1014 244 1154 277 Quomodo
1168 251 1257 274 autem
1272 267 1279 279 ,
1290 247 1318 274 si
1330 247 1469 275 harmonia
1491 248 1612 283 quamam
1636 251 1677 276 est
1692 247 1792 279 anima,

144 318 150 329 ε
176 288 248 311 πτει,
257 278 305 306 καὶ
315 279 432 315 ἄμουσον
446 283 494 308 και
507 283 611 319 ἀπηχὲς
622 286 749 313 ἀποτελεῖ
758 288 836 322 μέλος
847 297 854 321 ;
868 289 960 324 Ἡμὲν

175 325 227 359 γὰρ
238 325 320 360 ἀρετὴ
330 326 447 361 ἐμμελές
457 336 482 354 τι
491 329 538 356 και
547 331 716 366 ἐναρμόνιον·
726 333 776 368 ἡδὲ
788 334 870 360 κακία
878 334 961 369 ἄμου-

180 378 224 396 σον
239 370 286 397 κοιλ¹
305 370 419 406 ἀπηχές.
433 373 494 405 Πῶς
511 374 539 400 δὲ
551 375 671 403 ἐπαινεῖν
681 377 765 404 οἴεται
780 378 834 405 δεῖν
843 380 905 411 τοὺς
912 379 961 411 τὰς

176 417 330 452 ἐπιστήμας
340 418 488 452 μετιόντας,
496 420 523 446 εἴ
532 429 563 455 γε
573 421 626 448 ἀπὸ
640 423 764 457 κράσεως
775 422 829 451 εῐεν
840 426 943 452 τοιοῦτο
953 434 959 458 ;

178 461 238 493 Πῶς
245 461 274 488 δὲ
288 462 363 496 ψέξει
379 464 442 496 τοὺς
454 465 503 496 τὰς
523 468 730 503 ματαιοτεχνίας
741 470 961 506 μεταχειριζομέ-

175 515 246 539 νους,
258 508 281 533 εἰ
293 508 344 534 ὑπὸ
354 508 508 542 φύσεωςείς
517 511 601 538 ταῦτα
614 513 876 551 ἐπαιδοτριϐήθησαν
884 525 891 548 ;
900 516 961 549 Πῶς

175 551 202 578 δὲ
221 552 336 590 δοαὸάλῃ
350 554 395 581 τὸν
411 555 465 581 ἀπὸ
491 557 545 583 τῶν
560 558 704 593 εὐμόρφων
729 562 862 596 σωμάτων
883 571 961 597 πορι-

176 597 253 632 σμὸν,
268 599 325 633 εἴγε
339 600 356 635 ή
372 601 469 635 κρᾶσις
485 602 563 630 τοῦτο
580 605 760 641 προύξένησε;
778 606 839 638 [Ιῶς
853 607 881 633 δὲ
895 608 962 634 ἁποο

175 642 320 679 λογήσεται
337 647 399 681 περὶ
414 647 467 674 τῶν
482 649 542 675 καθ’
556 650 674 686 ἑκάστην
691 652 799 687 ἡμέραν
811 654 962 689 γινομένων

177 690 348 724 μεταϐολῶνς
369 693 463 719 Πολλοὶ
490 694 538 728 μὲν
555 696 608 732 γὰρ
630 697 752 732 ἀσελγεῖς
770 699 808 730 εις
822 699 962 734 σωφροσύ-

175 743 224 769 νην
235 735 390 771 ἀνὲπτησαν
400 746 407 754 ⁸
424 738 515 766 πολλοὶ
527 740 554 767 δὲ
573 741 709 778 σώφρονες
724 743 761 779 (7)
780 745 819 776 είς
835 745 961 779 λαγνείαν

177 782 426 811 κιταπεπτώκασιν
440 793 446 800 '
458 786 488 811 οὐ
505 786 558 822 γὰρ
570 787 600 822 δὴ
619 789 635 824 ἡ
649 790 747 823 κρᾶσις
761 790 798 825 (8)
817 791 960 825 μετέπεσε·

177 825 230 872 νεοι
242 826 296 862 γὰρ
310 827 385 859 ὅντες
403 830 475 861 τινὲς
489 831 535 857 καὶ
557 832 691 866 ἀσελγεῖς,
715 835 743 860 ἐν
758 834 825 870 αὐτῇ
839 836 871 871 τῇ
885 836 960 872 ἀκμῇ

177 871 226 906 τῆς
241 872 347 907 ἡλικίας
361 875 402 906 εἰς
413 876 579 912 κοσμιότητα
597 878 749 914 ἐπανῆλθον
761 887 767 893 ’
784 881 813 906 οὐ
831 881 881 916 τῆς
894 882 960 917 κρά-

178 924 244 948 σεως
260 919 288 944 ὲν
309 919 399 955 ταυτῷ
426 922 658 958 μεταϐληθείσης,
680 912 752 953 γὰλλὰ
767 928 816 961 τῆς
830 912 960 964 προαιρέ-
979 912 998 939 Β

177 971 246 996 σεως
259 965 480 1001 κατορθωσάσης.
505 968 575 996 Ἀλλ’
591 970 634 997 ἵνα
654 971 691 1006 μὴ
708 972 796 1005 πάσας
813 973 899 1007 λέγων
910 974 960 1006 τὰς

174 1011 361 1056 γεγενημένας
396 1013 547 1047 μεταΰολὰς
579 1016 692 1050 μηκύνω
725 1017 774 1053 τὴν
804 1018 959 1056 ἐπιστολὴν,

174 1054 275 1088 ταύτας
289 1057 377 1092 ἀφεὶς,
398 1059 444 1085 ἐπὶ
459 1059 507 1095 τὴν
522 1060 636 1092 δόξασαν
662 1062 735 1098 αὑτῷ
761 1064 874 1099 ίσχνρὰν
888 1054 960 1092 ἀντι-

175 1100 270 1135 λογίαν
285 1103 413 1138 χωρήσω.
435 1104 483 1136 Τίς
502 1103 548 1132 οὖν
567 1106 640 1133 ἐστιν
665 1107 749 1143 αὖτη;
767 1109 797 1134 El
817 1109 958 1143 ἀθάνατος,

175 1148 268 1182 φησιν,
279 1148 386 1184 ἡψυχὴ,
400 1150 438 1181 ὡς
448 1151 462 1177 ὁ
477 1151 588 1178 Πλάτων
604 1151 738 1187 βούλεται,
755 1154 797 1181 διὰ
808 1154 833 1181 τί
847 1155 960 1190 χωρίζε-

174 1201 219 1219 ται
237 1193 392 1229 ψυχθέντως
410 1195 447 1231 (9)
467 1196 599 1232 σφοδρῶς,
614 1197 630 1232 ἢ
646 1197 927 1235 ὕπερξηρα[ν]θέντος,
942 1201 958 1236 ἢ

174 1238 426 1275 ὑπερυγρανθέντος
449 1242 495 1269 τοῦ
512 1243 681 1278 ἐγκεφάλους
702 1246 773 1281 Πρὸς
793 1246 894 1282 ταύτην
909 1255 960 1273 τοι-

175 1286 276 1321 γαροῢν
290 1287 338 1322 τὴν
359 1287 503 1324 ἐρώτησιν,
527 1290 624 1325 παρεὶς
638 1290 668 1317 τὸ
683 1291 791 1325 ἐλέγξαι
813 1293 902 1324 αὐτὸν,
919 1294 959 1320 ὅτι

175 1332 304 1364 πολλάκις
319 1333 350 1359 ὲκ
364 1333 409 1361 τοῦ
428 1335 554 1370 σφυγμοῦ
565 1356 572 1369 ,
590 1336 618 1362 ὃν
636 1336 701 1368 ἴσως
723 1338 854 1373 ἁρμονίαν
872 1339 957 1373 καλεῖ,

175 1376 289 1405 θάνατόν
300 1387 356 1405 τισι
376 1380 515 1415 προειπὼν
531 1381 578 1408 καὶ
602 1382 674 1417 ζωὴν
693 1382 783 1414 ἄλλοις
798 1384 960 1418 ἐπαγγειλά-

176 1431 265 1457 μενος,
279 1423 422 1460 διήμαρτε,
434 1425 488 1452 τῶν
504 1426 553 1460 μὲν
568 1427 717 1462 ζησάντων,
735 1429 788 1455 τῶν
800 1429 828 1455 δὲ
846 1430 959 1456 τεθνεώ-

173 1477 244 1495 των·
259 1466 344 1502 οὕτως
364 1471 413 1506 τὴν
436 1472 533 1508 τέχνην
549 1473 728 1509 στοχαστικὴ)
744 1472 826 1501 οὖσαν
844 1475 959 1511 τάληθὲς

172 1515 328 1549 διαφεύγει·
350 1518 447 1552 παρεὶς
466 1517 494 1544 δὲ
519 1518 638 1551 κάκεῖνο,
661 1521 702 1546 ὅτι
723 1520 826 1547 πολλῶν
842 1521 959 1558 δηλητη-

1012 291 1044 317 ad
1061 290 1133 317 illam
1148 291 1386 320 inconcinnitatem
1404 294 1558 326 delabitur.
1575 298 1603 322 ιιι
1627 295 1694 322 rude
1712 299 1793 328 atque

1011 336 1156 363 absurdum
1180 337 1312 371 quoddam
1328 339 1389 365 edat
1405 339 1535 366 carmen?
1556 338 1646 366 Virtus
1665 338 1737 366 enim
1750 343 1793 365 est

1011 381 1173 409 concinnum
1196 382 1322 416 quiddam
1342 378 1422 418 atque
1449 385 1578 419 elegans;
1608 386 1701 412 vitium
1729 392 1792 411 vero

1011 432 1104 455 contra
1123 427 1237 455 absurda
1255 434 1298 454 res
1311 433 1402 459 etnon
1417 437 1543 457 consona.
1560 430 1698 463 Quomodo
1713 437 1793 464 porro

1012 473 1161 508 laudandos
1175 473 1314 501 existimat
1327 481 1389 505 eos,
1407 475 1451 509 qui
1467 476 1593 503 scientias
1605 476 1791 507 excoluerunt.

1011 520 1034 547 si
1047 519 1138 547 nescio
1159 519 1236 554 cujus
1259 521 1464 554 temperamenti
1488 520 1619 548 beneﬁcio
1641 521 1705 548 tales
1730 522 1791 549 facti

1012 565 1094 592 sunt?
1113 565 1170 598 Qua
1193 565 1258 593 item
1276 565 1381 592 ratione
1397 565 1560 600 vituperabit
1575 572 1621 593 eos
1633 586 1639 598 ,
1657 566 1701 600 qui
1717 567 1792 593 vanis

1012 611 1114 639 artibus
1134 611 1215 649 dediti
1231 611 1340 638 fuerunt
1352 631 1359 644 ,
1373 611 1395 638 si
1412 619 1427 638 a
1448 615 1542 638 natura
1560 611 1593 638 ad
1613 611 1663 637 has
1677 610 1792 638 iu'stiluti

1013 656 1161 690 imbutique
1175 657 1260 684 sunt?
1285 657 1425 690 Quomodo
1447 656 1510 683 item
1527 655 1705 690 reprehendet
1720 663 1792 686 eum,

1012 701 1056 736 qui
1073 709 1103 729 ex
1130 701 1256 729 formosis
1279 702 1437 736 corporibus
1455 701 1602 736 percipitur
1615 721 1622 733 ,
1650 705 1792 735 qumstum,

1012 747 1034 774 si
1053 747 1160 782 quidem
1180 755 1241 774 eum
1265 747 1420 775 conciliavit
1447 747 1712 782 temperamentum?
1737 745 1795 779 Quo

1013 798 1102 820 autem
1120 797 1199 827 pacto
1214 793 1339 820 defendet
1349 800 1394 820 eas
1404 801 1464 828 quae
1475 793 1593 828 quotidie
1608 793 1675 819 fiunt
1690 799 1794 819 morutn

1014 836 1197 864 mutationes?
1210 836 1284 864 Multi
1299 844 1413 872 namque
1431 837 1528 871 impuri
1544 844 1575 864 ac
1591 837 1726 864 libidinosi
1749 837 1794 871 qui

1013 878 1141 912 fuerant,
1167 881 1200 907 ad
1228 880 1362 908 castitatis
1387 881 1504 908 studium
1531 889 1591 909 sese
1607 881 1790 913 contulerunt,

1013 926 1110 954 multos
1121 933 1136 954 e
1155 931 1249 954 contra
1263 927 1448 962 temperantiae
1465 932 1616 955 sectatores
1630 918 1794 961 impuritatis

1012 972 1122 1000 morbus
1140 972 1255 1005 invasit;
1280 980 1367 1007 neque
1380 980 1444 1001 vero
1466 973 1499 1000 de
1526 973 1590 1008 ipsis
1617 973 1668 1000 dici
1696 977 1792 1007 potest,

1012 1022 1252 1052 temperamentum
1267 1025 1327 1046 esse
1338 1023 1480 1046 mutatum.
1496 1018 1610 1052 Quidam
1624 1019 1694 1046 enim
1706 1018 1794 1045 adhuc

1011 1062 1197 1091 adolescentes
1208 1068 1235 1092 et
1247 1064 1399 1097 libidinosi,
1423 1064 1449 1091 in
1472 1064 1529 1099 ipso
1545 1064 1637 1099 vigore
1657 1064 1744 1091 aetatis
1760 1064 1792 1090 ad

1011 1108 1205 1136 continentiam
1219 1108 1366 1140 redierunt,
1380 1116 1431 1136 non
1449 1113 1552 1136 mutato
1566 1108 1645 1136 simul
1661 1112 1794 1142 tempera-

1011 1159 1113 1190 mento,
1128 1153 1174 1180 sed
1188 1153 1336 1180 voluntatis
1347 1153 1483 1188 proposito
1495 1154 1605 1180 meliore
1619 1153 1642 1180 id
1654 1158 1792 1187 operante.

1010 1198 1092 1234 482
1107 1197 1160 1226 Sed
1172 1205 1215 1231 ne,
1232 1198 1294 1226 dum
1308 1206 1412 1231 omnes,
1424 1206 1483 1233 quae
1500 1207 1616 1233 unquam
1632 1198 1709 1226 facite
1720 1203 1792 1229 sunt.

1011 1244 1173 1271 mutationes
1190 1251 1383 1276 commemoro,
1405 1244 1431 1271 in
1450 1244 1558 1279 longum
1579 1244 1719 1271 extraham
1736 1244 1793 1277 epi-

1011 1289 1118 1322 stolam,
1131 1289 1184 1317 illis
1197 1290 1317 1323 omissis,
1330 1290 1363 1317 ad
1375 1290 1552 1324 objectionem
1567 1289 1722 1324 quamdam,
1735 1297 1795 1324 qua:

1011 1335 1060 1370 ipsi
1077 1335 1262 1363 robustissima
1277 1342 1338 1362 esse
1351 1335 1466 1367 videtur,
1485 1343 1527 1363 me
1544 1334 1690 1362 centeram.
1715 1334 1792 1367 Quaa-
1806 1333 1810 1336 ”

1010 1388 1072 1407 nam
1088 1387 1152 1415 ergo
1171 1380 1228 1407 hate
1243 1380 1304 1407 est?
1316 1381 1343 1407 Si
1355 1401 1362 1413 ,
1380 1381 1486 1415 inquit,
1503 1380 1663 1407 immortalis
1677 1384 1718 1407 est
1734 1380 1794 1406 aui-

1010 1433 1070 1458 ma,
1099 1431 1127 1453 ut
1153 1426 1260 1460 quidem
1278 1426 1334 1453 vult
1349 1426 1442 1459 Plato,
1476 1426 1539 1460 quid
1566 1433 1655 1453 causae
1680 1430 1722 1453 est
1747 1433 1795 1452 cur

1009 1476 1151 1506 separetur
1169 1479 1182 1498 a
1198 1479 1321 1506 corpore,
1336 1472 1381 1499 ubi
1394 1471 1535 1499 cerebrum
1554 1475 1600 1498 aut
1618 1471 1699 1498 nimis
1714 1471 1794 1498 refri-

1010 1522 1141 1552 geratum,
1159 1521 1205 1544 aut
1219 1524 1299 1552 supra
1319 1517 1426 1545 modum
1443 1516 1619 1549 exsiccatum,
1637 1521 1683 1543 aut
1696 1515 1794 1543 hume-

175 1560 243 1608 ρίοις
264 1562 419 1608 φαρμάκοις
444 1565 714 1598 καταγοητευϐέντων
743 1567 771 1593 αἱ
796 1567 880 1602 ψυχαὶ
909 1568 958 1594 οὐκ

1014 1565 1114 1589 ctatnm
1131 1561 1230 1589 fuerit?
1241 1560 1281 1588 Ad
1291 1561 1359 1588 hanc
1368 1560 1543 1595 objectionem
1555 1561 1619 1587 dum
1632 1560 1793 1594 respondeo.

173 1606 329 1641 ἀπέστησαν
343 1607 419 1643 (10)·
445 1609 530 1642 οὕτως
547 1610 577 1636 οὺ
601 1610 709 1643 πάντως
740 1611 888 1647 ψυχθέντος
913 1613 959 1640 τοῦ

173 1652 323 1687 ἐγκεφάλου
342 1655 486 1689 χωρίζεται
499 1657 515 1690 ἡ
530 1657 602 1692 ψυχή
612 1665 619 1672 ·
637 1658 724 1684 ἐκεῖνο
735 1659 829 1693 φαίην,
838 1659 879 1685 ὅτι
890 1658 960 1690 θεῖός

172 1699 231 1725 ἐστι
251 1699 346 1735 δεσμὸς
368 1702 484 1735 συνδέων
505 1702 540 1729 τὰ
563 1703 630 1729 πολὺ
645 1703 766 1738 ἀλλήλων
786 1704 959 1740 διαφέροντα,

173 1744 219 1770 καὶ
236 1746 359 1784 κοινωνία
375 1747 492 1782 ᾶρῤητος
510 1748 657 1783 ἀσωμάτου
680 1749 767 1784 ψυχῆς
783 1749 850 1784 πρὸς
869 1750 958 1785 σῶμα,

173 1790 221 1816 καὶ
232 1791 387 1825 συμπάθεια
398 1792 511 1824 ἄλεκτος
525 1793 659 1820 ἀθανάτου
673 1794 768 1826 οὐσίας
783 1794 852 1830 πρὸς
864 1795 960 1830 θνητὸν

171 1833 297 1868 ὄργανον,
323 1835 361 1867 ὡς
389 1836 436 1862 καὶ
459 1837 535 1872 αὑτῷ
565 1839 603 1872 τῷ
633 1838 756 1865 Πλάτωνι
782 1839 864 1865 δοκεῖ.
887 1839 916 1865 ’0
931 1839 959 1866 δὲ

171 1880 291 1914 Γαληνὸς
306 1881 359 1916 (Η)
376 1881 454 1908 τοῦτο
468 1883 527 1909 οὐδὲ
541 1884 641 1910 ἐννοεῖν
657 1883 785 1910 δύνασθαι
803 1886 961 1919 προσποιεῖ-

170 1934 225 1952 ται.
242 1926 326 1952 Τοῦτο
344 1926 372 1953 δὲ
382 1926 502 1961 γέγονεν,
519 1927 552 1954 ἵν’
566 1929 581 1963 ἡ
601 1928 673 1964 ψυχὴ
689 1929 752 1964 περὶ
766 1929 863 1955 πολλοῦ
880 1931 960 1966 ποιῆ-

170 1980 215 1998 ται
230 1972 260 1998 τὸ
282 1973 470 2007 ἐπιμελεῖσθαι
493 1972 540 2000 τοῦ
557 1974 693 2008 σώματος,
715 1975 764 2010 οὐχ
781 1974 850 2001 ὥστε
876 1975 957 2002 πολυ-

172 2018 273 2054 σαρκίᾳ.
287 2019 474 2053 ἑξογκοῦσοαι,
492 2020 549 2046 ἀλλ’
571 2020 640 2046 ὥστε
655 2021 799 2055 ὑγιαίνειν,
825 2021 872 2053 ὡς.
882 2022 905 2048 εί
921 2023 958 2057 μὴ

170 2064 250 2091 τοῦτο
273 2064 421 2100 ποιήσειεν,
448 2066 690 2093 συναπολαύσουσα
714 2067 764 2102 τῆς
791 2067 958 2103 δυσκρασίας

171 2111 242 2137 κατὰ
272 2112 454 2146 συμπάθειαν,
481 2113 505 2138 εί
523 2113 568 2139 καὶ
597 2113 633 2148 μὴ
659 2113 730 2140 κατὰ
750 2113 958 2149 προηγουμένην

170 2158 218 2183 καὶ
233 2157 385 2189 ἰδιάζουσαν
411 2157 523 2193 βλάϐην.
546 2159 576 2185 Ἦ
598 2160 652 2195 γὰρ
679 2159 829 2194 δυσκρασία
844 2159 890 2186 τοῦ
908 2152 958 2186 ad)-

170 2212 257 2238 ματος
282 2204 328 2230 καὶ
354 2205 370 2239 ή
394 2204 463 2239 μέθη
487 2205 533 2231 καὶ
556 2207 589 2241 τῇ
615 2205 687 2241 ψυχῇ
718 2206 900 2241 παραπέμπει
927 2205 958 2232 τὸ

1014 1607 1135 1635 omittam
1152 1607 1236 1642 ipsius
1251 1607 1486 1642 reprehensionem
1501 1626 1508 1639 ,
1525 1607 1596 1641 quod
1613 1613 1795 1641 saepenumero

1011 1660 1044 1680 ex
1058 1652 1187 1688 singultu,
1199 1660 1280 1687 quem
1293 1651 1416 1679 fortassis
1433 1651 1600 1679 harmoniam
1610 1656 1696 1684 vocat,
1709 1654 1796 1678 morte

1012 1698 1172 1733 quibusdam
1189 1698 1317 1733 przedicta
1330 1718 1337 1730 ,
1351 1703 1378 1725 et
1395 1698 1449 1725 vita
1463 1697 1522 1724 aliis
1536 1697 1669 1732 promissa
1680 1717 1687 1729 ,
1704 1704 1718 1723 a
1733 1705 1796 1724 vero

1012 1744 1163 1776 aberrarit,
1180 1743 1243 1770 dum
1263 1743 1297 1769 illi
1324 1743 1432 1778 quidem
1458 1743 1559 1770 diutius
1576 1743 1702 1770 vixerunt
1717 1762 1724 1774 ,
1753 1742 1794 1769 isti

1013 1797 1076 1816 vero
1096 1789 1221 1816 obierunt
1238 1788 1315 1823 (adeo
1335 1788 1406 1814 illam
1422 1793 1507 1815 artem
1525 1808 1532 1820 ,
1548 1792 1578 1815 ut
1596 1795 1655 1821 quze
1676 1795 1748 1814 mere
1761 1788 1796 1814 sit

1011 1834 1215 1869 conjecturalis,
1232 1835 1333 1862 veritas
1347 1833 1450 1869 fugit!)
1466 1844 1471 1860 :
1487 1834 1610 1861 omittam
1624 1834 1674 1861 hoc
1688 1841 1794 1867 quoque

1012 1881 1082 1916 quod
1101 1880 1246 1908 multorum
1263 1901 1270 1913 ,
1299 1880 1344 1914 qui
1372 1879 1460 1907 noxiis
1488 1880 1640 1914 pharmacis
1666 1879 1793 1906 incantati

1011 1930 1088 1953 erant
1100 1946 1108 1958 ,
1125 1925 1222 1952 animm
1245 1933 1297 1952 non
1314 1925 1478 1953 excesserint
1492 1930 1581 1952 tamen
1602 1932 1617 1952 e
1637 1924 1794 1959 corporibus

1011 1972 1091 2008 (adeo
1111 1979 1164 1999 non
1187 1978 1294 2006 semper
1310 1971 1473 2005 omninoque
1501 1970 1658 2004 refrigerato
1682 1969 1795 1997 cerebro

1009 2026 1151 2057 separatur
1179 2020 1308 2055 animai)
1331 2020 1396 2048 illud
1419 2020 1554 2047 dixerint:
1580 2020 1704 2046 Divinum
1734 2025 1795 2046 esse

1010 2067 1156 2100 vinculum,
1174 2067 1245 2101 quod
1269 2066 1376 2100 colliget
1391 2074 1420 2093 ea
1437 2073 1497 2100 quae
1513 2065 1655 2099 plurimum
1676 2066 1746 2092 inter
1765 2073 1794 2092 se

1009 2113 1122 2144 distant,
1137 2117 1164 2140 et
1184 2112 1400 2140 communionem
1418 2119 1450 2139 ac
1475 2111 1630 2138 societatem
1650 2111 1794 2145 quamdam

1009 2159 1171 2186 inell‘abilem
1187 2165 1246 2186 esse
1259 2158 1355 2186 animm:
1375 2158 1540 2191 incorporea:
1555 2165 1615 2184 eum
1632 2162 1756 2191 corpore,
1768 2161 1795 2183 ct

1010 2205 1175 2232 indicibilem
1199 2211 1260 2232 esse
1282 2204 1488 2231 consensionem
1517 2207 1597 2237 atque
1623 2202 1792 2230 alicctionem

169 2249 303 2284 πάθημα¹
323 2251 339 2285 ἡ
357 2250 397 2283 δὲ,
412 2250 536 2286 καθάπερ
551 2251 721 2286 κυϐερνήτης
739 2252 767 2278 ἐν
785 2252 874 2287 πολλῷ
892 2252 956 2279 κλύ-

1011 2255 1128 2279 mutuam
1152 2251 1222 2278 inter
1239 2249 1419 2277 immortalem
1439 2249 1616 2276 substantiam
1639 2252 1666 2274 et
1683 2248 1795 2274 mortale

169 2294 246 2325 δωνι,
270 2295 442 2329 ταράττεται,
465 2296 512 2322 καὶ
531 2295 580 2331 τὴν
606 2296 709 2323 οἰκείαν
734 2297 889 2332 ἐπιστήμην
905 2297 955 2324 οὒκ

169 2340 353 2367 ἐπιδείκνυται
372 2341 608 2377 βυθισθεῖσαῌᾞ·
627 2342 722 2378 ὥσπερ
739 2343 767 2370 δὲ
792 2343 954 2379 ὑποϐρύχιος

169 2386 340 2423 γεγενημένη
352 2407 359 2420 ,
377 2387 474 2423 ἄγεται
489 2389 534 2416 καὶ
555 2389 668 2424 φέρεται
688 2389 827 2422 πολλάκις,
843 2390 909 2416 ὅπου
923 2389 956 2417 ἂν

1010 2298 1238 2329 instrumentum,
1258 2300 1288 2323 ut
1305 2295 1353 2331 ipsi
1372 2302 1479 2330 quoque
1494 2294 1597 2321 Platoni
1610 2294 1724 2322 videtur.
1742 2293 1796 2321 Gn-

1009 2343 1086 2370 lenus
1104 2347 1194 2370 autem
1209 2342 1259 2369 hoc
1278 2349 1292 2369 a
1316 2348 1345 2368 se
1363 2348 1397 2367 ne
1413 2341 1523 2375 intelligi
1541 2341 1648 2376 quidem
1667 2347 1745 2375 posse
1760 2340 1796 2366 si-

1011 2389 1104 2416 mulat.
1122 2389 1183 2416 ldeo
1197 2392 1287 2415 autem
1302 2388 1352 2415 hoc
1369 2386 1468 2414 factum
1483 2390 1533 2420 est,
1553 2390 1582 2414 ut
1594 2387 1682 2413 anima
1699 2393 1794 2420 magno

716 2466 833 2494 VARl/E
854 2465 1046 2494 LECTIONES
1066 2465 1109 2493 ΕΤ
1132 2464 1248 2493 ΝΟΤᾸΕ.

169 2542 206 2569 ita
226 2542 297 2576 apud
312 2541 466 2579 Euripiden)
481 2542 637 2579 Alcestide:
653 2544 737 2579 Χαῖρε
761 2545 813 2570 κάν
828 2544 890 2570 ἀδου
913 2543 954 2570 δό-

170 2574 293 2612 μοιςξ-
307 2574 350 2604 Εὖ
364 2574 412 2604 dat
428 2578 555 2612 γένοιτο.
573 2578 641 2605 Hinc
656 2574 771 2605 Isidorus
788 2587 863 2605 suunt
885 2579 955 2606 hunc

168 2611 308 2639 senarium
326 2611 470 2639 iambicnm
486 2613 634 2640 confecise
650 2613 763 2641 videtur.
784 2613 864 2640 Itlr'r.

206 2647 245 2681 (6)
263 2647 283 2673 E
298 2646 407 2680 regione
423 2647 517 2674 horum
532 2648 555 2673 εἰ
571 2648 652 2682 ἁρμο.
669 2649 727 2675 cod.
744 2647 829 2674 Vatic.
846 2648 897 2675 650
914 2656 956 2681 po-

169 2682 209 2709 nit
223 2690 249 2708 In
267 2682 437 2718 Inargasi'js
452 2682 518 2718 αὐτὸ
533 2682 621 2718 τοῦτο
633 2682 760 2718 ᾁρμρνία.
777 2683 853 2710 Vers.
871 2688 929 2718 post
940 2684 956 2710 ὅ

169 2724 220 2752 pro
237 2715 343 2752 ἀπηχὲς
360 2717 439 2743 habet
455 2715 676 2752 ideturéppsléia
686 2717 788 2744 Possm.

207 2752 246 2785 (7)
265 2751 354 2778 Locus
371 2758 403 2778 ex
427 2752 486 2778 cod.
511 2751 598 2778 Vatic.
622 2752 770 2779 restitutus.
798 2753 846 2779 I'Id.
870 2752 956 2780 Puris.

169 2786 313 2813 omittebat
339 2786 407 2817 hac,
423 2785 653 2822 sigromppoadvnv
674 2786 844 2822 ἀνέπτησαν·
867 2787 957 2814 πολλοὶ

168 2822 198 2847 δὲ
216 2821 365 2855 σώφρονες,
382 2825 436 2848 etc.
458 2821 535 2847 Enn.
772 2821 775 2822 ⁷
850 2831 855 2835 -

208 2858 246 2919 ηδ)
264 2856 312 2916 Eolt.
330 2855 426 2888 lanis"
439 2857 460 2882 εἰ
474 2856 527 2891 γὰρ
541 2856 572 2891 δὴ
586 2857 600 2891 ἡ
615 2855 713 2891 κρῖςις.
726 2857 801 2885 (lorr.
817 2865 848 2885 ex
863 2858 956 2886 eodem

208 2899 275 2919 -|(c.
303 2899 329 2917 υ.

172 2899 275 2919 (οιιιςθ.
292 2899 329 2917 ID-

1043 2543 1081 2577 (9)
1096 2543 1146 2570 Pro
1163 2543 1320 2579 ψυχθέντως
1331 2544 1390 2571 cod.
1409 2543 1468 2571 Vat.
1480 2543 1572 2579 scribit
1591 2542 1790 2579 ψυχρωρὲντος,

1009 2585 1035 2607 et
1050 2577 1332 2614 moxiposteqodpdt;
1358 2580 1431 2606 addit
1455 2578 1670 2614 ίιττερζεοέντος.⁸
1688 2577 1792 2603 Possm.

1045 2613 1100 2648 (10)
1117 2613 1169 2640 Pro
1184 2612 1341 2647 ἀπέστησαν
1357 2614 1425 2640 idem
1446 2614 1511 2648 eod,
1523 2613 1605 2648 habet
1618 2612 1790 2645 ἀπέπτησαν.
1804 2639 1806 2642 ,

1009 2648 1086 2676 Vers.
1106 2653 1166 2682 post
1178 2648 1205 2680 2,
1223 2653 1286 2675 ante
1301 2648 1383 2683 φαίην
1400 2649 1483 2675 addit.
1497 2647 1539 2674 ἄν.
1557 2647 1605 2683 in:
1635 2681 1652 2683 ᾉ
1673 2680 1679 2683 _
1715 2650 1728 2683 _‘

1046 2679 1170 2718 (ll)VPro
1187 2683 1200 2708 ὁ
1213 2683 1240 2709 δὲ
1256 2679 1319 2709 Γαλ.
1338 2679 1406 2709 idem
1431 2683 1526 2718 scribit
1540 2681 1564 2707 εἰ
1585 2681 1611 2707 δὲ
1634 2679 1790 2718 ΓαληνοιἙ.

1011 2715 1070 2751 βυὲι
1087 2715 1113 2750 IL,
1135 2718 1376 2744 συναπολαύσουσα
1400 2721 1484 2743 mutat
1513 2717 1538 2743 in
1559 2715 1790 2751 συναπολαύουσα,

1013 2750 1088 2780 νει-ε,
1108 2753 1168 2788 inde
1184 2753 1209 2788 5,
1233 2761 1287 2788 pro?
1296 2753 1409 2788 πάθημα
1425 2751 1520 2778 scribit
1532 2750 1684 2788 ’πάθος-Δίᾳ

1046 2787 1100 2822 (l2)
1128 2787 1180 2814 Pro
1199 2783 1451 2822 3u0t603im'idein
1476 2783 1790 2822 μοιιῑιλσυιμϐυοισβεῖσι

1009 2819 1103 2857 ὥσπερ
1121 2822 1167 2848 καὶ
1185 2819 1408 2857 ὑποὸυθισρεῖσα.
1423 2820 1500 2847 Vers.
1519 2820 1581 2857 inde
1598 2819 1623 2850 4,
1642 2824 1700 2853 post
1714 2820 1790 2857 ξνερ-

1009 2853 1175 2892 γείσιςόιιιιὶι
1192 2856 1299 2892 μηνύει.
1318 2855 1391 2884 Vers.
1409 2863 1465 2891 seq.
1483 2862 1530 2890 pro
1552 2855 1567 2889 ἤ
1591 2856 1663 2888 ponit
1681 2853 1736 2879 καί.
1752 2853 1789 2879 lo.
