2040 3161
177 178 238 210 2205

590 180 855 229 EPISTULARUM
874 182 947 212 LIB.
971 184 1019 213 IV.
1038 197 1072 202 —-
1094 187 1211 216 EPIST.
1233 187 1361 217 CXXIX.

1723 188 1789 218 12013

175 235 279 268 Πνεῦμα
298 235 364 261 Θεοῦ
389 235 454 263 οἰκεῖ
471 236 499 262 ἐν
516 235 588 270 ὑμῖν.
605 246 614 262 ι
635 237 772 272 Ψυχικοὺς
784 237 821 269 δὲ,
834 238 898 273 περὶ
912 234 949 264 ὧν
965 263 968 268 Α

1009 234 1109 273 (uident
1122 240 1239 275 Spiritus
1261 242 1305 268 Dei
1324 243 1425 269 habitat
1442 242 1466 269 in
1482 241 1601 270 vobis”.
1616 251 1625 268 ι
1651 241 1789 270 Animales

174 282 342 317 γέγραπται·
363 291 371 307 ι
392 281 510 316 Ψυχικοὶ
527 281 636 317 πνεῦμα
662 283 698 318 μὴ
719 283 826 318 ἔχοντες
839 291 846 298 ·
868 293 877 308 ι
891 283 954 315 τοὺς

174 329 224 358 τοῖς
250 327 390 362 λογισμοῖς
414 328 461 353 καὶ
485 327 673 361 συλλογισμοῖς
694 329 741 354 καὶ
767 328 953 363 διαλογισμοῖς

176 373 269 409 μᾶλλον
282 372 516 408 ὲπερειδομένους,
531 373 577 400 κα)⁸
587 374 617 399 τὸ
628 373 730 400 δίκαιον
744 374 790 401 καὶ
805 374 835 400 τὸ
850 375 954 409 συμφέ-

175 428 215 454 ρον
236 420 268 446 ὲκ
291 419 392 445 τούτων
415 418 574 453 νομίζοντας
598 419 735 454 εὑρίσκειν
749 427 756 434 ’
773 417 824 446 οἷοί
845 421 914 445 εἰσιν
929 420 954 445 οἱ

174 465 233 501 παρ’
248 465 359 500 Ἕλλησι
386 465 471 499 σοφοί.
489 465 640 499 Σαρκικοὺς
660 465 688 491 δὲ
707 466 770 497 τοὺς
785 467 840 496 τοῖς
855 466 952 492 πάθεσι

173 512 218 546 τῆς
233 511 332 546 σαρκὸς
346 511 522 546 ἡττηθέντας,
533 511 587 538 ἀπὸ
598 511 644 537 τοῦ
659 512 953 546 πλειστοδυναμοῦντος

174 558 266 588 αὐτοὺς
279 557 368 584 καλῶν
380 565 387 572 ·
409 555 458 583 οἷοι
476 558 574 588 πάντες
591 558 614 583 οἱ
630 558 748 591 ἐναγεῖς,
766 558 812 584 καὶ
825 558 948 592 ἀκάθαρ-

174 612 219 635 τοι,
237 603 284 629 καὶ
311 602 375 638 περὶ
399 603 447 634 τὰς
469 602 610 634 συνουσίας
634 603 794 635 λυττῶντες.
821 603 852 629 Εἰ
870 603 953 638 γάρό

175 647 326 682 σωματικὸς
345 648 532 682 Πνευματικδς
556 647 611 683 (I7)
627 648 706 683 σῶμα
721 648 776 683 ἔχει
794 649 839 675 καὶ
854 649 953 684 ψυχὴν,

175 694 217 719 καὶ
233 693 247 719 ὁ
262 693 376 728 ψυχικὸς
402 693 480 728 σῶμα
510 693 575 729 ἔχει,
600 695 647 720 καὶ
671 695 684 720 ό
709 695 837 729 σαρκικὺς
850 695 951 731 ψυχὴν,

174 739 226 764 ἀλλ’
251 739 304 765 ἀπὸ
341 739 387 765 τοῦ
422 739 584 774 κρατοῦντος
611 739 726 771 ἕκαστος
750 741 952 777 καλεῖται(18).

175 784 276 818 Ὥσπερ
291 783 344 819 γὰρ
360 784 453 819 γήϊνον
467 784 574 818 λέγεται
589 784 620 810 τὸ
637 784 726 819 σῶμα,
741 785 828 812 καίτοι
840 786 888 813 καὶ
897 786 951 813 τῶν

175 829 257 856 ἄλλων
271 830 409 864 στοιχείων
427 830 550 865 μετέχον,
570 830 610 865 τῷ
621 830 693 857 κατὰ
707 831 738 857 τὸ
761 831 886 858 πλεῖστον
904 831 952 867 μέ-

177 884 218 910 ρος
232 875 279 911 τῆς
294 876 345 910 γῆς
362 876 499 911 μετέχειν·
517 876 588 903 οὓτω
603 877 738 909 κάκείνοις
756 877 810 904 ἀπὸ
823 877 870 904 τοῦ
886 886 954 914 κρα-

174 920 279 953 τοῦντος
293 920 432 956 ἐξενίκησε
446 921 574 958 τοῦνομα.

1006 291 1071 312 vero
1082 285 1208 318 appellat,
1224 287 1256 312 de
1272 286 1369 320 quibus
1392 287 1521 320 scriptum
1542 291 1602 315 est:
1623 288 1786 320 «Anitnales.

1005 331 1129 364 spiritum
1150 339 1201 358 non
1225 331 1356 359 habentes
1366 333 1386 347 "
1402 340 1409 364 ;
1425 341 1434 358 ι
1459 340 1504 359 eos
1530 333 1574 367 qui
1602 333 1789 361 ratiocinatio—

1005 377 1094 408 nibus,
1110 381 1137 404 et
1151 377 1312 411 syllogismis
1327 382 1355 404 et
1368 378 1594 411 disputationibus
1610 379 1698 412 potius
1715 379 1790 405 inni-

1009 426 1114 454 tuntur,
1130 427 1156 449 et
1171 430 1201 448 ex
1219 423 1260 449 itis
1276 430 1305 449 se
1326 423 1483 450 inventuros
1499 424 1665 451 arbitraulttr
1679 424 1704 451 id
1719 425 1790 459 quod

1005 468 1106 502 justum
1131 469 1167 494 sit
1190 472 1218 494 et
1240 467 1326 494 utile:
1354 468 1447 502 quales
1473 474 1538 495 sunt
1561 469 1697 502 sapientes
1720 470 1789 503 apud

1006 513 1125 541 Graecos.
1141 513 1270 541 Carnales
1283 514 1400 547 denique
1416 521 1472 545 eos,
1488 514 1532 547 qui
1546 513 1685 541 aﬂ‘ectibus
1700 515 1791 541 carnis

1006 567 1034 587 sc.
1049 559 1119 586 vinci
1140 560 1294 593 patiuntur;
1322 550 1404 586 abeo
1421 558 1492 592 quod
1507 558 1651 593 plurimum
1675 559 1702 585 in
1727 559 1801 593 ipsis.

1005 605 1098 639 pollet,
1109 605 1355 632 (lenominationem
1372 612 1465 632 eorum
1479 612 1603 631 sumens:
1618 605 1710 638 quales
1731 609 1792 630 sunt

1006 658 1100 678 Omnes
1117 650 1250 682 scelerati,
1265 655 1292 677 et
1308 651 1404 685 impuri
1417 671 1424 683 ,
1438 656 1465 677 et
1477 650 1522 684 qui
1537 650 1610 676 circa
1626 649 1749 677 libidines
1764 655 1792 676 et

1006 697 1094 723 coitus
1110 696 1259 723 insaniunt.
1275 697 1433 730 Quanquam
1455 697 1526 723 enim
1543 696 1693 730 spiritualis
1708 696 1791 721 etiam

1006 742 1087 769 homo
1105 750 1202 776 corpus
1222 743 1300 769 habet
1324 747 1350 769 et
1368 743 1497 774 animam,
1512 746 1539 769 et
1552 741 1677 768 animalis
1692 748 1790 776 corpus

1006 777 1097 818 liabet,
1115 791 1141 813 et
1156 789 1272 814 carnalis
1287 788 1376 814 anima
1393 795 1444 814 nou
1459 787 1632 814 destituitur:
1651 793 1740 814 tamen
1757 787 1790 813 ab

1005 839 1038 859 eo
1055 834 1125 866 quod
1142 833 1311 867 potissimum
1327 838 1378 864 est,
1390 834 1503 868 quisque
1513 833 1672 867 appellatur.
1690 831 1790 866 Quent-

1007 878 1150 904 admodum
1185 878 1256 904 enim
1281 886 1377 912 corpus
1392 897 1399 909 ,
1425 878 1529 904 tametsi
1552 878 1665 904 aliorttm
1684 883 1790 911 quoque

973 921 993 949 Β
1007 923 1204 951 elementorum,
1223 921 1358 958 particeps
1388 925 1423 951 sit
1437 943 1444 956 ,
1464 924 1523 951 ideo
1548 930 1638 951 tamen
1656 929 1792 950 terrenum

174 967 287 1000 dicitur,
302 968 372 1002 quod
390 968 535 994 maximam
553 972 656 1002 partem
678 976 710 995 ex
737 973 808 996 terra
829 973 952 997 constet:
972 969 1011 997 sic
1027 969 1080 996 illis
1091 977 1197 1004 quoque
1212 977 1244 996 ex
1258 977 1290 997 eo
1306 970 1376 1004 quod
1400 969 1536 1003 potentius
1570 974 1621 1001 est,
1639 975 1735 995 nomen
1749 966 1794 994 ob-

174 1012 260 1040 tinuit.

366 1056 454 1086 PKH'I
464 1074 499 1080 —
514 1059 680 1096 ΕΥΣΤΕΦΙῼ
691 1060 758 1095 (19).

174 1104 224 1136 EI;-
237 1104 290 1131 τὸν
299 1103 436 1138 ἀοίδιμον
446 1105 576 1132 θάνατον
583 1105 636 1132 τοῦ
647 1105 783 1140 Σωτῆρος
795 1106 878 1140 ἡμῶν
888 1106 955 1141 (20).

209 1148 303 1181 Πόθεν,
319 1149 396 1184 ἔφης,
417 1149 495 1185 δῆλόν
512 1151 596 1182 ἐστιν,
612 1152 652 1177 ὃτι
669 1151 740 1178 ἑκὼν
754 1152 800 1178 ἐπὶ
815 1153 861 1178 τὸν
876 1152 957 1179 θάνα-

174 1203 218 1221 τον
231 1192 457 1230 ἦλθενὸΧριστός
466 1195 521 1231 (21)
531 1204 538 1228 ;
550 1196 675 1222 Μάλιστα
687 1197 734 1230 μὲν
744 1196 776 1223 ἐκ
785 1196 831 1223 τοῦ
845 1197 957 1233 νεκροὺς

175 1241 326 1275 Δεσποτικῇ
349 1240 476 1276 αὑθεντίᾳ
496 1241 687 1276 ὲγηγερκέναι.
715 1242 744 1269 '0
767 1243 821 1278 γὰρ
853 1244 958 1277 νεκροῖς

175 1286 247 1320 ζωὴν
262 1286 455 1322 χαρισάμενος,
472 1287 520 1314 οὐκ
530 1287 562 1314 ἂν
575 1288 660 1323 δήπου
677 1288 752 1315 ἄκων
765 1290 812 1315 ἐπὶ
826 1289 856 1315 τδ
874 1288 959 1320 πάθος

175 1332 256 1367 ἤχθη.
270 1332 337 1358 Εἰδὲ
351 1333 398 1360 καὶ
412 1334 445 1368 τῇ
461 1333 537 1368 θεῖκῇ
553 1333 661 1368 ἐξουσία
674 1334 722 1360 οὐκ
741 1334 819 1369 ἤθελε
849 1335 955 1369 χρήσα-

176 1377 249 1409 σθαι,
264 1377 331 1404 ἀλλά
354 1386 384 1411 γε
397 1378 461 1413 ἐξῆν
484 1378 724 1414 ἀπολογησάμενον
747 1380 887 1414 ἐκφυγεῖν,
903 1380 959 1413 εἴγε

176 1423 265 1457 ἧϐελε.
281 1423 336 1450 Καὶ
350 1423 404 1458 γὰρ
417 1421 474 1458 εἷχε
486 1425 533 1451 καὶ
547 1424 593 1451 τὸν
607 1425 722 1451 Πιλάτον
737 1426 776 1457 είς
794 1425 872 1452 τοῦτο
885 1425 959 1460 αὐτῷ

177 1470 395 1504 συμπράττοντα,
412 1471 458 1497 καὶ
471 1470 596 1505 λέγοντα,
617 1472 681 1498 ποτὲ
701 1471 750 1507 μέν
761 1480 768 1488 ·
787 1481 796 1498 ‹
817 1472 871 1506 Οὐχ
887 1472 960 1507 εὑρί-

177 1524 234 1542 σκω
249 1517 278 1542 ὲν
296 1515 369 1551 αὐτῷ
389 1516 450 1543 οὐδὲ
466 1516 530 1552 μίαν
546 1517 635 1544 αἰτίαν
647 1517 779 1544 θανάτοιν
800 1528 809 1543 ›
829 1518 894 1544 ποτὲ
906 1517 934 1544 δέ
950 1525 957 1532 ’

1153 1060 1235 1097 484
1253 1060 1391 1088 cxxvut.
1403 1051 1437 1080 4
1449 1059 1653 1088 EUSTEPHIO.

1115 1106 1147 1133 In
1164 1107 1287 1134 celebrem
1300 1111 1409 1133 mortem
1427 1105 1574 1133 Saluatoris
1595 1106 1687 1132 nostri.

1048 1152 1122 1179 Unde
1147 1156 1272 1184 constat,
1301 1151 1414 1185 inquis,
1444 1151 1580 1178 Christum
1608 1150 1678 1177 ultro
1700 1154 1726 1176 et
1745 1157 1795 1177 sua

1011 1203 1106 1233 sponte
1120 1198 1152 1224 ad
1174 1202 1288 1225 tuortem
1304 1197 1431 1225 venisse?
1447 1197 1561 1223 Maxime
1581 1197 1688 1231 quidem
1702 1205 1733 1223 ex
1749 1204 1792 1228 eo.

1012 1245 1083 1279 quod
1102 1250 1223 1271 mortuos
1239 1244 1377 1271 Dominica
1391 1243 1551 1271 auctoritate
1566 1248 1593 1270 et
1610 1243 1730 1277 potentia
1747 1251 1795 1270 ex-

1012 1290 1116 1316 citavit.
1148 1289 1212 1316 Nam
1237 1289 1281 1323 qui
1313 1289 1427 1316 mortuis
1453 1289 1535 1315 vitam
1554 1288 1667 1323 largitus
1688 1293 1749 1320 est,
1773 1289 1795 1315 is

1012 1334 1131 1369 profectu
1157 1343 1208 1361 non
1233 1335 1333 1361 invitus
1350 1335 1382 1360 ad
1400 1334 1552 1369 passionem
1572 1341 1646 1360 suam
1663 1333 1795 1360 abductus

1012 1385 1062 1407 est.
1085 1380 1160 1414 Quod
1178 1381 1199 1407 si
1227 1381 1308 1406 etiam
1337 1381 1425 1407 divina
1443 1379 1563 1414 potentia
1588 1379 1626 1405 uti
1645 1379 1731 1406 noluit
1745 1399 1752 1411 ,
1768 1383 1795 1405 at

1012 1431 1086 1452 certe
1106 1426 1201 1452 licebat
1221 1427 1245 1452 ei
1260 1446 1266 1457 ,
1297 1425 1319 1452 si
1343 1425 1491 1455 voluisset,
1519 1424 1673 1450 defensione
1697 1425 1795 1451 utendo

1013 1470 1141 1506 elfugere.
1169 1471 1291 1498 Habebat
1317 1472 1387 1497 enim
1411 1470 1523 1497 Pilatum
1539 1477 1646 1504 quoque
1671 1469 1721 1496 sibi
1739 1469 1795 1503 ejus

1011 1521 1124 1544 conatus
1141 1517 1253 1549 socium,
1271 1521 1300 1543 et
1313 1516 1446 1543 dicentem
1459 1536 1465 1547 ,
1483 1523 1554 1542 nunc
1566 1515 1673 1550 quidem
1691 1526 1696 1542 :
1715 1524 1724 1540 ι
1738 1515 1794 1541 Non

178 1570 188 1586 ι
217 1561 315 1593 Ἀοῶός
328 1563 386 1596 εἰμι
407 1563 461 1589 ἀπὸ
481 1563 526 1589 τοῦ
550 1564 663 1598 αἵματος
679 1564 783 1591 τούτου.
805 1574 813 1590 ι
832 1565 863 1590 El
879 1565 907 1590 δὲ
923 1564 959 1599 μὴ

1014 1563 1121 1590 invenio
1140 1563 1165 1588 in
1185 1562 1243 1596 ipso
1266 1561 1347 1588 ullam
1373 1562 1477 1596 culpam
1497 1565 1582 1587 morte
1606 1560 1712 1595 dignam
1725 1560 1767 1593 “;
1785 1570 1794 1586 ι

175 1608 397 1644 ἀπολογήσασθαι
413 1609 519 1645 ἤθελεν,
535 1610 739 1636 ἐκκαλέσασθαι
756 1610 825 1636 κατὰ
853 1609 959 1636 Παῦλον

176 1654 250 1688 ἐξῆν.
276 1654 330 1681 Καὶ
346 1654 399 1690 γὰρ
417 1654 470 1681 ὑπὸ
494 1654 646 1690 Ῥωμαίους
671 1652 752 1690 ἦσαν.
777 1654 876 1681 Λοιπὸν
905 1655 960 1688 γὰρ

175 1692 334 1731 Αὔγουστος
352 1700 366 1725 ὁ
388 1699 533 1734 Ῥωμαίων
557 1700 736 1735 αὐτοκράτωρ
756 1700 960 1734 χειρωσάμενος

175 1745 310 1776 ἅπαντας,
329 1745 357 1771 ὲν
371 1742 412 1777 οἷς
427 1743 497 1780 ἦσαν
512 1745 558 1772 καὶ
574 1745 661 1778 αὐτοὶ,
680 1745 821 1771 ἐκέλευσεν
842 1744 961 1779 απογρά-

173 1789 278 1824 ψασθαι
298 1790 387 1817 πᾶσαν
403 1789 451 1825 τὴν
466 1790 639 1825 οἰκουμένην,
658 1789 711 1826 πρὸ
725 1789 771 1816 τοῦ
789 1790 833 1816 τὸν
848 1789 961 1823 Σωτῆρα

174 1835 206 1860 ἐδ
225 1835 296 1861 κατὰ
311 1835 400 1870 σάρκα
422 1835 602 1870 γεννηθῆναιο
625 1835 671 1862 καὶ
693 1834 961 1872 Ῥωμαίων-ἡγεμὼν

174 1877 210 1914 ἦν
227 1879 293 1914 παρ’
312 1881 403 1911 αὐτοῖς
429 1880 443 1906 ὁ
467 1880 592 1912 Πιλάτος,
621 1879 721 1906 διέπων
738 1880 773 1906 τὰ
799 1880 960 1915 πράγματα,

176 1927 224 1952 καὶ
240 1926 303 1957 τοὺς
314 1926 532 1961 ὲκκαλουμένους
549 1926 666 1961 πέμπων
681 1927 720 1957 είς
738 1927 787 1962 τὴν
804 1925 960 1961 Ῥωμαίων,

175 1972 224 1997 γαὶ
252 1971 342 2007 τηρῶν
370 1972 462 2003 αὐτοῖς
493 1971 523 1998 τὸ
549 1972 665 1999 ἄσυλον”
693 1972 787 2006 ὥσπερ
813 1970 858 1999 οὖν
885 1971 931 1998 κα)⁵
949 1973 963 1998 ὁ

173 2018 291 2052 ψῆστος,
316 2018 339 2044 εί
355 2018 382 2044 δὲ
409 2018 514 2053 βούλει.
531 2019 545 2044 ὁ
565 2018 714 2053 χιλίαρχος,
732 2018 777 2045 τὸν
795 2018 899 2044 Παῦλον
917 2018 964 2044 καὶ

175 2063 305 2089 διέσωσεν
320 2063 352 2089 ἐκ
373 2063 421 2098 τῆς
437 2062 560 2098 φονώσης
577 2063 698 2093 συνόδου,
722 2063 770 2089 καὶ
790 2063 829 2094 εἰς
855 2062 963 2097 Ῥώμην

175 2107 248 2141 προς
263 2108 391 2142 Καίσαρα
408 2107 574 2142 ἀνέπεμψεν.
596 2107 664 2134 Ἀλλ’
685 2107 763 2134 οὐδὲν
791 2107 895 2134 τούτων
913 2116 963 2133 πε-

175 2153 293 2187 ποὶηκεν
311 2154 325 2179 ὸ
351 2151 486 2188 Χριστός·
514 2152 575 2179 οὔτε
592 2154 645 2189 γὰρ
663 2155 693 2189 τῇ
711 2153 830 2189 ἐξουσίᾳ,
845 2153 907 2180 οὔτε
931 2155 963 2188 τῇ

175 2199 327 2234 ἀπολογίᾳ,
342 2197 404 2225 οὔτε
417 2200 449 2234 τῇ
462 2199 587 2234 ἐκκλήτῳ
607 2200 752 2235 ἐχρήσατο,
775 2200 818 2225 ἵνα
831 2199 965 2234 λαμπρῶς

175 2243 265 2280 δείξῃ,
280 2244 321 2270 ὅτι
337 2244 381 2270 τὸν
397 2243 511 2271 θάνατον
525 2243 689 2271 θανατώσων
702 2244 774 2280 δεῦρ’
792 2246 900 2279 ἀφῖκτο.

1011 1616 1082 1636 nunc
1098 1616 1179 1635 vero:
1198 1617 1207 1633 ι
1225 1608 1355 1636 lnnocens
1378 1615 1437 1633 sunt
1462 1607 1494 1633 ah
1516 1606 1566 1633 hoc
1591 1600 1721 1641 sanguine
1735 1606 1767 1633 ".
1785 1615 1794 1630 ι

1011 1654 1087 1687 Quod
1112 1654 1134 1681 si
1158 1662 1208 1680 nec
1229 1653 1386 1680 defensione
1407 1651 1569 1678 innocentia:
1585 1651 1623 1677 uti
1640 1651 1723 1677 voluit
1737 1671 1744 1683 ,
1770 1657 1797 1678 at

1013 1706 1161 1732 provocare
1175 1698 1299 1732 exetnplo
1316 1698 1391 1725 Pauli
1408 1697 1516 1724 licebat.
1539 1696 1624 1723 Erant
1649 1697 1722 1723 enim
1748 1697 1797 1724 sub

1013 1745 1141 1771 Romanis
1155 1744 1250 1772 Judtui.
1275 1743 1340 1771 Nam
1366 1751 1426 1771 cum
1452 1743 1589 1777 Augustus
1613 1743 1796 1770 Romanorum

1014 1791 1159 1824 imperator
1182 1797 1275 1816 omnes
1300 1789 1327 1815 in
1352 1796 1428 1816 suam
1453 1788 1599 1822 redegisset
1626 1792 1796 1822 potestatem.

1013 1835 1084 1861 inter
1098 1842 1166 1869 quos
1179 1835 1227 1869 ipsi
1246 1841 1354 1868 quoque
1375 1838 1469 1866 erant,
1483 1833 1566 1868 jussit
1588 1841 1685 1860 census
1702 1833 1797 1867 agendi
1812 1832 1813 1835 “

1014 1887 1093 1907 eausa
1114 1879 1232 1907 describi
1245 1887 1353 1906 omnem
1369 1884 1500 1906 terrarum
1517 1879 1620 1910 orbem,
1637 1878 1797 1913 priusquam

1015 1927 1141 1953 Salvator
1164 1926 1311 1953 secundum
1334 1932 1444 1952 carnem
1477 1929 1653 1952 nasceretur:
1683 1929 1709 1950 et
1741 1928 1800 1950 erat

1015 1971 1084 2005 apud
1102 1971 1173 2005 ipsos
1190 1970 1372 1998 Romanorum
1388 1977 1488 2005 praeses
1504 1970 1614 2002 Pilatus,
1631 1970 1676 2004 qui
1695 1977 1737 1996 res
1752 1969 1799 1995 ad-

1014 2017 1198 2048 ministrabat,
1212 2021 1237 2043 et
1250 2016 1413 2051 appellantes
1424 2015 1537 2043 Romam
1550 2016 1680 2049 mittebat,
1697 2022 1800 2048 eosque

1016 2063 1145 2089 adversus
1160 2062 1213 2089 vim
1233 2067 1304 2089 tutos
1321 2055 1483 2096 praestabat;
1503 2066 1532 2088 ut
1557 2066 1585 2088 et
1614 2060 1709 2088 Festus
1740 2064 1800 2094 post

1015 2115 1087 2141 eum,
1107 2108 1164 2136 sive
1182 2107 1266 2134 mavis
1283 2108 1407 2135 tribunus
1425 2107 1560 2140 militum,
1577 2106 1686 2134 Paulum
1699 2111 1727 2133 et.
1742 2113 1800 2132 ser-

1015 2155 1088 2181 vavit
1104 2161 1138 2181 ex
1155 2155 1258 2189 synodo
1274 2153 1427 2181 Judaeorum
1438 2174 1446 2185 ,
1468 2161 1528 2188 quae
1543 2154 1610 2181 nihil
1627 2153 1678 2180 nisi
1700 2153 1799 2180 eadem

1017 2200 1149 2234 spirabat,
1165 2205 1192 2227 et
1207 2199 1320 2226 Rotnam
1338 2199 1371 2226 ad
1383 2199 1518 2226 Caesarem
1535 2199 1647 2227 remisit.
1667 2199 1720 2226 Sed
1735 2198 1800 2226 nihil

981 2241 1002 2268 Ι)
1018 2246 1131 2272 istorum
1151 2245 1212 2272 fecit
1237 2245 1369 2272 Christus.
1403 2245 1469 2272 Nam
1494 2252 1579 2280 neque
1606 2245 1722 2280 potentia
1741 2252 1800 2277 sua,

177 2297 269 2323 neque
292 2289 458 2321 defensione,
476 2296 562 2323 neque
585 2289 765 2324 appellatione
785 2298 850 2317 usus
864 2296 921 2322 est,
947 2295 975 2316 ut
995 2289 1095 2324 liquido
1129 2291 1293 2325 ostenderet,
1332 2298 1361 2318 se
1383 2292 1433 2318 huc
1459 2295 1600 2326 propterea
1627 2290 1730 2318 venisse
1744 2309 1752 2323 ,
1773 2294 1802 2316 ut

177 2342 294 2364 mortem
309 2342 395 2364 morte
408 2336 535 2364 amceret.

272 2381 359 2408 PKG’.
387 2395 423 2401 ——
450 2382 641 2417 ΣΤΡΑΤΗΓΙῼ
666 2383 878 2411 ΜΟΝΑΖΟΝΤΙ.

176 2429 233 2460 Εἰς
245 2429 299 2455 τόο
317 2438 326 2454 ι
349 2427 413 2455 Πᾶν
425 2429 592 2469 ᾴμᾴρτηιια,
645 2429 698 2456 ἐὰν
721 2429 792 2464 ποιῇ
813 2430 977 2464 ἅνθρωπος,

312 2495 315 2498 _
419 2464 504 2496 ἐκτὸς
518 2465 569 2491 τοῦ
588 2464 733 2498 σώματος.
746 2475 753 2490 ι

217 2509 332 2541 Πολλὰς,
363 2506 384 2535 ὦ
415 2509 543 2545 μακάριε,
569 2510 681 2537 δυνατὸν
712 2512 752 2542 εἰς
782 2511 830 2537 τό·
863 2521 871 2536 ι
910 2512 966 2537 Πᾶν

1123 2383 1241 2410 CXXIX.
1254 2399 1290 2403 —
1305 2382 1501 2411 STRATEGIO
1520 2382 1694 2410 MONACHO.

995 2444 1000 2455 ι
1020 2429 1053 2457 1η
1067 2430 1131 2456 illud
1154 2429 1231 2456 Pauli
1248 2431 1358 2462 dictum,
1378 2439 1386 2455 ι
1407 2429 1489 2457 Omne
1503 2434 1653 2464 peccatum,
1668 2428 1804 2463 quodcun-

1152 2473 1200 2498 que
1216 2464 1302 2498 fecerit
1318 2464 1404 2497 homo,
1418 2469 1492 2491 extra
1504 2470 1597 2498 corpus
1611 2464 1642 2489 ³⁵.
1659 2473 1667 2488 ι

1056 2510 1160 2542 Multae,
1181 2519 1196 2536 ο
1223 2512 1320 2542 beate,
1349 2510 1420 2537 velut
1437 2511 1526 2545 ianua:
1554 2517 1680 2537 sensuum
1704 2508 1803 2544 aperiri

217 2576 240 2592 ³⁸
256 2575 334 2603 Rom.
351 2584 409 2609 vttt,
424 2577 449 2603 9.
488 2577 509 2592 "
521 2577 581 2604 Jud.
597 2578 639 2605 19.
679 2579 700 2594 ³¹
718 2578 783 2606 Luc.
803 2585 879 2611 xxttt,
893 2579 920 2606 4.
958 2579 968 2594 ³

1009 2579 1087 2606 latth.
1109 2587 1193 2611 xxv”.
1205 2580 1248 2606 ‘24.
1289 2579 1311 2595 ³⁵
1325 2580 1334 2606 1
1346 2579 1410 2607 Cor.
1425 2588 1461 2612 vt,
1479 2580 1521 2606 18.

736 2635 854 2671 YARIIE
874 2635 1067 2663 LECTIONES
1083 2635 1126 2662 ET
1147 2635 1261 2663 ΝΟΤΑΞ.

217 2703 276 2736 (17)
292 2701 341 2730 Ed.
358 2702 457 2739 Paris...
470 2704 483 2730 ὁ
499 2705 663 2739 σωματικάς,
679 2705 764 2732 male:
776 2713 845 2732 corr.
859 2713 891 2732 ex
905 2706 965 2732 cod.

178 2738 192 2762 ‘.
205 2738 272 2765 .ttic.
289 2738 422 2764 sententia
437 2738 583 2772 ﬂagitante.
600 2740 678 2766 Ευιτ.

219 2772 277 2805 (18)
304 2773 375 2799 Ἀπὸ
400 2773 453 2800 τοῦ
475 2774 656 2807 κρατοῦντος
678 2774 804 2808 ἕκαστος
824 2774 966 2802 καλεῖται.

177 2807 252 2833 Ynle
269 2815 351 2839 supra
364 2808 442 2840 epist.
460 2808 520 2835 1H.
538 2809 619 2836 Rtr'r.

220 2841 276 2876 (l9)
292 2841 352 2870 Post
371 2842 511 2877 Εὖστεςςίῳ
524 2844 585 2873 cod.
600 2843 659 2872 Vat.
675 2843 726 2871 650
747 2845 816 2873 addit
834 2845 969 2881 ναυάρχῳ.

182 2877 289 2903 l'ussts.

1057 2705 1112 2739 (‘20)
1128 2706 1192 2732 Cum
1210 2706 1259 2731 hac
1281 2706 1358 2739 epist.
1382 2704 1474 2731 confer
1494 2703 1573 2737 epist.
1599 2703 1629 2729 97
1648 2702 1725 2734 hujus
1743 2703 1803 2729 libri

1022 2739 1195 2810 Πῖἐῧτῖῖτι
1217 2775 1294 2801 ἑκὼν
1318 2773 1432 2810 mtto;-
1450 2772 1579 2810 θάνατοῂ
1596 2769 1688 2810 ἦλθον
1706 2773 1722 2797 ὁ
1738 2773 1804 2805 Xy-

1025 2806 1111 2842 στόςξ
1133 2809 1285 2836 Bernartius
1301 2817 1307 2835 :
1327 2819 1336 2834 (
1349 2809 1473 2836 Christus
1492 2808 1620 2841 quaisitus
1639 2806 1671 2832 ad
1694 2813 1803 2841 regnum

1026 2845 1104 2879 fugit,
1122 2844 1249 2877 qumsitus
1263 2845 1296 2870 ad
1308 2849 1421 2871 mortem
1436 2851 1486 2869 non
1504 2842 1580 2875 fugit.
1593 2842 1638 2867 sed
1653 2848 1711 2867 sese
1730 2842 1803 2867 obtu-

1028 2878 1066 2906 lil.
1089 2890 1096 2901 ι
1115 2879 1220 2913 Optime
1238 2879 1352 2912 igituriu
1368 2878 1453 2911 ipsum
1472 2879 1584 2912 tltlﬂtii‘dl
1600 2883 1702 2906 versus,
1724 2883 1802 2910 quem
