2040 3161
149 174 217 207 i209

585 171 850 203 EPISTOLARUM
869 171 941 200 ΜΒ.
960 171 1007 201 [ν.
1028 185 1062 190 -
1083 173 1200 206 EPIST.
1221 176 1350 207 CXXIX.

1709 174 1776 207 1210

149 230 301 264 ἀπαλλάξαι
332 229 502 265 βουλόμεθα*
527 230 638 266 μήποτε¹
657 229 703 256 καὶ
729 229 743 255 ό
775 226 936 257 Ἀπόστολος

991 229 1011 256 is
1027 237 1081 257 tton
1108 233 1276 260 commiserit
1303 237 1412 268 peccata
1439 233 1517 260 venia
1534 233 1646 268 majora,
1662 233 1792 268 dicimus,

147 277 195 304 ἐπὶ
209 276 258 311 τῆς
276 275 405 310 πορνείας
421 274 499 301 τοῦτο
518 275 581 309 ἔφη.
602 274 653 300 Τὸν
668 274 722 309 γὰρ
748 272 936 307 πορνεύσαντα

149 321 225 358 παρὰ
251 319 404 355 Κορινθίοις
434 319 600 354 σωφρονίσαι
627 319 806 354 βουλόμενος,
834 318 936 354 ταύτην

149 367 248 403 ἔρρηξε
273 366 321 400 τὴν
350 366 452 401 φωνήν.
469 366 501 392 Et
522 365 550 392 δὲ
573 366 620 392 καὶ
636 365 741 400 τρίτην,
759 365 844 392 ἐννόει
860 385 867 395 ,
896 365 937 391 ὅτι

148 413 244 447 ὥσπερ
264 412 278 437 ό
303 413 344 443 εἰς
360 411 493 438 θάλατταν
516 413 590 438 σῖτον
613 411 629 446 ἥ
659 411 752 446 ἔτερόν
773 420 800 437 τι
826 410 937 446 σπέρμα

150 459 254 495 ῥίπτων
274 459 313 490 είς
338 458 382 485 τὸν
409 458 511 492 σπόρον
529 457 700 493 ἁμαρτάνει,
723 456 836 483 κωλύων
853 456 936 483 αὑτὸν

150 506 189 537 εἰς
210 499 319 538 γένεο-ἰν
335 503 425 530 ἐλθεῖν
437 511 443 518 ’
462 503 534 530 οὕτω
548 503 596 530 καὶ
615 503 629 529 ὁ
654 504 693 534 είς
708 503 819 538 ἑταίραν
835 503 937 538 ῥίπτων

149 552 180 578 τὺ
198 550 296 578 ἑαυτοῦ
328 550 450 585 σπέρμα,
462 550 502 579 εἰς
520 549 550 576 τὸ
567 550 665 576 οἰκεῖον
678 549 758 584 σῶμα
772 549 936 584 ἁμαρτάνει,

150 597 258 631 ἐκείνης
274 597 304 623 οὐ
330 596 360 622 τὸ
385 595 478 630 τεχθὲν
504 595 670 630 ἀναιρούσης
697 595 787 629 μόνον,
800 594 867 621 ἀλλὰ
892 595 939 621 καὶ

150 643 278 678 τεχθῆναι
304 642 461 676 κωλυούσης
482 642 549 677 (27).
567 642 598 668 Εἰ
614 641 643 668 δὲ
658 641 807 676 τετάρτην·
835 641 938 667 ἐννοεῖν

150 690 215 725 χρὴ,
230 689 270 716 ὃτι
293 689 354 715 καθ’
373 687 386 714 δ
401 688 469 723 δρᾷ,
497 689 543 715 καὶ
560 687 658 722 πάσχει
681 687 747 722 (23).
767 686 797 713 Et
821 687 875 722 γὰρ
890 678 938 722 ’μὴ

151 735 268 768 ἔπαθεν,
281 735 330 761 οὒκ
347 734 380 761 ἂν
397 734 527 770 ἕρῥευσεν
542 742 548 748 ·
565 734 588 760 εί
604 733 631 760 δὲ
653 733 793 768 ἔρρευσεν,
811 733 917 768 ἐφθάρη
930 741 937 746 ·

151 782 177 808 εί
200 782 228 808 δὲ
248 780 363 815 ἐφθάρη,
382 779 508 815 ύόρὶσθη.
542 779 649 815 Ἀμέλει
675 780 718 806 ἐπ’
735 779 848 814 οὐδεμιᾷ
872 778 938 814 ἄλλῃ

152 828 262 862 πράξει,
286 828 301 862 ἢ
318 827 362 852 ἐπὶ
379 826 445 861 μόνῃ
461 827 493 860 τῇ
511 825 606 861 ἀνδρὸς
621 825 689 860 πρὸς
704 826 822 859 γυναῖκα
839 824 939 859 συνόδῳ

151 873 262 907 λέγεται
284 872 419 908 ἐφθάρθαι
442 871 491 906 τὴν
514 871 648 906 παρθένον
666 871 713 898 καὶ
736 871 782 898 τὸν
798 871 939 898 νεανίσκον

151 918 342 954 πειραθέντας.
370 918 401 944 Εἰ
428 917 456 943 δὲ
478 917 523 944 καὶ
541 917 679 953 πέμπτην,
708 916 815 949 ἐννόει,
846 916 940 951 ὅτιτῴ

151 964 240 999 πόρνῃ
259 963 448 999 συνερχομένῳ
462 964 486 989 εἰ
498 962 606 997 τεχθείη
624 962 739 993 παιδίον,
755 963 794 994 είς
809 961 938 997 πορνείαν

150 1010 300 1045 τρέφεται,
325 1010 372 1036 καὶ
390 1011 404 1036 ό
419 1009 490 1045 δρῶν
511 1008 580 1044 μετὰ
595 1008 701 1041 ταῦτα,
725 1008 796 1040 λέξει
808 1015 815 1022 '
836 1008 941 1039 Ὄντως

151 1054 248 1081 ἑαυτὸν
259 1055 362 1086 ἐκεῖνος
371 1054 508 1089 ἠδίκησεν·
522 1054 576 1080 ίδοὺ
588 1053 643 1089 γὰρ
656 1055 686 1080 τὸ
704 1053 824 1088 σπέρμα,
841 1053 940 1088 μᾶλλον

100 1107 104 1112 ’
150 1100 181 1126 δὲ
199 1100 229 1126 τὸ
244 1100 322 1134 σῶμα
339 1100 420 1126 αύτοῦ
443 1099 578 1135 πορνεύει.
599 1099 629 1125 Ei
647 1099 676 1125 δὲ
700 1099 747 1126 καὶ
767 1099 862 1134 ἕκτην,
878 1099 939 1125 ἐπί-

151 1154 260 1181 στησον,
278 1146 318 1172 ὅτι
336 1146 360 1172 εί
376 1145 456 1181 δούλη
476 1154 518 1177 τις
543 1145 729 1181 κοινωνήσειε,
748 1145 839 1172 δοῦλον
864 1145 940 1172 ἔσται

149 1192 183 1218 τὸ
198 1192 360 1226 τικτόμενον
374 1199 382 1206 υ
399 1191 457 1222 πῶς
469 1189 515 1217 οὖν
528 1191 580 1217 οὑκ
594 1191 633 1222 εἰς
647 1190 744 1217 ἑαυτὸν
768 1190 938 1226 ἁμαρτάνει,

151 1237 166 1263 δ
189 1236 281 1262 δοῦλον
306 1235 464 1268 σπουδάζων
482 1237 594 1267 τεκεϊν;
620 1235 651 1261 Εἰ
679 1235 708 1261 δὲ
739 1236 785 1261 καὶ
811 1235 939 1270 ἑϐδόμην,

151 1283 202 1318 δρα
217 1282 259 1308 ὅτι
274 1282 321 1308 καὶ
339 1281 368 1308 τὸ
379 1281 539 1316 τικτόμενον
555 1281 698 1314 ἀδικεῖται,
715 1280 791 1308 νόθον
805 1280 941 1316 καλούμε-

152 1337 209 1360 νον,
225 1328 272 1354 καὶ
285 1328 383 1362 ἄτιμον
396 1326 534 1362 πανταχοῦ
548 1327 700 1361 γινόμενον,
718 1326 770 1353 κᾶν
786 1327 814 1353 ἐν
829 1326 940 1361 βουλευ-

150 1373 249 1409 τηρίῳ,
267 1373 318 1399 κᾶν
339 1373 367 1399 ὲν
386 1372 554 1408 δικαστηρίῳ
585 1372 660 1407 (29)
688 1371 716 1398 δὲ
742 1371 850 1407 εἰσέλθῃ
864 1391 871 1403 ,
893 1372 940 1398 ἐκ-

151 1419 279 1446 εάλλεται
293 1426 301 1434 '
329 1419 363 1446 δι’
387 1415 417 1445 οὗ
434 1419 480 1445 καὶ
505 1419 519 1444 ό
543 1418 746 1453 φυτευσάμενος
760 1417 940 1445 συναπολαύει

151 1467 202 1502 τῆς
216 1465 347 1500 αίσχύνης
359 1473 366 1480 θ
387 1465 538 1500 ὑπόμνημα
561 1465 615 1500 γὰρ
629 1464 679 1499 τῆς
696 1464 798 1496 οἰκείας
814 1464 940 1498 λαγνείας

151 1512 322 1547 κατέλειψεν.
344 1512 375 1538 Et
395 1512 423 1538 δὲ
441 1512 487 1538 κα).
505 1511 613 1546 ὀγδόην,
632 1511 825 1545 δοκιμάσωμεν
845 1510 892 1537 κα)⁵
908 1511 940 1537 τὸ

987 276 1182 304 admonitionis
1209 285 1290 305 causa
1309 287 1315 305 :
1333 278 1448 312 Desiste,
1477 279 1512 306 mi
1544 279 1639 312 frater,
1664 280 1698 307 ab
1726 280 1777 307 hoc

987 323 1104 349 morbo:
1122 323 1166 350 hic
1185 324 1296 351 morbus
1312 326 1432 353 omnium
1455 330 1498 353 est
1520 326 1702 357 'deterrimns,
1723 334 1775 353 non

987 369 1058 402 quod
1074 367 1118 395 hic
1129 375 1224 396 omnes
1236 368 1305 397 alios
1317 375 1436 404 superet,
1456 371 1503 398 sed
1515 372 1586 405 quod
1600 371 1658 406 ipso
1669 379 1778 406 quoqttc

987 421 1048 440 eum
1077 413 1195 440 liberare
1223 415 1365 448 cupiamus
1382 425 1388 441 :
1408 423 1497 442 annon
1522 417 1603 443 etiam
1632 416 1778 450 Apostolus

987 459 1113 487 similiter
1144 460 1176 487 de
1206 459 1387 488 fornicatione
1404 461 1454 488 hoc
1480 461 1590 488 dixerit.
1618 461 1684 488 Nam
1713 463 1776 489 dum

988 504 1125 539 corrigere
1142 510 1223 540 atque
1239 505 1385 532 emendare
1401 505 1480 544 vellet
1494 512 1554 532 eum
1574 507 1620 540 qui
1634 508 1702 540 apud
1721 507 1773 532 Cn-

988 551 1103 579 rintbios
1122 550 1269 578 fornicatus
1283 555 1352 583 erat,
1369 551 1394 578 in
1411 551 1480 578 hanc
1494 558 1587 578 vocem
1604 553 1704 586 erupit.
1716 553 1775 580 .iant

988 597 1011 623 si
1043 597 1150 624 tertiam
1183 604 1290 632 quoque
1315 597 1356 624 vis
1384 597 1431 624 tibi
1458 595 1556 631 aperiri
1583 596 1705 629 januant,
1727 599 1777 623 hoc

988 642 1173 668 animadverte
1189 650 1196 668 :
1213 641 1442 675 Quemadmodum
1461 641 1505 676 qni
1527 640 1553 667 in
1567 649 1642 668 mare
1658 641 1778 667 frumcn—

989 692 1044 714 tttm
1065 692 1110 714 aut
1126 680 1197 714 alittd
1214 687 1359 722 quodpiam
1385 695 1476 715 senten
1502 687 1619 722 projicit,
1633 687 1659 714 in
1685 694 1777 714 semen

988 737 1092 767 peccat,
1107 732 1169 759 dum
1198 732 1224 759 id
1254 732 1381 766 prohibet
1403 731 1436 758 ad
1454 733 1657 772 generationem
1683 739 1778 766 perve-

990 778 1048 805 nire
1062 788 1068 805 :
1084 778 1121 805 ita
1135 778 1216 805 etiam
1231 778 1254 804 is
1268 777 1313 813 qui
1328 778 1354 804 itt
1373 778 1542 805 meretricem
1562 777 1671 812 projicit
1697 785 1776 804 suum

990 832 1094 857 semen,
1113 824 1139 850 in
1156 823 1294 858 propriuttt
1307 830 1406 858 corpus
1425 826 1531 857 peccat,
1547 823 1603 857 ipsa
1620 830 1672 850 non
1691 823 1778 850 solum

992 872 1141 906 peritnenle
1163 870 1190 897 id
1212 870 1284 904 quod
1309 874 1400 897 natum
1424 868 1517 901 fuerit,
1536 869 1583 896 sed
1602 870 1674 896 nasci
1688 870 1780 904 probi-

992 918 1081 945 bentc.
1096 917 1180 944 Porro
1194 917 1216 944 si
1230 921 1354 951 quartam
1385 914 1545 951 (desideras
1573 915 1778 950 interpretatio-

991 963 1071 998 nem)
1093 962 1213 998 cogitare
1233 964 1351 995 oportet,
1378 960 1526 988 seettndunt
1556 961 1582 988 id
1615 962 1686 995 quod
1712 962 1777 996 agit,

991 1010 1078 1044 ipsum
1096 1009 1176 1036 etiam
1195 1009 1259 1043 pati.
1274 1008 1341 1035 Nam
1360 1008 1409 1035 nisi
1436 1016 1531 1042 passus
1547 1009 1611 1043 quid
1626 1014 1709 1040 esset,
1725 1015 1777 1034 tton

992 1057 1124 1084 finxisset.
1143 1055 1171 1083 Si
1199 1060 1289 1082 autem
1315 1055 1401 1088 fluxit,
1421 1060 1567 1090 corrupttts
1588 1059 1629 1082 est
1644 1063 1651 1082 :
1665 1055 1686 1082 si
1713 1062 1778 1081 vero

992 1106 1134 1137 corruptus
1149 1106 1200 1134 est,
1223 1101 1384 1128 contumelia
1410 1101 1521 1131 affectus
1546 1106 1598 1128 est.
1611 1100 1675 1133 Quae
1690 1101 1772 1127 etiam

992 1156 1070 1176 causa
1084 1153 1136 1181 est,
1152 1148 1223 1183 quod
1240 1148 1274 1175 de
1290 1147 1361 1175 nulla
1389 1148 1442 1175 alia
1471 1147 1588 1179 actione,
1607 1146 1653 1174 sed
1666 1147 1700 1173 de
1723 1146 1780 1173 solo

992 1195 1040 1221 viri
1054 1202 1114 1221 cum
1134 1193 1246 1221 mnlierc
1259 1192 1411 1228 congressu
1429 1193 1537 1226 dicitur,
1550 1197 1694 1226 corruptos
1720 1199 1781 1219 esse

992 1240 1123 1274 virginem
1138 1244 1166 1267 et
1181 1239 1380 1267 adolescentem
1400 1247 1456 1266 rem
1474 1243 1600 1273 expertos
1617 1245 1774 1265 veneream.

992 1287 1020 1315 Si
1049 1291 1077 1314 et
1101 1286 1294 1321 quintam(vis
1323 1284 1608 1320 interpretationem).
1626 1286 1726 1318 cogita.
1756 1283 1779 1310 si

991 1334 1015 1360 ei
1029 1333 1075 1367 qui
1091 1340 1153 1359 cum
1166 1337 1257 1360 scorto
1272 1339 1436 1366 congressus
1463 1336 1516 1363 est,
1530 1336 1610 1358 natus
1626 1330 1710 1357 fuerit
1726 1329 1778 1356 ali-

991 1379 1052 1414 quis
1081 1378 1163 1411 filius,
1180 1379 1203 1406 is
1232 1378 1265 1405 ad
1292 1377 1496 1405 fornicationem
1527 1377 1669 1409 educatur,
1681 1380 1709 1403 et
1732 1375 1778 1410 qtti

992 1430 1084 1459 postea
1099 1431 1160 1452 eum
1179 1423 1361 1458 conspexerit,
1376 1423 1446 1450 dicet
1465 1431 1472 1449 :
1489 1422 1593 1449 Revera
1610 1422 1636 1448 in
1658 1421 1779 1455 seipsum

991 1471 1036 1498 ille
1058 1470 1108 1498 fuit
1135 1470 1249 1505 injttrius
1271 1478 1278 1497 :
1300 1477 1364 1497 ecce
1387 1470 1459 1496 cttim
1490 1476 1594 1502 semen,
1616 1468 1657 1496 vel
1688 1468 1780 1502 potius

991 1523 1089 1551 corpus
1106 1515 1163 1549 ejus
1180 1519 1326 1543 scortntur.
1339 1514 1367 1541 Si
1384 1522 1447 1541 vero
1466 1515 1547 1541 etiam
1574 1519 1693 1544 sextam,
1709 1514 1781 1540 scire

152 1559 340 1596 ῥηθησόμενον
353 1565 359 1572 ·
376 1558 472 1593 ἐπειδὴ
488 1559 502 1584 ὁ
518 1557 667 1593 πορνεύων,
686 1557 715 1583 ἓν
729 1557 796 1592 πρὸς
809 1557 858 1592 τὴν
872 1565 940 1593 πορ-

993 1563 1083 1595 debes,
1100 1562 1170 1596 quod
1183 1563 1204 1589 si
1221 1569 1281 1589 cum
1308 1569 1386 1589 serta
1397 1561 1462 1595 quis
1491 1568 1546 1587 rem
1573 1560 1707 1592 habuerit,
1721 1566 1780 1586 ser—

150 1605 302 1641 νευομένην
314 1605 419 1639 γίνεται
431 1623 438 1636 ,
454 1605 492 1636 ὡς
511 1604 545 1630 τὰ
558 1604 645 1630 οἰκεῖα
662 1603 730 1638 μέλη
740 1602 824 1630 ποιῶν
837 1605 942 1639 πόρνης

153 1652 232 1687 μέλη,
248 1652 287 1682 είς
301 1651 397 1677 ἑαυτὸν
413 1650 453 1685 τῷ
469 1650 526 1676 ὄντι
548 1649 711 1685 ἁμαρτάνει.
726 1650 800 1684 Φάνῳ
816 1650 865 1684 μὲν
885 1650 940 1685 γάρ

150 1706 224 1729 τινες
236 1695 264 1723 εὖ
280 1697 431 1732 ἐχρήσαντο
447 1696 495 1733 (ὡς
505 1696 608 1730 Μωσῆς
620 1696 666 1722 καὶ
679 1695 793 1730 Φινεὲς),
809 1695 858 1722 καὶ
871 1696 940 1731 ὀργῇ

151 1743 177 1779 (ό
188 1744 290 1778 Πέτρος
306 1744 352 1769 καὶ
364 1742 492 1777 ιῖαὖλος)’
509 1742 621 1778 πορνείᾳ
637 1742 664 1768 δὲ
683 1741 770 1773 οὐδεὶς
788 1741 898 1768 πώποτε
911 1740 940 1768 εὖ

150 1789 296 1825 ἐχρήσατο.
314 1788 359 1815 Διὺ
379 1788 484 1815 καὶτὸν
496 1788 603 1824 δρῶντα
621 1788 740 1823 μολύνει.
759 1787 859 1814 Σιωπῶ
874 1787 940 1823 γὰρ,

149 1835 192 1862 ὅτι
206 1835 269 1866 τοὺς
283 1835 310 1861 ἐν
321 1834 432 1869 πολέμῳ
443 1834 603 1869 φονεύοντας
620 1834 666 1860 καὶ
681 1833 787 1869 στηλῶν
798 1834 844 1860 καὶ
857 1834 942 1869 ἀναῤ-

151 1881 258 1917 ῥήσεων
273 1879 404 1912 ἀξιοῦσιν.
423 1881 454 1906 Ei
476 1880 504 1906 δὲ
531 1881 578 1906 καὶ
600 1880 736 1915 τραπῆναι
754 1880 827 1914 ἡμᾶς
854 1879 941 1914 βούλει

149 1929 191 1960 εἰς
209 1927 260 1963 τὴν
276 1927 327 1962 τῆς
347 1927 513 1962 ἀλληγορίας
527 1927 597 1957 όδὺν,
613 1927 710 1959 ἐννάτη
725 1925 795 1952 ἔστω
809 1926 824 1961 ἡ
842 1925 941 1960 λεχθη-

151 1973 266 2008 σομένη.
290 1973 399 2009 Ἐπειδὴ
422 1974 450 1999 ἓν
468 1973 549 2008 σῶμά
563 1974 637 1999 ἐστιν
656 1973 673 2008 ἡ
698 1971 858 2007 Ἐκκλησία,
876 1972 900 1998 οἱ
913 1972 941 1998 δὲ

150 2021 245 2051 meai;
272 2020 393 2056 ἀλλήλων
421 2020 577 2056 μέλη,όδὲ
604 2018 744 2054 πορνεύων
771 2019 811 2050 εὶς
839 2018 942 2051 πάντας

149 2067 305 2102 ἁμαρτάνει
320 2075 328 2083 ·
343 2067 488 2101 ἀνατρέχει
504 2066 557 2101 γὰρ
573 2065 655 2093 αὑτοῦ
671 2065 701 2092 τὸ
717 2065 828 2100 σφάλμα
851 2065 897 2092 ἐπὶ
911 2065 942 2092 τὸ

149 2112 200 2146 τῆς
222 2112 387 2147 Ἐκκλησίας
405 2111 560 2146 πλήρωμα,
577 2107 607 2137 οὗ
622 2111 670 2138 καὶ
690 2111 841 2146 ἐκκοπῆναι
861 2110 942 2137 αὑτὸν

149 2158 328 2193 προσέταξεν,
351 2158 403 2189 ἕως
425 2158 457 2184 ἂν
482 2158 647 2193 μετανοήσῃ.
672 2158 703 2184 Εἰ
721 2158 748 2184 δὲ
762 2158 808 2184 καὶ
824 2157 942 2192 δεκάτην

150 2202 252 2238 βούλει,
273 2203 383 2237 λεχθείη
400 2203 448 2236 ἂν,
472 2203 513 2229 ὅτι
535 2203 628 2238 ἐπειδὴ
647 2203 672 2228 οἱ
690 2203 765 2238 νόμῳ
784 2203 831 2229 τοῦ
849 2203 940 2238 τιμίου

150 2250 241 2284 γάμου
258 2249 395 2280 συνιόντες
407 2248 436 2274 ἒν
450 2248 531 2283 σῶμα
543 2248 662 2282 γίνονται
691 2248 713 2284 (ι
734 2249 860 2275 Ἔσονται
874 2249 938 2284 γὰρ,

150 2295 244 2329 φησιν,
256 2294 334 2321 οἱδύο
342 2296 381 2326 είς
393 2294 482 2329 σάρκα
494 2295 583 2327 μίαν-ι
601 2294 640 2320 διὸ
649 2294 695 2320 καὶ
710 2294 803 2329 ήγυνὴ
813 2295 859 2321 τοῦ
873 2294 938 2320 ἰδίου

151 2340 278 2375 σώματος
290 2340 340 2366 οὐκ
360 2340 520 2373 ἐξουσιάζει,
540 2340 597 2366 ἀλλ’
614 2340 627 2365 ὁ
649 2339 718 2374 ἀνήρ
733 2348 739 2354 ·
765 2339 818 2366 οὐδ’
840 2340 854 2366 ό
869 2340 939 2375 ἀνὴρ

149 2386 196 2413 τοῦ
215 2385 280 2412 ἰδίου
297 2385 421 2420 σώματος
436 2386 598 2418 ἐξουσιάζει,
613 2386 670 2412 ἀλλ’
686 2387 701 2421 ὴ
718 2385 810 2421 γυνή)·
827 2386 940 2417 εἰκότως

150 2434 163 2458 ὸ
177 2431 320 2467 πορνεύων
343 2431 393 2465 μὲν
414 2432 494 2467 ἀνὴρ,
512 2433 550 2463 εἰς
567 2432 617 2467 τὴν
639 2431 778 2466 γαμετὴν,
802 2432 939 2458 τουτέστιν

151 2479 190 2510 εὶς
209 2477 240 2504 τὸ
257 2477 322 2504 ίδιον
347 2477 426 2512 σῶμα
456 2477 511 2512 (50)
543 2477 692 2512 ἁμαρτάνει
706 2486 713 2492 ·
729 2478 746 2512 ἡ
760 2477 789 2503 δὲ
810 2485 939 2512 πορθευο-

159 2524 239 2559 μένη,
265 2524 306 2555 είς
319 2523 350 2549 τὸ
365 2523 430 2550 ἴδιον
444 2523 533 2558 σῶμα,
548 2523 684 2554 τουτέστι,
700 2523 744 2550 τὸν
759 2523 853 2559 ἄνδρα,
869 2523 948 2558 σῶμα

994 1616 1056 1636 vunt
1086 1608 1138 1635 erit
1150 1608 1175 1635 id
1191 1609 1263 1642 quod
1287 1615 1320 1635 ex
1345 1614 1376 1634 ea
1405 1611 1541 1634 nascetur.
1552 1606 1690 1639 Quomodo
1717 1612 1782 1640 ergo

995 1663 1047 1682 non
1081 1654 1108 1681 in
1133 1655 1253 1688 seipsnm
1280 1657 1385 1688 peccat,
1400 1653 1445 1687 qui
1478 1659 1586 1679 servum
1605 1652 1780 1686 satagitpro-

993 1701 1108 1728 creare?
1132 1700 1160 1727 Si
1182 1705 1209 1727 et
1233 1699 1389 1733 septimam,
1407 1698 1467 1725 vide
1479 1699 1549 1732 qttod
1563 1698 1647 1724 etiam
1666 1697 1691 1723 id
1710 1697 1781 1730 quod

993 1754 1025 1773 ex
1053 1745 1098 1773 tali
1127 1745 1269 1780 complexu
1300 1744 1431 1776 ttaseitur,
1462 1742 1625 1771 mntntnelia
1654 1742 1780 1774 afficitur,

993 1791 1090 1826 quippe
1103 1790 1174 1825 quod
1192 1789 1303 1817 notltum
1331 1796 1363 1816 ac
1391 1789 1512 1823 spurium
1529 1791 1648 1819 vocetur,
1661 1791 1687 1814 et
1702 1787 1780 1820 igno-

993 1837 1075 1864 minia
1092 1837 1191 1870 ubique
1209 1835 1329 1862 locorutn
1347 1839 1457 1861 notetur
1475 1843 1482 1861 :
1501 1838 1528 1860 et
1542 1834 1600 1860 sive
1622 1834 1648 1859 in
1664 1840 1781 1859 senacu-

992 1885 1046 1911 lutn
1059 1883 1115 1910 sive
1129 1883 1155 1909 itt
1166 1882 1296 1916 judicium
1320 1881 1499 1915 ingrediatur,
1515 1880 1577 1907 inde
1593 1880 1753 1907 exturbatur
1771 1889 1779 1907 :

992 1936 1046 1964 quo
1062 1929 1120 1964 ipso
1146 1929 1228 1956 etiam
1256 1927 1444 1963 genitortejus
1473 1926 1563 1962 probri
1579 1930 1604 1953 et
1627 1925 1782 1960 ignominia:

993 1975 1128 2010 particeps
1142 1975 1183 2002 fit.
1200 1973 1402 2001 Monumentum
1420 1973 1490 1999 enim
1526 1979 1582 1999 stne
1611 1971 1728 1998 libidinis
1749 1979 1781 1998 ac

993 2018 1111 2046 lasciviae
1131 2022 1191 2054 post
1219 2025 1249 2046 se
1275 2017 1396 2053 reliqttit.
1416 2017 1444 2044 Si
1458 2025 1522 2044 vero
1549 2017 1631 2044 etiam
1657 2021 1780 2043 octavam

993 2064 1128 2100 (requiris
1153 2063 1436 2098 interpretationem),
1465 2063 1652 2090 exatnincmns
1677 2067 1703 2090 et
1730 2063 1783 2090 ltoc

992 2112 1063 2146 qttod
1081 2112 1186 2139 dicetur
1204 2121 1209 2138 :
1226 2111 1292 2144 Quia
1307 2111 1352 2146 qui
1367 2111 1529 2142 fornicatur,
1546 2117 1627 2136 ttnttm
1651 2110 1780 2144 quiddam

993 2164 1053 2184 cum
1071 2164 1101 2183 ea
1117 2157 1228 2189 lit,cutn
1250 2164 1303 2191 qua
1330 2164 1360 2183 se
1390 2156 1560 2187 commiscet,
1575 2155 1645 2189 quod
1675 2156 1781 2189 propria

994 2210 1042 2229 sua
1059 2203 1179 2230 membra
1196 2202 1277 2230 faciat
1301 2203 1383 2230 scorti
1403 2201 1524 2229 membra
1542 2211 1548 2228 :
1565 2202 1590 2228 in
1606 2201 1781 2235 semetipsum

995 2257 1088 2276 revera
1116 2253 1219 2283 peccat.
1235 2248 1302 2275 Nam
1336 2249 1410 2276 cmde
1434 2249 1541 2284 quidem
1571 2249 1690 2276 nonnulli
1714 2248 1782 2275 bene

995 2295 1034 2322 usi
1056 2298 1133 2326 sunt,
1158 2299 1185 2321 ιιι
1215 2294 1302 2322 Moses
1326 2299 1353 2321 et
1370 2294 1503 2329 Pltinees;
1518 2300 1545 2322 et
1569 2295 1619 2328 ira,
1637 2294 1733 2321 Petrus
1755 2297 1782 2321 et

995 2341 1112 2372 Paulus;
1130 2340 1309 2368 fornicatione
1334 2345 1422 2368 autem
1456 2348 1535 2368 nemo
1563 2348 1680 2374 unquam
1711 2340 1779 2367 bene

996 2394 1058 2413 usus
1070 2391 1121 2413 est.
1139 2385 1196 2419 Qua
1214 2387 1246 2413 de
1272 2394 1353 2413 causa
1380 2386 1462 2413 etiam
1486 2386 1572 2420 ipsum
1591 2386 1635 2420 qui
1654 2390 1780 2419 stuprum

993 2436 1090 2467 patrat,
1107 2433 1211 2466 polluit.
1225 2432 1308 2468 486
1321 2432 1408 2460 Taceo
1435 2433 1517 2463 enim,
1536 2432 1605 2467 quod
1621 2439 1678 2464 eos,
1691 2431 1735 2466 qni
1755 2432 1780 2458 itt

994 2478 1064 2505 bello
1078 2479 1166 2505 czedes
1179 2479 1363 2512 committunt,
1378 2479 1460 2506 etiam
1475 2479 1606 2506 columnis
1628 2484 1655 2505 et
1679 2485 1781 2512 pt‘a'co-

1003 2523 1055 2550 niis
1073 2524 1168 2558 dignos
1191 2528 1218 2551 et
1247 2523 1419 2552 honorandos
1433 2530 1555 2553 censent.
1568 2524 1643 2556 Quod
1661 2523 1683 2551 si
1698 2523 1781 2550 etiam

709 2600 826 2628 VARUE
845 2600 1038 2628 LECTIUNES
1060 2600 1102 2628 ΕΤ
1118 2600 1233 2628 NOTAE.

188 2671 243 2706 (27)
261 2671 333 2704 Haec,
347 2670 377 2696 οὐ
399 2669 510 2706 μόνοντξ
535 2669 692 2706 κωλυούσης
708 2677 762 2697 om.
780 2669 823 2697 ed.
845 2669 930 2697 Paris.

153 2707 320 2740 Supplt-ntnr
333 2713 364 2732 cx
380 2706 473 2740 codice
487 2705 575 2740 Vatic.
591 2705 642 2731 650
656 2706 734 2732 Eutr.

188 2739 245 2776 (28)
267 2741 335 2768 Καθ’
355 2739 370 2766 ὃ
386 2739 452 2773 δρᾷ,
467 2740 514 2766 καὶ
537 2739 724 2776 πάσχειηΜε.
743 2740 804 2776 καθ’
817 2739 857 2771 ὃν,
885 2746 935 2776 non

154 2773 348 2804 retzte‘ﬁNotnm
365 2780 406 2802 est
422 2776 486 2801 illttd
509 2780 596 2805 vetus,
612 2775 647 2801 Τὸ
657 2775 763 2810 δρῶντα
779 2774 818 2800 δεῖ
836 2782 862 2810 τι
889 2773 936 2799 καὶ

153 2811 260 2838 παθεῖν.
277 2809 373 2836 Nolunt
396 2815 423 2836 et
438 2810 608 2844 physicorum
634 2809 805 2836 CUIiSt'ltliI‘IIS
826 2809 934 2843 tlogtna.

154 2848 191 2874 Eo
205 2852 230 2872 et
247 2847 291 2872 ltiu
307 2845 439 2878 respicere
457 2844 560 2870 videtur
577 2845 701 2871 Isidorus.
721 2845 802 2872 Ihrr.

190 2881 245 2917 με»)
267 2880 319 2908 Καὶ
347 2879 606 2912 ἑνβουλευτηριίρ,
627 2879 674 2905 καὶ
694 2880 728 2906 ἐι·
743 2880 932 2913 δικαστηρίῳ.

986 2667 1039 2695 Pro
1064 2669 1093 2695 ἐν
1125 2674 1239 2703 utroque
1269 2669 1327 2695 loco
1347 2668 1391 2694 hic
1414 2666 1596 2703 reponendum
1620 2671 1718 2692 censeo
1742 2665 1778 2692 εί.

990 2703 1081 2730 Possis
1106 2700 1319 2731 etianfreteuto
1353 2703 1381 2728 ἐν
1414 2707 1477 2728 ante
1503 2700 1612 2735 εἰσέλθῃ
1649 2707 1780 2734 reponere

990 2739 1118 2766 Otttisstnn
1138 2739 1180 2765 ἄν.
1202 2738 1238 2765 lo.

1026 2774 1080 2808 (50)
1096 2773 1160 2806 Qua:
1186 2777 1335 2807 sequuntur
1358 2776 1415 2808 post
1434 2771 1500 2808 ἴδιον
1523 2770 1618 2808 adiuta,
1639 2769 1778 2808 ttimit_'ttttt,

990 2804 1158 2842 ἁμαρτάνει·
1177 2804 1235 2843 ἡδὲ
1261 2804 1458 2843 πορνευομένη,
1478 2806 1518 2836 εἰς
1538 2804 1777 2843 τξῖδιονωσῶμα,

991 2837 1057 2875 Ideo,
1073 2837 1193 2876 inquam,
1207 2837 1337 2870 ontnia'ut
1351 2837 1486 2876 sup-Iliun
1499 2839 1622 2868 cod.Vat.
1635 2839 1686 2866 (‘50
1697 2837 1780 2866 omit-

992 2879 1031 2906 tit.
1051 2879 1154 2905 l‘oSsta.
