2040 3161
141 166 208 199 1213

565 171 832 202 EPIS’i‘l’min-Ui‘ii
855 173 926 202 LII}.
949 174 996 203 IV.
1018 187 1050 191 —
1067 175 1183 204 EPIS’I‘.
1205 175 1349 205 CXXXII.

1701 166 1765 202 ιειι

140 225 194 252 τῶν
206 224 334 251 ἐναντίων
347 224 456 261 ἔχθραν,
467 226 499 252 δι’
510 227 542 262 ἢν
553 227 750 262 ὲκροτὴοησαν,
765 228 928 260 ἐννοοῦντες.

983 229 1098 256 (litorum
1119 229 1342 261 benevolentiam,
1356 236 1408 256 non
1423 228 1569 256 amicitiam
1586 235 1648 262 erga
1661 234 1700 260 se,
1713 234 1765 253 non

139 272 172 298 οὐ
199 272 278 306 μόνον
295 272 348 298 ὑπὸ
365 272 419 298 τῶν
444 272 549 307 κρότων
572 273 776 308 πτερωθέντες,
800 275 867 302 ἀλλὰ
882 275 930 302 καὶ

139 317 193 344 ὑπὸ
210 317 353 352 φιλαυτίας
368 318 524 353 μεθύοντες,
539 319 568 345 ού
585 320 638 354 μὴν
651 319 718 346 ἀλλὰ
732 322 778 347 καὶ
795 321 848 347 ὑπὸ
865 330 931 357 προ-

138 364 247 399 λήψεως
266 364 474 400 κεχειρωμένοι,
491 364 684 400 δογματίζουσι
700 366 833 398 πολλάκις
849 366 930 399 ἇδοξά

137 417 198 435 τινα
222 408 270 435 καὶ
285 409 478 442 καταγέλαστα
494 410 635 445 δόγματι-ι’
659 411 756 438 ἔπειτα
767 433 774 444 ,
788 412 847 439 δέον
862 412 930 448 μηδὲ

138 454 182 480 διὰ
212 453 336 489 γλώττης
363 455 570 491 προφέρεσθαι,
592 457 739 491 κρατύνειν
768 459 928 493 πειρῶνται.

140 499 199 534 Χρὴ
214 499 360 534 τοιγαροῦν
373 501 436 532 τοὺς
451 501 480 526 έν
497 502 552 533 τοῖς
572 502 686 528 τοιοῖσδε
709 503 799 537 λόγοις
815 503 930 537 φοιτῶν-

139 553 198 577 τκς,
217 544 401 578 γινώσκοντας
412 565 418 575 ,
433 546 474 572 ὅτι
489 546 553 581 περὶ
568 546 658 582 ψυχῆς
673 548 746 574 ἐστιν
763 549 777 573 ὁ
791 547 928 581 κίνδυνος,

140 591 187 617 καὶ
201 591 241 616 ὃτι
258 591 308 625 τῆς
326 591 456 626 ἀληθείας
471 592 547 618 οὐδὲν
562 593 788 629 προύργιαίτερον
799 601 805 607 ·
828 594 858 620 οὐ
877 593 929 630 μὴν

140 635 166 661 δὲ
181 635 248 662 ἀλλὰ
258 637 304 662 καὶ
323 636 483 668 ἐννοοῦντας
501 637 537 664 τὰ
554 639 627 665 κακὰ
637 660 643 671 ,
659 639 694 665 τὰ
708 640 740 666 ὲκ
764 641 814 675 τῆς
828 639 929 675 ἔχθρας

140 682 187 707 καὶ
200 683 249 714 τῆς
268 681 429 716 προλήψεως
442 683 605 718 τικτόμενα,
622 685 729 716 κοινοὺς
750 685 798 720 μὲν
816 686 929 718 ἑαυτοὺς

142 727 275 763 παρέχειν
299 729 355 754 τοῖν
380 728 516 762 λεγόντοιν
542 730 696 765 ἀκροατὰς,
712 731 743 757 οὐ
766 731 818 766 μὴν
837 732 926 763 τσους·

139 773 198 798 ἔστι
214 773 235 798 δ’
256 773 286 798 οὑ
306 773 418 803 ταυτὸν.
439 773 476 805 ὡς
490 773 591 800 οἴονταί
610 783 692 806 τινες,
706 775 789 810 Κοινῇ
808 775 857 809 μὲν
874 775 928 810 γὰρ

139 818 194 852 χρὴ
208 818 357 852 ἀκροᾶσθαι
374 818 537 853 ἀμφοτέρων
548 828 554 834 ·
571 820 602 846 οὐ
619 820 671 854 μὴν
691 820 816 856 ἐκατέρῳ
834 820 928 855 νέμειν

139 863 171 889 τὸ
194 865 266 890 ἴσον·
287 863 355 890 ἀλλὰ
376 864 414 899 τῷ
439 865 490 900 μὲν
507 866 684 901 συνετωτὲρῳ
710 867 821 901 μᾶλλον,
846 866 884 901 τῷ
896 867 927 893 δὲ

981 273 1196 300 alversariorum
1213 273 1316 305 edituri,
1335 280 1402 307 quas
1417 273 1451 299 ob
1476 280 1519 300 res
1546 272 1654 307 plausus
1677 275 1704 296 et
1722 274 1765 296 tu»

981 318 1080 345 umltus
1097 318 1205 344 excitati
1223 324 1296 348 sunt,
1313 318 1473 352 cogitantes,
1484 325 1536 344 non
1555 317 1641 343 solum
1655 316 1767 351 applau-

980 365 1055 391 sibus
1067 363 1221 391 istiusmodi
1236 363 1312 395 elati,
1329 363 1377 390 sed
1392 364 1474 390 etiam
1490 370 1582 389 amore
1593 362 1634 389 sui
1648 361 1767 388 inebria~

980 410 1012 441 ti,
1028 410 1092 444 quin
1108 413 1136 436 et
1165 408 1199 435 ab
1221 409 1367 442 anticipata
1389 408 1477 442 aliqua
1505 408 1633 442 opinione
1655 407 1765 437 devicti,

979 462 1050 489 srepe
1061 454 1178 481 absurda
1192 458 1273 488 atque
1291 452 1404 480 ridicula
1433 454 1554 486 quaedam
1579 452 1704 486 dogmata
1720 458 1767 477 ex-

980 501 1099 536 cogitant
1118 507 1145 529 et
1162 501 1289 533 tradunt;
1306 500 1403 527 deinde
1425 507 1485 526 cum
1503 506 1535 525 ne
1553 498 1660 532 quidem
1674 499 1763 531 lingua

980 547 1095 582 proferri
1110 554 1140 574 ea
1156 545 1451 581 oportuerit,obtinere
1468 544 1551 571 etiam
1581 544 1624 570 illa
1652 548 1766 570 conten-

980 594 1057 621 dunt.
1074 592 1139 626 Qua:
1155 601 1216 620 cum
1231 593 1266 619 ita
1294 593 1358 623 sint,
1374 596 1482 626 oportet
1507 589 1639 624 ejusmodi
1668 589 1768 615 doctri—

980 646 1075 665 narum
1088 638 1235 670 studiosos,
1245 645 1306 664 cum
1321 636 1422 669 sciant,
1436 636 1554 662 animam
1568 634 1612 661 hic
1624 634 1649 660 in
1670 633 1768 660 discri-

948 680 951 681 ν
980 685 1052 712 mine
1081 683 1196 715 versari,
1224 687 1251 710 et
1280 682 1395 709 veritate
1426 681 1492 707 nihil
1518 679 1697 713 prteslabilius
1721 682 1769 704 aut

980 730 1119 765 antiquius
1132 737 1202 761 esse,
1222 732 1356 763 prmterea
1369 728 1450 754 etiam
1475 727 1625 760 cogitantes
1638 732 1668 751 ea
1687 723 1766 753 mala,

979 784 1039 811 qum
1052 784 1083 803 ex
1093 776 1155 802 odio
1181 781 1208 802 et
1228 775 1375 809 anticipata
1393 774 1522 808 opinione
1535 772 1675 801 oriuntur,
1691 778 1766 796 cotu-

980 828 1074 848 nmnes
1098 821 1205 854 quidem
1231 827 1261 846 se
1292 819 1412 853 pra-bere
1445 817 1590 844 dicentium
1615 815 1766 846 auditores;

981 874 1032 893 non
1048 871 1136 893 tamen
1153 865 1280 898 aequales.
1304 864 1361 891 Non
1379 868 1419 891 est
1436 867 1524 890 autem
1539 870 1620 901 unum
1641 867 1668 889 et
1684 861 1767 892 idem,

139 909 323 944 ἀμαθεστέρῳ
341 907 423 945 ἦττον
436 919 442 925 ·
461 911 508 937 καὶ
523 911 561 944 τῷ
578 912 627 946 μὲν
647 912 721 947 σοφῷ
734 913 872 943 ἐπαίνους,
887 912 927 947 τῷ

980 917 1007 938 ut
1023 912 1131 946 quidam
1152 911 1329 943 arbitrantur.
1343 909 1411 936 Nam
1427 913 1533 943 oportet
1544 909 1651 942 quidem
1665 911 1767 933 utrum-

137 956 165 980 δὲ
183 955 341 990 ἀπαιδεύτῳ
354 976 361 987 ,
374 957 398 982 εἰ
414 957 463 991 μὲν
477 957 528 983 ὑπὸ
539 957 630 992 ψόγων
647 956 704 987 οἷός
719 967 748 984 τε
763 959 805 994 εἴη
821 967 925 993 σωφρο-

138 1001 266 1035 νισθῆναι
277 1020 284 1033 ,
298 1001 416 1036 ψόγους·
433 1003 458 1028 εί
476 1003 504 1029 δὲ
525 1003 574 1038 μὴ,
592 1004 683 1039 σιγήν.
705 1004 799 1030 Ταῦτα
816 1004 865 1039 μὲν
881 1002 927 1030 οὖν

138 1048 203 1082 περὶ
221 1047 276 1073 τῶν
290 1048 474 1083 ἀκροωμένων
497 1049 627 1084 εἰρήσθω.
644 1050 713 1081 Τοὺς
733 1050 761 1076 δὲ
778 1050 907 1082 λέγοντας
919 1070 927 1082 ,

139 1092 366 1128 πρεπωδέστερον
377 1092 446 1120 εἷναί
455 1102 537 1128 φημι,
550 1094 734 1129 ἁμφισὸητεῖν
746 1095 805 1129 μὲν,
818 1094 856 1130 μὴ
865 1095 928 1129 ἐρε-

138 1136 224 1169 θίζειν
236 1137 292 1173 (36)
307 1138 344 1165 δέ.
365 1138 582 1174 Ἀμφισόητοῦσι
594 1139 704 1175 μὲνγὰρ
719 1140 848 1172 πολλάκις
862 1141 929 1177 πρὸς

138 1184 248 1218 φίλους·
266 1186 448 1219 φιλονεικοῦσι
464 1186 492 1213 δὲ
502 1187 526 1213 οἱ
541 1186 693 1222 δυσμενεῖς.
710 1186 788 1213 Οὕτω
797 1187 850 1221 γὰρ
864 1187 929 1214 καλ-

137 1229 218 1265 λίστη
229 1231 275 1257 καὶ
283 1231 482 1266 ὠφελιμωτάτη
493 1232 508 1266 ἡ
523 1231 652 1258 συνουσία
665 1233 721 1262 τοῖς
731 1240 760 1257 τε
778 1232 926 1266 φράζουσι,

137 1278 196 1308 τοῖς
213 1277 238 1303 τ’
260 1277 389 1304 ἀκούουσι
414 1279 570 1312 γενήσεται.
597 1278 631 1304 Οῖ
651 1286 680 1304 τε
701 1277 754 1312 γὰρ
781 1277 926 1311 λέγοντες,

139 1321 261 1355 μάλιστα
281 1322 314 1348 ἂν
340 1323 369 1348 ὲν
387 1324 444 1353 τοῖς
467 1322 654 1358 ἀκροωμένοις
679 1322 765 1355 οὕτως
790 1323 928 1358 εὐδόκιμοι

137 1364 211 1402 ἦσαν
231 1367 293 1402 μὲν,
314 1368 365 1395 οὐκ
388 1368 542 1396 ἐπαινοῖντο
567 1368 606 1396 δέ.
629 1369 773 1404 Εὺδόκιμοι
802 1369 851 1404 μὲν
875 1369 929 1404 γάρ

137 1413 198 1440 ἐστι
218 1413 320 1449 κυρίως
337 1414 367 1440 τὸ
388 1414 523 1449 ἀποδοχῆς
544 1414 686 1447 ἀξιοῦσθαι
707 1415 734 1440 ἐν
748 1415 808 1446 ταῖς
830 1414 929 1449 ψυχαῖς

136 1459 193 1485 τῶν
210 1460 373 1492 ἀκουόντων,
391 1462 453 1489 ταῖς
474 1461 539 1487 ἄνευ
565 1460 673 1494 ἀπάτης
696 1460 853 1491 ἀδεκάστως
876 1460 926 1491 τὰς

137 1505 246 1538 ψήφους
262 1505 418 1540 φερούσαις·
430 1504 653 1540 ἐγκωμιάζεσθαι
665 1505 694 1531 ἐν
714 1504 785 1539 λόγῳ
799 1504 929 1536 πολλάκις

137 1549 286 1576 κολακείαν
308 1551 435 1582 πνέοντι,
458 1552 504 1577 καὶ
528 1550 611 1586 μηδὲν
638 1550 808 1585 ἀληθεύοντι.
839 1550 873 1576 Οἵ
898 1558 928 1576 τε

136 1596 285 1628 ἀκούοντες
298 1597 414 1632 μάλιστα
426 1596 614 1632 εὐφραίνοιντο
628 1597 688 1632 μὲν,
703 1597 751 1631 οὐχ
765 1596 873 1632 ἥδοιντο
887 1595 926 1622 δέ.
943 1583 965 1612 C

137 1642 341 1678 Εὲφραίνεσθαι
362 1643 413 1678 μὲν
432 1643 487 1678 γάρ
507 1643 575 1674 ἐστι,
591 1643 620 1669 τὸ
635 1643 730 1678 μαθεῖν
744 1652 770 1669 τι
791 1643 845 1669 τῶν
863 1643 928 1669 καλ-

137 1689 250 1722 λίστων,
269 1689 315 1715 καὶ
328 1689 378 1724 τὴν
395 1689 527 1724 φρόνησιν
538 1689 584 1715 ἐπὶ
596 1689 625 1715 τὺ
645 1689 755 1723 ἄμεινον
775 1689 925 1724 ἁκονῆσαι·

139 1735 254 1770 ἣδεσθαι
270 1735 313 1767 δὲ,
330 1735 456 1762 ἐσθίοντα
476 1736 492 1770 ἥ
509 1744 535 1762 τι
555 1735 675 1762 τοιοῦτον
695 1735 928 1770 διαπραττόμενον

136 1781 184 1809 διὰ
200 1781 247 1808 τοῦ
266 1781 401 1816 σώματος.
416 1781 511 1808 Ταῦτα
527 1781 666 1816 κεκρίσθω
677 1789 683 1795 ·
702 1781 788 1808 ταῦτα
802 1781 925 1816 ὡρίσθω·

136 1827 225 1854 ταῦτα
237 1827 402 1862 πεφυλάχθω
412 1836 419 1843 ·
439 1828 485 1854 καὶ
503 1827 587 1863 πολλὴ
607 1828 726 1858 ἐπίδοσις
746 1828 822 1854 ἔσται
836 1828 867 1854 οὺ
880 1827 928 1863 μό-

138 1882 184 1900 νον
202 1874 231 1900 ἐν
251 1875 308 1905 τοῖς
326 1873 514 1909 ἀκροωμένοις
531 1874 571 1906 είς
587 1874 699 1909 ἀρετὴν,
717 1873 785 1900 ἀλλὰ
810 1874 928 1905 καὶτοῖς

137 1919 228 1953 λέγειν
245 1920 426 1955 πειρωμένοις
439 1921 479 1951 εἰς
492 1919 661 1954 φιλοσοφίαν.

979 966 1031 991 que
1043 958 1225 985 communiter
1240 957 1354 989 audire;
1372 965 1424 983 non
1443 961 1532 982 tamen
1561 955 1667 988 utrique
1678 961 1767 987 :t'qua-

980 1004 1084 1031 litatem
1106 1004 1235 1035 tribuere,
1252 1003 1299 1030 sed
1313 1001 1481 1036 prudentiori
1509 1000 1605 1034 magis,
1624 998 1767 1025 indoctim-i

978 1057 1043 1076 vero
1055 1050 1165 1081 minus;
1188 1054 1215 1076 et
1240 1048 1358 1083 sapienti
1384 1046 1494 1082 quidem
1519 1045 1622 1075 laudes,
1636 1045 1694 1071 rmli
1706 1051 1768 1071 vero

980 1100 1062 1129 atque
1079 1094 1216 1128 imperito,
1230 1095 1253 1121 si
1271 1095 1378 1127 quidem
1399 1094 1653 1129 reprehensionibus
1669 1093 1767 1125 corrigi

979 1140 1172 1175 ctneudarique
1200 1140 1297 1175 possit,
1330 1140 1556 1175 reprehensiones
1575 1149 1580 1167 :
1598 1139 1639 1166 sin
1668 1139 1767 1171 minus,

980 1187 1115 1213 silentium
1131 1186 1270 1214 adhibere.
1289 1186 1350 1213 llmc
1364 1187 1445 1222 igitur
1462 1186 1495 1214 de
1508 1185 1677 1213 auditoribus
1692 1185 1762 1212 tllt'lil

979 1237 1070 1260 sunto.
1088 1233 1175 1261 Porro
1202 1234 1275 1268 quod
1301 1234 1334 1260 ad
1362 1241 1409 1260 eos
1425 1233 1470 1267 qui
1490 1233 1585 1260 dicunt
1601 1232 1709 1259 attinet.
1725 1231 1768 1258 aio

980 1279 1052 1314 ipsos
1069 1281 1187 1306 maxime
1202 1279 1299 1307 decere
1324 1280 1472 1306 modestam
1497 1279 1767 1308 dubitationem,non

979 1328 1069 1351 autem
1086 1324 1204 1351 rixosam
1221 1325 1435 1351 contentionem.
1456 1325 1533 1358 Sa‘pe
1557 1324 1628 1351 enim
1644 1323 1677 1349 ad
1693 1323 1763 1350 ami-

980 1377 1027 1398 cos
1042 1370 1180 1405 ambigere
1195 1371 1283 1397 solent
1308 1371 1451 1398 homines:
1469 1370 1690 1398 contentionibus
1705 1377 1768 1395 vero

980 1417 1045 1443 dant
1060 1424 1169 1450 operam
1185 1417 1298 1443 inimici.
1311 1417 1372 1443 Hmc
1385 1417 1466 1452 igitur
1492 1416 1673 1451 pulcherrima
1687 1420 1768 1448 atque

980 1462 1124 1489 utilissima
1139 1463 1190 1489 erit
1210 1464 1391 1495 conversatio,
1410 1467 1436 1488 et
1448 1462 1481 1489 iis
1498 1463 1542 1496 qui
1571 1462 1674 1493 dicunt,
1690 1467 1717 1488 et
1736 1461 1769 1488 iis

979 1508 1025 1542 qui
1042 1508 1164 1534 audiunt.
1182 1507 1248 1534 Nam
1264 1513 1291 1534 et
1310 1509 1355 1543 qui
1378 1509 1480 1539 dicunt,
1500 1510 1534 1534 ita
1563 1509 1679 1534 maxime
1699 1508 1768 1541 aptnl

981 1561 1028 1580 eos
1044 1553 1089 1587 qui
1105 1553 1219 1580 audiunt
1235 1554 1388 1588 probabiles
1406 1559 1432 1581 et
1449 1554 1517 1589 grati
1539 1558 1628 1590 erunt,
1647 1561 1700 1579 non
1719 1561 1768 1579 nu-

982 1603 1034 1625 teni
1051 1598 1419 1626 laudabuntur.Probabilem
1436 1599 1507 1625 enim
1523 1606 1582 1626 csse
1594 1599 1645 1625 hoc
1660 1598 1768 1632 pr0prie

982 1644 1062 1676 cst,si
1081 1645 1140 1679 quis
1153 1645 1178 1671 in
1210 1646 1306 1672 animis
1330 1646 1495 1672 amlientium
1520 1645 1714 1679 approbatione
1728 1644 1769 1670 di-

982 1697 1051 1722 gnus
1081 1696 1235 1721 censeatur,
1266 1691 1312 1725 qui
1345 1692 1404 1718 sine
1434 1691 1529 1717 fraude
1552 1699 1584 1717 ac
1612 1691 1770 1724 deceptione

983 1736 1139 1771 incorrupte
1153 1736 1270 1764 calculus
1302 1736 1527 1765 ferunt.Laudari
1554 1744 1617 1764 vero
1644 1736 1770 1765 consistit

982 1781 1009 1808 in
1025 1782 1157 1813 oratione,
1178 1789 1237 1816 qute
1250 1789 1436 1816 sa‘penumero
1449 1782 1659 1809 assentationem
1672 1781 1768 1815 spirat,

982 1828 1103 1862 nihilque
1133 1829 1190 1855 veri
1218 1828 1243 1854 in
1269 1835 1298 1855 se
1322 1828 1455 1855 continet.
1483 1827 1515 1854 Et
1540 1835 1605 1855 vero
1633 1827 1772 1854 auditores

982 1875 1099 1901 maxime
1116 1874 1222 1909 qtiidetn
1240 1873 1411 1906 hetabuntur,
1423 1881 1474 1900 non
1493 1878 1581 1900 autem
1595 1872 1766 1900 delectabun-

982 1924 1034 1947 tur.
1061 1919 1108 1946 Est
1135 1920 1206 1947 enim
1227 1919 1325 1952 lzetari,
1341 1920 1446 1947 discere
1469 1920 1570 1954 aliquid
1601 1927 1690 1947 rerum
1710 1917 1768 1952 pul-

135 1967 336 1993 cherrimarum
360 1972 387 1995 et
414 1968 666 1995 honestissimarum
687 1967 846 2001 :ldelectari
863 1974 926 1995 vero
945 1967 1119 2002 suaviterque
1150 1967 1220 1994 allici
1238 1972 1289 2000 est,
1306 1967 1369 1994 dum
1394 1967 1455 2001 quis
1489 1967 1616 1998 comedit,
1635 1970 1681 1992 aut
1695 1965 1772 2000 quid-

137 2012 209 2046 piam
224 2013 313 2040 simile
325 2020 374 2047 per
392 2021 489 2048 corpus
504 2014 568 2049 agit.
586 2012 649 2041 llzec
671 2013 708 2040 ita
725 2013 842 2047 iudicata
857 2014 924 2046 sint,
944 2013 1002 2040 haec
1020 2013 1142 2044 definita,
1158 2013 1215 2040 haec
1249 2013 1445 2041 observentur:
1476 2013 1516 2040 sic
1536 2012 1655 2040 futurum
1671 2017 1722 2043 est,
1742 2016 1770 2038 ut

136 2065 234 2092 tuagua
250 2066 302 2085 non
330 2059 418 2086 solum
438 2061 463 2087 in
487 2061 657 2088 auditoribus
678 2061 712 2088 ad
727 2060 864 2093 virtutem,
877 2060 924 2088 sed
944 2060 1027 2088 etiam
1044 2060 1070 2087 in
1101 2060 1135 2088 iis
1149 2061 1194 2095 qui
1209 2060 1315 2088 dicendi
1350 2060 1439 2087 studio
1461 2064 1597 2093 tenentur,
1613 2059 1646 2087 ad
1657 2059 1768 2093 sapien-

137 2105 215 2136 tiam,
232 2106 278 2133 Iiat
292 2107 425 2134 accessio.

387 2166 471 2192 me.
492 2181 526 2186 -
545 2167 673 2202 ΠΑΥΛῼ.

136 2211 203 2238 Ὀτι
221 2212 276 2238 οὐκ
289 2210 329 2246 ἦν
341 2212 496 2247 συμφέρον
509 2212 568 2249 τῷν
582 2213 702 2240 πάντων
715 2213 828 2249 γνῶσιν
845 2213 926 2247 ἔχειν

486 2248 575 2282 ἡμᾶς.

175 2303 286 2330 Πολλῶν
309 2303 511 2340 προϐλημάτων
531 2304 615 2339 ἐσμὸν
637 2305 775 2340 συντόμως
798 2305 925 2331 ἐπιλῦσαι

138 2349 321 2384 πειράσομαι.
337 2349 410 2384 Φημὶ
432 2349 532 2381 τοίνυν,
548 2349 588 2384 ᾅτι
612 2350 628 2384 ἡ
649 2350 720 2384 θήρα
735 2351 784 2384 τῆς
798 2349 925 2383 γνώσεως

136 2395 194 2421 τῶν
212 2394 365 2430 μελλόντων
382 2395 448 2429 ἡμῖν
462 2397 534 2422 κατὰ
556 2395 631 2422 τόνδε
643 2396 687 2422 τὸν
702 2395 758 2430 βίον
773 2395 790 2431 ἢ
809 2396 925 2430 πράττε-

137 2440 201 2467 σθαι
224 2440 241 2476 ἢ
266 2440 435 2475 συμϐαίνειν,
455 2440 505 2467 κᾶν
529 2442 553 2467 εἰ
581 2441 650 2475 (57),
665 2441 702 2472 ὡς
726 2441 810 2476 ἔφης,
827 2442 925 2476 ἐφικτὴ

135 2486 184 2512 καὶ
200 2487 350 2522 ἁλώσιμος.
366 2487 506 2519 παντελῶς
520 2487 567 2513 καὶ
585 2488 725 2523 ἀνωφελὴς
743 2488 789 2514 καὶ
805 2488 926 2523 σφαλερὰ

136 2531 278 2566 τυγχάνει.
297 2531 328 2558 Εἰ
343 2531 391 2566 μὲν
405 2531 458 2567 γὰρ
471 2532 520 2558 οὐκ
536 2531 594 2558 ἔστι
611 2532 790 2565 φυλάξασθαι,
803 2533 926 2568 ἀφαιρεῖ-

137 2586 184 2604 ται
211 2577 291 2613 ἡμῶν
318 2577 367 2612 τὴν
388 2577 455 2613 πρὸς
481 2577 514 2604 τὰ
540 2578 729 2613 συμπίπτοντα
755 2587 928 2613 παρασκευα-

138 2623 237 2659 σθῆναι
253 2623 413 2658 ὀφείλουσαν
434 2624 544 2660 ἀρετήν.
561 2624 614 2650 Τοῦ
637 2624 689 2659 γὰρ
715 2625 930 2659 προσπίπτοντος

137 2669 298 2705 ἀδοκήτως,
322 2669 397 2696 οὐδὲν
422 2669 506 2701 οὕτως
524 2670 571 2705 τὴν
594 2669 782 2705 εὐθημοσύνην
807 2670 929 2705 πορίζειν

1223 2166 1353 2195 CXXXII.
1374 2182 1405 2188 ι-
1420 2165 1543 2194 PAULO.

983 2205 1044 2241 Non
1061 2214 1143 2248 fuisse
1161 2222 1192 2241 ex
1207 2222 1256 2241 usu
1280 2218 1381 2242 nostro.
1396 2218 1422 2239 ut
1443 2213 1558 2239 ontnium
1581 2219 1668 2237 rerum
1683 2211 1772 2244 cogni-

1214 2250 1283 2276 tione
1300 2248 1406 2283 praedili
1418 2256 1543 2274 essemus.

1031 2307 1174 2333 Multarum
1211 2305 1390 2341 qumslionum
1432 2304 1540 2331 turbam
1581 2303 1771 2337 compendiose

978 2350 1063 2386 488
1076 2351 1181 2378 solvere
1198 2351 1327 2377 conabor.
1348 2349 1398 2376 Aio
1425 2349 1518 2383 igitur,
1535 2348 1770 2381 investigationem

978 2399 1142 2434 cognitionis
1151 2406 1243 2425 earum
1262 2405 1364 2429 rerum,
1381 2405 1440 2432 quah
1457 2398 1534 2424 nobis
1549 2397 1574 2424 in
1591 2397 1639 2423 hat-
1656 2397 1708 2422 vita
1727 2400 1772 2421 aut
1817 2410 1822 2414 -

978 2445 1100 2480 agendae,
1117 2449 1164 2472 aut
1186 2449 1324 2471 eventura:
1349 2449 1462 2475 restant,
1480 2443 1670 2478 quantumvis,
1688 2448 1716 2468 ut
1731 2442 1772 2468 in—

978 2490 1103 2523 quiebas,
1119 2486 1181 2516 Eam
1195 2489 1303 2524 assequi
1319 2494 1400 2523 atque
1427 2488 1658 2524 comprehendere
1675 2495 1768 2522 posse-

979 2543 1047 2568 mus,
1062 2539 1089 2562 et
1102 2535 1222 2562 inutilem
1237 2540 1325 2562 tamen
1343 2535 1454 2562 omnino
1465 2541 1490 2562 et
1503 2533 1680 2569 periculosam
1693 2539 1764 2559 esse.

980 2580 1044 2607 Nam
1063 2581 1084 2607 si
1102 2581 1183 2608 vitari
1199 2586 1348 2615 nequeunt,
1370 2581 1538 2615 praescientia
1555 2579 1598 2606 illa
1617 2578 1706 2605 aufert
1721 2584 1768 2604 uo-

984 2625 1026 2652 bis
1037 2633 1108 2658 eam,
1124 2633 1184 2661 qua;
1210 2626 1341 2652 adversus
1369 2632 1458 2656 casus,
1472 2624 1517 2658 qui
1541 2622 1618 2649 nobis
1634 2621 1770 2650 accidunt,

985 2670 1092 2698 fortiter
1110 2671 1236 2698 ferendos
1266 2671 1362 2697 instrui
1389 2670 1478 2701 debet,
1496 2669 1634 2695 virtutem.
1648 2665 1720 2693 Nihil
1731 2668 1771 2691 est

688 2760 801 2788 VARIAS
821 2759 1010 2788 LECTIONES
1028 2759 1071 2787 ET
1091 2760 1207 2789 NOT/E.

180 2841 236 2875 (56)
255 2839 308 2866 Pro
324 2838 455 2874 ἐρεθίζειν
473 2841 540 2867 idem
554 2841 611 2867 rod.
630 2841 707 2867 habet
726 2840 834 2875 ἐρίζειν.
851 2841 927 2867 \‘ors.

139 2881 167 2902 et
186 2877 270 2902 verbo
287 2876 335 2901 till.
358 2882 401 2908 ep.
425 2875 580 2909 φιλοσοφίαν
608 2876 675 2902 idem
701 2877 801 2902 breviat
830 2877 855 2902 in
885 2885 925 2901 tm-

986 2840 1186 2878 eiayli‘pssm:
1236 2875 1259 2878 __
1298 2875 1301 2878 _
1353 2873 1363 2878 ί
1402 2869 1412 2878 ν
1475 2871 1480 2878 ,
1511 2870 1557 2878 ,.,
1589 2869 1619 2878 ρ..

1020 2875 1076 2908 (S7)
1091 2875 1142 2901 Pro
1155 2875 1204 2901 κᾶν
1221 2875 1241 2900 εἰ
1255 2875 1313 2908 legit
1333 2873 1382 2899 κᾶν
1434 2871 1492 2896 ιόιί.
1511 2870 1569 2896 Val.
1588 2868 1646 2895 (ἶῖἰθ.
1665 2867 1704 2895 ID.
