  <div class='ocr_page' id='page_1' title='image "/cluster/home/n/w/nwhite01/storage/ocr_20150623/78/njp.32101077772794/662.png"; bbox 0 0 2040 3161; ppageno 0'>
   <div class='ocr_carea' id='block_1_1' title="bbox 134 178 200 211">
    <p class='ocr_par' dir='ltr' id='par_1_1' title="bbox 134 178 200 211">
     <span class='ocr_line' id='line_1_1' title="bbox 134 178 200 211; baseline 0 -1"><span class='ocrx_word' id='word_1_1' title='bbox 134 178 200 211; x_wconf 73' lang='grc'><strong>1217</strong></span> 
     </span>
    </p>
   </div>
   <div class='ocr_carea' id='block_1_2' title="bbox 533 177 1359 212">
    <p class='ocr_par' dir='ltr' id='par_1_2' title="bbox 533 177 1359 212">
     <span class='ocr_line' id='line_1_2' title="bbox 533 177 1359 212; baseline 0.006 -5"><span class='ocrx_word' id='word_1_2' title='bbox 533 177 800 207; x_wconf 83' lang='lat' dir='ltr'><strong>EPISTOLARUM</strong></span> <span class='ocrx_word' id='word_1_3' title='bbox 819 178 892 207; x_wconf 88' lang='lat' dir='ltr'><strong>LIB.</strong></span> <span class='ocrx_word' id='word_1_4' title='bbox 913 178 961 208; x_wconf 93' lang='lat' dir='ltr'><strong>IV.</strong></span> <span class='ocrx_word' id='word_1_5' title='bbox 982 191 1016 196; x_wconf 88' lang='grc'><strong>-</strong></span> <span class='ocrx_word' id='word_1_6' title='bbox 1035 179 1153 210; x_wconf 89' lang='lat' dir='ltr'><strong>EPIST.</strong></span> <span class='ocrx_word' id='word_1_7' title='bbox 1173 181 1359 212; x_wconf 74' lang='lat' dir='ltr'><strong>CXXXVIII.</strong></span> 
     </span>
    </p>
   </div>
   <div class='ocr_carea' id='block_1_3' title="bbox 1697 181 1764 222">
    <p class='ocr_par' dir='ltr' id='par_1_3' title="bbox 1697 181 1764 222">
     <span class='ocr_line' id='line_1_3' title="bbox 1697 181 1764 222; baseline 0.015 -9"><span class='ocrx_word' id='word_1_8' title='bbox 1697 181 1764 222; x_wconf 73' lang='lat'><strong>1218</strong></span> 
     </span>
    </p>
   </div>
   <div class='ocr_carea' id='block_1_4' title="bbox 134 231 931 271">
    <p class='ocr_par' dir='ltr' id='par_1_4' title="bbox 134 231 920 271">
     <span class='ocr_line' id='line_1_4' title="bbox 134 231 920 271; baseline -0.003 -10"><span class='ocrx_word' id='word_1_9' title='bbox 134 243 208 271; x_wconf 86' lang='grc' dir='ltr'>ματα</span> <span class='ocrx_word' id='word_1_10' title='bbox 224 232 404 268; x_wconf 76' lang='grc' dir='ltr'><strong>παρέχοντες,</strong></span> <span class='ocrx_word' id='word_1_11' title='bbox 422 231 468 263; x_wconf 81' lang='grc' dir='ltr'><strong>οὒς</strong></span> <span class='ocrx_word' id='word_1_12' title='bbox 484 231 534 259; x_wconf 70' lang='grc' dir='ltr'><strong>οὒκ</strong></span> <span class='ocrx_word' id='word_1_13' title='bbox 549 232 582 258; x_wconf 77' lang='grc' dir='ltr'>ἄν</span> <span class='ocrx_word' id='word_1_14' title='bbox 601 241 644 264; x_wconf 85' lang='grc' dir='ltr'><strong>τις</strong></span> <span class='ocrx_word' id='word_1_15' title='bbox 659 233 726 268; x_wconf 79' lang='grc' dir='ltr'>φαίη</span> <span class='ocrx_word' id='word_1_16' title='bbox 747 232 841 268; x_wconf 73' lang='grc' dir='ltr'>μισθὸν</span> <span class='ocrx_word' id='word_1_17' title='bbox 857 241 920 268; x_wconf 81' lang='grc' dir='ltr'>προ-</span> 
     </span>
    </p>
   </div>
   <div class='ocr_carea' id='block_1_5' title="bbox 970 231 1762 271">
    <p class='ocr_par' dir='ltr' id='par_1_5' title="bbox 976 233 1762 271">
     <span class='ocr_line' id='line_1_5' title="bbox 976 233 1762 271; baseline 0.009 -13"><span class='ocrx_word' id='word_1_18' title='bbox 976 233 1131 266; x_wconf 84' lang='lat' dir='ltr'><strong>humanam,</strong></span> <span class='ocrx_word' id='word_1_19' title='bbox 1143 240 1189 261; x_wconf 87' lang='lat' dir='ltr'><strong>aut</strong></span> <span class='ocrx_word' id='word_1_20' title='bbox 1208 236 1273 263; x_wconf 82' lang='lat' dir='ltr'><strong>lucri</strong></span> <span class='ocrx_word' id='word_1_21' title='bbox 1285 235 1401 270; x_wconf 77' lang='lat' dir='ltr'><strong>alicujus</strong></span> <span class='ocrx_word' id='word_1_22' title='bbox 1416 235 1502 271; x_wconf 83' lang='lat' dir='ltr'><strong>gratia</strong></span> <span class='ocrx_word' id='word_1_23' title='bbox 1530 235 1562 264; x_wconf 86' lang='lat' dir='ltr'><strong>ad</strong></span> <span class='ocrx_word' id='word_1_24' title='bbox 1581 236 1652 264; x_wconf 87' lang='lat' dir='ltr'><strong>hanc</strong></span> <span class='ocrx_word' id='word_1_25' title='bbox 1679 237 1762 266; x_wconf 83' lang='lat' dir='ltr'><strong>vitam</strong></span> 
     </span>
    </p>
   </div>
   <div class='ocr_carea' id='block_1_6' title="bbox 132 277 921 315">
    <p class='ocr_par' dir='ltr' id='par_1_6' title="bbox 132 277 921 315">
     <span class='ocr_line' id='line_1_6' title="bbox 132 277 921 315; baseline -0.001 -10"><span class='ocrx_word' id='word_1_26' title='bbox 132 281 217 315; x_wconf 81' lang='grc' dir='ltr'>φήτου</span> <span class='ocrx_word' id='word_1_27' title='bbox 234 277 394 313; x_wconf 75' lang='grc' dir='ltr'>λαμϐάνειν.</span> <span class='ocrx_word' id='word_1_28' title='bbox 412 277 444 303; x_wconf 86' lang='lat' dir='ltr'><strong>El</strong></span> <span class='ocrx_word' id='word_1_29' title='bbox 458 277 486 303; x_wconf 81' lang='grc' dir='ltr'><strong>δέ</strong></span> <span class='ocrx_word' id='word_1_30' title='bbox 501 285 543 308; x_wconf 87' lang='grc' dir='ltr'><strong>τις</strong></span> <span class='ocrx_word' id='word_1_31' title='bbox 557 278 620 304; x_wconf 79' lang='grc' dir='ltr'>ἄνευ</span> <span class='ocrx_word' id='word_1_32' title='bbox 639 277 694 304; x_wconf 83' lang='grc' dir='ltr'>τῶν</span> <span class='ocrx_word' id='word_1_33' title='bbox 711 277 841 304; x_wconf 77' lang='grc' dir='ltr'><strong>τοιούτων</strong></span> <span class='ocrx_word' id='word_1_34' title='bbox 859 278 921 304; x_wconf 78' lang='grc' dir='ltr'>ἐπι-</span> 
     </span>
    </p>
   </div>
   <div class='ocr_carea' id='block_1_7' title="bbox 131 322 923 359">
    <p class='ocr_par' dir='ltr' id='par_1_7' title="bbox 131 322 923 359">
     <span class='ocr_line' id='line_1_7' title="bbox 131 322 923 359; baseline -0.008 -4"><span class='ocrx_word' id='word_1_35' title='bbox 131 324 320 359; x_wconf 72' lang='grc' dir='ltr'>καλυμμάτων</span> <span class='ocrx_word' id='word_1_36' title='bbox 332 323 422 358; x_wconf 82' lang='grc' dir='ltr'>γυμνῇ</span> <span class='ocrx_word' id='word_1_37' title='bbox 440 324 473 358; x_wconf 81' lang='grc' dir='ltr'>τῇ</span> <span class='ocrx_word' id='word_1_38' title='bbox 488 322 562 358; x_wconf 78' lang='grc' dir='ltr'>ψυχῇ</span> <span class='ocrx_word' id='word_1_39' title='bbox 574 323 642 358; x_wconf 77' lang='grc' dir='ltr'>πρὸς</span> <span class='ocrx_word' id='word_1_40' title='bbox 653 323 684 350; x_wconf 84' lang='grc' dir='ltr'><strong>τὸ</strong></span> <span class='ocrx_word' id='word_1_41' title='bbox 699 324 801 358; x_wconf 63' lang='grc' dir='ltr'>ἀγαθον</span> <span class='ocrx_word' id='word_1_42' title='bbox 815 323 923 358; x_wconf 79' lang='grc' dir='ltr'><strong>βλέπων</strong></span> 
     </span>
    </p>
   </div>
   <div class='ocr_carea' id='block_1_8' title="bbox 129 369 923 407">
    <p class='ocr_par' dir='ltr' id='par_1_8' title="bbox 129 369 923 407">
     <span class='ocr_line' id='line_1_8' title="bbox 129 369 923 407; baseline -0.003 -9"><span class='ocrx_word' id='word_1_43' title='bbox 129 370 335 407; x_wconf 80' lang='grc' dir='ltr'>τιμήσειε-τοὺς</span> <span class='ocrx_word' id='word_1_44' title='bbox 357 369 470 403; x_wconf 85' lang='grc' dir='ltr'><strong>ἁγίους,</strong></span> <span class='ocrx_word' id='word_1_45' title='bbox 496 369 511 396; x_wconf 83' lang='grc' dir='ltr'>ὁ</span> <span class='ocrx_word' id='word_1_46' title='bbox 527 369 649 402; x_wconf 79' lang='grc' dir='ltr'>τοιοῦτος</span> <span class='ocrx_word' id='word_1_47' title='bbox 674 371 744 405; x_wconf 77' lang='grc' dir='ltr'>μετὰ</span> <span class='ocrx_word' id='word_1_48' title='bbox 761 371 815 397; x_wconf 84' lang='grc' dir='ltr'>τῶν</span> <span class='ocrx_word' id='word_1_49' title='bbox 838 370 923 404; x_wconf 82' lang='grc' dir='ltr'>ἁγίων</span> 
     </span>
    </p>
   </div>
   <div class='ocr_carea' id='block_1_9' title="bbox 130 414 519 451">
    <p class='ocr_par' dir='ltr' id='par_1_9' title="bbox 130 414 519 451">
     <span class='ocr_line' id='line_1_9' title="bbox 130 414 519 451; baseline -0.003 -8"><span class='ocrx_word' id='word_1_50' title='bbox 130 417 244 448; x_wconf 77' lang='grc' dir='ltr'><strong>εἰκότως</strong></span> <span class='ocrx_word' id='word_1_51' title='bbox 259 414 519 451; x_wconf 72' lang='grc' dir='ltr'>συνδοξασοήσεται,</span> 
     </span>
    </p>
   </div>
   <div class='ocr_carea' id='block_1_10' title="bbox 280 556 671 593">
    <p class='ocr_par' dir='ltr' id='par_1_10' title="bbox 280 556 671 593">
     <span class='ocr_line' id='line_1_10' title="bbox 280 556 671 593; baseline -0.003 -10"><span class='ocrx_word' id='word_1_52' title='bbox 280 588 283 593; x_wconf 39' lang='grc' dir='ltr'>ι</span> <span class='ocrx_word' id='word_1_53' title='bbox 377 556 470 590; x_wconf 68' lang='lat' dir='ltr'><strong>PAG‘.</strong></span> <span class='ocrx_word' id='word_1_54' title='bbox 489 572 521 577; x_wconf 88' lang='lat'><strong>——</strong></span> <span class='ocrx_word' id='word_1_55' title='bbox 532 557 671 592; x_wconf 78' lang='grc' dir='ltr'><strong>ΑΛΥΠῙῼ.</strong></span> 
     </span>
    </p>
   </div>
   <div class='ocr_carea' id='block_1_11' title="bbox 200 602 848 638">
    <p class='ocr_par' dir='ltr' id='par_1_11' title="bbox 200 602 848 638">
     <span class='ocr_line' id='line_1_11' title="bbox 200 602 848 638; baseline 0 -8"><span class='ocrx_word' id='word_1_56' title='bbox 200 602 266 637; x_wconf 84' lang='grc' dir='ltr'><strong>Πῶς</strong></span> <span class='ocrx_word' id='word_1_57' title='bbox 286 602 305 637; x_wconf 73' lang='grc' dir='ltr'><strong>ἡ</strong></span> <span class='ocrx_word' id='word_1_58' title='bbox 320 603 466 636; x_wconf 77' lang='grc' dir='ltr'>,ϐασιλεία</span> <span class='ocrx_word' id='word_1_59' title='bbox 485 603 544 630; x_wconf 76' lang='grc' dir='ltr'><strong>τῶν</strong></span> <span class='ocrx_word' id='word_1_60' title='bbox 556 603 693 638; x_wconf 81' lang='grc' dir='ltr'>οὐρανῶν</span> <span class='ocrx_word' id='word_1_61' title='bbox 706 602 848 636; x_wconf 77' lang='grc' dir='ltr'>βιάζεται.</span> 
     </span>
    </p>
   </div>
   <div class='ocr_carea' id='block_1_12' title="bbox 166 659 920 696">
    <p class='ocr_par' dir='ltr' id='par_1_12' title="bbox 166 659 920 696">
     <span class='ocr_line' id='line_1_12' title="bbox 166 659 920 696; baseline 0.003 -10"><span class='ocrx_word' id='word_1_62' title='bbox 166 660 206 687; x_wconf 78' lang='grc' dir='ltr'><strong>Τὰ</strong></span> <span class='ocrx_word' id='word_1_63' title='bbox 219 659 324 686; x_wconf 68' lang='grc' dir='ltr'>ἔπαθλα</span> <span class='ocrx_word' id='word_1_64' title='bbox 338 660 450 695; x_wconf 82' lang='grc' dir='ltr'>μείζονα</span> <span class='ocrx_word' id='word_1_65' title='bbox 463 660 527 686; x_wconf 82' lang='grc' dir='ltr'>ὄντα</span> <span class='ocrx_word' id='word_1_66' title='bbox 541 660 631 696; x_wconf 81' lang='grc' dir='ltr'><strong>πάσης</strong></span> <span class='ocrx_word' id='word_1_67' title='bbox 646 660 820 696; x_wconf 75' lang='grc' dir='ltr'><strong>ἀνθρωπίνης</strong></span> <span class='ocrx_word' id='word_1_68' title='bbox 832 661 920 694; x_wconf 78' lang='grc' dir='ltr'>ἀξίας,</span> 
     </span>
    </p>
   </div>
   <div class='ocr_carea' id='block_1_13' title="bbox 130 705 920 743">
    <p class='ocr_par' dir='ltr' id='par_1_13' title="bbox 130 705 920 743">
     <span class='ocr_line' id='line_1_13' title="bbox 130 705 920 743; baseline -0.001 -9"><span class='ocrx_word' id='word_1_69' title='bbox 130 707 180 734; x_wconf 65' lang='grc' dir='ltr'><strong>καὶ</strong></span> <span class='ocrx_word' id='word_1_70' title='bbox 195 708 226 734; x_wconf 77' lang='grc' dir='ltr'>ἐκ</span> <span class='ocrx_word' id='word_1_71' title='bbox 241 706 339 733; x_wconf 79' lang='grc' dir='ltr'>πολλοῦ</span> <span class='ocrx_word' id='word_1_72' title='bbox 359 705 406 734; x_wconf 82' lang='grc' dir='ltr'>τοῦ</span> <span class='ocrx_word' id='word_1_73' title='bbox 423 706 563 742; x_wconf 77' lang='grc' dir='ltr'><strong>περιόντος</strong></span> <span class='ocrx_word' id='word_1_74' title='bbox 580 706 629 741; x_wconf 84' lang='grc' dir='ltr'>τὴν</span> <span class='ocrx_word' id='word_1_75' title='bbox 642 707 699 738; x_wconf 81' lang='grc' dir='ltr'>τοῖς</span> <span class='ocrx_word' id='word_1_76' title='bbox 723 707 815 738; x_wconf 73' lang='grc' dir='ltr'>πόνοις</span> <span class='ocrx_word' id='word_1_77' title='bbox 836 716 920 743; x_wconf 78' lang='grc' dir='ltr'>χρεω-</span> 
     </span>
    </p>
   </div>
   <div class='ocr_carea' id='block_1_14' title="bbox 131 751 921 789">
    <p class='ocr_par' dir='ltr' id='par_1_14' title="bbox 131 751 921 789">
     <span class='ocr_line' id='line_1_14' title="bbox 131 751 921 789; baseline 0 -10"><span class='ocrx_word' id='word_1_78' title='bbox 131 753 284 789; x_wconf 83' lang='grc' dir='ltr'>στουμὲνην</span> <span class='ocrx_word' id='word_1_79' title='bbox 295 752 413 787; x_wconf 74' lang='grc' dir='ltr'>ἀμοιϐὴν</span> <span class='ocrx_word' id='word_1_80' title='bbox 424 751 623 788; x_wconf 71' lang='grc' dir='ltr'>ὑπερϐαίνοντα</span> <span class='ocrx_word' id='word_1_81' title='bbox 634 760 641 766; x_wconf 80' lang='grc'>⁶</span> <span class='ocrx_word' id='word_1_82' title='bbox 659 752 709 779; x_wconf 79' lang='grc' dir='ltr'>οὐκ</span> <span class='ocrx_word' id='word_1_83' title='bbox 732 752 796 784; x_wconf 81' lang='grc' dir='ltr'>ἄξια</span> <span class='ocrx_word' id='word_1_84' title='bbox 816 753 870 788; x_wconf 80' lang='grc' dir='ltr'>γὰρ</span> <span class='ocrx_word' id='word_1_85' title='bbox 887 753 921 780; x_wconf 80' lang='grc' dir='ltr'><strong>τὰ</strong></span> 
     </span>
    </p>
   </div>
   <div class='ocr_carea' id='block_1_15' title="bbox 130 798 920 835">
    <p class='ocr_par' dir='ltr' id='par_1_15' title="bbox 130 798 920 835">
     <span class='ocr_line' id='line_1_15' title="bbox 130 798 920 835; baseline 0 -9"><span class='ocrx_word' id='word_1_86' title='bbox 130 800 281 835; x_wconf 79' lang='grc' dir='ltr'>παθήματα</span> <span class='ocrx_word' id='word_1_87' title='bbox 294 798 341 826; x_wconf 81' lang='grc' dir='ltr'>τοῦ</span> <span class='ocrx_word' id='word_1_88' title='bbox 358 798 406 825; x_wconf 80' lang='grc' dir='ltr'>νῦν</span> <span class='ocrx_word' id='word_1_89' title='bbox 423 798 520 833; x_wconf 84' lang='grc' dir='ltr'>καιροῦ</span> <span class='ocrx_word' id='word_1_90' title='bbox 533 799 601 835; x_wconf 85' lang='grc' dir='ltr'>πρὸς</span> <span class='ocrx_word' id='word_1_91' title='bbox 616 799 663 834; x_wconf 77' lang='grc' dir='ltr'>τὴν</span> <span class='ocrx_word' id='word_1_92' title='bbox 680 799 830 834; x_wconf 76' lang='grc' dir='ltr'>μέλλουσαν</span> <span class='ocrx_word' id='word_1_93' title='bbox 841 799 920 832; x_wconf 75' lang='grc' dir='ltr'>δόξαν</span> 
     </span>
    </p>
   </div>
   <div class='ocr_carea' id='block_1_16' title="bbox 129 845 918 882">
    <p class='ocr_par' dir='ltr' id='par_1_16' title="bbox 129 845 918 882">
     <span class='ocr_line' id='line_1_16' title="bbox 129 845 918 882; baseline 0 -9"><span class='ocrx_word' id='word_1_94' title='bbox 129 846 355 881; x_wconf 66' lang='grc' dir='ltr'>ἀποκαλυφθῆναι</span> <span class='ocrx_word' id='word_1_95' title='bbox 367 847 406 877; x_wconf 87' lang='grc' dir='ltr'><strong>είς</strong></span> <span class='ocrx_word' id='word_1_96' title='bbox 418 846 502 880; x_wconf 78' lang='grc' dir='ltr'>ἡμᾶς,</span> <span class='ocrx_word' id='word_1_97' title='bbox 515 845 566 881; x_wconf 78' lang='grc' dir='ltr'><strong>ἔφη</strong></span> <span class='ocrx_word' id='word_1_98' title='bbox 581 845 611 872; x_wconf 78' lang='grc' dir='ltr'>τὸ</span> <span class='ocrx_word' id='word_1_99' title='bbox 624 846 720 878; x_wconf 73' lang='grc' dir='ltr'>σκεῦος</span> <span class='ocrx_word' id='word_1_100' title='bbox 728 847 778 882; x_wconf 82' lang='grc' dir='ltr'><strong>τῆς</strong></span> <span class='ocrx_word' id='word_1_101' title='bbox 789 847 918 882; x_wconf 82' lang='grc' dir='ltr'><strong>ἐκλογῆς·</strong></span> 
     </span>
    </p>
   </div>
   <div class='ocr_carea' id='block_1_17' title="bbox 130 889 920 926">
    <p class='ocr_par' dir='ltr' id='par_1_17' title="bbox 130 889 920 926">
     <span class='ocr_line' id='line_1_17' title="bbox 130 889 920 926; baseline 0.001 -9"><span class='ocrx_word' id='word_1_102' title='bbox 130 892 178 917; x_wconf 84' lang='grc' dir='ltr'><strong>καί</strong></span> <span class='ocrx_word' id='word_1_103' title='bbox 192 891 240 926; x_wconf 85' lang='grc' dir='ltr'>τὴν</span> <span class='ocrx_word' id='word_1_104' title='bbox 257 890 400 917; x_wconf 85' lang='grc' dir='ltr'>ἀσθένειαν</span> <span class='ocrx_word' id='word_1_105' title='bbox 420 890 470 924; x_wconf 80' lang='grc' dir='ltr'>τῆς</span> <span class='ocrx_word' id='word_1_106' title='bbox 485 889 594 924; x_wconf 82' lang='grc' dir='ltr'>φύσεως</span> <span class='ocrx_word' id='word_1_107' title='bbox 618 890 786 922; x_wconf 70' lang='grc' dir='ltr'>ἐκϐιάζεται.</span> <span class='ocrx_word' id='word_1_108' title='bbox 811 891 857 918; x_wconf 81' lang='grc' dir='ltr'><strong>Διὸ</strong></span> <span class='ocrx_word' id='word_1_109' title='bbox 874 891 920 918; x_wconf 79' lang='grc' dir='ltr'>καὶ</span> 
     </span>
    </p>
   </div>
   <div class='ocr_carea' id='block_1_18' title="bbox 128 928 918 974">
    <p class='ocr_par' dir='ltr' id='par_1_18' title="bbox 128 928 918 974">
     <span class='ocr_line' id='line_1_18' title="bbox 128 928 918 974; baseline 0.004 -12"><span class='ocrx_word' id='word_1_110' title='bbox 128 937 247 972; x_wconf 78' lang='grc' dir='ltr'><strong>ὲρῤέθη·</strong></span> <span class='ocrx_word' id='word_1_111' title='bbox 266 947 274 962; x_wconf 78' lang='grc' dir='ltr'><strong>ι</strong></span> <span class='ocrx_word' id='word_1_112' title='bbox 299 936 331 963; x_wconf 80' lang='lat' dir='ltr'><strong>&#39;H</strong></span> <span class='ocrx_word' id='word_1_113' title='bbox 345 928 468 971; x_wconf 85' lang='grc' dir='ltr'>βασιλεία</span> <span class='ocrx_word' id='word_1_114' title='bbox 488 937 542 963; x_wconf 84' lang='grc' dir='ltr'>τῶν</span> <span class='ocrx_word' id='word_1_115' title='bbox 563 937 684 972; x_wconf 80' lang='grc' dir='ltr'>οὐρανῶν</span> <span class='ocrx_word' id='word_1_116' title='bbox 710 938 832 973; x_wconf 77' lang='grc' dir='ltr'>βιάζεται</span> <span class='ocrx_word' id='word_1_117' title='bbox 850 939 918 974; x_wconf 69' lang='grc'>(42),</span> 
     </span>
    </p>
   </div>
   <div class='ocr_carea' id='block_1_19' title="bbox 129 981 919 1018">
    <p class='ocr_par' dir='ltr' id='par_1_19' title="bbox 129 981 919 1018">
     <span class='ocr_line' id='line_1_19' title="bbox 129 981 919 1018; baseline 0.003 -10"><span class='ocrx_word' id='word_1_118' title='bbox 129 982 177 1008; x_wconf 73' lang='grc' dir='ltr'>καὶ</span> <span class='ocrx_word' id='word_1_119' title='bbox 191 981 304 1016; x_wconf 76' lang='grc' dir='ltr'>βιασταὶ</span> <span class='ocrx_word' id='word_1_120' title='bbox 324 981 494 1017; x_wconf 79' lang='grc' dir='ltr'>ἁρπάζουσιν</span> <span class='ocrx_word' id='word_1_121' title='bbox 510 982 607 1017; x_wconf 82' lang='grc' dir='ltr'>αὑτήν.</span> <span class='ocrx_word' id='word_1_122' title='bbox 628 992 637 1009; x_wconf 73' lang='grc' dir='ltr'><strong>ι</strong></span> <span class='ocrx_word' id='word_1_123' title='bbox 655 983 730 1009; x_wconf 87' lang='grc' dir='ltr'>Ποῐοι</span> <span class='ocrx_word' id='word_1_124' title='bbox 745 983 870 1018; x_wconf 84' lang='grc' dir='ltr'>βιασταί;</span> <span class='ocrx_word' id='word_1_125' title='bbox 887 984 919 1010; x_wconf 84' lang='lat' dir='ltr'><strong>Ol</strong></span> 
     </span>
    </p>
   </div>
   <div class='ocr_carea' id='block_1_20' title="bbox 128 1027 918 1065">
    <p class='ocr_par' dir='ltr' id='par_1_20' title="bbox 128 1027 918 1065">
     <span class='ocr_line' id='line_1_20' title="bbox 128 1027 918 1065; baseline 0.004 -12"><span class='ocrx_word' id='word_1_126' title='bbox 128 1027 158 1054; x_wconf 82' lang='grc' dir='ltr'>τδ</span> <span class='ocrx_word' id='word_1_127' title='bbox 173 1028 274 1054; x_wconf 85' lang='grc' dir='ltr'>οίκείον</span> <span class='ocrx_word' id='word_1_128' title='bbox 290 1027 371 1063; x_wconf 83' lang='grc' dir='ltr'>σῶμα</span> <span class='ocrx_word' id='word_1_129' title='bbox 385 1028 536 1063; x_wconf 78' lang='grc' dir='ltr'><strong>νηστείαις,</strong></span> <span class='ocrx_word' id='word_1_130' title='bbox 558 1028 606 1054; x_wconf 80' lang='grc' dir='ltr'>καὶ</span> <span class='ocrx_word' id='word_1_131' title='bbox 628 1029 800 1065; x_wconf 75' lang='grc' dir='ltr'><strong>σωφροσύνῃ,</strong></span> <span class='ocrx_word' id='word_1_132' title='bbox 819 1029 866 1056; x_wconf 71' lang='grc' dir='ltr'>καὶ</span> <span class='ocrx_word' id='word_1_133' title='bbox 884 1031 918 1065; x_wconf 82' lang='grc' dir='ltr'>τῇ</span> 
     </span>
    </p>
   </div>
   <div class='ocr_carea' id='block_1_21' title="bbox 128 1073 918 1110">
    <p class='ocr_par' dir='ltr' id='par_1_21' title="bbox 128 1073 918 1110">
     <span class='ocr_line' id='line_1_21' title="bbox 128 1073 918 1110; baseline 0.003 -10"><span class='ocrx_word' id='word_1_134' title='bbox 128 1073 197 1110; x_wconf 77' lang='grc' dir='ltr'>ἄλλῃ</span> <span class='ocrx_word' id='word_1_135' title='bbox 211 1074 296 1109; x_wconf 82' lang='grc' dir='ltr'>ἀρετῇ</span> <span class='ocrx_word' id='word_1_136' title='bbox 313 1073 504 1109; x_wconf 73' lang='grc' dir='ltr'>ἐκϐιαζόμενοι</span> <span class='ocrx_word' id='word_1_137' title='bbox 520 1074 588 1110; x_wconf 73' lang='grc'><strong>(45),</strong></span> <span class='ocrx_word' id='word_1_138' title='bbox 602 1075 648 1101; x_wconf 76' lang='grc' dir='ltr'>καὶ</span> <span class='ocrx_word' id='word_1_139' title='bbox 661 1076 717 1106; x_wconf 81' lang='grc' dir='ltr'>τοῖς</span> <span class='ocrx_word' id='word_1_140' title='bbox 729 1074 776 1102; x_wconf 83' lang='grc' dir='ltr'>τοῦ</span> <span class='ocrx_word' id='word_1_141' title='bbox 795 1075 918 1110; x_wconf 79' lang='grc' dir='ltr'>πνεύμα-</span> 
     </span>
    </p>
   </div>
   <div class='ocr_carea' id='block_1_22' title="bbox 127 1120 918 1158">
    <p class='ocr_par' dir='ltr' id='par_1_22' title="bbox 127 1120 918 1158">
     <span class='ocr_line' id='line_1_22' title="bbox 127 1120 918 1158; baseline 0.003 -11"><span class='ocrx_word' id='word_1_142' title='bbox 127 1129 174 1152; x_wconf 80' lang='grc' dir='ltr'><strong>τος</strong></span> <span class='ocrx_word' id='word_1_143' title='bbox 193 1121 287 1156; x_wconf 77' lang='grc' dir='ltr'>νόμοις</span> <span class='ocrx_word' id='word_1_144' title='bbox 301 1120 494 1153; x_wconf 78' lang='grc' dir='ltr'>ὑποτάξαντες,</span> <span class='ocrx_word' id='word_1_145' title='bbox 513 1121 560 1148; x_wconf 74' lang='grc' dir='ltr'>καὶ</span> <span class='ocrx_word' id='word_1_146' title='bbox 571 1121 679 1157; x_wconf 82' lang='grc' dir='ltr'>εὐήνιον</span> <span class='ocrx_word' id='word_1_147' title='bbox 690 1121 737 1148; x_wconf 78' lang='grc' dir='ltr'>καὶ</span> <span class='ocrx_word' id='word_1_148' title='bbox 749 1122 918 1158; x_wconf 81' lang='grc' dir='ltr'>ὁρμητήριον</span> 
     </span>
    </p>
   </div>
   <div class='ocr_carea' id='block_1_23' title="bbox 129 1167 443 1203">
    <p class='ocr_par' dir='ltr' id='par_1_23' title="bbox 129 1167 443 1203">
     <span class='ocr_line' id='line_1_23' title="bbox 129 1167 443 1203; baseline -0.003 -9"><span class='ocrx_word' id='word_1_149' title='bbox 129 1167 231 1203; x_wconf 79' lang='grc' dir='ltr'>ἀρετῆς</span> <span class='ocrx_word' id='word_1_150' title='bbox 243 1167 443 1202; x_wconf 83' lang='grc' dir='ltr'>ἀποφήναντες.</span> 
     </span>
    </p>
   </div>
   <div class='ocr_carea' id='block_1_24' title="bbox 237 1223 805 1260">
    <p class='ocr_par' dir='ltr' id='par_1_24' title="bbox 237 1223 805 1260">
     <span class='ocr_line' id='line_1_24' title="bbox 237 1223 805 1260; baseline 0.002 -10"><span class='ocrx_word' id='word_1_151' title='bbox 237 1224 320 1251; x_wconf 84' lang='grc' dir='ltr'><strong>ΡΛΖ¹.</strong></span> <span class='ocrx_word' id='word_1_152' title='bbox 335 1239 368 1244; x_wconf 90' lang='grc'><strong>-</strong></span> <span class='ocrx_word' id='word_1_153' title='bbox 385 1224 500 1250; x_wconf 80' lang='grc' dir='ltr'><strong>ΩΡῙΩΝῙ</strong></span> <span class='ocrx_word' id='word_1_154' title='bbox 517 1223 572 1260; x_wconf 62' lang='grc' dir='ltr'>(ιιι)</span> <span class='ocrx_word' id='word_1_155' title='bbox 591 1224 805 1252; x_wconf 82' lang='lat' dir='ltr'><strong>MUNAZONTI.</strong></span> 
     </span>
    </p>
   </div>
   <div class='ocr_carea' id='block_1_25' title="bbox 128 1268 919 1304">
    <p class='ocr_par' dir='ltr' id='par_1_25' title="bbox 128 1268 919 1304">
     <span class='ocr_line' id='line_1_25' title="bbox 128 1268 919 1304; baseline 0.001 -8"><span class='ocrx_word' id='word_1_156' title='bbox 128 1270 182 1303; x_wconf 80' lang='grc' dir='ltr'>Εις</span> <span class='ocrx_word' id='word_1_157' title='bbox 197 1269 230 1296; x_wconf 83' lang='grc' dir='ltr'>τὸ</span> <span class='ocrx_word' id='word_1_158' title='bbox 244 1269 448 1304; x_wconf 54' lang='grc' dir='ltr'>γεγραμμένον</span> <span class='ocrx_word' id='word_1_159' title='bbox 459 1277 466 1285; x_wconf 93' lang='grc'><strong>·</strong></span> <span class='ocrx_word' id='word_1_160' title='bbox 488 1279 498 1295; x_wconf 90' lang='grc'><strong><em>‹</em></strong></span> <span class='ocrx_word' id='word_1_161' title='bbox 513 1270 651 1304; x_wconf 81' lang='grc' dir='ltr'>Φρόνιμοι</span> <span class='ocrx_word' id='word_1_162' title='bbox 667 1271 707 1302; x_wconf 85' lang='grc' dir='ltr'>ὼς</span> <span class='ocrx_word' id='word_1_163' title='bbox 717 1271 743 1296; x_wconf 84' lang='lat' dir='ltr'><strong>al</strong></span> <span class='ocrx_word' id='word_1_164' title='bbox 757 1268 851 1303; x_wconf 61' lang='grc' dir='ltr'>ὄφεις,</span> <span class='ocrx_word' id='word_1_165' title='bbox 869 1270 919 1297; x_wconf 72' lang='grc' dir='ltr'><strong>καί</strong></span> 
     </span>
    </p>
   </div>
   <div class='ocr_carea' id='block_1_26' title="bbox 299 1305 745 1340">
    <p class='ocr_par' dir='ltr' id='par_1_26' title="bbox 299 1305 745 1340">
     <span class='ocr_line' id='line_1_26' title="bbox 299 1305 745 1340; baseline -0.002 -8"><span class='ocrx_word' id='word_1_166' title='bbox 299 1305 430 1339; x_wconf 74' lang='grc' dir='ltr'>ἀκέραιοι</span> <span class='ocrx_word' id='word_1_167' title='bbox 443 1305 483 1337; x_wconf 89' lang='grc' dir='ltr'><strong>ὡς</strong></span> <span class='ocrx_word' id='word_1_168' title='bbox 496 1307 525 1332; x_wconf 85' lang='grc' dir='ltr'>αἱ</span> <span class='ocrx_word' id='word_1_169' title='bbox 538 1306 709 1340; x_wconf 79' lang='grc' dir='ltr'>περιστεραί</span> <span class='ocrx_word' id='word_1_170' title='bbox 713 1325 719 1332; x_wconf 95' lang='grc'>.</span> <span class='ocrx_word' id='word_1_171' title='bbox 736 1314 745 1331; x_wconf 74' lang='grc' dir='ltr'><strong>ι</strong></span> 
     </span>
    </p>
   </div>
   <div class='ocr_carea' id='block_1_27' title="bbox 165 1359 918 1397">
    <p class='ocr_par' dir='ltr' id='par_1_27' title="bbox 165 1359 918 1397">
     <span class='ocr_line' id='line_1_27' title="bbox 165 1359 918 1397; baseline 0.004 -11"><span class='ocrx_word' id='word_1_172' title='bbox 165 1360 206 1386; x_wconf 78' lang='grc' dir='ltr'><strong>Τὰ</strong></span> <span class='ocrx_word' id='word_1_173' title='bbox 223 1359 434 1395; x_wconf 84' lang='grc' dir='ltr'>παραδείγματα</span> <span class='ocrx_word' id='word_1_174' title='bbox 462 1360 511 1396; x_wconf 83' lang='grc' dir='ltr'><strong>ούχ</strong></span> <span class='ocrx_word' id='word_1_175' title='bbox 527 1361 635 1388; x_wconf 78' lang='grc' dir='ltr'>ἅπαντα</span> <span class='ocrx_word' id='word_1_176' title='bbox 652 1361 838 1397; x_wconf 79' lang='grc' dir='ltr'>λαμϐάνεται·</span> <span class='ocrx_word' id='word_1_177' title='bbox 856 1362 918 1389; x_wconf 77' lang='grc' dir='ltr'>ἐπεὶ</span> 
     </span>
    </p>
   </div>
   <div class='ocr_carea' id='block_1_28' title="bbox 125 1406 918 1444">
    <p class='ocr_par' dir='ltr' id='par_1_28' title="bbox 125 1406 918 1444">
     <span class='ocr_line' id='line_1_28' title="bbox 125 1406 918 1444; baseline 0.005 -12"><span class='ocrx_word' id='word_1_178' title='bbox 125 1406 179 1433; x_wconf 82' lang='grc' dir='ltr'>οὐκ</span> <span class='ocrx_word' id='word_1_179' title='bbox 196 1406 228 1432; x_wconf 83' lang='grc' dir='ltr'>ἂν</span> <span class='ocrx_word' id='word_1_180' title='bbox 250 1406 292 1441; x_wconf 80' lang='grc' dir='ltr'>εἴη</span> <span class='ocrx_word' id='word_1_181' title='bbox 317 1406 538 1441; x_wconf 86' lang='grc' dir='ltr'>παραδείγματα,</span> <span class='ocrx_word' id='word_1_182' title='bbox 561 1407 628 1434; x_wconf 80' lang='grc' dir='ltr'>ἀλλὰ</span> <span class='ocrx_word' id='word_1_183' title='bbox 654 1408 796 1444; x_wconf 81' lang='grc' dir='ltr'>ταυτότης.</span> <span class='ocrx_word' id='word_1_184' title='bbox 815 1409 846 1436; x_wconf 84' lang='lat' dir='ltr'><strong>El</strong></span> <span class='ocrx_word' id='word_1_185' title='bbox 864 1409 918 1444; x_wconf 84' lang='grc' dir='ltr'><strong>γὰρ</strong></span> 
     </span>
    </p>
   </div>
   <div class='ocr_carea' id='block_1_29' title="bbox 127 1453 918 1490">
    <p class='ocr_par' dir='ltr' id='par_1_29' title="bbox 127 1453 918 1490">
     <span class='ocr_line' id='line_1_29' title="bbox 127 1453 918 1490; baseline 0.001 -10"><span class='ocrx_word' id='word_1_186' title='bbox 127 1454 177 1480; x_wconf 73' lang='grc' dir='ltr'>καὶ</span> <span class='ocrx_word' id='word_1_187' title='bbox 191 1453 222 1480; x_wconf 81' lang='grc' dir='ltr'><strong>τὸ</strong></span> <span class='ocrx_word' id='word_1_188' title='bbox 233 1454 363 1489; x_wconf 73' lang='grc' dir='ltr'>ἀκέραιον</span> <span class='ocrx_word' id='word_1_189' title='bbox 377 1453 424 1479; x_wconf 73' lang='grc' dir='ltr'>καὶ</span> <span class='ocrx_word' id='word_1_190' title='bbox 436 1453 591 1488; x_wconf 77' lang='grc' dir='ltr'>ἀκακόηθες</span> <span class='ocrx_word' id='word_1_191' title='bbox 605 1454 757 1489; x_wconf 76' lang='grc' dir='ltr'>προσέταξε</span> <span class='ocrx_word' id='word_1_192' title='bbox 774 1455 918 1490; x_wconf 84' lang='grc' dir='ltr'>μιμεῖσθαι</span> 
     </span>
    </p>
   </div>
   <div class='ocr_carea' id='block_1_30' title="bbox 126 1499 917 1537">
    <p class='ocr_par' dir='ltr' id='par_1_30' title="bbox 126 1499 917 1537">
     <span class='ocr_line' id='line_1_30' title="bbox 126 1499 917 1537; baseline 0.004 -12"><span class='ocrx_word' id='word_1_193' title='bbox 126 1499 180 1534; x_wconf 73' lang='grc' dir='ltr'>τῆς</span> <span class='ocrx_word' id='word_1_194' title='bbox 192 1500 368 1534; x_wconf 86' lang='grc' dir='ltr'>περιστερᾶς,</span> <span class='ocrx_word' id='word_1_195' title='bbox 381 1499 449 1525; x_wconf 80' lang='grc' dir='ltr'>ἀλλὰ</span> <span class='ocrx_word' id='word_1_196' title='bbox 460 1499 490 1525; x_wconf 83' lang='grc' dir='ltr'>τὸ</span> <span class='ocrx_word' id='word_1_197' title='bbox 499 1499 612 1534; x_wconf 86' lang='grc' dir='ltr'>ἀνόητον</span> <span class='ocrx_word' id='word_1_198' title='bbox 622 1500 757 1528; x_wconf 78' lang='grc' dir='ltr'>ἐκκλίνειν</span> <span class='ocrx_word' id='word_1_199' title='bbox 765 1502 818 1537; x_wconf 85' lang='grc' dir='ltr'><strong>χρή</strong></span> <span class='ocrx_word' id='word_1_200' title='bbox 828 1509 835 1517; x_wconf 90' lang='grc'><strong>·</strong></span> <span class='ocrx_word' id='word_1_201' title='bbox 848 1502 917 1537; x_wconf 80' lang='grc' dir='ltr'>ὅπερ</span> 
     </span>
    </p>
   </div>
   <div class='ocr_carea' id='block_1_31' title="bbox 130 1542 917 1582">
    <p class='ocr_par' dir='ltr' id='par_1_31' title="bbox 130 1542 917 1582">
     <span class='ocr_line' id='line_1_31' title="bbox 130 1542 917 1582; baseline 0.001 -10"><span class='ocrx_word' id='word_1_202' title='bbox 130 1546 193 1572; x_wconf 72' lang='grc' dir='ltr'>ἐστὶ</span> <span class='ocrx_word' id='word_1_203' title='bbox 208 1546 239 1572; x_wconf 73' lang='grc' dir='ltr'><strong>τὸ</strong></span> <span class='ocrx_word' id='word_1_204' title='bbox 252 1547 292 1577; x_wconf 80' lang='grc' dir='ltr'>εἰς</span> <span class='ocrx_word' id='word_1_205' title='bbox 309 1546 431 1577; x_wconf 81' lang='grc' dir='ltr'>ἐκείνους</span> <span class='ocrx_word' id='word_1_206' title='bbox 443 1546 638 1580; x_wconf 78' lang='grc' dir='ltr'>καταφεύγειν,</span> <span class='ocrx_word' id='word_1_207' title='bbox 652 1547 715 1578; x_wconf 85' lang='grc' dir='ltr'>τοὺς</span> <span class='ocrx_word' id='word_1_208' title='bbox 732 1542 817 1582; x_wconf 79' lang='grc' dir='ltr'>θηρᾷν</span> <span class='ocrx_word' id='word_1_209' title='bbox 832 1555 917 1577; x_wconf 79' lang='grc' dir='ltr'>σπου-</span> 
     </span>
    </p>
   </div>
   <div class='ocr_carea' id='block_1_32' title="bbox 127 1581 952 1627">
    <p class='ocr_par' dir='ltr' id='par_1_32' title="bbox 127 1581 952 1627">
     <span class='ocr_line' id='line_1_32' title="bbox 127 1581 952 1627; baseline 0.001 -9"><span class='ocrx_word' id='word_1_210' title='bbox 127 1591 272 1623; x_wconf 78' lang='grc' dir='ltr'>δάζοντας.</span> <span class='ocrx_word' id='word_1_211' title='bbox 291 1592 322 1618; x_wconf 85' lang='grc' dir='ltr'><strong>Εἰ</strong></span> <span class='ocrx_word' id='word_1_212' title='bbox 340 1592 395 1627; x_wconf 80' lang='grc' dir='ltr'><strong>γὰρ</strong></span> <span class='ocrx_word' id='word_1_213' title='bbox 414 1591 462 1618; x_wconf 74' lang='grc' dir='ltr'>καὶ</span> <span class='ocrx_word' id='word_1_214' title='bbox 491 1591 528 1626; x_wconf 80' lang='grc' dir='ltr'>μὴ</span> <span class='ocrx_word' id='word_1_215' title='bbox 549 1591 678 1627; x_wconf 83' lang='grc' dir='ltr'>βλάπτειν</span> <span class='ocrx_word' id='word_1_216' title='bbox 696 1581 840 1627; x_wconf 40' lang='lat' dir='ltr'><strong>“nam</strong></span> <span class='ocrx_word' id='word_1_217' title='bbox 855 1591 916 1619; x_wconf 79' lang='grc' dir='ltr'><strong>οὐδὲ</strong></span> <span class='ocrx_word' id='word_1_218' title='bbox 931 1581 952 1610; x_wconf 78' lang='lat' dir='ltr'>c</span> 
     </span>
    </p>
   </div>
   <div class='ocr_carea' id='block_1_33' title="bbox 126 1637 916 1673">
    <p class='ocr_par' dir='ltr' id='par_1_33' title="bbox 126 1637 916 1673">
     <span class='ocr_line' id='line_1_33' title="bbox 126 1637 916 1673; baseline 0.001 -10"><span class='ocrx_word' id='word_1_219' title='bbox 126 1639 169 1669; x_wconf 79' lang='grc' dir='ltr'><strong>εἰς</strong></span> <span class='ocrx_word' id='word_1_220' title='bbox 186 1637 242 1673; x_wconf 66' lang='grc'><strong>(45)</strong></span> <span class='ocrx_word' id='word_1_221' title='bbox 260 1637 294 1664; x_wconf 81' lang='grc' dir='ltr'>τὰ</span> <span class='ocrx_word' id='word_1_222' title='bbox 316 1638 412 1673; x_wconf 84' lang='grc' dir='ltr'>καίρια</span> <span class='ocrx_word' id='word_1_223' title='bbox 433 1637 602 1672; x_wconf 75' lang='grc' dir='ltr'>βλάπτεσθαι</span> <span class='ocrx_word' id='word_1_224' title='bbox 619 1639 770 1673; x_wconf 84' lang='grc' dir='ltr'>προσήκει·</span> <span class='ocrx_word' id='word_1_225' title='bbox 796 1638 857 1664; x_wconf 75' lang='grc' dir='ltr'>οὐδὲ</span> <span class='ocrx_word' id='word_1_226' title='bbox 876 1639 916 1670; x_wconf 85' lang='grc' dir='ltr'><strong>εἰς</strong></span> 
     </span>
    </p>
   </div>
   <div class='ocr_carea' id='block_1_34' title="bbox 126 1680 915 1721">
    <p class='ocr_par' dir='ltr' id='par_1_34' title="bbox 126 1680 915 1721">
     <span class='ocr_line' id='line_1_34' title="bbox 126 1680 915 1721; baseline 0.003 -12"><span class='ocrx_word' id='word_1_227' title='bbox 126 1683 251 1714; x_wconf 57' lang='grc' dir='ltr'>ἐκείνους</span> <span class='ocrx_word' id='word_1_228' title='bbox 266 1683 382 1719; x_wconf 81' lang='grc' dir='ltr'>τρέχειν,</span> <span class='ocrx_word' id='word_1_229' title='bbox 403 1680 440 1710; x_wconf 81' lang='grc' dir='ltr'>ὧν</span> <span class='ocrx_word' id='word_1_230' title='bbox 458 1684 552 1720; x_wconf 78' lang='grc' dir='ltr'>κέρδος</span> <span class='ocrx_word' id='word_1_231' title='bbox 577 1684 705 1719; x_wconf 84' lang='grc' dir='ltr'>μέγιστον</span> <span class='ocrx_word' id='word_1_232' title='bbox 723 1686 739 1719; x_wconf 83' lang='grc' dir='ltr'><strong>ἡ</strong></span> <span class='ocrx_word' id='word_1_233' title='bbox 760 1685 915 1721; x_wconf 72' lang='grc' dir='ltr'>ἀπαλλαγή.</span> 
     </span>
    </p>
   </div>
   <div class='ocr_carea' id='block_1_35' title="bbox 126 1729 917 1765">
    <p class='ocr_par' dir='ltr' id='par_1_35' title="bbox 126 1729 917 1765">
     <span class='ocr_line' id='line_1_35' title="bbox 126 1729 917 1765; baseline 0.001 -9"><span class='ocrx_word' id='word_1_234' title='bbox 126 1731 159 1756; x_wconf 84' lang='lat' dir='ltr'><strong>El</strong></span> <span class='ocrx_word' id='word_1_235' title='bbox 171 1730 200 1756; x_wconf 82' lang='grc' dir='ltr'><strong>δὲ</strong></span> <span class='ocrx_word' id='word_1_236' title='bbox 214 1731 260 1756; x_wconf 75' lang='grc' dir='ltr'><strong>καὶ</strong></span> <span class='ocrx_word' id='word_1_237' title='bbox 278 1729 430 1765; x_wconf 85' lang='grc' dir='ltr'>μαρτυρίαν</span> <span class='ocrx_word' id='word_1_238' title='bbox 447 1730 534 1762; x_wconf 77' lang='grc' dir='ltr'>θέλεις</span> <span class='ocrx_word' id='word_1_239' title='bbox 549 1730 653 1765; x_wconf 71' lang='grc' dir='ltr'>ἐναργῆ</span> <span class='ocrx_word' id='word_1_240' title='bbox 667 1730 759 1757; x_wconf 75' lang='grc' dir='ltr'>λαϐεῖν</span> <span class='ocrx_word' id='word_1_241' title='bbox 768 1730 822 1757; x_wconf 83' lang='grc' dir='ltr'>τῶν</span> <span class='ocrx_word' id='word_1_242' title='bbox 839 1731 917 1765; x_wconf 81' lang='grc' dir='ltr'>λεγο-</span> 
     </span>
    </p>
   </div>
   <div class='ocr_carea' id='block_1_36' title="bbox 128 1773 917 1811">
    <p class='ocr_par' dir='ltr' id='par_1_36' title="bbox 128 1773 917 1811">
     <span class='ocr_line' id='line_1_36' title="bbox 128 1773 917 1811; baseline -0.001 -9"><span class='ocrx_word' id='word_1_243' title='bbox 128 1775 230 1810; x_wconf 81' lang='grc' dir='ltr'>μένων,</span> <span class='ocrx_word' id='word_1_244' title='bbox 255 1775 337 1802; x_wconf 82' lang='grc' dir='ltr'>ἄκουε</span> <span class='ocrx_word' id='word_1_245' title='bbox 353 1775 401 1802; x_wconf 86' lang='grc' dir='ltr'>τοῦ</span> <span class='ocrx_word' id='word_1_246' title='bbox 427 1776 567 1811; x_wconf 72' lang='grc' dir='ltr'>προφήτου</span> <span class='ocrx_word' id='word_1_247' title='bbox 597 1775 738 1809; x_wconf 81' lang='grc' dir='ltr'>λέγοντος·</span> <span class='ocrx_word' id='word_1_248' title='bbox 764 1786 774 1801; x_wconf 83' lang='grc'><em>‹</em></span> <span class='ocrx_word' id='word_1_249' title='bbox 802 1776 858 1802; x_wconf 71' lang='grc' dir='ltr'><strong>Καὶ</strong></span> <span class='ocrx_word' id='word_1_250' title='bbox 883 1773 917 1811; x_wconf 80' lang='grc' dir='ltr'>ἦν</span> 
     </span>
    </p>
   </div>
   <div class='ocr_carea' id='block_1_37' title="bbox 134 1820 914 1857">
    <p class='ocr_par' dir='ltr' id='par_1_37' title="bbox 134 1820 914 1857">
     <span class='ocr_line' id='line_1_37' title="bbox 134 1820 914 1857; baseline 0.001 -10"><span class='ocrx_word' id='word_1_251' title='bbox 134 1822 256 1856; x_wconf 77' lang='grc' dir='ltr'>Ἐφραίμ</span> <span class='ocrx_word' id='word_1_252' title='bbox 271 1822 307 1853; x_wconf 73' lang='grc' dir='ltr'>ὡς</span> <span class='ocrx_word' id='word_1_253' title='bbox 319 1822 469 1857; x_wconf 79' lang='grc' dir='ltr'>περιστερὰ</span> <span class='ocrx_word' id='word_1_254' title='bbox 482 1822 570 1853; x_wconf 77' lang='grc' dir='ltr'>ἄνους,</span> <span class='ocrx_word' id='word_1_255' title='bbox 586 1822 635 1847; x_wconf 75' lang='grc' dir='ltr'>οὐκ</span> <span class='ocrx_word' id='word_1_256' title='bbox 656 1820 754 1856; x_wconf 74' lang='grc' dir='ltr'>ἔχουσα</span> <span class='ocrx_word' id='word_1_257' title='bbox 773 1822 914 1856; x_wconf 75' lang='grc' dir='ltr'>καρδίαν.»</span> 
     </span>
    </p>
   </div>
   <div class='ocr_carea' id='block_1_38' title="bbox 128 1866 916 1902">
    <p class='ocr_par' dir='ltr' id='par_1_38' title="bbox 128 1866 916 1902">
     <span class='ocr_line' id='line_1_38' title="bbox 128 1866 916 1902; baseline 0.001 -9"><span class='ocrx_word' id='word_1_258' title='bbox 128 1867 160 1893; x_wconf 87' lang='grc' dir='ltr'>Εἰ</span> <span class='ocrx_word' id='word_1_259' title='bbox 175 1867 203 1893; x_wconf 83' lang='grc' dir='ltr'>δὲ</span> <span class='ocrx_word' id='word_1_260' title='bbox 220 1867 268 1893; x_wconf 78' lang='grc' dir='ltr'>καὶ</span> <span class='ocrx_word' id='word_1_261' title='bbox 293 1867 342 1901; x_wconf 83' lang='grc' dir='ltr'>τὴν</span> <span class='ocrx_word' id='word_1_262' title='bbox 359 1867 449 1894; x_wconf 75' lang='grc' dir='ltr'>αἰτίαν</span> <span class='ocrx_word' id='word_1_263' title='bbox 463 1866 569 1902; x_wconf 79' lang='grc' dir='ltr'><strong>ζητεῖς,</strong></span> <span class='ocrx_word' id='word_1_264' title='bbox 586 1867 666 1899; x_wconf 79' lang='grc' dir='ltr'>εὐθὺς</span> <span class='ocrx_word' id='word_1_265' title='bbox 692 1867 773 1899; x_wconf 81' lang='grc' dir='ltr'>αὐτὸς</span> <span class='ocrx_word' id='word_1_266' title='bbox 802 1868 916 1902; x_wconf 78' lang='grc' dir='ltr'>ἐπάγει·</span> 
     </span>
    </p>
   </div>
   <div class='ocr_carea' id='block_1_39' title="bbox 129 1911 918 1948">
    <p class='ocr_par' dir='ltr' id='par_1_39' title="bbox 129 1911 918 1948">
     <span class='ocr_line' id='line_1_39' title="bbox 129 1911 918 1948; baseline 0.003 -11"><span class='ocrx_word' id='word_1_267' title='bbox 129 1922 139 1937; x_wconf 74' lang='grc' dir='ltr'>ι</span> <span class='ocrx_word' id='word_1_268' title='bbox 171 1911 309 1946; x_wconf 78' lang='grc' dir='ltr'>Αἴγυπτον</span> <span class='ocrx_word' id='word_1_269' title='bbox 334 1911 514 1939; x_wconf 69' lang='grc' dir='ltr'>δπεκαλεῖτο’</span> <span class='ocrx_word' id='word_1_270' title='bbox 539 1913 585 1938; x_wconf 76' lang='grc' dir='ltr'>καὶ</span> <span class='ocrx_word' id='word_1_271' title='bbox 609 1913 649 1944; x_wconf 81' lang='grc' dir='ltr'><strong>εἰς</strong></span> <span class='ocrx_word' id='word_1_272' title='bbox 671 1912 830 1948; x_wconf 70' lang='grc' dir='ltr'>Ἀσσυρίους</span> <span class='ocrx_word' id='word_1_273' title='bbox 853 1914 918 1939; x_wconf 79' lang='grc' dir='ltr'>ἐπο-</span> 
     </span>
    </p>
   </div>
   <div class='ocr_carea' id='block_1_40' title="bbox 128 1957 918 1994">
    <p class='ocr_par' dir='ltr' id='par_1_40' title="bbox 128 1957 918 1994">
     <span class='ocr_line' id='line_1_40' title="bbox 128 1957 918 1994; baseline 0.001 -10"><span class='ocrx_word' id='word_1_274' title='bbox 128 1957 235 1992; x_wconf 83' lang='grc' dir='ltr'>ρεύετο.</span> <span class='ocrx_word' id='word_1_275' title='bbox 255 1967 264 1983; x_wconf 72' lang='lat' dir='ltr'><strong>r</strong></span> <span class='ocrx_word' id='word_1_276' title='bbox 283 1957 345 1991; x_wconf 84' lang='grc' dir='ltr'>Δύο,</span> <span class='ocrx_word' id='word_1_277' title='bbox 368 1958 462 1993; x_wconf 73' lang='grc' dir='ltr'>φησὶν,</span> <span class='ocrx_word' id='word_1_278' title='bbox 480 1958 574 1991; x_wconf 77' lang='grc' dir='ltr'>ἐθνῶν,</span> <span class='ocrx_word' id='word_1_279' title='bbox 590 1958 736 1994; x_wconf 84' lang='grc' dir='ltr'>τυραννίδα</span> <span class='ocrx_word' id='word_1_280' title='bbox 759 1958 806 1985; x_wconf 73' lang='grc' dir='ltr'><strong>καὶ</strong></span> <span class='ocrx_word' id='word_1_281' title='bbox 831 1960 918 1993; x_wconf 82' lang='grc' dir='ltr'>μῖσος,</span> 
     </span>
    </p>
   </div>
   <div class='ocr_carea' id='block_1_41' title="bbox 127 2004 920 2039">
    <p class='ocr_par' dir='ltr' id='par_1_41' title="bbox 127 2004 920 2039">
     <span class='ocr_line' id='line_1_41' title="bbox 127 2004 920 2039; baseline 0.003 -9"><span class='ocrx_word' id='word_1_282' title='bbox 127 2004 176 2030; x_wconf 67' lang='grc' dir='ltr'><strong>καὶ</strong></span> <span class='ocrx_word' id='word_1_283' title='bbox 188 2004 307 2039; x_wconf 81' lang='grc' dir='ltr'>ἀρχαίαν</span> <span class='ocrx_word' id='word_1_284' title='bbox 321 2005 470 2032; x_wconf 85' lang='grc' dir='ltr'>νοσούντων</span> <span class='ocrx_word' id='word_1_285' title='bbox 480 2004 646 2037; x_wconf 71' lang='grc' dir='ltr'>πλεονεξίαν,</span> <span class='ocrx_word' id='word_1_286' title='bbox 658 2005 689 2031; x_wconf 77' lang='grc' dir='ltr'>τὸ</span> <span class='ocrx_word' id='word_1_287' title='bbox 703 2004 751 2039; x_wconf 85' lang='grc' dir='ltr'><strong>μὲν</strong></span> <span class='ocrx_word' id='word_1_288' title='bbox 760 2005 920 2032; x_wconf 79' lang='grc' dir='ltr'>ἐπεκαλεῖτο</span> 
     </span>
    </p>
   </div>
   <div class='ocr_carea' id='block_1_42' title="bbox 126 2048 919 2086">
    <p class='ocr_par' dir='ltr' id='par_1_42' title="bbox 126 2048 919 2086">
     <span class='ocr_line' id='line_1_42' title="bbox 126 2048 919 2086; baseline 0.004 -13"><span class='ocrx_word' id='word_1_289' title='bbox 126 2048 168 2078; x_wconf 81' lang='grc' dir='ltr'><strong>είς</strong></span> <span class='ocrx_word' id='word_1_290' title='bbox 181 2048 317 2083; x_wconf 76' lang='grc' dir='ltr'>βοήθειαψ</span> <span class='ocrx_word' id='word_1_291' title='bbox 329 2049 395 2084; x_wconf 81' lang='grc' dir='ltr'>πρὸς</span> <span class='ocrx_word' id='word_1_292' title='bbox 403 2049 431 2076; x_wconf 78' lang='grc' dir='ltr'><strong>δὲ</strong></span> <span class='ocrx_word' id='word_1_293' title='bbox 439 2050 468 2076; x_wconf 73' lang='grc' dir='ltr'><strong>τὺ</strong></span> <span class='ocrx_word' id='word_1_294' title='bbox 475 2050 654 2084; x_wconf 82' lang='grc' dir='ltr'>καταφεύγων</span> <span class='ocrx_word' id='word_1_295' title='bbox 669 2049 725 2086; x_wconf 71' lang='grc'><strong>(46)</strong></span> <span class='ocrx_word' id='word_1_296' title='bbox 735 2050 773 2081; x_wconf 85' lang='grc' dir='ltr'>ὡς</span> <span class='ocrx_word' id='word_1_297' title='bbox 782 2050 919 2086; x_wconf 87' lang='grc' dir='ltr'>σωτηρίας</span> 
     </span>
    </p>
   </div>
   <div class='ocr_carea' id='block_1_43' title="bbox 127 2093 914 2132">
    <p class='ocr_par' dir='ltr' id='par_1_43' title="bbox 127 2093 914 2132">
     <span class='ocr_line' id='line_1_43' title="bbox 127 2093 914 2132; baseline 0.005 -13"><span class='ocrx_word' id='word_1_298' title='bbox 127 2094 301 2129; x_wconf 77' lang='grc' dir='ltr'>τευξόμενος.</span> <span class='ocrx_word' id='word_1_299' title='bbox 314 2096 362 2127; x_wconf 88' lang='grc' dir='ltr'>Τίς</span> <span class='ocrx_word' id='word_1_300' title='bbox 372 2093 427 2129; x_wconf 77' lang='grc' dir='ltr'>οὖν,</span> <span class='ocrx_word' id='word_1_301' title='bbox 440 2097 517 2131; x_wconf 79' lang='grc' dir='ltr'>φησὶ,</span> <span class='ocrx_word' id='word_1_302' title='bbox 526 2096 621 2123; x_wconf 84' lang='grc' dir='ltr'>τούτου</span> <span class='ocrx_word' id='word_1_303' title='bbox 633 2096 808 2132; x_wconf 76' lang='grc' dir='ltr'>ἀνοητότερος</span> <span class='ocrx_word' id='word_1_304' title='bbox 817 2097 914 2130; x_wconf 82' lang='grc' dir='ltr'>γένοιτ’</span> 
     </span>
    </p>
   </div>
   <div class='ocr_carea' id='block_1_44' title="bbox 127 2141 922 2179">
    <p class='ocr_par' dir='ltr' id='par_1_44' title="bbox 127 2141 922 2179">
     <span class='ocr_line' id='line_1_44' title="bbox 127 2141 922 2179; baseline 0.003 -12"><span class='ocrx_word' id='word_1_305' title='bbox 127 2142 173 2173; x_wconf 84' lang='grc' dir='ltr'>ἂν,</span> <span class='ocrx_word' id='word_1_306' title='bbox 187 2141 235 2168; x_wconf 82' lang='grc' dir='ltr'>τοῦ</span> <span class='ocrx_word' id='word_1_307' title='bbox 250 2142 317 2177; x_wconf 77' lang='grc' dir='ltr'>πρὸς</span> <span class='ocrx_word' id='word_1_308' title='bbox 331 2143 453 2174; x_wconf 75' lang='grc' dir='ltr'>ἐκείνους</span> <span class='ocrx_word' id='word_1_309' title='bbox 473 2143 612 2178; x_wconf 81' lang='grc' dir='ltr'>ὁρμῶντος</span> <span class='ocrx_word' id='word_1_310' title='bbox 632 2143 694 2174; x_wconf 81' lang='grc' dir='ltr'>τοὺς</span> <span class='ocrx_word' id='word_1_311' title='bbox 710 2143 758 2179; x_wconf 82' lang='grc' dir='ltr'><strong>μὲν</strong></span> <span class='ocrx_word' id='word_1_312' title='bbox 773 2144 821 2179; x_wconf 79' lang='grc' dir='ltr'>τὴν</span> <span class='ocrx_word' id='word_1_313' title='bbox 839 2144 922 2179; x_wconf 85' lang='grc' dir='ltr'><strong>αἰχμ-</strong></span> 
     </span>
    </p>
   </div>
   <div class='ocr_carea' id='block_1_45' title="bbox 125 2187 879 2225">
    <p class='ocr_par' dir='ltr' id='par_1_45' title="bbox 125 2187 879 2225">
     <span class='ocr_line' id='line_1_45' title="bbox 125 2187 879 2225; baseline 0.003 -11"><span class='ocrx_word' id='word_1_314' title='bbox 125 2187 252 2215; x_wconf 80' lang='grc' dir='ltr'>αλωσίαν</span> <span class='ocrx_word' id='word_1_315' title='bbox 268 2188 349 2215; x_wconf 79' lang='grc' dir='ltr'>αὑτοῦ</span> <span class='ocrx_word' id='word_1_316' title='bbox 363 2189 410 2216; x_wconf 75' lang='grc' dir='ltr'>καὶ</span> <span class='ocrx_word' id='word_1_317' title='bbox 419 2189 470 2225; x_wconf 81' lang='grc' dir='ltr'>τὴν</span> <span class='ocrx_word' id='word_1_318' title='bbox 487 2189 610 2216; x_wconf 79' lang='grc' dir='ltr'>δουλείαν</span> <span class='ocrx_word' id='word_1_319' title='bbox 623 2190 711 2225; x_wconf 75' lang='grc' dir='ltr'>ὀνειρο</span> <span class='ocrx_word' id='word_1_320' title='bbox 724 2190 861 2222; x_wconf 62' lang='grc' dir='ltr'>φλοῦν-τας</span> <span class='ocrx_word' id='word_1_321' title='bbox 872 2198 879 2223; x_wconf 87' lang='grc'>;</span> 
     </span>
    </p>
   </div>
   <div class='ocr_carea' id='block_1_46' title="bbox 383 2332 672 2368">
    <p class='ocr_par' dir='ltr' id='par_1_46' title="bbox 383 2332 672 2368">
     <span class='ocr_line' id='line_1_46' title="bbox 383 2332 672 2368; baseline 0.003 -10"><span class='ocrx_word' id='word_1_322' title='bbox 383 2333 471 2359; x_wconf 74' lang='lat' dir='ltr'><strong>mn&#39;.</strong></span> <span class='ocrx_word' id='word_1_323' title='bbox 493 2347 519 2352; x_wconf 91' lang='lat'><em>—</em></span> <span class='ocrx_word' id='word_1_324' title='bbox 534 2332 672 2368; x_wconf 79' lang='grc' dir='ltr'><strong>ᾹΛΥΠΙῼ.</strong></span> 
     </span>
    </p>
   </div>
   <div class='ocr_carea' id='block_1_47' title="bbox 210 2378 839 2413">
    <p class='ocr_par' dir='ltr' id='par_1_47' title="bbox 210 2378 839 2413">
     <span class='ocr_line' id='line_1_47' title="bbox 210 2378 839 2413; baseline -0.005 -6"><span class='ocrx_word' id='word_1_325' title='bbox 210 2381 263 2413; x_wconf 83' lang='grc' dir='ltr'>Είς</span> <span class='ocrx_word' id='word_1_326' title='bbox 276 2379 326 2406; x_wconf 75' lang='grc' dir='ltr'><strong>τό·</strong></span> <span class='ocrx_word' id='word_1_327' title='bbox 346 2388 355 2405; x_wconf 79' lang='lat' dir='ltr'><strong>t</strong></span> <span class='ocrx_word' id='word_1_328' title='bbox 375 2380 424 2406; x_wconf 86' lang='grc' dir='ltr'><strong>Ἐν</strong></span> <span class='ocrx_word' id='word_1_329' title='bbox 437 2378 477 2412; x_wconf 81' lang='grc' dir='ltr'>τῷ</span> <span class='ocrx_word' id='word_1_330' title='bbox 488 2379 591 2413; x_wconf 82' lang='grc' dir='ltr'>κόσμῳ</span> <span class='ocrx_word' id='word_1_331' title='bbox 602 2380 707 2413; x_wconf 78' lang='grc' dir='ltr'><strong>θλίψιν</strong></span> <span class='ocrx_word' id='word_1_332' title='bbox 721 2378 813 2411; x_wconf 74' lang='grc' dir='ltr'>ἕξετε.</span> <span class='ocrx_word' id='word_1_333' title='bbox 830 2388 839 2404; x_wconf 74' lang='grc' dir='ltr'><strong>ι</strong></span> 
     </span>
    </p>
   </div>
   <div class='ocr_carea' id='block_1_48' title="bbox 166 2435 921 2473">
    <p class='ocr_par' dir='ltr' id='par_1_48' title="bbox 166 2435 921 2473">
     <span class='ocr_line' id='line_1_48' title="bbox 166 2435 921 2473; baseline -0.004 -9"><span class='ocrx_word' id='word_1_334' title='bbox 166 2437 209 2473; x_wconf 81' lang='grc' dir='ltr'>Τῇ</span> <span class='ocrx_word' id='word_1_335' title='bbox 224 2437 311 2464; x_wconf 80' lang='grc' dir='ltr'>ἐλπίδι</span> <span class='ocrx_word' id='word_1_336' title='bbox 323 2437 377 2463; x_wconf 85' lang='grc' dir='ltr'><strong>τῶν</strong></span> <span class='ocrx_word' id='word_1_337' title='bbox 395 2436 546 2472; x_wconf 66' lang='grc' dir='ltr'>μελλόντων</span> <span class='ocrx_word' id='word_1_338' title='bbox 557 2436 675 2463; x_wconf 82' lang='grc' dir='ltr'>δίδοσθαι</span> <span class='ocrx_word' id='word_1_339' title='bbox 693 2435 802 2470; x_wconf 84' lang='grc' dir='ltr'>ἀγαθῶν</span> <span class='ocrx_word' id='word_1_340' title='bbox 820 2437 875 2467; x_wconf 77' lang='grc' dir='ltr'>τοῖς</span> <span class='ocrx_word' id='word_1_341' title='bbox 887 2435 921 2462; x_wconf 83' lang='grc' dir='ltr'><strong>τὰ</strong></span> 
     </span>
    </p>
   </div>
   <div class='ocr_carea' id='block_1_49' title="bbox 127 2481 921 2518">
    <p class='ocr_par' dir='ltr' id='par_1_49' title="bbox 127 2481 921 2518">
     <span class='ocr_line' id='line_1_49' title="bbox 127 2481 921 2518; baseline -0.003 -9"><span class='ocrx_word' id='word_1_342' title='bbox 127 2483 253 2518; x_wconf 70' lang='grc' dir='ltr'>τρόπαια</span> <span class='ocrx_word' id='word_1_343' title='bbox 273 2482 387 2518; x_wconf 77' lang='grc' dir='ltr'>στήσασι</span> <span class='ocrx_word' id='word_1_344' title='bbox 401 2482 472 2508; x_wconf 79' lang='grc' dir='ltr'>κατὰ</span> <span class='ocrx_word' id='word_1_345' title='bbox 485 2482 535 2516; x_wconf 80' lang='grc' dir='ltr'>τῆς</span> <span class='ocrx_word' id='word_1_346' title='bbox 553 2481 651 2513; x_wconf 86' lang='grc' dir='ltr'>κακίας</span> <span class='ocrx_word' id='word_1_347' title='bbox 673 2482 785 2516; x_wconf 74' lang='grc' dir='ltr'>λαμπρὰ</span> <span class='ocrx_word' id='word_1_348' title='bbox 804 2481 921 2513; x_wconf 80' lang='grc' dir='ltr'>ὁπλίζων</span> 
     </span>
    </p>
   </div>
   <div class='ocr_carea' id='block_1_50' title="bbox 128 2527 921 2572">
    <p class='ocr_par' dir='ltr' id='par_1_50' title="bbox 128 2527 921 2572">
     <span class='ocr_line' id='line_1_50' title="bbox 128 2527 921 2572; baseline -0.003 -17"><span class='ocrx_word' id='word_1_349' title='bbox 128 2528 244 2561; x_wconf 81' lang='grc' dir='ltr'>σαυτὸν,</span> <span class='ocrx_word' id='word_1_350' title='bbox 264 2529 312 2555; x_wconf 70' lang='grc' dir='ltr'>καὶ</span> <span class='ocrx_word' id='word_1_351' title='bbox 333 2528 526 2572; x_wconf 79' lang='grc' dir='ltr'>περιφράττων</span> <span class='ocrx_word' id='word_1_352' title='bbox 543 2527 633 2559; x_wconf 81' lang='grc' dir='ltr'>καλῶς</span> <span class='ocrx_word' id='word_1_353' title='bbox 650 2527 793 2559; x_wconf 76' lang='grc' dir='ltr'>πάντοθεν,</span> <span class='ocrx_word' id='word_1_354' title='bbox 815 2528 861 2554; x_wconf 76' lang='grc' dir='ltr'><strong>καὶ</strong></span> <span class='ocrx_word' id='word_1_355' title='bbox 876 2527 921 2553; x_wconf 80' lang='grc' dir='ltr'>εύ-</span> 
     </span>
    </p>
   </div>
   <div class='ocr_carea' id='block_1_51' title="bbox 125 2573 918 2610">
    <p class='ocr_par' dir='ltr' id='par_1_51' title="bbox 125 2573 918 2610">
     <span class='ocr_line' id='line_1_51' title="bbox 125 2573 918 2610; baseline -0.003 -9"><span class='ocrx_word' id='word_1_356' title='bbox 125 2576 193 2610; x_wconf 83' lang='grc' dir='ltr'>χατς</span> <span class='ocrx_word' id='word_1_357' title='bbox 213 2573 294 2601; x_wconf 81' lang='grc' dir='ltr'>τοῦτο</span> <span class='ocrx_word' id='word_1_358' title='bbox 314 2574 344 2601; x_wconf 85' lang='grc' dir='ltr'>τδ</span> <span class='ocrx_word' id='word_1_359' title='bbox 359 2575 448 2609; x_wconf 85' lang='grc' dir='ltr'>τεῖχος</span> <span class='ocrx_word' id='word_1_360' title='bbox 475 2573 584 2609; x_wconf 79' lang='grc' dir='ltr'>ίσχυρὺν</span> <span class='ocrx_word' id='word_1_361' title='bbox 607 2573 830 2605; x_wconf 79' lang='grc' dir='ltr'>κατασκευάζων,</span> <span class='ocrx_word' id='word_1_362' title='bbox 850 2573 918 2599; x_wconf 87' lang='grc' dir='ltr'>ἁπο-</span> 
     </span>
    </p>
   </div>
   <div class='ocr_carea' id='block_1_52' title="bbox 974 278 1766 318">
    <p class='ocr_par' dir='ltr' id='par_1_52' title="bbox 974 278 1766 318">
     <span class='ocr_line' id='line_1_52' title="bbox 974 278 1766 318; baseline 0.009 -14"><span class='ocrx_word' id='word_1_363' title='bbox 974 278 1161 306; x_wconf 83' lang='lat' dir='ltr'><strong>rcdundantis.</strong></span> <span class='ocrx_word' id='word_1_364' title='bbox 1181 281 1248 308; x_wconf 80' lang='lat' dir='ltr'><strong>Sunt</strong></span> <span class='ocrx_word' id='word_1_365' title='bbox 1263 282 1333 308; x_wconf 88' lang='lat' dir='ltr'><strong>eniut</strong></span> <span class='ocrx_word' id='word_1_366' title='bbox 1351 282 1396 316; x_wconf 87' lang='lat' dir='ltr'><strong>qui</strong></span> <span class='ocrx_word' id='word_1_367' title='bbox 1412 283 1473 309; x_wconf 82' lang='lat' dir='ltr'><strong>talia</strong></span> <span class='ocrx_word' id='word_1_368' title='bbox 1483 287 1620 315; x_wconf 78' lang='lat' dir='ltr'><strong>exercent,</strong></span> <span class='ocrx_word' id='word_1_369' title='bbox 1635 288 1663 310; x_wconf 87' lang='lat' dir='ltr'><strong>et</strong></span> <span class='ocrx_word' id='word_1_370' title='bbox 1682 291 1766 318; x_wconf 88' lang='lat' dir='ltr'><strong>pecu-</strong></span> 
     </span>
    </p>
   </div>
   <div class='ocr_carea' id='block_1_53' title="bbox 974 322 1762 359">
    <p class='ocr_par' dir='ltr' id='par_1_53' title="bbox 974 322 1762 359">
     <span class='ocr_line' id='line_1_53' title="bbox 974 322 1762 359; baseline 0.009 -11"><span class='ocrx_word' id='word_1_371' title='bbox 974 322 1033 349; x_wconf 76' lang='lat' dir='ltr'><strong>nias</strong></span> <span class='ocrx_word' id='word_1_372' title='bbox 1061 323 1237 358; x_wconf 82' lang='lat' dir='ltr'><strong>elargiuutur,</strong></span> <span class='ocrx_word' id='word_1_373' title='bbox 1261 333 1328 359; x_wconf 88' lang='lat' dir='ltr'><strong>quos</strong></span> <span class='ocrx_word' id='word_1_374' title='bbox 1357 334 1436 353; x_wconf 90' lang='lat' dir='ltr'><strong>nemo</strong></span> <span class='ocrx_word' id='word_1_375' title='bbox 1476 328 1584 359; x_wconf 83' lang='lat' dir='ltr'><strong>dixerit,</strong></span> <span class='ocrx_word' id='word_1_376' title='bbox 1611 329 1762 355; x_wconf 82' lang='lat' dir='ltr'><strong>mercedem</strong></span> 
     </span>
    </p>
   </div>
   <div class='ocr_carea' id='block_1_54' title="bbox 973 369 1761 408">
    <p class='ocr_par' dir='ltr' id='par_1_54' title="bbox 973 369 1761 408">
     <span class='ocr_line' id='line_1_54' title="bbox 973 369 1761 408; baseline 0.008 -14"><span class='ocrx_word' id='word_1_377' title='bbox 973 369 1109 402; x_wconf 77' lang='lat' dir='ltr'><strong>prophetae</strong></span> <span class='ocrx_word' id='word_1_378' title='bbox 1124 371 1256 403; x_wconf 87' lang='lat' dir='ltr'><strong>accipere.</strong></span> <span class='ocrx_word' id='word_1_379' title='bbox 1276 370 1303 397; x_wconf 87' lang='lat' dir='ltr'><strong>Si</strong></span> <span class='ocrx_word' id='word_1_380' title='bbox 1317 371 1378 405; x_wconf 86' lang='lat' dir='ltr'><strong>quis</strong></span> <span class='ocrx_word' id='word_1_381' title='bbox 1394 377 1482 399; x_wconf 91' lang='lat' dir='ltr'><strong>autem</strong></span> <span class='ocrx_word' id='word_1_382' title='bbox 1493 373 1594 407; x_wconf 81' lang='lat' dir='ltr'><strong>absque</strong></span> <span class='ocrx_word' id='word_1_383' title='bbox 1608 373 1761 408; x_wconf 86' lang='lat' dir='ltr'><strong>hujusmodi</strong></span> 
     </span>
    </p>
   </div>
   <div class='ocr_carea' id='block_1_55' title="bbox 972 413 1762 453">
    <p class='ocr_par' dir='ltr' id='par_1_55' title="bbox 972 413 1762 453">
     <span class='ocr_line' id='line_1_55' title="bbox 972 413 1762 453; baseline 0.011 -15"><span class='ocrx_word' id='word_1_384' title='bbox 972 413 1131 440; x_wconf 75' lang='lat' dir='ltr'><strong>velamentis</strong></span> <span class='ocrx_word' id='word_1_385' title='bbox 1147 415 1216 441; x_wconf 87' lang='lat' dir='ltr'><strong>nuda</strong></span> <span class='ocrx_word' id='word_1_386' title='bbox 1229 416 1318 441; x_wconf 84' lang='lat' dir='ltr'><strong>anima</strong></span> <span class='ocrx_word' id='word_1_387' title='bbox 1336 417 1369 442; x_wconf 89' lang='lat' dir='ltr'><strong>ad</strong></span> <span class='ocrx_word' id='word_1_388' title='bbox 1384 417 1482 443; x_wconf 90' lang='lat' dir='ltr'><strong>bonum</strong></span> <span class='ocrx_word' id='word_1_389' title='bbox 1499 419 1585 452; x_wconf 86' lang='lat' dir='ltr'><strong>ipsum</strong></span> <span class='ocrx_word' id='word_1_390' title='bbox 1608 420 1762 453; x_wconf 79' lang='lat' dir='ltr'><strong>respiciens</strong></span> 
     </span>
    </p>
   </div>
   <div class='ocr_carea' id='block_1_56' title="bbox 972 460 1757 493">
    <p class='ocr_par' dir='ltr' id='par_1_56' title="bbox 972 460 1757 493">
     <span class='ocr_line' id='line_1_56' title="bbox 972 460 1757 493; baseline 0.01 -8"><span class='ocrx_word' id='word_1_391' title='bbox 972 464 1080 486; x_wconf 83' lang='lat' dir='ltr'><strong>sanctos</strong></span> <span class='ocrx_word' id='word_1_392' title='bbox 1091 460 1192 487; x_wconf 82' lang='lat' dir='ltr'><strong>honore</strong></span> <span class='ocrx_word' id='word_1_393' title='bbox 1204 460 1334 493; x_wconf 76' lang='lat' dir='ltr'><strong>alleceril,</strong></span> <span class='ocrx_word' id='word_1_394' title='bbox 1350 462 1411 489; x_wconf 84' lang='lat' dir='ltr'><strong>talis</strong></span> <span class='ocrx_word' id='word_1_395' title='bbox 1437 471 1489 490; x_wconf 86' lang='lat' dir='ltr'><strong>una</strong></span> <span class='ocrx_word' id='word_1_396' title='bbox 1507 471 1567 490; x_wconf 90' lang='lat' dir='ltr'><strong>cum</strong></span> <span class='ocrx_word' id='word_1_397' title='bbox 1584 467 1685 493; x_wconf 78' lang='lat' dir='ltr'><strong>sanctis</strong></span> <span class='ocrx_word' id='word_1_398' title='bbox 1699 474 1757 493; x_wconf 85' lang='lat' dir='ltr'><strong>tne-</strong></span> 
     </span>
    </p>
   </div>
   <div class='ocr_carea' id='block_1_57' title="bbox 973 504 1306 540">
    <p class='ocr_par' dir='ltr' id='par_1_57' title="bbox 973 504 1306 540">
     <span class='ocr_line' id='line_1_57' title="bbox 973 504 1306 540; baseline 0.009 -9"><span class='ocrx_word' id='word_1_399' title='bbox 973 504 1024 531; x_wconf 89' lang='lat' dir='ltr'><strong>rito</strong></span> <span class='ocrx_word' id='word_1_400' title='bbox 1042 505 1127 539; x_wconf 75' lang='lat' dir='ltr'><strong>gloria</strong></span> <span class='ocrx_word' id='word_1_401' title='bbox 1142 506 1306 540; x_wconf 85' lang='lat' dir='ltr'><strong>perfruetur.</strong></span> 
     </span>
    </p>
   </div>
   <div class='ocr_carea' id='block_1_58' title="bbox 1192 561 1528 592">
    <p class='ocr_par' dir='ltr' id='par_1_58' title="bbox 1192 561 1528 592">
     <span class='ocr_line' id='line_1_58' title="bbox 1192 561 1528 592; baseline 0.012 -4"><span class='ocrx_word' id='word_1_402' title='bbox 1192 561 1334 590; x_wconf 78' lang='lat' dir='ltr'><strong>CXXXVI.</strong></span> <span class='ocrx_word' id='word_1_403' title='bbox 1350 563 1528 592; x_wconf 79' lang='lat' dir='ltr'><strong>—ALYPIO.</strong></span> 
     </span>
    </p>
   </div>
   <div class='ocr_carea' id='block_1_59' title="bbox 1043 606 1690 645">
    <p class='ocr_par' dir='ltr' id='par_1_59' title="bbox 1043 606 1690 645">
     <span class='ocr_line' id='line_1_59' title="bbox 1043 606 1690 645; baseline 0.011 -13"><span class='ocrx_word' id='word_1_404' title='bbox 1043 606 1180 640; x_wconf 84' lang='lat' dir='ltr'><strong>Quomodo</strong></span> <span class='ocrx_word' id='word_1_405' title='bbox 1192 616 1298 642; x_wconf 78' lang='lat' dir='ltr'><strong>regnum</strong></span> <span class='ocrx_word' id='word_1_406' title='bbox 1315 608 1439 636; x_wconf 65' lang='lat' dir='ltr'><strong>Helorum</strong></span> <span class='ocrx_word' id='word_1_407' title='bbox 1457 611 1507 636; x_wconf 73' lang='lat' dir='ltr'><strong>vim</strong></span> <span class='ocrx_word' id='word_1_408' title='bbox 1524 611 1644 645; x_wconf 72' lang='lat' dir='ltr'><strong>poliatur</strong></span> <span class='ocrx_word' id='word_1_409' title='bbox 1657 613 1690 639; x_wconf 80' lang='lat'><strong>”.</strong></span> 
     </span>
    </p>
   </div>
   <div class='ocr_carea' id='block_1_60' title="bbox 1008 662 1759 704">
    <p class='ocr_par' dir='ltr' id='par_1_60' title="bbox 1008 662 1759 704">
     <span class='ocr_line' id='line_1_60' title="bbox 1008 662 1759 704; baseline 0.011 -15"><span class='ocrx_word' id='word_1_410' title='bbox 1008 662 1121 690; x_wconf 80' lang='lat' dir='ltr'><strong>Praemia</strong></span> <span class='ocrx_word' id='word_1_411' title='bbox 1138 663 1259 699; x_wconf 89' lang='lat' dir='ltr'><strong>(alterius</strong></span> <span class='ocrx_word' id='word_1_412' title='bbox 1277 666 1347 698; x_wconf 79' lang='lat' dir='ltr'><strong>vine,</strong></span> <span class='ocrx_word' id='word_1_413' title='bbox 1364 668 1415 701; x_wconf 88' lang='lat' dir='ltr'><strong>piis</strong></span> <span class='ocrx_word' id='word_1_414' title='bbox 1436 675 1450 694; x_wconf 90' lang='lat' dir='ltr'><strong>a</strong></span> <span class='ocrx_word' id='word_1_415' title='bbox 1464 667 1518 695; x_wconf 88' lang='lat' dir='ltr'><strong>Deo</strong></span> <span class='ocrx_word' id='word_1_416' title='bbox 1534 669 1683 704; x_wconf 85' lang='lat' dir='ltr'><strong>proposita)</strong></span> <span class='ocrx_word' id='word_1_417' title='bbox 1698 678 1759 697; x_wconf 79' lang='lat' dir='ltr'><strong>cum</strong></span> 
     </span>
    </p>
   </div>
   <div class='ocr_carea' id='block_1_61' title="bbox 971 707 1760 749">
    <p class='ocr_par' dir='ltr' id='par_1_61' title="bbox 971 707 1760 749">
     <span class='ocr_line' id='line_1_61' title="bbox 971 707 1760 749; baseline 0.013 -16"><span class='ocrx_word' id='word_1_418' title='bbox 971 707 1026 734; x_wconf 78' lang='lat' dir='ltr'><strong>sint</strong></span> <span class='ocrx_word' id='word_1_419' title='bbox 1042 709 1114 734; x_wconf 83' lang='lat' dir='ltr'><strong>omni</strong></span> <span class='ocrx_word' id='word_1_420' title='bbox 1134 709 1248 737; x_wconf 86' lang='lat' dir='ltr'><strong>humana</strong></span> <span class='ocrx_word' id='word_1_421' title='bbox 1273 711 1403 745; x_wconf 79' lang='lat' dir='ltr'><strong>dignitate</strong></span> <span class='ocrx_word' id='word_1_422' title='bbox 1421 713 1532 747; x_wconf 80' lang='lat' dir='ltr'><strong>majora,</strong></span> <span class='ocrx_word' id='word_1_423' title='bbox 1550 714 1760 749; x_wconf 64' lang='lat' dir='ltr'><strong>longissimeque</strong></span> 
     </span>
    </p>
   </div>
   <div class='ocr_carea' id='block_1_62' title="bbox 971 755 1760 788">
    <p class='ocr_par' dir='ltr' id='par_1_62' title="bbox 971 755 1760 788">
     <span class='ocr_line' id='line_1_62' title="bbox 971 755 1760 788; baseline 0.013 -9"><span class='ocrx_word' id='word_1_424' title='bbox 971 760 1079 780; x_wconf 90' lang='lat' dir='ltr'><strong>omnem</strong></span> <span class='ocrx_word' id='word_1_425' title='bbox 1105 755 1245 783; x_wconf 74' lang='lat' dir='ltr'><strong>laboribus</strong></span> <span class='ocrx_word' id='word_1_426' title='bbox 1271 757 1388 784; x_wconf 88' lang='lat' dir='ltr'><strong>debitam</strong></span> <span class='ocrx_word' id='word_1_427' title='bbox 1416 761 1660 788; x_wconf 76' lang='lat' dir='ltr'><strong>remunerationem</strong></span> <span class='ocrx_word' id='word_1_428' title='bbox 1679 769 1760 788; x_wconf 82' lang='lat' dir='ltr'><strong>exce-</strong></span> 
     </span>
    </p>
   </div>
   <div class='ocr_carea' id='block_1_63' title="bbox 972 795 1759 840">
    <p class='ocr_par' dir='ltr' id='par_1_63' title="bbox 972 795 1759 840">
     <span class='ocr_line' id='line_1_63' title="bbox 972 795 1759 840; baseline 0.011 -15"><span class='ocrx_word' id='word_1_429' title='bbox 972 801 1036 826; x_wconf 83' lang='lat' dir='ltr'><strong>dant</strong></span> <span class='ocrx_word' id='word_1_430' title='bbox 1049 799 1072 835; x_wconf 72' lang='grc' dir='ltr'>(ι</span> <span class='ocrx_word' id='word_1_431' title='bbox 1092 799 1148 827; x_wconf 83' lang='lat' dir='ltr'><strong>Non</strong></span> <span class='ocrx_word' id='word_1_432' title='bbox 1167 802 1238 828; x_wconf 89' lang='lat' dir='ltr'><strong>enim</strong></span> <span class='ocrx_word' id='word_1_433' title='bbox 1255 807 1318 829; x_wconf 86' lang='lat' dir='ltr'><strong>sunt</strong></span> <span class='ocrx_word' id='word_1_434' title='bbox 1338 811 1416 837; x_wconf 91' lang='lat' dir='ltr'><strong>pares</strong></span> <span class='ocrx_word' id='word_1_435' title='bbox 1431 806 1570 839; x_wconf 79' lang='lat' dir='ltr'><strong>passiones</strong></span> <span class='ocrx_word' id='word_1_436' title='bbox 1589 795 1666 840; x_wconf 85' lang='lat' dir='ltr'><strong>hujus</strong></span> <span class='ocrx_word' id='word_1_437' title='bbox 1689 812 1759 834; x_wconf 75' lang='lat' dir='ltr'><strong>tent-</strong></span> 
     </span>
    </p>
   </div>
   <div class='ocr_carea' id='block_1_64' title="bbox 972 846 1758 888">
    <p class='ocr_par' dir='ltr' id='par_1_64' title="bbox 972 846 1758 888">
     <span class='ocr_line' id='line_1_64' title="bbox 972 846 1758 888; baseline 0.011 -17"><span class='ocrx_word' id='word_1_438' title='bbox 972 846 1046 880; x_wconf 80' lang='lat' dir='ltr'><strong>poris</strong></span> <span class='ocrx_word' id='word_1_439' title='bbox 1071 847 1105 873; x_wconf 85' lang='lat' dir='ltr'><strong>ad</strong></span> <span class='ocrx_word' id='word_1_440' title='bbox 1130 847 1247 874; x_wconf 75' lang='lat' dir='ltr'><strong>futuram</strong></span> <span class='ocrx_word' id='word_1_441' title='bbox 1272 849 1396 883; x_wconf 88' lang='lat' dir='ltr'><strong>gloriatn,</strong></span> <span class='ocrx_word' id='word_1_442' title='bbox 1422 858 1481 884; x_wconf 75' lang='lat' dir='ltr'><strong>qua:</strong></span> <span class='ocrx_word' id='word_1_443' title='bbox 1507 852 1672 879; x_wconf 78' lang='lat' dir='ltr'><strong>revelabitur</strong></span> <span class='ocrx_word' id='word_1_444' title='bbox 1696 862 1758 888; x_wconf 76' lang='lat' dir='ltr'><strong>erga</strong></span> 
     </span>
    </p>
   </div>
   <div class='ocr_carea' id='block_1_65' title="bbox 973 891 1758 929">
    <p class='ocr_par' dir='ltr' id='par_1_65' title="bbox 973 891 1758 929">
     <span class='ocr_line' id='line_1_65' title="bbox 973 891 1758 929; baseline 0.01 -12"><span class='ocrx_word' id='word_1_445' title='bbox 973 899 1022 918; x_wconf 85' lang='lat' dir='ltr'><strong>nos</strong></span> <span class='ocrx_word' id='word_1_446' title='bbox 1033 891 1066 925; x_wconf 75' lang='grc' dir='ltr'><strong>⁸ο,</strong></span> <span class='ocrx_word' id='word_1_447' title='bbox 1082 901 1092 918; x_wconf 76' lang='grc' dir='ltr'><strong>ι</strong></span> <span class='ocrx_word' id='word_1_448' title='bbox 1110 892 1196 928; x_wconf 85' lang='lat' dir='ltr'><strong>inquit</strong></span> <span class='ocrx_word' id='word_1_449' title='bbox 1207 902 1252 920; x_wconf 83' lang='lat' dir='ltr'><strong>vas</strong></span> <span class='ocrx_word' id='word_1_450' title='bbox 1264 895 1412 929; x_wconf 79' lang='lat' dir='ltr'><strong>electionis)</strong></span> <span class='ocrx_word' id='word_1_451' title='bbox 1428 906 1434 923; x_wconf 92' lang='lat'>:</span> <span class='ocrx_word' id='word_1_452' title='bbox 1451 897 1531 924; x_wconf 88' lang='lat' dir='ltr'><strong>etiam</strong></span> <span class='ocrx_word' id='word_1_453' title='bbox 1546 898 1758 925; x_wconf 70' lang='lat' dir='ltr'><strong>imbecillitatem</strong></span> 
     </span>
    </p>
   </div>
   <div class='ocr_carea' id='block_1_66' title="bbox 972 939 1759 977">
    <p class='ocr_par' dir='ltr' id='par_1_66' title="bbox 972 939 1759 977">
     <span class='ocr_line' id='line_1_66' title="bbox 972 939 1759 977; baseline 0.011 -14"><span class='ocrx_word' id='word_1_454' title='bbox 972 942 1075 965; x_wconf 77' lang='lat' dir='ltr'><strong>natura:</strong></span> <span class='ocrx_word' id='word_1_455' title='bbox 1088 943 1196 974; x_wconf 75' lang='lat' dir='ltr'><strong>cogunt.</strong></span> <span class='ocrx_word' id='word_1_456' title='bbox 1216 939 1277 967; x_wconf 90' lang='lat' dir='ltr'><strong>Ideo</strong></span> <span class='ocrx_word' id='word_1_457' title='bbox 1296 941 1426 975; x_wconf 88' lang='lat' dir='ltr'><strong>scriptum</strong></span> <span class='ocrx_word' id='word_1_458' title='bbox 1448 947 1490 969; x_wconf 90' lang='lat' dir='ltr'><strong>est</strong></span> <span class='ocrx_word' id='word_1_459' title='bbox 1508 951 1514 969; x_wconf 89' lang='lat'>:</span> <span class='ocrx_word' id='word_1_460' title='bbox 1533 953 1542 968; x_wconf 85' lang='grc'><strong><em>‹</em></strong></span> <span class='ocrx_word' id='word_1_461' title='bbox 1564 943 1684 977; x_wconf 80' lang='lat' dir='ltr'><strong>Regnum</strong></span> <span class='ocrx_word' id='word_1_462' title='bbox 1705 951 1759 972; x_wconf 66' lang='lat' dir='ltr'><strong>caa-</strong></span> 
     </span>
    </p>
   </div>
   <div class='ocr_carea' id='block_1_67' title="bbox 971 983 1759 1023">
    <p class='ocr_par' dir='ltr' id='par_1_67' title="bbox 971 983 1759 1023">
     <span class='ocr_line' id='line_1_67' title="bbox 971 983 1759 1023; baseline 0.01 -14"><span class='ocrx_word' id='word_1_463' title='bbox 971 983 1056 1010; x_wconf 88' lang='lat' dir='ltr'><strong>iorutn</strong></span> <span class='ocrx_word' id='word_1_464' title='bbox 1071 985 1123 1011; x_wconf 91' lang='lat' dir='ltr'><strong>vim</strong></span> <span class='ocrx_word' id='word_1_465' title='bbox 1136 985 1237 1018; x_wconf 76' lang='lat' dir='ltr'><strong>patitur</strong></span> <span class='ocrx_word' id='word_1_466' title='bbox 1248 989 1274 1013; x_wconf 88' lang='lat' dir='ltr'><strong>el.</strong></span> <span class='ocrx_word' id='word_1_467' title='bbox 1288 986 1397 1014; x_wconf 82' lang='lat' dir='ltr'><strong>violenti</strong></span> <span class='ocrx_word' id='word_1_468' title='bbox 1413 989 1520 1022; x_wconf 90' lang='lat' dir='ltr'><strong>rapiunt</strong></span> <span class='ocrx_word' id='word_1_469' title='bbox 1537 989 1610 1016; x_wconf 86' lang='lat' dir='ltr'><strong>illud.</strong></span> <span class='ocrx_word' id='word_1_470' title='bbox 1630 999 1638 1015; x_wconf 75' lang='grc' dir='ltr'><strong>ι</strong></span> <span class='ocrx_word' id='word_1_471' title='bbox 1660 990 1759 1023; x_wconf 83' lang='lat' dir='ltr'><strong>Quales</strong></span> 
     </span>
    </p>
   </div>
   <div class='ocr_carea' id='block_1_68' title="bbox 970 1029 1759 1071">
    <p class='ocr_par' dir='ltr' id='par_1_68' title="bbox 970 1029 1759 1071">
     <span class='ocr_line' id='line_1_68' title="bbox 970 1029 1759 1071; baseline 0.01 -16"><span class='ocrx_word' id='word_1_472' title='bbox 970 1029 1104 1057; x_wconf 82' lang='lat' dir='ltr'><strong>violenti?</strong></span> <span class='ocrx_word' id='word_1_473' title='bbox 1122 1030 1171 1063; x_wconf 87' lang='lat' dir='ltr'><strong>Qui</strong></span> <span class='ocrx_word' id='word_1_474' title='bbox 1195 1032 1333 1066; x_wconf 86' lang='lat' dir='ltr'><strong>proprium</strong></span> <span class='ocrx_word' id='word_1_475' title='bbox 1350 1040 1449 1067; x_wconf 90' lang='lat' dir='ltr'><strong>corpus</strong></span> <span class='ocrx_word' id='word_1_476' title='bbox 1465 1034 1576 1069; x_wconf 85' lang='lat' dir='ltr'><strong>jejuuiis</strong></span> <span class='ocrx_word' id='word_1_477' title='bbox 1604 1040 1630 1062; x_wconf 86' lang='lat' dir='ltr'><strong>cl</strong></span> <span class='ocrx_word' id='word_1_478' title='bbox 1656 1041 1759 1071; x_wconf 86' lang='lat' dir='ltr'><strong>tempe-</strong></span> 
     </span>
    </p>
   </div>
   <div class='ocr_carea' id='block_1_69' title="bbox 970 1077 1756 1117">
    <p class='ocr_par' dir='ltr' id='par_1_69' title="bbox 970 1077 1756 1117">
     <span class='ocr_line' id='line_1_69' title="bbox 970 1077 1756 1117; baseline 0.009 -15"><span class='ocrx_word' id='word_1_479' title='bbox 970 1077 1058 1103; x_wconf 87' lang='lat' dir='ltr'><strong>rantia</strong></span> <span class='ocrx_word' id='word_1_480' title='bbox 1075 1077 1293 1112; x_wconf 83' lang='lat' dir='ltr'><strong>abstinentiaque</strong></span> <span class='ocrx_word' id='word_1_481' title='bbox 1316 1083 1342 1106; x_wconf 90' lang='lat' dir='ltr'><strong>et</strong></span> <span class='ocrx_word' id='word_1_482' title='bbox 1363 1080 1424 1106; x_wconf 88' lang='lat' dir='ltr'><strong>aliis</strong></span> <span class='ocrx_word' id='word_1_483' title='bbox 1447 1081 1592 1108; x_wconf 86' lang='lat' dir='ltr'><strong>virtutibus</strong></span> <span class='ocrx_word' id='word_1_484' title='bbox 1607 1088 1716 1117; x_wconf 82' lang='lat' dir='ltr'><strong>cogunt,</strong></span> <span class='ocrx_word' id='word_1_485' title='bbox 1731 1089 1756 1110; x_wconf 91' lang='lat' dir='ltr'><strong>et</strong></span> 
     </span>
    </p>
   </div>
   <div class='ocr_carea' id='block_1_70' title="bbox 970 1119 1759 1162">
    <p class='ocr_par' dir='ltr' id='par_1_70' title="bbox 970 1119 1759 1162">
     <span class='ocr_line' id='line_1_70' title="bbox 970 1119 1759 1162; baseline 0.011 -16"><span class='ocrx_word' id='word_1_486' title='bbox 970 1119 1072 1155; x_wconf 76' lang='lat' dir='ltr'><strong>legibus</strong></span> <span class='ocrx_word' id='word_1_487' title='bbox 1088 1122 1199 1156; x_wconf 83' lang='lat' dir='ltr'><strong>spiritus</strong></span> <span class='ocrx_word' id='word_1_488' title='bbox 1212 1123 1394 1162; x_wconf 74' lang='lat' dir='ltr'><strong>subjecerunt,‘</strong></span> <span class='ocrx_word' id='word_1_489' title='bbox 1415 1129 1441 1151; x_wconf 88' lang='lat' dir='ltr'><strong>et</strong></span> <span class='ocrx_word' id='word_1_490' title='bbox 1461 1133 1575 1158; x_wconf 85' lang='lat' dir='ltr'><strong>pronum</strong></span> <span class='ocrx_word' id='word_1_491' title='bbox 1596 1132 1677 1162; x_wconf 88' lang='lat' dir='ltr'><strong>atque</strong></span> <span class='ocrx_word' id='word_1_492' title='bbox 1698 1128 1759 1155; x_wconf 88' lang='lat' dir='ltr'><strong>obe-</strong></span> 
     </span>
    </p>
   </div>
   <div class='ocr_carea' id='block_1_71' title="bbox 969 1165 1563 1199">
    <p class='ocr_par' dir='ltr' id='par_1_71' title="bbox 969 1165 1563 1199">
     <span class='ocr_line' id='line_1_71' title="bbox 969 1165 1563 1199; baseline 0.008 -6"><span class='ocrx_word' id='word_1_493' title='bbox 969 1165 1045 1194; x_wconf 88' lang='lat' dir='ltr'><strong>diens</strong></span> <span class='ocrx_word' id='word_1_494' title='bbox 1060 1168 1218 1195; x_wconf 71' lang='lat' dir='ltr'><strong>exercendae</strong></span> <span class='ocrx_word' id='word_1_495' title='bbox 1234 1168 1322 1196; x_wconf 83' lang='lat' dir='ltr'><strong>virtuti</strong></span> <span class='ocrx_word' id='word_1_496' title='bbox 1339 1170 1363 1197; x_wconf 93' lang='lat' dir='ltr'><strong>id</strong></span> <span class='ocrx_word' id='word_1_497' title='bbox 1380 1171 1563 1199; x_wconf 84' lang='lat' dir='ltr'><strong>reddiderunt.</strong></span> 
     </span>
    </p>
   </div>
   <div class='ocr_carea' id='block_1_72' title="bbox 1097 1223 1630 1256">
    <p class='ocr_par' dir='ltr' id='par_1_72' title="bbox 1097 1223 1630 1256">
     <span class='ocr_line' id='line_1_72' title="bbox 1097 1223 1630 1256; baseline 0.009 -6"><span class='ocrx_word' id='word_1_498' title='bbox 1097 1223 1251 1252; x_wconf 75' lang='lat' dir='ltr'><strong>CXXXVII.</strong></span> <span class='ocrx_word' id='word_1_499' title='bbox 1265 1241 1301 1246; x_wconf 94' lang='lat'><strong>—</strong></span> <span class='ocrx_word' id='word_1_500' title='bbox 1317 1225 1435 1254; x_wconf 78' lang='lat' dir='ltr'><strong>ORIONI</strong></span> <span class='ocrx_word' id='word_1_501' title='bbox 1450 1226 1630 1256; x_wconf 79' lang='lat' dir='ltr'><strong>MONACIIO.</strong></span> 
     </span>
    </p>
   </div>
   <div class='ocr_carea' id='block_1_73' title="bbox 970 1269 1754 1306">
    <p class='ocr_par' dir='ltr' id='par_1_73' title="bbox 970 1269 1754 1306">
     <span class='ocr_line' id='line_1_73' title="bbox 970 1269 1754 1306; baseline 0.008 -9"><span class='ocrx_word' id='word_1_502' title='bbox 970 1269 1004 1297; x_wconf 84' lang='lat' dir='ltr'><strong>In</strong></span> <span class='ocrx_word' id='word_1_503' title='bbox 1021 1270 1049 1298; x_wconf 81' lang='lat' dir='ltr'><strong>id</strong></span> <span class='ocrx_word' id='word_1_504' title='bbox 1063 1271 1132 1305; x_wconf 82' lang='lat' dir='ltr'><strong>quod</strong></span> <span class='ocrx_word' id='word_1_505' title='bbox 1149 1272 1276 1306; x_wconf 78' lang='lat' dir='ltr'><strong>scriptum</strong></span> <span class='ocrx_word' id='word_1_506' title='bbox 1296 1277 1335 1300; x_wconf 80' lang='lat' dir='ltr'><strong>est</strong></span> <span class='ocrx_word' id='word_1_507' title='bbox 1359 1280 1369 1300; x_wconf 89' lang='lat'><strong><em>:</em></strong></span> <span class='ocrx_word' id='word_1_508' title='bbox 1395 1281 1405 1299; x_wconf 72' lang='grc' dir='ltr'><strong>ι</strong></span> <span class='ocrx_word' id='word_1_509' title='bbox 1437 1272 1581 1301; x_wconf 82' lang='lat' dir='ltr'><strong>Prudentes</strong></span> <span class='ocrx_word' id='word_1_510' title='bbox 1607 1281 1675 1303; x_wconf 73' lang='lat' dir='ltr'><strong>sicut</strong></span> <span class='ocrx_word' id='word_1_511' title='bbox 1698 1284 1754 1304; x_wconf 80' lang='lat' dir='ltr'><strong>ser-</strong></span> 
     </span>
    </p>
   </div>
   <div class='ocr_carea' id='block_1_74' title="bbox 1070 1308 1656 1342">
    <p class='ocr_par' dir='ltr' id='par_1_74' title="bbox 1070 1308 1656 1342">
     <span class='ocr_line' id='line_1_74' title="bbox 1070 1308 1656 1342; baseline 0.007 -9"><span class='ocrx_word' id='word_1_512' title='bbox 1070 1310 1172 1341; x_wconf 78' lang='lat' dir='ltr'><strong>pentes,</strong></span> <span class='ocrx_word' id='word_1_513' title='bbox 1187 1313 1210 1334; x_wconf 82' lang='lat' dir='ltr'><strong>et</strong></span> <span class='ocrx_word' id='word_1_514' title='bbox 1228 1308 1356 1342; x_wconf 72' lang='lat' dir='ltr'><strong>simplices</strong></span> <span class='ocrx_word' id='word_1_515' title='bbox 1369 1309 1435 1335; x_wconf 75' lang='lat' dir='ltr'><strong>sicut</strong></span> <span class='ocrx_word' id='word_1_516' title='bbox 1450 1309 1576 1336; x_wconf 73' lang='lat' dir='ltr'><strong>columbw</strong></span> <span class='ocrx_word' id='word_1_517' title='bbox 1592 1310 1625 1337; x_wconf 74' lang='lat'><strong>“.</strong></span> <span class='ocrx_word' id='word_1_518' title='bbox 1647 1320 1656 1337; x_wconf 75' lang='grc' dir='ltr'><strong>ι</strong></span> 
     </span>
    </p>
   </div>
   <div class='ocr_carea' id='block_1_75' title="bbox 1005 1357 1755 1401">
    <p class='ocr_par' dir='ltr' id='par_1_75' title="bbox 1005 1357 1755 1401">
     <span class='ocr_line' id='line_1_75' title="bbox 1005 1357 1755 1401; baseline 0.007 -12"><span class='ocrx_word' id='word_1_519' title='bbox 1005 1361 1133 1397; x_wconf 75' lang='lat' dir='ltr'><strong>Exempla</strong></span> <span class='ocrx_word' id='word_1_520' title='bbox 1148 1369 1201 1389; x_wconf 93' lang='lat' dir='ltr'><strong>non</strong></span> <span class='ocrx_word' id='word_1_521' title='bbox 1214 1357 1262 1397; x_wconf 74' lang='lat' dir='ltr'><strong>per</strong></span> <span class='ocrx_word' id='word_1_522' title='bbox 1271 1364 1360 1390; x_wconf 85' lang='lat' dir='ltr'><strong>omnia</strong></span> <span class='ocrx_word' id='word_1_523' title='bbox 1377 1364 1538 1398; x_wconf 86' lang='lat' dir='ltr'><strong>capiuntur:</strong></span> <span class='ocrx_word' id='word_1_524' title='bbox 1552 1365 1670 1401; x_wconf 84' lang='lat' dir='ltr'><strong>alioquin</strong></span> <span class='ocrx_word' id='word_1_525' title='bbox 1684 1367 1755 1394; x_wconf 89' lang='lat' dir='ltr'><strong>enim</strong></span> 
     </span>
    </p>
   </div>
   <div class='ocr_carea' id='block_1_76' title="bbox 968 1409 1754 1444">
    <p class='ocr_par' dir='ltr' id='par_1_76' title="bbox 968 1409 1754 1444">
     <span class='ocr_line' id='line_1_76' title="bbox 968 1409 1754 1444; baseline 0.006 -8"><span class='ocrx_word' id='word_1_526' title='bbox 968 1416 1022 1436; x_wconf 90' lang='lat' dir='ltr'><strong>non</strong></span> <span class='ocrx_word' id='word_1_527' title='bbox 1038 1414 1128 1436; x_wconf 86' lang='lat' dir='ltr'><strong>essent</strong></span> <span class='ocrx_word' id='word_1_528' title='bbox 1140 1409 1261 1443; x_wconf 79' lang='lat' dir='ltr'><strong>exempla</strong></span> <span class='ocrx_word' id='word_1_529' title='bbox 1272 1415 1297 1436; x_wconf 89' lang='lat' dir='ltr'><strong>et</strong></span> <span class='ocrx_word' id='word_1_530' title='bbox 1310 1410 1512 1444; x_wconf 83' lang='lat' dir='ltr'><strong>similitudines,</strong></span> <span class='ocrx_word' id='word_1_531' title='bbox 1524 1412 1571 1438; x_wconf 90' lang='lat' dir='ltr'><strong>sed</strong></span> <span class='ocrx_word' id='word_1_532' title='bbox 1590 1420 1633 1440; x_wconf 90' lang='lat' dir='ltr'><strong>res</strong></span> <span class='ocrx_word' id='word_1_533' title='bbox 1648 1413 1754 1441; x_wconf 82' lang='lat' dir='ltr'><strong>eadem.</strong></span> 
     </span>
    </p>
   </div>
   <div class='ocr_carea' id='block_1_77' title="bbox 969 1455 1800 1494">
    <p class='ocr_par' dir='ltr' id='par_1_77' title="bbox 969 1455 1800 1494">
     <span class='ocr_line' id='line_1_77' title="bbox 969 1455 1800 1494; baseline 0.006 -12"><span class='ocrx_word' id='word_1_534' title='bbox 969 1455 1024 1482; x_wconf 87' lang='lat' dir='ltr'><strong>Etsi</strong></span> <span class='ocrx_word' id='word_1_535' title='bbox 1038 1455 1110 1482; x_wconf 91' lang='lat' dir='ltr'><strong>enim</strong></span> <span class='ocrx_word' id='word_1_536' title='bbox 1130 1455 1330 1489; x_wconf 82' lang='lat' dir='ltr'><strong>simplicitatem</strong></span> <span class='ocrx_word' id='word_1_537' title='bbox 1351 1461 1377 1483; x_wconf 93' lang='lat' dir='ltr'><strong>et</strong></span> <span class='ocrx_word' id='word_1_538' title='bbox 1393 1465 1497 1484; x_wconf 89' lang='lat' dir='ltr'><strong>morum</strong></span> <span class='ocrx_word' id='word_1_539' title='bbox 1509 1458 1682 1492; x_wconf 83' lang='lat' dir='ltr'><strong>probitatem,</strong></span> <span class='ocrx_word' id='word_1_540' title='bbox 1696 1467 1757 1494; x_wconf 60' lang='lat' dir='ltr'><strong>quas</strong></span> <span class='ocrx_word' id='word_1_541' title='bbox 1794 1473 1800 1475; x_wconf 97' lang='lat'><strong><em>-</em></strong></span> 
     </span>
    </p>
   </div>
   <div class='ocr_carea' id='block_1_78' title="bbox 969 1500 1756 1537">
    <p class='ocr_par' dir='ltr' id='par_1_78' title="bbox 969 1500 1756 1537">
     <span class='ocr_line' id='line_1_78' title="bbox 969 1500 1756 1537; baseline 0.005 -9"><span class='ocrx_word' id='word_1_542' title='bbox 969 1501 995 1528; x_wconf 92' lang='lat' dir='ltr'><strong>in</strong></span> <span class='ocrx_word' id='word_1_543' title='bbox 1011 1500 1136 1529; x_wconf 88' lang='lat' dir='ltr'><strong>columba</strong></span> <span class='ocrx_word' id='word_1_544' title='bbox 1152 1506 1202 1534; x_wconf 88' lang='lat' dir='ltr'><strong>est,</strong></span> <span class='ocrx_word' id='word_1_545' title='bbox 1217 1501 1316 1528; x_wconf 84' lang='lat' dir='ltr'><strong>imitari</strong></span> <span class='ocrx_word' id='word_1_546' title='bbox 1342 1509 1391 1529; x_wconf 91' lang='lat' dir='ltr'><strong>nos</strong></span> <span class='ocrx_word' id='word_1_547' title='bbox 1413 1502 1494 1537; x_wconf 88' lang='lat' dir='ltr'><strong>jussil</strong></span> <span class='ocrx_word' id='word_1_548' title='bbox 1513 1511 1519 1529; x_wconf 93' lang='lat'>:</span> <span class='ocrx_word' id='word_1_549' title='bbox 1539 1508 1627 1531; x_wconf 86' lang='lat' dir='ltr'><strong>tamen</strong></span> <span class='ocrx_word' id='word_1_550' title='bbox 1650 1505 1756 1532; x_wconf 87' lang='lat' dir='ltr'><strong>stolidi-</strong></span> 
     </span>
    </p>
   </div>
   <div class='ocr_carea' id='block_1_79' title="bbox 970 1547 1756 1584">
    <p class='ocr_par' dir='ltr' id='par_1_79' title="bbox 970 1547 1756 1584">
     <span class='ocr_line' id='line_1_79' title="bbox 970 1547 1756 1584; baseline 0.006 -11"><span class='ocrx_word' id='word_1_551' title='bbox 970 1552 1052 1574; x_wconf 87' lang='lat' dir='ltr'><strong>tatem</strong></span> <span class='ocrx_word' id='word_1_552' title='bbox 1079 1547 1200 1582; x_wconf 76' lang='lat' dir='ltr'><strong>ejusdem</strong></span> <span class='ocrx_word' id='word_1_553' title='bbox 1226 1547 1318 1582; x_wconf 79' lang='lat' dir='ltr'><strong>fugere</strong></span> <span class='ocrx_word' id='word_1_554' title='bbox 1343 1553 1450 1582; x_wconf 88' lang='lat' dir='ltr'><strong>oportet</strong></span> <span class='ocrx_word' id='word_1_555' title='bbox 1467 1559 1472 1576; x_wconf 89' lang='lat'>:</span> <span class='ocrx_word' id='word_1_556' title='bbox 1489 1549 1577 1583; x_wconf 86' lang='lat' dir='ltr'><strong>qualis</strong></span> <span class='ocrx_word' id='word_1_557' title='bbox 1600 1555 1653 1584; x_wconf 86' lang='lat' dir='ltr'><strong>est,</strong></span> <span class='ocrx_word' id='word_1_558' title='bbox 1679 1551 1756 1578; x_wconf 86' lang='lat' dir='ltr'><strong>verbi</strong></span> 
     </span>
    </p>
   </div>
   <div class='ocr_carea' id='block_1_80' title="bbox 969 1592 1756 1631">
    <p class='ocr_par' dir='ltr' id='par_1_80' title="bbox 969 1592 1756 1631">
     <span class='ocr_line' id='line_1_80' title="bbox 969 1592 1756 1631; baseline 0.004 -11"><span class='ocrx_word' id='word_1_559' title='bbox 969 1594 1065 1629; x_wconf 76' lang='lat' dir='ltr'><strong>gratia,</strong></span> <span class='ocrx_word' id='word_1_560' title='bbox 1092 1592 1238 1627; x_wconf 77' lang='lat' dir='ltr'><strong>confugere</strong></span> <span class='ocrx_word' id='word_1_561' title='bbox 1266 1594 1299 1620; x_wconf 87' lang='lat' dir='ltr'><strong>ad</strong></span> <span class='ocrx_word' id='word_1_562' title='bbox 1335 1601 1392 1626; x_wconf 88' lang='lat' dir='ltr'><strong>eos,</strong></span> <span class='ocrx_word' id='word_1_563' title='bbox 1417 1594 1462 1628; x_wconf 91' lang='lat' dir='ltr'><strong>qui</strong></span> <span class='ocrx_word' id='word_1_564' title='bbox 1492 1596 1589 1629; x_wconf 77' lang='lat' dir='ltr'><strong>capere</strong></span> <span class='ocrx_word' id='word_1_565' title='bbox 1619 1600 1756 1631; x_wconf 87' lang='lat' dir='ltr'><strong>satagunt.</strong></span> 
     </span>
    </p>
   </div>
   <div class='ocr_carea' id='block_1_81' title="bbox 969 1638 1755 1674">
    <p class='ocr_par' dir='ltr' id='par_1_81' title="bbox 969 1638 1755 1674">
     <span class='ocr_line' id='line_1_81' title="bbox 969 1638 1755 1674; baseline 0.004 -9"><span class='ocrx_word' id='word_1_566' title='bbox 969 1638 1128 1673; x_wconf 86' lang='lat' dir='ltr'><strong>Quanquam</strong></span> <span class='ocrx_word' id='word_1_567' title='bbox 1153 1639 1225 1665; x_wconf 82' lang='lat' dir='ltr'><strong>enim</strong></span> <span class='ocrx_word' id='word_1_568' title='bbox 1254 1638 1350 1666; x_wconf 48' lang='lat' dir='ltr'><strong>laldcre</strong></span> <span class='ocrx_word' id='word_1_569' title='bbox 1376 1639 1511 1666; x_wconf 88' lang='lat' dir='ltr'><strong>nemiuem</strong></span> <span class='ocrx_word' id='word_1_570' title='bbox 1528 1645 1646 1674; x_wconf 83' lang='lat' dir='ltr'><strong>oportet,</strong></span> <span class='ocrx_word' id='word_1_571' title='bbox 1667 1645 1755 1668; x_wconf 87' lang='lat' dir='ltr'><strong>tamen</strong></span> 
     </span>
    </p>
   </div>
   <div class='ocr_carea' id='block_1_82' title="bbox 969 1684 1755 1720">
    <p class='ocr_par' dir='ltr' id='par_1_82' title="bbox 969 1684 1755 1720">
     <span class='ocr_line' id='line_1_82' title="bbox 969 1684 1755 1720; baseline 0.005 -10"><span class='ocrx_word' id='word_1_572' title='bbox 969 1691 1056 1720; x_wconf 88' lang='lat' dir='ltr'><strong>neque</strong></span> <span class='ocrx_word' id='word_1_573' title='bbox 1080 1684 1172 1711; x_wconf 87' lang='lat' dir='ltr'><strong>letales</strong></span> <span class='ocrx_word' id='word_1_574' title='bbox 1201 1685 1323 1718; x_wconf 87' lang='lat' dir='ltr'><strong>accipere</strong></span> <span class='ocrx_word' id='word_1_575' title='bbox 1346 1684 1437 1719; x_wconf 79' lang='lat' dir='ltr'><strong>plagas</strong></span> <span class='ocrx_word' id='word_1_576' title='bbox 1464 1685 1498 1711; x_wconf 93' lang='lat' dir='ltr'><strong>ab</strong></span> <span class='ocrx_word' id='word_1_577' title='bbox 1526 1686 1585 1712; x_wconf 85' lang='lat' dir='ltr'><strong>aliis</strong></span> <span class='ocrx_word' id='word_1_578' title='bbox 1609 1687 1755 1714; x_wconf 82' lang='lat' dir='ltr'><strong>convenit:</strong></span> 
     </span>
    </p>
   </div>
   <div class='ocr_carea' id='block_1_83' title="bbox 968 1729 1756 1765">
    <p class='ocr_par' dir='ltr' id='par_1_83' title="bbox 968 1729 1756 1765">
     <span class='ocr_line' id='line_1_83' title="bbox 968 1729 1756 1765; baseline 0.003 -9"><span class='ocrx_word' id='word_1_579' title='bbox 968 1737 1056 1765; x_wconf 89' lang='lat' dir='ltr'><strong>neque</strong></span> <span class='ocrx_word' id='word_1_580' title='bbox 1080 1730 1113 1756; x_wconf 89' lang='lat' dir='ltr'><strong>ad</strong></span> <span class='ocrx_word' id='word_1_581' title='bbox 1134 1736 1185 1756; x_wconf 75' lang='lat' dir='ltr'><strong>eos</strong></span> <span class='ocrx_word' id='word_1_582' title='bbox 1206 1737 1325 1762; x_wconf 86' lang='lat' dir='ltr'><strong>currere,</strong></span> <span class='ocrx_word' id='word_1_583' title='bbox 1346 1729 1444 1764; x_wconf 89' lang='lat' dir='ltr'><strong>quibus</strong></span> <span class='ocrx_word' id='word_1_584' title='bbox 1472 1729 1581 1757; x_wconf 89' lang='lat' dir='ltr'><strong>liberari</strong></span> <span class='ocrx_word' id='word_1_585' title='bbox 1609 1731 1756 1758; x_wconf 79' lang='lat' dir='ltr'><strong>maximum</strong></span> 
     </span>
    </p>
   </div>
   <div class='ocr_carea' id='block_1_84' title="bbox 967 1775 1758 1808">
    <p class='ocr_par' dir='ltr' id='par_1_84' title="bbox 967 1775 1758 1808">
     <span class='ocr_line' id='line_1_84' title="bbox 967 1775 1758 1808; baseline 0 -4"><span class='ocrx_word' id='word_1_586' title='bbox 967 1781 1009 1804; x_wconf 85' lang='lat' dir='ltr'><strong>est</strong></span> <span class='ocrx_word' id='word_1_587' title='bbox 1034 1776 1149 1803; x_wconf 91' lang='lat' dir='ltr'><strong>lucrum.</strong></span> <span class='ocrx_word' id='word_1_588' title='bbox 1178 1775 1255 1808; x_wconf 85' lang='lat' dir='ltr'><strong>Quod</strong></span> <span class='ocrx_word' id='word_1_589' title='bbox 1281 1776 1303 1802; x_wconf 93' lang='lat' dir='ltr'><strong>si</strong></span> <span class='ocrx_word' id='word_1_590' title='bbox 1332 1776 1413 1803; x_wconf 86' lang='lat' dir='ltr'><strong>etiam</strong></span> <span class='ocrx_word' id='word_1_591' title='bbox 1443 1776 1628 1803; x_wconf 81' lang='lat' dir='ltr'><strong>testimonium</strong></span> <span class='ocrx_word' id='word_1_592' title='bbox 1646 1777 1758 1804; x_wconf 85' lang='lat' dir='ltr'><strong>evidens</strong></span> 
     </span>
    </p>
   </div>
   <div class='ocr_carea' id='block_1_85' title="bbox 969 1821 1757 1857">
    <p class='ocr_par' dir='ltr' id='par_1_85' title="bbox 969 1821 1757 1857">
     <span class='ocr_line' id='line_1_85' title="bbox 969 1821 1757 1857; baseline 0 -7"><span class='ocrx_word' id='word_1_593' title='bbox 969 1830 1061 1850; x_wconf 87' lang='lat' dir='ltr'><strong>eorum</strong></span> <span class='ocrx_word' id='word_1_594' title='bbox 1078 1829 1138 1856; x_wconf 79' lang='lat' dir='ltr'><strong>quae</strong></span> <span class='ocrx_word' id='word_1_595' title='bbox 1155 1821 1221 1853; x_wconf 64' lang='lat' dir='ltr'><strong>dixi,</strong></span> <span class='ocrx_word' id='word_1_596' title='bbox 1239 1822 1362 1855; x_wconf 80' lang='lat' dir='ltr'><strong>accipere</strong></span> <span class='ocrx_word' id='word_1_597' title='bbox 1387 1822 1438 1854; x_wconf 84' lang='lat' dir='ltr'><strong>vis,</strong></span> <span class='ocrx_word' id='word_1_598' title='bbox 1454 1823 1514 1849; x_wconf 86' lang='lat' dir='ltr'><strong>audi</strong></span> <span class='ocrx_word' id='word_1_599' title='bbox 1530 1823 1700 1857; x_wconf 83' lang='lat' dir='ltr'><strong>prophetam,</strong></span> <span class='ocrx_word' id='word_1_600' title='bbox 1718 1823 1757 1850; x_wconf 86' lang='lat' dir='ltr'><strong>di-</strong></span> 
     </span>
    </p>
   </div>
   <div class='ocr_carea' id='block_1_86' title="bbox 969 1867 1755 1902">
    <p class='ocr_par' dir='ltr' id='par_1_86' title="bbox 969 1867 1755 1902">
     <span class='ocr_line' id='line_1_86' title="bbox 969 1867 1755 1902; baseline 0 -6"><span class='ocrx_word' id='word_1_601' title='bbox 969 1872 1077 1896; x_wconf 85' lang='lat' dir='ltr'><strong>centem</strong></span> <span class='ocrx_word' id='word_1_602' title='bbox 1090 1876 1097 1894; x_wconf 90' lang='lat'>:</span> <span class='ocrx_word' id='word_1_603' title='bbox 1112 1876 1121 1893; x_wconf 77' lang='grc' dir='ltr'>ι</span> <span class='ocrx_word' id='word_1_604' title='bbox 1141 1867 1174 1894; x_wconf 82' lang='grc' dir='ltr'><strong>Ει</strong></span> <span class='ocrx_word' id='word_1_605' title='bbox 1187 1872 1243 1894; x_wconf 83' lang='lat' dir='ltr'><strong>erat</strong></span> <span class='ocrx_word' id='word_1_606' title='bbox 1259 1867 1387 1902; x_wconf 88' lang='lat' dir='ltr'><strong>Ephraim</strong></span> <span class='ocrx_word' id='word_1_607' title='bbox 1404 1873 1433 1895; x_wconf 87' lang='lat' dir='ltr'><strong>ut</strong></span> <span class='ocrx_word' id='word_1_608' title='bbox 1450 1868 1574 1895; x_wconf 86' lang='lat' dir='ltr'><strong>columba</strong></span> <span class='ocrx_word' id='word_1_609' title='bbox 1589 1875 1694 1901; x_wconf 83' lang='lat' dir='ltr'><strong>amens,</strong></span> <span class='ocrx_word' id='word_1_610' title='bbox 1704 1878 1755 1896; x_wconf 92' lang='lat' dir='ltr'><strong>non</strong></span> 
     </span>
    </p>
   </div>
   <div class='ocr_carea' id='block_1_87' title="bbox 969 1913 1756 1948">
    <p class='ocr_par' dir='ltr' id='par_1_87' title="bbox 969 1913 1756 1948">
     <span class='ocr_line' id='line_1_87' title="bbox 969 1913 1756 1948; baseline -0.003 -6"><span class='ocrx_word' id='word_1_611' title='bbox 969 1914 1072 1942; x_wconf 86' lang='lat' dir='ltr'><strong>habens</strong></span> <span class='ocrx_word' id='word_1_612' title='bbox 1087 1921 1134 1941; x_wconf 91' lang='lat' dir='ltr'><strong>cor</strong></span> <span class='ocrx_word' id='word_1_613' title='bbox 1147 1913 1181 1940; x_wconf 69' lang='grc' dir='ltr'><strong>δ’.</strong></span> <span class='ocrx_word' id='word_1_614' title='bbox 1206 1922 1215 1939; x_wconf 74' lang='grc' dir='ltr'><strong>ι</strong></span> <span class='ocrx_word' id='word_1_615' title='bbox 1235 1913 1263 1940; x_wconf 86' lang='lat' dir='ltr'><strong>Si</strong></span> <span class='ocrx_word' id='word_1_616' title='bbox 1281 1920 1344 1941; x_wconf 86' lang='lat' dir='ltr'><strong>vero</strong></span> <span class='ocrx_word' id='word_1_617' title='bbox 1369 1921 1479 1940; x_wconf 83' lang='lat' dir='ltr'><strong>causata</strong></span> <span class='ocrx_word' id='word_1_618' title='bbox 1499 1921 1605 1948; x_wconf 89' lang='lat' dir='ltr'><strong>quoque</strong></span> <span class='ocrx_word' id='word_1_619' title='bbox 1630 1915 1756 1948; x_wconf 87' lang='lat' dir='ltr'><strong>requiris,</strong></span> 
     </span>
    </p>
   </div>
   <div class='ocr_carea' id='block_1_88' title="bbox 971 1958 1756 1994">
    <p class='ocr_par' dir='ltr' id='par_1_88' title="bbox 971 1958 1756 1994">
     <span class='ocr_line' id='line_1_88' title="bbox 971 1958 1756 1994; baseline -0.001 -7"><span class='ocrx_word' id='word_1_620' title='bbox 971 1960 1028 1994; x_wconf 85' lang='lat' dir='ltr'><strong>ipse</strong></span> <span class='ocrx_word' id='word_1_621' title='bbox 1044 1967 1102 1987; x_wconf 85' lang='lat' dir='ltr'><strong>eam</strong></span> <span class='ocrx_word' id='word_1_622' title='bbox 1117 1960 1207 1986; x_wconf 84' lang='lat' dir='ltr'><strong>statim</strong></span> <span class='ocrx_word' id='word_1_623' title='bbox 1220 1958 1297 1986; x_wconf 83' lang='lat' dir='ltr'><strong>all&#39;ert</strong></span> <span class='ocrx_word' id='word_1_624' title='bbox 1312 1967 1318 1985; x_wconf 94' lang='lat'>:</span> <span class='ocrx_word' id='word_1_625' title='bbox 1334 1968 1343 1984; x_wconf 74' lang='grc' dir='ltr'><strong>ι</strong></span> <span class='ocrx_word' id='word_1_626' title='bbox 1358 1959 1503 1994; x_wconf 67' lang='lat' dir='ltr'><strong>Egyptum</strong></span> <span class='ocrx_word' id='word_1_627' title='bbox 1517 1959 1671 1992; x_wconf 82' lang='lat' dir='ltr'><strong>invocabat,</strong></span> <span class='ocrx_word' id='word_1_628' title='bbox 1683 1965 1709 1986; x_wconf 82' lang='lat' dir='ltr'><strong>et</strong></span> <span class='ocrx_word' id='word_1_629' title='bbox 1724 1960 1756 1986; x_wconf 88' lang='lat' dir='ltr'><strong>ad</strong></span> 
     </span>
    </p>
   </div>
   <div class='ocr_carea' id='block_1_89' title="bbox 970 2004 1758 2041">
    <p class='ocr_par' dir='ltr' id='par_1_89' title="bbox 970 2004 1758 2041">
     <span class='ocr_line' id='line_1_89' title="bbox 970 2004 1758 2041; baseline -0.001 -9"><span class='ocrx_word' id='word_1_630' title='bbox 970 2005 1096 2041; x_wconf 82' lang='lat' dir='ltr'><strong>Assyrios</strong></span> <span class='ocrx_word' id='word_1_631' title='bbox 1112 2005 1335 2040; x_wconf 79' lang='lat' dir='ltr'><strong>proﬁciscebatur</strong></span> <span class='ocrx_word' id='word_1_632' title='bbox 1349 2004 1381 2032; x_wconf 77' lang='grc'><strong>⁵³.</strong></span> <span class='ocrx_word' id='word_1_633' title='bbox 1399 2017 1409 2031; x_wconf 79' lang='grc' dir='ltr'><strong>ι</strong></span> <span class='ocrx_word' id='word_1_634' title='bbox 1427 2005 1544 2031; x_wconf 83' lang='lat' dir='ltr'><strong>Duarum</strong></span> <span class='ocrx_word' id='word_1_635' title='bbox 1568 2006 1699 2039; x_wconf 81' lang='lat' dir='ltr'><strong>gentium,</strong></span> <span class='ocrx_word' id='word_1_636' title='bbox 1718 2010 1758 2040; x_wconf 88' lang='lat' dir='ltr'><strong>ly-</strong></span> 
     </span>
    </p>
   </div>
   <div class='ocr_carea' id='block_1_90' title="bbox 971 2051 1758 2086">
    <p class='ocr_par' dir='ltr' id='par_1_90' title="bbox 971 2051 1758 2086">
     <span class='ocr_line' id='line_1_90' title="bbox 971 2051 1758 2086; baseline -0.001 -7"><span class='ocrx_word' id='word_1_637' title='bbox 971 2052 1085 2079; x_wconf 86' lang='lat' dir='ltr'><strong>rannide</strong></span> <span class='ocrx_word' id='word_1_638' title='bbox 1106 2055 1133 2078; x_wconf 86' lang='lat' dir='ltr'><strong>et</strong></span> <span class='ocrx_word' id='word_1_639' title='bbox 1157 2051 1220 2078; x_wconf 89' lang='lat' dir='ltr'><strong>odio</strong></span> <span class='ocrx_word' id='word_1_640' title='bbox 1237 2055 1264 2078; x_wconf 84' lang='lat' dir='ltr'><strong>et</strong></span> <span class='ocrx_word' id='word_1_641' title='bbox 1280 2051 1390 2085; x_wconf 87' lang='lat' dir='ltr'><strong>anliqtta</strong></span> <span class='ocrx_word' id='word_1_642' title='bbox 1419 2051 1532 2078; x_wconf 86' lang='lat' dir='ltr'><strong>avaritia</strong></span> <span class='ocrx_word' id='word_1_643' title='bbox 1560 2051 1758 2086; x_wconf 88' lang='lat' dir='ltr'><strong>iuiquitaleque</strong></span> 
     </span>
    </p>
   </div>
   <div class='ocr_carea' id='block_1_91' title="bbox 972 2096 1757 2131">
    <p class='ocr_par' dir='ltr' id='par_1_91' title="bbox 972 2096 1757 2131">
     <span class='ocr_line' id='line_1_91' title="bbox 972 2096 1757 2131; baseline 0 -7"><span class='ocrx_word' id='word_1_644' title='bbox 972 2097 1162 2129; x_wconf 86' lang='lat' dir='ltr'><strong>laborantium,</strong></span> <span class='ocrx_word' id='word_1_645' title='bbox 1181 2097 1294 2124; x_wconf 84' lang='lat' dir='ltr'><strong>alteram</strong></span> <span class='ocrx_word' id='word_1_646' title='bbox 1320 2097 1428 2131; x_wconf 86' lang='lat' dir='ltr'><strong>quidem</strong></span> <span class='ocrx_word' id='word_1_647' title='bbox 1444 2097 1470 2123; x_wconf 91' lang='lat' dir='ltr'><strong>in</strong></span> <span class='ocrx_word' id='word_1_648' title='bbox 1487 2096 1615 2123; x_wconf 80' lang='lat' dir='ltr'><strong>auxilium</strong></span> <span class='ocrx_word' id='word_1_649' title='bbox 1641 2099 1757 2124; x_wconf 87' lang='lat' dir='ltr'><strong>advoca-</strong></span> 
     </span>
    </p>
   </div>
   <div class='ocr_carea' id='block_1_92' title="bbox 971 2141 1756 2176">
    <p class='ocr_par' dir='ltr' id='par_1_92' title="bbox 971 2141 1756 2176">
     <span class='ocr_line' id='line_1_92' title="bbox 971 2141 1756 2176; baseline -0.004 -5"><span class='ocrx_word' id='word_1_650' title='bbox 971 2145 1018 2172; x_wconf 83' lang='lat' dir='ltr'><strong>bat</strong></span> <span class='ocrx_word' id='word_1_651' title='bbox 1034 2152 1041 2176; x_wconf 91' lang='lat'><strong>;</strong></span> <span class='ocrx_word' id='word_1_652' title='bbox 1057 2143 1091 2170; x_wconf 87' lang='lat' dir='ltr'><strong>ad</strong></span> <span class='ocrx_word' id='word_1_653' title='bbox 1108 2143 1221 2170; x_wconf 86' lang='lat' dir='ltr'><strong>alteram</strong></span> <span class='ocrx_word' id='word_1_654' title='bbox 1237 2150 1299 2169; x_wconf 84' lang='lat' dir='ltr'><strong>vero</strong></span> <span class='ocrx_word' id='word_1_655' title='bbox 1320 2141 1502 2176; x_wconf 81' lang='lat' dir='ltr'><strong>confugiebat,</strong></span> <span class='ocrx_word' id='word_1_656' title='bbox 1520 2142 1599 2175; x_wconf 90' lang='lat' dir='ltr'><strong>quasi</strong></span> <span class='ocrx_word' id='word_1_657' title='bbox 1617 2142 1704 2169; x_wconf 87' lang='lat' dir='ltr'><strong>salute</strong></span> <span class='ocrx_word' id='word_1_658' title='bbox 1721 2142 1756 2169; x_wconf 83' lang='lat' dir='ltr'><strong>ibi</strong></span> 
     </span>
    </p>
   </div>
   <div class='ocr_carea' id='block_1_93' title="bbox 972 2187 1759 2224">
    <p class='ocr_par' dir='ltr' id='par_1_93' title="bbox 972 2187 1759 2224">
     <span class='ocr_line' id='line_1_93' title="bbox 972 2187 1759 2224; baseline -0.003 -8"><span class='ocrx_word' id='word_1_659' title='bbox 972 2189 1104 2224; x_wconf 84' lang='lat' dir='ltr'><strong>potitura.</strong></span> <span class='ocrx_word' id='word_1_660' title='bbox 1119 2189 1186 2221; x_wconf 87' lang='lat' dir='ltr'><strong>Quis</strong></span> <span class='ocrx_word' id='word_1_661' title='bbox 1213 2196 1289 2223; x_wconf 78' lang='lat' dir='ltr'><strong>ergo,</strong></span> <span class='ocrx_word' id='word_1_662' title='bbox 1318 2188 1414 2221; x_wconf 87' lang='lat' dir='ltr'><strong>inquit,</strong></span> <span class='ocrx_word' id='word_1_663' title='bbox 1445 2187 1496 2214; x_wconf 91' lang='lat' dir='ltr'><strong>hoc</strong></span> <span class='ocrx_word' id='word_1_664' title='bbox 1522 2187 1672 2214; x_wconf 81' lang='lat' dir='ltr'><strong>(lemenlior</strong></span> <span class='ocrx_word' id='word_1_665' title='bbox 1700 2195 1759 2215; x_wconf 78' lang='lat' dir='ltr'><strong>esse</strong></span> 
     </span>
    </p>
   </div>
   <div class='ocr_carea' id='block_1_94' title="bbox 937 2232 1757 2278">
    <p class='ocr_par' dir='ltr' id='par_1_94' title="bbox 937 2232 1757 2278">
     <span class='ocr_line' id='line_1_94' title="bbox 937 2232 1757 2278; baseline -0.001 -16"><span class='ocrx_word' id='word_1_666' title='bbox 937 2250 958 2278; x_wconf 69' lang='grc' dir='ltr'><strong>ι)</strong></span> <span class='ocrx_word' id='word_1_667' title='bbox 974 2235 1068 2270; x_wconf 86' lang='lat' dir='ltr'><strong>possit,</strong></span> <span class='ocrx_word' id='word_1_668' title='bbox 1080 2235 1124 2268; x_wconf 89' lang='lat' dir='ltr'><strong>qui</strong></span> <span class='ocrx_word' id='word_1_669' title='bbox 1140 2234 1171 2260; x_wconf 85' lang='lat' dir='ltr'><strong>ad</strong></span> <span class='ocrx_word' id='word_1_670' title='bbox 1189 2241 1235 2261; x_wconf 84' lang='lat' dir='ltr'><strong>eos</strong></span> <span class='ocrx_word' id='word_1_671' title='bbox 1252 2232 1382 2267; x_wconf 81' lang='lat' dir='ltr'><strong>confugit,</strong></span> <span class='ocrx_word' id='word_1_672' title='bbox 1400 2233 1445 2267; x_wconf 91' lang='lat' dir='ltr'><strong>qui</strong></span> <span class='ocrx_word' id='word_1_673' title='bbox 1473 2233 1554 2260; x_wconf 80' lang='lat' dir='ltr'><strong>etiam</strong></span> <span class='ocrx_word' id='word_1_674' title='bbox 1570 2233 1757 2267; x_wconf 85' lang='lat' dir='ltr'><strong>captivitatem</strong></span> 
     </span>
    </p>
   </div>
   <div class='ocr_carea' id='block_1_95' title="bbox 974 2278 1609 2314">
    <p class='ocr_par' dir='ltr' id='par_1_95' title="bbox 974 2278 1609 2314">
     <span class='ocr_line' id='line_1_95' title="bbox 974 2278 1609 2314; baseline -0.006 -6"><span class='ocrx_word' id='word_1_675' title='bbox 974 2285 1002 2308; x_wconf 87' lang='lat' dir='ltr'><strong>et</strong></span> <span class='ocrx_word' id='word_1_676' title='bbox 1018 2280 1174 2307; x_wconf 80' lang='lat' dir='ltr'><strong>servitutem</strong></span> <span class='ocrx_word' id='word_1_677' title='bbox 1199 2280 1281 2314; x_wconf 84' lang='lat' dir='ltr'><strong>ipsius</strong></span> <span class='ocrx_word' id='word_1_678' title='bbox 1299 2279 1406 2306; x_wconf 81' lang='lat' dir='ltr'><strong>assidue</strong></span> <span class='ocrx_word' id='word_1_679' title='bbox 1425 2278 1609 2305; x_wconf 83' lang='lat' dir='ltr'><strong>meditantur?</strong></span> 
     </span>
    </p>
   </div>
   <div class='ocr_carea' id='block_1_96' title="bbox 1139 2334 1590 2372">
    <p class='ocr_par' dir='ltr' id='par_1_96' title="bbox 1139 2334 1590 2372">
     <span class='ocr_line' id='line_1_96' title="bbox 1139 2334 1590 2372; baseline -0.002 -9"><span class='ocrx_word' id='word_1_680' title='bbox 1139 2336 1220 2372; x_wconf 62' lang='grc'><strong>490</strong></span> <span class='ocrx_word' id='word_1_681' title='bbox 1233 2334 1396 2363; x_wconf 78' lang='lat' dir='ltr'><strong>CXXXVIII.</strong></span> <span class='ocrx_word' id='word_1_682' title='bbox 1407 2349 1444 2355; x_wconf 90' lang='lat'><strong>—</strong></span> <span class='ocrx_word' id='word_1_683' title='bbox 1454 2334 1590 2362; x_wconf 75' lang='lat' dir='ltr'><strong>ALYI’IO.</strong></span> 
     </span>
    </p>
   </div>
   <div class='ocr_carea' id='block_1_97' title="bbox 976 2380 1757 2416">
    <p class='ocr_par' dir='ltr' id='par_1_97' title="bbox 976 2380 1757 2416">
     <span class='ocr_line' id='line_1_97' title="bbox 976 2380 1757 2416; baseline -0.003 -6"><span class='ocrx_word' id='word_1_684' title='bbox 976 2383 1008 2410; x_wconf 82' lang='lat' dir='ltr'><strong>In</strong></span> <span class='ocrx_word' id='word_1_685' title='bbox 1028 2383 1137 2414; x_wconf 78' lang='lat' dir='ltr'><strong>dictum,</strong></span> <span class='ocrx_word' id='word_1_686' title='bbox 1165 2391 1174 2408; x_wconf 73' lang='grc' dir='ltr'><strong>ί</strong></span> <span class='ocrx_word' id='word_1_687' title='bbox 1197 2382 1228 2408; x_wconf 87' lang='lat' dir='ltr'><strong>lu</strong></span> <span class='ocrx_word' id='word_1_688' title='bbox 1254 2381 1351 2408; x_wconf 81' lang='lat' dir='ltr'><strong>ntuudo</strong></span> <span class='ocrx_word' id='word_1_689' title='bbox 1372 2381 1538 2416; x_wconf 63' lang='lat' dir='ltr'><strong>afﬂictione»:</strong></span> <span class='ocrx_word' id='word_1_690' title='bbox 1553 2380 1679 2408; x_wconf 80' lang='lat' dir='ltr'><strong>habebitis</strong></span> <span class='ocrx_word' id='word_1_691' title='bbox 1695 2381 1727 2409; x_wconf 74' lang='grc'><strong>⁸⁸.</strong></span> <span class='ocrx_word' id='word_1_692' title='bbox 1748 2391 1757 2408; x_wconf 73' lang='grc' dir='ltr'><strong>ι</strong></span> 
     </span>
    </p>
   </div>
   <div class='ocr_carea' id='block_1_98' title="bbox 1012 2437 1760 2473">
    <p class='ocr_par' dir='ltr' id='par_1_98' title="bbox 1012 2437 1760 2473">
     <span class='ocr_line' id='line_1_98' title="bbox 1012 2437 1760 2473; baseline -0.003 -7"><span class='ocrx_word' id='word_1_693' title='bbox 1012 2439 1066 2473; x_wconf 87' lang='lat' dir='ltr'><strong>Spe</strong></span> <span class='ocrx_word' id='word_1_694' title='bbox 1079 2438 1211 2464; x_wconf 90' lang='lat' dir='ltr'><strong>bonorum</strong></span> <span class='ocrx_word' id='word_1_695' title='bbox 1230 2437 1347 2468; x_wconf 87' lang='lat' dir='ltr'><strong>illorutu,</strong></span> <span class='ocrx_word' id='word_1_696' title='bbox 1365 2444 1425 2471; x_wconf 72' lang='lat' dir='ltr'><strong>qua:</strong></span> <span class='ocrx_word' id='word_1_697' title='bbox 1442 2438 1577 2464; x_wconf 86' lang='lat' dir='ltr'><strong>dabuntur</strong></span> <span class='ocrx_word' id='word_1_698' title='bbox 1591 2437 1634 2470; x_wconf 88' lang='lat' dir='ltr'><strong>iis,</strong></span> <span class='ocrx_word' id='word_1_699' title='bbox 1648 2438 1692 2472; x_wconf 89' lang='lat' dir='ltr'><strong>qui</strong></span> <span class='ocrx_word' id='word_1_700' title='bbox 1709 2442 1760 2464; x_wconf 84' lang='lat' dir='ltr'><strong>tro-</strong></span> 
     </span>
    </p>
   </div>
   <div class='ocr_carea' id='block_1_99' title="bbox 975 2483 1759 2520">
    <p class='ocr_par' dir='ltr' id='par_1_99' title="bbox 975 2483 1759 2520">
     <span class='ocr_line' id='line_1_99' title="bbox 975 2483 1759 2520; baseline -0.003 -9"><span class='ocrx_word' id='word_1_701' title='bbox 975 2492 1030 2520; x_wconf 69' lang='lat' dir='ltr'><strong>ptea</strong></span> <span class='ocrx_word' id='word_1_702' title='bbox 1047 2483 1185 2518; x_wconf 89' lang='lat' dir='ltr'><strong>splendida</strong></span> <span class='ocrx_word' id='word_1_703' title='bbox 1206 2487 1300 2510; x_wconf 84' lang='lat' dir='ltr'><strong>contra</strong></span> <span class='ocrx_word' id='word_1_704' title='bbox 1325 2484 1388 2510; x_wconf 73' lang='lat' dir='ltr'><strong>vilia</strong></span> <span class='ocrx_word' id='word_1_705' title='bbox 1412 2483 1565 2516; x_wconf 82' lang='lat' dir='ltr'><strong>statuerint,</strong></span> <span class='ocrx_word' id='word_1_706' title='bbox 1581 2483 1695 2518; x_wconf 83' lang='lat' dir='ltr'><strong>teipsutn</strong></span> <span class='ocrx_word' id='word_1_707' title='bbox 1713 2491 1759 2510; x_wconf 85' lang='lat' dir='ltr'><strong>ar-</strong></span> 
     </span>
    </p>
   </div>
   <div class='ocr_carea' id='block_1_100' title="bbox 977 2527 1758 2563">
    <p class='ocr_par' dir='ltr' id='par_1_100' title="bbox 977 2527 1758 2563">
     <span class='ocr_line' id='line_1_100' title="bbox 977 2527 1758 2563; baseline -0.003 -7"><span class='ocrx_word' id='word_1_708' title='bbox 977 2536 1074 2563; x_wconf 64' lang='lat' dir='ltr'><strong>mans,</strong></span> <span class='ocrx_word' id='word_1_709' title='bbox 1089 2533 1114 2556; x_wconf 89' lang='lat' dir='ltr'><strong>el</strong></span> <span class='ocrx_word' id='word_1_710' title='bbox 1143 2528 1261 2562; x_wconf 86' lang='lat' dir='ltr'><strong>undique</strong></span> <span class='ocrx_word' id='word_1_711' title='bbox 1282 2528 1365 2563; x_wconf 84' lang='lat' dir='ltr'><strong>probe</strong></span> <span class='ocrx_word' id='word_1_712' title='bbox 1387 2533 1412 2556; x_wconf 91' lang='lat' dir='ltr'><strong>te</strong></span> <span class='ocrx_word' id='word_1_713' title='bbox 1437 2529 1572 2562; x_wconf 84' lang='lat' dir='ltr'><strong>muniens,</strong></span> <span class='ocrx_word' id='word_1_714' title='bbox 1592 2533 1620 2554; x_wconf 92' lang='lat' dir='ltr'><strong>et</strong></span> <span class='ocrx_word' id='word_1_715' title='bbox 1634 2527 1758 2563; x_wconf 82' lang='lat' dir='ltr'><strong>precibus</strong></span> 
     </span>
    </p>
   </div>
   <div class='ocr_carea' id='block_1_101' title="bbox 976 2572 1757 2608">
    <p class='ocr_par' dir='ltr' id='par_1_101' title="bbox 976 2572 1757 2608">
     <span class='ocr_line' id='line_1_101' title="bbox 976 2572 1757 2608; baseline -0.003 -7"><span class='ocrx_word' id='word_1_716' title='bbox 976 2574 1047 2601; x_wconf 88' lang='lat' dir='ltr'><strong>hunc</strong></span> <span class='ocrx_word' id='word_1_717' title='bbox 1066 2581 1172 2600; x_wconf 87' lang='lat' dir='ltr'><strong>murum</strong></span> <span class='ocrx_word' id='word_1_718' title='bbox 1189 2573 1296 2600; x_wconf 81' lang='lat' dir='ltr'><strong>ﬁrmum</strong></span> <span class='ocrx_word' id='word_1_719' title='bbox 1318 2573 1449 2606; x_wconf 78' lang='lat' dir='ltr'><strong>eﬂiciens,</strong></span> <span class='ocrx_word' id='word_1_720' title='bbox 1468 2573 1567 2608; x_wconf 82' lang='lat' dir='ltr'><strong>repelle</strong></span> <span class='ocrx_word' id='word_1_721' title='bbox 1584 2572 1699 2600; x_wconf 76' lang='lat' dir='ltr'><strong>tristitia:</strong></span> <span class='ocrx_word' id='word_1_722' title='bbox 1715 2579 1757 2599; x_wconf 84' lang='lat' dir='ltr'><strong>as-</strong></span> 
     </span>
    </p>
   </div>
   <div class='ocr_carea' id='block_1_102' title="bbox 167 2649 931 2686">
    <p class='ocr_par' dir='ltr' id='par_1_102' title="bbox 167 2649 926 2686">
     <span class='ocr_line' id='line_1_102' title="bbox 167 2649 926 2686; baseline -0.005 -6"><span class='ocrx_word' id='word_1_723' title='bbox 167 2652 192 2668; x_wconf 82' lang='lat'><strong>&quot;</strong></span> <span class='ocrx_word' id='word_1_724' title='bbox 205 2651 300 2680; x_wconf 82' lang='lat' dir='ltr'><strong>Matth.</strong></span> <span class='ocrx_word' id='word_1_725' title='bbox 321 2659 360 2686; x_wconf 76' lang='grc' dir='ltr'>ιι,</span> <span class='ocrx_word' id='word_1_726' title='bbox 379 2651 421 2679; x_wconf 72' lang='grc' dir='ltr'><strong>Η.</strong></span> <span class='ocrx_word' id='word_1_727' title='bbox 458 2651 481 2667; x_wconf 61' lang='grc' dir='ltr'>λθ</span> <span class='ocrx_word' id='word_1_728' title='bbox 497 2651 575 2678; x_wconf 81' lang='lat' dir='ltr'><strong>Rom.</strong></span> <span class='ocrx_word' id='word_1_729' title='bbox 588 2659 648 2683; x_wconf 82' lang='lat' dir='ltr'><strong>vnt,</strong></span> <span class='ocrx_word' id='word_1_730' title='bbox 667 2650 711 2677; x_wconf 79' lang='grc'><strong>18.</strong></span> <span class='ocrx_word' id='word_1_731' title='bbox 750 2650 770 2666; x_wconf 77' lang='grc'><strong>⁸¹</strong></span> <span class='ocrx_word' id='word_1_732' title='bbox 789 2649 882 2677; x_wconf 79' lang='lat' dir='ltr'><strong>Matth.</strong></span> <span class='ocrx_word' id='word_1_733' title='bbox 900 2658 926 2683; x_wconf 70' lang='grc' dir='ltr'>Χ,</span> 
     </span>
    </p>
   </div>
   <div class='ocr_carea' id='block_1_103' title="bbox 970 2649 1633 2686">
    <p class='ocr_par' dir='ltr' id='par_1_103' title="bbox 970 2650 1633 2684">
     <span class='ocr_line' id='line_1_103' title="bbox 970 2650 1633 2684; baseline 0 -7"><span class='ocrx_word' id='word_1_734' title='bbox 970 2650 985 2677; x_wconf 80' lang='grc' dir='ltr'><strong>ἰ.</strong></span> <span class='ocrx_word' id='word_1_735' title='bbox 1025 2650 1046 2666; x_wconf 67' lang='grc'><strong>⁸¹</strong></span> <span class='ocrx_word' id='word_1_736' title='bbox 1064 2650 1133 2678; x_wconf 74' lang='lat' dir='ltr'><strong>Osee</strong></span> <span class='ocrx_word' id='word_1_737' title='bbox 1148 2658 1174 2684; x_wconf 91' lang='lat' dir='ltr'><strong>v,</strong></span> <span class='ocrx_word' id='word_1_738' title='bbox 1187 2652 1212 2678; x_wconf 89' lang='lat'><strong>7.</strong></span> <span class='ocrx_word' id='word_1_739' title='bbox 1251 2651 1273 2667; x_wconf 81' lang='grc'>⁸³</span> <span class='ocrx_word' id='word_1_740' title='bbox 1286 2651 1351 2679; x_wconf 87' lang='lat' dir='ltr'><strong>ibid.</strong></span> <span class='ocrx_word' id='word_1_741' title='bbox 1389 2652 1412 2668; x_wconf 70' lang='lat'><strong>“</strong></span> <span class='ocrx_word' id='word_1_742' title='bbox 1422 2651 1500 2680; x_wconf 86' lang='lat' dir='ltr'><strong>Joan.</strong></span> <span class='ocrx_word' id='word_1_743' title='bbox 1518 2658 1572 2683; x_wconf 80' lang='lat' dir='ltr'><strong>svt,</strong></span> <span class='ocrx_word' id='word_1_744' title='bbox 1588 2650 1633 2678; x_wconf 78' lang='lat'><strong>55.</strong></span> 
     </span>
    </p>
   </div>
   <div class='ocr_carea' id='block_1_104' title="bbox 700 2707 1314 2745">
    <p class='ocr_par' dir='ltr' id='par_1_104' title="bbox 700 2707 1314 2745">
     <span class='ocr_line' id='line_1_104' title="bbox 700 2707 1314 2745; baseline -0.002 0"><span class='ocrx_word' id='word_1_745' title='bbox 700 2716 818 2745; x_wconf 67' lang='lat' dir='ltr'><strong>vanus</strong></span> <span class='ocrx_word' id='word_1_746' title='bbox 838 2716 1030 2744; x_wconf 81' lang='lat' dir='ltr'><strong>LECTIONES</strong></span> <span class='ocrx_word' id='word_1_747' title='bbox 1045 2716 1088 2743; x_wconf 86' lang='lat' dir='ltr'><strong>ET</strong></span> <span class='ocrx_word' id='word_1_748' title='bbox 1105 2717 1220 2745; x_wconf 64' lang='lat' dir='ltr'><strong>NOTAE.</strong></span> <span class='ocrx_word' id='word_1_749' title='bbox 1312 2707 1314 2709; x_wconf 84' lang='grc'><em>’</em></span> 
     </span>
    </p>
   </div>
   <div class='ocr_carea' id='block_1_105' title="bbox 167 2789 924 2829">
    <p class='ocr_par' dir='ltr' id='par_1_105' title="bbox 167 2789 924 2829">
     <span class='ocr_line' id='line_1_105' title="bbox 167 2789 924 2829; baseline -0.004 -10"><span class='ocrx_word' id='word_1_750' title='bbox 167 2791 228 2829; x_wconf 58' lang='grc' dir='ltr'><strong>(θ)</strong></span> <span class='ocrx_word' id='word_1_751' title='bbox 245 2790 320 2829; x_wconf 69' lang='lat' dir='ltr'><strong>llam,</strong></span> <span class='ocrx_word' id='word_1_752' title='bbox 333 2791 378 2818; x_wconf 82' lang='grc' dir='ltr'><strong>Διὸ</strong></span> <span class='ocrx_word' id='word_1_753' title='bbox 397 2791 443 2818; x_wconf 83' lang='grc' dir='ltr'><strong>καί</strong></span> <span class='ocrx_word' id='word_1_754' title='bbox 459 2798 543 2829; x_wconf 82' lang='lat' dir='ltr'><strong>usque</strong></span> <span class='ocrx_word' id='word_1_755' title='bbox 566 2791 598 2818; x_wconf 82' lang='lat' dir='ltr'><strong>ad</strong></span> <span class='ocrx_word' id='word_1_756' title='bbox 630 2789 762 2829; x_wconf 67' lang='grc' dir='ltr'>βιάζεται,</span> <span class='ocrx_word' id='word_1_757' title='bbox 782 2790 924 2829; x_wconf 81' lang='lat' dir='ltr'><strong>omittebat</strong></span> 
     </span>
    </p>
   </div>
   <div class='ocr_carea' id='block_1_106' title="bbox 128 2824 921 2861">
    <p class='ocr_par' dir='ltr' id='par_1_106' title="bbox 128 2824 921 2861">
     <span class='ocr_line' id='line_1_106' title="bbox 128 2824 921 2861; baseline -0.005 -5"><span class='ocrx_word' id='word_1_758' title='bbox 128 2824 179 2857; x_wconf 60' lang='lat' dir='ltr'><strong>ed.</strong></span> <span class='ocrx_word' id='word_1_759' title='bbox 192 2824 296 2858; x_wconf 49' lang='lat' dir='ltr'><strong>Paris“</strong></span> <span class='ocrx_word' id='word_1_760' title='bbox 313 2827 398 2861; x_wconf 86' lang='lat' dir='ltr'><strong>lapsu,</strong></span> <span class='ocrx_word' id='word_1_761' title='bbox 425 2831 454 2853; x_wconf 89' lang='lat' dir='ltr'><strong>ut</strong></span> <span class='ocrx_word' id='word_1_762' title='bbox 468 2824 583 2860; x_wconf 85' lang='lat' dir='ltr'><strong>videtur,</strong></span> <span class='ocrx_word' id='word_1_763' title='bbox 604 2824 761 2861; x_wconf 77' lang='lat' dir='ltr'><strong>typographi</strong></span> <span class='ocrx_word' id='word_1_764' title='bbox 778 2832 857 2859; x_wconf 85' lang='lat' dir='ltr'><strong>quem</strong></span> <span class='ocrx_word' id='word_1_765' title='bbox 874 2825 921 2852; x_wconf 86' lang='lat' dir='ltr'><strong>de-</strong></span> 
     </span>
    </p>
   </div>
   <div class='ocr_carea' id='block_1_107' title="bbox 129 2862 555 2898">
    <p class='ocr_par' dir='ltr' id='par_1_107' title="bbox 129 2862 555 2898">
     <span class='ocr_line' id='line_1_107' title="bbox 129 2862 555 2898; baseline -0.007 -8"><span class='ocrx_word' id='word_1_766' title='bbox 129 2863 207 2898; x_wconf 80' lang='lat' dir='ltr'><strong>cepit</strong></span> <span class='ocrx_word' id='word_1_767' title='bbox 224 2862 469 2898; x_wconf 30' lang='lat' dir='ltr'><strong>homzeoteleuton.‘</strong></span> <span class='ocrx_word' id='word_1_768' title='bbox 478 2862 555 2888; x_wconf 72' lang='lat' dir='ltr'><strong>l-Zntr.</strong></span> 
     </span>
    </p>
   </div>
   <div class='ocr_carea' id='block_1_108' title="bbox 170 2896 742 2931">
    <p class='ocr_par' dir='ltr' id='par_1_108' title="bbox 170 2896 742 2931">
     <span class='ocr_line' id='line_1_108' title="bbox 170 2896 742 2931; baseline -0.007 -6"><span class='ocrx_word' id='word_1_769' title='bbox 170 2896 227 2931; x_wconf 62' lang='grc'><strong>(43)</strong></span> <span class='ocrx_word' id='word_1_770' title='bbox 243 2897 312 2925; x_wconf 82' lang='lat' dir='ltr'><strong>Cod.</strong></span> <span class='ocrx_word' id='word_1_771' title='bbox 334 2896 403 2930; x_wconf 80' lang='lat' dir='ltr'><strong>\&#39;at.,</strong></span> <span class='ocrx_word' id='word_1_772' title='bbox 422 2896 623 2931; x_wconf 64' lang='grc' dir='ltr'>ἐκϐιασάμενοι.</span> <span class='ocrx_word' id='word_1_773' title='bbox 635 2897 742 2924; x_wconf 52' lang='grc' dir='ltr'>Ροςδικ.</span> 
     </span>
    </p>
   </div>
   <div class='ocr_carea' id='block_1_109' title="bbox 1014 2788 1606 2825">
    <p class='ocr_par' dir='ltr' id='par_1_109' title="bbox 1014 2788 1606 2825">
     <span class='ocr_line' id='line_1_109' title="bbox 1014 2788 1606 2825; baseline 0.003 -10"><span class='ocrx_word' id='word_1_774' title='bbox 1014 2789 1068 2825; x_wconf 60' lang='grc' dir='ltr'><strong>(Η)</strong></span> <span class='ocrx_word' id='word_1_775' title='bbox 1085 2791 1198 2825; x_wconf 65' lang='grc' dir='ltr'>Ἵῐρωνι,</span> <span class='ocrx_word' id='word_1_776' title='bbox 1216 2789 1324 2821; x_wconf 80' lang='lat' dir='ltr'><strong>Neroni,</strong></span> <span class='ocrx_word' id='word_1_777' title='bbox 1341 2791 1401 2817; x_wconf 82' lang='lat' dir='ltr'><strong>cod.</strong></span> <span class='ocrx_word' id='word_1_778' title='bbox 1415 2789 1475 2816; x_wconf 68' lang='lat' dir='ltr'><strong>Vat.</strong></span> <span class='ocrx_word' id='word_1_779' title='bbox 1491 2788 1606 2817; x_wconf 78' lang='grc'><strong>650.11).</strong></span> 
     </span>
    </p>
   </div>
   <div class='ocr_carea' id='block_1_110' title="bbox 1012 2824 1494 2859">
    <p class='ocr_par' dir='ltr' id='par_1_110' title="bbox 1012 2824 1494 2859">
     <span class='ocr_line' id='line_1_110' title="bbox 1012 2824 1494 2859; baseline 0 -9"><span class='ocrx_word' id='word_1_780' title='bbox 1012 2824 1067 2859; x_wconf 67' lang='grc'><strong>(43)</strong></span> <span class='ocrx_word' id='word_1_781' title='bbox 1084 2824 1135 2851; x_wconf 88' lang='lat' dir='ltr'><strong>Pro</strong></span> <span class='ocrx_word' id='word_1_782' title='bbox 1148 2826 1186 2856; x_wconf 84' lang='grc' dir='ltr'>εἰς</span> <span class='ocrx_word' id='word_1_783' title='bbox 1201 2826 1269 2852; x_wconf 82' lang='lat' dir='ltr'><strong>idem</strong></span> <span class='ocrx_word' id='word_1_784' title='bbox 1285 2825 1344 2852; x_wconf 86' lang='lat' dir='ltr'><strong>cod.</strong></span> <span class='ocrx_word' id='word_1_785' title='bbox 1361 2824 1437 2859; x_wconf 81' lang='grc' dir='ltr'>πρός.</span> <span class='ocrx_word' id='word_1_786' title='bbox 1457 2825 1494 2850; x_wconf 84' lang='lat' dir='ltr'><strong>ln.</strong></span> 
     </span>
    </p>
   </div>
   <div class='ocr_carea' id='block_1_111' title="bbox 1013 2859 1546 2895">
    <p class='ocr_par' dir='ltr' id='par_1_111' title="bbox 1013 2859 1546 2895">
     <span class='ocr_line' id='line_1_111' title="bbox 1013 2859 1546 2895; baseline 0 -9"><span class='ocrx_word' id='word_1_787' title='bbox 1013 2862 1066 2895; x_wconf 67' lang='lat' dir='ltr'><strong>(lib)</strong></span> <span class='ocrx_word' id='word_1_788' title='bbox 1079 2861 1143 2886; x_wconf 76' lang='lat' dir='ltr'><strong>Cod.</strong></span> <span class='ocrx_word' id='word_1_789' title='bbox 1163 2859 1233 2894; x_wconf 63' lang='grc' dir='ltr'>νημ,</span> <span class='ocrx_word' id='word_1_790' title='bbox 1248 2860 1420 2894; x_wconf 66' lang='grc' dir='ltr'>κατέφευγεν.</span> <span class='ocrx_word' id='word_1_791' title='bbox 1444 2859 1546 2886; x_wconf 76' lang='lat' dir='ltr'><strong>Possm.</strong></span> 
     </span>
    </p>
   </div>
  </div>
