2040 3161
142 161 195 195 1221

559 160 823 190 ΕΡῘΞἸὈῘΛΒΓΜ
844 161 915 190 LIB.
936 162 984 191 IV.
1006 175 1037 178 -
1054 163 1171 193 EPlST.
1194 163 1291 193 CXLI.

1685 164 1750 195 1222

1698 188 1750 196 ι..-

141 218 220 245 νεσθαι
243 216 306 251 περὶ
333 216 386 243 τῶν
409 216 526 251 ἁδηλωισ
549 215 616 242 ἀλλὰ
641 217 698 247 τοῖς
720 217 914 251 ἀκουσομένοις

967 225 1015 244 cus
1031 219 1201 253 podagricum
1215 223 1349 254 procreet,
1362 226 1456 246 omnes
1469 220 1666 253 consentiunt.)
1679 221 1735 253 Quo
1744 237 1751 240 -

139 264 287 299 ἐπιτρέπειν
307 262 356 297 τὴν
376 262 497 297 κρίσιν).
524 263 587 296 περὶ
609 262 658 296 τῆς
681 262 815 297 ἀκρασίας
842 261 876 298 ἦν
900 265 914 289 ὁ

138 309 214 342 λόγος,
235 309 310 338 ὅπως
325 307 363 342 μὴ
375 307 404 333 ὲν
419 307 501 333 παντὶ
516 306 604 341 καιρῷ
617 306 800 341 συνέρχοιντο,
815 306 852 338 ὡς
865 307 914 341 τῆς

140 353 230 389 βλάϐης
242 354 282 385 εἰς
296 354 330 379 τὰ
344 352 373 385 ἐξ
395 352 484 378 αὐτῶν
496 351 686 387 τεχθησόμενα
705 352 912 387 διαϐησομένης.

140 402 192 426 Ὀτι
208 400 236 427 δὲ
247 400 298 426 οὐκ
312 399 369 425 ἐστι
388 398 467 425 τοῦτο
481 398 534 424 ἀπὸ
546 398 658 429 σκοποῦ,
673 398 825 434 τεκμήριον
846 398 913 432 (52),

137 447 161 474 τὸ
177 447 237 478 τοὺς
261 445 412 480 ποδαλγοὺς
431 444 511 480 ίερῶν
532 444 683 479 περιϐόλων
702 444 740 479 μὴ
762 444 912 479 εἱρχθῆναι.

137 494 163 520 Ol
176 493 221 528 μὲν
236 493 291 528 γὰρ
305 491 333 525 ἐξ
349 492 436 527 ἀρχῆς
445 491 524 517 τοῦτο
539 491 701 525 νοσήσαντες
714 490 742 515 τὸ
757 490 851 522 πάθος,
864 490 914 516 οὐκ

137 540 183 566 ἀπὸ
196 537 373 574 δυσκρασίας,
387 537 445 563 ἀλλ’
459 536 514 563 ἀπὸ
528 536 651 571 πονηρᾶς
664 535 778 570 διαίτης,
792 536 838 562 καὶ
850 544 914 571 τρυ-

137 583 190 618 φῆς,
211 583 258 608 καὶ
273 581 412 616 βλακείας,
426 581 474 606 καὶ
486 580 584 615 ἀργίας
597 579 670 605 τοῦτ’
688 580 837 614 ἐσχήκασι*
853 579 886 605 δι’
900 579 914 606 ὃ

136 629 176 656 καὶ
187 629 218 655 δι’
235 627 317 654 αὐτοῦ
330 626 518 661 ἐκολάσθησαν
530 635 535 640 ·
545 626 570 652 οἱ
585 625 606 651 δ’
619 626 648 658 ἐξ
659 625 748 651 αὐτῶν
760 625 912 660 τεχθέντες,

135 675 178 702 οὐκ
189 674 363 708 ἐκωλύθησαν
383 673 462 708 ιερῶν
472 673 635 706 κοινωνῆσαι
649 671 776 698 συνόδων.
790 671 845 706 Τῆς
859 672 914 706 γὰρ

134 719 301 756 δυσκρασίας,
318 718 376 745 ἀλλ’
394 719 424 745 οὐ
443 718 491 753 τῆς
504 717 639 752 ἀκρασίας
655 717 709 743 τῶν
722 717 823 751 γονέων
836 717 914 751 γεγό⁴

134 774 204 793 νασιν
225 764 382 799 ἀναγκαίως
405 763 587 798 κληρονόμον
610 763 634 789 οἱ
657 762 684 788 δὲ
701 762 749 797 τὴν
768 761 914 789 ἀκολασίαν

134 812 182 838 τῶν
196 811 295 846 γονέων
311 810 340 836 ὲν
356 810 412 840 τοῖς
428 808 551 843 σώμασιν
566 807 783 843 ἀπομαξάμενοι,
794 807 843 834 οὐκ
855 809 915 834 ἐκο-

134 857 264 892 λάσθησαν
276 855 324 890 μὲν
338 855 386 890 (οὺ
402 855 455 888 γὰρ
469 853 611 880 ἐκέλευσεν
622 853 720 884 αὐτοὺς
730 852 915 886 καταλευσθῆ-

967 264 1038 290 circa
1055 263 1201 298 legislator,
1218 269 1246 291 ut
1265 266 1329 292 mihi
1344 266 1452 300 quidem
1475 267 1580 293 videtur
1595 265 1659 302 (non
1677 267 1763 294 cnim‘

966 308 999 336 de
1020 308 1100 336 rebus
1118 310 1241 336 obscuris
1255 312 1365 345 prmcise
1381 311 1479 345 aliquid
1495 319 1652 339 asseverare
1668 320 1749 346 opor-

967 357 1016 386 tet,
1033 354 1080 381 sed
1097 354 1231 380 audituris
1247 356 1404 387 permittere
1416 355 1687 391 judicittnt),sollicitc
1702 365 1750 383 ru-

967 400 1046 426 raltal
1057 400 1090 426 de
1104 399 1298 426 incontinentia
1314 400 1465 432 libidinum,
1478 409 1511 427 ne
1522 402 1616 434 quovis
1628 408 1750 435 tempore

966 444 992 470 in
1019 449 1118 470 emtum
1147 444 1321 470 convenirem
1350 443 1488 478 conjttges,
1510 451 1538 472 ut
1565 447 1610 480 qui
1639 448 1749 478 scirent,

966 497 1063 516 noxam
1088 490 1113 516 itt
1137 496 1201 516 suos
1219 490 1317 517 liberos
1349 491 1534 517 transiturum.
1559 491 1634 524 Quod
1660 497 1750 520 autent

967 543 1018 562 non
1035 535 1071 562 sit
1086 535 1146 566 ltoc,
1173 535 1244 570 quod
1270 535 1335 568 dixi,
1363 535 1549 570 impertinens,
1573 541 1619 563 aut
1636 545 1650 563 a
1670 546 1750 573 scopo

965 581 1082 612 aberret,
1099 586 1259 615 argumento
1284 586 1335 614 est,
1360 581 1430 615 qttod
1456 582 1593 616 podagrici
1619 590 1634 609 a
1665 585 1750 610 sacris

965 627 1062 654 castris
1084 631 1111 653 et
1135 627 1313 654 conventibus
1336 635 1388 654 noti
1418 633 1572 655 arceantur.
1600 628 1666 655 Nam
1700 630 1751 663 ipsi

964 671 1083 704 quidem,
1095 673 1138 705 qui
1155 671 1188 698 ab
1202 671 1278 698 initio
1295 667 1330 706 (et
1347 672 1425 705 primi
1451 672 1477 699 in
1501 679 1548 699 sua
1573 673 1686 708 familia)
1702 674 1753 700 hoc

964 717 1034 743 malo
1051 716 1174 743 laborare
1187 723 1336 757 coeperunt.
1353 726 1404 743 non
1427 719 1460 744 ah
1491 717 1591 745 infelici
1617 725 1752 754 tempera-

965 765 1057 788 mento
1070 761 1152 796 (quod
1167 762 1236 789 tttale
1251 763 1305 789 nati
1328 762 1441 797 essent),
1458 763 1505 790 scd
1531 771 1544 789 a
1568 772 1649 799 prava
1667 766 1753 793 victus

964 806 1081 838 ratione.
1105 813 1133 834 et
1154 807 1266 840 deliciis,
1288 813 1315 835 et
1337 808 1432 835 inertia
1458 814 1539 843 atque
1569 810 1673 845 ignavia
1702 812 1753 840 hoc

965 856 1164 889 contraxerunt
1185 853 1278 879 :unde
1299 853 1379 879 etiam
1403 861 1449 888 per
1465 854 1490 880 id
1511 856 1596 889 puniti
1608 855 1686 883 sunt.
1701 857 1754 890 Qui

133 909 189 929 ναιο
208 901 354 934 ἀϐούλητον
368 897 468 935 γὰρῆν
488 898 518 924 τὸ
535 897 649 932 πάθος),
663 897 839 932 ὴτιμώθησαν
858 897 912 933 (53)

966 903 1069 923 veroex
1085 897 1148 931 ipsis
1159 897 1214 923 nati
1229 902 1292 924 sunt
1304 897 1475 932 (podagrici),
1490 899 1506 926 ii
1519 901 1605 927 sacris
1618 901 1752 929 interesse

132 948 167 980 δὲ,
178 947 244 982 πρὸς
258 945 446 986 σωφρονισμὸν
456 944 510 970 τῶν
521 943 667 970 τεκόντων.
681 943 712 969 El
722 943 750 969 δέ
764 952 806 975 τις
816 943 911 975 οίεται,

131 994 204 1021 τοῦτο
217 995 254 1029 μὴ
269 992 387 1027 εὐλόγως
401 990 639 1026 νενομοθετῆσθαι,
654 990 681 1016 τί
697 990 763 1025 φαίη
781 991 844 1026 περὶ
864 990 910 1017 τοῦ

133 1039 252 1071 θανάτου,
266 1039 309 1065 ὅτι
322 1038 385 1073 μιᾶς
397 1036 595 1072 ἀμαρτησάσης
612 1035 695 1070 (φημὶ
709 1035 742 1070 δὴ
754 1035 801 1070 τῆς
818 1034 911 1070 Εθας),

131 1085 186 1112 ὅλον
195 1085 225 1110 τὸ
239 1084 316 1118 γένος
327 1083 434 1116 θανάτῳ
444 1080 605 1116 κατεκρίθη,
623 1080 710 1106 καίτοι
725 1080 829 1107 πολλῶν
845 1080 914 1107 εὐδο-

131 1129 313 1165 κιμησάντων,
325 1128 373 1154 καὶ¹
384 1129 439 1159 τοῖς
455 1126 607 1161 πταίσμασι
623 1126 678 1156 τοῖς
690 1127 860 1160 προγονικοῖς
875 1125 912 1161 μὴ

130 1174 381 1209 ἀκολουθησάντων;
402 1173 434 1199 El
457 1172 479 1198 δ’
500 1173 557 1198 ἐκεῖ
577 1171 627 1206 τῆς
658 1171 735 1207 ῥίζης
762 1170 914 1206 τεθνεώσης

130 1221 281 1256 ἀναγκαίως
292 1219 340 1246 καὶ
356 1220 380 1246 οἱ
395 1218 502 1255 κλάδοιι
517 1217 554 1248 ὡς
569 1217 791 1252 κληρονόμοιτῆς
803 1217 908 1251 ἀποφά-

130 1277 204 1300 σεως,
225 1265 437 1300 συναπήλαυσαν
450 1263 498 1290 τοῦ
519 1263 637 1294 πάθους·
660 1263 686 1289 τί
701 1262 866 1297 θαυμαστὸν,
890 1262 913 1289 El

130 1312 264 1341 κάνταῦθα
278 1311 322 1338 διὰ
336 1310 384 1345 τὴν
400 1309 477 1345 ῥίζαν
487 1309 501 1334 ὁ
512 1308 608 1340 κλάδος
619 1308 754 1343 ἠτιμώθη,
768 1308 914 1343 παραπέμ-

129 1367 185 1385 πων
197 1356 353 1390 ἀναγκαίως
366 1355 412 1382 καὶ
427 1355 467 1386 εἰς
478 1354 526 1390 τὴν
540 1354 618 1389 ῥίζαν
630 1354 660 1380 τὸ
671 1353 756 1385 πάθος
768 1362 775 1387 ;
791 1354 844 1380 Τοῦ
860 1354 914 1389 γὰρ

128 1403 310 1439 ἀτιμωθέντος
332 1401 429 1428 κλάδοι)
447 1402 479 1436 τῇ
503 1400 564 1435 ῥίζῃ
590 1400 640 1426 οὐκ
654 1399 772 1426 ἐλάττων
788 1401 804 1434 ἡ
820 1399 911 1433 ὀδύνη.

134 1451 166 1476 Ἡ
180 1450 233 1485 γὰρ
261 1447 394 1484 εὐχομένη
419 1446 464 1473 τδν
491 1446 586 1473 κλάδον
615 1446 724 1481 ἄριστον
753 1445 826 1476 ἰδεῖν,
851 1445 914 1472 ὅταν

127 1495 266 1530 αἴσθηται,
284 1495 325 1520 ὅτι
348 1494 380 1519 ὲκ
397 1493 446 1527 τῆς
469 1491 553 1526 αὐτῆς
568 1490 716 1522 ἀκολασίας
731 1490 761 1516 τὸ
777 1490 861 1521 πάθος
875 1490 916 1521 εἰς

127 1544 231 1570 ἐκεῖνον
248 1539 337 1575 διέὸη,
361 1538 478 1566 ἐνταῦθα
498 1537 548 1572 μὲν
563 1538 620 1569 τοῖς
641 1536 751 1568 οἰκείοις
774 1537 915 1571 λογισμοῖς

127 1586 371 1621 καταικισθήσεται
381 1593 388 1600 ⁶
405 1585 494 1610 ἐκεῖσε
509 1583 537 1610 δὲ
553 1583 599 1609 καὶ
616 1584 650 1618 τῇ
667 1583 766 1618 κρίσει.
780 1582 811 1608 Εἰ
824 1582 852 1608 δὲ
868 1582 915 1608 καὶ

126 1633 323 1669 προγινώσκων
352 1631 450 1661 αὐτοὺς
476 1631 489 1656 ὀ
515 1630 581 1661 Θεὸς
607 1630 740 1664 πονηροὺς
770 1628 916 1663 ἐσομένους

127 1678 298 1715 προκατέσχε
312 1676 416 1707 τούτοις
430 1676 483 1706 τοῖς
497 1675 617 1710 δεσμοῖς,
640 1675 687 1700 καὶ
701 1673 849 1709 ἐχαλίνωσε
860 1674 916 1705 τοῖς

127 1725 253 1755 πάθεσιν,
268 1722 387 1758 ἀκριϐῶς
402 1722 452 1748 οὐκ
465 1722 519 1756 ἔχω
536 1721 639 1754 λέγειν·
657 1721 697 1747 ὃτι
711 1721 739 1747 δὲ
754 1720 801 1746 καὶ
815 1719 916 1754 στεφά-

125 1779 183 1798 νων
205 1770 313 1801 πολλοῖς
331 1769 387 1804 (54)
406 1768 481 1795 αἴτια
502 1767 599 1801 γέγονε
615 1766 701 1793 ταῦτα
717 1766 751 1792 τά
764 1767 916 1802 νοσήματα,

126 1815 302 1851 θαρρούντως
317 1813 549 1848 διισχυρισαίμην.
566 1812 596 1838 Εἰ
614 1811 642 1838 δὲ
661 1812 740 1837 σκιάν
755 1810 827 1846 εἶχεν
839 1812 854 1837 ὁ
873 1811 917 1837 νό-

127 1870 181 1897 μος
205 1860 259 1887 τῶν
283 1860 433 1895 μελλόντων
448 1857 568 1893 ἀγαθῶν,
586 1857 633 1884 καὶ
649 1857 699 1884 οὐκ
714 1858 799 1890 αὐτὴν
826 1858 918 1884 εἰκόνα

125 1907 184 1933 τῶν
198 1905 378 1941 πραγμάτων,
400 1903 486 1940 οἶμαι,
503 1905 545 1930 ὅτι
564 1903 612 1938 μὲν
627 1903 671 1929 διὰ
687 1902 734 1929 τοῦ
751 1902 851 1938 λεπροῦ
872 1904 918 1929 τὸν

125 1953 250 1979 ποικίλον
267 1951 314 1978 καὶ
329 1950 493 1985 κακοῦργον,
516 1949 560 1976 διὰ
579 1949 606 1975 δὲ
622 1948 669 1974 τοῦ
683 1948 855 1984 γονορρυοῦς,
872 1948 919 1975 τὸν

124 2000 228 2034 πόρνον
244 1999 290 2024 καὶ
314 1998 359 2024 τὸν
373 1997 494 2031 ἀσελγῆ·
521 1996 566 2023 διὰ
578 1996 606 2022 δὲ
626 1995 672 2022 τοῦ
698 1995 854 2031 ἀκαθάρτου
872 1995 918 2021 ἐπὶ

121 2044 202 2077 ψυχῇ
217 2042 371 2077 ἀνθρώπου,
385 2041 507 2067 τουτέστι
521 2040 565 2066 διὰ
580 2039 626 2066 τοῦ
648 2040 801 2074 ἁπτομένου
819 2039 918 2074 νεκροῦ

123 2089 268 2123 σώματος,
285 2087 329 2113 τὸν
342 2087 415 2122 ψυχῇ
437 2085 631 2122 ἁμαρτανούσῃ
647 2085 857 2121 συμπράττοντα
871 2086 919 2111 καὶ

124 2132 344 2168 συναιρόμενον·
360 2132 405 2159 διὰ
425 2131 454 2158 δὲ
469 2131 516 2158 τοῦ
542 2131 714 2163 πενθοῦντος,
731 2131 776 2158 τὸν
799 2131 845 2157 ἐπὶ
858 2133 919 2163 ταῖς

122 2180 286 2214 συμφοραῖς
303 2178 425 2213 πενθήρη
441 2178 488 2205 καὶ
504 2178 639 2213 θρηνώδη,
656 2178 705 2213 τῆς
725 2178 779 2204 τῶν
795 2177 919 2213 ὰμώμων

965 942 1080 969 ctetibus
1098 942 1209 969 tninitne
1229 943 1418 977 prohibentur.
1438 944 1503 972 Nam
1533 951 1674 980 parentum
1690 955 1754 974 suo-

966 995 1026 1014 rum
1052 988 1114 1015 mali
1136 989 1355 1022 temperamenti,
1373 997 1425 1016 non
1444 996 1532 1017 autem
1550 991 1754 1020 incontinentiae

964 1033 1118 1066 libidinum,
1146 1036 1299 1063 necessario
1327 1038 1489 1064 exstiterunt
1520 1038 1651 1066 hacredes.
1669 1039 1753 1067 Alteri

952 1087 1029 1116 ~vero
1054 1079 1110 1115 (qui
1137 1088 1168 1106 ex
1194 1086 1336 1115 parentutn
1363 1082 1500 1110 luxurioso
1523 1085 1667 1112 concubitu
1697 1086 1755 1113 nati

964 1126 1037 1159 sunt)
1065 1125 1184 1153 libidinis
1209 1132 1352 1160 parentum
1379 1132 1455 1154 notas
1472 1128 1498 1154 itt
1525 1129 1581 1156 Suis
1596 1130 1758 1164 corporibus

967 1172 1113 1207 impressas
1129 1173 1270 1205 habentes,
1288 1180 1339 1200 non
1353 1173 1461 1208 quidem
1481 1174 1566 1209 puniti
1580 1181 1642 1202 sunt
1655 1175 1755 1210 (neque

965 1218 1036 1244 enim
1049 1217 1122 1252 ipsos
1135 1218 1268 1252 lapidibus
1282 1219 1357 1246 obrui
1379 1219 1470 1254 jussit,
1490 1221 1551 1254 quia
1570 1221 1669 1248 malum
1687 1221 1755 1255 ipsis

965 1263 1120 1291 nolentibus
1155 1264 1330 1299 contigerat).
1361 1265 1506 1299 ignominia
1540 1272 1627 1293 tamen
1664 1267 1755 1293 alIccti

966 1315 1040 1340 sunt,
1056 1309 1138 1343 idque
1158 1309 1193 1336 ad
1213 1310 1431 1337 emendationem
1454 1317 1604 1345 parentum.
1626 1311 1703 1345 Quod
1732 1312 1755 1338 si

965 1354 1026 1388 quis
1038 1360 1080 1381 est
1101 1355 1147 1389 qtti
1174 1355 1215 1382 sic
1240 1355 1391 1388 existimat,
1409 1357 1460 1384 hoc
1475 1357 1547 1384 nulla
1565 1358 1632 1384 bona
1651 1359 1757 1385 ratione

967 1399 1101 1426 sancitum
1123 1399 1217 1432 fuisse,
1234 1401 1297 1434 quid
1317 1401 1361 1428 ille
1378 1401 1477 1428 dixerit
1502 1402 1535 1429 de
1562 1409 1660 1435 morte,
1683 1404 1755 1438 quod

966 1452 1028 1471 cuttt
1053 1452 1105 1472 una
1133 1446 1252 1479 peccarit
1279 1446 1378 1473 l'cntina
1402 1447 1497 1482 (Evam
1522 1448 1654 1484 intelligo)
1671 1454 1756 1476 totutn

966 1498 1052 1526 genus
1067 1491 1228 1524 humanum,
1239 1492 1310 1527 quod
1325 1493 1357 1519 ab
1373 1500 1403 1519 ea
1417 1493 1565 1526 descendit,
1581 1499 1668 1522 morte
1681 1495 1756 1521 dam-

968 1541 1059 1564 natum
1075 1542 1116 1564 est
1130 1557 1138 1569 ,
1156 1531 1226 1565 cum.
1237 1543 1326 1566 tamen
1344 1539 1420 1565 multi
1442 1536 1613 1567 laudabiliter
1628 1540 1755 1571 vixerint,

967 1589 994 1612 ct
1013 1588 1121 1619 peccatu
1140 1584 1288 1619 primorum
1307 1590 1447 1619 parentum
1464 1593 1518 1613 non
1535 1585 1637 1613 fuerint
1651 1586 1758 1615 secuti!

968 1629 997 1657 Si
1016 1637 1079 1656 vero
1095 1629 1130 1656 ibi
1155 1628 1245 1655 radice
1267 1634 1372 1655 mortua
1390 1630 1544 1657 necessario
1570 1631 1652 1658 etiam
1678 1632 1756 1664 rami,

969 1681 1095 1710 tanquam
1124 1675 1227 1702 scilicet
1252 1674 1372 1702 Incredes
1397 1676 1538 1702 sententia:
1568 1677 1755 1709 damnatoriaa,

967 1721 1088 1755 ejusdem
1107 1721 1170 1748 tnali
1191 1721 1335 1756 participes
1363 1721 1425 1748 facti
1450 1727 1512 1748 sunt
1529 1731 1536 1756 ι
1555 1723 1617 1757 quid
1630 1724 1757 1758 estquod

969 1768 1035 1794 adeo
1047 1767 1185 1798 miremur,
1199 1766 1221 1793 si
1236 1766 1279 1793 hic
1291 1774 1397 1801 qttoqtte
1410 1772 1519 1801 propter
1533 1768 1650 1795 radicem
1666 1776 1757 1795 ramus

969 1812 1114 1846 ignominia
1134 1815 1242 1838 notatus
1266 1817 1318 1843 est,
1336 1812 1490 1839 necessario
1517 1813 1598 1839 etiam
1622 1814 1648 1840 in
1670 1814 1755 1849 ipsam

969 1858 1087 1886 radicem
1103 1857 1129 1884 id
1146 1857 1244 1884 malum
1269 1857 1476 1885 transmittens?
1492 1857 1559 1885 Nam
1580 1867 1655 1886 ratno
1672 1860 1756 1894 igno-

970 1903 1050 1930 ntinia
1067 1901 1162 1928 aﬂ‘ecto
1177 1909 1228 1928 non
1247 1902 1335 1928 tuinor
1357 1902 1477 1929 radicem
1498 1903 1635 1930 cruciatus
1652 1903 1755 1938 alﬂigit.

971 1950 1055 1976 lladix
1071 1949 1155 1981 enim,
1167 1956 1225 1983 quae
1237 1949 1262 1975 itt
1275 1948 1345 1974 votis
1359 1948 1450 1981 habet,
1467 1956 1570 1976 ramum
1591 1957 1671 1983 quam
1685 1951 1757 1984 opti-

971 2003 1042 2021 tuum
1062 1994 1165 2024 videre.
1183 1994 1226 2020 ubi
1252 1993 1485 2025 animadverterit,
1501 2001 1533 2020 ex
1555 2002 1604 2021 sua
1626 1995 1757 2029 intempe-

970 2040 1056 2067 rantia
1075 2040 1124 2067 hoc
1147 2039 1246 2066 malum
1262 2039 1287 2066 in
1304 2039 1390 2073 ipsum
1405 2040 1547 2067 transiisse
1569 2047 1600 2066 ac
1623 2048 1757 2075 propaga-

971 2092 1025 2113 ttttn
1044 2093 1114 2119 esse,
1134 2086 1158 2113 itt
1186 2085 1311 2120 pra-senti
1327 2086 1435 2119 quidem
1462 2086 1515 2112 vita
1544 2087 1662 2120 propriis
1686 2088 1759 2121 cogi-

971 2132 1118 2159 tationibus
1137 2131 1229 2167 (animi
1250 2131 1319 2158 male
1335 2131 1385 2157 sibi
1401 2132 1514 2166 conscii)
1529 2131 1708 2165 lacerabitur;
1731 2136 1756 2159 in

970 2178 1056 2205 altero
1083 2182 1172 2204 autent
1195 2177 1292 2203 sacculo
1313 2177 1394 2203 etiam
1419 2177 1521 2209 judicio
1548 2177 1690 2211 alﬂigctur.
1715 2179 1757 2206 An

121 2227 208 2261 ἱερᾶς
225 2225 334 2252 συνόδου
350 2225 398 2251 καὶ
421 2224 585 2260 Ἐκκλησίας
600 2223 844 2259 ἐξοστρακισθῆναι
860 2224 914 2251 ἐθέ-

972 2228 1062 2250 autent
1088 2223 1158 2250 Dens
1185 2224 1267 2250 etiam
1295 2224 1434 2257 prtesrius,
1450 2224 1522 2258 ipsos
1546 2224 1630 2251 malos
1654 2225 1759 2252 futuros

120 2279 238 2298 σπισεν.

973 2277 1044 2302 esse,
1060 2269 1134 2296 ltisce
1152 2269 1223 2296 velut
1243 2269 1355 2296 vinculis
1371 2269 1530 2304 quibusdam
1553 2276 1614 2296 ante
1630 2271 1760 2298 cohibue-

118 2320 173 2353 rit,
186 2327 219 2346 ac
232 2318 376 2346 refrenarit
401 2318 445 2346 his
466 2318 559 2351 malis,
573 2319 606 2345 de
621 2325 653 2346 eo
671 2318 738 2345 nihil
753 2318 820 2345 certi
851 2318 936 2345 habeo
973 2317 1073 2344 dicere.
1088 2317 1153 2343 lllud
1171 2323 1260 2344 autem
1287 2317 1454 2344 conﬁdenter
1477 2318 1672 2350 contenderim,
1695 2319 1760 2345 tales

116 2365 242 2392 morbos
265 2366 357 2393 multis
373 2365 455 2393 etiam
472 2371 633 2394 coronarum
668 2371 766 2391 causas
790 2369 835 2390 aut
859 2364 1015 2390 occasiones
1046 2363 1194 2389 exstitisse.
1207 2363 1282 2395 Quod
1312 2364 1332 2389 si
1354 2363 1395 2390 lcx
1413 2363 1505 2399 (Paulo
1521 2365 1601 2398 teste)
1638 2364 1760 2391 umbram

117 2411 223 2439 habuit
238 2412 390 2439 futurorum
406 2412 548 2443 bonorum,
563 2416 657 2438 etnon
680 2410 767 2444 ipsam
789 2409 932 2443 imaginem
953 2416 1055 2439 rerum,
1076 2412 1152 2442 puto,
1169 2409 1239 2441 quod
1260 2409 1309 2434 sub
1331 2416 1444 2442 persona
1469 2409 1567 2442 leprosi
1587 2410 1759 2443 designatum

116 2459 270 2487 hominem
285 2460 389 2486 varium
405 2464 433 2486 et
463 2458 569 2485 vafrnm
596 2462 676 2491 atque
701 2457 862 2486 ntalclicunt.
890 2463 938 2491 per
973 2455 1164 2487 setniniﬂnnnt,
1197 2460 1373 2482 scortaturctn
1405 2461 1432 2482 et
1460 2457 1610 2491 impurum;
1638 2465 1685 2491 per
1711 2459 1762 2484 im-

116 2505 261 2532 mundutn
287 2505 314 2531 itt
333 2505 423 2532 anima
439 2504 568 2537 hominis,
581 2503 663 2539 492
679 2503 729 2530 hoc
742 2507 784 2530 est
800 2510 848 2536 per
863 2510 923 2529 ettttt
944 2503 988 2536 qni
1006 2502 1092 2536 tetigit
1105 2509 1203 2535 corpus
1236 2507 1383 2534 mortuum,
1397 2510 1458 2528 ctnu
1481 2503 1526 2537 qui
1551 2503 1669 2530 animam
1701 2511 1765 2538 pec-

114 2550 263 2578 catricem
285 2557 336 2584 ope
362 2554 390 2577 et
414 2549 516 2577 auxilio
532 2549 661 2583 adjuvat:
677 2550 794 2584 denique
811 2557 858 2584 per
882 2548 1027 2583 lugentem,
1061 2556 1121 2575 enm
1157 2548 1201 2582 qtti
1225 2549 1257 2574 dc
1277 2548 1477 2575 calatttilatibus
1511 2549 1568 2576 suis
1583 2550 1710 2583 querulus
1734 2553 1761 2577 et

111 2596 301 2631 lacrymosus
313 2600 366 2630 est,
381 2603 414 2623 ex
430 2603 509 2623 sacro
522 2600 593 2623 metu
609 2595 806 2630 incnlpatormu
835 2595 986 2626 hominum,
1002 2600 1028 2621 et
1043 2595 1076 2621 ab
1092 2595 1210 2621 Ecclesia
1226 2595 1400 2622 crtcrtnittari
1419 2597 1587 2631 pt'tcceperit.

701 2695 817 2723 νΑιιιΑῑ
836 2694 1028 2723 LECTIONES
1044 2694 1089 2722 ET
1107 2694 1224 2723 NOTIE.

156 2797 223 2833 (52)
239 2796 292 2833 Pro
316 2797 465 2833 τεκμήριον
487 2796 556 2824 idem
583 2797 643 2825 cod.
659 2796 720 2824 Vat.
746 2797 842 2829 scribit
870 2806 915 2824 τε-

106 2832 365 2881 κμῖηριιοζὶςοεειιῖ.

155 2867 220 2903 (53)
239 2867 381 2903 Ἠτιμώθη
400 2867 469 2894 idem
487 2872 570 2895 mutat
594 2867 619 2894 in
639 2867 808 2903 ἐτιμωρήθη.
827 2867 864 2894 In.

1009 2799 1065 2837 (547)
1083 2800 1136 2827 Pro
1151 2799 1258 2837 πολλοῖς
1274 2799 1370 2837 iterum
1396 2797 1473 2837 ponit
1495 2796 1635 2837 πολλάκις,
1650 2801 1677 2823 et
1690 2802 1762 2825 vers.

974 2832 1034 2862 inde
1049 2832 1066 2862 3
1084 2836 1153 2863 inter
1170 2835 1254 2870 αὑτήν
1272 2839 1299 2862 et
1313 2833 1403 2860 εἰκόνα
1420 2832 1513 2860 inserit
1527 2832 1586 2865 τήν.

1779 1198 1793 1210 κ
