2040 3161
169 160 238 197 1225

628 156 893 188 EPISTOLAKUM
914 155 987 185 LIB.
1010 155 1058 186 IV.
1079 167 1111 171 --
1128 155 1245 185 EPIST.
1266 156 1371 186 CXLV.

1720 146 1788 185 i225

170 226 248 254 φουσι
279 215 464 250 δικαιοσύνην.
483 224 492 240 ι
514 215 602 241 ’Ίσασι
626 214 691 249 γὰρ,
715 214 755 241 ὅτι
790 211 875 248 Ἀρχὴ
894 212 953 238 ὁδοῦ

1010 211 1070 243 lum,
1082 212 1152 246 quod
1164 212 1203 239 sic
1214 211 1250 238 ait
1264 221 1269 238 :
1288 222 1298 237 ι
1327 212 1378 240 Per
1406 219 1448 240 me
1472 221 1547 247 rcges
1564 217 1685 247 regnant,
1699 217 1725 239 et
1739 220 1789 246 pu-

169 264 275 300 ἀγαθῆς
291 263 377 290 ποιεῖν
392 263 494 289 δίκαια.

369 364 458 392 PMA'.
475 379 508 384 --
524 363 750 398 Ἀνεπίτραφος.

205 432 259 467 Τὴν
272 430 367 466 τιμίαν
383 430 507 457 κέλευσιν
522 430 568 456 τοῦ
583 429 711 461 εὐσεϐοῦς
726 429 774 455 καὶ
789 428 954 463 θεοπροὸλή-

170 487 216 505 του
231 477 310 513 ἡμῶν
327 476 445 512 μεγάλου
470 476 617 511 βασιλέως.
643 475 749 511 πρῶτον
776 475 825 510 μὲν
848 475 892 501 διὰ
906 473 953 500 τοῦ

171 523 309 558 βασιλικοῦ
321 522 528 558 ἁποκρισιαρίου
543 521 683 558 μαθόντες,
700 521 746 547 καὶ
759 521 808 556 τὴν
819 521 848 547 ἐν
861 519 955 555 Κυρίῳ

169 570 263 604 ὑγείαν
279 571 326 597 καὶ
347 569 483 605 σωτηρίαν
501 569 549 604 τῆς
568 567 696 599 εὐσεϐοῦς
715 567 791 602 ὑμῶν
806 566 953 601 βασιλείας,

170 617 217 643 καὶ
232 616 319 651 χαρᾶς
341 615 470 650 μεγίστης
492 613 672 649 πλησθέντες,
688 613 767 646 δόξαν
781 613 828 639 καὶ
842 612 954 647 εὐχαρι-

171 663 247 689 στίαν
263 662 301 695 τῷ
322 661 381 696 Θεῷ
396 661 474 697 ἡμῶν
496 661 612 691 ἐκτενῶς
626 659 821 695 ἀνεπὲμψαμεν
831 680 838 691 ,
856 659 902 686 καὶ
924 660 956 685 ὲκ

170 710 219 743 τῆς
234 708 389 743 ἀρρωστίας
402 707 480 742 ἡμῶν
498 705 709 741 ἀνερῤώσθημεν
719 727 725 738 ,
742 705 789 732 καὶ
803 705 956 741 προθυμίας

172 753 272 788 πολλῆς
292 752 505 787 ἐνεπλήσοημεν.
527 750 659 785 Ἐντυχὼν
673 751 702 777 δὲ
715 752 747 786 τῇ
769 750 847 786 τιμίᾳ
865 751 956 777 κελεύ-

174 808 231 830 σει,
246 796 339 834 εὖρον,
353 799 425 830 ὅπως
437 799 451 824 ὸ
467 798 530 833 περὶ
543 798 591 833 τῆς
609 798 720 833 εἰρήνης
735 797 812 832 λόγος
833 806 955 833 παρηκο-

173 844 302 879 λούθησεν
321 844 366 870 ἐπὶ
386 843 441 870 τῶν
457 844 553 879 πρώην
567 842 716 878 ἀρξάντων.
734 842 789 870 Καὶ
803 843 883 878 ἡμεῖς
907 843 956 878 μὲν

173 891 223 926 ἥδη
244 891 290 917 καὶ
314 890 367 926 πρὸ
394 889 493 925 μικροῦ
517 890 612 925 χρόνου
639 889 704 924 περὶ⁸
718 889 813 916 τούτου
835 889 955 924 μερικῶς

172 936 346 971 ἀκηκόαμεν·
364 936 392 962 ἐν
411 935 512 971 ἀπορίᾳ.
533 936 560 962 δὲ
580 935 732 970 γεγόναμεν
746 934 793 961 τοῦ
819 943 955 968 συγκατα-

172 981 265 1008 θέσθαι
279 981 317 1016 τῷ
330 980 462 1016 λογισμῷ,
479 981 579 1012 εἰδότες
594 980 675 1007 ὅτιτὸ
688 980 824 1015 τόλμημα,
840 980 854 1006 ὃ
870 980 957 1011 οὐδεὶς

171 1027 226 1054 τῶν
245 1027 415 1062 Χριστιανῶν
439 1027 632 1061 ἐπετήδευσεν,
650 1026 710 1053 οὐδὲ
727 1026 767 1058 είς
783 1025 846 1052 νοῦν
869 1026 956 1061 ἤγαγε

172 1074 226 1100 τῶν
245 1073 452 1109 προλαϐόντων,
470 1073 626 1108 ἐθάρσησαν
643 1074 764 1108 ποιῆσαι.
780 1073 908 1099 Φαίνεται.
928 1073 957 1100 δὲ

172 1121 255 1155 ἡμῖν,
277 1119 293 1154 ἢ
314 1121 346 1146 ὲκ
363 1119 463 1155 πολλῆς
477 1118 605 1154 ἀπειρίας
620 1118 667 1145 καὶ
681 1118 800 1153 ἀμαθίας
819 1118 874 1145 τῶν
889 1119 957 1154 Χρι-

172 1164 289 1191 στιανῶν
311 1164 471 1200 δογμάτων,
493 1164 509 1200 ἢ
526 1165 558 1191 ὲκ
572 1164 672 1198 πολλῆς
693 1164 822 1195 ἀπιστίας
844 1165 890 1190 καὶ
906 1172 957 1191 κα-

171 1206 364 1245 ταφρονήσεως
381 1210 436 1237 τῶν
451 1209 498 1236 τοῦ
510 1209 576 1237 Θεοῦ
594 1209 709 1236 ἐντολῶν
725 1209 842 1244 ἐγένετο.
859 1210 890 1236 El
904 1209 957 1245 γὰρ

173 1255 253 1282 θείων
265 1255 361 1289 λογίων
376 1256 504 1291 κατήκοοι
523 1255 657 1289 ἐγένοντο,
670 1255 700 1282 τὺ
715 1254 764 1290 τῆς
781 1255 897 1290 εὐαγοῦς
911 1257 958 1282 καὶ

173 1300 324 1335 ἀμωμήτου
347 1300 424 1336 ἡμῶν
447 1299 594 1335 θρησκείας
619 1300 767 1335 σεϐάσμιον
791 1300 956 1335 ἐφύλαττον,

173 1345 219 1371 καὶ
233 1345 295 1376 τοὺς
315 1344 437 1377 ἐθνικοὺς
457 1345 503 1371 καὶ
517 1345 631 1379 ἀλόγους
644 1344 697 1371 τῶν
712 1345 776 1380 παρ’
790 1345 856 1380 ἡμῖν
873 1345 959 1379 ἁγίων

173 1391 221 1417 καὶ
237 1390 391 1426 σεϐασμίων
411 1390 530 1425 ἅψασθαι
551 1391 581 1417 οὐ
598 1390 783 1425 συνεχώρουν·
800 1390 861 1417 οὗτε
883 1391 960 1417 αὐτοὶ

171 1438 228 1468 τοῖς
250 1436 385 1472 μιάσμασι
407 1438 454 1464 καὶ
480 1437 646 1472 βδελύγμασι
676 1437 730 1463 τῶν
754 1437 866 1464 ἐθνικῶν
891 1438 960 1464 κατά

172 1482 237 1513 τοὺς
249 1482 347 1517 ὅρκους
358 1482 448 1509 αὐτῶν
462 1483 524 1514 τοὺς
537 1484 643 1517 ἐναγεῖς
656 1483 703 1509 καὶ
715 1483 876 1514 ἀλλοκότους
888 1483 960 1510 ἐκοι-

173 1530 285 1555 νώνουν.
301 1528 333 1554 Τί
347 1527 401 1563 γὰρ
410 1528 440 1554 τὸ
457 1528 598 1564 διάφορον,
615 1529 639 1555 εἰ
653 1529 816 1564 Χριστιανὸς
829 1529 876 1556 καὶ
888 1528 959 1555 ἐθνι-

173 1575 232 1607 κὸς,
245 1575 335 1606 αὐτοῖς
351 1583 380 1601 τε
401 1575 492 1610 ὅρκοις
508 1575 627 1607 καὶτοῖς
652 1575 744 1607 αὐτοῖς
765 1575 853 1602 ἔθεσιν
874 1576 959 1611 ἐμπι-

174 1621 334 1653 στεύοντες,
357 1620 488 1655 ἀλλήλους
517 1621 642 1656 βεϐαιοῦν
672 1621 816 1652 δοκοῦσιν,
847 1621 890 1656 ἐφ’
918 1619 959 1653 οἷς

173 1665 349 1701 χαλεπαίνειν
369 1666 416 1692 καὶ
436 1665 593 1701 ὀργίζεσθαι
609 1665 656 1692 τὸν
682 1665 748 1692 Θεὸν
770 1665 959 1701 ὲπιστάμεθας

181 1710 354 1738 Ἐντέταλται
367 1710 422 1746 γὰρ
442 1712 456 1737 ὁ
471 1710 526 1738 τῶν
538 1711 606 1738 ὅλων
619 1711 684 1743 Θεὸς
701 1711 749 1738 καὶ⁸
763 1711 901 1746 Δεσπότης
918 1710 962 1737 διὰ

173 1758 195 1784 Γ
198 1758 292 1794 ραφῶν
309 1757 394 1792 ἁγίων
409 1758 491 1785 αὑτοῦ
501 1766 508 1773 ·
533 1767 541 1783 ι
560 1757 606 1794 Μὴ
622 1758 760 1785 ἐκκλίνετε
776 1758 830 1784 ἀπὸ
846 1757 897 1793 τῆς
916 1765 963 1791 γε-

173 1803 353 1840 γραμμένης,
368 1805 407 1836 εἰς
421 1804 525 1838 δεξιὰν,
540 1805 557 1840 ἢ
575 1806 614 1837 είς
628 1805 777 1840 εὐώνυμον.
797 1814 806 1830 ι

1006 261 1094 285 tentes
1121 257 1277 285 describunt
1294 257 1426 291 justitiam
1442 259 1473 286 ‘“.
1495 269 1504 286 ›
1521 259 1616 287 Sciunt
1634 259 1716 291 enim,
1741 259 1788 285 iui—

1007 303 1071 330 tium
1083 310 1142 330 esse
1156 303 1205 330 via:
1216 304 1292 330 bona:
1304 303 1376 338 justa
1388 312 1468 340 agere
1482 306 1514 332 ⁵9.

1165 357 1278 386 CXLlV.
1297 374 1332 379 ——
1358 359 1435 388 Caret
1451 361 1629 396 inscriptione.

1039 425 1108 454 Cum
1124 427 1305 454 venerandum
1331 428 1485 455 mandatum
1509 430 1544 463 pii
1560 436 1585 458 et
1605 438 1619 457 a
1636 431 1689 459 Dco
1713 433 1788 459 nobis

1007 472 1126 506 praefecti
1146 473 1235 508 magni
1258 473 1429 508 itnperatoris
1445 476 1528 502 nostri
1552 477 1666 510 prinunn
1682 478 1788 511 quidem

1006 526 1054 552 per
1063 519 1264 553 imperatorium
1276 519 1478 553 apocrisiarium
1489 522 1719 554 cognovissemus,
1727 531 1791 550 ncc-

1007 571 1060 590 non
1083 565 1228 591 sanitatem
1246 569 1273 591 et
1292 565 1406 592 salutem
1434 565 1470 599 pii
1497 567 1579 592 vestri
1607 567 1734 601 imperii:
1764 573 1792 595 et

1007 610 1123 636 maxima
1147 610 1240 644 repleti
1265 611 1372 642 lmtitia,
1398 611 1511 646 gloriam
1536 616 1616 646 atque
1642 613 1789 646 gratiarum

1007 656 1140 683 actionem
1157 657 1189 683 ad
1205 656 1288 684 Deum
1307 661 1426 684 nostrum
1436 657 1561 685 omnibus
1578 657 1687 686 intentis
1703 659 1792 686 nervis

1007 701 1158 733 effudimus,
1174 707 1199 729 et
1215 710 1247 729 ex
1265 703 1422 731 infirmitate
1439 708 1529 731 nostra
1551 705 1747 737 convaluimus,
1765 711 1793 733 et

1008 747 1090 774 multa
1108 748 1188 774 animi
1204 749 1342 776 alacritate
1364 750 1463 784 impleti
1480 758 1584 780 smnus.
1613 751 1680 778 Cum
1701 757 1791 779 autem

1008 795 1190 821 venerandum
1206 794 1330 829 legissem
1348 797 1515 829 mandatum,
1530 797 1631 831 inveni,
1643 805 1696 832 quo
1713 803 1792 832 pacto

1009 841 1077 866 ratio
1090 841 1122 867 de
1138 848 1205 875 pace
1219 841 1387 868 concilianda
1402 847 1493 870 secuta
1507 843 1542 870 sit
1558 844 1723 871 anteriorum
1741 845 1791 871 im-

971 883 994 912 B
1009 891 1162 919 peratorum
1175 887 1304 914 rationes.
1314 889 1353 914 Ac
1362 895 1409 916 nos
1419 896 1484 916 sane
1493 888 1547 923 jam
1562 889 1641 924 paulo
1652 895 1714 917 ante
1724 898 1791 917 non-

1007 931 1075 958 nihil
1090 932 1141 958 hac
1156 932 1189 958 de
1206 939 1235 959 re
1253 933 1418 966 audivimus;
1436 941 1527 961 verum
1544 935 1735 969 dubitavimus,
1755 944 1788 962 an

1007 986 1148 1006 assensum
1167 979 1228 1006 huic
1241 979 1440 1007 ratiocinationi
1459 981 1653 1014 przeberemus,
1664 989 1725 1009 cum
1740 984 1790 1009 sci-

1008 1032 1108 1058 remus,
1122 1026 1194 1059 quod
1207 1025 1340 1060 ejusmodi
1357 1025 1472 1058 facinus.
1489 1026 1570 1060 quale
1578 1032 1697 1055 veterum
1712 1028 1792 1055 Chri-

1007 1070 1157 1097 stianorutn
1178 1077 1257 1097 nemo
1280 1078 1397 1105 unquam
1415 1078 1556 1106 aggressus
1571 1071 1631 1104 fuit,
1657 1062 1746 1108 neque
1765 1074 1791 1100 iu

1008 1115 1129 1143 animum
1154 1117 1260 1143 induxit
1272 1124 1363 1148 suum,
1382 1118 1440 1143 ausi
1459 1118 1513 1144 sint
1530 1118 1678 1153 suscipere.
1711 1118 1794 1147 Nobis

1008 1168 1098 1191 autent
1113 1163 1153 1190 sic
1161 1163 1276 1195 videtur,
1289 1162 1332 1191 vel
1348 1170 1381 1190 ex
1398 1170 1493 1198 magna
1510 1164 1644 1198 imperitia
1660 1165 1792 1193 ruditate-

1008 1217 1062 1244 que
1082 1209 1325 1237 Christiauicorum
1351 1211 1540 1243 decretorum,
1569 1210 1610 1237 vel
1636 1219 1667 1238 ex
1697 1219 1793 1247 magna

1009 1255 1155 1282 difﬁdentia
1186 1260 1267 1290 atque
1292 1255 1494 1289 contemptione
1525 1256 1710 1283 mandatorum
1746 1257 1793 1284 Dei

1010 1302 1061 1329 hoc
1082 1309 1165 1329 omne
1191 1301 1337 1336 proficisci.
1372 1301 1438 1328 Nam
1467 1303 1490 1329 si
1513 1302 1603 1329 divina
1626 1303 1795 1331 audivissent

1009 1347 1132 1379 oracula,
1163 1352 1218 1374 tum
1233 1355 1297 1375 vero
1320 1353 1414 1375 sancte
1440 1348 1632 1383 inculpateque
1655 1349 1794 1384 religionis

1010 1397 1111 1420 nostra:
1134 1394 1316 1421 venerandum
1350 1399 1433 1428 atque
1459 1398 1602 1428 augustum
1637 1396 1792 1430 mysterium

1011 1438 1237 1471 custodivissent,
1258 1446 1344 1472 neque
1367 1439 1569 1473 permisissent,
1592 1440 1751 1467 utethuicis
1767 1446 1795 1468 et

1011 1484 1123 1511 rationis
1136 1483 1290 1518 expertibus
1306 1483 1461 1510 hominibus
1477 1482 1516 1510 fas
1527 1488 1599 1511 esset
1614 1490 1703 1511 nostra
1716 1493 1794 1512 sacra

1011 1534 1038 1556 et
1055 1527 1208 1556 veneranda
1223 1535 1322 1554 arcana
1342 1527 1493 1561 attingere;
1520 1535 1606 1562 neque
1619 1529 1668 1564 ipsi
1683 1530 1796 1557 nefariis

1013 1579 1093 1609 atque
1104 1573 1292 1601 abominandis
1305 1580 1470 1608 paganorum
1483 1573 1568 1601 sacris
1581 1581 1630 1608 per
1642 1573 1795 1608 juramenta

1012 1620 1131 1654 ipsorum
1153 1618 1285 1646 scelerata
1308 1624 1389 1653 atque
1407 1618 1522 1646 absurda
1540 1621 1796 1648 communicassent.

1011 1665 1081 1698 Quid
1089 1665 1160 1692 enim
1168 1664 1290 1696 interest,
1299 1663 1320 1691 si
1329 1663 1500 1692 Christianus
1506 1668 1531 1691 et
1538 1672 1657 1700 paganus
1666 1665 1760 1693 iisdem
1770 1671 1798 1694 et

1013 1708 1189 1737 sacramentis
1198 1712 1225 1735 et
1241 1708 1360 1736 moribus
1376 1709 1453 1736 fidem
1463 1708 1512 1736 sibi
1531 1709 1643 1737 invicem
1657 1709 1796 1743 facientes,

1015 1754 1092 1782 alteri
1110 1754 1210 1781 alteros
1227 1761 1337 1781 securos
1356 1754 1468 1781 reddere
1481 1760 1563 1789 atque
1579 1756 1742 1782 confirmare
1759 1756 1798 1782 vi-

1016 1803 1140 1833 deantur,
1164 1800 1261 1834 quibus
1285 1801 1369 1827 Deum
1394 1800 1475 1828 irasci
1501 1801 1626 1829 novimus
1651 1807 1731 1836 atque
1759 1803 1799 1829 in-

175 1851 303 1886 dignari?
336 1851 468 1886 Praecepit
482 1853 554 1879 enim
570 1853 757 1880 universarum
778 1860 866 1880 rerum
886 1852 955 1879 Deus
974 1857 1006 1878 ae
1018 1849 1146 1877 Dominus
1162 1856 1209 1883 per
1237 1856 1331 1876 sacras
1352 1848 1508 1884 Scripturas
1534 1857 1614 1877 suas:
1638 1859 1647 1876 ι
1664 1848 1703 1877 Ne
1716 1850 1795 1878 decli-

175 1902 240 1924 nate
255 1904 270 1924 a
285 1897 441 1932 praescripta
456 1898 531 1925 vobis
544 1898 596 1932 via,
611 1906 698 1934 neque
712 1899 744 1926 ad
760 1900 893 1931 dextram,
910 1904 997 1932 neque
1014 1897 1048 1924 ad
1064 1896 1201 1924 sinisuam
1213 1896 1263 1922 ⁵ο.»

306 1955 392 1981 ΡΜΕ’.
415 1970 449 1974 -
467 1955 630 1991 ΘΕΟΔΟΣΙῼ
648 1955 832 1992 ΕΠΙΣΚΟΠῼ.

173 2011 228 2044 Εἰς
242 2010 287 2044 τὸ,
320 2019 328 2036 ι
356 2011 404 2043 Τίς
426 2011 482 2045 ἄρα
506 2011 591 2038 ἐστίν
614 2013 631 2038 ὁ
656 2011 764 2044 πιστὸς
779 2011 887 2045 δοῦλος
915 2011 964 2038 καὶ

352 2046 505 2081 φρόνιμος,
519 2046 555 2073 ὃν
569 2047 752 2080 καταστήσει
766 2054 775 2078 ;
795 2056 803 2072 ι

213 2101 270 2137 Τὴν
284 2101 385 2134 ἄνοιαν,
405 2101 506 2136 μᾶλλον
519 2102 547 2128 δὲ
563 2101 612 2137 τὴν
627 2101 768 2133 ἀπόνοιαν,
788 2099 810 2128 ὦ
832 2103 963 2138 μακάριε,

174 2147 232 2174 τῶν
243 2147 353 2179 ἑαυτοὺς
365 2148 580 2183 ὲπιρῤιπτόντων
595 2148 728 2184 ἀμηχάνῳ
742 2148 884 2184 πράγματι
897 2149 964 2184 (58),

1128 1952 1233 1980 CXLV.
1253 1968 1288 1972 —
1307 1952 1501 1982 THEODUSIO
1519 1954 1694 1984 EPISCOPO.

1017 2010 1049 2036 In
1069 2009 1150 2040 illud,
1178 2019 1186 2035 ι
1202 2009 1265 2042 Quis
1289 2015 1326 2037 est
1352 2011 1438 2045 ﬁdelis
1459 2012 1504 2038 ille
1526 2020 1614 2048 genius
1633 2016 1656 2039 et
1676 2014 1801 2048 prudens,

1259 2053 1333 2078 quem
1349 2042 1485 2074 constituet
1498 2047 1517 2063 ⁵¹
1527 2042 1538 2068 ?
1549 2057 1558 2072 ι

1053 2102 1231 2134 Dementiam,
1244 2102 1284 2128 vel
1301 2102 1391 2136 potius
1403 2102 1565 2135 vecordiam,
1576 2110 1592 2130 ο
1607 2104 1694 2136 beate,
1707 2112 1800 2132 eorum

1017 2148 1062 2182 qui
1080 2147 1239 2181 semetipsos
1255 2147 1402 2182 conjiciunt
1429 2148 1454 2175 in
1472 2148 1605 2183 negotium
1621 2149 1737 2182 dill'icile,
1756 2156 1801 2177 aut

174 2194 191 2229 ἦ
210 2193 309 2230 ῥᾳδίως
326 2194 391 2220 αὐτὸ
404 2193 636 2230 καταδεχομένων,
649 2195 830 2230 κωμῳδήσας.
846 2196 895 2222 οὐκ
909 2193 959 2221 οἶδε

1021 2199 1095 2221 certe
1116 2194 1142 2221 id
1171 2193 1251 2221 facile
1273 2194 1421 2229 recipiunt,
1447 2195 1608 2228 insectatus,
1633 2196 1726 2224 nescio
1749 2204 1802 2231 quo

173 2241 252 2271 ὅπως
272 2241 357 2266 ἐκεῖνο
392 2240 611 2276 παραλέλοιπας,
635 2240 649 2266 ὃ
670 2241 785 2275 μάλιστα
801 2241 885 2276 αὐτὴν
911 2241 965 2267 δεμ

174 2293 267 2310 κνυσι.
286 2284 317 2310 Τί
334 2283 380 2311 οὖν
397 2286 453 2311 ἐστι
466 2284 561 2317 τοῦτο;
584 2285 620 2311 Οὐ
635 2286 733 2317 πάντες
752 2286 888 2321 ἅνθρωποι
913 2287 968 2318 τοῖς

174 2330 271 2360 αὐτοῖς
294 2330 446 2365 νοσήμασιν
469 2331 609 2357 ἑάλωσαν·
636 2332 696 2358 οὐδὲ
719 2332 818 2362 πάντες
838 2333 883 2367 In"
897 2333 964 2367 αὐτῇ

175 2375 312 2410 θεραπείᾳ
329 2376 446 2403 εἴκουσιν
459 2385 465 2391 ”
481 2377 548 2404 ἀλλὰ
559 2377 663 2403 πολλῶν
675 2377 759 2403 ὄντων
774 2378 821 2403 καὶ
838 2377 965 2403 ποικίλων

175 2422 226 2449 καὶ
244 2422 420 2449 παντοδαπῶν
434 2422 487 2449 τῶν
502 2423 610 2455 παθῶν,
629 2423 662 2450 τὰ
679 2423 838 2458 βοηθήματα
856 2422 965 2449 πλείονα

213 2503 238 2519 ⁸⁸
257 2502 336 2530 Prov.
354 2510 411 2535 vttt,
429 2501 472 2530 16.
510 2503 532 2519 δ’
547 2502 625 2529 Prov.
641 2510 698 2534 xvi,
716 2501 742 2528 5.

783 2502 805 2517 ⁶⁰
822 2501 898 2528 Deul.
915 2508 941 2534 v,
957 2501 1000 2528 5:1.

1021 2243 1099 2274 pacto
1115 2239 1177 2266 illud
1202 2240 1410 2273 prietermisisti,
1431 2240 1502 2274 quod
1521 2245 1610 2268 tatnen
1625 2241 1667 2268 vel
1685 2242 1802 2269 maxime

1021 2293 1079 2312 eam
1095 2286 1220 2312 ostendit.
1246 2284 1378 2318 Quidnam
1394 2294 1458 2322 ergo
1474 2286 1537 2314 illud
1554 2287 1612 2314 est?
1636 2286 1693 2315 Non
1709 2296 1804 2316 omnes

1022 2331 1144 2357 homines
1177 2330 1271 2358 iisdem
1298 2332 1398 2358 morbis
1426 2331 1569 2359 laborant:
1606 2332 1688 2369 494
1718 2342 1804 2368 neque

1021 2384 1115 2403 omnes
1131 2377 1218 2404 eidem
1234 2378 1368 2405 curationi
1384 2378 1493 2410 cedunt,
1510 2380 1556 2405 sed
1568 2387 1627 2406 cum
1645 2381 1699 2407 sint
1714 2380 1804 2407 multa:

1022 2432 1052 2450 ac
1067 2423 1148 2450 varia:
1170 2423 1314 2458 onmisque
1339 2424 1445 2458 generis
1468 2424 1633 2458 afl'ectioues,
1652 2426 1752 2452 auxilia
1774 2434 1806 2452 ac

1040 2502 1060 2517 “
1077 2502 1172 2528 Matth.
1190 2510 1264 2535 xxtv,
1281 2502 1326 2529 45.

740 2579 855 2607 VARIA‘I
876 2579 1066 2607 LECTIUNES
1084 2579 1128 2606 ET
1148 2579 1267 2607 ΝΟΤᾹΞ.

214 2661 273 2698 (58)
293 2661 443 2696 Ἀμηχιὶνῳ
453 2658 747 2698 πρᾴγμαςειιιιίοίιὶῧῑι
762 2657 957 2698 sacerdotium,

174 2693 238 2728 sive
256 2693 453 2732 ιίιήδὲοριὶιιιιιι,
465 2693 750 2732 έιψιξιιῑίίὶοιιίιοιθιῃ
762 2693 884 2732 intuleris
900 2693 963 2732 alibi

173 2727 287 2771 quoque
302 2727 371 2765 sape
383 2727 522 2771 describi}.
537 2729 574 2756 Eo
589 2734 676 2771 tamen
693 2728 772 2771 multi
781 2727 847 2754 nihil
861 2728 966 2771 fac-ilius

173 2763 363 2802 e‘sse'putant,
391 2765 490 2800 φαῦλόν
503 2773 527 2802 τι
628 2763 826 2802 πεπατημένον
836 2763 967 2802 *πρᾶγμα

175 2797 341 2839 ἡγούμενοι,
357 2807 385 2828 ut
397 2797 439 2827 est
454 2799 523 2834 apud
536 2799 638 2839 isidlor.
662 2799 771 2839 epistol.
795 2797 846 2838 1‘42
868 2803 904 2839 et_
919 2797 966 2839 illi]

176 2830 225 2868 liii.
244 2830 273 2866 ιί.
292 2830 397 2870 Ελιῖμιο
417 2830 507 2870 natum
536 2834 598 2870 illud
617 2830 861 2870 prrov'erbitntntsive
880 2832 966 2870 dicte-

177 2867 248 2903 t'ituu
268 2873 340 2908 vulgi
353 2867 440 2905 'quod
455 2869 538 2896 refert
561 2869 713 2902 Agathias:
739 2867 834 2894 Pedem
854 2867 966 2902 porrige,

340 2917 482 2948 Ρλτιιοι.
500 2916 556 2946 Gn.
573 2914 744 2945 LXXVIII.

1012 2663 1035 2685 et
1049 2662 1101 2685 ert:
1126 2659 1260 2685 sacerdos.
1284 2657 1343 2684 Non
1367 2658 1402 2684 ita
1430 2657 1562 2688 Basilius,
1591 2663 1642 2682 non
1670 2656 1705 2682 ita
1726 2655 1804 2684 Joan.

1015 2693 1238 2728 Cltryaostomus,
1265 2701 1317 2719 non
1346 2692 1548 2728 Nazianzenus,
1577 2698 1631 2717 non
1657 2691 1808 2724 Gregorius

1016 2726 1138 2762 Magum,
1157 2735 1210 2753 nou
1226 2728 1281 2759 alii,
1298 2728 1342 2761 qui
1355 2726 1479 2762 regimen
1494 2727 1643 2762 animarum
1661 2731 1745 2762 arti-tt]
1770 2736 1808 2751 ar-

1018 2760 1082 2788 tium
1101 2760 1320 2796 pronuntiarunt.
1340 2761 1416 2788 Unde
1427 2766 1454 2787 et
1471 2760 1590 2796 ignauus
1606 2761 1685 2796 epist.
1701 2761 1714 2786 7
1737 2762 1806 2787 seri.

1018 2797 1070 2831 psit
1084 2794 1259 2831 ε’Ὶερωσύνη
1274 2797 1331 2822 ἐστὶ
1347 2797 1377 2822 τὸ
1395 2794 1502 2822 πάντων
1518 2795 1546 2821 ἐν
1568 2794 1722 2830 ἀνθρώποις
1741 2796 1803 2830 ἀγα-

1018 2832 1072 2858 υῶν
1093 2832 1273 2867 ἁναϐεὸηκὸς.
1287 2832 1369 2858 Ιὶιττ.

1597 2907 1633 2940 39
