2040 3161
171 195 238 227 1229

610 195 875 226 ΕΡΙΞΤΟΙΛΠΗΜ
894 195 967 225 LIB.
987 196 1033 224 I\'.
1054 208 1086 212 —
1106 197 1223 227 EPIST.
1245 198 1368 228 CXLVI.

1727 194 1792 225 12ξο

167 251 242 279 οὕτω
253 251 283 277 τὺ
300 250 412 278 σπάνιον
428 252 646 288 ἐνδεικνυμένης,
657 253 694 284 ὡς
705 253 752 280 καὶ
767 252 959 287 ἐπαπορητικῇ

1018 257 1063 276 ton
1081 250 1178 285 sitnus,
1193 257 1220 279 et
1234 253 1370 288 negligere
1385 252 1473 287 aliqua
1485 272 1493 285 ,
1509 249 1616 278 tametsi
1638 257 1690 277 non
1708 251 1795 284 negli-

170 296 323 333 χρήσασθαι
338 296 426 330 λέξει·
446 307 455 323 t
486 297 533 329 Τίς
553 298 608 333 ἄρα
624 298 697 324 ἐστὶν
718 298 732 324 ὁ
756 297 851 328 πιστὸς
867 295 959 327 δοῦλος

170 343 218 370 καὶ
231 343 372 378 φρόνιμος,
390 343 420 369 ὃν
435 344 599 380 καταστήσει
614 345 627 370 ὁ
639 345 740 380 Κύριος
751 344 797 370 ἐπὶ
808 344 857 378 τῆς
871 343 958 373 οἰκίας

169 387 268 420 αιῦτοῦ,
283 387 330 414 τοῦ
347 388 444 414 διδόναι
460 389 550 420 αὐτοῖς
565 389 594 415 τὺ
607 389 795 424 σιτομέτριον;
816 398 825 413 ι

1012 303 1125 330 gamus:
1153 301 1180 323 et
1202 297 1266 325 alios
1280 299 1388 334 quidem
1414 298 1599 326 moderatione
1621 300 1648 322 et
1669 296 1796 331 aequitate

1012 342 1095 368 animi
1111 350 1224 376 sanare;
1241 344 1309 371 alios
1323 352 1387 372 vero
1403 345 1590 379 separatione:
1608 350 1635 373 et
1653 346 1719 373 alios
1734 343 1796 377 qni-

1012 388 1072 415 dem
1088 389 1220 422 vincere;
1247 389 1280 416 ab
1296 390 1357 417 aliis
1377 395 1466 418 autem
1481 393 1550 420 vinci
1576 400 1683 428 quoque
1699 393 1795 422 videri.

169 435 269 468 quibus
283 435 408 462 videlicet
428 437 478 464 hoc
491 436 607 471 expedit.
626 436 707 472 495
735 437 802 463 Curti
817 435 900 470 igitur
932 439 971 462 tot
991 439 1100 470 tamque
1138 436 1295 471 multiplicia
1317 438 1373 464 sint
1396 446 1497 472 genera
1529 445 1558 467 et
1591 441 1745 467 morborum
1771 444 1798 466 ct

169 481 345 513 auxiliorum,
362 489 450 517 neque
467 491 561 510 omnes
579 483 674 510 iisdem
689 483 795 514 cedant,
811 482 856 509 sed
880 481 961 508 etiam
982 486 1074 509 contra
1094 483 1127 510 ad
1144 483 1275 510 deteriora
1295 491 1485 518 nonnunquam
1504 490 1614 519 peccata
1633 487 1796 513 admittenda

171 527 332 554 irritentur:
362 529 438 562 quis,
462 536 564 563 quasso,
591 534 637 555 aut
653 529 742 555 omnia
757 529 840 560 srire,
865 533 910 554 aut
930 527 992 554 huic
1013 532 1088 555 tanto
1106 529 1210 556 muneri
1238 537 1285 564 par
1299 537 1359 557 esse
1372 535 1468 564 queat.
1490 531 1541 558 nisi
1561 532 1666 559 divinus
1682 533 1798 566 Spiritus

173 574 293 600 aninth
313 574 398 608 ipsius
412 574 578 601 illustrarit?
601 575 654 601 Sed
668 575 730 609 quia
753 574 894 608 imperium
909 573 960 600 sibi
979 574 1063 608 probe
1095 575 1241 602 convenire
1276 575 1446 608 existimant,
1478 575 1538 603 ideo
1562 580 1664 604 tantum
1689 583 1798 604 sumunt

173 620 292 647 audacia:
308 620 545 655 (utepiseopatum
562 620 712 655 invadant),
731 628 816 654 neque
832 620 890 654 ejus
908 619 1094 648 difﬁcultatem
1107 621 1227 649 muneris
1259 621 1329 656 apud
1363 622 1483 649 animum
1520 623 1727 657 perpendentes,
1754 631 1800 650 ne-

172 673 225 700 que
242 673 335 693 vocem
351 665 520 693 Domiuieam
539 666 690 698 audientes,
710 673 769 700 quae
786 666 852 693 adeo
869 674 959 692 rarutn
981 667 1118 701 negotium
1132 674 1191 694 esse
1206 667 1375 695 demonstrat
1407 668 1448 702 (ut
1461 668 1522 702 quis
1555 668 1623 695 bene
1641 669 1664 695 ei
1686 670 1797 703 praesit).

173 712 298 738 utetiam
315 711 496 739 dubitabunda
512 713 635 739 oratione
655 719 718 739 usus
735 711 827 745 fuerit,
844 711 954 738 dicens:
979 721 988 737 ι
1001 711 1078 744 Quis,
1103 717 1193 746 putas,
1218 717 1260 739 est
1283 713 1370 740 ﬁdelis
1402 720 1496 741 servus
1511 719 1538 740 et
1572 715 1702 748 prudens,
1720 721 1799 748 quem

171 759 320 786 constituet
339 757 469 786 Dominus
486 767 567 793 super
586 759 714 786 familiam
735 766 813 786 suam
826 779 834 791 ,
866 763 894 786 ut
909 759 954 787 det
978 759 1031 788 illis
1048 760 1225 788 demensum?
1238 770 1247 786 t

317 818 415 851 PMG’.
434 835 468 839 —
487 818 616 855 ιΣΙΔΩΡῼ
635 820 819 855 ΕΠΙΣΚΟΠῼ.

345 871 356 889 ι
373 863 429 890 Καὶ
444 864 606 899 ἀπαλλάξῃ
621 865 756 898 τούτους.
776 875 786 892 t

212 918 245 945 Τί
267 918 351 950 ἐστιν,
378 918 457 954 ἔφης,
487 928 496 945 t
512 919 567 946 Καὶ
594 920 736 955 ἀπαλλάξῃ
760 920 885 953 τούτους,
906 920 962 946 ὅσοι

175 963 250 999 φόϐῳ
270 963 386 991 θανάτου
408 965 451 991 διὰ
475 964 632 1000 σύμπαντος
651 965 706 1000 (6i)
735 966 783 993 τοῦ
802 966 851 1002 ζῇν
874 966 962 1001 ἔνοχοι

171 1007 244 1045 ἦσαν
267 1010 404 1043 δουλείας;
426 1020 434 1036 ι
459 1012 559 1038 Ἄκουε
574 1011 672 1038 τοίνυν.
693 1012 747 1047 οὐχ
765 1013 779 1039 ὁ
797 1011 922 1044 (θάνατος,
939 1010 962 1039 ὧ

175 1057 307 1091 βέλτιστε,
329 1057 396 1083 ἀλλὰ
410 1057 440 1083 τὸ
456 1057 631 1093 δικαστήριον
645 1058 676 1084 τὸ
692 1058 761 1093 μετά
775 1058 820 1085 τὸν
837 1058 961 1092 θάνατον,

174 1103 324 1139 ἀποτρέπει
338 1103 392 1130 τῶν
409 1104 625 1140 ἁμαρτημάτων.
640 1105 671 1131 Οἱ
681 1105 734 1140 γὰρ
748 1105 868 1137 ἀσεϐεῖς,
886 1113 963 1132 σπιν-

174 1149 245 1185 θῆρα.
262 1150 422 1185 νομίσαντες
446 1148 513 1176 εἶναι
538 1150 587 1186 τὴν
605 1150 707 1186 ψυχὴν,
727 1148 757 1177 οὗ
782 1151 964 1178 ἀποσϐεσθέν-

172 1204 219 1227 τος
234 1196 289 1231 (65)
301 1216 308 1227 ,
324 1196 361 1227 ὡς
379 1195 498 1229 ἔφασαν,
520 1196 607 1233 τέφρα
618 1197 786 1232 ᾀποῆήσεται
801 1197 841 1229 τὸ,
865 1197 962 1231 σῶμα,

176 1243 256 1278 μόνον
274 1242 401 1270 τεθνᾶναι
416 1242 587 1277 νομίζοντες,
609 1243 645 1278 μὴ
662 1243 801 1278 κρίνεσθαι
818 1243 846 1270 δὲ
862 1243 964 1277 (ταῦτα

174 1290 229 1325 γὰρ
250 1290 278 1316 ὲν
296 1291 329 1324 τῆ
346 1289 573 1324 ἐπιγεγραμμένη
595 1288 679 1324 Σοφίᾳ
699 1289 872 1324 Σολομῶντος
889 1290 964 1324 εἰρή-

175 1343 271 1365 κασιν,
288 1335 325 1366 ὡς
347 1333 438 1360 οἶσθα’
459 1335 482 1360 εἰ
498 1334 520 1360 δ’
537 1335 658 1368 ἀγνοεῖς,
678 1334 768 1361 λαϐὼν
785 1335 853 1369 μετὰ
870 1337 964 1370 χεῖρας

170 1381 206 1408 τὸ
230 1381 349 1416 βιὸλίον,
381 1381 479 1416 εἴση),
506 1380 582 1407 οὐδὲν
614 1380 753 1416 ἄπρακτον
784 1382 894 1408 εἴασαν·
927 1382 964 1412 ὡς

174 1426 230 1462 γὰρ
255 1426 353 1461 μηκέτι
377 1426 453 1457 ἧντες
480 1425 550 1461 μετὰ
572 1425 702 1459 θάνατον,
729 1427 818 1453 πάντα
841 1427 906 1462 δρᾷν
931 1428 965 1454 τὰ

174 1472 308 1507 αἰσχύνης
323 1472 370 1498 καὶ
385 1472 510 1498 Θανάτων
532 1473 588 1507 (66)
608 1473 656 1499 καὶ
671 1472 811 1504 κολάσεως
824 1473 886 1505 ἄξιοι
913 1473 964 1500 ἑπ-

175 1518 315 1554 εχείρουν,
336 1517 477 1552 λέγοντες’
497 1528 506 1543 ι
527 1517 600 1553 Αὕτη
618 1519 634 1553 ὴ
661 1519 740 1553 μερὶς
764 1518 860 1554 ἡμῶν,
878 1519 926 1545 καὶ
950 1519 965 1545 ό

1137 817 1253 846 CXLVI.
1274 834 1308 838 —
1333 818 1470 847 lSlDORO
1494 819 1669 848 EPISCOPO.

1210 874 1219 890 t
1237 864 1271 891 Et
1288 865 1410 892 liberaret
1425 874 1468 893 eos
1480 866 1514 908 υτ,
1533 876 1543 893 ι
1562 872 1615 894 etc.

1051 920 1205 953 Quaesivisti
1226 921 1290 956 quid
1308 922 1344 949 sit
1359 921 1422 950 illud
1436 932 1442 949 :
1468 931 1477 948 ι
1490 922 1522 949 Ει
1535 922 1665 950 liberaret
1680 930 1737 954 eos,
1750 923 1799 958 qui

1017 965 1113 992 timore
1129 966 1224 992 mortis
1239 973 1288 1000 per
1302 970 1385 993 totam
1401 966 1483 993 vitam
1499 966 1608 994 obnoxii
1624 971 1702 993 erattt
1715 967 1802 994 servi-

1017 1011 1094 1037 tuti.»
1115 1011 1244 1038 Ausculta
1258 1012 1348 1046 igitur.
1379 1011 1436 1039 Non
1453 1019 1527 1039 mors
1542 1012 1639 1046 ipsa,o
1655 1012 1735 1043 bone.
1754 1013 1800 1040 sed

1013 1055 1146 1091 judicium
1158 1076 1166 1089 ,
1180 1056 1253 1091 'quod
1274 1061 1336 1092 post
1354 1062 1467 1084 mortem
1485 1057 1607 1084 futurum
1620 1063 1678 1091 est,
1695 1059 1797 1085 avertit

1015 1109 1030 1128 a
1045 1102 1173 1136 peccatis.
1207 1102 1282 1137 lutpii
1298 1103 1370 1135 enim
1390 1111 1452 1130 cum
1469 1103 1656 1131 existimarent
1679 1104 1799 1131 animant

1016 1155 1077 1175 esse
1090 1147 1234 1175 scintillant
1246 1149 1401 1183 quamdam,
1418 1157 1470 1184 qtta
1479 1149 1626 1182 exstincta,
1639 1155 1668 1176 ut
1679 1150 1798 1182 aiebant,

1016 1201 1115 1229 corpus
1143 1194 1169 1221 itt
1186 1195 1304 1222 cinerem
1326 1194 1430 1227 abibit,
1457 1195 1524 1222 mori
1544 1203 1573 1223 se
1590 1200 1692 1223 tantum
1711 1196 1800 1230 (more

1016 1240 1169 1275 brutorum)
1188 1245 1323 1275 putantes.
1340 1249 1392 1268 non
1407 1247 1498 1269 autent
1515 1241 1588 1276 (post
1606 1242 1732 1277 mortem)
1757 1243 1802 1277 ju-

1017 1285 1120 1313 dicari:
1136 1285 1206 1321 (haec
1218 1286 1290 1313 enirn
1307 1286 1370 1313 talia
1387 1287 1412 1313 itt
1427 1287 1496 1314 libro
1511 1287 1557 1322 qui
1571 1287 1709 1320 Sapientia
1724 1287 1803 1315 Salo-

1017 1332 1105 1359 monis
1127 1331 1330 1365 inscribitur”,
1351 1333 1487 1364 dixerunt,
1512 1337 1539 1359 ut
1563 1333 1655 1360 nosti:
1678 1335 1749 1368 quod
1775 1335 1797 1361 si

1017 1378 1118 1410 nescis,
1135 1386 1211 1406 suttte
1229 1379 1256 1406 in
1275 1386 1370 1405 tnantts
1385 1386 1445 1405 eum
1467 1379 1580 1410 librum,
1594 1384 1621 1406 et
1636 1379 1714 1414 scies)
1737 1380 1802 1406 nilttl

1017 1425 1178 1452 intentatum
1192 1425 1233 1452 vel
1265 1425 1389 1453 inausum
1407 1425 1608 1460 relinquebant.
1643 1426 1700 1453 Non
1724 1427 1804 1453 aliter

1016 1471 1088 1498 enim
1102 1478 1134 1499 ac
1147 1471 1170 1498 si
1185 1475 1245 1506 post
1257 1477 1371 1499 mortem
1386 1479 1437 1498 nou
1448 1472 1562 1506 amplius
1576 1469 1692 1499 futuri“
1701 1477 1800 1504 essent,

1016 1517 1108 1545 omnia
1133 1517 1233 1551 probro
1258 1525 1290 1544 ac
1319 1517 1421 1551 pudore
1446 1521 1473 1545 et
1501 1518 1593 1545 multis
1618 1518 1750 1545 mortibus
1776 1523 1803 1545 et

174 1564 277 1599 κλῆρος
303 1562 389 1595 οὗτος.
421 1573 431 1590 ι
450 1563 522 1590 Ἷῐκε
542 1563 630 1590 τοίνυν
651 1564 665 1590 ὁ
691 1564 804 1599 Σωτὴρ,
829 1564 897 1599 μετὰ
910 1564 964 1591 τῶν

1018 1563 1149 1598 supplicio
1180 1563 1260 1598 digna
1289 1570 1369 1598 agere
1398 1564 1517 1599 aggressi
1551 1570 1626 1596 sunt,
1657 1564 1801 1592 dicentes:

175 1610 275 1642 ἄλλων,
291 1606 328 1635 ὧν
346 1609 522 1645 κατώρθωσε,
538 1610 586 1636 καὶ
607 1609 709 1644 ταύτης
726 1609 888 1641 ἀπαλλάξων
903 1611 966 1641 τοὺς

175 1655 337 1691 ἀνθρώπους
359 1656 408 1691 τῆς
428 1656 564 1687 ὑπονοίας.
581 1655 637 1690 Τὴν
650 1655 704 1690 γὰρ
724 1655 772 1690 τῆς
792 1655 880 1690 ψυχῆς
899 1655 966 1682 ἀθα-

174 1702 273 1728 νασίαν
295 1701 472 1736 ὁρισάμενος,
490 1702 519 1726 ὲν
538 1700 576 1736 τῷ
598 1701 699 1736 φάναι“
724 1710 732 1725 ι
756 1701 811 1734 Τὴν
833 1700 862 1726 δὲ
878 1700 967 1735 ψυχὴν

174 1747 218 1782 μὴ
239 1747 394 1782 δυναμένων
417 1747 593 1773 ἀποκτεῖναι·
616 1747 664 1773 καὶ
687 1746 735 1781 τὴν
756 1746 810 1772 τῶν
833 1746 967 1780 σωμάτων

175 1793 327 1820 ἀνάστασιν
342 1792 587 1828 εὐαγγελισάμενος
601 1792 645 1818 διὰ
665 1791 712 1818 τοῦ
727 1793 823 1818 εἰπεῖν·
843 1802 851 1817 t
872 1792 916 1818 Ἐν
933 1793 967 1828 τῇ

176 1840 325 1866 ἀναστάσει
344 1839 396 1865 τῶν
413 1839 518 1874 νεκρῶν
534 1838 595 1865 οὔτε
610 1839 745 1874 γαμοῦσιν
760 1838 821 1865 οὔτε
834 1839 966 1873 γαμίζον-

175 1895 240 1917 ται,
265 1886 321 1912 ἀλλ’
338 1886 443 1912 ἔσονται
459 1885 496 1917 ὡς
512 1886 567 1919 (67)
589 1885 710 1920 ἄγγελον
731 1894 739 1910 ι
761 1885 811 1920 τήν
825 1894 854 1911 τε
878 1886 968 1920 κρίσιν

178 1932 304 1967 μηνύσας
322 1932 365 1958 διὰ
384 1931 488 1958 πολλῶν
506 1932 554 1966 μὲν
570 1931 657 1958 ἄλλων
670 1951 677 1962 ,
695 1932 742 1958 καὶ
762 1932 791 1957 ἐν
809 1931 848 1967 τῷ
865 1932 968 1967 appium

174 1978 206 2004 δέ
219 1987 224 1993 ·
244 1987 252 2003 ι
276 1978 414 2013 Φοὸηὒῆτε
429 1977 473 2004 τὸν
489 1977 637 2012 δυνάμενον
657 1979 704 2004 καὶ
719 1977 807 2012 ψυχὴν
828 1977 874 2004 καὶ
890 1977 968 2013 σῶμα

175 2024 310 2050 ἀπολέσαι
327 2025 354 2049 ὲν
380 2023 475 2058 γεέννῃ
488 2032 495 2039 ·
519 2033 527 2049 I
551 2023 641 2057 πάσης
656 2023 763 2056 ἐκείνης
784 2023 968 2058 ἠλευθέρωσεν

175 2069 305 2100 ἅπαντας
320 2069 370 2103 τῆς
385 2068 526 2099 ὐπονοίους
542 2068 612 2103 (68)·
631 2068 732 2103 μᾶλλον
746 2068 768 2094 δ’
787 2068 968 2103 ἀληθέστερον

177 2116 283 2144 εἰπεῖν,
307 2114 355 2149 τῆς
373 2114 504 2144 δουλείας.
529 2114 565 2140 Τὸ
581 2114 634 2150 γὰρ
655 2113 725 2140 θεῖον
748 2114 922 2149 δικαστήριον
940 2114 968 2139 ἐν

177 2161 218 2195 νῷ
232 2160 414 2195 λαμϐάνοντες
425 2181 432 2192 ,
449 2161 496 2187 καὶ
519 2161 556 2192 ὡς
580 2160 648 2195 πρὸς
663 2160 763 2187 σκοπὸν
781 2160 812 2186 τὸ
826 2159 902 2195 ὄμμα
915 2160 970 2186 τεί-

176 2215 282 2237 νοντες,
301 2206 346 2233 καὶ
363 2206 439 2233 οὐδὲν
453 2206 554 2240 φαῦλον
567 2206 669 2242 πρᾶξαι
686 2207 862 2242 τολμήσειαν.
883 2203 967 2240 Οἶμαι

1020 1610 1097 1637 «Haec
1106 1615 1147 1637 est
1160 1618 1223 1644 pars
1237 1615 1328 1637 nostra
1340 1615 1366 1637 et
1382 1611 1523 1638 luereditas
1533 1616 1623 1638 nostra
1636 1616 1678 1638 est
1689 1611 1741 1638 ista
1750 1611 1782 1638 ⁸³.
1791 1621 1799 1637 ι

1017 1655 1106 1689 Quare
1132 1656 1205 1682 venit
1230 1655 1368 1688 Salvator,
1403 1660 1501 1690 prmter
1525 1656 1577 1682 alia
1609 1656 1716 1692 (multa)
1744 1664 1804 1691 qua:

1017 1700 1147 1733 prteclare
1165 1700 1250 1734 gessit
1272 1708 1304 1726 ac
1318 1693 1454 1733 restituit,
1481 1701 1531 1727 hac
1551 1701 1631 1728 etiam
1649 1702 1803 1736 suspicione

1018 1745 1323 1774 ltominesliberaturus.
1343 1745 1409 1772 Nam
1425 1754 1486 1773 cum
1499 1747 1594 1773 animae
1612 1747 1802 1774 inunortalita-

1019 1795 1072 1819 tem
1088 1791 1254 1819 delinivisset
1270 1799 1317 1826 per
1331 1792 1356 1818 id
1371 1792 1533 1826 qunddixit:
1556 1793 1696 1819 «Animam
1711 1799 1801 1820 autem

1018 1837 1141 1865 occidere
1163 1844 1215 1863 non
1235 1837 1399 1872 possunt";
1414 1846 1421 1862 ι
1439 1845 1498 1864 cum
1517 1838 1579 1864 item
1597 1845 1740 1872 corporqu
1759 1847 1802 1865 re—

1018 1883 1215 1911 surrectionem
1237 1884 1429 1911 aununtiasset
1446 1891 1493 1918 per
1519 1883 1545 1910 id
1562 1884 1632 1917 quod
1647 1884 1734 1911 dixit:
1753 1893 1762 1908 (
1775 1884 1803 1910 ln

1020 1928 1219 1955 resurrectione
1232 1932 1399 1954 mortuorutn
1416 1935 1502 1962 neque
1515 1928 1617 1954 ducuttt
1634 1935 1744 1959 uxores,
1758 1937 1806 1954 ne-

1019 1982 1072 2009 que
1089 1978 1200 2008 nuptum
1216 1973 1324 2005 dantur,
1342 1974 1388 2000 sed
1404 1979 1483 2001 erunt
1500 1978 1627 2008 tanquam
1644 1974 1730 2008 angeli
1743 1975 1766 1991 ¹⁶
1777 1983 1801 2007 ς»

1020 2027 1136 2055 cumque
1159 2019 1291 2054 judicium
1315 2026 1471 2054 supremum
1498 2021 1678 2055 signiﬁcasset
1705 2021 1802 2053 partim

1019 2066 1081 2093 aliis
1102 2065 1193 2092 ntultis
1209 2065 1309 2097 verbis,
1331 2066 1427 2100 partim
1443 2074 1474 2092 eo
1492 2066 1554 2092 dum
1571 2066 1657 2093 dixit:
1684 2066 1804 2093 tTimete

1019 2120 1080 2140 eum
1101 2112 1146 2146 qui
1172 2115 1261 2146 potest
1285 2117 1312 2138 et
1333 2112 1449 2139 animant
1475 2117 1501 2139 et
1520 2120 1617 2147 corpus
1640 2113 1753 2147 perdere
1778 2113 1803 2139 in

1019 2158 1201 2193 geltennaiit;
1220 2165 1314 2185 omnes
1328 2158 1400 2184 oumi
1418 2158 1462 2185 illa
1481 2159 1643 2192 SUSpiCiOllC,
1657 2159 1698 2185 vel
1716 2159 1806 2194 potius

1020 2205 1058 2234 (ut
1075 2203 1165 2231 verius
1179 2203 1280 2238 dicam)
1297 2204 1438 2235 servitute,
1465 2204 1572 2238 penitus
1595 2204 1729 2232 liberavit.
1759 2205 1804 2232 Di-

177 2252 231 2286 μέν
257 2249 303 2278 οὖν
329 2251 524 2287 σεσαφηνίσθαι
547 2251 576 2278 τὸ
595 2252 686 2288 ῥητόν.
706 2253 737 2278 Εἰ
762 2252 789 2278 δὲ
813 2253 860 2279 καὶ
882 2260 965 2287 μετα-

1022 2251 1111 2277 riuum
1127 2257 1244 2285 namque
1257 2249 1387 2284 judicium
1398 2253 1467 2284 apud
1482 2252 1601 2277 animum
1617 2251 1761 2286 agitantes,
1778 2257 1806 2279 et

176 2297 332 2332 φρασθῆναι
352 2297 417 2324 αὐτὸ
434 2297 537 2332 βούλει,
565 2298 700 2332 φήσαιμι·
722 2297 829 2332 Ἐπειδὴ
844 2297 882 2328 ὡς
901 2297 965 2332 μέλ-

175 2343 271 2374 λοντες
286 2343 478 2378 ἀποθνήσκειν,
494 2342 654 2369 ὲδούλευσαν
666 2343 781 2377 ἀφειδῶς
800 2344 860 2374 ταῖς
874 2343 966 2377 ἁμαρ-

175 2389 250 2419 τίαις
278 2388 308 2423 (ὁ
328 2389 382 2424 γὰρ
402 2389 449 2415 τοῦ
465 2389 580 2416 θανάτου
605 2389 696 2423 φόϐος,
725 2389 853 2424 βλοσυρὸν
875 2389 966 2420 αὐτοῖς

175 2434 291 2469 ἐνορῶν,
309 2435 356 2461 καὶ
367 2435 416 2470 τὴν
427 2435 473 2461 τοῦ
491 2434 588 2471 μηκέτι
604 2433 674 2461 εἶναι
690 2434 792 2461 ἔννοιαν
805 2435 914 2466 τίκτων,
927 2435 966 2466 εἰς

175 2482 270 2507 πᾶσαν
290 2480 389 2511 αὐτοὺς
405 2481 527 2507 δουλείαν
544 2480 682 2517 ἁμαρτίας
701 2480 902 2516 παρέπεμπε),
925 2480 969 2507 διὰ

172 2561 200 2577 υ
221 2559 304 2586 Hebr.
319 2568 348 2592 ιι,
367 2560 408 2587 l5.
447 2560 469 2576 ⁸³
488 2560 553 2592 Sap.
576 2560 632 2592 ",1
653 2568 730 2592 seqq.
769 2560 793 2575 δ’
810 2560 874 2586 ibid.
888 2559 914 2586 9.

447 2560 469 2576 ⁸³
488 2560 553 2594 Sap.
576 2568 605 2592 ll,
622 2560 632 2586 l
653 2568 730 2593 seqq.

957 2559 980 2574 ”
995 2560 1089 2586 Matth.
1107 2569 1131 2590 Χ.
1146 2560 1190 2586 9.8.

1020 2303 1052 2322 ιιο
1068 2301 1194 2330 tanquam
1219 2296 1251 2322 ad
1279 2303 1390 2330 scopum
1407 2297 1553 2331 dirigentes
1570 2297 1677 2324 oculuut
1697 2299 1804 2330 mentis,

1022 2342 1088 2368 nihil
1106 2350 1224 2376 unquam
1242 2342 1303 2369 tttali
1321 2342 1408 2369 facere
1423 2343 1569 2369 audebunt.
1589 2344 1678 2379 Atque
1693 2343 1735 2371 his
1745 2345 1805 2378 qui-

1022 2388 1081 2416 dent
1107 2389 1237 2416 hactenus
1263 2393 1327 2422 puto
1343 2396 1357 2414 a
1379 2396 1420 2416 me
1435 2389 1535 2416 dictum
1564 2389 1629 2416 illttd
1651 2390 1802 2424 expositum

1022 2442 1083 2462 esse
1108 2435 1185 2462 satis.
1219 2435 1294 2468 Quod
1319 2436 1341 2463 si
1359 2436 1441 2462 etiam
1463 2443 1477 2461 a
1503 2443 1546 2463 me
1573 2435 1704 2469 postulas,
1728 2440 1755 2461 ut
1777 2435 1802 2460 id

1024 2481 1188 2515 metaphrasi
1210 2481 1327 2516 quatiam
1353 2481 1484 2508 illustrem
1509 2480 1580 2516 (aliis
1597 2481 1686 2508 verbis
1711 2480 1804 2506 eadem

1229 2560 1252 2575 ⁵⁸
1266 2561 1363 2587 Matth.
1384 2568 1449 2592 uti,
1467 2559 1511 2586 50.
1558 2560 1580 2576 ⁵⁷
1601 2559 1694 2588 Matth.
1711 2568 1737 2590 Χ.
1760 2560 1803 2585 93.

739 2627 857 2654 νιιιικε
874 2627 1065 2655 LifCTlONi-LS
1081 2627 1123 2653 ΕΤ
1142 2628 1256 2655 λΟΤΑΞ.

212 2693 272 2728 (63)
290 2693 340 2720 Pro
358 2694 514 2729 σύμπαντος
538 2694 597 2721 cod.
619 2694 707 2721 Vatic.
733 2694 786 2721 650
809 2695 903 2721 scribit
923 2695 967 2721 διὰ

173 2730 290 2760 παντός.
309 2729 411 2756 Possm.

173 2787 177 2790 .
213 2764 273 2798 (65)
301 2764 529 2795 Ἀποσὸεσθέντος
555 2769 640 2792 mutat
670 2765 739 2791 idem
766 2764 825 2792 cod.
851 2765 877 2791 in
900 2764 966 2791 ἁπο-

173 2798 386 2830 σκευασοέντος,
403 2800 491 2826 ntiuns
506 2802 655 2831 commode,
678 2805 706 2826 ut
725 2801 837 2826 videtur.
856 2800 891 2826 lo.

213 2834 271 2895 (5‘6)
290 2834 373 2861 Verba
384 2835 426 2861 illa
444 2835 490 2860 καὶ
502 2835 624 2861 Θανάτων
640 2836 708 2862 idem
725 2835 783 2862 cod.
800 2841 872 2862 recte
886 2835 965 2861 out‘tt-

213 2890 217 2895 .
251 2877 277 2895 ι).

174 2875 217 2896 ιιι.
239 2875 277 2896 ΙΙ).

214 2905 273 2939 (οἳ)
291 2905 362 2932 inter
381 2905 418 2936 ὡς
442 2909 468 2932 ct
489 2904 600 2938 ἄγγελοι
620 2906 689 2932 idem
725 2905 784 2932 cod.
809 2905 904 2932 inserit
927 2906 961 2931 οἱ.

1022 2696 1081 2723 Mox
1098 2701 1157 2731 post
1172 2697 1265 2731 κρίσιν
1282 2699 1391 2724 verbum
1410 2697 1532 2732 μηνύσας
1556 2701 1633 2732 auget
1661 2698 1805 2731 prmposito

1021 2740 1084 2792 ἐτρο.
1113 2732 1188 2792 Vll'ers.
1222 2734 1283 2759 inde
1308 2733 1335 2765 2,
1361 2732 1497 2768 φοϐηθῆτε
1524 2733 1649 2759 emendat
1671 2733 1696 2758 iu
1725 2733 1806 2768 φοϐή-

1030 2775 1096 2793 ·ητε.
1129 2774 1154 2793 ιι.

1056 2775 1096 2793 τε.
1118 2775 1154 2794 ID.

1056 2775 1096 2793 τε.
1118 2775 1154 2794 tu.

1037 2775 1110 2837 η(63)
1135 2802 1290 2833 ’Υπονοῑοος
1309 2807 1394 2828 mutat
1410 2802 1435 2828 in
1450 2801 1577 2836 ὑποψίας,
1594 2805 1620 2828 et
1640 2809 1712 2837 vers.
1746 2807 1804 2834 post.

1019 2835 1111 2863 sanie
1126 2837 1202 2863 οὐδὲν
1228 2839 1295 2864 tollit
1316 2838 1372 2864 καί.
1399 2836 1476 2864 Veiis.
1503 2837 1564 2864 inde
1588 2837 1615 2870 5,
1643 2835 1804 2864 ἐδούλευσεν

1021 2877 1105 2898 :uutat
1124 2873 1148 2899 in
1164 2869 1310 2899 ὲδούλεύον.
1324 2872 1359 2899 lo.
