2040 3161
289 172 355 206 19.31
894 174 922 204 S.

952 174 1094 204 ISlDORI
1117 173 1334 204 PELUSIOTJS

1849 174 1911 207 1232

284 236 412 265 expressa
436 229 582 263 sententia)
611 228 649 255 sic
674 229 807 256 dixi-uim:
842 231 973 263 Quoniam
1001 231 1058 258 vehi

1124 230 1202 256 toi-.9
1218 227 1283 264 ἧκεν
1300 228 1354 264 (69)
1370 229 1383 254 ὁ
1399 228 1523 264 Χριστὸς,
1538 229 1584 256 καὶ
1602 229 1701 265 ταύτης
1715 230 1812 262 αὐτοὺς
1829 231 1910 258 ἀπίλ-

285 275 408 302 morituri
450 275 509 302 sine
529 274 631 309 pudore
647 273 748 302 aﬂ‘atim
772 276 925 303 servierunt
953 276 1072 309 peccatis

283 322 482 359 ﬁ96(morlis
497 329 613 357 namque
628 326 725 354 metus,
736 321 888 349 truculento
904 330 952 350 suo
962 326 1070 356 aspectui

283 377 332 397 eos
349 367 486 400 territans,
502 371 528 394 et
546 367 735 402 cogitationem
753 367 812 402 ejus
835 372 931 399 status,
948 376 1001 403 quo
1018 376 1070 396 non

283 413 400 448 amplius
426 417 526 445 erunt,
555 413 581 439 in
608 413 727 446 ipsorum
753 412 852 440 animis
882 414 1013 448 gignens,
1043 414 1070 441 in

282 466 390 487 omnem
416 458 518 494 peccati
541 458 696 485 servilutem
713 458 786 492 ipsos
802 458 947 494 detrusit),
970 459 1070 487 idcirco

282 505 356 532 venit
370 504 504 535 Christus,
520 508 546 530 et
566 503 616 530 hac
637 511 684 531 eos
701 504 833 532 servitute
847 504 975 532 liberavit
991 510 1070 540 atque

281 549 391 577 exemit.
427 549 503 582 Quod
529 549 551 576 si
575 557 608 576 ne
631 549 671 576 sic
693 549 804 584 quidem
823 549 891 577 satis
910 549 1070 585 intelligitur

282 595 405 631 (dictum)
421 595 526 622 dicetur
543 595 653 622 clarius.
681 596 702 622 A
718 595 811 622 multis
827 596 898 622 enim
913 603 964 623 non
981 600 1069 630 potest

280 642 340 676 capi
367 649 462 669 sensus
475 641 649 677 apostolicus.
681 640 717 669 Ut
743 642 882 674 liberaret,
909 642 1006 676 inquit,
1022 649 1068 669 eos

279 693 350 715 metu
368 687 473 719 mortis,
500 695 562 723 qua:
586 688 612 714 in
629 688 743 715 nihilum
771 689 843 722 ipsos
873 687 1023 723 redigeret,
1041 692 1068 714 et

279 734 425 761 adduceret
449 733 476 760 in
492 733 682 768 cogitationem
711 734 858 768 incorrupti
886 733 968 765 illius,
995 733 1067 768 quod

279 783 339 813 post
352 779 454 807 exitum
473 786 506 806 ex
523 779 574 806 hac
589 779 642 806 vita
665 778 784 806 futurum
800 783 841 805 est
854 799 860 811 ,
886 778 995 812 judicii.
1033 778 1064 805 Ili

276 825 350 852 enim
375 824 468 852 libenti
486 825 577 851 animo
596 824 622 851 in
639 824 680 851 via
697 825 730 851 ad
746 824 871 852 virtutem
889 825 1003 852 ducente
1018 824 1066 852 dc-

276 875 439 902 currerunt,
456 870 528 904 quod
555 877 603 905 spe
629 878 790 897 coronarum
806 870 882 905 quasi
903 870 1063 904 quihusdam

1125 275 1212 306 λέιξων
1226 275 1276 310 τῆς
1292 275 1421 306 δουλείας.
1441 275 1471 301 Et
1485 275 1513 301 δὲ
1531 275 1592 311 μηδ’
1608 275 1694 307 οὕτως
1713 276 1848 311 νενόηται,
1864 286 1908 308 σας

1126 321 1255 356 φέςτερον
1270 321 1409 356 εἰρήσεται
1423 328 1429 335 ·
1446 320 1552 353 πολλοῖς
1567 321 1621 356 γὰρ
1636 320 1773 357 ἁλώσιμον
1789 321 1839 349 οὐκ
1855 322 1910 349 ἔστι

1123 367 1153 392 τὸ
1164 366 1252 400 νόημα
1265 366 1294 392 τὸ
1307 366 1494 394 ἀποστολικὸν.
1518 367 1694 401 Ἀπαλλάξει,
1709 367 1787 402 φησὶ,
1803 368 1911 400 τούτους

1122 411 1169 437 τοῦ
1184 411 1265 445 φόϐου
1283 412 1329 438 τοῦ
1347 411 1476 444 θανάτου,
1490 411 1536 439 τοῦ
1552 413 1722 448 ἀνυπαρξίαν
1738 414 1829 446 αὺτοῖς
1845 415 1910 441 ἀπο-

1122 457 1279 490 τελοῦντος,
1299 458 1346 485 καὶ
1375 457 1475 492 ἀγάγοι
1503 459 1542 490 εις
1562 458 1667 486 ἔννοιαν
1689 458 1737 485 τοῦ
1767 460 1835 494 μετὰ
1858 460 1907 494 τὴν

1121 504 1248 531 ἐντεῦθεν
1283 505 1412 540 τελευτὴν
1463 505 1610 533 ἀδεκάστου
1645 506 1830 542 δικαστηρίου.
1861 504 1912 534 Οἵ).

1120 559 1160 576 τοι
1176 550 1230 585 (70)
1251 550 1305 586 γὰρ
1327 551 1439 585 ἄσμενοι
1457 551 1507 586 τὴν
1528 551 1575 578 ἐπὶ
1591 551 1639 587 τὴν
1656 552 1757 587 ἀρετὴν
1778 552 1912 587 φέρουσαν

1120 595 1178 622 ὁδὸν
1194 596 1314 632 ἔτρεχον,
1329 598 1363 631 τῇ
1386 596 1474 623 ἑλπίδι
1489 596 1543 623 τῶν
1562 597 1702 631 στεφάνων
1718 597 1910 632 πτερούμενοι,

1120 642 1167 669 καὶ
1181 643 1229 677 τὴν
1247 642 1383 678 ἁμαρτίαν
1402 642 1527 677 ἔφευγον,
1546 642 1586 677 τῷ
1601 642 1676 678 φόϐῳ
1697 642 1751 669 τῶν
1774 644 1910 678 ἐσομένων

1119 687 1268 723 τιμωριῶν.
1292 688 1321 714 Ei
1353 687 1380 714 δὲ
1401 689 1448 715 καὶ
1475 688 1515 721 εἰς
1533 688 1596 715 ἄλλο
1621 688 1768 724 ἐνθύμημα
1786 689 1910 724 βλέπειὸ

1118 731 1179 764 νοῦς
1194 733 1208 758 ὁ
1223 732 1412 764 ἀποστολικὺς,
1430 732 1480 768 τῆς
1495 732 1631 765 συνέσεως
1645 733 1695 768 τῆς
1711 734 1761 769 σῆς
1779 735 1838 760 ἐστι
1853 736 1909 768 κρῖ-

1117 786 1171 804 ναι.
1200 778 1279 809 Εἰκὸς
1297 778 1351 813 γὰρ
1377 778 1423 804 καί
1448 787 1474 804 τι
1499 778 1621 805 τοιοῦτον
1648 779 1729 806 αὐτὸν
1753 780 1908 815 ἐμφαίνειν·

1123 823 1232 859 Ἐπειδὴ
1247 824 1339 850 πολλοὶ
1351 825 1397 851 τὸν
1412 824 1526 852 θάνατον
1538 825 1663 857 δεδιότες,
1679 826 1717 858 ὡς
1729 827 1769 857 εἰς
1784 827 1907 861 dvo-1:on-

1117 869 1176 901 ξίαν
1196 870 1434 905 παραπέμποντα,
1463 870 1548 897 πολλὰ
1573 871 1621 898 καὶ
1638 871 1714 907 παρὰ
1730 871 1847 907 γνώμην
1868 873 1909 898 καὶ

276 915 326 942 alis
341 914 417 942 fuere
435 915 567 948 subvecti,
583 919 611 942 et
625 919 766 950 peccatum
783 915 920 951 fugerunt,
937 921 1009 943 metu
1026 915 1061 942 fu-

1114 915 1213 950 δρᾶσαι
1231 915 1278 942 καὶ
1293 915 1390 942 παθεῖν
1403 915 1504 950 αἰσχρὰ
1522 916 1670 951 ὑπέμενον,
1687 916 1730 943 ἵνα
1745 916 1801 952 (Ἠ)
1815 917 1856 952 μὴ
1873 926 1907 942 τι·

277 965 401 987 turorum
419 959 622 995 suppliciorum.
645 960 720 994 Quod
732 961 755 988 si
771 961 852 988 etiam
870 961 952 989 aliam
967 969 1061 996 quam-

1116 961 1270 996 μωρηῦεἰεν
1296 961 1372 997 παρὰ
1393 961 1446 988 τῶν
1468 961 1661 998 δυνατωτέρων
1686 962 1821 998 (ἐρῶντες
1844 962 1906 998 γὰρ.

277 1007 337 1032 dam
361 1005 553 1041 cogitationem
582 1005 691 1040 respicit
716 1013 793 1033 mens
815 1006 983 1040 apostolica,
1012 1011 1061 1034 tua!

1114 1007 1161 1033 καὶ
1182 1008 1218 1043 μὴ
1233 1008 1415 1042 τυγχάνοντες
1429 1008 1476 1035 τοῦ
1494 1008 1607 1041 σκοποῦ,
1624 1009 1716 1040 δόλους
1733 1009 1780 1035 καὶ
1795 1009 1906 1035 ἐπιϐου-

275 1051 426 1086 prudentia:
441 1052 494 1079 erit
513 1051 645 1086 judicare.
666 1051 709 1079 Fit
726 1051 798 1079 enim
816 1052 974 1086 verisimile,
990 1053 1061 1087 quod

1113 1053 1161 1084 λὰς
1176 1052 1289 1080 θάνατον
1302 1054 1445 1086 τίκτοντας
1459 1054 1671 1087 κατεσκεύαζον,
1687 1054 1726 1086 ὡς
1747 1054 1862 1089 δηλοῦσι
1876 1055 1905 1081 τὰ

276 1097 329 1124 tale
345 1097 426 1124 etiam
441 1097 570 1132 quiddam
584 1097 716 1132 signiticet
732 1107 739 1124 :
760 1097 828 1131 Quia
843 1097 920 1125 multi
935 1103 1061 1128 mortem,

1113 1099 1183 1126 κατὰ
1197 1100 1242 1126 τὸν
1262 1100 1371 1135 Ἰωσὴφ,
1385 1100 1402 1135 ἥ
1417 1109 1447 1127 τε
1459 1100 1530 1127 κατὰ
1544 1101 1592 1136 τὴν
1605 1101 1749 1128 Σωσάνναν
1764 1101 1887 1136 inopia)
1899 1109 1904 1115 ·

275 1148 373 1178 utqua:
387 1143 413 1170 in
429 1143 542 1170 nihilum
558 1150 672 1178 prorsus
680 1151 727 1171 eos
738 1143 881 1178 redigeret,
899 1148 1061 1175 metuentes,

1113 1143 1163 1181 ἧκε
1182 1145 1334 1172 παιδεύσων
1348 1147 1411 1178 τοὺς
1426 1146 1596 1182 ἀνθρώπους,
1610 1148 1651 1174 ὃτι
1665 1147 1679 1173 ὀ
1695 1147 1812 1178 θάνατος
1835 1148 1905 1182 αἱρε-

274 1188 357 1216 multa
364 1188 447 1217 etiam
456 1193 549 1217 contra
559 1189 640 1216 animi
651 1189 813 1217 sententiam
822 1194 875 1217 tam
886 1189 974 1217 facere
981 1198 1061 1225 quam

1113 1191 1229 1226 τώτερός
1243 1193 1302 1218 ἐστι
1319 1193 1368 1227 τῆς
1382 1192 1491 1224 κακίας,
1508 1193 1554 1220 καὶ
1568 1192 1620 1228 χρὴ
1636 1193 1737 1228 μᾶλλον
1749 1193 1848 1220 τοῦτον
1860 1202 1904 1219 κα-

271 1234 328 1269 pati
347 1234 434 1269 turpia
448 1234 645 1267 sustinuerunt,
659 1243 691 1262 ne
701 1235 850 1263 videliceta
864 1236 1061 1270 potentioribus

1113 1237 1280 1272 ταδὲχεσθαι,
1299 1238 1315 1273 ἦ
1337 1246 1362 1264 τι
1377 1238 1433 1264 τῶν
1455 1239 1603 1273 αἰσχίστων
1624 1239 1724 1273 δρᾶσαί
1743 1247 1774 1265 τε
1790 1240 1838 1265 καὶ
1856 1248 1903 1266 πτι-

269 1281 436 1315 pnnirentur
447 1281 582 1315 (amantes
597 1281 718 1313 enim,et
733 1288 844 1316 scopum
861 1289 914 1309 non
931 1282 1061 1314 assecuti,

1113 1283 1177 1310 θεῖν.
1197 1284 1226 1310 '0
1247 1283 1297 1318 μὲν
1310 1285 1364 1320 γὰρ
1377 1284 1431 1311 ὑπδ
1445 1285 1495 1318 τῆς
1510 1283 1686 1316 ἀναστάσεως
1702 1283 1900 1319 σϐεσθήσεται·

273 1327 348 1354 dolos
364 1331 446 1362 atque
462 1327 575 1354 insidias
593 1330 707 1354 mortem
727 1327 864 1362 parientes
882 1332 1038 1355 struxerunt
1054 1337 1060 1354 :

1113 1328 1144 1354 τὰ
1159 1328 1187 1355 δὲ
1200 1329 1240 1360 εἰς
1255 1329 1380 1360 κολάσεις
1396 1328 1604 1364 καταλήξουσιν.

268 1378 303 1400 ηυι
318 1374 465 1401 ostendunt
479 1377 554 1408 gesta
572 1372 700 1408 Iosephi,
720 1378 747 1400 et
771 1374 884 1401 historia
904 1373 1061 1408 Susannaz),
1088 1374 1326 1410 venit(Christus),
1361 1376 1534 1402 instiluturus
1567 1375 1690 1402 homines
1715 1380 1831 1403 mortem
1847 1383 1903 1403 esse

273 1420 359 1454 magis
376 1419 543 1454 eligendam,
566 1427 646 1454 quam
667 1424 696 1446 ut
710 1420 805 1447 vitium
827 1419 935 1454 aliquod
963 1420 989 1447 in
1008 1428 1056 1448 nos
1077 1421 1261 1454 admittamus,
1278 1427 1305 1448 et
1320 1421 1391 1448 illam
1427 1421 1517 1456 potius
1532 1421 1625 1448 libenti
1660 1421 1752 1448 animo
1768 1427 1898 1456 oppeten-

273 1465 346 1495 dam.

273 1510 442 1538 surrectione
466 1509 676 1544 exstinguetur;

470 1565 594 1593 CXLVII.
611 1580 647 1585 -—-
669 1565 854 1593 MARCIANO.

272 1625 307 1653 In
325 1627 351 1652 id
367 1624 436 1660 quod
451 1625 578 1659 scriptum
595 1631 643 1657 est,
661 1624 749 1652 «Nam
765 1625 789 1651 si
802 1626 838 1652 eis
850 1625 927 1652 lctus
945 1626 1059 1660 requiem

550 1661 717 1693 pra’stitiuet
731 1660 763 1687 ⁵⁸.
773 1670 781 1686 ›

308 1729 365 1757 Non
379 1730 412 1757 de
424 1729 515 1764 requie
529 1728 713 1762 Hebraeorum,
723 1735 782 1763 qua:
794 1729 862 1763 ipsis
877 1730 902 1756 in
916 1729 1057 1756 l’nlmstina

271 1775 393 1811 contigit,
413 1780 490 1811 parta
507 1783 554 1810 per
572 1775 694 1802 militiam
712 1774 775 1802 Jesu
794 1775 840 1802 filii
857 1775 940 1808 Nave,
968 1775 1058 1802 divino

271 1822 354 1849 Paulo
375 1821 425 1848 fuit
447 1829 538 1849 sermo
559 1821 649 1856 (hujus
671 1821 743 1848 enim
769 1821 869 1848 nullam
897 1821 990 1848 habuit
1015 1829 1059 1848 rn-

271 1868 394 1902 tionem),
417 1868 464 1895 sed
478 1867 510 1894 ad
524 1874 584 1894 eam
599 1875 659 1902 qum
677 1866 763 1893 futura
784 1873 824 1893 est
841 1867 959 1901 respicit,
972 1873 999 1895 et
1024 1868 1056 1894 ad

271 1922 330 1941 eam
357 1921 455 1948 scopus
482 1913 678 1940 sententiarum
702 1913 785 1947 ipsius
810 1913 957 1939 contendit.
1001 1912 1056 1940 lloc

267 1964 361 1986 autent
374 1966 465 1986 verum
474 1966 546 1990 esse,
564 1959 621 1994 ipse
636 1963 720 1986 semet
735 1959 937 1994 interpretatur,
948 1959 1054 1986 dicens:

281 2014 289 2030 ι
304 2004 370 2030 Nam
392 2005 413 2031 si
433 2004 472 2031 eis
486 2003 564 2031 Jesus
590 2004 725 2037 (videlicet
747 2004 816 2032 [ilius
834 2004 905 2032 Nave
923 2012 968 2032 seu
985 2004 1055 2039 Non)

263 2050 392 2084 -requiem
417 2049 608 2084 praestitisset,
625 2057 761 2084 nunquam
777 2051 810 2077 de
830 2050 881 2076 alia
901 2050 1056 2084 loqueretur

264 2096 382 2130 .posthac
397 2095 450 2123 die.
479 2095 573 2130 Itaque
584 2095 746 2130 relinquitur
762 2095 943 2123 sabbatismus
959 2096 1055 2130 populo

267 2142 316 2170 Dei
325 2142 374 2169 “.t
396 2156 431 2162 υ-
443 2150 452 2167 (
466 2140 494 2168 Si
507 2141 578 2168 cnim
594 2141 669 2175 ipsis,
683 2141 780 2176 inquit,
793 2141 837 2168 ille
851 2142 971 2176 requiem
989 2149 1054 2168 con-

270 2189 401 2220 ciliasset,
416 2195 468 2215 non
482 2192 555 2215 certe
571 2187 652 2215 David
674 2191 736 2222 post
752 2187 850 2214 multas
865 2187 1054 2220 generationes

392 1471 472 1498 quam
500 1463 600 1498 aliquid
629 1471 717 1491 rerum
754 1464 971 1498 turpissimarum
993 1464 1035 1492 vel
1060 1464 1190 1493 faciamus
1217 1467 1259 1493 vel
1303 1466 1447 1501 patiamur.

719 1509 816 1544 probra
840 1514 930 1537 autem
958 1509 1003 1537 illa
1030 1511 1057 1537 in
1077 1510 1208 1546 supplicia
1224 1511 1357 1539 desinent.

1490 1465 1556 1493 Nam
1593 1473 1667 1493 mors
1688 1467 1800 1501 quidem
1823 1475 1836 1493 a
1862 1475 1902 1495 re-

1328 1568 1417 1594 PMZ’.
1436 1582 1470 1587 —
1489 1567 1682 1602 ΜΑΡΚΙΔΝῼ.

1110 1625 1162 1657 Εἰς
1182 1625 1215 1651 τὸ
1235 1624 1456 1660 γετραμμένοικν
1481 1633 1490 1650 ι
1509 1625 1542 1650 El
1565 1625 1619 1658 τὰρ
1648 1623 1762 1656 αὐτοὺς
1786 1624 1902 1658 Ἰησρῦς

1387 1659 1588 1686 κατέπαυσεν.
1609 1669 1617 1684 ι

1145 1726 1182 1752 Οὐ
1197 1725 1262 1761 περὶ
1279 1726 1326 1760 τῆς
1344 1725 1543 1757 καταπαύσεως
1561 1725 1615 1751 τῶν
1634 1725 1781 1760 Ἐϐραίων,
1798 1725 1848 1760 τῆς
1863 1733 1903 1759 τε·

1109 1774 1222 1808 νομένης
1239 1774 1268 1799 ἐν
1285 1774 1317 1808 τῇ
1339 1771 1504 1808 Παλαιστίνῃ
1526 1771 1569 1798 διὰ
1583 1772 1633 1806 τῆς
1662 1771 1750 1806 Ἰηποὖ
1771 1771 1818 1798 τοῦ
1835 1771 1894 1797 υἱοῦ

1107 1818 1154 1845 τοῦ
1167 1819 1244 1853 Ναυῆ
1265 1818 1441 1853 στρατηγίας,
1458 1817 1496 1852 τῷ
1513 1817 1650 1852 Θεσπεσίῳ
1664 1817 1766 1852 Παύλῳ
1782 1819 1795 1844 ὀ
1807 1817 1883 1851 λόγος
1895 1824 1902 1831 ‘

1107 1865 1214 1899 ἐκείνης
1237 1864 1290 1899 γὰρ
1306 1864 1393 1896 οὐδεὶς
1406 1864 1484 1898 λόγος
1499 1863 1572 1898 αὗτῴ
1585 1871 1590 1877 ·
1616 1864 1656 1895 εις
1675 1863 1704 1889 δὲ
1718 1864 1772 1898 τὴν
1790 1863 1901 1898 προσδο-

1108 1912 1234 1946 κωμένην
1264 1911 1373 1938 ἔσεσθαι
1393 1911 1495 1946 βλέπει,
1517 1912 1564 1938 καὶ
1591 1912 1652 1938 κατ’
1679 1911 1792 1947 ἐκείνης
1810 1913 1824 1938 ὁ
1849 1911 1901 1937 τῶν

1107 1957 1251 1992 νοημάτων
1277 1957 1378 1989 σκοπὸς
1397 1958 1574 1985 συντεινεται.
1603 1957 1665 1984 ’Ὁτι
1688 1957 1715 1984 δὲ
1738 1957 1812 1984 τοῦτ’
1830 1957 1902 1983 ἔστιν

1107 2004 1215 2038 ἀληθὲς,
1240 2005 1320 2036 αὐτὸς
1337 2004 1433 2031 ἑαυτὸν
1457 2003 1605 2039 ὲρμηνεύει
1623 2003 1712 2038 λέγων
1725 2012 1732 2018 ·
1763 2013 1772 2029 ι
1802 2004 1836 2030 Εἰ
1850 2002 1904 2038 γὰρ

1106 2049 1204 2081 αὐτοὺς
1235 2049 1337 2085 Ἰησοῦς
1362 2049 1459 2085 (δῆλον
1482 2049 1504 2076 δ’
1541 2050 1582 2076 ὃτι
1605 2050 1618 2075 ὁ
1642 2049 1689 2075 τοῦ
1718 2049 1820 2082 Ναυῆ)
1841 2057 1907 2076 κατ-

1107 2094 1225 2121 έπαυσεν
1237 2114 1245 2126 ,
1261 2094 1310 2120 οὐκ
1324 2094 1357 2121 ἂν
1376 2094 1439 2129 περὶ
1453 2094 1535 2129 ἄλλης
1546 2093 1635 2120 ἐλάλει
1650 2093 1718 2128 μετὰ
1731 2094 1819 2120 ταῦτα
1838 2094 1908 2128 ἡμέ-

1107 2150 1166 2176 ρας.
1187 2141 1257 2176 Ἀρα
1285 2140 1461 2167 ὑπολείπεται,
1490 2139 1676 2175 σαϐϐατισμὸς
1703 2139 1743 2174 τῷ
1767 2139 1829 2174 λαῷ
1859 2139 1908 2165 τοῦ

1105 2187 1184 2214 Θεοῦ.
1201 2197 1210 2212 ι
1230 2202 1262 2208 --
1276 2196 1285 2212 t
1304 2187 1335 2213 Ei
1363 2187 1417 2222 γὰρ
1438 2187 1552 2218 αὐτοὺς,
1579 2187 1662 2221 φησιν
1675 2207 1681 2217 ,
1700 2187 1807 2218 ἐκεῖνος
1843 2193 1910 2212 κατ-

269 2237 303 2262 de
315 2235 406 2268 requie
422 2235 559 2262 disserens
583 2234 695 2262 dixisset
711 2243 717 2261 τ
739 2233 823 2260 llodie
845 2234 867 2260 si
884 2241 976 2260 vocem
994 2234 1052 2268 ejus

1113 2233 1235 2264 ἔπαυσεν,
1253 2234 1303 2260 οὐκ
1321 2233 1354 2260 ἂν
1375 2235 1389 2260 ὁ
1413 2233 1496 2259 Δαὸὶδ
1515 2233 1583 2268 μετὰ
1601 2232 1701 2264 πολλὰς
1715 2232 1815 2265 γενεὰς
1845 2233 1911 2266 περὶ

269 2280 420 2312 audieritis,
447 2279 530 2306 nolite
549 2280 684 2307 obdurare
705 2280 785 2306 corda
803 2284 902 2312 vestra,
930 2280 999 2306 sicut
1025 2280 1051 2306 in

268 2325 535 2353 exacerbationewa
568 2326 649 2362 5,97
672 2336 680 2352 (
696 2326 843 2360 Quocirca,
866 2326 954 2361 inquit
967 2346 973 2356 ,
990 2334 1051 2353 vera

269 2371 375 2406 requies
387 2371 484 2406 populo
497 2371 560 2404 Dei;
574 2382 582 2397 I
600 2374 649 2399 hoe
664 2378 704 2399 cst
719 2372 771 2400 illis
782 2373 827 2406 qui
840 2377 980 2406 postquam
998 2379 1053 2398 rre-

268 2418 405 2450 diderunt,
415 2417 495 2444 vitam
508 2425 614 2452 quoque
627 2417 788 2445 laudabilem
801 2418 995 2453 adiunxerunt,
1012 2426 1052 2446 re-

266 2464 353 2498 posita
367 2468 420 2494 est,
433 2470 493 2497 qua:
509 2470 560 2489 non
578 2463 602 2489 in
616 2462 757 2489 Pahrstina
772 2485 778 2496 ,
795 2464 840 2491 sed
862 2464 887 2490 in
900 2463 1050 2491 Jerusalem

266 2509 486 2544 supramundana
501 2513 543 2535 est
557 2507 699 2535 adornata.

302 2643 324 2659 ⁸⁸
341 2643 422 2670 Hebr.
441 2650 478 2676 ιν,
493 2642 520 2674 8,
536 2643 562 2670 9.
603 2642 626 2657 ⁵⁹
641 2641 706 2670 ibid.
721 2642 743 2658 ⁸ο
762 2641 825 2671 ibid.
840 2643 866 2676 6,
883 2643 908 2670 7.

1107 2279 1303 2311 καταπαύσεως
1323 2279 1512 2314 διαλεγόμενος
1533 2278 1626 2312 ἔλεγε·
1645 2279 1771 2313 Σήμερον
1786 2279 1840 2305 ἐὰν
1860 2280 1910 2312 τῆς

1105 2325 1198 2360 φωνῆς
1221 2325 1303 2351 αὑτοῦ
1325 2325 1460 2360 ἀκούσητε
1474 2344 1480 2355 ,
1502 2324 1538 2359 μὴ
1565 2324 1735 2359 σκληρύνητε
1757 2324 1811 2355 τὰς
1841 2333 1910 2358 x19-

1104 2371 1162 2403 δίας
1190 2370 1275 2406 ὑμῶν,
1293 2371 1331 2402 ὡς
1355 2371 1438 2405 ἐντῷ
1466 2370 1705 2405 παραπικρασμῷ.
1728 2380 1737 2396 ι
1763 2385 1798 2390 --ο
1825 2380 1835 2396 ι
1863 2371 1910 2396 Οὑ-

1108 2417 1190 2449 κοῦν,
1217 2417 1317 2452 φησὶν.
1341 2418 1358 2451 ἠ
1387 2416 1500 2451 ἀληθινὴ
1526 2417 1677 2447 ἀνάπαυσις
1705 2415 1744 2450 τῷ
1768 2415 1834 2450 λαῷ
1865 2416 1911 2442 τοῦ

1108 2461 1186 2493 Θεοῦ,
1206 2471 1214 2487 ι
1231 2461 1303 2488 τοῦτ’
1321 2463 1388 2492 ἐστι,
1405 2463 1460 2494 τοῖς
1481 2462 1632 2496 εὐδοκίμως
1651 2462 1724 2497 μετὰ
1736 2462 1790 2497 τὴν
1809 2463 1907 2488 πίστιν

1108 2507 1357 2543 πολιτευσαμένοις,
1378 2509 1534 2540 ἀπόκειται,
1552 2509 1601 2535 οὺχ
1623 2509 1653 2534 ὲν
1670 2511 1703 2544 τῇ
1720 2509 1912 2543 Παλαιστίνῃ,

1107 2553 1164 2580 ἀλλ’
1182 2554 1210 2579 ὲν
1226 2555 1259 2588 τῇ
1277 2555 1455 2590 ὑπερκοσμὶῳ
1483 2554 1660 2589 Ἰερουσαλὴμ
1675 2555 1912 2590 comante-051:1.

815 2721 931 2748 V'ARIIE
953 2720 1145 2749 LECTIONES
1166 2721 1209 2748 ΕΤ
1229 2721 1344 2749 ΝΟΤᾸΞ.

300 2814 355 2881 (69ζ
370 2811 498 2850 Ρτοῆκεν
514 2814 584 2842 idem
600 2815 660 2842 cod.
679 2815 774 2842 scribit
790 2813 880 2851 ἦλθεν.
902 2815 1004 2844 Possm.

300 2849 344 2881 (70
368 2847 440 2877 οὗτοι
465 2850 534 2876 idem
553 2855 638 2877 mutat
668 2851 692 2877 in
717 2850 796 2878 οὕτω.
821 2851 898 2880 Vcrs.
914 2860 971 2881 seu.
1001 2861 1004 2881 ι

299 2847 355 2884 (70)
368 2847 447 2886 οὗτοί
465 2850 638 2886 idem_mutat
668 2851 692 2877 in
717 2847 806 2878 οὕτω(
821 2851 898 2880 Vcrs.
914 2860 971 2886 seq.
1001 2860 1048 2886 pro

260 2884 310 2921 τὴν
327 2885 422 2913 scribit
437 2885 525 2920 τήνδε.
541 2884 578 2912 ID.

1140 2817 1194 2850 (7|)
1208 2816 1280 2843 lnter
1291 2817 1334 2842 ἴνα
1347 2821 1373 2854 et
1388 2817 1424 2854 μὴ
1440 2817 1508 2854 idem
1524 2816 1619 2843 inserit
1636 2817 1729 2854 μόνον.
1744 2817 1834 2844 νιινς.
1853 2820 1922 2846 inde

1103 2852 1129 2880 5.
1156 2861 1202 2886 pm
1229 2851 1430 2883 κατεσκεύαζον
1458 2852 1539 2878 habet
1564 2852 1788 2879 κατεσκεύασαν.
1835 2854 1919 2882 Vers.

1103 2888 1150 2914 uit.
1170 2895 1212 2921 cp.
1229 2887 1352 2918 κολάσεις
1371 2887 1541 2922 singulariter
1558 2886 1646 2918 cile”,
1665 2887 1792 2915 κόλασιν.
1818 2888 1863 2916 ID.
