2040 3161
127 201 194 234 ῙΞἮ

247 257 339 285 mur.
362 272 394 276 -
410 257 538 292 munra
558 257 705 292 MAKUNQ
717 257 783 292 (72).

208 305 258 335 Εἰς
272 303 314 335 τὸ,
335 312 344 328 ι
362 302 416 330 Kal
429 303 445 329 δ
461 301 571 329 ἀδικῶν
585 302 796 337 ἐνευλογεῖται.
813 312 821 327 ι

160 358 192 385 Τί
201 359 283 387 ἐστιν,
293 357 328 394 [ὃ]
343 357 419 393 ἔφης.
431 357 471 390 τὸ,
483 366 491 382 ι
504 357 558 384 Καὶ
569 358 582 383 ὁ
592 357 690 383 ἀδικῶν
704 358 910 392 ἐνευλογεῖταιςι

129 404 228 430 Ἄκουε
244 405 344 430 τοίνυν.
362 402 441 438 Παρὰ
465 402 495 429 τὸ
514 400 543 428 εὖ
562 401 689 436 λέγεσθαι
706 402 821 430 ἐνταῦθα
837 403 912 439 εἴρη-

128 459 172 476 ται
186 448 218 475 τὸ
234 449 400 483 εὐλογεῖται,
418 449 489 474 τοῦτ’
508 447 580 474 ἔστιν
596 448 757 480 ἐπαινεῖται,
772 448 915 483 ἐγκωμιά-

129 495 203 527 ζεται
218 494 293 531 παρὰ
307 493 361 521 τῶν
378 493 578 520 κολακευόντων
592 493 681 525 αὑτὸν,
698 492 744 519 καὶ
760 493 913 529 ἐπιτριϐόν-

129 550 181 568 των
199 540 282 568 αὐτοῦ
300 540 347 575 τὴν
363 540 471 570 κακίαν,
496 540 542 566 καὶ
566 539 603 574 μὴ
624 539 750 574 αἴσθησιν
769 539 818 574 τῆς
837 539 914 566 νόσου

129 586 172 614 διὰ
185 586 234 621 τῆς
253 585 358 620 σιωπῆς
375 584 522 620 ἐμποιῆσαι
539 584 725 619 ἀνεχομένων·
750 584 789 610 διὸ
805 584 851 610 καὶ
870 585 916 611 ἀν-

129 633 241 667 ήκεστος
257 632 271 657 ὁ
284 631 404 662 τοιοῦτος
417 630 581 665 εὑρίσκεται.
596 630 641 666 Τῷ
655 629 708 665 γὰρ
722 630 782 665 μηδ’
793 630 916 665 αἴσθησιν

128 677 174 704 τοῦ
189 677 289 708 πάθους
304 676 388 711 ἔχειν,
402 675 549 711 θεραπείαν
566 676 627 702 οὔτε
642 675 717 710 ζητεῖ
731 675 792 702 οὔτε
807 676 916 711 προσίε-

129 731 184 750 ται.
210 722 265 749 Καὶ
281 721 361 748 τοῦτό
382 722 440 748 ἐστι
459 721 490 747 τὸ
513 721 621 748 πάντων
640 721 800 754 δεινότατον,
823 721 886 747 ὅταν
900 722 917 757 ἡ

130 769 214 796 κακία
230 769 388 803 ἐπαινῆται,
406 768 452 794 καὶ
474 767 541 802 μηδὲ
562 767 646 794 κακία
669 764 738 793 εἶναι
762 766 917 802 νομίζηται.

131 815 176 841 Διὸ
192 814 244 850 χρὴ
264 813 381 849 μάλιστα
394 813 452 848 μὲν,
467 813 490 839 εἰ
502 812 624 845 δυνατὸν,
639 811 760 847 διορθοῦν
775 812 821 838 τὸν
832 812 919 839 τοιοῦ-

131 869 186 887 τον.
201 859 231 886 El
251 859 278 885 δὲ
293 859 348 894 μὴ,
369 858 435 894 μηδὲ
451 857 619 889 κολακεύειν,
639 858 700 893 μηδ’
721 857 871 892 ὲπιτρίϐειν
889 858 918 884 τὸ

133 905 227 936 πάθος·
239 904 307 931 ἀλλὰ
325 905 358 938 τῇ
385 904 475 939 σιωπῇ
493 903 619 938 αἴσθησιν
634 902 708 939 αὐτῷ
725 903 774 938 τῆς
788 903 919 939 πονηρῖας

131 951 263 985 ἐμποιεῖν.
280 949 310 976 Εἰ
320 949 347 976 δὲ
362 949 429 984 μηδὲ
452 949 531 975 τοῦτο
546 948 668 984 βούλοιτό
683 958 724 980 τις
739 950 835 981 ποιεῖν,
851 949 916 983 φεύ-

131 1004 189 1031 γειν
206 995 406 1031 προτροπάδην·
425 995 469 1022 ἵνα.
486 994 522 1030 μὴ
538 995 665 1026 κοινωνὸς
681 995 731 1031 τῆς
754 995 859 1027 ἀδικίας
874 995 918 1022 διὰ

131 1043 179 1077 τῆς
191 1041 334 1073 κολακείας
351 1040 443 1076 ὀφθεὶς
455 1060 462 1072 ,
485 1040 611 1072 κοινωνὸς
630 1041 704 1076 αὑτῷ
727 1041 778 1068 κάν
797 1042 856 1072 ταῖς
877 1049 918 1067 τι-

134 1087 250 1122 μωρίαις
265 1086 380 1123 εὑρεθῇ,
397 1087 501 1121 Ὥσπερ
519 1087 572 1121 γὰρ
600 1086 655 1121 (73)
670 1087 684 1113 ὁ
699 1087 739 1118 εἰς
754 1086 854 1122 ἀρετὴν
877 1087 920 1114 ὲν-

132 1132 206 1165 άγων
224 1130 418 1166 στεφανοῦται,
436 1130 487 1158 κᾶν
501 1129 582 1165 μηδὲν
596 1129 682 1165 ἀνύσῃ
700 1129 741 1163 (τὸ
752 1129 806 1164 γὰρ
823 1128 919 1156 ἑαυτοῦ

132 1178 333 1213 πεπλήρωκεν)·
344 1177 414 1204 οὕτω
427 1177 473 1204 καὶ
485 1177 499 1203 ὁ
513 1177 552 1208 είς
565 1175 669 1202 ἀδικίαν
678 1175 796 1209 ἀλείφων
809 1173 920 1206 κολάζε-

133 1233 194 1257 ται,
218 1223 270 1251 κᾶν
294 1223 375 1259 μηδὲν
401 1223 514 1259 ἰσχύσῃ·
540 1222 571 1249 τὸ
584 1222 638 1258 γὰρ
660 1221 757 1248 ἑαυτοῦ
779 1221 824 1248 καὶ
843 1218 921 1252 οὗτος

134 1269 273 1304 ἐποίησεν.

135 1316 241 1343 modum
261 1315 331 1343 enim
346 1315 382 1348 is,
397 1314 442 1350 qui
467 1314 544 1342 alteri
562 1314 594 1341 ad
624 1314 752 1342 virtutem
776 1314 969 1349 capessendam
1002 1321 1061 1341 sese
1107 1313 1201 1341 ducem
1245 1312 1408 1347 przebuerit,
1449 1316 1610 1344 coronatur,

537 201 803 231 EPISTOLARUM
825 201 895 230 LIB.
918 201 966 232 1V.
986 216 1020 220 ’-
1039 203 1156 233 EPIST.
1177 203 1301 233 CXLIX.

1677 201 1745 232 19.34

1098 258 1236 285 CXLVIII.
1255 273 1287 277 —-
1304 257 1438 285 lSlDORO
1454 256 1608 284 DIMIONO.

1001 302 1033 329 In
1047 302 1123 334 illud,
1140 312 1148 327 ι
1169 302 1200 328 Et
1216 302 1312 336 injuste
1327 304 1438 337 ngensiu
1457 310 1485 329 eo
1498 302 1624 329 laudatur
1637 302 1670 328 ⁶¹.
1690 312 1698 327 ι

1001 359 1155 393 Quaerebas,
1188 358 1251 393 quid
1275 358 1326 385 sibi
1347 358 1426 385 vellet
1442 359 1518 391 illud,
1535 359 1606 393 quod
1625 359 1744 386 dicitur:

969 416 978 432 ‹
1005 406 1036 432 Et
1049 405 1147 440 injuste
1171 411 1254 439 agens
1279 404 1304 430 in
1333 412 1364 431 eo
1382 405 1560 432 bencdicitur.
1582 414 1590 430 ι
1620 405 1747 432 Ausculta

966 452 1058 486 igitur.
1083 450 1256 477 Benedicitur
1279 449 1330 476 hoc
1351 449 1410 476 loco
1427 450 1569 476 deductum
1595 455 1635 477 est
1657 451 1690 478 ab
1716 458 1748 477 eo

967 497 1036 532 quod
1050 501 1091 523 est
1107 497 1174 523 bene
1188 496 1289 528 dicere,
1305 499 1333 522 et
1351 494 1419 521 valet
1434 495 1504 522 idem
1523 496 1593 529 quod
1614 496 1748 528 laudatur,

967 542 1096 569 encomiis
1110 546 1222 568 ornatur
1249 541 1282 568 ab
1298 539 1512 567 assentatoribus
1537 542 1610 572 suis,
1635 541 1680 575 qui
1699 541 1748 568 im-

967 588 1128 622 probitatem
1146 588 1229 622 ipsins
1243 586 1406 617 demulcent,
1424 593 1456 612 ae
1469 593 1503 613 ne
1518 593 1625 613 sensum
1638 586 1746 620 quidem

968 633 1053 660 morbi
1078 640 1126 660 suo
1150 632 1258 659 silentio
1282 632 1306 658 ei
1329 631 1488 665 ingenerare
1511 631 1655 658 sustinent.
1687 630 1751 663 Quae

967 686 1047 705 causa
1062 685 1168 712 quoque
1181 682 1240 709 est,
1256 684 1303 703 cur
1325 676 1384 703 talis
1401 676 1554 703 inveniatur
1582 675 1749 702 incurabilis.

969 723 1034 750 Nam
1050 723 1111 758 quia
1130 730 1162 749 ne
1179 730 1287 749 sensutu
1304 722 1412 757 quidem
1432 721 1494 748 mali
1519 722 1609 753 habet,
1638 721 1752 748 curatiu-

969 777 1027 797 nem
1043 777 1092 796 nec
1110 768 1215 803 qmerit.
1234 775 1283 795 nec
1300 768 1428 795 admittit.
1451 769 1538 802 Atque
1560 767 1609 794 hoe
1631 766 1751 793 omnium

968 815 1221 850 cstgravissimnm,
1241 814 1348 849 quando
1372 814 1531 847 improbitas
1556 812 1692 843 laudatur,
1723 820 1754 838 ac

969 868 1002 888 ne
1029 860 1136 895 quidem
1168 867 1216 894 pro
1252 859 1424 894 improbitate
1458 859 1582 886 habetur.
1621 857 1752 891 Quocirta

971 907 1086 933 niaxiuze
1100 906 1208 941 quidem
1223 906 1248 932 in
1263 906 1288 932 id
1304 905 1512 932 incumbendum
1523 910 1573 937 est,
1591 908 1630 936 ut,
1657 904 1678 931 si
1693 903 1750 930 ﬁeri

971 957 1068 987 potest,
1093 951 1172 978 talem
1197 951 1375 985 corrigamus.
1406 950 1452 978 Sin
1477 951 1576 983 minus,
1605 949 1752 976 cavendum

974 1003 1062 1025 tamen
1082 998 1154 1025 omni
1168 998 1266 1028 studio.
1292 1005 1324 1024 ne
1346 997 1386 1024 vel
1413 996 1566 1024 adulatione
1590 995 1631 1023 vel
1653 996 1754 1022 demul-

972 1042 1057 1070 cendo
1070 1042 1167 1068 malum
1187 1042 1325 1068 faveamus
1343 1050 1349 1068 :
1368 1041 1414 1068 sed
1426 1041 1534 1068 silentio
1547 1041 1640 1068 saltem
1655 1040 1753 1075 impro—

973 1087 1064 1114 bitatis
1093 1094 1202 1114 sensum
1230 1087 1279 1120 ipsi
1301 1085 1462 1119 injiciamus.
1493 1085 1569 1119 Quod
1593 1085 1613 1111 si
1637 1092 1685 1111 nec
1704 1085 1753 1111 hoc

972 1134 1080 1168 quidem
1098 1133 1212 1160 voluerit
1241 1132 1302 1166 quis
1323 1132 1424 1164 facere,
1447 1135 1574 1158 contento
1597 1137 1676 1158 cursu
1696 1131 1753 1157 uni-

969 1179 1066 1213 cuique
1081 1178 1235 1212 fugiendum
1262 1182 1313 1209 est,
1330 1185 1363 1204 ne
1391 1176 1529 1212 injustilia:
1547 1175 1681 1210 particeps
1699 1174 1756 1201 lieri

969 1229 1018 1257 per
1032 1221 1244 1249 assentationem
1271 1221 1455 1256 deprehensus
1483 1221 1569 1248 eidem
1601 1227 1708 1254 quoque
1731 1219 1756 1245 in

971 1267 1112 1302 suppliciis
1139 1267 1307 1302 perferendis
1331 1267 1420 1294 socius
1448 1266 1593 1294 efﬁciatur.
1622 1265 1756 1299 Quemad—

1652 1310 1757 1337 tametsi

136 1361 203 1388 nihil
218 1361 288 1396 apud
299 1369 360 1390 eum
372 1361 518 1396 profecerit
532 1362 606 1394 (nam
621 1365 752 1396 quantum
775 1361 800 1387 in
815 1367 843 1388 se
859 1360 919 1394 fuit,
957 1360 1104 1396 implevit):
1119 1361 1154 1388 ita
1169 1361 1251 1388 etiam
1281 1360 1389 1394 punitur
1410 1361 1444 1393 is,
1461 1359 1505 1394 qui
1530 1359 1643 1386 alterum
1660 1358 1691 1384 ad
1714 1356 1757 1383 in-

134 1405 265 1441 iustitiam
290 1406 410 1441 instigat,
437 1406 544 1433 tametsi
569 1406 636 1433 nihil
657 1406 783 1434 valuerit.
808 1405 874 1433 Nam
895 1411 922 1434 et
942 1407 986 1435 hic
998 1406 1068 1441 quod
1082 1413 1159 1433 suum
1175 1410 1244 1438 erat,
1265 1405 1337 1432 fecit.

315 1463 405 1490 PMO’.
424 1478 459 1483 —
478 1463 560 1499 ΗΛΙᾼ
579 1463 738 1500 ΔΙΑΚΟΝῼ.

135 1508 188 1542 Εἰς
205 1508 250 1542 τὸ,
269 1517 279 1534 ι
295 1508 394 1542 Ἀπαξ
405 1508 559 1543 ἐλάλησεν
581 1511 597 1536 ό
613 1509 694 1543 Θεὸς,
715 1519 724 1536 ι
748 1511 791 1544 εις
812 1510 863 1537 τὸν
877 1510 922 1543 £0:

471 1544 606 1580 ψαλμόν.

173 1600 211 1627 Τὸ
231 1599 357 1636 Θήραμα,
371 1597 393 1626 ὦ
415 1600 551 1635 βέλτιστε,
568 1601 582 1627 ὃ
604 1600 736 1636 Οηρεῦσαι
749 1601 852 1634 ποθεῖς,
870 1603 925 1633 τοῖς

1125 1463 1237 1492 CXLIX.
1259 1478 1291 1484 ~
1311 1463 1424 1490 llEle’E
1444 1462 1603 1490 DlACONO.

975 1510 1008 1538 In
1022 1510 1097 1538 illud.
1111 1519 1119 1535 ι
1133 1509 1219 1538 Semel
1230 1509 1332 1536 locutus
1348 1514 1383 1536 est
1398 1509 1477 1539 Deus.
1493 1518 1501 1534 ι
1521 1509 1546 1535 in
1561 1507 1690 1543 psalmum
1704 1516 1758 1535 LII.

1011 1601 1146 1628 Venatura
1164 1600 1220 1633 illa,
1245 1608 1260 1627 o
1277 1600 1358 1633 bone,
1377 1607 1458 1634 quam
1486 1600 1580 1627 venari
1606 1600 1693 1634 cupis,
1710 1597 1762 1626 illis

139 1645 190 1680 μὲν
205 1644 396 1680 συνετωτέροις
412 1644 472 1670 ἐστὶ
490 1644 672 1679 δυσθήρατον·
689 1646 746 1677 τοῖς
761 1645 788 1671 δὲ
804 1646 924 1680 παχυτέ-

976 1647 1084 1682 quidem
1096 1647 1141 1682 qui
1153 1651 1216 1674 sunt
1229 1647 1408 1679 eordatiores,
1419 1650 1498 1689 captu
1514 1645 1679 1680 perdilIicilis
1694 1649 1755 1677 est;

139 1699 196 1725 ροις
207 1689 352 1726 ἁθήρατον.
369 1691 458 1726 Ἐφης
482 1690 548 1726 γάρ·
570 1690 602 1716 Τί
623 1691 712 1716 ἐστιν·
729 1699 738 1716 ι
757 1691 849 1724 "Amne
867 1691 926 1719 ἐλά-

136 1737 219 1772 λησεν
238 1737 252 1762 ὁ
268 1736 348 1768 Θεός”
368 1736 415 1763 δύο
437 1735 523 1763 ταῦτα
548 1736 670 1771 ἧκουση
696 1745 705 1762 ι
730 1734 814 1772 Οἶμαι
837 1737 925 1764 τοίνυν

136 1781 252 1817 (ὲπιδὴ
271 1781 318 1808 τοῦ
334 1783 468 1817 νοήματος
484 1781 537 1816 χρὴ
559 1781 663 1813 ἀνοῖξαι
687 1781 736 1813 τὰς
753 1782 854 1817 θύρας,
878 1783 924 1810 καὶ

135 1829 194 1859 τοῖς
211 1827 403 1863 συνετωτέροις
420 1828 522 1862 ἐφεῖναι
542 1827 572 1853 τὸ
592 1827 626 1854 τὰ
642 1827 760 1855 ἀδύνατα.
777 1828 823 1855 τοῦ
840 1828 923 1864 ῥητοῦ

136 1872 341 1908 κατοπτεῦσαι)
357 1873 444 1904 οὕτως
467 1873 610 1908 εἰρῆσοαι,
631 1873 668 1906 ὡς
683 1874 714 1901 ἄν
729 1883 770 1906 τις
787 1875 858 1901 εἴποι
870 1883 876 1890 ·
897 1875 927 1902 '0

135 1920 212 1945 δεῖνα
223 1919 296 1952 ἅπαξ
311 1919 360 1954 μέν
377 1927 421 1954 μοι
438 1919 582 1953 συνέτυχε’
600 1920 664 1955 περὶ
683 1920 711 1946 δὲ
738 1920 874 1956 διαφόρων
889 1921 927 1948 δι-

138 1963 240 1998 ελέχθη
259 1964 440 1999 πραγμάτων.
455 1961 538 1996 Οὗτος
554 1963 603 1999 μὲν
613 1963 682 1992 οὗνὸ
696 1965 840 2001 πρόχειρος
855 1966 927 1998 νοῦς,

142 2011 174 2036 '0
189 2011 217 2036 δὲ
239 2009 386 2045 βαθύτερος
407 2010 454 2036 καὶ
469 2009 695 2046 εἰλικρινέστερος
718 2013 746 2038 ὲν
762 2012 862 2044 πάσαις
879 2013 928 2048 μὲν

137 2055 302 2091 διέσπαρται
320 2057 381 2088 ταῖς
401 2056 531 2091 Γραφαῖς·
547 2055 575 2082 ἓν
592 2056 619 2082 δὲ
632 2057 648 2092 ἢ
661 2057 786 2094 δεύτερον
802 2067 928 2095 μεταχει-

141 2102 290 2136 ρισάμενος
305 2102 418 2136 φράσω,
438 2103 463 2128 ει
486 2102 532 2129 καὶ
549 2102 595 2128 ἐπὶ
611 2103 710 2135 πολλὰς
733 2104 805 2131 ἔστιν
818 2105 929 2141 ὲκδοχὰς

136 2146 242 2182 τρέψαι
256 2146 303 2182 τὴν
316 2146 444 2179 διάνοιαν,
460 2148 591 2182 ἐχομένας
606 2148 654 2183 τῆς
669 2149 716 2175 τοῦ
735 2149 862 2184 Μελῳδοῧ
880 2159 929 2185 με·

136 2191 284 2226 γαλονοίας
305 2190 361 2227 (Ἠ)
382 2192 490 2227 Ἐπειδὴ
505 2191 601 2219 εἷπενὸ
613 2193 679 2224 Θεὸς
695 2193 732 2228 τῷ
752 2194 846 2230 ’Δδάμ’
867 2204 875 2220 ι
892 2196 930 2230 Γῆ

137 2235 176 2267 εἷ,
190 2235 237 2261 καὶ
250 2236 286 2268 εἰς
298 2236 349 2272 γῆν
362 2237 508 2272 ἀπελεύσῃ·
525 2247 534 2264 ι
550 2238 580 2264 οὐ
592 2238 745 2274 προσέθηκε
761 2239 798 2272 δὲ,
821 2240 931 2275 Ἀφανιη

137 2284 244 2320 σοήσῃ,
257 2283 317 2310 οὐδὲ
335 2283 372 2319 μὴ
391 2283 567 2320 ὲπανελεύσῃ·
584 2283 638 2318 ἐγὼ
655 2284 699 2311 διὰ
713 2284 760 2311 τοῦ
780 2285 866 2313 ταῦτα
879 2295 929 2313 πα-

137 2329 382 2366 ρασεσιωπῆσθαι,
395 2330 444 2365 τὴν
459 2330 606 2356 ἀνάστασιν
624 2331 848 2365 προσυπήκουσα.
872 2332 930 2359 Ἑλ-
947 2321 970 2349 D

133 2373 209 2402 πὶδα
231 2375 285 2410 γὰρ
305 2375 434 2402 ἐπανόδου
461 2374 499 2410 τῷ
525 2375 656 2411 ὲξῡρίστῳ
679 2375 789 2403 ἔδωκεν.
821 2376 854 2403 Ἦ
876 2377 930 2414 γὰρ

135 2421 292 2455 ἀπόφασις,
316 2422 480 2456 μονότροπος
501 2418 568 2447 εἶναι
583 2420 697 2447 δοκοῦσα
710 2422 784 2456 (75),
805 2422 932 2457 ἐμφαίνει

137 2467 289 2502 βασιλικὴν
301 2467 515 2502 φιλανθρωπίαν,
529 2466 575 2493 καὶ
587 2466 715 2493 ἐπανόδου
727 2468 812 2494 τίκτει
824 2468 930 2495 ἐλπίδα.

137 2512 163 2538 Κ
170 2511 199 2538 αὶ
213 2511 352 2539 Νινευῗται
366 2512 393 2538 δὲ
409 2511 546 2548 ἄνθρωποι
560 2511 703 2547 βάρϐαροι,
717 2513 810 2548 σχεδδιν
823 2513 931 2548 ἀπόφα-

137 2566 186 2584 σιν
200 2557 326 2592 καθαρὰν
339 2557 490 2593 δεξάμενοι,
505 2558 581 2585 οὐδὲν
599 2557 734 2593 βάρϐαρον
748 2557 858 2590 ἔπαθον,
873 2557 930 2584 ἀλλ’

978 1692 1157 1720 crassioribus
1183 1697 1272 1719 autem
1294 1699 1326 1719 ac
1354 1691 1540 1726 pinguioribus
1552 1695 1632 1726 captu
1659 1691 1760 1726 impos-

979 1738 1074 1766 sibilis.
1102 1737 1247 1771 Qnrercbas
1271 1738 1354 1771 enim,
1375 1737 1438 1771 quid
1467 1736 1503 1764 sit
1529 1736 1592 1763 illud
1612 1746 1618 1763 :
1640 1745 1648 1761 ι
1671 1735 1761 1763 Semel

979 1785 1086 1811 loeutus
1109 1788 1152 1811 est
1176 1783 1256 1816 Deus,
1286 1784 1338 1811 duo
1365 1783 1422 1810 lucc
1447 1782 1535 1809 audivi
1546 1782 1579 1809 “.
1607 1791 1616 1807 ι
1640 1781 1761 1808 Arbitror

981 1831 1062 1865 igitur
1075 1829 1212 1864 (quoniam
1239 1829 1392 1856 intellectus
1414 1829 1503 1862 ianua:
1519 1827 1669 1863 aperienda
1689 1831 1761 1856 sunt.

981 1879 1008 1901 et
1027 1873 1284 1909 iutelligentioribus
1300 1873 1518 1909 permittendum,
1538 1877 1566 1900 ut
1587 1872 1762 1907 impo:sibilia

982 1920 1082 1956 (vulgo)
1103 1919 1182 1954 hujus
1201 1920 1263 1947 dicti
1283 1919 1512 1954 contemplemur)
1531 1919 1568 1946 ita
1591 1919 1640 1945 hoc
1662 1918 1763 1944 dit-tum

981 1973 1051 1999 esse,
1074 1969 1103 1992 ut
1129 1966 1151 1992 si
1177 1966 1236 2000 quis
1254 1966 1328 1993 dicat
1355 1974 1361 1993 :
1385 1965 1432 1992 ille
1459 1964 1542 1992 semel
1565 1965 1672 1999 quidem
1699 1963 1764 1990 mihi

981 2011 1117 2044 occurrit;
1141 2011 1174 2038 de
1201 2011 1316 2038 diversis
1336 2015 1426 2038 autem
1444 2010 1578 2044 capitibus
1605 2010 1686 2036 verba
1708 2016 1763 2035 mc-

983 2065 1043 2084 etun
1065 2057 1285 2085 communicavit.
1312 2057 1362 2084 Hic
1391 2064 1456 2084 sane
1478 2056 1573 2084 obvius
1603 2060 1646 2083 est
1670 2063 1764 2082 sensus

983 2102 1041 2136 ejus
1064 2103 1138 2130 dicti.
1165 2102 1329 2130 Profundior
1356 2107 1445 2130 autem
1474 2107 1554 2137 atque
1579 2101 1710 2129 sincerior
1738 2101 1763 2128 iu

983 2149 1108 2177 omnibus
1126 2149 1234 2184 quidem
1256 2148 1405 2183 Scripturis
1430 2148 1529 2183 passim
1544 2147 1684 2182 dispersus
1696 2151 1736 2174 cst
1755 2155 1763 2174 :

985 2203 1067 2222 unum
1083 2200 1172 2222 tamen
1197 2195 1328 2222 duntaxat
1350 2194 1499 2222 alterumve
1522 2195 1548 2220 in
1572 2199 1668 2220 manus
1693 2200 1766 2220 sum-

984 2244 1058 2275 ptum
1074 2240 1302 2273 commemorabo,
1325 2240 1448 2274 quamvis
1460 2240 1487 2266 in
1505 2239 1603 2266 multos
1629 2247 1661 2267 ac
1677 2239 1767 2266 varios

986 2285 1139 2313 intellectus
1164 2285 1245 2313 liceat
1270 2289 1377 2313 vertere
1403 2285 1616 2320 cogitationem,
1645 2284 1690 2319 qui
1713 2284 1768 2311 sint

984 2331 1158 2358 consentanei
1195 2330 1355 2358 sublimibus
1386 2330 1588 2366 Psalmograpbi
1628 2330 1764 2358 sensibus.

983 2375 1066 2412 498
1080 2375 1211 2410 Quoniam
1227 2376 1330 2404 Adamo
1346 2376 1413 2403 dixit
1430 2377 1500 2404 Deus
1519 2385 1525 2403 :
1547 2386 1556 2402 ι
1573 2375 1657 2403 Terra
1677 2384 1718 2408 es,
1736 2381 1762 2403 ct

985 2423 1011 2450 in
1027 2428 1127 2450 terram
1147 2421 1292 2450 reverteris
1304 2422 1345 2456 ⁶³;
1366 2432 1374 2448 ι
1390 2430 1442 2450 non
1473 2422 1575 2450 addidit
1592 2427 1682 2450 autent
1704 2431 1711 2449 :
1740 2422 1768 2449 In

986 2467 1098 2495 nihilum
1115 2467 1257 2502 redigeris,
1279 2475 1366 2502 neque
1387 2469 1483 2495 iterum
1511 2468 1631 2501 redibis;
1652 2475 1701 2502 ego
1722 2475 1769 2501 per

985 2515 1023 2546 id,
1041 2514 1110 2548 quod
1131 2514 1181 2542 ista
1205 2513 1313 2542 silentio
1337 2514 1472 2548 prmterita
1490 2518 1568 2546 sunt,
1597 2512 1767 2541 subintellexi

985 2559 1221 2587 resurrectionem.
1238 2558 1319 2594 Spem
1331 2558 1401 2586 enim
1417 2558 1579 2586 reversionis
1589 2555 1765 2585 deditexsuli.

179 2637 202 2653 “
220 2636 299 2664 Prov.
317 2644 392 2669 xxiv,
408 2636 453 2663 ‘25.
492 2636 514 2652 "
534 2634 603 2663 Psal.
620 2635 730 2668 th,i‘2.
760 2635 782 2650 "
796 2635 863 2663 Gen.
882 2642 924 2668 ut,
943 2635 986 2663 19.

700 2711 818 2739 VARIE
839 2711 1028 2740 LECTIOMZS
1044 2711 1088 2739 ET
1107 2711 1222 2741 NOTAE.

181 2795 242 2825 (72)
265 2794 293 2821 In
309 2793 350 2821 tit.
363 2793 477 2828 διακόνῳ
489 2797 572 2820 mutat
584 2793 609 2820 in
624 2792 765 2823 ὲπισκόπῳ
775 2793 857 2819 codex
871 2792 930 2820 Vat.

137 2831 212 2858 650.
235 2830 314 2857 Vers.
339 2829 354 2856 5
374 2836 416 2862 ep.
441 2836 488 2863 pro
509 2827 545 2862 μὴ
569 2827 630 2854 ceti.
655 2828 725 2854 idem
751 2828 831 2863 habet
853 2827 929 2863 μηδὲ.

139 2866 227 2893 Vcrs.
246 2872 305 2898 seq.
323 2864 394 2890 idem
411 2871 442 2890 ex
461 2863 605 2898 ἐμποιῆσαι
619 2863 686 2890 tollit
702 2864 745 2897 ἐμ,
778 2862 880 2890 Possm.

183 2900 242 2936 (75)
257 2896 324 2928 Cdtl.
341 2899 400 2926 Vat.
419 2896 490 2925 addit
505 2896 560 2924 κπίζ
573 2896 609 2923 lo.

1023 2793 1078 2835 (η)
1098 2793 1165 2835 A'nte
1179 2793 1272 2828 ἐπειδὴ
1300 2789 1376 2819 εἶπεν
1408 2790 1511 2826 supplet
1526 2789 1586 2817 cod.
1606 2787 1693 2816 Vatic.
1712 2788 1774 2816 650.

1024 2837 1030 2854 ι
1048 2828 1059 2835 .

991 2827 1161 2923 61:(7o.=’+;)l’[lyre
1184 2862 1252 2889 εἶναι
1279 2861 1394 2888 δοκοῦσα
1425 2861 1492 2888 idem
1517 2859 1679 2893 shnplicilrr
1700 2857 1772 2891 ponit

993 2906 1058 2923 ουτοι
1094 2905 1118 2923 ll.

993 2906 1058 2924 ουτοι
1083 2905 1118 2924 Ill.
