2049 3164
180 198 248 231 1249

647 199 912 230 EPlSTOLARUM
932 202 1005 232 LlB.
1026 202 1244 232 lV.—EPIST.
1265 202 1395 232 CLXIII.

1732 201 1798 234 1250

181 254 241 289 μὲν,
255 253 292 285 ὡς
305 250 392 287 οἶμαι,
408 252 457 278 οὐκ
470 249 545 284 ὄντα,
561 251 670 279 πιθανὸν
689 253 717 279 δὲ
726 253 864 286 δοκοῦντα,
881 254 959 280 πολλᾶ

1019 255 1043 282 id
1077 256 1181 283 tametsi
1208 264 1312 288 verum,
1341 261 1369 283 ut
1391 260 1465 290 pulo,
1493 264 1546 284 non
1581 256 1627 289 sil,
1655 256 1800 284 verisimile

180 301 229 336 μὲν
250 299 297 326 καὶ
318 298 395 330 ἄλλα,
412 297 458 324 δύο
473 297 502 324 δὲ
516 297 564 333 (6),
584 298 653 325 κατά
665 307 696 332 γε
715 299 760 325 τὸν
777 299 909 335 ἡμέτερον
924 299 965 325 λο-

178 344 287 380 γισμὸν,
315 343 478 378 ἀνατρέπειν
501 343 589 370 δοκεῖ·
614 344 642 370 ἓν
666 344 725 379 μὲν,
750 345 780 372 τὸ
806 347 843 381 μὴ
872 346 965 381 σαφῶς

177 389 347 426 κεκηρῦχθαι
362 390 390 416 ὲν
404 390 464 421 ταῖς
475 389 606 425 Γραφαῖς·
616 389 739 426 δεύτερον
753 391 797 424 δὲ,
815 393 831 427 ὴ
847 393 965 428 ἄκρατος

177 436 257 472 λήθη.
273 435 312 462 υύ
331 434 469 470 συνορῶσα
484 435 538 471 γὰρ
556 436 606 471 (7),
620 437 695 462 ποῖον
707 437 802 471 ἔμελλε
813 439 962 471 τίκτεσθαι,

178 481 327 508 σκάνδαλον
344 480 376 506 ὲκ
391 480 437 506 τοῦ
458 480 606 516 διαρρήδην
626 481 812 517 κηρυχθῆναι·
829 483 893 518 ῥᾷον
909 483 964 519 γὰρ

177 527 223 554 ἐπὶ
233 527 282 561 τὴν
306 526 335 558 ἐξ
349 526 439 561 ἀρχῆς
452 526 643 561 ἐπαλινδρόμει
661 527 825 554 κατάστασιν
838 536 845 544 ⁸
865 528 898 564 ἢν
913 537 963 554 κα-

177 571 333 600 ταπεσοῦσα
348 571 385 606 (8)
400 571 478 597 τοῦτο
504 571 627 606 μαθοῦσα
650 571 734 608 ψυχὴ,
753 573 794 604 τίς
810 574 826 608 ἡ
847 574 964 609 ἄκρατος

178 619 246 655 αὕτη
263 620 311 645 καὶ
335 618 431 653 βαθεῖα
450 617 530 653 λήθη,
545 618 583 649 ὡς
607 619 688 654 μηδὲν
707 619 790 654 αὐτὴν
804 619 858 645 τῶν
875 621 963 646 ἐκεῖσε

178 665 345 701 μεμνῆσθαι,
369 664 457 690 καίτοι
472 663 688 699 μνημονεύουσα,
702 665 854 701 ἀνέδραμεν
868 666 900 692 ἂν
915 665 963 701 τὴν

176 714 320 750 ταχίστην,
352 713 414 741 ὅθεν
439 712 580 746 ἐξέπεσεν,
608 715 654 740 καὶ
682 716 706 741 ει
733 716 846 750 μυρίους
879 717 963 751 ἐχρῆν

177 761 326 795 ὑποστῆναι
344 760 452 791 πόνους.
473 759 528 785 Καὶ
549 759 603 795 γὰρ
627 760 651 786 εξ
677 759 808 795 βασιλέως
825 760 892 792 υίὸς,
909 762 964 790 ἀπὸ

180 807 314 843 ῥᾳθυμίας
329 806 367 842 (9)
379 806 431 841 τῆς
447 805 589 840 βασιλικῆς
602 806 651 841 μὲν
664 807 743 841 δόξης
756 806 878 840 ἐκπέσοι,
894 807 963 842 μετὰ

178 852 283 889 λῃστῶν
299 852 326 878 δὲ
348 852 396 878 καὶ
415 851 585 886 ἀνδροφόνων
608 851 804 887 συνδιατρίϐειν
820 852 918 884 ἕλοιτο,
945 854 962 888 ἡ

179 898 273 934 μνήμη
299 899 349 933 τῆς
374 896 485 931 πρώτης
513 896 666 932 εὐημερίας
684 897 828 932 δυνήσεται
852 897 962 929 ἀπόνως

176 943 290 978 τάχιστα
302 943 486 976 ἐπαναγαγεῖν
503 942 550 968 ἐπὶ
565 941 614 977 τὴν
635 942 765 978 πατρῴαν
782 942 869 974 ἀξίαν.
886 943 918 969 Εἰ
932 942 961 969 δὲ

176 989 316 1020 παντελῶς
328 988 510 1023 ἀποσϐεσθείη
525 987 578 1014 ἀπὸ
590 989 640 1023 τῆς
653 986 743 1023 ψυχῆς
759 988 840 1015 αὐτοῦ
856 990 873 1024 ἡ
893 997 960 1024 προ-

173 1036 241 1072 τέρα
270 1036 376 1070 μνήμη,
395 1033 457 1061 οὗτε
484 1034 596 1070 βαρεῖαν
621 1034 825 1069 διαιτηοήσεται
840 1034 895 1070 (10)
912 1035 962 1070 τὴν

177 1081 246 1117 μετὰ
259 1081 313 1107 τῶν
327 1080 433 1116 λῃστῶν
447 1080 596 1114 διαγωγὴν,
617 1079 684 1106 ἀλλὰ
698 1080 745 1106 καὶ
761 1080 855 1115 ἥδιστα
871 1080 961 1112 αὐτοῖς

175 1126 373 1161 συνδιατρίϐοι·
397 1125 458 1151 οὔτε
477 1134 503 1152 τι
519 1125 617 1160 πράξοι
633 1125 688 1151 τῶν
712 1125 894 1159 ἐπαναγαγεῖν
912 1126 961 1152 αὺ-

174 1171 220 1199 τὸν
245 1171 402 1206 δυναμένων
428 1171 470 1204 ἐφ’
504 1171 536 1206 ἥν
569 1170 630 1206 μηδ’
657 1169 709 1197 οἶδε
739 1172 894 1206 βασιλείαν·
923 1172 961 1207 μὴ

174 1217 303 1252 πράττων
327 1216 356 1242 δὲ
380 1215 414 1242 τὰ
435 1215 552 1252 φέροντα
573 1215 656 1242 αὐτὸν
672 1217 772 1249 ἐκεῖσε,
790 1217 840 1244 οὐκ
855 1217 888 1244 ἂν
911 1218 960 1244 ὲπ-

174 1262 280 1290 ανέλθοι
305 1262 382 1289 ποτέ.
410 1261 439 1288 '0
465 1261 514 1296 μὲν
530 1259 577 1288 οὖν
602 1261 651 1296 τῆς
667 1261 778 1297 μνήμης
803 1262 891 1298 λόγος,
908 1263 959 1298 εἴγ’

173 1308 278 1344 ἀληθὴς
301 1306 335 1343 ἦν
361 1309 377 1343 ὴ
408 1308 556 1341 ἔκπτωσις,
589 1308 691 1340 πάντας
709 1309 869 1344 ἀνθρώπους
895 1310 960 1345 ἥλα-

173 1363 221 1381 σεν
235 1355 290 1390 (11)
303 1354 349 1381 ἐπὶ
367 1354 413 1389 τὴν
431 1354 558 1381 ἐπάνοδον
569 1362 575 1369 ·
592 1355 608 1389 ἠ
624 1354 651 1380 δὲ
668 1355 755 1390 σαφὴς
770 1355 825 1382 τῶν
840 1355 955 1390 Γραφῶν

173 1399 330 1427 διδασκαλία
346 1400 428 1427 πλέον
443 1400 475 1427 ἂν
491 1401 650 1428 ὲὸεεαίωσε.
671 1401 840 1436 Πιστεύομεν
852 1402 880 1428 δὲ
892 1402 959 1429 ἄλλα

172 1445 234 1472 τινὰ
255 1445 366 1480 μείζονα.
390 1445 469 1480 ἡμῶν
486 1446 550 1472 ὄντα
567 1446 615 1481 τῆς
631 1446 711 1478 ἀξίας
729 1447 956 1482 ἀποκεκρύφθαι·

174 1491 233 1520 ἀλλ’
247 1491 325 1526 αὕτη,
341 1491 378 1523 ὥς
401 1499 432 1526 γε
446 1488 534 1526 οἶμαι,
551 1492 675 1526 φαίνεται
700 1492 913 1528 ὠφελιμωτάτη,
927 1493 958 1519 τὸ

174 1536 243 1572 μηδὲ
266 1536 395 1572 ὁπότερον
410 1538 583 1573 γεγενῆσθαι,
610 1538 696 1565 πολλὰ
714 1538 836 1573 δόγματα
853 1540 893 1571 είς
912 1539 958 1565 τὸν

173 1582 232 1617 βίον
257 1581 430 1616 εἰσεκώμασε
458 1582 503 1609 τὸν
531 1583 674 1619 ἡμέτερον.
693 1584 725 1610 0i
750 1583 800 1619 μὲν
817 1584 872 1619 γὰρ
888 1584 956 1611 οῖον-

172 1636 218 1655 ται
236 1628 303 1663 (1‘2),
319 1627 480 1655 σϐέννυσθαι
499 1628 567 1663 μετὰ
581 1628 628 1656 τοῦ
650 1628 774 1664 σώματος
789 1629 838 1664 τὴν
851 1629 939 1665 ψυχήν
949 1637 956 1644 ·

172 1673 198 1699 οἱ
213 1672 241 1698 δὲ
265 1673 306 1699 ὅτι
324 1672 527 1704 ἀπολαύσοντες
545 1673 626 1708 μόνον
641 1675 696 1701 τῶν
715 1675 743 1700 ὲν
763 1674 831 1709 τῷδε
847 1674 885 1709 τῷ
910 1675 959 1710 βίῳ

171 1718 264 1745 καλῶν
290 1719 469 1755 παρήχθησαν
494 1720 534 1750 εἰς
551 1719 597 1747 τὸν
612 1719 683 1755 βίον·
699 1720 746 1746 καὶ
771 1721 796 1746 οι
813 1720 862 1755 μὲν
881 1721 958 1746 αὐτο-

174 1764 311 1801 ματισμὸν
329 1765 538 1801 ὲφαντάσθησαν
548 1773 554 1780 ·
571 1766 594 1792 οἱ
610 1765 639 1792 δὲ
654 1766 810 1801 εἱμαρμένῃ
821 1766 868 1792 καὶ
883 1766 958 1800 γενέ-

173 1819 216 1838 σει
241 1811 289 1838 καὶ
307 1811 376 1847 τύχῃ
400 1811 436 1838 τὰ
463 1812 524 1838 καθ’
549 1812 662 1843 ἑαυτοὺς
681 1811 852 1847 ἐπέτρεψαν·
869 1812 916 1839 καὶ
934 1813 958 1839 οἱ

173 1856 226 1892 μὲν
240 1856 369 1892 γεννητὸν
381 1857 438 1892 (15)
450 1855 519 1884 εἶναι
530 1857 576 1884 τὸν
588 1858 690 1893 κόσμον
704 1858 875 1893 ἀπεφήναντο
891 1857 956 1893 (Μ)-

171 1902 198 1928 οι
213 1902 242 1928 δὲ
265 1902 311 1929 τὸν
328 1902 377 1938 μὲν
402 1903 516 1939 οὐρανὸν
536 1904 665 1939 προνοίας
685 1903 835 1939 ἡξιῶσθαι”
854 1904 903 1938 τὴν
930 1904 959 1930 δὲ

171 1947 225 1982 γῆν
236 1948 311 1984 οὐχί·
328 1949 354 1975 οἱ
369 1949 392 1976 δ’
408 1949 460 1976 ὑπὸ
476 1950 526 1984 τῆς
542 1950 639 1981 κακίας
652 1949 683 1976 τὸ
700 1950 779 1985 σῶμα
793 1949 957 1983 πεπλᾶσθαι,

171 1994 220 2020 καὶ
245 1994 282 2030 μὴ
304 1994 434 2022 δύνασθαι
459 1995 560 2031 ἀρετῆς
582 1996 696 2030 ὄργανον
721 1993 808 2022 εἶναι’
828 1995 874 2021 καὶ
891 1995 958 2022 ἄλλα

172 2040 274 2074 μυρία·
290 2040 371 2075 ἅπερ,
392 2041 434 2067 ἵνα
451 2041 488 2077 μὴ
502 2042 531 2068 τὺ
543 2042 658 2076 λογίδιον
672 2041 848 2077 μηκύνωμεν,
867 2049 957 2077 παρα-

170 2084 266 2120 λείψω.
283 2085 374 2113 Ταῦτα
399 2086 427 2113 δὲ
446 2087 535 2114 πάντα
560 2086 676 2122 ἐσϐέσθη
689 2087 756 2123 (l5).
773 2087 806 2122 ἣν
820 2088 836 2122 ὴ
862 2087 957 2122 μνήμη

170 2130 222 2164 τῆς
236 2131 372 2166 προτέρας
388 2132 582 2164 καταστάσεως
597 2133 734 2169 ὲνυπῆρχε
749 2134 783 2169 τῇ
797 2132 881 2169 ψυχῇ,
898 2133 957 2160 eivs

170 2176 276 2211 ἀληθὴς
294 2175 327 2212 ἦν
344 2178 358 2204 ὁ
377 2178 427 2212 τῆς
451 2177 615 2210 ἐκπτώσεως
639 2178 726 2212 λόγος,
748 2178 795 2205 καὶ
812 2178 837 2205 ει
859 2179 888 2205 ὲν
903 2181 958 2210 τοῖς

171 2221 257 2256 ἱεροῖς
281 2224 416 2258 χρησμοῖς
435 2223 591 2257 σαφέστατα
618 2223 756 2258 ἐκηρύχθη
778 2222 862 2258 αὐτῆς
875 2223 892 2258 ἠ
914 2221 959 2249 ἐκ·

1016 299 1096 336 505
1112 305 1201 328 tamen
1219 309 1360 336 apparens,
1380 309 1440 329 cum
1459 302 1510 329 alia
1532 302 1613 329 multa
1628 306 1798 337 argumenta,

1017 351 1070 373 tum
1087 346 1127 374 vel
1150 347 1268 374 maxime
1288 348 1350 380 duo,
1367 353 1397 375 ut
1416 353 1506 375 nostra
1527 348 1579 376 fert
1600 348 1740 376 sententia:
1761 356 1796 375 ra-

1016 393 1062 424 tio,
1088 398 1210 420 evenere
1229 393 1353 420 videntur
1368 401 1466 421 :unum
1491 394 1610 429 quidem,
1634 395 1704 429 quod
1728 395 1800 422 istud

1015 438 1109 472 dogma
1126 437 1152 464 in
1169 437 1316 471 Scripturis
1333 445 1384 465 non
1402 439 1437 465 sit
1451 439 1591 472 perspicue
1603 441 1775 473 prmdicatum
1790 448 1796 470 ;

1015 482 1128 510 alterum
1146 490 1211 510 vero
1229 483 1395 517 impermista
1407 483 1515 510 oblivio.
1533 483 1591 511 Non
1605 485 1675 512 enim
1703 483 1796 510 vident

1015 529 1094 563 quale
1107 529 1275 556 nasciturum
1293 529 1328 556 sit
1339 529 1495 556 scandalum
1509 537 1542 556 ex
1559 529 1701 557 manifesta
1718 535 1799 565 atque

1015 576 1116 602 diserta
1129 574 1208 609 hujus
1218 574 1351 608 dogmatis
1362 575 1563 609 pradicatione.
1574 574 1692 602 Facilius
1701 576 1798 609 quippe

1015 622 1047 648 ad
1069 629 1142 654 eum,
1171 621 1196 648 in
1222 629 1274 656 quo
1298 621 1330 647 ab
1348 621 1424 647 initio
1447 619 1508 652 fuit,
1526 625 1624 647 statum
1650 625 1800 646 recurreret

1014 667 1102 693 anima
1119 673 1179 700 quae
1198 673 1230 693 eo
1250 666 1360 698 excidit,
1385 665 1428 692 ubi
1451 665 1503 692 hoc
1521 664 1655 691 didicerit.
1672 663 1799 697 Quaenam

1013 713 1071 740 hare
1088 717 1129 740 est
1144 717 1265 739 extrema
1284 717 1311 739 et
1329 712 1459 747 profunda
1476 710 1587 742 oblivio,
1605 715 1634 737 ut
1656 709 1722 736 nihil
1743 709 1798 744 ipsa

1013 759 1144 791 omnium,
1160 767 1220 793 qua:
1240 758 1265 785 iu
1282 759 1372 792 priore
1389 765 1439 785 suo
1459 761 1530 784 statu
1552 757 1656 788 habuit,
1677 755 1800 782 recorde-

1014 804 1078 831 tur?
1091 804 1171 839 Atqui
1187 804 1209 832 si
1233 804 1430 835 recordaretur,
1446 810 1526 837 quam
1548 801 1690 830 celerrime
1705 808 1737 828 eo
1755 808 1799 827 re-

1013 855 1146 882 curreret,
1173 851 1244 877 unde
1268 854 1342 877 esset
1366 849 1484 884 delapsa,
1509 847 1633 883 quamvis
1656 851 1800 875 sexcentos

1014 900 1151 930 oporteret
1173 895 1290 922 tolerare
1314 895 1430 922 labores.
1459 893 1525 920 Nam
1551 893 1573 921 si
1595 893 1665 927 regis
1686 891 1799 925 alicujus

1017 942 1087 968 illius
1099 949 1147 976 per
1159 941 1312 968 socordiam
1332 940 1463 975 dignitate
1477 940 1583 974 quidem
1599 938 1672 973 regia
1691 937 1799 965 excide-

1017 989 1068 1017 ret,
1087 992 1148 1011 cum
1166 984 1316 1011 latronibus
1334 989 1423 1011 autem
1439 988 1466 1010 et
1484 983 1592 1011 sicariis
1609 982 1711 1010 versari
1733 981 1800 1008 mal-

1016 1029 1061 1062 let,
1081 1030 1211 1057 memoria
1231 1037 1291 1057 eum
1319 1033 1393 1057 certe
1416 1029 1514 1064 prioris
1539 1028 1677 1056 felicitatis
1701 1027 1800 1062 poterit

1015 1073 1087 1100 nullo
1106 1074 1214 1108 negotio
1229 1081 1308 1108 quant
1330 1073 1473 1100 celerrime
1498 1073 1629 1100 reducere
1653 1073 1686 1099 ad
1709 1076 1799 1106 pater—

1015 1127 1077 1146 nam
1093 1119 1262 1154 diguitatem.
1278 1118 1325 1146 Sin
1340 1124 1428 1146 autem
1444 1119 1552 1153 penitus
1568 1118 1700 1146 exstincta
1715 1117 1798 1145 fuerit

1014 1170 1093 1199 atque
1109 1165 1196 1192 deleta
1216 1172 1248 1192 ex
1264 1165 1354 1191 animo
1369 1164 1454 1199 ipsius
1467 1165 1541 1198 prior
1558 1163 1699 1195 memoria,
1712 1169 1799 1196 neque

1013 1217 1095 1244 grave
1115 1214 1163 1237 aut
1188 1208 1294 1237 dimcile
1317 1210 1396 1238 ducet
1416 1217 1476 1237 cum
1498 1209 1648 1236 latronibus
1677 1215 1798 1236 commo—

1014 1255 1092 1282 rari:
1110 1255 1164 1283 imo
1184 1256 1267 1284 etiam
1291 1256 1472 1284 libentissime
1496 1255 1712 1290 suavissimcque
1736 1262 1798 1282 cum

1013 1301 1078 1335 ipsis
1090 1302 1252 1336 versabitur,
1270 1302 1389 1336 nihilque
1402 1309 1513 1336 prorsus
1526 1301 1608 1328 faciet
1621 1308 1725 1334 eorum,
1738 1308 1798 1335 qua:

1012 1352 1123 1382 possent
1148 1348 1235 1382 ipsum
1256 1348 1288 1375 ad
1312 1356 1434 1383 regnum,
1452 1348 1524 1382 quod
1546 1354 1580 1375 ne
1594 1347 1668 1375 novit
1689 1347 1797 1381 quidem

1015 1393 1140 1427 amplius,
1164 1393 1303 1421 reducere.
1322 1393 1389 1421 Cum
1417 1398 1507 1421 autem
1536 1393 1602 1420 nihil
1628 1400 1721 1420 eorum
1738 1400 1798 1428 quae

1015 1438 1101 1473 ipsum
1113 1438 1175 1466 illuc
1189 1439 1318 1466 reducere
1329 1443 1448 1473 possent,
1463 1438 1553 1471 faciat,
1566 1446 1704 1474 nunquam
1715 1439 1797 1466 etiam

1014 1493 1047 1513 eo
1072 1490 1233 1512 revertetur.
1262 1485 1354 1520 Itaque
1382 1486 1518 1513 memoria:
1540 1486 1626 1519 ratio,
1653 1486 1676 1513 si
1703 1492 1797 1512 verum

1011 1537 1084 1560 esset
1108 1532 1179 1566 quod
1205 1531 1239 1559 de
1267 1531 1341 1566 lapsu
1362 1532 1513 1559 animarum
1552 1532 1679 1565 traditur,
1703 1539 1798 1560 omnes

1012 1578 1137 1605 homines
1160 1577 1193 1604 ad
1218 1577 1334 1604 reditum
1349 1577 1387 1613 (in
1413 1578 1529 1613 priorem
1550 1583 1650 1606 statum
1672 1579 1796 1606 felicissi—

1011 1622 1094 1658 mum)
1116 1622 1284 1657 impulisset;
1310 1622 1406 1650 deinde
1428 1624 1570 1658 perspicua
1594 1624 1796 1660 Scripturarum

1009 1668 1133 1696 doctrina
1148 1669 1235 1704 magis
1250 1669 1332 1697 etiam
1353 1669 1462 1697 eosdem
1479 1671 1679 1697 conﬁrmasset.
1701 1670 1796 1698 Credi-

1010 1721 1069 1742 mus
1080 1715 1152 1742 enim
1166 1715 1217 1742 alia
1233 1715 1367 1749 quaadam,
1386 1720 1507 1742 nostrum
1529 1715 1656 1742 meritum
1676 1715 1795 1751 dignita-

1010 1765 1118 1795 temque
1132 1760 1210 1796 longe
1223 1760 1392 1792 excedentia,
1406 1760 1546 1787 recondita
1560 1768 1622 1788 esse
1637 1761 1716 1788 nobis
1726 1769 1795 1796 pne-

1010 1807 1073 1834 mia.
1092 1805 1144 1833 Sed
1160 1807 1226 1839 haec,
1243 1811 1272 1833 ut
1289 1813 1338 1841 ego
1361 1806 1499 1839 existimo,
1514 1806 1622 1833 videtur
1637 1806 1792 1840 utilissima,

1009 1854 1081 1888 quod
1105 1852 1203 1879 abolita
1228 1852 1325 1886 prioris
1352 1856 1438 1879 status
1463 1852 1560 1878 animae
1585 1852 1611 1879 in
1640 1859 1693 1886 quo
1713 1852 1794 1879 fuerit

1009 1898 1149 1929 memoria,
1165 1898 1246 1925 multa
1261 1906 1292 1925 ac
1307 1898 1380 1925 varia
1395 1898 1420 1924 iu
1437 1897 1521 1925 vitam
1535 1902 1653 1925 nostram
1667 1898 1792 1932 dogmata

1009 1943 1174 1977 itnportavit.
1198 1943 1251 1970 Alii
1269 1950 1385 1978 namque
1406 1947 1502 1978 putant
1517 1943 1653 1978 exstingui
1673 1943 1789 1970 animam

1009 1998 1069 2017 cum
1085 1997 1212 2025 corpore;
1234 1990 1280 2017 alii
1296 1998 1360 2018 vero
1378 1991 1447 2024 quod
1469 1991 1495 2017 iu
1511 1991 1593 2018 vitam
1608 1991 1676 2018 hanc
1692 1990 1791 2025 produ-

1009 2037 1045 2064 cti
1069 2037 1123 2063 sint
1142 2037 1220 2071 quasi
1244 2037 1324 2071 hujus
1347 2040 1449 2064 tantum
1475 2037 1536 2064 vitae
1556 2037 1635 2064 bonis
1651 2036 1793 2072 perfruen-

1008 2082 1071 2110 dtuu
1090 2082 1141 2109 sibi
1157 2087 1237 2109 esset.
1258 2081 1290 2108 Et
1306 2082 1350 2109 alii
1370 2083 1478 2117 quidem
1499 2091 1590 2111 casum
1607 2083 1792 2114 temerarium,

1009 2136 1062 2163 quo
1075 2128 1164 2155 omnia
1180 2128 1333 2162 volvantur,
1349 2129 1536 2163 excogitarunt
1549 2137 1557 2162 ;
1570 2129 1613 2156 alii
1632 2133 1721 2156 autent
1737 2129 1793 2156 lato

1008 2180 1036 2202 et
1049 2175 1204 2202 necessitati
1220 2179 1298 2202 ortus
1313 2180 1339 2202 et
1355 2175 1469 2202 fortuna:
1484 2182 1527 2202 res
1545 2176 1677 2202 humanas
1693 2177 1788 2209 permi-

1009 2227 1102 2249 serunt
1124 2221 1364 2249 administrandas.
1385 2220 1417 2248 Et
1434 2221 1478 2248 alii
1499 2222 1606 2255 quidem
1625 2227 1713 2249 ortum
1734 2229 1793 2248 esse

169 2275 286 2300 πτωσις,
301 2267 420 2294 καλοῦσα
434 2269 480 2294 ἐπὶ
493 2269 542 2304 τὴν
558 2269 697 2296 ἐπάνοδον.
711 2270 759 2296 Διὰ
777 2268 826 2304 μὲν
840 2268 894 2303 γὰρ
908 2268 955 2295 τοῦ

1012 2268 1139 2294 mundum
1167 2267 1378 2301 pronuntiarunt
1407 2268 1474 2297 (alii
1504 2272 1599 2295 contra
1631 2269 1664 2295 ab
1692 2273 1793 2296 aeterno

169 2311 281 2347 πρώτου
297 2313 344 2339 καὶ
358 2313 488 2349 ’Έλληνες
510 2314 557 2341 καὶ
572 2314 718 2350 βάρϐαροι-ο
737 2314 781 2341 διὰ
793 2314 820 2340 δὲ
834 2314 881 2341 τοῦ
895 2314 957 2341 δευ-

1012 2313 1134 2349 l‘uisse);
1151 2313 1195 2340 alii
1212 2313 1308 2341 coelum
1323 2313 1430 2348 quidem
1448 2313 1646 2349 providentiam
1669 2314 1714 2342 Dei
1735 2322 1792 2341 sor-

713 2399 830 2427 ΥΑῐὶΙᾹΞ
850 2398 1042 2427 LECTIONES
1061 2398 1104 2425 ET
1123 2398 1239 2426 ΝΟΤᾸΕ.

207 2477 247 2538 :6)
263 2477 326 2504 Post
337 2477 383 2504 δύο
396 2478 424 2503 δὲ
437 2478 496 2505 cod.
514 2476 572 2504 Vat.
597 2477 671 2505 addit
689 2477 822 2513 μάλιστα-
847 2477 954 2504 Possm.

220 2512 246 2538 '1')
261 2513 301 2538 οὐ
315 2512 475 2538 συνοοῶσα
493 2512 559 2538 φάο.
581 2513 609 2538 F.
627 2513 678 2538 lea.
703 2512 846 2538 συνορῶσι.
873 2511 954 2538 Rt'r'r.

208 2511 246 2546 (7)
261 2513 301 2539 οὐ
315 2512 475 2545 συνορῶσα
493 2512 559 2547 γάρ.
581 2513 609 2539 F.
627 2513 678 2547 leg.
690 2511 846 2547 συνορῶσι.
873 2511 955 2539 Rt'r'r.

208 2539 247 2583 (8)
266 2546 351 2583 verba
367 2547 419 2578 illa,
434 2547 467 2582 ἣν
483 2547 672 2574 καταπεσοῦσα
685 2553 712 2574 et
733 2555 792 2583 qua:
808 2552 958 2580 sequuntur

170 2581 259 2616 usque
269 2582 303 2609 ad
315 2581 387 2617 ψυχὴ
405 2582 549 2612 inclusive,
568 2582 607 2609 sic
620 2582 699 2609 alitt-r
711 2582 866 2617 scribuntur
878 2586 902 2608 el
914 2589 959 2617 pr—

171 2615 300 2644 din’antur
324 2615 426 2644 inﬂebd.
453 2618 525 2648 cod.,
542 2618 558 2651 ἡ
581 2617 771 2643 καταπεσοῦσα
792 2615 866 2651 ψυχὴ
881 2615 959 2642 τοῦτο

172 2651 308 2686 μαθοῦσα.
323 2651 387 2678 Post
400 2651 452 2683 τίς,
469 2652 539 2686 quod
557 2652 648 2679 statim
663 2652 796 2686 sequitur,
815 2651 883 2678 idem
898 2651 958 2678 cod.

170 2687 247 2713 addit
262 2686 300 2713 δέ.
317 2686 420 2714 Possm.

209 2721 248 2753 (9)
264 2721 316 2748 Pro
325 2721 378 2747 ἀπὸ
390 2721 525 2756 ῥᾳθυμίας
538 2721 607 2748 idem
616 2721 675 2748 cod.
692 2720 787 2748 scribit
798 2719 956 2756 unorverbo2

171 2754 468 2818 μπορῤᾳθυμήσαςμῐ
489 2757 528 2783 sic
553 2758 612 2783 cod.
642 2756 738 2782 Bavar.
758 2762 802 2789 ap.
829 2754 957 2790 llitterlt.]

184 2799 210 2818 ο.

184 2799 210 2818 D.

208 2825 264 2860 (10)
283 2825 335 2852 Pro
350 2825 550 2861 διαιτηθήσεται
574 2825 642 2861 idem
663 2825 723 2852 cod.
750 2825 832 2852 habet
858 2827 957 2861 ἡγήσει

171 2869 227 2887 ται.
243 2861 283 2896 In.
302 2861 378 2887 Vers.
399 2868 456 2895 seq.
476 2860 617 2896 Διαγῳγὴν
631 2861 701 2896 idem
722 2865 798 2896 auget
813 2860 957 2896 praaposito

174 2904 232 2923 συν.
255 2895 315 2924 lllox
330 2903 379 2930 pro
399 2895 578 2931 συνδιατρίὸοι
596 2895 883 2930 εςνίὺίισυνδιατρίψει
896 2896 955 2924 cod.

1011 2478 1070 2504 Vat.

1045 2512 1101 2548 (li)
1118 2512 1236 2539 Ἤλασεν
1251 2517 1330 2546 auget
1353 2513 1378 2540 in
1398 2511 1556 2548 συνήλασεν.
1585 2514 1659 2541 Vers.
1682 2512 1743 2540 inde
1764 2514 1791 2545 ‘2,

1009 2547 1037 2573 δὲ
1053 2552 1138 2583 mutat
1160 2548 1185 2574 in
1203 2549 1267 2583 γάρ.
1285 2547 1324 2574 lo.

1047 2582 1101 2617 (12)
1121 2583 1223 2617 Οιμὲν
1235 2582 1290 2617 γὰρ
1314 2582 1436 2610 οἷονται.
1457 2583 1542 2610 Variae
1571 2582 1707 2610 hominum
1733 2583 1793 2617 opi-

1010 2618 1106 2644 niones
1128 2618 1160 2647 de
1184 2617 1273 2645 anima
1297 2623 1324 2645 et
1347 2618 1526 2654 providentia.
1555 2617 1652 2645 Confer
1677 2625 1719 2650 ep.
1746 2618 1790 2650 99,

1010 2659 1099 2679 supra.
1119 2652 1199 2679 Βιττ-

1009 2659 1099 2679 supra.
1119 2659 1199 2679 ΠΙΤΤ-

1119 2660 1314 2723 alligavqu
1330 2688 1391 2715 cod.
1407 2687 1468 2715 Vat.
1491 2686 1543 2714 650
1567 2686 1641 2721 ponit
1656 2685 1789 2720 ἀπρονόη-

1009 2730 1063 2748 τον.
1083 2721 1187 2749 Possm.

1046 2757 1100 2789 (Η)
1121 2758 1336 2791 ’Λπερήναντα
1355 2755 1640 2791 Videtur:ulilendltttt,
1659 2755 1682 2780 οί
1697 2754 1724 2780 δὲ
1742 2755 1790 2790 μὴ,

1010 2792 1062 2822 vel,
1075 2793 1098 2817 οἱ
1116 2792 1143 2817 δὲ
1158 2792 1303 2826 ἀγέννητον
1315 2792 1362 2818 καὶ
1379 2791 1478 2826 ἀΐδιον),
1489 2790 1570 2817 Ιῖιττ.

1046 2826 1101 2861 (15)
1123 2823 1254 2861 Ἐσϐἑσθη
1275 2831 1360 2853 mutat
1383 2825 1441 2852 cod,
1462 2825 1531 2861 δῖοιζ
1547 2827 1572 2850 iu
1598 2823 1746 2859 ὲσεῖάσοη,
1765 2829 1794 2851 et

1010 2859 1054 2896 ἢν,
1069 2862 1139 2896 quod
1156 2859 1253 2888 statim
1264 2863 1386 2896 sequitur
1414 2860 1439 2887 in
1457 2859 1499 2886 ἄν.
1518 2859 1620 2886 Possm.
