2049 3164
296 175 363 207 1263

883 170 914 200 S.
937 169 1084 200 ISIDORI
1102 169 1321 200 PELUSIOTA‘J

1860 171 1928 204 1264

294 241 333 262 ira
347 231 550 268 deprehensum
570 229 598 258 in
615 229 750 265 ejusmodi
778 232 890 265 peccato
914 229 1083 264 projecisset,

1144 237 1207 256 ςτων
1224 228 1404 263 πταισμάτων
1417 226 1626 263 καθαρεύοντες,
1641 228 1690 265 τὴν
1702 230 1840 265 τιμωρίαν
1858 233 1929 259 κατὰ

292 279 338 308 sed
357 283 387 306 ut
419 277 460 304 illi
490 277 536 312 qui
561 283 576 303 a
606 276 725 311 peccatis
753 275 830 303 venia
856 275 974 310 indignis
1001 280 1082 310 atque

292 323 446 352 carentibus
457 322 550 350 mundi
579 326 607 349 et
627 321 763 349 immunes
793 324 895 352 essent,
919 319 1082 355 supplicium

292 370 346 398 illis
357 370 403 404 qui
419 372 578 404 peccarunl,
590 368 755 403 irrogarent.
772 366 820 394 Est
834 367 907 394 enim
919 364 1084 394 absurdissi-

291 423 366 443 mum
381 419 405 443 el
416 414 617 449 gravissimum,
629 421 676 441 eos
692 413 811 447 quidem,
826 413 872 447 qui
889 412 967 447 longe
982 412 1083 447 majora

1134 274 1190 301 τῶν
1210 274 1360 302 πταιόντων
1376 274 1550 310 ἀποφέροιεν.
1579 275 1763 303 ’Δτοπώτατον
1798 277 1855 313 γάρ
1872 278 1929 304 ἔστι

1138 321 1187 348 καὶ
1201 321 1261 348 λίαν
1271 321 1434 353 δεινότατον,
1448 322 1511 353 τοὺς
1529 321 1640 358 μείζονα
1654 321 1769 354 πολλοὺς
1784 323 1932 355 πταίοντας

1139 367 1200 402 μὲν,
1228 367 1410 399 λανθάνοντας
1425 368 1454 394 δὲ
1467 388 1474 400 ,
1498 369 1624 404 παρορᾷν
1635 376 1642 383 ⁸
1664 368 1827 396 καταλιθοῶ
1841 369 1872 396 δὲ
1887 369 1933 396 τὸν

1138 414 1185 440 ἐπὶ
1199 414 1319 441 ἐλάττονι
1345 413 1394 449 μὲν
1410 414 1574 446 πταίσαντα,
1586 414 1748 450 φωραθέντα
1764 415 1804 442 δέ.

292 462 474 498 peccant,scd
512 461 610 489 occulti
645 461 740 492 latent,
774 460 944 495 negligenter
976 460 1180 495 transmittere;
1216 462 1349 496 lapidibus
1380 466 1470 489 autem
1501 462 1616 490 obruere
1661 469 1725 489 eum
1750 462 1797 496 qui
1832 462 1932 490 minori

293 509 400 544 quidem
430 509 456 535 in
477 515 506 535 re
534 508 624 542 lapsus
649 512 703 540 estI
717 507 764 535 sed
781 507 965 541 deprehensus
994 507 1020 533 in
1035 505 1143 535 delicto.

399 566 514 594 CLXXI.
526 582 559 587 —
569 565 697 594 llEltONl
724 565 974 593 SCIIOLASTICO.

327 623 385 651 Non
400 623 484 650 solatii
502 631 545 656 ea,
563 631 625 658 quae
637 631 691 650 non
707 628 770 651 sunt
791 624 817 650 in
830 628 923 651 nostra
936 627 1080 658 potestate,

295 674 324 697 ut
341 675 380 701 ιιι,
397 670 437 696 vir
455 669 574 703 sapiens,
602 669 754 704 arbitraris,
767 669 814 696 sed
837 676 868 696 ea
891 676 998 703 quoque
1015 677 1084 704 quo-

295 724 352 743 rum
365 723 413 742 nos
431 723 522 742 smnus
540 714 652 746 domini,
666 715 689 742 si
701 722 755 742 non
776 722 873 750 magna
901 714 994 742 auxilii
1009 715 1086 750 copia

293 763 372 790 nobis
386 769 401 788 a
414 761 504 788 divina
518 761 687 795 providentia
703 761 841 793 adveniat,
860 768 912 788 non
935 761 1086 796 poterimus

295 809 328 835 ad
343 807 493 842 perlectum
513 807 594 834 ﬁnem
628 807 786 841 exitumque
815 807 975 842 perducere.
988 807 1085 834 Aderit

295 859 385 881 autent
405 854 431 881 id
447 859 555 888 pra-sto,
569 853 679 881 omnino
695 854 728 881 iis
747 854 967 888 liominibus,qui
985 855 1088 889 absque

295 899 522 934 tergiversatione
537 906 568 925 ac
580 903 714 933 prmtextu
729 898 783 926 ullo
811 905 842 926 ea
858 906 919 933 qua:
943 906 1027 933 penes
1058 896 1087 925 se

295 951 359 973 sunt
385 946 517 979 inferunt,
534 946 658 980 nihilque
686 953 790 977 eorum,
806 953 866 980 qua:
881 945 915 973 ad
944 945 1006 973 illud
1036 946 1088 972 im-

298 991 458 1026 petrandum
475 991 628 1019 conducere
641 991 778 1024 videntur,
792 991 1012 1027 przetermittunl.
1022 991 1087 1018 Nam

296 1037 402 1070 (divina
433 1037 618 1072 providentia)
643 1044 703 1071 qua:
726 1045 779 1065 non
809 1037 932 1065 volentes
947 1037 1047 1065 excitat
1061 1042 1089 1065 et

1276 568 1361 594 POA'.
1376 582 1410 588 —
1430 568 1534 594 HPQNI
1555 566 1785 602 ΣΧΟΛΑΣΤΙΚῼ.

1174 624 1211 650 Οὐ
1227 625 1308 658 μόνον
1323 625 1378 655 τοῖς
1389 624 1440 650 οὐκ
1455 623 1498 657 ἐφ’
1515 623 1590 658 ἡμῖν,
1604 619 1626 650 ὦ
1641 623 1718 658 σοφὲ,
1734 622 1772 654 ὡς
1787 623 1854 658 ἡγῇ,
1867 623 1933 650 ἀλλὰ

1139 664 1228 697 καῖὲν
1239 670 1330 701 αὐτοῖς
1345 669 1388 704 ἐφ’
1403 670 1481 711 ἡμῖν,
1493 670 1517 695 εί
1537 668 1574 704 μὴ
1588 667 1672 704 πολλὴ
1690 669 1758 704 ἡμῖν
1773 668 1846 704 ῥοπὴ
1859 670 1933 703 παρὰ

1138 715 1188 750 τῆς
1205 714 1280 746 θείας
1296 713 1426 749 προνοίας
1443 713 1626 748 ἐπιφοιτήσει,
1642 713 1693 740 οὐκ
1710 713 1742 739 ἂν
1753 712 1933 748 δυνηθείημεν

1139 759 1210 788 αὐτὰ
1233 761 1272 791 είς
1288 759 1364 789 τέλος
1377 758 1471 794 ἄρτιον
1486 758 1542 793 (5|)
1557 759 1680 793 ἀγαγεῖν.
1705 757 1894 794 Ἐπιφοιτήσει
1906 758 1935 784 δὲ

1139 806 1266 837 πάντως,
1281 806 1339 836 τοῖς
1358 804 1448 831 πάντα
1465 803 1500 830 τὰ
1521 805 1586 839 παρ’
1603 803 1707 831 ἑαυτῶν
1725 804 1790 831 ἄνευ
1807 803 1936 838 σκήψεως

1139 852 1306 887 είσφέρουσι,
1321 851 1368 877 καὶ
1384 850 1467 885 μηδὲν
1481 849 1724 885 παραλιμπάνουσι
1739 850 1794 877 τῶν
1805 850 1846 882 εἰς
1857 849 1939 875 τοῦτο

1142 899 1290 934 φερόντων.
1323 898 1355 924 'H
1378 897 1433 931 γὰρ
1457 896 1519 928 τοὺς
1544 898 1580 932 μὴ
1611 896 1793 932 βουλομένους
1819 896 1936 932 προτρέ-

1141 952 1229 970 πουσα
1239 965 1247 978 ,
1262 944 1325 975 τοὺς
1339 943 1531 978 βουλομένους,
1546 943 1595 970 καὶ
1608 943 1698 970 πάντα
1713 942 1871 975 ποιοῦντας,
1889 943 1937 969 καὶ

1141 989 1434 1026 πραγματευομένους,
1448 990 1558 1021 πάντως
1571 991 1611 1022 είς
1623 990 1709 1025 αὐτὴν
1722 989 1777 1016 τῶν
1793 989 1938 1024 κατορθω-

1145 1037 1237 1071 μάτων
1256 1036 1359 1063 ἀνοίσει
1372 1036 1423 1070 τὴν
1438 1038 1572 1072 κορυφήν.

295 1085 420 1112 hortatur
433 1088 462 1110 ut
477 1083 569 1117 velint,
589 1083 713 1119 profecto
730 1091 788 1116 eos,
803 1084 848 1119 qui
887 1085 994 1117 volunt,
1020 1083 1166 1120 omniaque
1198 1083 1302 1111 faciunt
1327 1088 1355 1110 et
1381 1082 1498 1110 sollicite
1524 1086 1618 1118 agunt,
1654 1083 1766 1109 omnino
1792 1083 1820 1109 in
1849 1082 1939 1118 ipsum

296 1129 430 1164 pra-clare
446 1128 581 1156 factorum
591 1128 723 1156 subvehet
736 1129 886 1164 fastigium.

378 1185 507 1214 CLXXII.
517 1185 737 1214 —1EMILIANO
761 1185 1001 1214 PRESBYTERO.

333 1243 391 1271 Non
405 1244 501 1278 exigua
513 1251 546 1271 ex
563 1243 745 1270 maximorum
760 1243 1086 1278 praeclarissimorumquc

299 1290 407 1317 virtutis
420 1297 532 1324 operum
549 1289 809 1317 commemoratione
821 1293 963 1323 promanat
975 1288 1089 1316 utilitas.

299 1334 366 1361 Nam
376 1339 402 1361 et
418 1334 585 1361 dormientes
593 1334 701 1362 animas
715 1334 749 1361 ad
761 1335 886 1362 virtutem
897 1337 1089 1369 capessendam

301 1379 461 1411 exsuscitat,
482 1383 510 1406 et
540 1378 654 1413 ignavas
685 1386 717 1405 ac
743 1380 874 1406 socordes
916 1379 1091 1406 excitatiores

302 1423 394 1455 cﬂicil,
420 1429 446 1450 et
461 1423 534 1450 vitiis
552 1422 723 1457 indulgentes
737 1424 901 1450 erubescere
911 1423 1001 1455 docet,
1011 1429 1092 1458 atque

300 1470 333 1497 ad
351 1469 536 1503 paenitentiam
551 1468 682 1502 agendam
698 1468 820 1496 adducit.
832 1469 916 1503 quue
943 1469 1090 1496 ostendens

301 1515 411 1548 sapiens
427 1513 472 1541 ille
502 1513 712 1541 Proverbiorum
747 1514 864 1548 scriptor
889 1514 979 1542 dixit:
997 1524 1006 1540 (
1024 1514 1089 1542 Favi

301 1559 390 1586 mellis
404 1563 467 1586 sunt
492 1565 634 1586 sermones
660 1559 766 1586 honesti
782 1559 803 1586 ³.
820 1568 829 1586 ι
848 1558 983 1588 llonestos
1013 1565 1091 1587 vocat

301 1612 357 1636 eos,
369 1605 414 1638 qui
429 1604 461 1631 de
475 1604 576 1638 pietate
590 1611 622 1631 ac
639 1604 738 1632 virtute
769 1604 923 1638 habentur;
939 1613 993 1633 non
1017 1605 1089 1638 illos,

302 1649 349 1684 qui
373 1649 490 1676 ascititia
506 1649 621 1683 quadam
637 1654 778 1677 venustate
787 1658 815 1678 se
829 1651 978 1685 venditant,
991 1652 1091 1687 sedqui

301 1702 333 1721 ex
349 1701 378 1722 se
389 1694 454 1728 ipsis
469 1694 547 1728 quasi
559 1694 639 1721 domo
656 1693 772 1721 aii‘crunt
785 1695 910 1723 veritatis
937 1695 1091 1730 pulchrituu

301 1740 415 1767 dinem:
433 1745 485 1766 non
508 1739 554 1773 qui
585 1743 714 1773 tanquam
737 1739 763 1766 in
787 1747 870 1768 curru
908 1741 1016 1775 poetico
1043 1745 1089 1768 aut

301 1785 420 1812 oratorio
432 1786 579 1817 vehuntur,
599 1784 646 1812 sed
672 1785 734 1820 quia
759 1787 878 1813 nativam
906 1791 987 1820 atque
1002 1795 1017 1814 a
1033 1787 1088 1814 Deo

303 1831 391 1858 datam
412 1831 564 1864 pedestrem
591 1831 715 1857 semitam
740 1836 840 1858 terunt.
862 1831 944 1866 512
968 1832 1000 1859 Et
1026 1833 1091 1867 quid

304 1878 411 1904 tandem
439 1877 502 1904 hinc
533 1877 602 1905 redit
630 1877 776 1904 utilitatis?
792 1878 859 1905 doce
885 1885 1092 1912 nos,qii:£so,o

305 1923 429 1957 Sapiens.
453 1932 462 1948 ι
479 1923 595 1950 Dulcedo
611 1928 700 1950 autem
715 1931 808 1950 eorum
827 1923 950 1959 (inquit)
963 1930 1092 1951 estsana-

306 1968 343 1993 tio
359 1967 456 1994 animae
474 1968 506 1994 ‘°.
527 1977 536 1993 ›
555 1968 687 2000 Quoniam
713 1969 794 2002 igitur
810 1974 917 1996 constat
943 1970 1093 2004 priscorum

306 2012 444 2040 hominum
459 2013 588 2048 praeclara
607 2014 737 2047 facinora,
755 2015 778 2042 si
794 2016 898 2043 crebris
923 2021 1093 2051 usurpentur

305 2059 486 2090 sermonibus,
498 2067 549 2086 non
567 2059 692 2094 exiguam
714 2068 810 2094 parcre
840 2062 982 2089 utilitatem
1000 2063 1092 2095 ;assi-

1237 1185 1320 1213 POB’.
1341 1201 1374 1205 —
1389 1184 1570 1220 ΛΙΜΙΛΙΑΝῼ
1584 1185 1810 1220 ΠΡΕΣΒΥΤΕΡῼ
1821 1205 1828 1212 .

1180 1241 1235 1277 (5‘2)
1252 1241 1289 1267 Οὐ
1311 1241 1397 1276 μικρὰ
1411 1240 1467 1275 (55)
1482 1241 1514 1267 ὲκ
1525 1239 1580 1267 τῶν
1598 1240 1734 1275 μεγίστων
1751 1237 1934 1274 κατορθωμά-

1147 1296 1203 1314 των
1225 1287 1378 1322 διηγήσεως
1391 1286 1521 1321 ὠφέλεια.
1544 1286 1599 1318 Τὰς
1615 1285 1665 1321 μὲν
1687 1286 1742 1320 γὰρ
1759 1285 1935 1321 κοιμωμένας

1144 1333 1234 1368 ψυχὰς
1243 1333 1372 1368 διεγείρει
1388 1332 1457 1366 πρὸς
1475 1333 1578 1368 ἀρετήν
1587 1340 1594 1348 ·
1618 1331 1668 1363 τὰς
1681 1331 1711 1358 δὲ
1722 1331 1832 1367 νωθρὰς
1843 1330 1937 1362 ὀξυτέ-

1147 1388 1197 1415 ρας
1226 1377 1454 1412 παρασκευάζει·
1482 1379 1533 1410 τὰς
1559 1378 1587 1405 δὲ
1614 1378 1715 1404 κακίαν
1743 1376 1938 1412 ἁσπαζομένας

1145 1425 1277 1462 apququ
1299 1424 1435 1458 διδάσκει,
1456 1424 1504 1451 καὶ
1521 1425 1560 1456 είς
1581 1423 1725 1459 μετάνοιαν
1750 1422 1856 1458 ὁδηγεῖ.
1882 1423 1937 1448 Καὶ

1104 1490 1125 1518 C
1149 1471 1231 1498 τοῦτο
1256 1472 1270 1498 ὁ
1287 1471 1367 1505 σοφὸς
1391 1471 1498 1502 δεικνὺς
1513 1468 1720 1504 Παροιμιαστὴς
1737 1468 1800 1503 ἔφη·
1821 1477 1830 1493 ι
1847 1467 1940 1503 Κηρία

1144 1517 1252 1552 μέλιτος
1270 1516 1345 1550 λόγοι
1370 1516 1458 1543 καλοί.
1479 1526 1488 1542 ο
1507 1515 1614 1546 Καλοὺς
1633 1514 1716 1548 λέγει,
1735 1514 1800 1545 τοὺς
1811 1513 1876 1549 περὶ
1891 1513 1938 1539 εὖ-

1143 1562 1251 1594 σεδείας
1273 1563 1320 1589 καὶ
1341 1563 1442 1598 ἀρετῆς
1460 1561 1637 1597 κινουμένους
1648 1581 1655 1593 ,
1671 1561 1701 1587 οὐ
1717 1561 1782 1592 τοὺς
1800 1561 1939 1595 ὲπικτήτῳ

1143 1608 1309 1644 κομμωτικῇ
1325 1608 1561 1644 σεμνυνομένους,
1578 1607 1648 1634 ἀλλὰ
1671 1607 1735 1638 τοὺς
1760 1606 1870 1633 οἴκοθεν
1887 1607 1936 1632 ἐπ’

1142 1654 1296 1690 αγομένους
1312 1654 1362 1689 τῆς
1378 1653 1508 1689 ἀληθείας
1526 1653 1557 1680 τὸ
1577 1652 1674 1685 κάλλος
1685 1661 1691 1667 ⁸
1709 1651 1741 1678 οὐ
1755 1653 1820 1683 τοὺς
1834 1651 1875 1686 ἐφ’
1886 1652 1937 1686 ἆρ-

1145 1708 1230 1735 ματος
1246 1699 1390 1734 ποιητικοῦ
1405 1700 1422 1734 ἢ
1439 1698 1587 1735 ῥητορικοῦ
1599 1698 1778 1733 ὀχουμένους,
1795 1696 1863 1723 ἀλλὰ
1876 1697 1936 1727 τοὺς

1142 1747 1194 1782 τὴν
1204 1746 1328 1782 ἔμφυτον
1350 1747 1397 1772 καὶ
1420 1745 1586 1782 θεοδὼρητον
1604 1745 1691 1780 πεζὴν
1707 1744 1823 1779 πορείαν
1848 1753 1936 1770 ποιου-

1146 1792 1243 1827 μένους
1254 1801 1260 1807 ·
1276 1792 1323 1819 καὶ
1338 1792 1365 1819 τί
1378 1792 1409 1819 τὸ
1425 1791 1550 1819 ἐντεῦθεν
1564 1791 1679 1825 ὅφελο;;
1693 1790 1815 1822 Δίδαξον,
1827 1787 1849 1817 ὦ
1862 1789 1935 1823 σοφὲ.

1148 1846 1158 1863 ι
1181 1837 1331 1872 Γλὺκασμα
1348 1837 1376 1863 δὲ
1393 1836 1484 1864 αὐτῶν
1507 1836 1578 1868 ἴασις
1593 1836 1692 1871 ψυχῆς.
1717 1845 1726 1861 ι
1752 1836 1831 1861 Ἐπεὶ
1849 1834 1937 1861 τοίνυν

1145 1883 1175 1909 οὐ
1193 1882 1295 1918 μικρὰν
1309 1882 1399 1909 casm
1415 1882 1464 1918 τὴν
1478 1882 1614 1916 ὠφέλειαν
1631 1882 1664 1908 τὰ
1682 1881 1739 1908 τῶν
1756 1881 1877 1908 παλαιῶν
1888 1880 1938 1906 ἀν-

1147 1927 1348 1963 δραγαθήματα
1362 1947 1369 1960 ,
1388 1927 1509 1963 συνεχῶς
1532 1928 1582 1958 τὰς
1612 1927 1716 1953 τούτων
1736 1926 1876 1962 ἀριστείας
1910 1926 1942 1950 ὲν

1148 1972 1288 2006 συλλόγοις
1306 1971 1352 1998 καὶ
1372 1972 1508 2006 διαλόγοις
1533 1972 1562 1998 ὲν
1580 1972 1655 2006 μέσῳ
1678 1971 1821 2005 φέρωμεν.
1851 1970 1941 1996 Πολλὰ

1146 2018 1201 2054 γὰρ
1220 2018 1324 2053 ψυχικὰ
1345 2019 1486 2053 νοσήματα
1499 2039 1506 2050 ,
1523 2018 1573 2044 κιὶ
1592 2018 1777 2050 λανθάνοντα,
1789 2019 1836 2044 καὶ
1852 2017 1923 2052 δῆλα
1936 2037 1945 2046 .

1147 2064 1298 2100 θεραπείας
1313 2065 1472 2100 προσφόρου
1490 2063 1624 2096 τεύξεται.
1820 2058 1828 2064 ’

305 2105 356 2131 due
372 2106 490 2139 ipsorum
508 2106 616 2140 egregia
644 2105 714 2133 facta
731 2108 757 2134 iii
774 2108 890 2136 emtibus
905 2113 932 2135 et
947 2109 1091 2144 colloquiis
1112 2110 1137 2136 in
1153 2110 1272 2138 medium
1297 2110 1477 2143 proferamus.
1513 2109 1587 2136 ΜιιΙιὶ
1616 2108 1689 2136 enim
1709 2108 1796 2135 morbi
1831 2107 1947 2135 animo-

305 2160 375 2185 rum,
401 2158 454 2180 tain
486 2153 601 2181 latentes
631 2162 712 2188 quam
740 2155 887 2187 manifesti.
919 2156 982 2184 hinc
1007 2155 1170 2184 medicinam
1184 2155 1336 2191 appositam
1352 2160 1380 2183 et
1396 2155 1601 2182 convenientem
1616 2161 1830 2190 consequentur.

453 2209 758 2237 CLXXlll.-IIELIAS
786 2211 944 2238 DIACONO.

332 2252 365 2279 In
379 2253 456 2286 illud,
473 2263 482 2279 ι
503 2255 626 2289 υίιροηει
641 2264 772 2282 sermones
787 2264 847 2282 suos
860 2257 885 2282 in
899 2257 1001 2290 judicio
1012 2257 1043 2284 “.
1061 2266 1070 2283 ι

344 2329 551 2364 Sapientissime
565 2333 616 2364 \‘ir,
628 2333 674 2367 qui
692 2333 723 2359 ad
748 2333 864 2367 gratiam
879 2333 999 2366 laudauit,
1016 2339 1043 2362 ct
1060 2336 1092 2362 ad

307 2376 398 2404 odium
415 2377 571 2411 vituperant
593 2378 671 2409 alios.
686 2387 739 2406 non
756 2383 820 2407 sunt
836 2380 863 2407 in
876 2379 1017 2408 hominum
1044 2389 1094 2407 ιιιι-

309 2427 385 2448 inero
399 2421 516 2449 habendi
532 2431 540 2449 :
555 2423 604 2450 sed
618 2423 667 2456 illi,
681 2425 812 2458 quicerto
825 2424 927 2459 judicio
947 2430 974 2452 ct
1002 2430 1096 2452 amant

307 2473 335 2494 ct
349 2469 559 2502 reprehendunt.
575 2469 640 2502 Qua:
658 2477 740 2498 causa
757 2478 866 2506 quoque
886 2476 938 2504 est,
951 2479 1000 2498 cur
1022 2471 1096 2499 Psal-

308 2521 413 2541 niorum
445 2514 562 2548 scriptor
592 2514 679 2542 virum
708 2516 811 2550 justum
843 2517 1005 2551 praedicans,
1026 2517 1097 2544 inter

309 2557 359 2585 alia
373 2558 471 2594 quibus
481 2559 600 2592 excellit,
614 2560 695 2588 etiam
725 2561 775 2589 hoc
795 2564 922 2597 apposuit
942 2563 1022 2599 eique
1049 2565 1098 2590 lri-

343 2640 354 2656 ⁹
366 2639 447 2668 Prov.
463 2648 518 2672 xvi,
533 2639 578 2668 Ἃ.
617 2641 638 2656 ’⁵
651 2639 716 2668 ibid.
757 2639 777 2656 ¹¹
794 2639 864 2668 Psal.
877 2649 933 2674 cn,
946 2641 972 2668 5.

1340 2211 1422 2238 P01".
1439 2226 1474 2231 —
1489 2211 1573 2246 ΗΛΙᾼ
1587 2210 1748 2246 ΔΙΑΚΟΝῼ.

1170 2254 1220 2287 EI;
1232 2255 1276 2287 τὸ,
1305 2264 1314 2280 ι
1335 2255 1532 2316 οἰκονομήσεῖ
1559 2255 1630 2288 τοὺς
1647 2256 1760 2289 λόγους
1778 2253 1871 2280 αὐτοῦ
1897 2255 1937 2280 ἐν·

1479 2298 1515 2324 κρ
1529 2298 1586 2317 σει.
1595 2302 1605 2318 ι

1182 2335 1219 2361 Οὺ
1232 2335 1303 2370 χρὴ,
1317 2332 1339 2362 ὦ
1365 2336 1516 2371 σοφώτατε,
1533 2330 1680 2370 tabi-mea;
1697 2335 1779 2370 χάριν
1792 2334 1948 2361 ἐπαινοῖν-

1149 2389 1214 2413 τας,
1233 2382 1280 2408 καὶ
1297 2382 1365 2418 πρὸς
1384 2382 1534 2417 ἀπέχθειαν
1551 2381 1699 2416 ψέγοντας,
1717 2382 1759 2412 είς
1780 2379 1949 2414 ἀνθρώπως

1147 2427 1276 2463 ἀριθμεῖν
1288 2435 1295 2442 '
1322 2427 1378 2454 ἀλλ’
1395 2427 1516 2459 ἐκείνους
1537 2427 1600 2458 τοὺς
1618 2427 1711 2461 κρίσει
1732 2427 1780 2453 καὶ
1798 2424 1951 2459 φιλοῦντας

1149 2473 1196 2499 καὶ
1211 2473 1383 2507 ἐλέγχοντας.
1406 2473 1452 2499 Διὸ
1468 2473 1514 2499 καὶ
1527 2473 1540 2499 ὁ
1553 2472 1680 2507 Μελῳδὸς
1693 2472 1740 2499 τὸν
1757 2472 1860 2499 δίκαιον
1876 2471 1951 2497 ἁνα-

1150 2517 1296 2554 κηρύττων
1309 2538 1315 2550 ,
1343 2518 1412 2553 μετὰ
1435 2517 1489 2544 τῶν
1509 2517 1597 2544 ἄλλων
1619 2518 1871 2552 πλεονεκτημάτων
1901 2516 1956 2542 καὶ

1150 2564 1229 2590 τοῦτο
1246 2563 1432 2598 προσέθηκεν·
1450 2573 1459 2589 ι
1474 2564 1654 2598 Οἰκονομήσει
1669 2564 1735 2595 τοὺς
1750 2563 1843 2597 λόγους
1858 2561 1959 2589 αὐτοῦ

860 2717 977 2744 VARI/{'3
998 2717 1189 2745 ιΕυτιΟΝι-ξδ
1206 2718 1249 2745 ET
1267 2717 1381 2746 ΝΟΤιΕ.

341 2796 396 2830 (5i)
413 2797 522 2832 ’Λρτιον
538 2802 625 2825 mutat
637 2797 662 2824 in
677 2798 764 2824 αἴτιον
777 2795 837 2824 end.
858 2796 980 2823 “1.650.
995 2796 1098 2824 Possm.

308 2867 329 2894 Κ
343 2832 398 2866 (52)
416 2831 513 2860 Confer
531 2832 682 2866 gnomicam
697 2833 860 2868 epigraplien
876 2839 919 2866 ep.
938 2831 986 2858 167
1000 2834 1046 2859 lib.
1066 2840 1098 2859 ιι.

334 2875 387 2894 ΠΤ.

1191 2796 1247 2829 (53)
1259 2796 1324 2833 Post
1338 2795 1368 2833 ob
1385 2796 1471 2831 μικρὰ
1487 2795 1526 2823 sic
1541 2796 1639 2833 sci-ibit
1653 2797 1746 2833 codex
1774 2796 1832 2822 Vat.
1851 2796 1937 2833 βεο,
1954 2798 1973 2833 ἡ

1153 2832 1185 2857 ὲκ
1209 2833 1266 2893 τῆῗ
1285 2831 1446 2866 διηγήσεως,
1465 2835 1491 2859 ct
1514 2839 1539 2858 v.
1564 2832 1583 2858 Ξ
1604 2832 1709 2859 omittit
1731 2839 1822 2859 vocem
1852 2831 1972 2868 Sana";

1153 2874 1230 2893 σεως.
1269 2873 1351 2893 OSSIN.

1153 2874 1230 2898 σεως.
1249 2873 1351 2894 i'ossm.
