2049 3164
138 223 207 256 12υ5

579 232 617 251 ιιι
628 221 848 251 ISTOLARUM
868 221 941 251 LIB.
961 221 1055 252 IV.-
1075 222 1193 255 EPIST.
1219 225 1352 257 CLXXV.

1710 228 1777 261 1:266

136 282 166 307 ἐν
181 279 282 315 κρίσει.
304 287 313 304 ι
337 278 463 314 Κρίσεως
478 278 532 314 γὰρ
547 278 640 313 ὑγιοῦς
658 278 716 305 ἴσον
727 279 813 306 οὐδέν.
828 279 860 305 Οἱ
877 278 931 314 γὰρ
947 304 949 310 ,

990 279 1042 306 buit
1061 286 1068 306 :
1088 289 1096 306 ι
1117 280 1246 316 Disponet
1260 290 1401 312 sermones
1425 292 1488 312 suos
1508 284 1534 312 ln
1548 284 1662 320 judicio.
1680 296 1688 312 ι
1706 286 1778 315 Sane

136 325 239 360 ταύτης
255 325 382 360 ἄμοιροι,
410 325 457 351 καὶ
471 325 531 356 ταῖς
556 324 670 356 οἰκείαις
687 325 847 360 ἐπιθυμίαις
867 324 930 351 ἐπό-

138 379 225 407 μενοι,
239 371 288 398 καὶ
303 371 366 402 τοὺς
386 370 424 406 μὴ
442 369 603 405 ἐλέγχεσθαι
620 370 675 406 (54)
688 370 860 404 ὀφείλοντας,
878 379 926 397 κο-

137 416 301 448 λακεύοντες
313 436 321 448 ,
336 416 399 447 τοὺς
413 415 442 443 δὲ
459 415 682 450 ἐγκωμιάζεσθαι
699 415 822 448 δικαίους
843 415 926 443 κακί-

137 462 246 495 ζοντες·
263 457 337 489 οὗτοι
349 461 633 498 ἀνδραποδωδέστατοι
652 462 716 494 εἰσι,
735 461 836 497 μᾶλλον
851 462 879 489 δὲ
893 463 932 494 εἰς

137 510 188 545 τὴν
203 510 259 537 τῶν
281 509 387 543 ἀλόγων
403 509 516 542 δικαίως
532 509 567 537 ἂν
589 509 749 546 καταχθεῖεν
773 510 853 546 φύσει
879 511 933 546 ψῆ-

139 565 188 590 φον
202 556 270 592 (55).

254 654 338 681 ΡοΔν.
351 668 386 674 -
400 654 533 682 MAPﬂNl
549 654 605 690 (56)
625 653 811 690 crumena.

139 700 191 733 Εἰς
206 698 238 725 τὸ
255 698 428 732 εΙρημένον·
454 708 464 725 ι
486 699 564 761 Ἰδοὺ
587 699 606 733 ἠ
620 698 773 728 θεοσέϐειά
790 699 857 726 ἐστι
878 706 932 726 σο-

492 743 512 761 ta
526 743 553 761 α.
578 744 588 761 ι

491 743 553 769 sata.
578 744 588 761 ι

176 791 215 819 Οῦ
235 801 279 827 μοι
300 791 530 827 δοκεῖὸδωίδιμος
549 792 625 824 Ἰὼϐ,
645 792 802 828 ὁριζόμενος
822 791 871 828 τὴν
891 801 935 819 σο-

142 837 206 874 φίαν
219 837 267 864 καὶ
279 837 328 873 τὴν
342 838 509 873 ἐπιστήμην,
527 838 687 874 εἰρηκέναι·
707 848 716 864 ι
743 838 808 865 Ἰδοὺ
834 839 851 873 ἡ
873 838 934 865 θεο-

143 883 238 911 σέϐειά
254 885 311 911 ἐστι
329 884 419 919 σοφία.
438 893 448 911 ι
469 884 506 911 Τὸ
521 884 550 912 δὲ
570 884 720 919 ἀπέχεσθαι
732 885 838 918 κακῶν,
860 886 934 913 ἐστὶν

142 930 300 966 ἐπιστήμη·
322 929 361 966 τῷ
381 930 439 958 δντι
461 930 515 966 γὰρ
534 931 551 966 ἡ
571 930 710 966 ἀκροτάτη
730 930 809 966 σοφία
823 931 930 967 ἐστινὴ

142 976 210 1013 ὀρθὴ
225 977 289 1012 περὶ
302 976 370 1003 Θεοῦ
385 976 512 1013 διάληψις
525 985 530 991 ·
547 977 596 1004 καὶ
611 978 627 1012 ἡ
639 977 766 1013 θειοτάτη
780 978 933 1014 ἐπιστήμη,

141 1023 242 1058 ἀρίστη
259 1022 363 1059 πρᾶξις
374 1031 381 1038 ·
396 1023 413 1059 ἡ
431 1023 480 1058 μὲν
492 1023 524 1050 τὺ
535 1014 613 1050 Θεῖον
632 1022 720 1059 ὀρθῶς
737 1023 899 1057 δοξάζουσα,
916 1025 932 1060 ή

142 1069 171 1096 δὲ
190 1069 284 1097 κακῶν
310 1069 486 1105 ἀπεχομένη·
506 1070 523 1106 ἡ
546 1070 595 1105 μὲν
612 1069 656 1096 διὰ
681 1070 852 1105 πραγμάτων
877 1070 932 1106 (57)

145 1115 309 1150 θεολογοῦσα
322 1139 330 1151 ,
344 1117 361 1152 ὴ
373 1115 401 1142 δὲ
417 1115 461 1142 διὰ
477 1115 604 1151 πράξεων
623 1116 816 1151 εὐδοκιμοῦσα.
832 1116 864 1143 Εἰ
880 1116 934 1143 τοί-

142 1170 190 1189 νυν
201 1163 216 1189 ὁ
227 1161 353 1197 θεοφιλὴς
362 1161 410 1189 καὶ
425 1162 551 1196 φιλόθεός
562 1161 620 1196 (58)
636 1161 749 1189 ἐστικαὶ
761 1162 934 1198 ἐπιστήμων,

143 1208 191 1236 καὶ
204 1209 254 1244 τὴν
271 1208 441 1244 θεωρητικὴν
450 1208 506 1244 ἔχει
515 1208 626 1244 ἀρετὴν,
641 1208 689 1235 καὶ
701 1207 751 1243 τὴν
766 1208 934 1243 πρακτικὴν,

141 1253 191 1290 τὴν
208 1255 258 1290 μὲν
273 1253 312 1286 ὡς
327 1254 428 1290 ψυχὴν,
446 1255 496 1290 τὴν
513 1254 541 1280 δὲ
553 1254 591 1286 ὼς
610 1253 703 1289 σῶμα”
720 1254 745 1280 τί
758 1253 875 1290 περιττὰ
893 1253 934 1281 δο-

147 1300 251 1336 κοῦμεν
285 1301 459 1336 φιλοσοφεῖν,
479 1300 617 1331 πολιτείας
646 1300 695 1336 μὲν
719 1300 834 1337 ἀρίστης
863 1300 935 1336 ὀλιγσ

143 1347 290 1383 ωροῦντες,
307 1347 472 1382 εὐγλωττίας
486 1347 513 1373 δέ
528 1347 613 1382 μόνης
627 1345 829 1381 ἐπιμελόμενοι.

983 324 1055 351 enim
1072 324 1177 359 judicio
1195 327 1260 353 nihil
1274 332 1316 355 est
1328 329 1399 362 quod
1427 331 1579 363 comparari
1609 337 1702 366 queat.
1721 331 1778 360 Hoc

984 369 1055 397 enim
1073 369 1117 404 qui
1131 376 1225 398 carent
1240 376 1268 399 et
1290 373 1349 400 suis
1365 373 1488 403 obsecuti
1507 376 1713 412 cupiditatibus,
1731 386 1778 406 eos

984 415 1093 450 quidem
1117 423 1186 451 quos
1210 419 1411 452 reprehendere
1440 422 1594 455 oportebat,
1613 423 1776 457 adulantur;

984 468 1032 489 eos
1048 466 1137 489 autem
1150 463 1196 497 qui
1215 462 1320 491 laudari
1351 465 1538 500 merebantur,
1555 469 1756 503 reprehendunt
1770 480 1777 504 ;

984 507 1022 535 illi
1036 515 1102 536 vero
1117 509 1210 537 servili
1225 510 1370 539 admodum
1388 516 1452 540 eunt
1481 512 1590 548 ingenio
1605 516 1727 550 praediti;
1747 524 1779 544 ac

983 554 1075 589 potius
1091 555 1117 582 in
1133 555 1276 584 brutarum
1303 557 1438 592 pecudum
1469 557 1585 587 classem
1611 561 1710 589 merito
1737 569 1780 589 re-

985 599 1100 630 ferendi.

1127 658 1266 689 CLXXIV.
1272 675 1304 682 -—
1311 661 1356 688 MA
1362 661 1444 689 RONI
1463 661 1639 692 EPISCOPO.

985 703 1018 732 In
1035 705 1063 732 id
1082 706 1152 741 quod
1167 707 1264 734 dictum
1278 711 1326 740 est,
1342 716 1351 733 ι
1368 708 1434 735 Ecce
1445 709 1537 742 pietas,
1551 709 1604 736 sive
1619 709 1705 737 cultus
1719 710 1779 743 Dei,

1252 748 1290 769 est
1313 744 1446 778 sapientia
1456 744 1489 769 ¹¹.
1497 753 1507 770 ι

1021 800 1080 828 Non
1091 801 1199 829 videtur
1212 801 1278 829 tnihi
1306 802 1421 830 celebris
1440 802 1485 830 ille
1496 806 1524 830 et
1539 802 1780 832 decantatissimus

986 845 1079 880 Johns,
1107 847 1179 880 quod
1209 847 1350 882 sapientia:
1373 848 1551 883 scientiaeque
1592 849 1781 877 deﬁnitionem

987 893 1094 920 tradere
1103 893 1194 926 vellet,
1208 893 1312 921 dixisse
1332 894 1382 922 ista
1400 903 1407 921 :
1424 904 1433 920 ι
1455 894 1524 923 Ecce
1552 895 1598 922 Dei
1626 895 1716 923 cultus
1741 900 1782 924 est

986 937 1136 973 sapientia;
1158 943 1185 966 et
1218 939 1354 967 abstinere
1381 947 1396 967 ιι
1424 941 1514 973 malis,
1544 946 1586 969 cst
1620 941 1747 969 scientia.
1766 952 1775 967 ›

987 983 1090 1012 Revera
1111 986 1183 1012 enim
1216 992 1322 1012 summa
1350 987 1484 1021 sapientia
1506 992 1547 1015 est
1569 993 1643 1014 recta
1668 988 1701 1015 de
1727 988 1781 1016 Deo

987 1029 1166 1063 existimatio,
1179 1034 1206 1058 et
1225 1030 1396 1058 divinissima
1426 1030 1552 1064 scientia,
1570 1033 1671 1067 optima
1685 1033 1755 1060 actio
1773 1042 1780 1060 :

987 1083 1102 1111 quarunt
1119 1076 1163 1103 illa
1180 1081 1254 1104 recte
1268 1077 1301 1105 de
1313 1077 1369 1104 Deo
1385 1078 1483 1111 sentit;
1504 1078 1555 1106 ista
1574 1086 1587 1105 a
1609 1078 1684 1106 vitiis
1697 1079 1782 1107 absti-

988 1127 1045 1150 net.
1071 1122 1164 1150 Altera
1192 1130 1241 1158 per
1265 1123 1390 1158 dogmata
1416 1124 1448 1151 de
1471 1124 1527 1151 Deo
1555 1124 1780 1159 philosophatur;

990 1167 1074 1196 altera
1101 1175 1149 1203 per
1175 1169 1296 1196 actiones
1312 1168 1420 1196 laudem
1451 1169 1637 1204 consequitur.
1654 1170 1682 1197 Si
1702 1170 1783 1206 igitur

990 1215 1026 1242 ita
1038 1218 1089 1248 est,
1102 1219 1133 1242 ut
1148 1214 1202 1243 Deo
1217 1215 1320 1243 charus
1331 1216 1416 1249 sit.is,
1436 1216 1483 1251 qui
1506 1220 1534 1244 et
1556 1215 1641 1243 Deum
1667 1221 1742 1244 atnat
1755 1221 1784 1244 et

990 1259 1105 1287 scientia
1131 1264 1172 1288 est
1197 1261 1336 1295 praeditus,
1356 1262 1458 1296 quique
1484 1265 1512 1289 ct
1540 1262 1782 1297 contemplativatn

991 1302 1072 1330 habet
1085 1302 1215 1331 virtutem
1240 1309 1268 1332 et
1295 1305 1413 1333 activam
1428 1314 1434 1332 :
1449 1306 1564 1333 alteram
1583 1306 1691 1341 quidem
1710 1307 1784 1334 velut

991 1348 1122 1382 animam,
1136 1349 1250 1378 alteram
1282 1358 1347 1379 vero
1375 1356 1504 1387 tanquam
1522 1360 1638 1387 corpus;
1656 1353 1720 1388 quid
1741 1358 1783 1382 est

144 1394 215 1429 quod
241 1394 321 1421 nobis
344 1394 568 1430 persuadeamus,
593 1401 642 1421 nos
670 1393 771 1421 eximie
799 1394 937 1429 sapientes
954 1395 1101 1428 esse,dum
1128 1398 1258 1432 optimam
1275 1399 1385 1433 quidem
1417 1399 1524 1427 vivendi
1542 1399 1674 1428 rationem
1688 1407 1783 1435 parum

144 1450 286 1476 curamus;
305 1442 375 1470 belle
390 1450 453 1470 vero
468 1446 618 1477 ornateque
629 1441 735 1469 dicendi
756 1442 845 1469 studio
868 1442 954 1470 solum
976 1443 1059 1470 dediti
1080 1452 1182 1472 sutnus.

267 1499 352 1527 POE'.
372 1514 407 1520 --
420 1500 525 1526 nvom
539 1499 764 1535 ΠΡΕΣΒΥΤΕΡῼ
776 1499 844 1535 (59).

143 1547 197 1581 Εἰς
217 1546 262 1580 τὸ,
291 1555 299 1572 t
327 1546 369 1580 Τῷ
388 1546 532 1617 Mazax!
553 1554 591 1574 σε
606 1547 651 1580 εἰς
671 1546 730 1581 τὴν
752 1546 857 1579 δεξιὰν
871 1554 937 1575 σια-

521 1589 569 1610 να.
586 1591 596 1608 ι

521 1589 569 1610 να.
586 1591 596 1608 1

180 1639 239 1666 Οὐκ
256 1639 306 1673 ἂν,
324 1635 347 1666 ὦ
367 1639 450 1674 σοφὲ,
470 1640 495 1666 εἰ
519 1639 550 1666 τδ
570 1639 742 1676 τυπτηθῆναι
768 1639 816 1667 καὶ
841 1640 938 1675 ἀδικη-

145 1685 226 1721 θῆναι
238 1682 308 1721 ἧττα
321 1683 366 1722 ἦν,
379 1685 427 1713 καὶ
446 1686 460 1713 ὁ
475 1685 594 1722 Χριστὸς
609 1685 657 1713 καὶ
670 1685 684 1711 ὁ
696 1685 800 1718 Παῦλος
809 1685 938 1713 τάναντία

144 1732 262 1768 ἔφησαν.
286 1733 315 1759 Ὀ
331 1733 380 1768 μὲν
402 1733 456 1768 γὰρ
470 1732 610 1768 Δεσπότης
625 1733 665 1768 τῷ
677 1732 808 1759 τύπτοντι
827 1733 867 1764 εἰς
887 1732 939 1766 τὴν

144 1778 238 1811 δεξιὰν
256 1779 385 1813 σιαγόνα,
400 1779 449 1806 καὶ
463 1778 513 1814 τὴν
533 1778 616 1815 ἄλλην
632 1779 762 1815 παρέχειν
776 1779 920 1806 ἐθέσπισεν
931 1786 937 1793 “

143 1825 159 1851 ὁ
175 1824 204 1852 δὲ
226 1825 402 1857 Ἀπόστολος·
423 1835 432 1851 ι
450 1825 499 1852 Διὰ
514 1825 541 1852 τί
553 1825 617 1860 οὐχὶ
633 1825 734 1861 μᾶλλον
751 1825 907 1858 ἁδικεῖσοε;
927 1834 936 1850 ι

145 1871 295 1908 παρῄνεσε.
313 1871 416 1904 Καινὺς
432 1872 486 1908 γὰρ
499 1868 576 1903 οὗτος
587 1871 642 1898 τῶν
654 1871 854 1907 παλαισμάτων
868 1873 882 1897 ὁ
896 1871 940 1898 νό-

148 1927 198 1952 μος
209 1937 216 1949 ,
231 1918 325 1953 ἐπειδὴ
347 1919 394 1945 καὶ
405 1918 561 1954 καινότερος
575 1917 630 1944 τῶν
650 1917 776 1944 ἐπάθλων
793 1918 808 1944 ὁ
822 1917 922 1952 τρόπος
932 1926 939 1932 '

145 1964 177 1999 οξ)
189 1965 244 2000 γὰρ
261 1964 376 1998 κότινος,
389 1965 437 1992 καὶ
453 1964 557 2000 σίτησις
570 1965 599 1991 ὲν
612 1963 767 2000 πρυτανείῳ
777 1986 784 1997 ,
799 1964 860 1991 οὐδὲ
874 1964 940 1999 χαλ--

146 2011 196 2037 καῖ
220 2010 323 2043 εἰκόνες
348 2010 441 2047 χρυσῷ
470 2011 737 2047 ἁπαστρέιπτουσαισ
770 2010 805 2038 τὰ
842 2009 941 2045 οἰκτρὰ

145 2058 236 2085 ταῦτα
251 2058 298 2085 καὶ
321 2058 419 2094 εὐτελῆ
435 2058 542 2085 ἔπαθλα
558 2059 626 2085 εἰσιν
639 2066 645 2074 ·
665 2057 733 2084 ἀλλὰ
750 2057 797 2084 καὶ
817 2057 941 2093 βασιλεία

145 2104 284 2138 εὐρανῶν,
299 2104 346 2130 καὶ
361 2103 418 2139 ζωὴ
433 2103 509 2135 τέλος
526 2103 563 2138 μὴ
581 2102 764 2138 ἐπισταμένη.
783 2102 829 2138 Μὴ
840 2103 941 2136 τοίνυν,

147 2149 174 2175 εί
191 2149 381 2185 ὑποχωρήσεις
393 2149 440 2176 καί
456 2149 661 2185 φιλοσοφήσεις,
677 2147 775 2184 νόμιζε
787 2149 939 2184 ἡττᾶσθαι-

146 2195 219 2222 ἀ>,).ὰ
232 2195 312 2222 δίωκε
326 2196 376 2231 τὴν
390 2196 469 2231 νίκην
487 2196 515 2222 ὲν
528 2197 560 2231 τῇ
579 2195 695 2232 δοκούσῃ
709 2196 780 2232 ἥττῃ
795 2196 941 2231 κειμένην.

146 2241 180 2268 Εἰ
207 2241 238 2267 δὲ
259 2241 411 2277 θαυμάζεις
439 2242 470 2268 τὸ
490 2242 648 2278 εἰρημένον,
676 2243 898 2278 παραδείγματι,
929 2242 943 2269 ὃ

1096 1501 1225 1532 CLXXV.
1237 1519 1270 1525 —
1279 1503 1407 1532 llEltONl
1426 1503 1668 1533 PRESBYTERO.

990 1548 1025 1575 In
1037 1548 1105 1576 illud
1124 1548 1244 1585 (Christi
1269 1550 1400 1584 dictum),
1417 1559 1427 1575 ι
1447 1550 1611 1578 Percutienti
1644 1556 1670 1579 te
1688 1552 1714 1579 t'n
1740 1552 1787 1579 de—

1179 1589 1268 1612 xtram
1297 1585 1435 1612 maxillam
1449 1585 1482 1620 η,
1500 1595 1510 1612 ι
1526 1592 1580 1614 etc.

1026 1642 1054 1670 Si
1068 1642 1172 1678 percuti
1192 1646 1220 1669 et
1248 1641 1347 1677 injuria
1373 1642 1441 1671 aﬂici
1457 1664 1465 1677 ,
1484 1647 1557 1671 esset
1595 1643 1784 1676 succumbere,

991 1696 1079 1724 neque
1096 1688 1224 1716 Christus
1249 1696 1338 1724 neque
1355 1689 1460 1717 Paulus
1483 1697 1603 1725 unquam
1627 1690 1706 1726 513
1722 1698 1784 1718 cett-

992 1734 1075 1762 traria
1088 1734 1231 1761 dixissent.
1248 1732 1380 1762 Dominus
1395 1736 1466 1762 enim
1481 1735 1610 1770 praecepit
1621 1737 1783 1770 percutienti

992 1782 1018 1809 in
1030 1781 1152 1808 dextram
1167 1780 1320 1813 maxillam,
1336 1781 1458 1815 praebere
1473 1781 1556 1809 etiam
1573 1782 1701 1816 alteram;
1714 1783 1786 1817 Apo-

991 1827 1077 1855 stolus
1094 1831 1186 1854 autem
1205 1827 1348 1854 admonuit
1363 1828 1388 1854 in
1405 1827 1463 1855 lnec
1476 1828 1556 1854 verba
1572 1837 1579 1855 :
1597 1837 1606 1853 t
1624 1829 1715 1861 Quare
1732 1836 1783 1856 non

991 1873 1081 1909 potius
1102 1872 1228 1907 iniuriam
1250 1873 1373 1907 patimini
1391 1873 1432 1900 "‘I
1453 1883 1461 1899 ι
1478 1872 1554 1902 Nova
1581 1882 1699 1909 namque
1727 1874 1786 1902 ha‘c

992 1923 1034 1947 est
1047 1919 1091 1947 lex
1118 1919 1309 1952 certaminum,
1327 1919 1548 1954 quandoquidem
1574 1920 1661 1954 magis
1695 1921 1779 1947 etiam

993 1972 1078 1993 novus
1088 1968 1131 1993 est
1148 1964 1321 2000 praemiorum
1339 1964 1445 1996 modus.
1456 1965 1581 1993 videlicet
1591 1973 1643 1992 non
1657 1965 1787 1996 oleaster.

993 2011 1131 2039 etcibatio
1154 2011 1182 2038 in
1212 2015 1355 2047 prytanco,
1369 2018 1457 2046 neque
1490 2018 1572 2039 aeneae
1602 2016 1701 2039 statuae
1718 2020 1786 2040 auro

995 2058 1131 2094 fulgentes
1147 2058 1264 2093 (misera
1283 2066 1315 2085 ac
1330 2057 1394 2084 vilia
1411 2062 1471 2085 sunt
1501 2057 1634 2092 ejusmodi
1650 2058 1787 2093 praemia),

995 2104 1042 2132 sed
1059 2111 1170 2140 regnum
1193 2104 1335 2138 caelorum,
1352 2109 1379 2132 et
1396 2104 1450 2132 vita
1477 2105 1557 2131 linem
1583 2104 1716 2131 nesciens.
1729 2103 1788 2131 Noli

996 2149 1076 2184 igitur
1097 2154 1191 2184 putare
1214 2153 1250 2181 te,
1281 2150 1344 2176 dum
1370 2149 1444 2176 cedis
1467 2154 1494 2176 et
1519 2149 1680 2177 Christianae
1706 2150 1790 2176 medi-

996 2195 1090 2223 tationi
1104 2195 1151 2222 das
1160 2202 1282 2230 operam,
1297 2196 1478 2222 succumbere
1501 2202 1532 2222 ac
1559 2195 1650 2222 vinci:
1670 2195 1716 2222 sed
1738 2203 1790 2229 p0-

997 2242 1051 2269 tius
1076 2249 1243 2276 persequere
1270 2242 1424 2276 victoriam,
1441 2249 1500 2276 quae
1529 2242 1554 2268 in
1588 2249 1620 2269 eo
1641 2242 1709 2277 ipso,
1727 2242 1790 2268 tlum

146 2287 234 2321 λέγω,
250 2288 358 2323 ποιήσω
378 2287 474 2323 σαφές.
490 2287 606 2331 Λέγεται
627 2297 669 2320 τις
690 2288 818 2323 βασιλεὺς
837 2288 942 2324 μέλλων

997 2287 1176 2315 succumbere
1192 2287 1327 2321 videmur,
1345 2288 1397 2315 sita
1414 2293 1466 2315 cst.
1482 2287 1558 2320 Quod
1589 2288 1610 2315 si
1638 2288 1747 2315 miraris
1763 2289 1788 2315 id

147 2335 304 2369 ναυμαχεῖν
332 2335 401 2369 πρὸς
423 2334 487 2366 τοὺς
510 2334 662 2368 ἐναντίους,
693 2335 741 2361 καὶ
767 2334 829 2362 ἰδὼν
853 2335 946 2370 πολλῷ

148 2379 272 2411 πλέονας
290 2379 340 2412 τὰς
364 2379 418 2407 τῶν
437 2380 575 2415 πολεμίων
591 2379 674 2414 ναῦς,
697 2380 744 2407 καὶ
760 2381 945 2417 ὑποχωρήσας

149 2425 209 2456 τοῖς
225 2424 367 2460 πολεμίοις
384 2425 590 2461 ἐπερχομένοις,
603 2426 742 2462 εἰρηκέναι
754 2433 761 2440 '
777 2426 814 2452 Οὐ
832 2425 924 2461 φεύγω
937 2434 944 2442 τ

149 2470 223 2498 ἀλλὰ
244 2471 292 2498 καὶ
311 2471 402 2498 διώκω
425 2472 455 2498 τὸ
479 2472 619 2510 συμφέρον
640 2472 728 2499 ὀπίσω
746 2472 883 2507 κείμενον.
913 2473 943 2499 Εἰ

149 2517 244 2544 τοίνυν
256 2517 396 2544 κάνταῦθα
413 2518 441 2544 ὲν
455 2518 488 2553 τῇ
502 2517 619 2553 δοκούσῃ
632 2518 701 2554 ἥττῃ
711 2518 757 2545 καὶ
771 2518 945 2554 ὑποχωρήσει

998 2334 1069 2369 quod
1082 2334 1184 2361 dictum
1198 2339 1250 2367 est,
1267 2335 1391 2369 exemplo
1407 2334 1581 2362 manifestum
1605 2334 1703 2362 faciant
1720 2336 1791 2370 quod

999 2380 1070 2408 dico.
1093 2379 1241 2408 Perhibent
1259 2388 1350 2416 regem
1372 2381 1528 2415 quemdam,
1544 2389 1605 2408 cum
1627 2382 1709 2409 vellet
1741 2389 1791 2416 pu-

999 2435 1079 2462 gnam
1093 2427 1215 2454 navalem
1228 2428 1360 2455 adversus
1384 2427 1490 2455 hostem
1512 2435 1644 2463 pugnare,
1661 2428 1791 2455 vidisset-

1000 2482 1053 2508 que
1066 2474 1186 2502 hostium
1198 2482 1286 2501 naves
1299 2474 1380 2510 longe
1396 2474 1488 2509 plures
1508 2481 1588 2509 quam
1605 2481 1678 2507 suas,
1695 2474 1792 2501 ceden-

1000 2525 1052 2547 tem
1073 2520 1407 2553 hostibnsinvadentibus,
1424 2520 1526 2548 dixisse
1541 2530 1547 2547 :
1564 2520 1621 2547 Non
1653 2519 1799 2554 fugio,scd_

188 2596 210 2611 "
225 2594 276 2622 Joh
296 2603 392 2627 xxvm,
407 2595 452 2622 ‘28.
493 2595 519 2611 ”'
539 2594 636 2622 Matth.
653 2603 678 2626 γ,
691 2595 730 2622 59.
776 2595 797 2611 “
815 2596 823 2622 l
840 2596 900 2622 Cur.
917 2604 953 2628 γι,
969 2597 997 2624 7.

713 2664 830 2692 V'Alilxli
846 2664 1038 2693 LECTIONES
1054 2666 1098 2693 ΕΤ
1120 2665 1235 2695 ΝΟΤιλΕ,

221 2710 245 2724 l

188 2745 246 2781 (δὲ)
266 2744 322 2772 Καὶ
339 2745 410 2778 τοὺς
422 2746 464 2780 μὴ
480 2746 580 2779 diem.
600 2744 709 2772 Videtur
723 2744 873 2772 redundare
890 2745 937 2780 μὴ,

150 2783 312 2816 γινινῃτονεο
328 2781 380 2815 leg.
398 2783 457 2816 μέν.
474 2782 555 2809 llt'rr.

189 2815 249 2852 (55)
268 2815 321 2842 Pro
345 2815 435 2852 ψῆφον
456 2817 515 2844 cod.
543 2817 629 2843 Vatic.
655 2815 708 2843 650
736 2815 816 2842 habet
844 2819 949 2842 tantum

194 2860 247 2878 σιν.
265 2851 370 2878 Possm.

175 2851 247 2878 ὑσίν.
265 2851 370 2878 Possm.

151 2861 247 2887 φυσιν.
266 2861 370 2878 russus.

190 2887 250 2922 (56)
264 2887 331 2914 Cutl.
352 2886 411 2913 Vat.
423 2887 476 2913 (350
491 2886 553 2922 legit
569 2886 692 2922 Μαρίνῳ.
713 2885 740 2913 ln
761 2885 893 2921 principio
905 2893 948 2921 ep.

152 2919 251 2960 prope
272 2929 319 2960 μοι
332 2922 402 2960 idem
419 2919 553 2960 habetfed
569 2919 623 2960 μοιξ
641 2919 679 2960 lo.

194 2957 250 2992 (δῖ)
269 2956 462 2991 Πρίιγμάτων.
476 2956 593 2992 Lrgcnd.
620 2957 736 2986 arbitror
751 2956 893 2993 δογμάτων
907 2956 951 2986 vel

997 2745 1138 2781 ῥημάτων.
1155 2746 1220 2773 Nam
1240 2746 1410 2781 πραγμάτων
1424 2746 1532 2780 quidem
1550 2743 1657 2781 tolerari
1680 2742 1723 2769 hic
1739 2751 1793 2772 non

1001 2787 1099 2818 potest,
1112 2788 1178 2818 ﬁcum
1195 2780 1403 2818 momscq'uatur
1417 2780 1552 2818 πρᾴξεων.
1568 2780 1650 2818 llt'r'r.
1706 2813 1711 2818 _

1039 2817 1094 2852 (58)
1111 2817 1183 2844 Inter
1198 2815 1319 2851 φιλόθεος
1339 2822 1365 2842 et
1379 2817 1436 2842 ἐστι
1453 2816 1523 2842 idem
1547 2815 1606 2842 cod.
1629 2815 1724 2841 inserit
1747 2815 1794 2841 καὶ

1003 2852 1234 2890 σοψόξιΡθεεηθκ
1313 2887 1327 2890 ι.
1440 2886 1445 2890 .
1622 2884 1640 2890 -
1677 2883 1707 2889 ..
1763 2884 1769 2890 .

1039 2884 1095 2922 (59)
1113 2887 1254 2921 Inscriptio
1273 2887 1345 2914 nulla
1366 2890 1424 2913 erat
1440 2884 1609 2922 inﬂeditioue
1622 2884 1769 2912 Parisiensi
1785 2893 1797 2918 ί

1003 2920 1144 2959 suppletur
1158 2920 1298 2951 ex'codice
1315 2923 1443 2951 Vaticano
1460 2921 1521 2949 650.
1540 2920 1618 2948 Eutr.
