2049 3164
211 141 278 175 1271

817 147 848 177 S.
870 147 1018 178 ISIDOBI
1036 147 1259 179 PELUSIOTE

1789 147 1861 179 1272

210 200 238 227 lo
265 200 384 228 furorem
406 201 459 229 acti
485 201 649 238 tragmdlam
676 205 813 237 egerunt;
842 210 903 238 quae
928 202 1013 231 Deum

1067 203 1243 234 πεπτωκότες
1269 201 1395 235 πάθεσιν,
1425 200 1496 238 ἔφη’
1523 210 1533 228 ί
1553 201 1601 234 El;
1626 201 1677 237 ἐμὲ
1701 201 1825 238 βλέπετε.
1848 212 1858 229 ν

210 246 319 282 quidem
339 247 461 282 appetiit,
478 254 588 274 carnem
605 254 671 275 vero
687 247 776 284 attigit
790 248 911 284 (proprie
937 249 1009 277 enim

210 293 346 327 loquendo
360 293 490 321 divinitas
508 294 630 329 passioni
654 294 773 322 obnoxia
799 303 860 323 esse
886 295 1005 331 nequit):

213 340 314 375 quibus
343 344 434 368 autem
461 346 554 375 postea
585 341 675 376 aliqua
700 340 833 369 inleretur
857 342 966 378 injuria,
989 341 1010 369 ii

213 386 324 413 rousitan
342 386 527 422 inilipiatione
544 388 729 423 corripientur
744 389 821 423 quasi
836 393 937 424 praeter
952 395 1009 416 me-

211 431 293 459 ritum
310 432 337 460 io
353 434 419 461 tales
433 435 578 463 inciderint
593 437 763 465 calamitates
778 446 785 465 :
802 437 905 465 idcirco
916 437 986 464 dixit
1000 445 1008 464 :

215 486 225 503 ι
247 478 274 504 ln
289 486 330 505 me
346 479 499 508 intuemini.
518 491 529 507 ι
546 481 662 510 Maxime
683 483 768 516 enim,
791 482 888 517 inquit,
910 481 1008 509 intole-

213 524 307 551 rabilia
324 531 412 559 erant,
439 534 499 562 quae
520 535 536 555 a
558 528 700 556 sceleratis
726 536 759 556 ac
780 528 893 556 nefariis
909 527 1010 556 Judzeis

211 575 366 604 perpetrata
388 578 463 600 sunt.
479 573 673 602 Verumtamen
689 574 854 603 cancedator
873 582 951 607 sane,
969 579 1010 601 to-

1063 249 1192 277 Μάλιστα
1212 248 1266 284 μὲν·
1279 248 1344 284 γὰρ,
1362 249 1446 284 φησὶ,
1472 248 1519 275 καὶ
1536 247 1571 275 τὰ
1591 248 1668 284 παρὰ
1687 248 1741 274 τῶν
1766 248 1862 282 ἀλιτη-

1063 296 1130 332 ρίων
1151 295 1287 322 Ἰουδαίων
1306 294 1489 330 τολμηθέντα,
1512 294 1640 330 ἀφόρητα
1651 292 1704 330 ἦν·
1730 294 1801 330 πλὴν
1815 295 1862 322 82—

1061 341 1149 368 δόσθω
1172 340 1279 377 φορητὰ
1299 339 1384 367 εἶναι·
1412 340 1439 366 τί
1455 341 1487 368 ἂν
1511 349 1554 372 τις
1579 340 1645 375 φαίη
1672 341 1720 367 καὶ
1735 339 1863 375 περὶτοῦ

1062 387 1207 423 προδότου,
1228 387 1257 419 ὃς
1273 395 1306 422 γε
1320 387 1370 423 τῆς
1386 386 1459 422 ἐμῆς
1476 386 1720 422 ὑπερεμπλησθεὶς
1731 386 1862 419 ἀνεξικα-

1061 433 1135 466 κίας,
1156 434 1217 460 κατ’
1240 433 1308 468 ἐμοῦ
1335 433 1382 459 τὸν
1403 433 1484 468 κόρον
1500 433 1618 468 ﬂvens;
1647 433 1769 464 Ταύταις
1792 433 1856 463 ταῖς

1065 479 1184 515 ἐπῳδαῖς
1200 478 1413 514 καταπραΰνετε
1432 478 1481 509 τὰς
1498 477 1592 514 ὖόρεις
1610 478 1678 512 {76),
1697 478 1745 505 καὶ
1769 477 1863 504 τιθασ-

1064 525 1169 552 σεύετε.
1205 524 1316 557 Εἴξουσι
1341 523 1397 560 γὰρ
1438 523 1537 559 ῥᾳδίως
1559 525 1616 556 τοῖς
1642 523 1730 551 ταῦτα
1756 531 1863 550 κατεπ-

1063 572 1184 608 ᾴδουσιν.

212 612 335 646 lerabilia
352 626 423 648 esse.
440 620 509 654 Quid
525 621 625 649 dixerit
639 621 700 657 quis
713 622 795 650 etiam
810 621 844 650 de
858 621 1008 657 proditore,
1027 619 1074 657 qui
1109 625 1169 646 mea
1189 617 1396 654 longanimitate
1416 624 1444 646 et
1477 618 1620 646 tolerantia
1648 619 1681 646 ad
1708 622 1860 645 extremam

211 666 382 693 saturitatem
407 667 535 702 repletus,
561 673 656 696 contra
681 675 725 696 me
748 668 900 697 satietatem
928 668 1002 696 illam
1022 665 1137 695 extulit?
1154 664 1235 692 Hisce
1266 665 1345 699 quasi
1384 663 1545 699 quibusdam
1571 664 1784 692 incantamentis
1800 664 1861 692 illa-

211 715 253 738 tas
269 712 346 739 vobis
359 711 472 746 injurias
489 713 572 741 lenite
588 718 669 748 atque
678 714 811 742 eicurate.
826 713 918 742 Facile
931 719 1049 748 namque
1066 711 1166 740 cedent
1181 709 1226 742 iis,
1242 709 1289 744 qui
1305 709 1437 737 adversus
1453 717 1499 737 eas
1515 709 1652 738 occinent.

283 768 412 797 CLXXX.
427 785 464 790 —
478 770 675 799 THEODOSIO
694 770 936 801 PRESBYTERO.

214 825 302 858 Quare
317 826 352 852 ad
369 826 659 865 crucem‘pro/iciscem
675 827 797 865 Christus
814 829 932 865 lugentes
949 836 1007 857 mu-

461 862 539 889 lieres
558 863 707 898 objurgarit
725 863 761 891 ".

1025 871 1048 899 Β

247 918 341 954 Neque
364 919 526 949 luctatorem
556 929 727 958 generosum,
743 922 792 959 qui
812 922 841 951 ln
870 926 1011 951 certamen

213 965 363 999 descendit,
395 972 423 994 et
455 968 566 999 pulvere
597 967 761 1005 aspergitur,
787 973 813 997 et
844 969 1010 1004 percutitur,

213 1011 312 1039 deﬂere
336 1012 518 1049 lacrymisque
541 1015 669 1050 prosequi
696 1015 798 1043 decet:
815 1015 922 1043 labores
938 1015 1010 1042 enim

214 1057 264 1092 ipsi
282 1058 308 1085 in
320 1065 436 1087 coronas
450 1060 596 1094 desinunt;
614 1069 701 1096 neque
725 1066 866 1090 strenuum
893 1061 1010 1096 aliquem

213 1103 329 1131 militem
350 1105 382 1131 ad
397 1105 494 1132 bellum
511 1106 740 1141 proﬁciscentem,
755 1106 800 1134 ubi
816 1111 843 1134 et
860 1107 970 1134 vulnera
985 1110 1012 1135 et

215 1151 396 1178 mactationes
424 1151 604 1186 perpetietur,
626 1152 753 1180 lamentis
777 1151 885 1180 adicere
911 1160 1013 1180 conve-

216 1195 256 1223 nit
271 1205 279 1223 :
296 1196 395 1224 redibit
415 1198 488 1225 enim
510 1198 597 1225 victor
620 1198 756 1234 gloriosus
778 1203 805 1226 et
829 1199 963 1226 columnis
985 1202 1014 1226 et

215 1242 362 1277 praconiis
381 1244 509 1277 potietur.
526 1243 651 1272 Sedillos
666 1245 757 1280 potius
773 1245 905 1281 lacrymis
917 1251 1013 1280 prose-

216 1287 263 1322 qui
274 1287 384 1322 dignum
399 1293 451 1322 est,
467 1289 513 1324 qui
528 1290 563 1317 ad
583 1289 726 1318 latrocinia
742 1289 885 1325 caedesque
898 1294 1012 1325 patran-

217 1333 267 1361 das
283 1339 410 1367 currunt,
423 1336 542 1364 maxime
559 1336 669 1371 quidem
686 1341 749 1364 tunc
770 1343 832 1364 cum
847 1335 1012 1364 malellciutn

217 1381 407 1414 exercuerim;
422 1381 520 1409 deinde
539 1389 604 1410 vero
619 1383 703 1410 etiam
734 1387 798 1410 tunc
821 1382 930 1417 quando
949 1389 1014 1418 sup-

217 1425 300 1460 plicio
314 1425 477 1455 adiciuntur.
495 1427 636 1461 Quomodo
665 1428 750 1463 igitur
778 1428 885 1456 discere
912 1428 1013 1463 quaesi-

217 1470 292 1503 risti,
307 1478 388 1505 quam
410 1471 446 1498 ob
469 1478 578 1500 causam
595 1471 734 1505 Christus,
759 1479 813 1507 quo
836 1476 958 1507 tempore
979 1472 1014 1501 ad

218 1521 327 1543 crucem
345 1515 458 1544 victoris
477 1521 505 1544 et
521 1516 729 1552 triumphatoris
752 1517 839 1546 instar
857 1517 1015 1552 proﬁcisce-

218 1561 310 1594 batur,
324 1561 504 1590 lamentantes
516 1551 642 1591 mulieres
654 1570 707 1591 non
720 1563 801 1591 modo
811 1551 865 1592 non
874 1563 1015 1599 amplexus
1028 1551 1051 1581 (ἶ

219 1605 313 1640 fuerit,
333 1614 428 1634 verum
455 1607 539 1635 etiam
565 1608 791 1642 reprehenderit?
805 1607 917 1636 Constat
929 1609 1014 1643 enim,

219 1652 243 1680 si
260 1654 322 1688 quis
341 1653 427 1681 vicem
443 1654 534 1682 doleat
546 1655 685 1690 patientis,
702 1654 728 1682 id
742 1655 767 1683 ei
783 1655 891 1691 quidem
911 1655 957 1691 qui
971 1655 1015 1684 in-

218 1699 293 1727 vitus
304 1700 419 1735 patitur,
442 1700 542 1728 solatio
559 1708 637 1734 esse;
651 1701 677 1729 ei
690 1707 755 1729 vero
768 1701 813 1736 qui
834 1709 883 1729 sua
906 1706 1014 1737 sponte,

219 1745 350 1782 iniuriam
366 1746 474 1776 aﬂerre.
493 1746 594 1782 lnjuria
611 1747 684 1775 enim
708 1752 751 1775 est
778 1747 816 1776 illi
842 1749 1014 1777 eundolentia

221 1799 255 1819 ac
270 1793 484 1827 commiseratio,
498 1793 543 1821 cui
558 1801 611 1822 non
630 1797 731 1829 praeter
747 1798 794 1821 aut
810 1799 905 1822 contra
921 1795 1015 1822 volun-

219 1843 303 1866 tatem
318 1839 408 1868 evenit
423 1841 494 1875 quod
511 1840 623 1875 patitur.
637 1840 719 1876 516
740 1839 873 1874 Quoniam
891 1840 975 1876 igitur
989 1845 1017 1868 et

220 1886 279 1920 ipse
305 1886 399 1914 volens
425 1887 460 1915 ad
489 1887 643 1922 passionem
674 1887 810 1920 veniebat,
840 1891 868 1915 et
899 1892 1015 1914 mortem

220 1932 418 1966 exstincturus,
443 1937 471 1961 et
491 1933 629 1960 diabolum
654 1938 853 1966 enervaturus;
875 1932 927 1961 illa:
951 1940 1016 1961 vero

220 1977 355 2006 deﬂebant
370 1981 469 2014 ipsum,
482 1979 527 2014 qui
544 1979 647 2006 laudari
665 1981 756 2014 potius
770 1984 796 2007 et
810 1980 905 2015 plausu
926 1981 1015 2016 excipi

220 2022 380 2050 merebatur
394 2032 401 2050 :
418 2031 477 2051 eam
489 2023 523 2051 ob
537 2031 595 2052 rem
611 2025 704 2058 etiam,
725 2030 754 2053 ut
768 2025 949 2061 quorumdam
963 2025 1017 2053 {ert

1182 767 1248 795 PII'.
1266 782 1302 789 —
1317 767 1485 802 ΘΕΟΔΟΣῘῼ
1499 767 1736 802 ΠΡΕΣΒΥΤΕΡῼ.

1060 825 1112 853 Διὰ
1129 825 1158 853 τί
1169 823 1219 852 ἐπὶ
1230 824 1286 852 τὸν
1300 824 1436 858 σταυρὸν
1446 824 1610 858 ἐρχόμενος
1621 824 1637 850 ό
1655 823 1784 858 Χριστὸς
1796 823 1861 857 ταῖς

1185 859 1387 895 κοπτομέναις
1399 859 1540 894 γυναιξὶν
1552 859 1746 893 ἐπετίμησεν.

1098 916 1167 944 Οὔτε
1181 916 1226 944 τὸν
1240 917 1364 951 γενναῖον
1379 915 1499 951 ἀθλητὴν
1508 917 1548 948 εἰς
1559 915 1604 943 τὸν
1617 915 1712 949 ἀγῶνα
1729 915 1860 949 καθέντα,

1062 963 1111 991 καὶ
1132 963 1320 999 κονιζόμενον,
1348 962 1395 989 καὶ
1413 962 1602 997 τυπτόμενον,
1631 961 1800 998 θρηνητέον·
1821 963 1861 994 εἰς

1063 1010 1212 1045 στεφάνους
1232 1009 1287 1045 γὰρ
1311 1008 1386 1045 αὐτῷ
1407 1009 1433 1035 οἱ
1452 1008 1527 1035 πόνοι
1540 1008 1719 1035 τελευτῶσιν-
1738 1008 1801 1035 οὔτε
1815 1008 1864 1035 τὸν

1062 1055 1177 1091 ἀριστέα
1192 1055 1221 1081 ἐν
1242 1054 1354 1090 πολέμῳ
1363 1053 1481 1087 ἐξιόντα,
1493 1053 1542 1080 καὶ
1552 1052 1710 1088 τραύματα,
1728 1053 1778 1079 καὶ
1791 1061 1860 1088 σφα-

1062 1101 1114 1136 γὰς
1131 1101 1265 1136 μέλλοντα
1288 1100 1448 1136 ὑπομένειν,
1475 1100 1655 1135 ὀλοφυρτέον·
1678 1099 1861 1134 τροπαιοῦχος

1062 1147 1117 1183 γὰρ
1140 1146 1284 1182 ἐπανήξει,
1314 1147 1363 1173 καὶ
1389 1145 1496 1181 στηλῶν
1511 1145 1560 1172 καὶ
1576 1145 1755 1181 ἀναῤῥήσεων
1766 1144 1860 1178 τεύξε-

1062 1201 1122 1220 ται·
1149 1192 1206 1219 ἀλλ’
1224 1192 1348 1224 ἐκείνους
1374 1191 1534 1227 θρηνητέον,
1551 1192 1616 1223 τοὺς
1646 1192 1692 1218 ἐπὶ
1721 1191 1860 1226 λῃστείαις

1066 1240 1115 1266 καὶ
1142 1238 1332 1274 ἀνδροφονίαις
1357 1238 1480 1270 θέοντας,
1494 1237 1627 1273 ,μάλιστα
1652 1237 1703 1272 μὲν
1723 1237 1787 1263 ὅταν
1810 1246 1860 1263 κα-

1063 1285 1230 1321 κουργῶσιν,
1261 1285 1358 1312 ἔπειτα
1382 1285 1411 1311 δὲ
1436 1285 1483 1312 καὶ
1510 1285 1575 1312 ὅταν
1594 1283 1776 1316 κολάζωνται.
1799 1283 1860 1315 ne;

1064 1329 1111 1359 οὖν
1130 1331 1268 1368 ἐζήτησας
1295 1331 1405 1366 μαθεῖν,
1425 1330 1459 1358 δι’
1473 1331 1507 1367 ἢν
1524 1329 1615 1358 αίτίαν
1638 1330 1792 1366 θρηνούσας
1812 1329 1861 1361 τὰς

1064 1379 1210 1413 γυναῖκας,
1237 1378 1282 1405 ὅτε
1317 1378 1364 1404 ἐπὶ
1390 1377 1436 1404 τὸν
1466 1377 1583 1413 σταυρὸν
1618 1376 1656 1409 ὡς
1680 1376 1862 1413 τροπαιοῦχος

1064 1424 1148 1460 ἀπῄει
1161 1425 1176 1451 ὀ
1191 1424 1311 1460 Χριστὸς
1337 1424 1368 1451 οὐ
1385 1424 1467 1460 μόνον
1481 1424 1533 1451 οὐκ
1550 1423 1714 1456 ἀπεδέξατο.
1729 1422 1799 1450 ἀλλὰ
1814 1422 1863 1450 καὶ

1064 1469 1236 1505 ἔπετίμησε;
1255 1469 1341 1504 Δῆλον
1353 1469 1409 1506 γὰρ
1425 1470 1467 1497 ὃτι
1483 1469 1522 1505 τῷ
1542 1469 1592 1505 μὲν
1607 1469 1704 1496 ἀκοντὶ
1731 1469 1862 1504 πάσχοντι

1065 1515 1082 1551 ἡ
1101 1515 1260 1550 συμπάθεια
1273 1516 1461 1551 παράκλησις,
1478 1515 1517 1551 τῷ
1531 1515 1560 1542 δὲ
1575 1515 1665 1542 ἑκοντὶ
1680 1514 1761 1550 ὓϐριν
1772 1514 1861 1550 φέρει.

1067 1562 1168 1598 ’Υῦρις
1191 1562 1247 1598 γὰρ
1267 1562 1409 1598 ἐκείνῳτὸ
1436 1561 1592 1597 συμπαθὲς,
1618 1558 1641 1596 ᾧ
1665 1560 1703 1596 μὴ
1728 1560 1759 1586 τδ
1777 1560 1862 1593 πάθος

1066 1610 1233 1646 ἀϐούλητον.
1256 1610 1335 1637 Ἐπεὶ
1350 1610 1440 1637 τοίνυν
1454 1609 1501 1637 καὶ
1518 1609 1600 1640 αὐτὸς
1616 1608 1687 1636 ἑκὼν
1702 1609 1750 1635 ἐπὶ
1765 1608 1797 1635 τδ
1811 1607 1863 1635 πά-

1067 1656 1114 1688 θος
1131 1656 1244 1692 ἤρχετο,
1259 1657 1366 1683 καὶτὸν
1378 1656 1494 1683 θάνατον
1510 1655 1626 1687 σϐέσων,
1647 1655 1695 1682 καὶ
1708 1655 1754 1682 τὸν
1771 1654 1862 1682 διάϐο-

1066 1703 1112 1730 λον
1127 1703 1296 1738 ὲκνευρίσων
1306 1711 1313 1718 ·
1324 1703 1455 1738 ἐθρήνουν
1468 1702 1495 1728 δὲ
1507 1703 1610 1729 ἐκεῖναι
1619 1701 1663 1728 τὸν
1678 1701 1862 1737 εὐφημεῖσθαι

1066 1748 1113 1775 καὶ
1129 1747 1286 1784 κροτεῖσθαι
1296 1747 1402 1775 δίκαιον
1417 1748 1482 1774 ὄντα
1492 1755 1498 1762 ·
1511 1747 1554 1774 διὰ
1568 1747 1647 1773 τοῦτο
1659 1746 1718 1779 καὶ,
1733 1746 1771 1777 ὼς
1787 1746 1862 1781 νομί-

1068 1793 1145 1826 ζουσι
1165 1802 1248 1827 τινες,
1275 1794 1470 1830 κατηράσατο·
1495 1794 1533 1825 ὼς
1555 1793 1583 1820 δὲ
1606 1794 1623 1829 ἡ
1648 1793 1766 1828 ἀλήθεια
1795 1792 1861 1827 ἔχει,

1067 1843 1246 1877 προεμήνυσε
1261 1842 1295 1869 τὰ
1309 1842 1444 1878 μέλλοντα
1457 1843 1554 1873 αὐταῖς
1574 1840 1765 1877 συμϐήσεσθαι
1781 1841 1860 1867 κακά.

1066 1887 1232 1923 Θρηνεῖσθαι
1261 1888 1316 1923 γὰρ
1339 1888 1370 1914 οὐ
1396 1887 1476 1923 θέμις
1499 1887 1545 1913 τὸν
1573 1886 1792 1922 τροπωσὰμενον
1815 1886 1863 1922 τὴν

1067 1933 1218 1970 ἁμαρτίαν,
1242 1935 1288 1960 καὶ
1308 1934 1459 1961 σπεύδοντα
1482 1934 1529 1960 ἐπὶ
1551 1932 1590 1969 τῷ
1616 1933 1724 1959 καὶτὸν
1750 1933 1863 1960 Θάνατον

1068 1980 1237 2013 θανατῶσαι,
1254 1979 1301 2006 καὶ
1317 1980 1362 2006 τὸν
1387 1979 1511 2006 διάϐολον
1525 1980 1617 2014 δῆσαι,
1636 1977 1706 2005 ἀλλὰ
1729 1978 1776 2005 καὶ
1802 1977 1862 2008 τοὺς

1068 2025 1122 2053 ὑπὸ
1132 2025 1236 2052 τούτων
1250 2025 1379 2052 ἁπάντων
1393 2025 1507 2058 ἁλόντας
1522 2025 1590 2061 (77).

220 2068 323 2102 opinio,
340 2068 407 2097 diris
425 2069 497 2105 ipsas
532 2069 688 2106 deligabat;
709 2075 739 2098 ut
760 2076 852 2099 autem
889 2072 991 2100 veritas
1024 2072 1118 2105 habet,
1147 2071 1387 2108 prasigniﬂcabat-
1406 2079 1437 2099 ea
1465 2080 1525 2106 quae
1549 2072 1616 2107 ipsis
1642 2077 1754 2098 ventura
1771 2073 1861 2098 essent

221 2114 302 2142 mala.
317 2113 385 2143 Nam
409 2115 536 2152 lacrymis
551 2124 612 2144 eum
631 2117 758 2153 prosequi
771 2117 813 2146 fas
828 2126 881 2146 non
896 2123 948 2152 est,
967 2119 1013 2154 qui
1034 2119 1067 2147 de
1080 2123 1195 2154 peccato
1212 2123 1342 2153 tropmum
1356 2118 1503 2151 statuebat,
1517 2122 1544 2145 et
1579 2123 1762 2152 prmtcrquam
1791 2117 1860 2151 quod

221 2161 256 2189 ad
272 2167 385 2190 mortem
400 2167 487 2191 morte
504 2162 670 2191 multandam
692 2164 840 2193 festinabat
855 2169 882 2193 et
902 2165 935 2192 ad
949 2165 1124 2194 vinciendum
1155 2165 1305 2198 diabolum,
1329 2164 1364 2192 ad
1396 2172 1443 2193 eos
1469 2171 1590 2200 quoque,
1608 2164 1654 2199 qui
1690 2164 1723 2191 ab
1751 2163 1793 2190 his
1806 2170 1862 2189 om-

220 2208 300 2237 nibus
321 2209 420 2244 captivi
437 2210 609 2244 tenebantur,
633 2211 788 2240 liberandos
804 2220 833 2240 se
845 2212 1016 2241 conferebat.

310 2265 454 2293 CLXXXI.
469 2281 505 2287 —
525 2267 663 2296 HIERACI
683 2268 923 2298 PRESBY'I‘ERO.

222 2322 256 2350 In
269 2322 348 2356 illud,
366 2332 375 2349 ‹
399 2321 488 2351 Nolite
505 2330 599 2352 sancta
617 2326 682 2353 dare
702 2327 813 2354 canibus
829 2328 862 2362 ",
881 2337 891 2354 ι
913 2331 942 2355 et
955 2335 1016 2364 qua:

532 2366 694 2395 sequuntur.

1031 2266 1054 2293 D

258 2413 362 2442 Revera
376 2414 485 2450 dignum
503 2415 684 2445 admiratione
705 2422 747 2446 est
772 2419 925 2453 oraculum,
942 2423 1013 2455 quod

260 2503 282 2520 ⁸⁵
295 2502 361 2532 Luc.
377 2511 456 2538 xxm,
468 2504 514 2537 27,
528 2505 574 2533 28.
613 2506 634 2523 "
647 2506 743 2536 Matth.
760 2516 809 2542 vn,
827 2510 854 2536 6.

1209 2269 1296 2296 PHA'.
1313 2283 1349 2288 —
1363 2268 1482 2296 IEPAKI
1501 2266 1739 2300 ΠΡΕΣΒΥΤΕΡῼ.

1072 2327 1124 2361 Εις
1138 2328 1184 2354 rd‘
1198 2336 1207 2353 ι
1225 2326 1273 2361 Μὴ
1295 2325 1371 2353 δῶτε
1392 2325 1513 2387 nigrm
1539 2325 1602 2358 τοῖς
1631 2323 1714 2356 κυσὶ,
1734 2331 1744 2348 ι
1769 2321 1816 2349 καὶ
1831 2321 1862 2348 τὰ

1449 2369 1507 2387 :n:.

1449 2369 1507 2395 ςης.

1107 2420 1210 2452 Ὄντως
1222 2418 1388 2454 diuinam;
1404 2419 1418 2446 ὁ
1438 2418 1508 2449 θεῖος
1523 2417 1658 2453 χρησμὸς,
1679 2416 1709 2443 ὃν
1728 2417 1861 2452 ἑρμηνευ-

770 2588 888 2616 ΥΑΙΗΛΕ
909 2589 1101 2618 LECTlONES
1120 2590 1164 2619 ET
1181 2590 1297 2619 ΝΟΤᾸΞ.

259 2663 315 2700 (76)
333 2664 433 2694 Confer
452 2674 496 2701 ep.
513 2667 577 2700 151,
596 2667 643 2695 lib.
664 2676 693 2697 ll.
712 2668 827 2697 Videtur
845 2669 966 2697 alludere
982 2670 1014 2697 ad

223 2700 454 2742 Pythagoreorum
464 2700 635 2737 sapientiam.
650 2704 700 2742 Qui
712 2705 784 2732 enim
797 2705 829 2732 de
843 2706 896 2732 vita
915 2705 1017 2742 Pytha-

225 2743 297 2769 gora:
311 2740 467 2765 acctn'alius
483 2740 659 2766 commentati
676 2743 749 2771 sunt,
779 2744 915 2768 testantur
941 2741 1015 2768 illmn

225 2779 289 2810 suas
304 2772 432 2805 quasdam
453 2774 578 2801 habuisse
592 2774 710 2810 ἐπῳδὰς,
729 2775 826 2809 quibus
851 2783 903 2803 non
925 2776 1016 2802 minus

226 2807 378 2845 animorum
401 2809 619 2845 perturbationes
635 2807 720 2844 'quant
737 2807 881 2843 corporum
901 2811 1012 2845 :rgritu-

224 2842 303 2877 times
334 2843 468 2877 depellere
497 2846 592 2872 solitus
619 2842 663 2872 sit.
695 2846 762 2873 Vide
786 2842 967 2873 Jainblicbum
986 2851 1014 2872 et

226 2875 398 2905 Malchumin
413 2878 471 2907 Vua
490 2878 657 2916 l‘ylhagorie.
675 2881 743 2915 Quid
767 2886 857 2910 autem
872 2881 904 2909 de
919 2881 1013 2916 epodis

1072 2671 1130 2697 sive
1143 2670 1389 2706 incantationibus,
1402 2676 1472 2706 (ιιιῖε-
1482 2667 1679 2706 νιειμξςιίεςῖιηο,
1696 2666 1862 2706 sefl_‘ml’_‘:"'_‘

1072 2706 1136 2732 ban
1159 2713 1252 2736 more,
1280 2700 1417 2731 curandis
1430 2703 1586 2730 vulneribus
1613 2709 1644 2729 ac
1668 2701 1771 2729 morbis
1792 2700 1861 2726 adhi-

1071 2740 1181 2773 bentur,
1205 2740 1375 2767 seutii-mium
1393 2740 1439 2771 sit,
1463 2738 1554 2773 militis
1567 2738 1617 2765 SS.
1634 2737 1745 2773 Patrum
1770 2740 1862 2773 ηιμ-ιιι.

1071 2771 1286 2802 ritatiluisdocui
1302 2775 1327 2801 in
1347 2775 1489 2802 Sncrm-um
1505 2772 1656 2799 Lectionum
1671 2772 1758 2798 libris.
1774 2771 1854 2797 ﬂlx‘r.

1105 2811 1162 2842 (77)
1190 2811 1344 2842 Ἀλόπας.
1368 2809 1502 2837 Omissum
1534 2813 1561 2834 et
1578 2809 1728 2842 addendum
1757 2807 1862 2833 videtur

1070 2850 1182 2874 verbum
1199 2841 1347 2881 λυτρῶςσζτ,
1366 2846 1404 2871 γιιι
1421 2843 1632 2878 ἀπολυτρώσῃ.
1653 2841 1736 2870 ﬁt".
