2049 3164
167 191 237 226 1273

566 193 834 225 EPISTOLARUM
848 194 921 224 LIB.
942 193 991 223 IV.
1002 205 1037 210 --
1050 192 1169 222 EPIST.
1196 191 1385 223 CLXXXIII.

1729 193 1797 225 1274

166 246 246 282 θῆναι
258 255 301 274 σοι
316 246 523 283 παρεκελεύσω.
543 248 579 274 Τὸ
589 249 659 285 γάρ·
677 258 687 274 ι
702 249 748 284 Μὴ
761 249 828 276 δῶτε
847 249 882 275 τὰ
890 249 957 283 ἅγια

1009 248 1056 274 tibi
1073 249 1170 282 exponi
1191 248 1304 282 petiisti.
1334 248 1401 275 Illud
1423 247 1495 275 enim
1518 246 1639 275 dictum:
1670 256 1679 273 t
1708 247 1798 277 Nolite

164 295 222 326 τοῖς
234 293 309 326 κυσὶ,
327 293 395 329 μηδὲ
420 293 516 329 ρίψητε
533 294 597 326 τοὺς
620 297 794 331 μαργαρίτας
815 295 893 331 ὑμῶν
909 295 958 330 Εμ-

164 338 286 375 προσθεν
303 339 358 365 τῶν
370 340 481 374 χοίρων,
496 339 601 374 μήποτε
613 342 847 377 καταπατὴσωσιν
859 341 957 372 αὐτοὺς

163 386 222 417 τοῖς
237 385 318 412 ποσὶν
328 384 430 416 αὐτῶν,
455 385 501 412 καὶ
523 386 690 421 στραφέντες
706 387 825 422 ῥήξωσιν
842 387 925 422 ὑμᾶς,
944 395 954 412 ›

163 430 285 458 τοιοῦτόν
300 439 362 458 τινα
374 430 467 457 ὠδίνει
478 430 551 459 νοῦν.
570 432 682 467 Ἐπειδὴ
696 432 773 467 ἆγιος
788 433 835 460 καὶ
849 441 957 469 μαργαο

165 476 244 513 ρίτης
255 476 342 508 δντως
357 476 576 512 τιμαλφέστατος
591 477 606 503 ὀ
627 477 698 509 Baio;
718 477 809 512 λόγος,
836 478 915 509 κύνες
928 477 957 504 δὲ

164 522 213 549 καὶ
227 523 314 558 χοῖροι
331 521 362 548 οὗ
382 522 463 557 μόνον
478 522 503 548 οἱ
519 524 583 557 περὶ
598 523 632 550 τὰ
643 522 776 558 δόγματα,
790 523 858 550 ἀλλὰ
872 523 920 550 καὶ
932 524 956 550 οἱ

165 569 231 604 περὶ
241 568 291 599 τὰς
303 567 419 603 πράξεις
434 568 588 602 πταίοντες,
601 569 792 604 καταπάτησις
807 569 835 596 δὲ
854 571 870 605 ἡ
893 570 957 606 περὶ

164 614 256 642 αὐτῶν
279 613 338 650 ἐρις
355 614 402 641 καὶ
425 614 590 650 ζυγομαχία,
611 615 666 642 τῶν
685 615 734 650 μὲν
756 615 805 651 τὴν
822 616 956 652 ὀρθότητα

164 660 219 686 τῶν
234 660 378 695 δογμάτων
394 660 559 696 ἀνατρέπειν
574 661 765 696 πειρωμένων,
790 661 845 688 τῶν
858 661 886 688 δὲ
906 661 956 696 τὴν

164 707 282 742 ἀρίστην
305 706 444 734 πολιτείαν
465 706 679 742 ἐξυϐριζόντων·
705 708 783 744 ῥῆξις
796 708 824 734 δὲ
840 707 896 734 τῶν
910 707 956 735 τὸν

165 751 237 778 θεῖον
250 751 328 785 λόγον
339 751 558 787 πρεσϐευόντων,
574 753 622 779 καὶ
634 753 688 780 τῶν
704 754 760 789 (78)
774 753 872 788 ἄριστα
886 763 956 789 συμ-

166 795 358 828 6ουλευόντων,
377 797 394 832 ἡ
409 796 464 823 τῶν
486 797 536 823 οὐκ
552 797 641 834 ὀρθῶς
668 798 799 833 βιούντων
814 800 955 834 καταφρό-

166 850 244 877 νησις
257 842 303 868 καὶ
320 842 417 877 ἀτιμία
427 850 434 858 ι
445 842 489 869 διὰ
499 842 578 869 τοῦτο
589 843 642 879 ἔφη
652 851 659 858 ·
671 843 716 879 Μὴ
727 844 765 876 ὡς
778 844 879 871 εὖωνόν
893 854 953 871 τινα

165 888 213 915 καὶ
228 888 390 923 εὐπόριστον
405 888 516 925 ρίπτετε
529 889 574 916 τδν
587 889 678 924 λόγον,
696 890 740 916 ἵνα
754 891 792 926 μὴ
809 891 856 917 καὶ
874 891 954 922 αὐτὸς

164 935 355 970 παροινηϐεἱη,
379 935 425 962 καὶ
456 935 536 970 ὑμεῖς
559 936 772 972 κωμῳδηθείητε
801 937 877 972 παρὰ
901 937 955 963 τῶν
972 930 991 956 Β

162 980 252 1015 ὀρθῶς
267 980 322 1016 (79)
339 980 423 1017 μηδὲν
440 982 508 1016 μήτε
528 981 672 1016 λεγόντων,
683 983 750 1018 μήτε
767 983 954 1017 πραττόντων.

163 1024 241 1055 Τινὲς
257 1024 287 1050 δέ
305 1033 387 1058 φασιν
401 1025 451 1051 οὐκ
465 1025 519 1053 ἀπὸ
535 1026 649 1059 σκοποῦ,
662 1028 702 1053 ὅτι
714 1027 762 1053 καὶ
774 1027 823 1063 τὴν
839 1027 955 1062 ἱερωσύ-

162 1078 211 1105 νην
226 1069 381 1105 διαγορεύει
408 1071 446 1106 μὴ
468 1071 578 1105 δοθῆναι
603 1073 659 1104 τοῖς
674 1073 803 1107 ἀσελγέσι
827 1073 874 1100 καὶ
885 1074 954 1100 dm-

162 1115 281 1150 θάρτοις,
298 1116 340 1142 ἵνα
358 1115 395 1152 μὴ
409 1116 457 1143 καὶ
472 1116 558 1151 αὐτὴν
583 1116 735 1152 ὐδρίσειαν,
755 1119 802 1144 καὶ
816 1121 886 1146 κατὰ
899 1119 953 1146 τῶν

161 1162 412 1197 χειροτονησάντων
436 1163 596 1198 όρμήσαιεν.
622 1163 656 1199 ἣν
679 1162 752 1198 εἶχον
779 1165 832 1199 πρὸ
859 1165 954 1192 τούτου

161 1207 264 1243 σεμνὴν
277 1207 358 1239 δόξαν
373 1207 598 1243 διαρῤηγνύντες.
613 1209 644 1235 El
655 1209 683 1235 δὲ
697 1210 744 1235 καὶ
758 1211 814 1241 τοῖς
829 1210 954 1246 ἁμαρτά-

162 1261 238 1279 νουσι
253 1252 368 1285 λαῖκοῖς,
389 1254 423 1279 τὰ
450 1253 509 1280 θεῖα
522 1253 559 1290 μὴ
581 1254 702 1282 δίδοσθαι
728 1256 876 1291 μυστήρια,
895 1256 956 1283 ἐπί-

160 1307 270 1333 στησον.
288 1298 319 1326 Εἰ
333 1299 362 1326 δὲ
376 1299 493 1331 καὶτοῖς
510 1301 757 1336 προσποιουμένοις
775 1302 825 1337 μὲν
845 1302 956 1338 προσιέ-

160 1353 205 1371 ναι
228 1346 261 1381 τῇ
285 1345 387 1378 πίστει,
413 1344 451 1381 μὴ
478 1345 674 1382 ἀφισταμένοις
693 1347 722 1373 δὲ
742 1347 796 1374 τῶν
812 1349 955 1384 παρόντων

158 1390 396 1426 ἐπιτηδευμάτων,
421 1391 590 1427 ἀπαγορεύει
610 1393 641 1419 τὸ
665 1392 743 1420 Θεῖον
769 1393 888 1421 δίδοσθαι
905 1394 955 1430 βά-

160 1446 279 1473 πτισμα,
297 1438 457 1473 ἐπίστησον,

1008 299 1102 320 sancta
1132 294 1196 320 dare
1223 295 1346 328 canibus,
1373 301 1461 329 neque
1488 294 1611 330 projicite
1637 296 1797 330 margaritas

1009 344 1113 366 vestras
1125 343 1188 366 ante
1202 347 1310 373 porcos,
1327 341 1472 374 nequando
1484 341 1643 369 conculcettt
1657 349 1703 369 eas
1723 343 1796 377 pedi-

1008 385 1057 412 hus
1068 387 1135 418 suis,
1153 389 1180 412 et
1196 387 1319 413 conversi
1343 386 1463 414 lacerent
1487 395 1552 420 vos;
1577 397 1586 413 ι
1611 389 1689 414 talem
1703 396 1798 422 quent-

1007 435 1068 459 dam
1089 432 1160 466 parit
1185 439 1307 459 sensum.
1333 431 1400 465 Quia
1428 432 1540 459 verbum
1564 434 1683 460 divinum
1698 440 1740 461 est
1755 442 1799 461 sa-

1006 483 1191 510 crosanctum,
1217 482 1245 505 et
1274 478 1422 512 margarita
1452 486 1546 505 revera
1574 481 1796 514 pretiosissima:

1006 531 1088 551 canes
1114 528 1204 551 autem
1228 527 1255 551 et
1279 523 1353 558 porci
1369 527 1442 557 sunt,
1464 531 1518 550 non
1543 524 1629 551 solum
1653 526 1697 560 qtti
1726 526 1798 554 circa

1007 571 1131 606 dogmata
1147 571 1312 598 Christianae
1326 570 1475 605 religionis,
1489 570 1536 598 sed
1555 572 1636 598 etiam
1659 573 1704 606 qui
1725 573 1798 600 circa

1006 616 1128 644 actiones
1141 617 1269 644 labuntur
1284 625 1291 644 :
1311 615 1480 644 conculcatio
1496 621 1587 643 autem
1602 621 1644 643 est
1657 618 1799 645 contentio

1006 666 1087 697 atque
1110 662 1280 690 concertatio
1306 662 1339 689 de
1364 661 1417 689 illis
1444 665 1582 696 suscepta,
1601 661 1664 688 dum
1681 661 1726 688 alii
1751 663 1800 689 do-

1005 712 1126 742 gmatum
1141 707 1334 735 rectitudinem
1350 708 1589 742 sinceritatetnqne
1611 711 1735 735 evertere
1754 716 1800 735 co-

1006 759 1121 786 nantur;
1139 753 1185 780 alii
1205 754 1336 788 optimam
1356 754 1465 781 vivendi
1487 755 1619 780 rationem
1634 754 1798 781 contumelia

1006 798 1136 826 alliciunt.
1162 798 1310 826 Laceratio
1335 800 1452 834 denique
1480 807 1574 827 eorum
1603 800 1648 835 qui
1678 800 1798 827 divinum

1007 844 1118 871 verbum
1134 848 1263 879 tanquam
1282 845 1363 880 legati
1378 846 1551 875 annuntiant.
1562 846 1720 880 optimaque
1735 846 1801 872 dant

1008 890 1133 922 consilia,
1148 895 1190 918 est
1203 896 1375 926 contemptus
1397 897 1424 919 et
1444 891 1603 926 ignominia,
1615 899 1667 926 qua
1681 899 1727 919 eos
1743 891 1800 919 afﬁ-

1006 937 1080 963 cittttt
1096 937 1140 971 qui
1155 945 1209 964 non
1232 943 1305 965 recte
1320 938 1435 971 vivunt;
1451 940 1519 964 hanc
1533 938 1567 964 ob
1582 934 1692 965 causam
1705 938 1773 965 dixit
1791 947 1798 966 :

1005 981 1044 1009 Ne
1059 987 1185 1017 tanquam
1200 990 1255 1010 rem
1272 983 1388 1017 aliquam
1410 984 1489 1010 vilem
1513 991 1544 1010 ac
1567 988 1662 1018 paratu
1693 983 1798 1011 facilem

1007 1027 1131 1062 projicite
1144 1028 1266 1061 verbum,
1280 1036 1313 1056 ne
1327 1033 1354 1056 et
1370 1029 1459 1063 ipsum
1475 1028 1638 1056 contumelia
1655 1028 1798 1062 adiciatur,

1008 1078 1036 1101 et
1048 1081 1095 1101 vos
1106 1074 1287 1101 traducamini
1301 1082 1332 1102 ac
1343 1074 1458 1101 ludibrio
1474 1073 1629 1101 habeatnini
1645 1074 1679 1101 ab
1693 1074 1737 1106 iis,
1753 1074 1799 1109 qui

1010 1119 1078 1146 nihil
1089 1124 1162 1147 recte
1181 1127 1268 1154 neque
1284 1120 1388 1152 dicunt,
1401 1127 1489 1154 neque
1504 1118 1616 1146 faciunt.
1629 1119 1798 1147 Suntautem

1008 1166 1053 1199 qtti
1074 1173 1126 1192 non
1143 1165 1259 1193 absurde
1283 1166 1385 1199 dicant,
1407 1165 1480 1201 quod
1504 1166 1586 1192 etiam
1615 1165 1799 1193 sacerdotium

1009 1211 1152 1246 prohibeat
1163 1211 1221 1239 dari
1235 1212 1368 1246 improbis
1384 1216 1466 1246 atque
1485 1211 1610 1245 impuris,
1623 1219 1656 1238 ne
1672 1216 1700 1238 et
1712 1212 1799 1246 ipsum

1006 1257 1106 1291 injuria
1121 1257 1250 1292 alliciant,
1268 1262 1296 1285 et
1319 1258 1346 1286 in
1367 1266 1414 1286 eos
1441 1266 1455 1285 a
1481 1258 1580 1292 quibus
1597 1256 1675 1285 electi
1687 1262 1750 1284 sunt
1763 1257 1800 1284 ir-

1007 1307 1098 1336 ruant,
1125 1303 1224 1331 bonam
1242 1309 1323 1340 atque
1348 1305 1499 1337 honestam,
1518 1311 1572 1338 qua
1595 1303 1669 1338 prius
1695 1303 1799 1338 praediti

1004 1353 1095 1382 erant,
1113 1350 1343 1378 existimationem
1371 1350 1564 1377 dilacerantes.
1580 1349 1656 1382 Quod
1674 1349 1696 1376 si
1716 1349 1798 1376 etiam

1003 1396 1180 1430 peccantibus
1208 1396 1284 1423 laicis
1309 1397 1413 1424 dixeris
1438 1403 1491 1422 non
1517 1403 1577 1422 esse
1602 1395 1689 1422 dattda
1709 1395 1800 1422 divina

1002 1441 1143 1475 mysteria,
1160 1441 1230 1469 scias
1246 1446 1273 1470 te
1286 1447 1359 1469 recte
1379 1442 1513 1476 accipere.
1532 1441 1560 1468 Si
1578 1440 1696 1474 denique
1714 1441 1798 1467 etiam

159 1484 272 1517 dixeris,
292 1485 363 1519 quod
389 1485 530 1519 prohibeat
554 1485 674 1513 divinum
703 1487 837 1522 impartiri
863 1487 1026 1522 baptismum
1045 1488 1111 1520 illis,
1139 1488 1185 1524 qui
1214 1489 1344 1516 simulant
1374 1489 1496 1524 quidem,
1528 1495 1557 1515 se
1571 1488 1604 1514 ad
1623 1487 1701 1515 tidem
1719 1486 1798 1514 Chri-

159 1531 274 1558 stianam
292 1532 423 1559 accedere
438 1551 446 1564 ,
463 1533 510 1560 sed
524 1533 632 1561 interim
659 1541 712 1561 non
731 1534 863 1562 desistunt
880 1542 895 1561 a
917 1535 1100 1571 prtcsentibus
1130 1536 1192 1563 vitae
1209 1536 1350 1569 institutis,
1364 1535 1432 1563 scito
1455 1534 1523 1562 nihil
1560 1539 1586 1563 te
1605 1543 1621 1562 a
1656 1542 1720 1562 vero
1751 1536 1800 1561 ab-

158 1585 261 1607 errare.

317 1639 403 1667 PHB'.
423 1654 460 1661 -—
481 1640 614 1676 ΙΣῘΔΩΡῼ
631 1640 793 1676 ΔΙΔΚΟΝῼ.

161 1694 219 1724 Τοῦ
233 1696 403 1731 ψαλτηρίου
413 1717 420 1723 .
441 1697 511 1731 Περὶ
526 1697 581 1737 τῇς
597 1697 658 1723 τῶν
682 1696 814 1731 Ψαλμῶν
835 1697 953 1733 ἐπιγρα-

513 1741 585 1767 φης·

196 1788 260 1814 Ὀτε
278 1787 327 1823 μὲν
342 1789 355 1815 ό
370 1788 522 1820 Μελοποιὺς
537 1789 678 1824 ἐμελῴδει,
693 1789 866 1825 ἐπεγράφετο
882 1789 952 1825 ψαλ-

162 1834 229 1869 μός·
249 1833 315 1869 ᾨδὴ
334 1833 373 1867 τῷ
388 1835 477 1862 Δαϐίδ
492 1835 558 1870 (80).
576 1835 642 1862 Ὅτε
659 1835 687 1862 δὲ
703 1835 784 1868 αὐτὸς
803 1836 852 1871 μὲν
869 1835 951 1871 ἐμελ-

159 1879 233 1914 ῲδει,
258 1880 337 1912 ἄλλος
353 1880 380 1907 δὲ
411 1881 576 1916 ὲμελοποὶει,
602 1882 618 1917 ἢ
644 1882 685 1913 είς
715 1882 797 1909 αὐτὸν
824 1882 854 1908 τὺ
873 1882 953 1917 μέλος

160 1925 226 1961 παρ’
242 1926 330 1952 ἄλλων
344 1927 432 1962 ᾔδετο,
450 1928 465 1963 ἦ
480 1929 519 1959 είς
534 1928 579 1954 τὸν
591 1928 620 1961 ἐξ
634 1928 716 1955 αὑτοῦ
732 1929 763 1955 τὺ
780 1928 850 1955 κατὰ
863 1929 953 1963 σάρκα

159 1972 277 2006 Χριστὸν
293 1973 426 2008 ἀνήγετο,
446 1974 571 2008 Ψαλμὸς
590 1974 630 2007 τῷ
647 1975 745 2001 Amm}.
767 1975 803 2001 Οὐ
818 1975 872 2010 γὰρ
885 1974 954 2001 πάν-

159 2026 205 2048 τες
225 2018 250 2043 οἱ
279 2018 448 2053 μελογρ“άφοι
475 2017 555 2056 ᾖδον,
585 2020 645 2046 οὐδὲ
671 2020 772 2051 πάντες
794 2020 818 2046 οί
845 2019 955 2055 ᾅδοντες

159 2063 385 2098 ὲμελογράφουν’
411 2063 471 2102 an:
493 2065 518 2090 οἱ
540 2064 590 2100 μὲν
602 2065 693 2096 τοῦτο,
723 2065 746 2092 οἱ
761 2065 789 2091 δὲ
808 2065 914 2091 ὲκεῖνο-
928 2065 953 2091 οἱ

159 2108 188 2135 δὲ
201 2109 248 2136 καὶ
264 2109 408 2144 ἀμφότερα
420 2109 625 2145 διεπράττοντο,
638 2110 685 2137 τοῦ
704 2110 777 2137 θείου
794 2110 954 2146 Πνεύματος

159 2154 268 2191 ἑκάστῳ
286 2155 316 2182 τὸ
329 2156 483 2192 πρόσφορον
495 2157 688 2191 ἀπονέμοντος.

1133 1641 1286 1669 CLXXXII.
1300 1656 1335 1661 —
1351 1640 1487 1668 ISIDORO
1507 1639 1666 1668 DIACONO.

1093 1697 1136 1726 Ea:
1148 1698 1292 1729 Psalterio,
1301 1698 1333 1725 de
1346 1697 1516 1725 Psalmorum
1528 1697 1710 1731 inscriptione.

1039 1785 1153 1819 Quando
1176 1786 1233 1821 ipse
1248 1786 1416 1814 Psalmornm
1433 1791 1530 1813 auctor
1551 1786 1678 1818 canebat,
1702 1786 1803 1814 inscri-

1003 1833 1116 1860 behatur
1141 1832 1271 1867 psalmus,
1288 1832 1343 1859 Ode
1359 1832 1463 1860 Davidi.
1480 1832 1514 1859 At
1528 1833 1637 1868 quando
1648 1832 1706 1866 ipse
1718 1831 1799 1867 517

1007 1879 1114 1913 quidem
1143 1879 1267 1911 canebat,
1294 1879 1364 1906 alius
1386 1886 1451 1906 vero
1478 1880 1572 1905 modos
1601 1878 1728 1910 faciebat,
1757 1879 1799 1905 vel

1007 1923 1116 1958 quando
1131 1923 1164 1951 ab
1179 1923 1238 1951 aliis
1252 1931 1360 1950 carmen
1383 1924 1409 1950 in
1428 1924 1515 1958 ipsum
1533 1923 1689 1956 cauebatur,
1707 1922 1749 1950 vel
1765 1923 1800 1950 ad

1007 1967 1158 2000 Christum,
1182 1967 1228 2002 qui
1245 1975 1277 1994 ex
1297 1967 1354 2002 ipso
1380 1968 1526 1995 secundum
1541 1975 1650 1995 carnem
1666 1972 1725 1995 erat
1751 1975 1800 1995 na-

1007 2014 1136 2046 sciturus,
1154 2014 1332 2046 reierebatur,
1360 2014 1502 2048 inscriptio
1522 2014 1603 2041 ﬂebat
1627 2014 1684 2041 hzec
1699 2023 1706 2041 :
1720 2012 1799 2040 Psal-

1005 2067 1063 2086 mus
1078 2059 1183 2086 Davidi.
1199 2059 1258 2087 Non
1284 2060 1357 2087 enim
1381 2067 1477 2088 omnes
1493 2061 1539 2095 qui
1561 2067 1670 2087 carmen
1687 2067 1800 2095 compo-

1005 2108 1117 2140 nebant,
1127 2107 1210 2134 etiam
1222 2106 1356 2134 canebant
1368 2116 1374 2133 :
1394 2114 1482 2141 neqtte
1492 2114 1587 2134 omnes
1599 2106 1644 2141 qui
1654 2107 1799 2138 canebant,

1004 2154 1085 2181 etiam
1101 2159 1211 2181 carmen
1225 2153 1444 2187 componebant;
1461 2152 1509 2180 sed
1523 2152 1568 2179 alii
1588 2152 1653 2184 hoc,
1670 2152 1715 2179 alii
1733 2151 1799 2179 illud

159 2201 308 2233 iaciebant,
323 2203 367 2229 alii
384 2210 449 2230 vero
459 2203 540 2230 etiam
554 2209 710 2238 utrumque,
722 2204 814 2231 divino
826 2204 951 2232 videlicet
971 2201 1075 2237 Spiritu
1092 2199 1241 2234 unicuique
1257 2199 1294 2233 id,
1310 2199 1381 2234 quod
1399 2199 1450 2235 ipsi
1462 2195 1629 2227 conveniéns
1662 2204 1689 2228 el
1706 2204 1799 2234 aptum

157 2253 242 2280 esset.
261 2250 438 2277 attribuente.

204 2297 207 2301 ’
294 2306 379 2334 ΡΠΓ¹.
395 2321 431 2327 ο-
447 2307 563 2343 [ΙΑΥΛῼ
585 2307 735 2344 ΔιΑκοΝο
753 2309 820 2342 (81).

166 2360 230 2388 Ἐπί
243 2360 296 2394 τῆς
310 2361 391 2394 θείας
399 2361 561 2397 ἐνεργείας,
572 2361 605 2389 τὸ
617 2362 683 2395 Πῶς
690 2362 733 2397 μὴ
745 2362 835 2398 ἐχέτω
841 2362 950 2397 χώραν.

195 2451 250 2484 (82)
270 2451 386 2488 Ὀτανή
410 2451 470 2480 θεία
489 2452 603 2488 δύναμις
628 2454 746 2489 ἐνεργῇ.
770 2453 801 2480 τ’)
827 2454 888 2485 Πῶς
914 2455 950 2491 μὴ

160 2496 246 2533 ἐχέτω
268 2497 372 2534 χώραν.
388 2499 420 2525 El
435 2499 490 2535 γὰρ
503 2499 590 2527 πολλὰ
611 2499 682 2536 ὑπὲρ
697 2499 790 2534 φύσιν,
811 2500 860 2526 καὶ
877 2499 949 2534 λογι-

1149 2303 1313 2330 CLXXXIII.
1323 2319 1355 2325 --
1366 2303 1479 2331 ΡΜ]ιο
1497 2280 1657 2330 ῐ)1¹Ᾱ(ΣΟΝο.

1005 2361 1070 2389 Cum
1083 2360 1153 2388 Deus
1167 2361 1269 2396 alit/uid
1278 2358 1629 2421 facit?qttmslio,quontodo
1640 2378 1647 2390 ,
1665 2366 1696 2385 tte
1707 2358 1800 2385 habent

1364 2404 1451 2421 acum.

1364 2404 1451 2422 acum.

1043 2452 1157 2485 Quando
1186 2452 1276 2478 divina
1298 2452 1417 2487 potentia
1436 2451 1539 2486 aliquid
1568 2455 1707 2485 operatur,
1723 2457 1798 2484 qnze-

1005 2499 1067 2530 stio,
1081 2499 1235 2533 quomodo,
1251 2506 1284 2526 ne
1302 2498 1399 2526 habeat
1413 2498 1512 2526 locum.
1532 2496 1600 2524 Nam
1628 2501 1688 2524 utut
1714 2494 1800 2522 tnulta

712 2585 830 2614 VARle
849 2584 1043 2614 LECTIONES
1062 2585 1107 2614 ΕΤ
1124 2585 1241 2615 ΝΟΤΙΕ.

196 2666 252 2703 (78)
266 2667 345 2703 Inter,
355 2666 411 2703 τῶν
421 2670 447 2694 et
461 2666 560 2703 ἄριττα
571 2666 632 2694 cod.
646 2666 708 2694 Val.
718 2665 771 2693 650
789 2666 884 2693 inserit
900 2665 936 2692 τὰ

163 2703 240 2730 Vers.
258 2703 320 2730 inde
334 2702 363 2731 ‘2.
379 2702 447 2729 tollit
462 2702 533 2730 τινά.
550 2702 654 2729 Possm.

195 2738 252 2773 (79)
278 2737 382 2772 Ὀρθῶς
409 2742 493 2763 mutat
517 2738 542 2764 in
565 2737 654 2773 ὀρθόν,
678 2737 756 2773 γει-ε.Δ
773 2736 835 2763 indc
850 2736 949 2773 ὄχοι-ο

160 2771 247 2809 αἰτὴν
264 2773 404 2809 ὑδρίσειαν
421 2773 515 2799 scribit
538 2771 842 2809 aiaab‘rhvt'ﬁpisatev.
874 2771 948 2809 Vers.

180 2807 279 2842 enjep.
296 2808 437 2842 παρόντων
449 2812 534 2834 mutat
550 2808 576 2834 itt
588 2807 800 2842 παρανόμων,ει
818 2812 889 2833 vers.
900 2807 948 2834 ult.

179 2845 311 2879 πίστησον
327 2844 351 2869 in
360 2842 526 2879 fﬂicxié'élt.
544 2843 580 2869 In.

198 2876 260 2913 (8οῖ
274 2879 341 2905 Coll.
360 2877 420 2903 Val.
441 2878 493 2904 630
521 2877 621 2904 ontitlit
725 2876 762 2912 τῷ
784 2877 876 2909 Δαῆίδ,
902 2883 950 2909 pro

165 2915 206 2943 Itis
220 2914 308 2943 solum
325 2918 382 2948 post
401 2912 507 2948 ψαλμὺς
523 2920 624 2948 ponens
638 2912 684 2938 τοῦ
701 2913 790 2939 Δαῆίό.
803 2913 840 2940 ιυ.

1040 2665 1094 2701 (Si)
1109 2666 1252 2702 Inscriptio
1267 2666 1361 2694 deerat
1383 2666 1409 2694 in
1419 2665 1544 2702 editione
1557 2664 1721 2699 Parisiensi;
1734 2672 1796 2700 sup-

1004 2701 1092 2736 pletur
1109 2709 1142 2728 ex
1157 2701 1249 2729 codice
1265 2701 1395 2729 Vaticano
1412 2701 1474 2728 650.
1490 2701 1568 2727 Εοιτ.

1040 2737 1096 2770 (82)
1115 2736 1214 2763 Confer
1227 2737 1307 2771 epist.
1321 2737 1371 2764 476
1387 2737 1432 2763 lib.
1445 2739 1499 2771 net
1513 2734 1711 2771 quodaliltiest
1728 2735 1800 2771 apud

1002 2771 1147 2803 lsiulorutn,
1161 2769 1312 2804 ἓωλοξπᾶς
1319 2772 1397 2805 λόγος
1413 2770 1481 2804 μετὰ
1496 2770 1545 2805 τὴν
1556 2769 1743 2805 θείαννψῆφον.
1754 2770 1800 2797 Sic

1003 2807 1126 2834 Justinus
1143 2807 1246 2842 Martyr
1269 2817 1276 2834 :
1294 2807 1386 2842 σαφὴς
1413 2804 1527 2840 ἔλεγχος
1543 2804 1670 2842 άπιστίας
1679 2804 1726 2842 ⁸τὸ
1741 2804 1800 2838 πύς

1005 2842 1069 2876 περὶ
1087 2841 1154 2868 θεοῦ
1170 2838 1270 2875 λέγειν.
1290 2838 1393 2869 Similia
1410 2838 1494 2867 multa
1510 2841 1607 2867 habent
1627 2839 1658 2867 Ι).
1675 2838 1799 2876 Chryso-

1005 2874 1120 2938 i‘to'ntus.
1150 2874 1310 2905 Ambrosius
1336 2881 1362 2903 et
1383 2876 1440 2909 alii,
1464 2883 1523 2911 qua
1547 2881 1630 2910 parco
1649 2874 1798 2903 ascribere.

1031 2919 1086 2938 tn.

1016 2913 1086 2940 tur.
