2049 3164
215 171 281 205 1281

659 173 926 204 EPISTOLARUM
946 174 1019 203 LIB.
1042 174 1091 204 IV.
1105 174 1270 205 —EPIST.
1292 174 1413 206 CXCIV.

1783 174 1851 207 1282

213 226 261 254 καὶ
276 226 323 254 ἐπὶ
338 226 387 262 τῆς
399 226 451 262 γῆς
464 226 529 254 ἄνευ
546 227 658 255 συνόδου
671 228 829 263 τικτόμεναι
846 228 916 264 πλὴν
926 228 1006 255 τοῦτο

1063 227 1122 255 dere
1138 235 1282 262 possumus
1293 236 1405 263 genera,
1425 235 1486 264 quae
1501 228 1583 256 etiam
1599 228 1624 256 iu
1641 231 1712 256 terra
1731 229 1849 265 gignun-

214 273 245 299 οὑ
263 273 388 307 ποιήσω’
402 273 527 306 mmo
545 273 663 309 χρειώδη
681 275 729 301 καὶ
740 275 894 309 ἀναγκαίαν
904 274 1006 309 ταύτην

213 318 351 354 ὁρίζομαι,
364 318 390 344 εί
407 319 474 354 πρὸς
490 319 662 347 παιδοποιίαν
677 320 724 347 καὶ
741 320 778 356 μὴ
787 321 854 356 πρὸς
865 320 1007 355 ἀσέλγειαν

215 363 320 399 βλέπει.
355 365 460 391 Ἐκεῖνο
485 364 513 391 δὲ
537 365 636 401 μᾶλλον
660 367 782 402 εἴποιμι,
804 367 845 394 ὅτι
868 367 936 403 πρὸς
959 366 1008 402 τὴν

211 411 341 446 οὐράνιον
365 411 444 443 ἀξίαν
470 412 667 446 συγκρίνεσθαι
691 413 742 440 οὐκ
765 412 798 439 ἂν
824 413 866 446 εἴη
893 413 1006 445 δίκαιος,

214 456 366 491 Κοσμικοίς
378 456 427 491 μὲν
438 458 493 492 γὰρ
504 458 518 484 ὀ
534 457 623 492 γάμος
635 458 828 493 έναῦρυνέσθω
843 458 1007 493 ὑποδείγμα-

216 509 268 528 σιν·
284 502 480 537 ὑπερκοσμίοις
497 502 525 529 δὲ
554 503 592 538 μὴ
609 502 756 538 κεχρήσθω
773 503 828 538 (95)
846 504 1006 539 ὑπεροχαῖς.

215 548 352 582 Κοσμικοὶ
373 547 439 582 γοῦν
461 548 510 575 καὶ
539 549 593 575 εἰσὶ
626 549 674 575 καὶ
699 549 843 576 καλοῦνται
870 549 894 576 οἱ
915 549 1008 576 τοῦτον

215 593 415 627 ἀσπασάμενοι.
426 593 458 620 οι
468 593 498 619 δὲ
509 593 557 628 τῆς
569 592 718 629 παρθενίας
730 592 843 628 ἐρασταὶ
853 593 959 628 γνήσιοι
969 593 1010 625 εἰς

215 638 265 670 τὰς
284 638 339 665 τῶν
361 639 486 672 ἀγγέλων
510 639 681 674 τεταγμένας
706 639 898 674 ἐνεγράφησαν
918 638 1007 670 ἀξίας.

216 684 297 718 Λέγει
313 684 368 720 γὰρ
385 685 416 711 τὸ
445 682 542 720 τᾼσμα
565 685 597 711 τὸ
621 685 763 720 μυστικὸν,
789 685 894 720 θάμϐος
918 686 1010 717 αὐτοῖς

217 732 358 765 προσεῖναι
371 731 409 763 ὡς
428 731 615 766 τεταγμένων.
643 731 726 758 Οὐδὲν
742 732 796 767 γὰρ
814 733 877 767 παρ’
893 733 1009 764 ἐκείνοις

217 777 354 810 ἄτακτον,
380 778 441 804 οὐδὲ
465 778 621 814 ἀνώμαλον,
650 778 718 806 ἀλλὰ
744 779 834 806 πάντα
858 779 936 813 τάξει
961 779 1010 806 καὶ

220 823 314 859 ῥυθμῷ
332 824 378 850 καὶ
392 824 512 860 ἁρμονίᾳ
528 825 711 860 κεκόσμηται.
729 826 836 860 Ὥσπερ
852 826 943 852 τοίνυν
963 826 1009 852 οὐ-

217 868 299 903 ,ρανδς
319 868 371 904 γῆς
386 868 520 904 καὶψυχὴ
538 868 663 903 σώματος
682 870 806 905 διαφέρει
817 891 824 902 ,
841 869 912 896 οὕτω
932 870 1008 904 καὶὴ

1059 278 1105 300 ῑιιι·
1123 274 1182 301 sine
1209 276 1398 304 commistione
1429 275 1654 311 corporum.Sed
1683 275 1735 303 hoc
1760 275 1852 304 facere

1059 319 1262 353 supersedebo;
1289 328 1383 348 verum
1425 325 1453 348 et
1483 322 1576 349 utilem
1615 325 1642 348 et
1668 321 1850 349 necessariam

1060 364 1131 392 hanc
1158 372 1215 393 rem
1238 373 1299 394 esse
1324 368 1483 401 pronuntio,
1504 367 1526 395 si
1551 369 1583 395 ad
1612 368 1760 396 liberorum
1788 375 1852 402 pro-

1059 411 1235 443 creationem,
1253 416 1279 439 et
1295 420 1348 439 non
1367 413 1400 439 ad
1417 413 1556 441 libidinem
1571 414 1731 448 explendam
1746 413 1851 441 refera-

1060 460 1114 483 tur.
1131 455 1189 484 Hoc
1202 460 1291 484 autem
1301 457 1391 491 potius
1416 458 1618 489 aﬂirmaverim,
1631 459 1770 495 indignam
1791 467 1854 487 esse

1060 509 1121 536 quas
1133 509 1195 530 cum
1213 501 1316 529 caelesti
1343 501 1476 534 dignitate
1501 509 1684 538 comparetur.
1704 503 1854 531 Mundanis

1059 547 1168 582 quidem
1185 546 1317 582 exemplis
1331 554 1390 575 sese
1401 547 1485 582 jactet
1509 549 1711 576 matrimonium
1728 558 1736 576 :
1753 557 1853 584 supra-

1059 593 1203 620 mundauis
1227 597 1316 620 autem
1344 593 1513 621 cxcellentiis
1540 601 1575 620 ne
1605 597 1705 622 utatur.
1726 595 1853 623 Mundaui

1059 639 1142 674 igitur
1155 643 1253 666 etsunt
1270 643 1298 666 et
1309 639 1487 667 vocanturilli
1501 639 1547 674 qui
1560 640 1585 666 id
1597 640 1713 674 amplexi
1727 640 1851 675 fuerunt;

1060 691 1086 713 at
1100 686 1156 713 veri
1175 687 1354 722 germanique
1368 686 1534 720 virginitatis
1560 691 1699 714 amatores
1710 691 1735 714 et
1765 692 1853 714 secta-

1060 732 1172 760 toresiu
1185 732 1341 768 angelorum
1357 732 1498 759 ordinatas
1517 732 1628 767 ascripti
1651 737 1715 760 sunt
1735 732 1854 767 dignita-

1061 783 1112 806 tes.
1129 778 1173 805 Ait
1193 778 1266 804 enim
1289 785 1418 805 arcanum
1450 778 1515 805 illud
1543 778 1680 815 canticum
1710 782 1851 812 stuporem

1061 824 1125 858 ipsis
1139 825 1234 851 adesse
1246 829 1374 859 tanquam
1388 824 1587 852 ordinatorum.
1603 824 1675 851 Nihil
1689 825 1762 852 enim
1777 824 1849 859 apud

1062 869 1121 896 illos
1143 875 1184 896 est
1199 870 1394 901 inordinatum,
1419 870 1486 897 nihil
1525 870 1667 905 inaequale.
1684 870 1731 898 sed
1757 870 1854 898 omnia

220 912 353 950 παρθενία
365 913 411 940 τοῦ
425 914 526 949 γάμου.
542 913 622 940 Κατὰ
635 914 683 949 μὲν
696 915 751 949 γὰρ
766 915 815 950 τὴν
829 916 939 949 ἁγνείαν
954 916 1009 947 τοῖς

1063 916 1157 943 ordine
1184 921 1211 942 et
1240 916 1366 950 rhythmo
1396 921 1477 950 atque
1507 916 1648 943 harmonia
1669 920 1856 950 concentuque

218 959 344 994 ἀγγέλοις
369 958 509 995 ὁμοιοῦται
536 959 689 995 ἄνθρωπος·
717 961 787 987 κατὰ
804 961 833 987 δὲ
857 960 903 987 τὸν
920 961 1010 996 γάμον

217 1004 271 1031 τῶν
290 1005 391 1040 θηρίων
414 1005 490 1032 οὐδὲν
501 1005 666 1040 διενήνοχεν,
683 1003 723 1038 οἷς
740 1007 755 1041 ἠ
775 1007 903 1033 συνουσία
926 1007 1010 1041 ἀναγ-

216 1050 282 1078 καία
297 1051 365 1084 ἐστὶ,
381 1050 429 1078 καὶ
444 1050 519 1077 δοκεῖ
541 1050 591 1085 τὴν
624 1051 749 1087 διαδοχὴν
764 1051 811 1078 τοῦ
834 1051 930 1086 γένους
957 1060 1010 1087 μη-

216 1096 360 1130 χανᾶσῧαι.

1062 961 1245 995 pulcherrimo
1258 967 1352 989 ornata
1369 966 1443 989 sunt.
1459 961 1535 989 Sicut
1556 969 1621 997 ergo
1645 962 1744 990 caelum
1766 965 1853 993 terra,

1061 1014 1087 1034 et
1110 1008 1200 1035 anima
1227 1016 1350 1043 corpore,
1378 1009 1418 1036 sic
1446 1010 1528 1036 etiam
1559 1010 1704 1045 virginitas
1729 1009 1856 1044 coniugio

1062 1053 1233 1087 prmstantior
1241 1058 1293 1080 est.
1311 1053 1379 1081 Nam
1395 1055 1524 1082 castitate
1537 1056 1645 1089 quidem
1655 1055 1760 1091 angelis
1774 1055 1856 1082 homo

1062 1098 1091 1125 ﬁt
1107 1099 1225 1127 sim'ilis:
1244 1099 1370 1134 coniugio
1400 1105 1491 1127 autem
1518 1101 1585 1128 nihil
1617 1100 1707 1128 diﬂ'ert
1729 1108 1744 1128 a
1770 1100 1857 1128 brutis

215 1145 389 1180 animalibus,
409 1146 507 1182 quibus
519 1154 664 1183 corporum
675 1147 829 1175 conuulstio
845 1147 999 1175 necessaria
1020 1152 1071 1181 est,
1089 1151 1117 1174 et
1149 1148 1351 1176 successionem
1384 1149 1650 1184 perpetuitatemque
1675 1149 1785 1184 generis
1797 1155 1857 1176 mo-

218 1191 260 1220 liri
275 1192 393 1221 videtur.

483 1252 563 1286 perv.
580 1266 616 1272 -
632 1252 745 1288 Nemo.

335 1307 406 1342 Περὶ
422 1306 473 1341 τῆς
486 1307 522 1334 τὰ
534 1307 589 1334 δύο
606 1308 701 1334 λεπτὰ
714 1309 888 1342 βαλούσης.

260 1394 322 1421 Ἐπὶ
339 1395 389 1430 μὲν
405 1394 461 1422 τῶν
486 1395 624 1430 βιωτικῶν
646 1395 820 1430 πραγμάτων
843 1397 874 1422 οὺ
900 1396 1008 1428 πάντως

217 1442 273 1473 τοῖς
291 1440 465 1476 βουλομένοις
478 1441 573 1468 ἕπεται
588 1443 618 1468 τὸ
642 1441 784 1468 δύνασθαι·
802 1441 852 1473 τὰς
868 1442 922 1477 γὰρ
937 1442 1012 1469 ἰδιω-

217 1486 297 1518 τικὰς
319 1487 448 1522 δυνάμεις
473 1487 669 1522 ὑπερϐαίνουσι
692 1487 900 1523 μεγαλουργίαν
919 1488 966 1514 ἐπὶ
982 1488 1011 1514 δὲ

217 1531 272 1559 τῶν
281 1532 475 1566 πνευματικῶν
487 1532 582 1558 ἕπεται
595 1533 652 1563 τοῖς
665 1532 836 1568 βουλομένοις
851 1533 867 1568 ὴ
882 1532 1009 1568 δύναμις.

1332 1250 1446 1279 CXClll.
1455 1250 1586 1279 —-NILO.

1063 1307 1102 1334 De
1117 1307 1236 1341 muliere,
1249 1315 1308 1343 qua:
1335 1308 1386 1334 duo
1526 1308 1639 1343 conjecit
1658 1309 1686 1336 in
1698 1310 1858 1346 gazophyla-

1097 1399 1126 1426 ln
1142 1399 1192 1426 illis
1204 1399 1313 1434 quidem
1334 1399 1425 1431 rebus,
1440 1407 1500 1434 quae
1518 1400 1552 1427 ad
1578 1400 1649 1428 hanc
1661 1399 1746 1428 vitam
1768 1401 1856 1436 perti-

1063 1450 1137 1478 nent,
1157 1446 1193 1472 ita
1211 1451 1398 1479 comparatum
1415 1451 1467 1478 est,
1483 1451 1512 1472 ut
1540 1453 1592 1473 non
1614 1448 1706 1474 statim
1737 1455 1785 1475 eos
1806 1447 1854 1483 qui

1063 1490 1166 1521 volunt,
1184 1490 1265 1516 etiam
1284 1489 1399 1516 facultas
1428 1490 1573 1518 comitetur
1588 1490 1670 1526 (nam
1687 1491 1856 1526 plebeiorum

1064 1535 1202 1562 hominum
1225 1535 1297 1562 vires
1327 1539 1457 1569 superant
1473 1543 1633 1570 magnorum
1661 1544 1772 1571 operum
1790 1536 1858 1565 alre-

218 1577 255 1603 Τὺ
272 1577 325 1612 γὰρ
341 1578 412 1604 κατὰ
428 1578 543 1614 δύναμιν
558 1579 729 1614 κατοροωθὲν
740 1599 747 1611 ,
761 1579 949 1614 οὑρανομῆκες
961 1579 1009 1605 δείε

1068 1581 1202 1616 ctioues).
1220 1580 1248 1607 ln
1264 1580 1454 1615 spiritualibus
1465 1585 1568 1615 autem,
1586 1582 1685 1616 quibus
1719 1583 1795 1610 adest
1813 1591 1860 1610 νος

218 1631 325 1650 κνυται.
353 1622 406 1649 Δύο
429 1622 476 1650 οὖν
498 1624 584 1651 λεπτὰ
608 1625 648 1654 εἰς
664 1625 694 1651 τὸ
715 1625 787 1659 ίερὶν
808 1625 1010 1659 γαζοφυλάκιον

219 1668 337 1704 βαλοῦσα
358 1670 432 1705 χήρα
445 1669 526 1705 γυνὴ,
547 1670 584 1702 ὡς
600 1671 705 1701 πάντας
721 1671 788 1702 τοὺς
811 1671 937 1706 βασιλέας
963 1671 1011 1698 καὶ

218 1715 310 1747 πάσας
321 1714 369 1747 τὰς
384 1715 524 1750 βασιλίδας
537 1716 781 1752 ὑπερακοντίσασα
793 1715 896 1751 ᾄδεται·
911 1717 940 1742 οὐ
957 1716 1010 1752 γὰρ

217 1761 248 1788 τὸ
262 1761 339 1788 τεθὲν
359 1761 478 1797 ἔκρινεν,
503 1762 572 1789 ἀλλὰ
596 1762 646 1797 τὴν
669 1763 831 1798 προαίρεσιν
848 1763 934 1798 αὐτῆς
961 1764 1010 1798 τὴν

218 1808 309 1835 πᾶσαν
335 1808 495 1844 περιουσίαν
529 1807 744 1844 ἀφιερώσασαν,
774 1809 962 1844 ἐστεφάνωσεν
995 1810 1010 1835 ὁ

219 1854 326 1890 κριτής.

1064 1627 1166 1659 luutus,
1184 1627 1279 1654 iisdem
1304 1632 1331 1654 et
1354 1626 1473 1655 facultas
1498 1635 1552 1655 non
1582 1629 1668 1657 deest.
1686 1627 1754 1655 Nam
1785 1629 1859 1663 quod

1065 1681 1113 1708 pro
1139 1674 1209 1700 virili
1237 1674 1354 1708 quisque
1373 1680 1421 1700 sua
1440 1672 1535 1700 fecerit
1546 1674 1621 1707 boni,
1636 1674 1662 1701 id
1692 1674 1725 1701 ad
1756 1673 1857 1701 cmlum

1065 1725 1151 1752 usque
1180 1719 1334 1753 pertingere
1356 1718 1571 1746 demonstratur.
1585 1718 1672 1751 Quam
1690 1719 1726 1745 ob
1747 1726 1860 1745 causam

1067 1764 1147 1791 vidua
1164 1764 1220 1796 illa,
1230 1772 1290 1799 quise
1302 1766 1356 1791 duo
1375 1764 1481 1792 minuta
1510 1764 1536 1791 in
1558 1771 1667 1792 sacrmn
1700 1764 1858 1791 thesaurum

1067 1809 1193 1844 conjecit,
1204 1810 1282 1844 quasi
1293 1817 1389 1837 omnes
1407 1814 1434 1838 et
1453 1817 1531 1845 reges
1543 1814 1570 1837 et
1586 1809 1692 1844 reginas
1707 1809 1786 1844 longo
1798 1813 1860 1845 post

1067 1862 1097 1883 se
1117 1855 1259 1883 intervallo
1275 1855 1426 1891 reliquerit,
1448 1856 1484 1883 ita
1512 1855 1677 1882 celebratur.
1696 1854 1754 1882 Non
1784 1855 1858 1882 enim

219 1901 247 1929 id
262 1901 382 1929 celestis
398 1901 443 1929 ille
460 1900 563 1929 arbiter
575 1900 646 1935 quod
666 1901 754 1935 posuit
781 1900 871 1932 vidua,
887 1901 1044 1932 aestimarit,
1081 1906 1214 1935 quantum
1252 1905 1327 1928 esset
1360 1908 1408 1935 per
1423 1907 1463 1934 se,
1499 1899 1546 1926 sed
1564 1899 1648 1926 animi
1661 1899 1747 1934 ipsius
1760 1906 1860 1935 propo—

219 1947 371 1982 situm,quo
383 1955 492 1975 omnem
511 1955 586 1975 suam
608 1947 789 1975 substantiam
814 1954 1005 1979 consecrarat,
1029 1955 1129 1974 corona
1148 1947 1259 1982 dignum
1277 1947 1395 1975 censuit.

304 2017 382 2050 ΡιιΔι.
400 2031 435 2036 -
455 2015 675 2042 ΝΕΙΛΛΜΜΩΝΙ
695 2015 924 2049 ΣΧΟΛΛΣΤΙΚῼ.

221 2073 290 2107 Περὶ
314 2073 377 2106 τοῦ,
405 2083 414 2098 ι
445 2073 618 2134 Φύσκοὸπετες
644 2070 720 2098 εἷναι
749 2071 854 2106 σοφοὶ,
880 2071 1011 2105 ἐμωράν-

563 2115 650 2134 near.
677 2117 685 2132 ι

563 2115 650 2141 "cur.
677 2117 685 2132 ι

265 2163 310 2197 Ἐξ
320 2161 357 2191 ὦν
373 2165 386 2191 ὁ
401 2164 538 2195 ilio-ustqu
553 2172 593 2195 τις
607 2163 671 2199 (96),
688 2163 726 2195 ὥς
739 2171 805 2198 φασι
823 2162 942 2198 (δίκαιον
956 2162 1012 2198 γὰρ

1064 2013 1598 2051 523.524cx01v.—NILAMMOM
1612 2013 1858 2042 SCllOLAS'l‘lCO.

1064 2073 1100 2099 be
1116 2074 1187 2099 dicto
1206 2073 1264 2104 illo,
1300 2082 1309 2097 ι
1333 2071 1399 2098 Cum
1421 2080 1448 2098 se
1470 2071 1630 2098 crediderint
1645 2079 1699 2098 esse
1717 2072 1858 2104 sapienter,

1295 2107 1371 2134 stulti
1396 2107 1461 2141 facti
1483 2111 1544 2133 sunt
1563 2106 1595 2133 ³⁸.
1616 2115 1626 2132 ι

1098 2164 1166 2191 Cum
1188 2171 1288 2198 praeses
1316 2163 1427 2190 musicas
1452 2162 1558 2197 Apollo,
1579 2165 1609 2188 ut
1636 2161 1712 2188 aiunt
1741 2161 1860 2198 (oportet

220 2210 250 2244 ὲξ
268 2207 305 2238 ὧν
322 2210 488 2245 φλυαροῦσιν
499 2231 506 2243 ,
524 2210 622 2241 αὐτοὺς
635 2209 902 2244 καταγωνίσασθαι),
921 2210 1009 2236 πᾶσαν

1063 2210 1133 2237 enim
1144 2209 1216 2244 ipsos
1229 2217 1262 2236 ex
1274 2209 1331 2236 suis
1348 2208 1468 2241 ipsorum
1481 2208 1558 2243 nugis
1573 2206 1717 2242 refellere),
1730 2208 1859 2235 omnibus

221 2257 335 2290 κινήσας
356 2255 489 2290 μελῳδίαν
510 2256 549 2286 είς
572 2255 674 2290 Θήραν,
690 2254 828 2290 σώφρονος
843 2255 874 2281 οὺ
896 2254 1012 2290 περιγέ-

221 2311 283 2337 γονε
298 2301 392 2337 κόρης,
411 2303 442 2328 ὲκ
457 2300 560 2328 τούτων
573 2301 621 2327 καὶ
634 2301 648 2327 ό
663 2300 788 2337 περὶτῆς
807 2300 941 2336 μουσικῆς
954 2301 1012 2328 δια-

220 2348 356 2383 γράφεται
367 2347 456 2382 λόγος.
472 2347 568 2381 Θέλγει
581 2347 631 2382 μὲν
645 2347 699 2383 γὰρ
715 2347 790 2380 ἴσως,
804 2347 927 2374 τουτέστι
941 2347 1012 2383 (χρὴ

219 2393 274 2427 γὰρ
288 2393 336 2419 καὶ
351 2392 550 2428 ὲτυμολογῆσαι
565 2392 638 2427 (97),
663 2391 775 2420 θέλοντα
790 2392 869 2427 ἄγει·
899 2393 929 2419 οὺ
957 2393 1012 2428 μὴν

220 2438 433 2465 καταδουλοῦται
458 2438 489 2465 τὸ
515 2438 653 2474 φρόνημα,
675 2437 728 2465 οὐδ’
753 2438 929 2471 ἐκϐιάζεται·
951 2439 1012 2466 οὐδὲ

219 2484 355 2520 τοσαύτην
371 2483 428 2520 ἔχει
443 2483 492 2519 τὴν
517 2483 604 2519 ἰσχὺν,
623 2484 660 2516 ὡς
675 2484 712 2519 μὴ
735 2483 897 2519 βουλόμενον
912 2483 1010 2519 χειρὼ-

221 2529 330 2557 σασθαι.
352 2529 462 2565 Ἐπειδὴ
482 2529 510 2556 δὲ
524 2530 572 2556 καὶ
588 2530 652 2566 περὶ
666 2530 810 2564 γενέσεως,
831 2530 868 2562 ὡς
886 2529 949 2565 φὴς,
965 2529 1013 2565 λη-

222 2576 331 2611 ροῦσιν,
346 2576 407 2603 εἰπὲ
421 2576 489 2611 πρὸς
504 2576 603 2607 αὐτούς
613 2585 619 2592 ·
637 2576 700 2608 Πῶς
714 2577 744 2603 ὃν
759 2585 826 2611 φατε
842 2576 1014 2612 μαντικώτα-

253 2667 277 2683 ¹¹¹
293 2666 360 2695 Luc.
374 2675 433 2701 ut,
444 2668 501 2696 1-5.
539 2668 562 2684 ¹³
578 2667 658 2696 Rom.
675 2675 694 2700 ι,
707 2667 753 2694 2‘2.

765 2711 881 2739 VARle
901 2708 1096 2739 LECTIONES
1114 2710 1160 2739 ET

256 2793 312 2829 (95)
328 2793 483 2829 Κεχρήσθω
507 2797 595 2829 mutat
621 2793 648 2820 in
673 2791 841 2829 éthKdew.
871 2790 954 2829 versu
982 2794 1009 2817 et

219 2826 308 2857 verbo
319 2826 545 2863 ultiiiio'epistolae
555 2829 624 2856 idem
647 2826 830 2863 μηχανωμένη
845 2826 939 2854 scribit
959 2832 1008 2860 pro

221 2864 403 2899 μηχανᾶσθαι,
422 2863 530 2891 Possm.

258 2896 313 2934 (96)
331 2898 383 2926 Pro
402 2899 538 2930 Μουσικός
554 2906 597 2929 τις
615 2898 674 2926 cod.
692 2896 810 2925 “L650
835 2896 929 2925 scribit
953 2905 1013 2932 μου·

1064 2255 1195 2283 adhibitis
1217 2256 1305 2283 modis
1318 2254 1431 2282 musicis
1450 2261 1503 2281 non
1523 2254 1642 2288 potuerit
1658 2261 1755 2289 capere
1777 2259 1860 2290 atque

1065 2300 1193 2334 subigere
1209 2304 1312 2327 castam
1330 2299 1447 2334 puellam
1467 2307 1474 2326 :
1491 2306 1525 2326 cx
1552 2299 1595 2326 his
1608 2299 1690 2326 etiam
1715 2299 1786 2326 ratio
1800 2306 1859 2326 mu-

1064 2346 1127 2373 sica:
1146 2352 1178 2372 ac
1205 2345 1246 2372 vis
1265 2345 1419 2380 depingitur
1443 2348 1545 2379 quanta
1567 2344 1614 2372 sit.
1643 2344 1710 2372 Nam
1737 2344 1856 2373 fortasse

1065 2391 1157 2425 θέλγει
1183 2390 1329 2424 demulcet,
1346 2391 1395 2419 hoc
1415 2396 1468 2424 est,
1494 2391 1516 2418 si
1541 2390 1628 2418 Graeci
1653 2391 1729 2419 verbi
1745 2396 1855 2426 etymon

1065 2441 1233 2471 spectemus,
1248 2436 1362 2463 θέλοντα
1382 2436 1455 2471 ἄγει,
1477 2436 1612 2464 volentem
1629 2437 1740 2472 quidem
1756 2436 1831 2465 ducit
1847 2443 1856 2464 :

1067 2490 1120 2510 non
1141 2486 1231 2510 tamen
1252 2483 1374 2510 animum
1392 2482 1510 2510 hominis
1532 2483 1559 2510 in
1578 2483 1736 2510 servitutem
1749 2481 1859 2516 redigit,

1068 2536 1157 2563 neque
1172 2529 1255 2563 cogit,
1271 2535 1359 2564 neque
1377 2532 1479 2556 tantam
1501 2529 1556 2556 vim
1572 2527 1665 2560 habet,
1685 2531 1714 2554 ut
1740 2533 1795 2554 non
1816 2533 1861 2554 vo-

1069 2577 1170 2602 lentem
1189 2581 1297 2610 quoque
1326 2575 1444 2611 subigat.
1467 2573 1604 2608 Quoniam
1626 2577 1719 2602 autem
1732 2573 1766 2601 de
1779 2578 1870 2605 creat:

1198 2710 1317 2741 NOTE.

1060 2789 1190 2826 minimc.

1084 2822 1366 2889 ιἐφ’]ἵιῖιτυμολογῆσαι
1391 2824 1460 2854 idem
1477 2823 1601 2861 producit
1614 2823 1640 2852 in
1656 2822 1859 2860 έτυμολογήσω-

1100 2869 1139 2889 αι.
1193 2880 1200 2889 ι

1066 2869 1139 2889 συαι.
1161 2869 1200 2889 ΙΙ).
