2049 3164
138 151 202 183 1313

572 154 839 184 EPISTULARUM
860 154 931 183 LIB.
952 155 998 184 IV.
1021 168 1051 172 —
1073 157 1190 186 EPIST.
1211 157 1316 187 CCXX.

1694 158 1760 191 131i

136 209 225 234 Ἔστω
236 206 300 241 γὰρ,
319 206 419 237 ἐκεῖνος
429 205 547 232 τοιοῦτόν
562 215 587 232 τι
599 207 700 242 ἔφρασε
710 215 716 222 '
731 207 762 234 σὺ
776 207 810 233 δι’
831 207 865 242 ἣν
879 208 922 233 αἱ-

978 213 1067 235 cutom
1078 217 1138 236 esse
1155 210 1324 244 Apostolum,
1340 211 1474 245 quomodo
1492 216 1518 239 tu
1536 212 1645 247 accipis.
1660 213 1759 241 Tamen

139 255 193 280 τίαν
207 251 241 278 τὰ
252 251 322 278 κατὰ
335 252 431 278 σαυτὸν
443 251 543 286 (89-90)
555 252 670 286 ἀγνοῶν,
687 253 734 279 καὶ
750 253 816 288 μηδὲ
825 252 922 279 σαυτοῦ

135 298 216 334 ἄρξαι
245 297 380 332 δυνηθεὶς,
411 297 477 332 ἐρᾷς
499 297 627 332 τοιαύτης
652 299 751 333 ἀρχῆς,
788 299 849 334 ἥτις
876 299 923 325 καὶ

134 344 272 380 βασιλείας
293 343 366 369 ἐστὶν
379 343 408 369 οὺ
428 343 507 377 μόνον
521 343 686 379 ὑψηλοτέρα,
705 344 774 371 ἀλλὰ
789 345 837 371 καὶ
858 346 919 371 ὲπι-

133 389 292 423 πονωτέρα;
319 388 371 414 Καὶ
399 388 436 423 μὴ
454 388 575 423 νομίζεις
599 388 745 416 ἀνεύθυνον
763 387 832 416 εἶναι
850 388 909 422 ἑξου

135 435 205 465 σίαν,
220 434 276 460 ἀλλ’
290 434 338 468 οὐχ
356 433 506 460 ὑπεύθυνον
521 434 711 469 λειτουργίαν;
739 434 809 461 Ἀλλ’
834 437 857 461 εί
876 435 922 462 καὶ

131 480 214 510 αὐτὸς
230 479 319 513 πάσης
346 478 475 505 ἐπέκεινα
497 478 594 513 μανίας
615 480 724 514 χωρεῖς,
761 479 829 505 ἀλλὰ
844 479 922 514 κάγὼ

137 526 272 561 μανοίμην
297 525 340 556 ἂν,
361 525 385 550 εί
409 524 555 560 φαινοίμην
581 525 617 561 μή
642 525 697 560 (9H
714 533 761 552 σου
787 526 817 552 τὸ
838 527 922 558 πάθος

137 571 301 606 θεραπεῦσαι
317 570 496 605 πειρώμενος.
516 571 593 606 Ἐμοὶ
608 571 674 607 γὰρ,
690 571 712 598 ὡ
731 571 859 607 μακάριε,
876 573 922 599 καὶ

135 617 174 649 τὸ,
193 626 202 643 ι
223 616 255 643 Εἴ
267 625 319 648 τις,
344 625 353 641 ι
371 616 485 651 φοϐερόν
501 617 568 648 ἐστι,
583 619 630 643 καὶ
652 618 685 643 ὲκ
709 617 817 652 βάθρων
836 618 921 652 αὐτὴν

135 664 274 691 κατασείει
287 663 336 698 τὴν
348 662 453 698 ψυχήν.
475 663 528 689 Τοῦ
544 663 598 698 γὰρ
623 663 755 699 μεγέθους
771 664 819 698 τῆς
836 664 922 698 ἀρχῆς

134 710 208 736 ἐστιν
232 708 408 734 ἐνδεικτικόν.
433 707 464 734 Εἰ
484 708 511 734 δὲ
529 708 623 742 φαίης,
639 708 713 741 πῶς;
739 708 845 744 εἴποιμι
869 708 918 741 ἂν,

134 755 176 780 ὅτι
193 754 242 781 οὐκ
259 753 393 789 ἐθάρσησε
417 753 577 788 προστάξαι,
604 753 660 779 ἀλλ’
675 753 730 779 οὐδ’
752 753 781 779 οὐ
806 753 922 789 προτρέ-

135 800 196 834 ψαι,
216 799 276 826 οὐδὲ
301 798 518 833 συμϐουλεῦσαι·
543 798 604 824 οὐδὲ
626 798 681 833 γὰρ
705 796 853 830 εἶπευῠᾶς
879 807 922 830 τις

137 846 290 879 ἐπισκοπῆς
304 845 442 879 ὀρεγέσθω
456 852 462 859 ·
486 844 576 876 καλῶς
591 846 672 871 ποιεῖ.
714 845 737 871 Η
752 845 807 879 γὰρ
824 845 859 871 ἂν
878 845 922 870 τὸν

137 892 184 918 σὺν
198 892 258 926 περὶ
276 891 304 917 τὸ
325 891 441 925 πρᾶγμα
464 891 552 925 ἔρωτα
574 891 640 922 ἴσως
653 890 720 926 (92).
737 891 808 922 τινὲς
827 890 924 917 ἀπεδέ-

137 937 233 968 ξαντο·
252 935 310 962 ἀλλ’
335 935 490 969 ἀναρτήσας
523 934 608 969 μέσην
627 934 675 969 τὴν
696 935 745 969 τῆς
770 934 921 969 ἱερωσύνης

135 981 293 1016 ἐπιθυμίαν,
303 980 364 1007 οὗτε
378 980 509 1016 παρορμᾷ
520 981 563 1006 ἐπ’
578 980 663 1014 αὐτὴν
676 979 743 1016 (95),
756 979 798 1005 ἵνα
813 979 850 1014 μὴ
860 979 923 1010 τοὺς

134 1027 259 1058 ἀναξίους
273 1026 402 1061 ἐπεγείρῃ
421 1025 564 1060 πράγματι
586 1025 729 1060 ἀμηχάνῳ,
757 1026 804 1051 καὶ
832 1025 922 1052 πᾶσαν

135 1073 327 1109 ὖπερὸαίνοντι
348 1071 484 1099 πολιτείαν
498 1080 528 1098 τε
544 1071 590 1098 καὶ
603 1071 696 1103 ἀξίαν·
712 1071 766 1098 οὔτ’
781 1071 920 1107 ἀπείργει,

135 1119 178 1145 ἵνα
193 1119 229 1154 μὴ
244 1118 360 1152 φευκτὸν
373 1118 532 1152 καταστήσῃ
549 1117 579 1143 τὸ
595 1117 683 1151 πάσης
708 1117 845 1152 βασιλείας
864 1118 922 1152 μεῖ-

134 1163 196 1194 ζονθ
213 1163 280 1190 ἀλλὰ
294 1163 432 1198 μετέωρον
445 1163 495 1197 τὴν
508 1162 668 1196 παραίνεσιν
684 1163 774 1197 ἀφεὶς,
788 1163 836 1189 καὶ
856 1163 921 1189 ἕκα-

135 1217 197 1236 στον
215 1209 264 1243 τῆς
281 1209 377 1235 ἑαυτοῦ
397 1208 515 1240 διανοίας
530 1207 626 1242 κριτὴν
636 1209 822 1244 καταστήσας,
839 1208 920 1240 αὐτὸς

133 1255 196 1283 οὕτε
223 1255 375 1289 ἐπιθυμεῖν,
395 1253 457 1280 οὔτε
469 1254 579 1288 φεύγειν
591 1255 762 1288 προστάττει,
781 1255 922 1290 μονονουχὶ

135 1301 214 1337 βοῶν,
224 1301 271 1327 καὶ
284 1300 442 1335 ὀφθαλμοῖς,
456 1299 503 1326 καὶ
517 1299 625 1334 ὀφρῦσι,
639 1301 685 1327 καὶ
697 1300 777 1326 παντὶ
789 1300 826 1334 τῷ
840 1309 923 1334 προσ-

134 1347 215 1382 ώπῳ,
249 1346 330 1381 φόϐου
364 1346 464 1381 κέντρα
492 1348 547 1378 τοῖς
567 1348 710 1374 ἀκούουσιν
731 1346 822 1378 ὲνιείς-
852 1346 922 1380 Ἐγὼ

135 1392 185 1427 μὲν
202 1391 316 1426 πρᾶγμα
331 1390 380 1425 τῆς
395 1391 471 1423 θείας
483 1392 636 1426 ἠρτημένον
653 1391 744 1426 ψήφου
758 1399 787 1417 τε
803 1391 850 1417 καὶ
863 1400 920 1426 χει-

136 1438 269 1473 ροτονίας,
306 1436 458 1472 ἀνθρώπων
492 1437 650 1472 ἐπιθυμίαις
683 1437 733 1463 οὐκ
771 1437 921 1473 ἐκδίδωμι·

133 1483 258 1518 παραινῶ
273 1482 301 1509 δὲ
317 1483 362 1509 καὶ
376 1482 608 1518 διαμαρτύρομαι,
625 1483 664 1509 ὃτι
682 1483 695 1508 ό
711 1481 806 1508 τούτου
820 1482 917 1509 ἐπιθυ-

134 1528 203 1562 μῶν.
216 1528 281 1554 ἴστω
298 1527 335 1562 μὴ
350 1527 403 1554 τῶν
431 1527 654 1563 τνχόντωνὲρῶν.
672 1527 846 1562 Λειτουργίας
857 1527 920 1562 γὰρ,

132 1561 185 1601 οὐκ
197 1561 314 1605 ἀνέσεώς
329 1561 386 1600 ἐστι
401 1573 430 1599 τὸ
501 1561 654 1608 ἐπισκοπῆς
664 1573 749 1608 ονομα
760 1561 917 1608 δηλωτικόν.
936 1561 956 1590 c

134 1619 206 1646 Εῑδὲ
231 1620 366 1650 ἀπιστεῖς,
386 1619 420 1645 τὰ
446 1619 508 1654 ἑξῆς
535 1620 669 1653 ἀναγνοὺς
690 1619 783 1654 γνοίης
804 1618 857 1654 (91)
876 1619 920 1644 τὸν

133 1665 267 1700 ἡμέτερον
296 1664 368 1691 νοῦν.
385 1665 431 1690 Δεῖ
443 1665 497 1700 γὰρ
508 1665 553 1691 τὸν
566 1664 713 1691 ἐπίσκοπον
723 1665 822 1693 πάσαις
835 1664 921 1698 κομᾷν

132 1711 195 1741 ταῖς
212 1711 323 1745 ἀρεταῖς
336 1719 342 1725 ·
358 1710 404 1736 καὶ
425 1710 475 1741 τὰς
500 1709 644 1745 ἀλλοτρίας
661 1709 826 1736 οἰκειοῦσθαι
852 1717 920 1743 συμ-

135 1756 231 1791 φοράς.
259 1756 295 1783 Οὐ
318 1756 373 1791 γὰρ
394 1756 494 1791 ἑαυτῷ,
512 1756 580 1782 ἀλλά
603 1757 658 1787 τοῖς
683 1755 844 1791 ἀρχομένοις
866 1754 898 1789 ζῇ
912 1763 918 1770 ·

136 1802 183 1828 καὶ
201 1802 253 1828 ὑπὸ
279 1802 385 1837 μυρίων
408 1802 555 1837 ὀφθαλμῶν
573 1801 619 1828 καὶ
635 1801 763 1836 γλωττῶν
780 1802 793 1827 ὁ
816 1801 919 1828 ἐκείνου

137 1847 307 1882 βασανίζεται
328 1848 394 1882 βίος.

973 255 1117 280 concedam
1140 255 1175 281 ita
1197 263 1274 287 esse,
1294 257 1374 290 idque
1399 262 1530 284 evertam.
1552 258 1593 284 Sit
1616 258 1689 285 enim
1706 259 1759 290 ita;

973 298 1072 325 dixerit
1095 299 1140 326 ille
1162 299 1293 333 ejusmodi
1318 302 1420 336 aliquid
1446 311 1452 330 :
1472 302 1510 330 Tu
1536 311 1600 331 vero
1622 311 1700 338 quam
1726 305 1760 331 ob

972 352 1081 372 causam
1101 346 1230 379 ignorans
1252 351 1312 375 tuas
1327 348 1410 380 vires,
1433 354 1460 375 et
1474 357 1506 375 ne
1520 350 1636 383 teipsum
1652 350 1759 382 quidem

973 398 1065 425 regere
1078 391 1179 422 valens.
1197 393 1276 418 taletn
1291 394 1400 419 allatum
1412 394 1603 429 principatum),
1620 396 1664 430 qui
1679 403 1760 431 regno

972 444 1077 470 quoque
1095 437 1152 470 ipso
1167 444 1218 463 non
1233 438 1318 464 solum
1335 443 1376 465 est
1390 439 1542 471 sublimior,
1561 441 1608 468 sed
1628 442 1706 467 etiam
1721 441 1760 466 ia-

972 482 1124 509 boriosior?
1139 482 1170 508 Et
1189 490 1274 516 quare
1289 484 1429 510 existimas
1442 490 1603 517 potestatem
1618 487 1686 513 hanc
1701 494 1760 513 esse

972 527 1126 554 rationibus
1144 527 1224 553 nullis
1240 527 1382 554 reddendis
1398 529 1552 561 obnoxiam,
1565 537 1594 556 ac
1607 538 1658 556 non
1674 532 1761 565 potius

972 572 1122 599 rationibus
1141 572 1286 599 obnoxiam
1317 573 1460 600 tuiniSlerii
1486 574 1543 600 sive
1561 576 1680 602 muneris
1698 576 1757 601 fun-

973 617 1111 644 clioncm?
1126 618 1178 645 Sed
1199 618 1322 652 quamvis
1341 624 1367 644 tu
1391 626 1498 645 Omnem
1516 620 1691 646 transt-endas
1712 629 1760 645 au-

973 663 1055 689 dacia:
1072 663 1203 694 furorem,
1217 671 1265 698 ego
1283 671 1390 698 quoque
1406 664 1564 696 insanirem,
1583 665 1605 691 si
1629 673 1679 691 non
1699 673 1759 691 cum

974 715 1017 734 me
1032 709 1215 741 ostenderem,
1241 709 1286 742 qui
1313 713 1386 735 tuum
1405 710 1504 735 malum
1526 717 1622 736 curare
1637 715 1760 736 conetur.

974 752 1035 779 Mihi
1062 753 1144 785 enim,
1161 761 1177 780 ο
1199 753 1284 786 beate,
1308 759 1334 781 et
1354 755 1497 781 admodum
1527 760 1568 782 est
1592 754 1761 782 formidabile

974 798 1038 825 illud
1055 799 1155 826 dictum
1168 807 1174 826 :
1187 809 1195 823 ι
1207 799 1234 826 Si
1245 801 1304 834 quis
1317 801 1500 835 episcopatum
1517 801 1678 832 desiderat,-
1691 807 1758 832 ιιιςι,

973 849 999 871 et
1020 844 1141 873 funditus
1157 846 1241 880 ipsam
1257 847 1377 873 concutit
1399 847 1527 873 animth
1546 847 1756 881 Magnitudinem

942 887 961 913 Β
977 897 1093 923 namque
1118 891 1197 925 hujus
1218 892 1286 918 sacri
1319 893 1484 926 principatus
1510 892 1619 919 indicat.
1637 893 1712 925 Quod
1737 893 1760 919 si

973 934 1075 961 dixeris
1087 943 1093 961 :
1104 934 1268 967 Quomodo?
1285 936 1461 969 respondebo.
1476 936 1542 969 Quia
1555 944 1605 963 nou
1621 944 1700 963 ausus
1718 941 1760 963 est

975 981 1140 1014 praecipere;
1157 988 1188 1007 ac
1205 988 1236 1007 ne
1252 981 1359 1014 quidem
1377 981 1526 1013 cohortari,
1542 989 1627 1016 neque
1647 982 1760 1008 suadere

974 1025 1014 1058 (ut
1033 1025 1093 1058 quis
1107 1025 1293 1059 episcopatum
1321 1029 1452 1059 appetat).
1474 1025 1565 1059 Neque
1584 1026 1654 1051 enim
1669 1025 1734 1051 dixit
1750 1033 1758 1052 :

973 1069 1165 1105 Unusquisque
1187 1072 1371 1106 episcop:tmn
1401 1071 1547 1098 desideret.
1573 1071 1655 1098 llecte
1682 1071 1757 1098 facit.

974 1116 1049 1144 Tunc
1065 1118 1135 1144 enim
1153 1117 1276 1143 fortassis
1300 1117 1384 1150 aliqui
1406 1118 1500 1143 eodem
1521 1125 1612 1143 amore
1635 1117 1691 1151 ejus
1709 1117 1759 1148 rei,

973 1171 1026 1198 quo
1042 1169 1079 1197 tn,
1091 1162 1163 1196 capti
1178 1162 1301 1189 fuissent.
1316 1162 1369 1194 Sed
1383 1163 1409 1189 in
1431 1163 1519 1190 medio
1536 1163 1691 1197 relinquens
1704 1171 1760 1189 sns-

973 1217 1094 1244 pensmn,
1108 1208 1252 1236 sacerdotii
1273 1209 1435 1236 desiderium
1453 1217 1539 1244 neque
1557 1209 1666 1244 instigat
1686 1210 1718 1235 ad
1734 1210 1759 1235 id

975 1263 1149 1289 quemquam,
1175 1262 1208 1281 ne
1235 1255 1357 1290 indignos
1378 1256 1478 1282 excitet
1505 1256 1536 1282 ad
1561 1256 1755 1289 capessendam

973 1308 1029 1327 rem
1055 1300 1254 1334 perdifficilem.
1274 1309 1386 1335 qua-que
1411 1309 1517 1328 omnem
1535 1307 1641 1335 superat
1675 1303 1761 1334 reipu-

973 1345 1048 1372 blicze
1071 1346 1333 1374 administrationem
1354 1354 1386 1373 ac
1406 1347 1563 1381 dignitatem
1587 1354 1594 1373 :
1617 1355 1704 1380 neque
1727 1347 1761 1373 ab

973 1399 1005 1417 eo
1023 1395 1098 1418 arcet
1114 1399 1287 1426 quemquam.
1305 1400 1336 1418 ne
1357 1392 1381 1418 id
1398 1392 1467 1425 quod
1482 1393 1554 1418 oumi
1576 1400 1658 1425 regno
1675 1392 1761 1427 majus

974 1440 1026 1466 est,
1048 1435 1204 1469 fugiendum
1220 1444 1279 1462 esse
1293 1441 1434 1470 pmponal.
1451 1434 1549 1463 Verum
1571 1437 1595 1462 in
1618 1444 1759 1470 suspenso.

974 1486 1002 1508 ut
1016 1481 1082 1513 dixi,
1101 1481 1257 1515 relinquens
1281 1482 1515 1512 exhortationem,
1534 1487 1560 1508 et
1583 1490 1761 1516 lutumquem-

974 1535 1027 1562 que
1049 1528 1090 1555 sui
1117 1527 1215 1562 ingenii
1243 1528 1434 1554 :cstimatorcm
1463 1534 1494 1554 ac
1518 1527 1637 1562 jutlicem
1662 1527 1762 1555 consli-

975 1580 1062 1606 ιυιιιιε,
1076 1574 1133 1608 ipse
1161 1581 1248 1606 neque
1264 1579 1390 1608 expetere
1410 1581 1497 1607 neque
1523 1573 1616 1605 fugere
1632 1574 1761 1608 pnecipit,

976 1626 1077 1646 tantum
1097 1627 1149 1646 non
1175 1619 1305 1650 tlamaus.
1328 1625 1354 1646 et
1375 1620 1470 1653 oculis,
1492 1625 1519 1646 et
1543 1620 1711 1654 superciliis,
1735 1626 1769 1647 er

975 1671 1030 1693 toto
1048 1666 1119 1692 vultu
1141 1666 1185 1700 (ad
1202 1667 1362 1699 gravitatem
1375 1666 1536 1700 couqiosito)
1553 1667 1658 1693 timoris
1679 1666 1763 1701 (salu-

975 1712 1052 1746 taris)
1069 1711 1193 1737 stimulos
1217 1711 1382 1737 atulientiutn
1410 1711 1508 1737 animis
1525 1711 1659 1745 injicieus.
1679 1711 1762 1746 Equi-

974 1757 1033 1784 dcm
1044 1764 1093 1791 ego
1111 1757 1210 1791 (inquit
1228 1756 1337 1791 Paulus)
1355 1764 1411 1783 rem
1426 1764 1440 1783 ιι
1461 1757 1552 1784 divino
1566 1757 1760 1791 dependentem

973 1802 1076 1829 calculo
1094 1807 1174 1837 atque
1191 1801 1302 1828 arbitrio
1319 1802 1470 1835 electionis,
1494 1802 1634 1829 hominum
1660 1802 1762 1836 cupidi-

975 1847 1075 1874 tatibus
1093 1855 1146 1874 non
1170 1855 1296 1882 expono:
1314 1855 1409 1875 moneo
1429 1853 1517 1874 autem
1534 1853 1614 1883 atque
1629 1849 1760 1880 obtestor,

136 1895 291 1929 quicunque
305 1896 373 1922 hanc
387 1903 443 1922 rem
469 1894 582 1929 expetit,
612 1895 634 1921 is
651 1894 766 1927 noverit,
801 1901 830 1921 se
861 1902 917 1920 rem
940 1894 1052 1921 minime
1076 1894 1213 1929 vulgarem
1239 1899 1286 1921 aut
1311 1895 1396 1921 levem
1421 1895 1586 1922 desiderare.
1618 1894 1760 1920 Ministerii

136 1943 284 1974 enim,nOn
301 1949 391 1971 autem
416 1943 584 1970 remissionis
618 1950 650 1969 ac
690 1942 800 1969 desidiae
839 1942 1064 1976 signiﬁcationem
1093 1943 1173 1970 habet
1194 1943 1357 1976 episcopatus
1381 1943 1466 1976 ipsum
1490 1942 1661 1970 vocabulum.
1684 1941 1761 1974 Quod

137 1989 159 2015 si
178 1989 255 2016 fidem
270 1990 361 2024 (dictis
379 1990 462 2025 hisce)
481 1998 532 2017 non
554 1989 648 2022 habes,
665 1989 805 2024 sequentia
821 1989 922 2023 legens,
960 1994 1076 2017 mentem
1100 1995 1220 2018 nostram
1253 1991 1335 2024 probe
1358 1991 1522 2024 assequeris.
1547 1989 1660 2025 Oportet
1684 1989 1757 2016 enim

137 2037 293 2071 episcopum
320 2038 446 2064 omnibus
478 2042 603 2064 ornatum
631 2044 692 2064 esse
714 2036 872 2068 virtutibus,
899 2040 926 2063 et
959 2037 1061 2064 alienas
1093 2037 1262 2064 calamitates
1290 2038 1414 2072 proprias
1437 2046 1468 2064 ac
1497 2046 1560 2065 suas
1593 2038 1759 2064 existimare.

139 2083 196 2110 Non
211 2083 282 2110 enim
297 2083 346 2110 sibi
364 2082 426 2116 ip~i.
441 2082 487 2110 sed
504 2082 622 2110 subditis
639 2082 724 2109 vivit:
738 2086 765 2109 et
784 2090 797 2108 ιι
812 2082 948 2109 sexcentis
960 2082 1044 2110 oculis
1061 2090 1093 2110 ac
1104 2083 1202 2117 linguis
1217 2084 1270 2109 vita
1288 2082 1345 2117 ejus
1365 2084 1546 2110 examinator.

297 2141 358 2168 ΣΚ’.
375 2156 409 2162 -
425 2142 555 2176 ΙΣΙΔΩΡῼ
573 2141 761 2168 ΕΠΙΣΚΟΠΩ.

1028 2139 1205 2176 διιεῖ-546
1215 2140 1317 2168 ccxx.
1333 2155 1368 2160 —
1383 2140 1518 2168 tsmono
1534 2140 1707 2168 EPISCOPO.

180 2199 289 2235 Ἐπειδὴ
312 2199 469 2233 γέγραφας,
494 2198 527 2224 δι’
554 2198 588 2232 ἢν
612 2198 701 2224 αἰτίαν
729 2197 778 2224 οὐκ
812 2194 887 2223 εἶπεν
911 2197 922 2223 ὁ

1012 2195 1144 2228 Quoniam
1167 2204 1199 2223 ex
1222 2203 1265 2223 me
1288 2204 1336 2230 per
1362 2197 1504 2231 epistolam
1533 2197 1691 2231 qumsivisti,
1711 2204 1761 2224 cur

139 2245 246 2277 Παῦλος
272 2245 381 2275 ἁπλῶς·
408 2254 416 2269 ι
446 2244 524 2270 Μετά
541 2244 649 2270 πάντων
677 2243 828 2279 ἀνθρώπων
850 2243 924 2278 εἰρη-

139 2291 241 2323 νεύετε,
257 2300 266 2316 ι
284 2290 350 2317 ἀλλὰ
363 2289 548 2325 προσέθηκεν·
568 2298 577 2314 ι
597 2289 627 2315 Et
640 2289 761 2319 δυνατὸν,
779 2297 786 2311 ι
798 2288 927 2322 ἀντιγρά-

140 2344 198 2370 φω·
222 2335 331 2370 Ἐπειδὴ
347 2337 420 2362 ἐστιν
430 2335 498 2361 ὅπου
512 2334 542 2360 οὑ
555 2333 677 2366 δυνατὸν,
693 2334 756 2361 ὅταν
770 2334 833 2368 περὶ
847 2333 924 2359 εὐσε-

140 2381 216 2413 ϐείας
237 2382 251 2407 ὸ
276 2381 354 2413 λόγος
366 2381 431 2416 (95),
448 2381 512 2408 ὅταν
538 2380 602 2414 περὶ
629 2379 733 2406 δικαίου
750 2380 922 2414 πράγματος,

175 2461 199 2476 ⁸³
213 2459 293 2488 Rom.
313 2466 362 2492 xu,
380 2459 422 2486 18.

975 2240 1074 2267 Paulus
1090 2248 1141 2267 non
1155 2241 1313 2275 simpliciter
1322 2241 1421 2268 dixerit
1437 2251 1443 2267 :
1466 2250 1475 2266 ε
1494 2241 1560 2268 Cum
1573 2241 1699 2268 omnibus
1711 2241 1760 2268 lto-

979 2287 1096 2313 minibns
1108 2294 1200 2321 pacem
1214 2286 1343 2321 colite";
1362 2296 1372 2312 ι
1394 2287 1440 2314 sed
1462 2286 1614 2314 addiderit:
1633 2296 1642 2312 ι
1658 2285 1685 2313 Si
1703 2286 1762 2313 fieri

979 2336 1079 2366 potest,
1095 2341 1105 2357 ι
1124 2333 1243 2359 rescribo
1264 2332 1310 2360 tibi
1331 2341 1337 2358 :
1356 2332 1418 2367 quia
1436 2338 1477 2360 est
1494 2332 1539 2360 ubi
1552 2332 1610 2359 fieri
1627 2340 1679 2360 non
1699 2329 1762 2367 pos-

978 2379 1024 2410 sit,
1043 2385 1150 2413 nempe,
1163 2378 1271 2413 quando
1280 2378 1386 2413 pietatis
1399 2379 1535 2413 negotium
1547 2379 1646 2414 agitur,
1655 2378 1762 2413 quando

690 2525 808 2552 VARI/Ii
825 2524 1017 2553 LECTIONES
1034 2525 1076 2552 ET
1092 2525 1206 2554 ΝΟΤΑΞ.

175 2607 286 2642 (89-90)
304 2606 357 2634 Pro
378 2606 448 2633 κατά
470 2606 567 2642 σαυτὸν
592 2606 654 2642 cod,
669 2604 729 2631 Vat.
751 2603 924 2642 scribirxatﬂj

142 2638 248 2669 ἑαυτόν.
265 2638 342 2669 Vers.
359 2649 406 2677 pro
421 2642 468 2668 καὶ
491 2641 528 2676 μὴ
542 2649 615 2676 νομ.,
631 2640 700 2667 idem
718 2639 803 2666 solum
816 2639 896 2665 habet
912 2638 929 2674 ἢ

141 2687 203 2713 νομ.
222 2678 326 2713 Possm.

163 2708 235 2748 ~‘(91)
253 2712 305 2739 Pro
328 2711 474 2746 φαινοίμην
503 2710 540 2746 μὴ
562 2710 630 2737 idem
657 2708 732 2744 ponit
764 2709 802 2744 μὴ
827 2708 927 2743 φαινοί-

165 2747 208 2782 qv.
225 2747 263 2776 In.

177 2778 235 2817 (92)
253 2782 324 2809 Inter
343 2781 408 2812 ἴσως
426 2785 453 2807 et
467 2780 540 2811 τινὲς
557 2779 757 2817 idemiqﬁndit,
777 2779 819 2806 ἄν.
836 2778 873 2805 ID.

178 2812 234 2853 (957i
256 2817 327 2843 ldetn
341 2816 431 2853 uini”
456 2819 540 2853 mutat
557 2815 583 2841 in
610 2815 687 2853 αςδτῇ.
709 2813 783 2841 Vers.
809 2819 880 2847 post.
900 2812 926 2843 5.

144 2848 304 2888 παραίνεσιν
322 2848 409 2878 mutat
426 2851 452 2878 in
467 2849 614 2884 ἀπόφασιν.
631 2848 664 2875 lo.

1019 2604 1074 2638 (94)
1093 2605 1131 2631 Τὰ
1139 2603 1215 2638 ἑξῆς
1228 2604 1387 2638 ἀναγνοὺς,
1399 2604 1513 2639 γνοίης.
1528 2602 1635 2635 Notum,
1650 2610 1681 2630 ex
1700 2611 1764 2631 con-

986 2643 1057 2666 textu
1071 2645 1097 2666 et
1112 2640 1183 2666 serie
1202 2639 1330 2666 orationis
1345 2641 1400 2665 sive
1415 2639 1581 2666 conuexione
1593 2639 1761 2671 sequenlinln

983 2681 1043 2700 eum
1071 2674 1291 2701 antecedentibus
1325 2675 1552 2706 iuterpr~tandtmt
1586 2679 1646 2698 esse
1677 2673 1762 2698 locum

980 2709 1090 2768 il‘ubium
1116 2714 1143 2736 et
1163 2715 1364 2736 controversum
1387 2707 1465 2735 Conf.
1489 2715 1532 2741 ep.
1548 2706 1582 2733 59
1599 2707 1677 2741 hujus
1691 2707 1762 2752 libri.

994 2751 1064 2768 ιίττ.

982 2751 1073 2819 Tit-Elii)
1096 2779 1168 2805 luler
1187 2778 1263 2813 λόγος
1280 2784 1306 2806 et
1322 2778 1384 2804 ὅταν
1410 2777 1469 2804 cod.
1489 2775 1574 2803 Valic.
1595 2774 1647 2802 650
1671 2774 1765 2802 inserit

980 2821 1008 2848 ῃ.
1021 2820 1123 2840 t'ossm.
