2049 3164
166 160 232 195 1321

409 217 504 251 εκεῖ.
526 232 560 238 -
584 218 711 256 ΠΑΥΛῼ.

167 264 232 292 Ὅτι
240 272 299 298 χρη
308 264 379 300 τᾳὺς
386 263 429 300 τῇ
443 263 579 300 ὀρθότητι
587 263 647 291 τῶν
655 265 810 300 δογμάτων
822 265 956 300 λάμπον-

201 308 270 332 τας,
298 298 414 335 agitor
444 299 517 330 βίον
533 298 616 334 ἔχειν
645 299 686 332 τῷ
708 298 798 335 λόγῳ
828 298 955 335 σύντρέ-

199 342 293 369 κοντα
304 333 370 369 (Η).

201 391 233 417 Εἰ
248 390 369 424 νικῶμεν
380 390 548 425 αἱρετικοὺς,
558 390 694 426 Ἕλληνάς
706 399 735 418 τε
750 391 797 418 καὶ
813 391 957 423 Ἰουδαίους

164 435 209 462 διὰ
222 435 273 470 τὴν
296 434 350 461 τῶν
366 434 510 470 δογμάτων
526 435 659 471 ὀρθότητα
669 456 677 469 ,
696 435 796 462 δίκαιοι
810 436 843 462 ἂν
859 436 956 471 εἴημεν

165 481 212 508 καὶ
231 481 260 508 ἐν
277 482 334 512 τοῖς
351 481 443 516 ἔργοις
465 482 564 514 αὐτοὺς
581 483 693 518 νικῆσαι
715 483 783 519 (15),
798 483 841 510 ἵνα
855 483 893 519 μὴ
908 483 956 518 ἡτ-

164 527 281 562 τώμενοι
294 527 324 553 ὲν
345 527 453 563 ἐκείνῳ,
469 528 500 554 ὲν
520 528 607 563 τούτῳ
633 529 712 564 νικᾷν
728 529 870 564 νομίσωσι,
888 529 955 564 μηδὲ

163 572 340 608 προφέρωσιν
356 574 422 608 ἡμῖν
439 574 484 601 τὸν
501 574 569 609 βίον,
589 575 614 601 οἱ
627 575 676 610 τὴν
690 575 781 603 πίστιν
796 576 954 612 ἀρνησάμε-

163 627 214 645 νοι·
231 619 299 654 μηδὲ
314 618 405 653 λέγειν
422 619 521 655 ἔχοιεν,
538 621 571 647 Οἱ
589 622 655 657 περὶ
670 621 705 648 τὰ
717 621 786 656 δῆλα
799 623 953 656 πταίοντες,

164 664 224 695 πῶς
247 663 356 696 ἀξιοῦτε
373 664 551 692 πιστεύεσθαι
577 665 632 702 (16)
662 666 727 703 περὶ
747 667 802 695 τῶν
827 668 953 704 ἀδήλων;

163 710 196 736 El
208 709 263 745 γὰρ
275 709 322 736 καὶ
337 709 546 746 προηγούμενὸν
557 712 614 738 ἐστι
629 712 676 739 καὶ
687 713 954 748 κεφαλαιωδέστερον

163 756 180 790 ἡ
205 755 344 788 εὐσέϐεια,
366 755 425 782 ἀλλ’
445 754 492 784 οὖν
502 765 534 791 γε
548 757 644 792 χρείαν
664 757 722 793 ἔχει
747 758 857 793 καὶτῆς
871 759 954 794 ὀρθῆς

164 801 313 834 πολιτείας,
330 800 374 828 ῖνα
385 801 543 836 τελειοτάτη
558 803 606 829 καὶ
618 803 757 839 ἀκροτάτη
769 805 786 838 ή
805 804 953 840 εὐδοκίμη-

165 859 209 882 σις
224 849 405 885 ἀποφανθείη.
426 850 482 877 Καὶ
496 850 602 883 τούτοις
631 851 828 887 emensam;
846 853 864 888 ἡ
893 852 953 878 θεία

587 164 853 195 EPISTOLARUM
870 166 944 196 LIB.
966 167 1016 197 IV.
1035 178 1070 184 --
1084 150 1202 197 EPIST.
1223 166 1402 197 CCXXVII].

1731 166 1798 199 1222

1236 220 1375 248 CCXXVL
1391 235 1426 241 —
1443 219 1567 248 PAULO.

1011 265 1137 300 Oportere
1145 274 1200 299 eos,
1216 267 1261 301 qui
1276 272 1347 294 recta
1362 267 1413 300 [ide
1426 268 1577 303 dogmatum
1592 267 1703 302 fulgent,
1716 268 1796 295 vitam

1132 309 1233 335 quoque
1251 303 1326 329 uerbo
1341 308 1543 330 consentaneum
1558 303 1663 331 habere.

1044 392 1072 420 Si
1089 393 1222 421 vincimus
1247 394 1405 428 haereticos,
1430 401 1458 423 et
1483 403 1611 431 paganos,
1635 401 1663 424 et
1691 397 1797 425 Judaeos

1007 439 1163 473 dogmatum
1186 439 1356 472 rectitudine,
1372 447 1477 474 aequum
1494 441 1573 468 fuerit
1587 442 1696 470 eosdem
1714 444 1796 471 etiam

1006 484 1132 519 operibus
1146 485 1265 516 vincere,
1280 492 1314 512 ne
1332 485 1357 511 in
1373 485 1418 512 illo
1434 485 1507 518 victi,
1531 486 1557 513 in
1575 487 1627 514 hoc
1643 495 1672 515 se
1689 489 1798 516 vincere

1006 530 1181 564 arbitrentur,
1199 537 1287 565 neque
1302 531 1385 558 vitam
1403 531 1479 558 nobis
1495 532 1644 566 proferant,
1657 533 1703 567 qui
1717 533 1795 561 ﬁdem

1006 576 1186 612 abnegarunt,
1210 583 1297 612 neque
1310 577 1430 612 obiicere
1453 577 1556 612 possint
1570 578 1634 605 talia
1648 579 1770 613 quaedam
1789 589 1796 607 :

1006 630 1053 650 vos
1068 623 1114 658 qui
1127 623 1200 650 circa
1217 631 1248 651 ea
1264 631 1324 658 quae
1340 623 1480 651 manifesta
1504 627 1568 651 sunt
1581 623 1797 659 ltallucinamini,

1005 676 1058 703 qua
1081 669 1170 697 fronte
1202 670 1343 704 postulatis
1374 670 1408 697 de
1431 669 1465 698 iis
1489 677 1549 705 quae
1582 670 1686 698 occulta
1717 676 1798 706 atque

1004 714 1120 742 obscura
1140 719 1219 747 sunt,
1241 715 1318 743 vobis
1344 715 1423 743 ﬁdem
1447 716 1559 744 haberi?
1594 716 1672 752 551
1705 716 1797 750 Quan-

1004 767 1085 794 quam
1101 761 1172 788 enim
1187 761 1314 796 princeps
1328 765 1410 797 atque
1423 763 1558 797 praecipua
1582 767 1622 790 est
1643 763 1740 796 pietas,
1758 766 1797 789 ta-

1004 813 1065 833 men
1081 813 1149 841 opus
1161 806 1186 833 ei
1203 811 1246 834 est
1259 806 1341 834 etiam
1355 811 1427 834 recta
1442 808 1581 842 probaque
1593 808 1657 841 vita,
1672 812 1701 834 ut
1715 809 1798 835 abso-

1005 850 1140 879 lutissima
1156 859 1187 879 ac
1204 859 1308 880 summa
1323 852 1358 880 sit
1376 853 1463 881 laudis
1479 854 1620 888 perfectio.
1646 854 1735 889 Atque
1755 855 1796 882 his

166 895 271 932 Γραφὴ,
302 895 464 930 φάσκουσαθ
490 905 500 922 ι
526 895 558 922 Ἦ
574 895 667 929 πίστις
682 897 767 933 χωρὶς
793 897 848 924 τῶν
866 897 955 934 ἔργων

1005 905 1066 932 qua:
1083 898 1138 926 dixi
1155 899 1315 934 astipulalur
1331 906 1438 934 quoque
1454 899 1542 927 divina
1565 899 1716 935 Scriptura,
1733 908 1794 928 cum

163 941 250 977 νεκρά
261 941 328 968 ἐστι.
348 950 358 967 ι
376 941 463 968 Παντὶ
482 941 572 968 τοίνυν
588 941 677 968 σθένει
690 943 729 974 εἰς
746 942 795 979 τὴν
809 944 860 979 τῆς
879 942 955 970 πολι-

162 987 240 1018 τείας
265 986 409 1023 ἀκρίϐειαν
438 987 553 1019 ἑαυτοὺς
581 987 783 1023 συνελάσωμεν,
808 989 852 1015 ῖνα
883 989 954 1016 κατὰ

163 1033 402 1066 πάντανικῶντες,
423 1033 471 1060 καὶ
492 1033 625 1068 σιγῶντες
639 1034 704 1065 τοὺς
725 1034 889 1067 ἀντιπάλους
910 1035 954 1062 λέ-

162 1087 222 1114 γειν
238 1079 294 1116 (17)
311 1079 470 1115 τολμῶντας
489 1079 722 1114 ἔπιστομίσωμεν.

266 1177 371 1206 ,ΣΚΖ’.
396 1192 430 1197 -
448 1177 580 1213 ΕΡΜΙΝῼ
600 1178 737 1206 KOMHTI
761 1179 827 1215 (is).

163 1221 220 1267 Εἰς
230 1222 276 1263 τὸ1
295 1222 498 1267 «Πηροσξέχετε
511 1223 794 1267 τὴνπὲέεημοσύνῃν
805 1225 890 1267 ῠμῷν
903 1225 951 1267 μὴ

197 1259 477 1328 ποιεὲἴθῗμπροσθεν
489 1259 548 1286 τῶν
562 1259 726 1293 ἀνθρώπων
740 1262 784 1294 είς
801 1259 834 1288 τὸ
846 1259 952 1296 θεαθῆὲ

197 1301 248 1320 ναι
324 1313 330 1320 .
352 1302 362 1319 ι

204 1354 314 1390 Ἐπεῶὴ
341 1354 495 1390 γέγραφας,
509 1354 580 1388 ,Πῶς
594 1352 650 1382 οἷόν
665 1362 693 1381 τε
715 1355 752 1391 μὴ
773 1356 892 1392 φανῆναι
905 1357 952 1385 τὸν

162 1401 318 1437 ὲλεήμονα;
337 1401 420 1436 φημὶ,
438 1401 478 1428 ὅτι
497 1401 546 1436 τὴν
563 1401 677 1438 γνώμην
692 1401 751 1429 νυνὶ
769 1402 891 1435 ἐξετάζει
904 1403 951 1430 τοῦ

162 1448 311 1479 ἐλεοῦντος.
335 1446 444 1482 Ἐπειδὴ
459 1446 514 1482 γὰρ
526 1443 567 1478 οἷς
579 1455 621 1478 τις
633 1447 761 1483 ἀρέσκειν
775 1447 858 1481 θέλει,
875 1449 952 1484 παρὰ

161 1494 266 1522 τούτων
279 1493 397 1529 θηρᾶται
410 1493 458 1520 τὸν
477 1492 587 1519 ἔπαινον
599 1500 606 1508 ⁸
621 1492 636 1519 ὁ
655 1493 683 1519 δὲ
697 1493 758 1528 Θεῷ
773 1493 870 1529 ἀρέσαι
889 1493 951 1529 βου-

162 1541 286 1577 λόμενος,
305 1539 369 1575 παρ’
383 1538 466 1566 αὑτοῦ
481 1538 647 1574 κομίσασθαι
664 1538 790 1574 βούλεται
807 1539 854 1566 τὸν
872 1539 952 1567 ἔπαι-

162 1595 218 1619 νον,
236 1586 306 1613 τοῦτ’
329 1585 393 1620 ἔφη.
410 1585 448 1612 Οὐ
461 1584 516 1620 γὰρ
535 1585 549 1611 ό
565 1584 673 1617 θεαθεὶς
698 1585 808 1617 πάντως
832 1585 902 1621 πρὸς
920 1585 952 1612 τὸ

163 1632 296 1667 θεαθῆναι
312 1632 393 1664 ποιεῖ,
411 1630 469 1658 ἀλλ’
483 1631 497 1657 ὁ
516 1630 679 1666 θεωρεῖσθαι
709 1630 884 1666 βουλόμενος,
905 1631 954 1659 καὶ

161 1679 207 1706 διὰ
221 1679 300 1706 τοῦτο
319 1676 492 1714 δημοσιεύων
504 1677 533 1704 τὺ
548 1678 710 1713 μυστήριον.
733 1677 765 1704 Εἰ
780 1677 834 1713 γὰρ
852 1677 900 1704 καὶ
919 1678 950 1705 τὸ

162 1726 280 1761 πρᾶγμα
299 1724 349 1751 οὐκ
365 1723 682 1759 ἀνέχεταικρύπτεσθαι,
698 1723 755 1750 ἀλλ’
770 1724 785 1750 ὸ
802 1723 884 1751 ὲλεῶν
899 1724 950 1751 οὐκ

161 1770 265 1804 ὀφείλει
289 1768 491 1796 ἐπιδείκνυσθαι
502 1776 510 1785 ’
529 1769 543 1794 ὁ
558 1768 611 1803 γὰρ
623 1767 703 1794 τοῦτο
715 1767 798 1804 δρῶν,
821 1768 868 1795 καὶ
886 1769 949 1800 τοὺς

161 1816 351 1852 λαμϐάνοντας
360 1814 543 1850 ὲκπομπεύει,
556 1814 604 1841 καὶ
619 1814 717 1842 ἑαυτοῦ
730 1814 775 1842 τὸν
789 1815 885 1851 μισθὸν
902 1815 949 1842 καὶ

161 1863 205 1890 τὸν
218 1863 328 1889 ἔπαινον
343 1861 485 1897 κηρύττει.

1004 944 1042 972 ait
1056 953 1063 972 :
1082 953 1091 970 ι
1103 944 1185 973 Fides
1197 945 1300 980 absque
1313 946 1441 980 operibus
1456 952 1563 975 mortua
1576 952 1617 975 est
1626 948 1659 974 ⁸⁵.
1677 957 1686 974 ι
1705 948 1795 981 Quare

1004 990 1078 1018 omni
1098 991 1124 1018 vi
1140 991 1173 1018 ad
1190 996 1345 1019 accuratam
1363 997 1438 1020 recte
1457 993 1564 1021 vivendi
1580 994 1713 1022 rationem
1730 1001 1794 1022 nos-

1004 1036 1135 1071 metipsos
1145 1036 1367 1070 assuefaciamus,
1383 1042 1413 1064 ut
1428 1038 1463 1065 ita
1478 1045 1528 1074 per
1541 1038 1630 1066 omnia
1646 1034 1794 1073 vincentes,

1005 1083 1080 1110 taciti
1102 1090 1209 1118 quoque
1230 1083 1403 1111 adversarios
1428 1083 1537 1119 obloqui
1555 1084 1632 1112 nobis
1646 1089 1727 1119 atque
1747 1086 1794 1113 ob-

1004 1133 1126 1164 strepere
1139 1129 1270 1156 audentes
1284 1129 1434 1157 refutemus
1449 1137 1481 1156 ac
1499 1130 1686 1158 reluudamus.

1138 1184 1289 1213 CCXXVII.
1307 1201 1341 1205 —
1358 1184 1513 1213 HERMINO
1532 1184 1662 1213 COMlTl.

1004 1229 1038 1257 In
1057 1230 1124 1257 illud
1139 1251 1146 1265 ,
1164 1239 1173 1256 ι
1189 1230 1332 1264 Atlendile,
1355 1239 1386 1258 ne
1409 1231 1598 1266 eleemosynnm
1619 1237 1728 1258 uestram
1751 1233 1792 1262 fa-

1039 1266 1228 1317 ciqtisucaram
1256 1266 1419 1300 hominibus,
1444 1267 1478 1293 ad
1503 1267 1569 1299 Itoc,
1597 1271 1625 1293 ut
1646 1267 1792 1302 campidu-

1039 1309 1104 1328 mmt
1141 1321 1147 1328 .
1172 1310 1181 1327 ι

1038 1358 1171 1393 Quoniam
1186 1367 1234 1394 per
1246 1360 1352 1388 litteras
1369 1360 1517 1394 quaesivisti
1537 1360 1604 1394 :Qui
1623 1359 1680 1388 ﬁeri
1695 1365 1791 1395 possu,

1002 1409 1032 1432 ut
1047 1405 1092 1440 qui
1105 1405 1304 1440 elecmosynam
1316 1409 1438 1438 exercet,
1457 1413 1510 1432 non
1525 1406 1719 1441 conspiciatur,
1735 1407 1790 1439 aio,

1002 1450 1141 1478 Christum
1152 1449 1208 1484 jam
1221 1450 1304 1477 animi
1322 1451 1489 1485 propositum
1505 1451 1660 1479 examinare
1675 1452 1733 1487 ejus
1745 1454 1791 1487 qui

1002 1495 1188 1523 misericordia
1207 1496 1301 1522 utitur.
1324 1495 1390 1522 Nam
1405 1496 1467 1530 quia
1486 1496 1520 1523 ab
1541 1497 1584 1528 iis,
1605 1497 1703 1531 quibus
1715 1498 1792 1532 quis-

1002 1547 1055 1575 que
1066 1540 1173 1576 placere
1188 1541 1288 1574 studet,
1304 1540 1409 1568 laudem
1430 1545 1545 1570 venatur
1560 1550 1567 1569 :
1582 1543 1629 1578 qui
1649 1551 1714 1571 vero
1735 1543 1793 1578 pla-

1008 1593 1073 1614 cere
1092 1589 1208 1614 conatur
1232 1586 1298 1619 Deo,
1316 1586 1351 1614 ab
1366 1587 1424 1620 ipso
1442 1591 1582 1622 reportare
1600 1588 1657 1615 vult
1672 1588 1790 1619 laudem.

1000 1630 1104 1658 idcirco
1118 1631 1168 1658 hoc
1181 1631 1261 1660 dixit.
1284 1631 1343 1660 Non
1360 1632 1431 1660 enim
1452 1632 1563 1660 omnino
1580 1633 1604 1661 is
1620 1634 1666 1668 qui
1684 1635 1791 1669 conspi-

1004 1676 1087 1708 citur,
1100 1675 1161 1703 ideo
1173 1676 1367 1706 misericordia
1383 1685 1453 1713 opus
1467 1678 1535 1706 facit
1550 1683 1579 1706 ut
1594 1679 1790 1715 conspiciatur,

1004 1722 1051 1750 sed
1068 1722 1092 1750 is
1105 1721 1224 1756 demum,
1238 1723 1327 1758 quiad
1339 1723 1484 1760 idoperam
1493 1723 1550 1758 dat,
1561 1729 1590 1752 ut
1607 1725 1741 1759 videatur,
1765 1732 1792 1754 et

1003 1768 1039 1796 ob
1051 1768 1102 1796 hoc
1116 1769 1202 1803 ipsum
1213 1768 1341 1804 evulgans
1353 1770 1494 1801 arcanum,
1509 1771 1580 1804 quod
1595 1770 1684 1805 potius
1700 1775 1790 1806 tegere

1004 1819 1086 1850 atque
1102 1813 1241 1842 occultare
1254 1813 1379 1841 debebat.
1392 1814 1429 1841 Ut
1440 1817 1470 1841 ut
1481 1815 1553 1842 enim
1576 1823 1620 1843 res
1638 1816 1694 1851 ipsa
1712 1820 1790 1851 neget

973 1867 980 1873 ο
1005 1859 1146 1892 occultari,
1175 1863 1264 1886 tamen
1289 1858 1346 1893 ipse
1360 1859 1406 1894 qui
1430 1859 1645 1887 misericordiam
1670 1865 1790 1892 exercet,

161 1917 214 1938 non
231 1910 310 1937 debet
321 1917 380 1937 eam
395 1913 543 1937 Ostentare.
559 1907 627 1936 Nam
655 1909 700 1944 qui
728 1909 779 1937 hoc
797 1908 872 1942 facit,
908 1913 936 1937 et
969 1908 1133 1942 accipientes
1160 1907 1360 1943 cleemosynam
1386 1907 1513 1940 traducit,
1543 1911 1570 1934 et
1601 1915 1678 1935 suam
1705 1907 1790 1943 ipsius

161 1955 313 1983 mercedem
331 1958 359 1982 et
373 1953 479 1981 laudem
492 1953 644 1981 ebuccinat.

257 2011 346 2037 ΣΚΗ¹.
370 2025 407 2031 ——
427 2010 602 2045 ΠΑΛΛΛΔΙῼ
626 2009 844 2045 ΔΝΑΓΝΩΣἹᾘ.

160 2057 230 2092 Περί
245 2056 305 2084 τῶν
314 2055 571 2092 παραδειγμάτων,
584 2055 622 2092 δι’
635 2052 679 2092 ὧν
695 2057 711 2082 ὁ
724 2055 821 2092 σοφὸς
833 2057 952 2082 πολιτειη

295 2090 359 2125 δὼς(
371 2090 595 2126 προσωποποιεῖ
613 2091 671 2125 τὴν
686 2091 809 2125 σοφίαν,

202 2147 314 2182 Ἐπειδὴ
327 2146 407 2182 ἔφης,
424 2147 465 2173 Δι’
477 2146 512 2181 ἦν
523 2146 613 2173 αἰτίαν
626 2146 660 2173 τὰ
677 2146 888 2181 παραδείγματα
901 2146 950 2182 οὐχ

1108 2009 1268 2038 CCXXVlll.
1288 2024 1324 2030 —
1339 2009 1511 2037 PALLADIO
1526 2009 1684 2038 LECTORI.

1002 2055 1039 2083 De
1060 2057 1186 2091 exemplis
1207 2057 1300 2091 quibus
1324 2056 1429 2090 sapiens
1451 2056 1521 2083 varie
1541 2064 1573 2083 ac
1592 2056 1790 2091 multiformiter

1219 2096 1388 2126 repraesentat
1402 2092 1569 2126 sapientiam.

1037 2147 1167 2181 Quoniam
1181 2154 1228 2182 per
1238 2147 1380 2183 epistolam
1393 2147 1553 2183 quesivisti,
1566 2155 1652 2183 quare
1666 2148 1788 2183 exempla

159 2194 270 2221 ἅπαντα
281 2191 337 2226 (ΞΟ)
345 2191 378 2218 λα
382 2191 515 2227 μϐἀνεται
524 2199 531 2224 ;
543 2190 637 2226 φαίην,
646 2191 689 2218 Eva.
726 2190 948 2226 παραδείγματα,

1001 2201 1054 2222 non
1069 2201 1117 2229 per
1129 2194 1221 2221 omnia
1236 2193 1380 2228 capiantur
1395 2197 1422 2221 et
1435 2194 1468 2222 ad
1490 2201 1546 2222 rem
1564 2194 1728 2229 propositam
1744 2202 1789 2222 ac-

159 2240 208 2267 καὶ
225 2238 263 2274 μὴ
282 2237 417 2274 ταυτότης
439 2239 493 2275 εῐη.
519 2238 576 2264 Καὶ
596 2236 732 2272 ἀφέμενος
749 2236 779 2263 τὸ
802 2236 948 2271 λεγόμενον

193 2322 218 2338 ⁶¹
231 2321 291 2349 Jac.
305 2331 333 2356 ιι,
345 2322 392 2350 20.
432 2323 454 2340 ⁸⁸
469 2323 564 2352 Matth.
580 2331 615 2356 νι,
633 2323 659 2350 ί.

1003 2239 1220 2273 commodentur,
1239 2239 1399 2274 respondeo,
1426 2244 1457 2268 ut
1469 2239 1524 2268 sint
1541 2240 1673 2275 exempla,
1694 2244 1786 2267 etnon

709 2407 826 2436 VARle
845 2407 1037 2437 LECTIONES
1051 2409 1095 2436 ET
1111 2409 1226 2437 NOT/E.

194 2485 249 2521 (Η)
266 2485 365 2521 Canter
379 2485 459 2521 epist.
473 2484 508 2513 20
519 2489 546 2513 et
556 2485 610 2513 2|?)
621 2493 702 2521 supra
714 2485 805 2521 hujus,
824 2485 886 2514 libri
898 2494 947 2514 nec

156 2526 211 2547 non
223 2520 305 2554 epist.
319 2520 364 2547 65.
379 2520 461 2548 Rtrr.

190 2555 248 2590 (15)
268 2555 336 2591 Qod.
354 2554 414 2582 Vat.
431 2555 542 2589 νικῆσαι
563 2560 650 2583 mutat
674 2556 702 2584 in
724 2556 814 2591 νικᾷν.
837 2557 945 2584 Possm.

193 2590 250 2627 ςιδ)
270 2590 376 2627 omittit
401 2590 667 2627 κεπτ-πιστεύεσθαι
692 2590 794 2626 etpost
814 2592 878 2627 περὶ
891 2592 945 2618 τῶν

155 2624 264 2660 ἀδήλων
279 2625 354 2651 addit
369 2626 457 2660 νικᾷν.
472 2625 510 2652 In.

193 2660 237 2693 (t7
252 2660 305 2687 Pro
315 2660 477 2692 ἀντιπάλους
489 2660 580 2694 λέγειν
593 2668 647 2689 uno
665 2662 749 2689 verbo
768 2661 862 2689 scribit
873 2661 943 2689 idem

155 2694 319 2729 ἀντιλέγειν.
334 2695 372 2722 In.

191 2728 405 2765 (t8)'lttscriptio
420 2731 537 2758 sumitur
552 2738 584 2758 ex
600 2731 692 2759 codice
708 2731 847 2758 Vaticano.
862 2731 940 2759 Enrr.

193 2763 248 2800 (19)
263 2763 364 2792 Confer
379 2765 513 2801 insignem
529 2771 556 2793 et
572 2767 634 2794 huic
645 2766 739 2794 lsidori
758 2766 878 2800 epistolae
893 2773 941 2801 ge-

152 2800 258 2836 minum
271 2801 359 2836 locum
372 2799 495 2834 Gregorii
512 2801 611 2836 Magni,
624 2802 677 2830 .ttbi
694 2799 794 2832 monet.
809 2805 838 2828 ut
852 2802 877 2828 in
897 2799 939 2828 bo

153 2835 195 2861 nis
209 2834 338 2869 operibus
349 2841 493 2862 caveamus
516 2834 724 2864 ostentationem
745 2841 772 2864 et
789 2836 874 2863 laudis
894 2836 941 2863 hn-

153 2877 240 2897 mauae
264 2869 456 2903 captationem,
482 2878 514 2898 ac
535 2871 624 2905 potius
647 2876 781 2899 secretum
806 2879 939 2898 amemus.

252 2916 390 2946 PA'rnOL.
417 2916 477 2946 Gn.
498 2917 655 2947 LXXVIII.

1000 2487 1089 2527 γει-1η
1103 2488 1161 2523 ejus
1179 2487 1236 2515 haec
1246 2492 1333 2527 sunl_:
1355 2496 1364 2513 ι
1384 2488 1513 2527 Inventus
1524 2487 1665 2527 thesaurus
1674 2487 1785 2527 abacum

999 2522 1072 2550 ditur
1087 2522 1121 2549 ut'
1129 2528 1262 2556 servetur,
1276 2523 1338 2557 quia
1359 2523 1476 2550 studium
1492 2523 1610 2550 caelestis
1625 2522 1751 2557 desiderii
1769 2528 1784 2548 a

999 2557 1124 2591 malignis
1139 2556 1432 2591 spiritibua’custodire
1456 2565 1508 2585 non
1532 2557 1641 2590 suiiicit,
1662 2556 1708 2591 qui
1733 2557 1786 2583 hoc

997 2593 1040 2632 ab_
1055 2593 1179 2632 humanis
1207 2593 1332 2632 laudibus
1351 2601 1404 2620 non
1427 2592 1578 2632 abscondit.
1596 2592 1628 2632 lu
1654 2592 1784 2631 praesenti

996 2626 1068 2654 enim
1079 2627 1140 2666 vita
1149 2627 1226 2666 quasi
1243 2628 1270 2655 in
1283 2628 1327 2656 via
1338 2635 1438 2666 sumus
1447 2635 1499 2661 qua
1512 2627 1544 2653 ad
1558 2626 1673 2661 patriam
1693 2627 1784 2666 pergi-

997 2669 1067 2690 mus.
1080 2662 1188 2697 Maligni
1203 2667 1292 2691 autem
1304 2663 1415 2697 spiritus
1432 2663 1484 2689 iter
1497 2666 1618 2689 nostrum
1634 2662 1710 2697 quasi
1724 2662 1784 2694 qni-

996 2697 1057 2734 dam
1073 2695 1218 2734 latrunculi
1233 2695 1366 2734 obsident.
1384 2697 1536 2734 Deprazdari
1550 2703 1615 2734 ergo
1632 2695 1780 2734 desiderat,

995 2731 1041 2765 qui
1067 2731 1225 2759 thesaurum
1249 2733 1355 2767 publice
1381 2728 1470 2766 portat
1490 2728 1593 2767 invia,
1608 2740 1617 2756 ι
1636 2734 1704 2767 etc._
1718 2728 1784 2767 Vide

994 2764 1101 2803 quoque
1115 2764 1337 2803 Isidorum'epist.
1350 2764 1423 2795 Stet
1436 2766 1485 2794 197
1500 2766 1561 2794 libri
1578 2773 1599 2798 ι,
1617 2769 1644 2793 et
1654 2764 1715 2792 cod.
1733 2764 1784 2789 hoc

994 2800 1063 2828 libro
1075 2809 1101 2828 tv
1114 2802 1194 2835 epist.
1212 2802 1273 2830 159.

1029 2836 1086 2871 (20)
1102 2833 1154 2872 Pro
1165 2837 1214 2872 οὐχ
1228 2837 1335 2866 ἃπαντα
1350 2838 1408 2865 cod.
1426 2837 1487 2864 Vat.
1503 2836 1554 2864 650
1569 2836 1650 2864 habet
1667 2833 1697 2862 οὒ
1711 2834 1782 2862 κατὰ

996 2870 1093 2898 πάντα.
1114 2870 1220 2900 Possm.

1525 2917 1562 2948 42
