2049 3164
268 163 288 196 Si
294 163 347 196 323

876 162 906 192 S.
929 162 1076 192 ISIDORI
1095 163 1316 194 PELUSIOTzE

1841 163 1908 197 1324

275 219 315 246 rei
338 221 380 253 (ut
394 217 434 245 sic
450 217 555 253 loquar)
572 216 698 244 identitas
713 215 819 244 evadat.
837 216 869 244 Et
882 217 991 244 omissis
1009 217 1067 252 piu-

1121 218 1270 253 σαφηνίσαι
1291 218 1328 250 ὡς
1345 218 1378 245 ἃν
1393 215 1448 250 οἷός
1462 226 1492 244 τε
1517 213 1540 244 ὦ
1565 216 1742 253 πειράσομαι.
1764 217 1850 252 20:96;
1871 227 1910 250 τις

277 265 352 293 ribus
365 271 425 300 quae
437 264 488 292 hae
503 264 536 292 de
553 272 582 292 re
594 264 646 291 dici
663 267 783 299 possent,
799 263 824 290 id
842 263 914 298 quod
935 263 991 291 dixi
1006 263 1068 291 illu-

277 315 366 338 strare
383 314 513 344 quantum
533 315 638 345 potero,
663 309 792 337 conabor.
819 309 934 344 Sapiens
958 310 1068 344 quidam

279 354 330 387 vir,
352 354 432 385 ﬁlius.
460 354 582 389 inquam,
600 354 723 390 Syrachi,
736 354 782 388 qui
804 352 971 389 Sapientiam
995 353 1068 381 illam

277 399 451 435 conscripsit,
477 403 674 434 representans
693 399 853 434 sapientiam
878 399 951 426 velut
975 407 1069 434 perso-

277 454 338 474 nam
355 446 512 480 quamdam,
539 453 600 472 cum
625 453 678 473 non
695 445 829 473 inveniret
844 453 898 479 quo
921 449 1001 481 pacto
1022 453 1070 480 per

271 500 361 519 unum
378 491 486 526 aliquod
510 491 662 525 exemplum
683 495 730 518 aut
748 498 829 518 unam
844 490 962 525 plantam
984 490 1069 525 ipsius

277 537 507 574 pulchritudinem
523 541 551 564 et
564 536 759 564 sublimitatem
774 540 802 563 et
822 536 983 563 suavitatem
1006 536 1070 563 odo-

276 585 326 617 ris,
349 588 376 612 et
391 583 442 611 alia
458 591 518 619 qua:
533 583 673 618 sapientiae
693 583 801 614 adsunt,
822 581 974 614 exhiberet,
991 590 1071 617 vaga-

279 635 332 662 tus,
347 635 478 664 quantum
502 632 617 664 poterat,
642 635 691 663 per
716 628 807 655 omnia
828 628 976 663 gignentia.
993 632 1020 655 et
1036 628 1070 655 ab

278 683 442 711 unoquoque
456 682 557 711 genere
571 674 701 709 colligens
714 673 740 701 id
753 673 824 708 quod
841 673 958 700 maxime
973 680 1071 700 conve-

279 722 358 749 niens
373 725 454 756 atque
471 721 597 748 decorum
612 724 672 747 erat
688 719 721 746 ad
737 726 797 746 eam
811 719 1070 753 repraesentandam,

279 768 316 795 ita
334 775 393 795 eam
412 767 566 794 hominibus
589 765 770 798 adumbravit,
788 769 818 792 ut
835 765 870 793 ab
887 766 938 793 hac
961 766 1070 800 quidem

279 812 370 847 planta
384 812 624 848 pulchritudinem,
641 811 674 839 ab
686 811 738 838 alia
753 811 958 844 sublimitatem,
971 811 1005 838 ab
1019 811 1071 839 alia

277 859 372 887 odoris
387 859 549 886 suavitatem
566 865 598 885 ac
623 857 802 892 iragrantiam
827 858 905 892 quasi
922 862 1068 891 mutuatus,

1121 264 1203 298 ἀνὴρ,
1219 263 1233 290 ὁ
1247 264 1295 290 τοῦ
1319 264 1406 300 Σιράχ
1422 272 1504 299 φημι,
1524 264 1538 289 6
1554 263 1603 299 τὴν
1621 263 1676 299 (2|)
1691 263 1788 298 σοφίαν
1805 264 1911 299 ἐκείνην

1123 308 1295 343 συγγράψας,
1324 308 1572 344 προσωποποιήσας
1598 308 1648 343 τὴν
1671 308 1780 343 σοφίαν,
1804 308 1851 335 καὶ
1876 309 1912 344 μὴ

1121 353 1211 389 εὑρὼν
1229 354 1263 380 δι’
1286 354 1345 387 ἐνὸς
1359 354 1560 390 ὑποδείγματος
1575 354 1592 390 ἢ
1607 354 1641 380 δι’
1658 354 1717 385 ἑνὸς
1728 354 1812 389 φυτοῦ
1824 355 1856 381 τὸ
1867 355 1912 381 ain

1121 399 1172 434 τῆς
1200 399 1299 432 κάλλος
1322 409 1351 427 τε
1368 400 1416 427 καὶ¹
1435 399 1502 434 ’ὑψος
1518 400 1567 427 καὶ
1591 399 1642 434 τὴν
1666 400 1793 434 εὐωδίαν,
1820 400 1915 428 καὶτὰ

1123 444 1190 471 ἀλλα
1203 444 1237 471 τά
1250 446 1282 480 τῇ
1299 445 1380 480 σοφίᾳ.
1397 445 1534 480 προσόντα
1552 444 1741 480 παραστῆσαι,
1765 445 1918 480 περιελθὼν

1122 490 1160 521 ὡς
1175 487 1229 522 οἷός
1240 499 1270 517 τε
1291 488 1326 526 ἦν
1341 490 1430 517 πάντα
1443 491 1478 517 τὰ
1496 490 1578 525 φυτὰ,
1595 491 1644 517 καὶ
1658 490 1704 524 ἀφ’
1719 491 1837 517 ἑκάστου
1854 491 1917 517 συλ-

1123 536 1273 572 λεξάμενος
1287 537 1316 564 τὸ
1333 536 1455 573 ἁρμόζον
1471 538 1518 564 καὶ
1533 537 1761 573 πρεπωδέστατον
1778 538 1848 572 πρὸς
1863 546 1918 564 πα-

1125 585 1258 620 ράστασιν
1273 584 1369 620 αὐτῆς,
1387 584 1459 612 οὕτω
1483 586 1539 617 τοῖς
1564 584 1719 620 ἀνθρώποις
1744 585 1917 620 ὑπέγραψεν,

1124 630 1168 657 ἵνα
1182 630 1236 657 ἀπὸ
1254 630 1303 666 μὲν
1317 630 1415 657 τούτου
1435 630 1483 657 τοῦ
1498 631 1583 665 φυτοῦ
1599 631 1629 657 τὺ
1649 631 1759 662 κάλλος,
1775 630 1832 657 ἀπὸ
1841 630 1864 656 δ’
1874 630 1917 657 ἄλ-

1123 675 1169 701 λου
1183 675 1213 702 τὸ
1232 674 1310 710 ὕψος,
1326 675 1420 702 ἀπὸδὲ
1432 675 1529 711 ἑτέρου
1547 675 1597 711 τὴν
1615 676 1732 702 εὐωδίαν
1749 675 1918 711 ὲρανισάμε-

1121 730 1177 753 νος,
1192 721 1240 748 καὶ
1252 721 1347 758 ὥσπερ
1361 723 1390 748 ὲν
1411 722 1542 758 θησαυρῷ
1559 731 1624 754 τινι,
1639 722 1668 749 οὐ
1682 721 1773 749 πάντα
1783 722 1819 749 τὰ
1834 730 1920 758 προσ-

1121 767 1186 794 όντα
1205 768 1263 800 τοῖς
1289 769 1400 803 φυτοῖς,
1425 768 1483 795 ἀλλ’
1503 769 1608 800 ἐκεῖνα,
1633 765 1671 795 ὧν
1688 769 1786 804 χρείαν
1811 766 1887 803 εἶχεν
1905 768 1918 803 ὴ

1122 815 1214 848 εἰκὼν,
1244 813 1422 850 παραλαϐὼν,
1447 814 1522 846 ἄξιόν
1544 823 1571 841 τι
1592 814 1643 849 τῆς
1668 814 1766 848 σοφίας
1791 813 1920 848 ἐννοῆσαι

1122 858 1328 894 παρεσκεύασε.
1360 860 1415 887 Καὶ
1436 861 1479 886 ἵνα
1498 859 1535 895 μὴ
1559 859 1709 895 φαινοίμην
1727 859 1852 894 λεληθὼς
1879 868 1921 885 σοι

256 930 263 933 .
278 910 306 932 et
319 905 376 932 inec
393 903 466 932 velut
490 904 516 931 in
541 903 670 930 thesauro
685 903 802 938 quodam
820 904 936 938 reposita
955 904 1067 937 habens,

1122 906 1223 938 ὄνειδος
1250 906 1372 942 ἀμαθίας
1393 906 1636 943 προστριϐόμενος,
1662 905 1748 938 αὐτὰς
1764 907 1816 933 οὐκ
1837 905 1921 937 ἔταξα

279 958 332 978 non
349 950 475 978 omnibus
492 956 552 983 qua:
566 948 664 982 plantis
685 948 788 981 insunt,
815 948 862 975 sed
882 948 934 976 illis
955 953 1068 983 tantum,

1123 951 1174 984 τὰς
1188 952 1284 987 ῥήσεις
1298 952 1332 984 ἃς
1347 952 1476 984 ἐναύλους
1487 951 1559 987 ἔχειν
1572 961 1602 979 σε
1618 952 1702 984 εἰκός.

280 997 379 1032 quibus
396 996 429 1023 ad
456 995 600 1030 imaginem
626 994 818 1022 absolvendam
843 1001 911 1029 opus
936 999 1005 1027 erat,
1032 998 1187 1032 assumptis,
1223 999 1395 1026 occasionem
1427 998 1522 1027 lectori
1559 998 1692 1033 praeberet
1716 997 1818 1032 aliquid
1841 998 1918 1032 cogi-

282 1044 356 1071 tandi
381 1043 452 1078 quod
480 1041 611 1077 sapientia
635 1041 747 1075 dignum
772 1040 852 1068 foret.
875 1041 909 1068 Et
929 1049 961 1068 ne
981 1041 1075 1069 videar
1091 1044 1162 1071 aliud
1177 1052 1261 1080 agens
1292 1045 1339 1073 tibi
1366 1045 1519 1080 exprobare
1539 1045 1698 1078 ruditalem,
1726 1051 1779 1071 non
1805 1043 1918 1079 appos-ui

280 1091 327 1119 hic
341 1090 396 1125 ipsa
414 1088 497 1118 dicta,
511 1094 570 1121 qua:
587 1086 635 1113 tibi
652 1085 824 1113 familiariter
846 1090 909 1113 nota
931 1093 992 1114 esse
1012 1087 1149 1116 convenit.

457 1132 537 1167 552
557 1130 698 1159 CCXXIX.
716 1145 751 1151 —
765 1130 901 1158 ZOSIMO.

402 1179 441 1206 De
466 1179 556 1205 divina
578 1179 606 1205 in
631 1178 708 1205 terris
730 1179 947 1213 peregrinatione.

316 1225 502 1252 Humanorum
525 1228 700 1258 peccatorum
723 1225 882 1258 remedium,
897 1225 958 1252 Filii
979 1224 1024 1253 Dei
1043 1224 1071 1253 in

279 1279 390 1299 carnem
405 1271 548 1304 adventus,
566 1278 661 1298 omnes
675 1269 785 1305 quidem
802 1278 862 1297 cum
878 1271 1001 1298 homines
1016 1275 1071 1297 tum

280 1317 416 1344 daemones
430 1315 537 1349 terruit,
552 1315 606 1343 illis
620 1315 726 1350 quidem
742 1315 918 1350 persuadens,
934 1321 962 1342 ut
977 1323 1071 1351 parce«

279 1367 341 1390 rent
357 1367 461 1389 natura:
475 1362 532 1396 jam
554 1361 674 1389 consorti
698 1361 863 1395 divinitatis,
891 1361 989 1396 quippe
1011 1369 1070 1396 quae

279 1408 335 1436 Deo
359 1409 433 1435 unita
457 1408 492 1435 sit
508 1415 516 1434 :
532 1407 601 1435 istos
623 1415 687 1435 vero
712 1407 859 1442 subigens,
885 1411 914 1434 ut
944 1408 1070 1443 deinceps

280 1455 450 1481 abstinerent
466 1453 500 1481 ab
515 1453 620 1481 insidiis
637 1453 769 1480 adversus
783 1453 907 1480 homines
922 1454 1068 1486 struendis,

1372 1136 1457 1163 mea
1479 1151 1514 1156 —
1534 1136 1671 1172 ΖΩΣΙΜῼ.

1302 1179 1372 1214 Περὶ
1392 1179 1446 1214 τῆς
1463 1181 1545 1214 θείας
1566 1181 1738 1215 ἐπιδημίας.

1165 1226 1198 1252 'H
1214 1224 1269 1252 τῶν
1282 1226 1460 1261 ἀνθρωπίνων
1477 1227 1666 1263 ἁμαρτιῶν....
1682 1227 1739 1263 (22)
1750 1227 1767 1262 ἡ
1785 1227 1835 1254 τοῦ
1853 1227 1914 1254 Υῐοῦ

1124 1270 1171 1298 τοῦ
1190 1271 1258 1298 Θεοῦ
1277 1272 1410 1308 ἔνσαρκος
1426 1273 1585 1308 ἐπιφάνεια,
1605 1273 1711 1305 πάντας
1730 1273 1780 1308 μὲν
1798 1273 1914 1308 ἐφόϐησε

1124 1318 1172 1346 καὶ
1198 1318 1360 1354 ἀνθρώπους
1377 1320 1426 1346 καὶ
1446 1320 1588 1354 δαίμονας,
1614 1320 1678 1351 τοὺς
1702 1319 1751 1354 μὲν
1777 1319 1914 1353 φείδεσθαι

1123 1364 1172 1400 τῆς
1200 1364 1308 1399 φύσεως
1323 1365 1452 1398 πείσασα,
1471 1365 1509 1397 ὼς
1533 1365 1593 1401 Θεῷ
1618 1364 1782 1400 ἐνωθείσης·
1800 1365 1864 1397 τοὺς
1889 1365 1915 1392 δὲ

1125 1409 1274 1444 ἀπέχεσθαι
1290 1411 1340 1446 τῆς
1362 1410 1423 1437 κατ’
1443 1411 1533 1437 αὐτῶν
1553 1406 1701 1445 ἐπιϐουλῆς
1722 1409 1913 1444 ἁναγκάσασα,

1123 1453 1162 1487 ὡς
1186 1456 1379 1491 ἀναμαρτήτου
1411 1455 1506 1483 λοιπὸν
1532 1455 1698 1490 γενομένης·
1727 1455 1757 1481 σὲ
1784 1454 1814 1481 δὲ
1843 1454 1915 1481 οὐδὲν

281 1505 373 1535 utpote
383 1507 498 1535 quorum
511 1503 606 1526 natura
617 1499 671 1534 jam
690 1499 793 1534 peccati
807 1506 905 1533 expers
919 1498 944 1525 in
959 1498 1067 1527 Christo

1125 1501 1229 1529 τούτων
1249 1502 1397 1538 ἐμάλαξεν,
1411 1502 1473 1529 οὐδὲ
1491 1501 1606 1529 δεδιέναι
1619 1501 1840 1536 παρεσκεύασεν,
1857 1500 1914 1527 οὐδὲ

280 1545 373 1573 elieeta
399 1546 455 1572 sit:
473 1548 499 1572 te
518 1551 583 1572 vero
608 1544 674 1572 nihil
699 1545 812 1572 istorum
832 1544 956 1578 emolliit,
983 1552 1067 1580 neque

1127 1549 1276 1584 σωφρονεῖν
1294 1547 1531 1583 ὲπαιδαγώγησεν.
1551 1548 1583 1574 Ei
1601 1547 1692 1574 τοίνυν
1719 1546 1866 1582 ἄνθρωπος
1881 1544 1912 1578 εί,

281 1596 401 1619 metuere
414 1589 488 1623 fecit,
501 1598 588 1625 neque
599 1591 633 1618 ad
647 1591 851 1626 temperantiam
867 1598 898 1618 ac
911 1591 1067 1619 modestiam

1125 1592 1164 1628 τῷ
1178 1594 1304 1629 προτέρῳ
1325 1594 1488 1628 παιδεύθητι
1498 1601 1505 1608 θ
1523 1594 1548 1620 εί
1571 1593 1599 1620 δὲ
1611 1593 1728 1628 δαίμων,
1743 1592 1784 1627 τῷ
1798 1592 1913 1627 δευτέρῳ

281 1639 410 1668 instituit.
435 1637 499 1665 Sive
519 1637 602 1672 igitur
630 1637 711 1665 homo
733 1644 778 1669 es,
798 1637 873 1672 prius
897 1641 923 1664 te
946 1637 1067 1671 erudiat;

1121 1638 1272 1674 διδάχθητι,
1289 1639 1326 1675 μὴ
1338 1638 1562 1674 κατακεχρῆσθαι
1576 1639 1609 1674 τῇ
1632 1637 1765 1673 καλλίστῃ
1783 1636 1865 1671 φύσει
1877 1637 1912 1667 είς

271 1687 338 1713 ~sive
350 1685 455 1712 daemon
470 1684 567 1719 aliquis
582 1691 622 1716 es,
638 1683 772 1718 posterius
786 1687 811 1710 te
823 1683 928 1716 doceat,
952 1690 986 1710 ne
999 1690 1067 1718 prae-

1121 1685 1206 1720 πάθη.
1224 1685 1320 1718 ’Ἥξεις
1333 1685 1387 1721 γὰρ
1404 1686 1444 1717 είς
1461 1685 1562 1721 κρίσιν,
1576 1683 1679 1711 τούτων
1692 1684 1825 1711 ἁπάντων
1840 1681 1910 1709 εὐθύ-

281 1731 448 1760 stantissima
476 1735 573 1758 natura
595 1730 627 1756 ad
648 1728 761 1757 allectus
782 1733 810 1757 et
838 1729 1067 1764 concupiscentia:

1122 1740 1170 1763 νας
1185 1731 1302 1766 ὑφέξων,
1329 1734 1376 1759 καὶ
1391 1733 1442 1767 τῆς
1474 1733 1583 1768 μακρᾶς
1609 1731 1782 1766 ἀναλγησίας
1810 1729 1909 1766 μακρὸν

281 1777 427 1812 capiendas
439 1775 561 1804 abutare.
578 1773 676 1802 Venies
687 1773 760 1801 enim
777 1773 804 1801 in
817 1773 960 1809 judicium,
982 1774 1067 1801 reddi-

1122 1778 1393 1814 εἰσπραχθησόμενος
1406 1778 1495 1813 λόγον.

272 1828 358 1851 .turus
378 1823 492 1855 borum_
517 1822 638 1866 omnium
658 1821 788 1854 rationes,
808 1825 835 1848 et
855 1820 987 1848 diuturna:
1012 1821 1090 1856 hujus
1129 1824 1281 1853 indolentia:
1310 1832 1343 1853 ac
1367 1826 1486 1861 stuporis
1509 1825 1665 1854 diuturnam
1690 1825 1842 1859 exigendus
1869 1828 1906 1849 ra-

276 1875 391 1898 honem'
424 1913 554 1944 CCXXX.
564 1929 599 1934 —-
608 1913 736 1941 ALPHIO
750 1911 925 1940 EPiSCOPO.

557 1960 596 1987 De
615 1959 802 1987 Sennaeherib.

317 2008 449 2042 Quoniam
463 2006 651 2034 Sennacherib
666 2007 766 2040 majora
782 2013 862 2041 quam
875 2012 923 2040 pro
939 2009 1035 2033 natura
1045 2010 1074 2033 et

1258 1910 1318 1937 ΣΛ¹.
1339 1925 1374 1930 -
1391 1910 1494 1946 Altam
1513 1910 1568 1946 (εδ)
1582 1910 1770 1946 ΕΠΙΣΚΟΠῼ.

1338 1956 1408 1991 Περὶ
1422 1956 1475 1983 τοῦ
1490 1956 1687 1991 Σεναχειρήμ.

1162 2003 1273 2039 Ἐπειδὴ
1300 2003 1314 2030 ό
1339 2002 1509 2039 Σεναχειρὴμ
1537 2002 1712 2038 ἀνθρωπίνης
1738 2003 1849 2038 φύσεως
1867 2006 1907 2032 καὶ

282 2055 385 2082 viribus
402 2052 529 2081 humanis
545 2052 662 2080 minatus
678 2056 720 2080 est
736 2051 868 2084 Ezechiae,
885 2052 946 2079 ideo
957 2051 1067 2086 propria

1121 2049 1261 2086 δυνάμεως
1283 2049 1394 2085 μείζονα
1410 2049 1544 2084 ἠπείλησε
1570 2049 1609 2085 τῷ
1630 2049 1753 2085 Ἐζεκίᾳ,
1772 2050 1818 2077 διὰ
1835 2051 1909 2078 τοῦτο

280 2099 476 2127 imbecillitatis
495 2097 646 2126 nuiiitatem
665 2097 800 2132 cognovit.
826 2097 894 2124 Nam
913 2097 958 2132 qui
978 2104 1067 2132 spera-

1121 2097 1189 2132 Ξγνω
1209 2098 1259 2134 τῆς
1278 2098 1381 2130 οἰκείας
1395 2098 1538 2130 ἀσθενείας
1550 2098 1601 2133 τὴν
1625 2097 1774 2126 οὐδένειαν.
1805 2100 1834 2126 ’0
1858 2100 1908 2135 γὰρ

279 2147 327 2173 bat
343 2152 372 2173 se
391 2144 605 2180 Hierosolymam
627 2144 716 2179 primo
731 2143 808 2178 quasi
830 2143 930 2178 impetu
954 2147 982 2170 et
1007 2151 1067 2171 cum

1121 2144 1151 2177 ἐξ
1165 2144 1315 2180 ἐπιδρομῆς
1332 2144 1380 2172 καὶ
1409 2144 1534 2171 αὐτοϐοεὶ
1558 2144 1752 2180 προσδοκήσας
1776 2145 1847 2172 ἑλεῖν
1863 2147 1908 2180 τὴν

277 2192 395 2226 prinmnt
407 2191 561 2219 sustulisset
571 2190 730 2222 clamorem,
741 2193 893 2223 capturum,
908 2189 930 2216 is
941 2189 1067 2216 universo

1126 2190 1316 2226 Ἰερουσαλὴμ,
1335 2191 1425 2218 πᾶσαν
1441 2189 1534 2225 σχεδὸν
1543 2190 1591 2225 τὴν
1606 2190 1741 2225 στρατιὰν
1756 2190 1822 2218 ἄνευ
1834 2191 1906 2218 πολέ-

278 2237 337 2264 fere
358 2237 479 2264 exercitu
495 2236 598 2271 absque
612 2235 738 2264 conﬂictu
755 2235 840 2270 przelii
864 2235 974 2266 amisso,
1000 2242 1067 2270 prte-

1122 2244 1173 2272 μου
1193 2237 1239 2263 καὶ
1263 2237 1353 2272 μάχης
1377 2235 1540 2268 ἀποϐαλὼν,
1561 2235 1707 2271 ἀγαπητὸν
1730 2236 1855 2271 ἡγήσατο
1879 2237 1906 2262 τδ

281 2281 355 2308 clare
365 2288 456 2308 secum
465 2281 508 2315 agi
521 2280 642 2315 putabat,
654 2280 677 2307 si
690 2279 731 2307 vel
742 2279 814 2307 solus
825 2278 914 2306 salvus
928 2277 1065 2307 evaderet.

1121 2281 1284 2317 διασωθῆναι
1299 2282 1388 2317 μόνον.
1405 2281 1550 2317 Διαφυγὼν
1575 2281 1597 2307 δ’
1612 2281 1718 2314 οἴκαδε,
1736 2283 1791 2308 ὑπὸ
1807 2283 1859 2309 τῶν
1872 2284 1906 2309 οἰ-

281 2326 349 2353 Cum
368 2330 458 2353 autem
478 2326 587 2352 domum
607 2325 783 2360 profugisset,
801 2332 816 2352 a
836 2324 892 2352 suis
911 2323 1067 2352 domesticis

1121 2327 1202 2355 κείων
1216 2327 1335 2363 ἀνῃρέθη
1349 2327 1416 2363 (24),
1433 2328 1466 2354 ἵν’
1481 2327 1549 2363 ὀμοῦ
1571 2327 1619 2354 καὶ
1633 2327 1684 2363 τὴν
1705 2327 1812 2355 οἰκείαν
1831 2328 1904 2354 ἀσθέ-

278 2372 459 2405 interemptus
471 2375 523 2404 est,
541 2376 571 2398 ut
585 2371 666 2398 simul
680 2377 707 2399 et
719 2378 795 2398 suam
813 2375 973 2406 agnosceret
988 2370 1063 2398 iniir-

1121 2382 1193 2401 νειαν
1208 2373 1296 2410 γνοίη,
1309 2374 1357 2400 καὶ
1373 2373 1410 2409 μὴ
1422 2373 1548 2408 διαφύγοι
1565 2374 1615 2409 τὴν
1630 2373 1720 2409 δίκην.

276 2417 412 2449 mitatem,
437 2420 464 2444 et
479 2415 594 2449 justitiae
612 2417 709 2444 divina:
729 2416 992 2444 animadversionem
1010 2424 1064 2444 non

276 2462 418 2499 eiiugeret.

836 2520 952 2548 νΜιιιΕ
971 2519 1164 2548 LECTIONES
1182 2518 1226 2546 ET
1241 2518 1357 2546 NOTAE.

316 2592 371 2627 (91)
402 2589 464 2627 i’ost
475 2590 494 2616 ὁ
510 2588 558 2624 τὴν
572 2588 648 2627 a_ddi_t
665 2588 734 2627 idem
758 2589 908 2627 πανάρετον
925 2594 952 2616 et
969 2587 1062 2627 sequi-

279 2623 331 2659 tur,
350 2623 458 2660 σοφίαν,
475 2632 557 2660 agens
575 2625 608 2651 de
628 2623 819 2660 Ecclesiastico
834 2623 920 2660 'libror
932 2624 1063 2651 canonico

273 2667 359 2696 quem
373 2658 448 2692 alibi,
459 2658 662 2696 ut'notavimus,
675 2658 768 2690 ἁπλῶς
781 2664 807 2686 et
817 2660 875 2686 sine
889 2659 980 2686 addito
995 2666 1062 2685 παν-

275 2694 375 2731 ἆρετον
388 2699 534 2731 nuncupat.
552 2694 658 2731 Possm.

313 2731 368 2765 (22)
386 2728 557 2766 Ἀμαρτιῷν.
572 2729 690 2766 Videtur
697 2729 776 2766 sequi
796 2728 898 2766 debere
907 2728 1060 2766 γάντίδοτος,

277 2764 473 2802 νοίθεραπεία,
488 2765 530 2792 vel
547 2765 617 2800 quod
631 2765 720 2792 simile
739 2765 888 2799 epitheton,
907 2765 950 2791 hic
966 2764 992 2790 in
1008 2771 1060 2790 ius.

277 2801 416 2829 omissum.
436 2801 520 2828 itxr'r.

311 2836 368 2871 (25)
382 2836 436 2864 Nec
453 2836 517 2863 illud
529 2835 660 2862 minutum
680 2833 844 2871 neglexerint
861 2841 870 2860 :
886 2841 985 2861 nomen
1002 2833 1061 2867 ejus

278 2869 321 2900 cui
337 2869 393 2900 haec
406 2871 522 2907 epistola
544 2871 672 2899 scribitur
686 2870 713 2898 iu
729 2869 821 2898 ultima
836 2874 935 2904 praeter
957 2876 1059 2897 morem

1117 2586 1304 2650 grcumﬂectit
1328 2585 1389 2614 cod.
1421 2585 1510 2615 Vatic.
1546 2587 1599 2615 650
1630 2587 1758 2617 scribens
1798 2587 1899 2622 Ἀλευιῄ

1140 2630 1222 2650 OSSIN.

1140 2630 1222 2650 OSSIN.

1156 2658 1212 2693 (24)
1234 2655 1304 2684 Ὑπὸ
1326 2656 1523 2693 τῶν-οἰκείων
1541 2657 1685 2692 ἀνῃρέθη.
1709 2657 1898 2686 Sennacberib.

1118 2691 1166 2720 rex
1181 2693 1321 2727 Assyrius,
1334 2700 1366 2719 ex
1383 2691 1474 2719 Judwa
1490 2691 1604 2720 domum
1618 2701 1754 2725 reversus,
1771 2702 1786 2720 a
1803 2693 1901 2719 duobus

1117 2727 1180 2755 ﬁliis
1197 2729 1253 2762 suis
1267 2727 1415 2754 trucidatus
1428 2733 1469 2754 est
1480 2728 1505 2754 in
1522 2728 1620 2763 templo
1635 2729 1707 2762 quod
1722 2735 1783 2755 erat
1799 2727 1901 2758 Ninive,

1115 2764 1159 2790 ubi
1181 2763 1279 2790 idolum
1303 2770 1381 2789 suum
1398 2763 1586 2790 venerabatur.
1598 2763 1678 2790 -Vide
1695 2763 1793 2790 isaiam
1817 2768 1902 2790 extre-

1115 2806 1160 2860 ato
1186 2806 1246 2833 cap.
1271 2805 1375 2830 xxxvii.
1399 2802 1427 2826 et
1450 2799 1496 2826 lib.
1512 2797 1546 2826 iV
1573 2798 1659 2833 Reg.,
1678 2807 1693 2827 o
1723 2807 1772 2826 nx
1795 2799 1822 2826 in
1842 2799 1900 2825 tiae.

1141 2842 1196 2860 l'I'T.

1141 2842 1196 2861 l'l‘T.
