2049 3164
163 177 173 209 1
179 178 230 209 325

666 176 932 206 EPISTOLARUM
951 176 1023 206 LIB.
1044 178 1076 207 ν.
1093 191 1127 195 -
1142 178 1260 208 EI‘IST.
1282 179 1324 210 Il.

1729 177 1739 208 1
1745 178 1797 211 326

832 325 901 352 ΤΩΝ
922 324 991 352 ΤΟΥ
1010 324 1116 352 ΔΠοΥ

422 406 771 465 ΙΣΙΔΩΡΟΥ
808 406 958 464 ΤΟΥ
996 403 1544 468 ΠΗΔΟΥΣΙΩΤΟΥ

649 532 973 577 ΕΠΙΣΤΟΛΩΝ
1008 533 1230 576 ΒΙΒΛΙΟΝ
1266 529 1326 576 Ε’-

513 710 578 777 s.
640 711 937 776 ISIDORI
987 664 1453 778 PELUSIOTfE

762 840 1223 896 EPISTOLARUM

695 966 903 1010 LIBER
947 966 1274 1019 QUINTUS

562 1061 662 1088 Δηώ-αι
676 1060 775 1087 Schouo
787 1059 966 1092 Antuerpiensi,
977 1060 1036 1086 Soc.
1048 1060 1108 1086 Jesu
1118 1061 1271 1095 Presbytero,
1283 1062 1420 1095 interprete.

431 1223 472 1250 A’.
489 1237 522 1242 —
539 1220 702 1257 ANTIOXI).

1205 1221 1284 1257 553
1299 1221 1320 1249 ι.
1336 1236 1368 1241 -
1380 1220 1566 1249 ANTIOCHO.

504 1268 592 1296 Animi
606 1268 772 1303 corporisque
784 1268 930 1295 moderatio
946 1268 1045 1303 optima
1061 1267 1181 1304 (Similia
1194 1268 1240 1295 lib.
1255 1276 1286 1302 ιι,
1301 1269 1379 1303 epist.
1397 1268 1474 1303 2H.)

210 1326 316 1361 Ὥσπερ
343 1326 371 1352 ἐν
396 1325 452 1357 τοῖς
472 1324 598 1359 σώμασιν
620 1324 675 1351 ἀπὸ
691 1324 847 1358 πλεονεξίας
859 1324 887 1353 αἱ
901 1325 964 1357 δυσ-
979 1332 984 1346 Α

1054 1325 1087 1353 Ut
1099 1325 1125 1352 in
1135 1326 1261 1354 humanis
1270 1326 1431 1361 corporibus
1441 1334 1474 1355 ex
1482 1326 1627 1355 humorum
1638 1327 1805 1355 auundantia

172 1371 285 1407 κρασίαι
314 1370 452 1405 γίνονται·
482 1370 546 1397 ὅταν
572 1369 626 1405 γὰρ
650 1369 714 1402 τοὺς
740 1369 858 1402 οἰκείους
883 1370 963 1405 ὄρους

173 1418 277 1452 ἀφέντα
291 1417 326 1443 τὰ
347 1417 479 1451 στοιχεῖα,
495 1415 628 1451 ὑπερόρια
643 1415 753 1451 γίνηται
773 1415 822 1442 καὶ
837 1416 877 1447 είς
892 1416 963 1450 ἀμε-

172 1463 252 1498 τρίαν
268 1463 385 1499 ἐκπέσῃ,
402 1462 462 1488 τότε
480 1462 508 1487 αἰ
522 1461 594 1488 νόσοι
611 1461 659 1488 καὶ
673 1461 698 1488 οἱ
711 1461 824 1496 χαλεποὶ
845 1461 964 1496 ωμὸαί-

172 1517 248 1536 νουσι
261 1508 382 1535 θάνατοι·
395 1506 467 1534 οὕτω
479 1506 548 1543 κᾴπὶ
555 1505 609 1533 τῶν
621 1506 725 1542 ψυχῶν.
736 1507 768 1534 Εἰ
779 1506 834 1542 γὰρ
845 1506 900 1533 ἀπὸ
915 1506 963 1533 τοῦ

175 1554 314 1591 σώφρονος
330 1554 389 1590 βίου
415 1554 455 1586 εἰς
470 1553 555 1589 ὀργὴν
571 1552 809 1589 ἐκκυλισθιίημεν,
826 1553 873 1580 καὶ
888 1561 964 1580 τετυ-

174 1601 295 1637 φωμένοι
308 1601 356 1628 καὶ
372 1600 567 1636 δουλοπρεπεῖς
584 1600 728 1634 γινόμεθα,
745 1600 779 1626 δι’
795 1599 899 1626 ἐκείνου
915 1599 964 1635 μὲν

177 1648 303 1684 μισητοὶ,
328 1647 372 1675 διὰ
398 1649 495 1676 τούτου
523 1647 552 1674 δὲ
582 1646 780 1681 καταγέλαστοι
813 1647 963 1682 γινόμενοι.

181 1693 321 1726 Ἐναντίας
334 1694 389 1730 γὰρ
412 1693 512 1725 κακίας
536 1694 695 1729 κιρνῶντες,
710 1693 838 1720 ἀπόνοιαν
853 1701 883 1719 τε
895 1692 964 1728 ὁμοῦ

175 1740 224 1768 καὶ
238 1740 394 1773 κολακείαν,
410 1739 458 1767 καὶ
480 1739 559 1775 μίσος
576 1739 765 1776 κερδαίνομεν,
787 1739 835 1766 καὶ
860 1739 966 1773 γέλωτα

174 1786 385 1822 ὀφλισκάνομεν.
408 1785 478 1812 Ἀλλ’
500 1785 547 1812 ἐὰν
562 1785 611 1821 τὴν
626 1784 782 1818 πλεονεξίαν
799 1785 845 1811 τοῦ
863 1785 966 1816 πάθους

176 1832 381 1868 περικόψωμεν,
407 1831 455 1859 καὶ
485 1831 608 1858 ταπεινοὶ
640 1831 709 1866 μετὰ
736 1831 888 1866 ἀκριϐείας,
918 1831 966 1858 καὶ

177 1877 276 1913 ὑψηλοὶ
308 1877 377 1913 μετὰ
399 1877 552 1912 ἀσφαλείας
577 1877 703 1913 ἐσόμεθα.
732 1877 850 1913 Τοιαύτη
873 1876 926 1912 γὰρ
950 1878 966 1912 ἡ

177 1925 242 1959 παρ’
261 1923 325 1959 ἡμῖν
342 1923 497 1958 φιλοσοφία,
516 1923 751 1959 μετριοφροσύνην
767 1923 815 1949 καὶ
834 1923 901 1958 ὕψος
926 1924 966 1954 εἰς

1014 1371 1096 1399 variat
1122 1371 1258 1399 exsistunt
1288 1372 1480 1408 intemperies,
1503 1374 1585 1406 dum,
1608 1374 1803 1401 excedentibus

1014 1415 1082 1442 fines
1109 1421 1174 1443 suos
1198 1415 1353 1449 elementis,
1382 1417 1457 1444 nimii
1479 1417 1546 1444 ﬁunt
1565 1421 1592 1445 et
1618 1417 1805 1449 immoderati.

1013 1460 1085 1488 unde
1099 1461 1186 1488 morbi
1195 1465 1353 1494 nascuntur,
1365 1467 1392 1489 et
1401 1462 1514 1490 molesta
1526 1470 1598 1490 mors
1616 1463 1806 1498 subsequitur;

1014 1505 1084 1534 idem
1117 1510 1144 1533 et
1173 1507 1273 1533 animis
1305 1507 1416 1535 accidit.
1442 1507 1472 1534 Si
1494 1508 1565 1535 enim
1602 1516 1616 1535 a
1646 1509 1807 1543 temperanti

1015 1552 1174 1588 placidaque
1194 1557 1284 1580 mente
1304 1553 1331 1580 in
1355 1553 1503 1582 iracundiae
1527 1554 1646 1582 furorem
1672 1555 1733 1590 quis
1750 1563 1804 1583 una

1015 1600 1164 1635 praecipitet
1181 1600 1315 1635 typhoque
1325 1600 1418 1627 ardeat
1432 1601 1568 1636 superbiae
1576 1606 1656 1636 atque
1676 1602 1804 1629 servilem

1015 1646 1043 1673 in
1058 1646 1166 1673 modum
1179 1653 1239 1673 sese
1252 1649 1338 1681 gerat,
1351 1653 1383 1674 ex
1396 1645 1448 1673 illis
1459 1646 1567 1681 quidem
1580 1647 1699 1680 odiosus,
1710 1654 1742 1674 ex
1755 1647 1807 1674 hoc
1828 1672 1833 1677 ,

1017 1699 1080 1718 vero
1101 1691 1182 1719 etiam
1212 1691 1341 1718 ridiculus
1368 1691 1472 1719 evadet.
1499 1692 1566 1719 Mala
1596 1693 1667 1720 enim
1693 1693 1808 1720 invicem

1016 1737 1164 1772 pugnantia
1185 1737 1339 1769 miscendo,
1362 1737 1509 1765 amentiam
1526 1737 1635 1772 quidem
1648 1758 1655 1770 ,
1681 1742 1804 1766 assenta-

1018 1783 1118 1810 tionem
1137 1788 1165 1810 et
1185 1783 1276 1810 odium
1298 1783 1440 1818 acquirat,
1455 1787 1481 1811 et
1497 1783 1556 1811 aliis
1572 1784 1656 1811 risum
1677 1784 1806 1819 praebeat.

1016 1829 1052 1857 At
1073 1830 1095 1857 si
1113 1829 1285 1858 immodicam
1315 1835 1436 1857 motuum
1459 1830 1541 1858 animi
1566 1830 1734 1858 alfectionem
1762 1838 1808 1857 re-

1017 1883 1152 1908 secemus,
1169 1881 1197 1904 et
1217 1876 1323 1911 egregie
1347 1876 1461 1904 humiles
1494 1881 1520 1904 et
1542 1880 1598 1904 tuto
1623 1877 1722 1905 excelsi
1744 1877 1806 1904 red-

1018 1922 1122 1950 demur.
1141 1922 1205 1950 llaec
1226 1928 1267 1950 est
1284 1923 1357 1951 enim
1378 1928 1470 1951 nostra
1494 1923 1702 1958 philosophandi
1726 1924 1807 1956 ratio,

179 1970 244 2006 μίαν
269 1969 366 1996 συνείει
384 1969 440 2005 (25)
467 1969 575 2005 ψυχήν
600 1969 835 2005 μετριοφροσύνην
856 1969 915 2004 μὲν,
928 1970 967 2004 τῷ

1021 1973 1048 1994 ut
1073 1968 1232 1996 modestiam
1251 1975 1298 1996 seu
1320 1969 1525 2004 temperantiam
1547 1974 1573 1996 et
1601 1970 1808 2004 generositatem

178 2004 249 2043 κατὰ
278 2016 391 2052 μηδενὸς
420 2004 603 2051 ἐπαίρεσθαιο
638 2016 704 2051 ὕψος
733 2016 772 2048 δὲ,
800 2015 839 2050 τῷ
867 2016 969 2051 μηδένα

1021 2014 1065 2041 uni
1083 2014 1174 2041 animo
1188 2014 1353 2042 inseramus.
1366 2014 1525 2042 Modestiam
1541 2016 1661 2050 quidem,
1677 2021 1705 2042 ul
1726 2023 1808 2050 oppo-

181 2060 274 2094 ἀξιοῦν
287 2060 455 2089 κολακεύειν.

177 2161 214 2189 B’.
233 2177 267 2182 -—
278 2162 475 2192 EPMOI'ENEI
492 2162 553 2189 ΚΑΙ
571 2162 765 2197 ΛΑΜΠΕΤΙῼ,
783 2163 843 2189 ΚΑΙ
862 2162 968 2189 ΛΕΟΝ-

424 2198 480 2235 Tia
499 2196 720 2224 ΕΠιΣκοΠΟΙΣ.

1021 2068 1070 2088 nas
1083 2065 1110 2087 te
1124 2060 1240 2094 nemini;
1259 2061 1469 2095 generositatem
1487 2069 1567 2094 vero,
1589 2066 1618 2088 ut
1635 2061 1701 2089 nulli
1719 2068 1810 2090 assen-

1021 2107 1129 2134 tandum
1141 2114 1201 2135 esse
1213 2107 1363 2136 existimes.

1127 2163 1160 2190 ll.
1172 2179 1204 2186 -›
1219 2163 1433 2193 llERMOGENl,
1448 2162 1623 2190 LAMPETIO
1634 2183 1641 2196 ,
1659 2163 1703 2190 ET

1229 2198 1390 2231 LEONTIO,
1405 2197 1597 2226 El’lSCOl’lS.

604 2251 658 2279 Pro
674 2252 799 2287 improbis
815 2251 955 2279 orandum.
979 2252 1044 2280 Vide
1058 2254 1108 2288 inf.
1127 2254 1204 2288 epist.
1222 2253 1273 2281 105
1285 2259 1308 2281 et
1320 2254 1383 2282 440.

212 2310 244 2336 Εἰ
257 2309 382 2346 καὶπρὸς
394 2307 529 2344 Ζώσιμον,
543 2307 590 2334 κα)⁸
602 2307 761 2339 Εὑστάῦιον,
775 2307 822 2334 καὶ
834 2307 967 2343 Μάρωνα,

176 2356 276 2392 ἄνδρας
293 2355 362 2391 μήτε
378 2363 404 2381 τι
420 2353 536 2390 χρηστὸν
551 2352 657 2379 οἴκοθεν
681 2353 877 2387 κεκτημένους,
897 2353 967 2388 μήτε

175 2403 225 2437 τὴν
247 2401 301 2428 ἀπὸ
319 2401 375 2428 τῶν
400 2399 571 2436 πραγμάτων
594 2398 757 2434 δεχομένους
780 2398 966 2431 διδασκαλίαν,

178 2449 248 2484 μήτε
263 2448 312 2484 τὴν
325 2446 403 2482 παρὰ
416 2446 469 2473 τῶν
485 2446 572 2473 ἄλλων
587 2444 743 2480 συμϐουλὴν
759 2445 966 2480 προσιεμένους,

175 2494 233 2522 ἀλλ’
264 2495 305 2526 είς
339 2492 555 2529 ὡμολογημένην
583 2492 721 2519 ἀπώλειαν
751 2492 967 2523 ἐκπεπτωκότας

177 2540 316 2575 πάρελκόν
332 2540 400 2572 ἐστι,
416 2539 536 2574 κρίνετε,
553 2537 617 2573 περὶ
632 2537 687 2564 τῶν
699 2537 893 2573 προσηκόντων
906 2537 966 2564 δια-

175 2585 320 2620 λέγεσθαι·
339 2585 442 2619 mm
466 2584 565 2610 δίκαιοι
591 2584 624 2610 ἂν
640 2584 715 2618 εἴητε
736 2584 828 2619 εὐχαῖς
854 2583 922 2618 πρὸς
937 2583 967 2609 τὸ

1054 2310 1110 2338 Etsi
1128 2311 1160 2338 ad
1176 2310 1323 2344 Zosimum,
1337 2315 1363 2338 et
1385 2310 1569 2345 Eustathium,
1597 2316 1625 2339 et
1653 2311 1802 2345 Maronem,

1018 2357 1095 2385 viros
1117 2365 1205 2393 neque
1223 2364 1256 2385 ex
1278 2364 1338 2385 sese
1357 2357 1505 2392 quidquam
1528 2358 1685 2392 sapientes,
1710 2366 1760 2387 nec
1777 2367 1810 2387 ex

1019 2409 1110 2429 rerum
1139 2402 1306 2437 experientia
1342 2402 1532 2437 proficientes,
1567 2411 1656 2438 neque
1695 2404 1809 2432 aliorum

1018 2446 1127 2481 quidem
1147 2447 1268 2475 consiliis
1285 2447 1504 2482 acquiescentcs,
1527 2446 1608 2484 5Ξῖιά¹
1624 2448 1670 2475 sed
1686 2448 1711 2475 in
1730 2456 1809 2483 aper-

1019 2497 1074 2520 tum
1104 2493 1245 2528 prolapsos
1277 2493 1443 2525 interitum,
1467 2493 1499 2521 de
1527 2494 1609 2520 rebus
1645 2494 1808 2521 necessariis

1016 2538 1099 2564 verba
1125 2537 1214 2565 facere
1236 2538 1406 2573 superﬂuum
1429 2538 1628 2573 essejudicetis
1643 2547 1650 2565 ε
1668 2538 1806 2565 nihilomi-

1017 2592 1067 2611 nus
1082 2591 1189 2619 mquum
1208 2584 1288 2612 fuerit
1308 2593 1402 2620 preces
1416 2585 1451 2612 ad
1467 2585 1549 2612 Deum
1567 2593 1615 2619 pro
1630 2584 1663 2612 iis
1683 2585 1804 2611 fundere.

176 2631 248 2658 θεῖον
271 2630 427 2666 χρήσασθαι
452 2630 533 2665 τάχα,
554 2629 613 2660 πῶς
636 2629 735 2660 αὐτοὺς
762 2630 795 2655 ὲκ
819 2629 867 2655 τοῦ
882 2627 984 2666 βυθοῦ1

1018 2630 1099 2658 Ferte
1122 2638 1170 2659 eos
1192 2638 1207 2658 e
1233 2632 1364 2659 barathro
1389 2631 1496 2658 malitia:
1521 2631 1560 2659 sic
1580 2631 1738 2659 extrahetis.
1760 2630 1805 2657 Dei

174 2676 223 2711 τῆς
239 2677 340 2709 κακίας
359 2677 511 2712 ἀνιμήσητε
521 2682 529 2690 ·
554 2674 625 2703 θεῖον
639 2675 692 2711 γάρ
707 2675 780 2701 ἐστιν
795 2674 832 2706 ὡς
847 2674 918 2701 ἔοικε
935 2675 964 2701 τὸ

175 2721 256 2759 ἔργον

1019 2677 1091 2704 enim
1106 2685 1187 2705 omne
1210 2677 1236 2705 id
1254 2685 1322 2712 opus
1332 2685 1391 2706 esse
1405 2681 1522 2706 constat.

738 2807 856 2836 VARIAS
878 2807 1023 2836 LECTION
1029 2808 1068 2836 ES
1088 2808 1131 2835 ET
1142 2808 1267 2837 ’NOTIE.

211 2889 268 2925 (25)
292 2888 346 2917 Pro
371 2888 470 2917 συνείει
496 2887 556 2916 cod.
583 2887 642 2915 Vat.
671 2886 722 2915 650
747 2886 811 2922 legit
838 2886 956 2922 συνάγει.
976 2871 1100 2915 Possm.‘
