2049 3164
284 168 351 202 1327
860 163 891 193 S.
911 162 1059 193 ISIDORI
1078 163 1298 194 PELUSIOT/E
1854 169 1920 204 I328

555 222 598 250 111.
609 237 643 242 -
654 220 779 249 PAULO.

1411 220 1448 248 ιν.
1460 237 1494 243 -
1507 222 1633 259 nano.

547 269 586 297 De
600 276 688 296 rerum
701 269 877 296 Immauarum
895 268 1031 296 uanitate.
1054 267 1154 302 Confer
1166 267 1217 302 inf.
1230 275 1271 302 ep.
1288 267 1338 295 271
1360 273 1384 295 et
1397 269 1474 303 epist.
1486 269 1536 297 25|
1554 270 1599 297 lib.
1616 278 1657 298 ιιι.

319 328 348 356 δέ
365 326 467 356 divitim
481 330 509 354 et
533 325 706 362 pulchritudo
729 333 761 354 ac
782 325 882 358 robur,
907 325 993 362 gloria
1007 326 1073 353 item
1089 318 1112 346 Α

1161 324 1194 351 Ei
1216 324 1231 350 ὁ
1247 324 1373 358 πλοῦτος,
1388 325 1437 352 καὶ
1458 326 1489 352 τὸ
1503 326 1613 359 κάλλος,
1631 326 1680 353 καὶ
1692 327 1709 362 ἡ
1724 326 1817 364 ῥώμη,
1833 329 1882 356 καὶ
1901 331 1933 367 ἡ·

282 381 314 401 ac
332 373 465 408 polentia,
480 372 627 407 omniaque
640 373 708 400 adeo
723 371 835 407 pulchra
847 371 1001 399 existimata
1019 371 1074 398 cito

1126 369 1202 402 δόξα,
1220 370 1268 397 καὶ
1290 371 1306 406 ἡ
1320 371 1478 406 δυναστεία,
1494 372 1541 400 καὶ
1556 373 1645 400 πάντα
1659 373 1694 400 τὰ
1706 373 1837 402 δοκοῦντα
1850 373 1917 403 εἷναι

282 422 473 450 marcescunt,
499 422 527 446 et
555 417 621 445 fumi
651 417 678 445 in
701 425 804 445 morem
830 417 989 452 disparem;
1011 416 1074 455 quis

1126 415 1210 448 καλὰ,
1233 415 1330 444 θᾶττον
1357 417 1529 452 μαραίνεται,
1555 419 1604 446 καὶ
1626 420 1732 446 καπνοῦ
1751 420 1838 456 ’δίκην
1861 421 1919 449 δια-

282 471 336 492 tam
359 466 458 492 mentis
483 463 578 499 inops,
595 468 625 491 ut
645 463 671 491 in
696 463 792 492 horum
816 463 907 498 aliquo
929 463 1071 499 glorietur,

1125 461 1237 490 λύεται·
1263 463 1307 495 τίς
1330 459 1409 496 οὗτος
1429 464 1553 500 ἀνόητος,
1581 464 1618 497 ὡς
1633 465 1676 500 ἐφ’
1694 466 1735 492 ἑνὶ
1756 466 1810 493 τῶν
1841 467 1918 503 εἰρη-

280 518 365 546 seque
389 510 498 546 iactet?
518 510 565 538 His
585 510 658 538 enim
688 509 816 537 omnibus
836 508 969 544 spoliatur
990 515 1073 544 atque

1127 508 1216 544 μένων
1245 509 1442 545 ἑναὸρύνεσθαι
1470 511 1519 537 καὶ
1551 511 1622 547 μέγα
1639 513 1764 548 φρονείν;
1794 513 1848 540 Τοῦ
1863 514 1916 550 γὰρ

279 558 389 585 exuitur
401 557 538 585 interdum
549 556 632 584 etiam
641 556 727 589 vivus,
737 555 848 584 omnino
856 563 922 583 vero
935 559 1069 583 mortuus.

1125 554 1214 580 πάντα
1227 553 1295 590 ὁμοῦ
1315 554 1391 581 ταῦτ’
1413 555 1521 591 ἔχοντος
1543 558 1731 593 γυμνουμένου
1749 559 1797 585 καὶ
1811 560 1914 595 ἐρήμου

280 603 330 637 Qui
355 610 420 631 vero
446 603 527 631 simul
557 602 647 630 omnia
680 609 732 629 non
758 601 856 629 habeat
880 600 979 637 (neque
997 601 1071 628 enim

1124 601 1301 636 γιγνομένου,
1319 600 1376 628 ἔσθ’
1393 601 1439 628 ὅτε
1463 601 1514 636 μὲν
1541 603 1589 629 καὶ
1611 603 1712 636 ζῶντος
1737 604 1848 636 πάντως
1870 605 1915 632 καὶ

280 655 377 677 cuncta
401 650 446 677 uni
468 648 598 677 obveuire
618 647 763 683 possunt),
787 645 923 681 quomodo
945 653 999 674 non
1024 651 1071 674 aut

1124 645 1274 678 τεθνεῶτος
1284 655 1291 662 ·
1307 648 1321 674 ὁ
1339 647 1377 684 μὴ
1392 648 1481 675 πάντα
1495 647 1564 683 ἔχων
1576 648 1644 684 ὁμοῦ
1662 649 1741 685 (οὐδὲ
1754 650 1810 687 γὰρ
1827 650 1915 678 πάντα

279 695 364 722 risum
387 694 548 722 mortalibus
567 693 696 721 exhibeat
720 692 862 720 venditans
886 699 917 721 se
948 692 1068 725 umbris,

1124 690 1182 720 οἷόν
1194 702 1224 720 τε
1236 693 1375 721 συνελθεῖν
1388 694 1446 730 (εδ)
1461 695 1520 727 πῶς
1528 695 1559 722 οὐ
1571 695 1676 730 γέλωτα
1687 697 1802 733 ὀφλήσει
1818 707 1916 734 σεμνυ-

279 741 393 769 somniis
408 745 489 776 atque
505 739 630 768 obscuris
644 739 710 767 visis
721 739 734 766 ?

1123 739 1236 775 νόμενος
1249 740 1296 767 ἐπὶ
1311 742 1403 774 σκιαῖς
1415 741 1464 769 καὶ
1473 741 1594 777 ὀνείρασι
1607 743 1655 769 καὶ
1668 743 1837 780 ἀτρανώτοις
1849 754 1915 780 φαν-

1122 785 1229 817 τασίαις
1239 794 1246 819 ;

431 841 477 869 ιν.
492 856 526 862 -
543 839 671 868 ZOSIMO
686 837 929 868 PRESBYTERO.

1266 843 1302 870 Δ’.
1324 857 1360 864 ——
1377 843 1504 879 ΖΩΣΙΜῼ
1530 843 1769 880 ΠΡΕΣΒΥΤΕΡῼ.
1785 864 1787 868 ι

720 896 913 924 Concionanles
929 896 988 931 plus
1005 898 1122 932 exemplo
1140 907 1220 934 quam
1235 899 1311 928 verba
1326 901 1472 935 wdiﬁcant.

313 955 533 984 Persuadendum
545 974 553 988 ,
573 954 643 982 bone
659 953 710 987 vir,
727 951 855 988 operibus
876 959 937 980 esse
960 959 1073 986 regnum
1090 948 1112 976 Β

1104 949 1112 975 ι
1161 954 1234 990 Χρὴ,
1254 951 1277 983 ὦ
1299 955 1433 990 βέλτιστε,
1465 957 1558 984 πεῖσαι
1581 957 1625 984 διά
1651 958 1825 993 πραγμάτων
1850 961 1913 993 τοὺς

277 1002 336 1035 Dei,
352 1001 411 1036 ejus
423 1001 505 1029 etiam
524 1000 689 1028 desiderium
713 999 886 1027 audientibus
906 999 1068 1034 ingeneran-

1121 1000 1280 1034 ἀκούοντας,
1295 1001 1337 1028 ὅτι
1354 1002 1412 1028 ἐστὶ
1430 1001 1554 1037 βασιλεία
1569 1003 1704 1039 οὐρανῶν,
1728 1005 1776 1032 καὶ
1801 1006 1843 1038 εις
1864 1007 1913 1042 τὴν

274 1046 351 1074 dum.
368 1045 569 1074 Persuadentur
582 1049 688 1078 autem,
708 1044 747 1077 si,
761 1051 822 1079 qua:
834 1050 917 1079 regno
934 1043 1067 1071 caelorum

1121 1047 1272 1082 ἐπιθυμίαν
1299 1047 1385 1083 αὐτῆς
1406 1048 1505 1084 τρέψαι
1529 1049 1593 1082 τοὺς
1618 1051 1824 1087 ἀκροωμένους.
1849 1053 1913 1079 Ile!-

275 1092 357 1127 digna
376 1096 451 1125 sunt,
467 1091 506 1119 illi
525 1091 667 1118 docentem
686 1096 766 1126 agere
780 1089 935 1117 observent.
953 1087 983 1116 Si
1001 1096 1068 1117 vero

1123 1091 1214 1120 θονται
1233 1092 1262 1119 δὲ
1277 1093 1302 1120 οἱ
1325 1093 1481 1127 ἀκούοντες,
1500 1095 1570 1122 λῦταν
1586 1094 1726 1130 βασιλείας
1743 1097 1807 1129 ἀξια
1828 1098 1913 1133 πράτ-

277 1137 412 1173 supplicio
424 1137 515 1172 digna,
531 1140 561 1164 ut
573 1141 600 1164 tu
612 1135 694 1169 soles,
705 1135 879 1163 committens
892 1134 1067 1170 philosophe-

1120 1146 1202 1165 τοντα
1222 1138 1268 1164 τὸν
1289 1138 1449 1166 διδάσκαλον
1465 1139 1552 1167 ἴδωσι.
1579 1140 1612 1167 El
1631 1140 1660 1166 δὲ
1686 1141 1825 1174 κολάσεως
1851 1142 1911 1175 ἄξια

276 1189 336 1217 tur,
355 1183 420 1219 qui,
438 1190 549 1218 quaeso,
575 1182 647 1217 apud
668 1181 807 1210 auditores
827 1180 908 1209 ﬁdem
928 1180 1069 1208 inveniat?

1120 1183 1215 1220 ὥσπερ
1236 1184 1268 1211 σὺ
1283 1185 1411 1220 πράττων
1428 1186 1492 1221 περὶ
1507 1185 1646 1221 βασιλείας
1667 1186 1838 1223 φιλοσοφοίη,
1855 1187 1911 1219 πῶς

275 1231 348 1259 Idem
372 1231 445 1258 enim
471 1230 547 1264 facit,
565 1234 646 1264 atque
669 1228 693 1257 si
713 1228 774 1264 quis
799 1234 858 1256 rem
886 1227 1017 1255 adamare
1037 1234 1068 1255 se

1120 1230 1211 1256 πείσει
1233 1229 1297 1262 τοὺς
1312 1230 1470 1265 ἀκροατάςς
1487 1230 1591 1258 Ταυτὸν
1606 1231 1659 1266 γάρ
1674 1233 1757 1265 ποιεῖ,
1774 1231 1812 1264 ὡς
1825 1232 1858 1258 ἀν
1872 1240 1910 1264 τις

274 1276 491 1305 auscultantibus
514 1276 688 1312 persuadeat,
709 1281 791 1310 quam
813 1274 840 1302 in
855 1268 948 1301 rerum
961 1277 1060 1301 natura

1120 1276 1285 1312 πράγματος
1305 1277 1371 1311 ὲρᾷν
1386 1276 1476 1302 πείθοι
1489 1276 1552 1308 τοὺς
1570 1276 1734 1309 πεισθέντας
1748 1277 1815 1312 παρ’
1830 1275 1909 1304 αὐτοῦ

274 1331 327 1353 non
338 1330 400 1352 esse
415 1323 539 1352 credant.

1120 1322 1267 1358 πρότερον,
1281 1322 1321 1349 ὅτι
1333 1321 1413 1348 τοῦτο
1427 1322 1476 1357 οὐχ
1492 1322 1654 1358 ὑφέστηκεν.

479 1379 512 1407 V.
529 1395 564 1401 —
575 1377 718 1407 DOMITIO
729 1377 861 1407 COMlTl.

1304 1378 1343 1406 E'.
1360 1394 1394 1398 —
1412 1378 1565 1415 ΔΟΜΗΤΙῼ
1580 1379 1727 1408 KOMHTI.

885 1434 1019 1471 Martyres
1036 1436 1173 1464 moriendo
1188 1437 1304 1464 vincunt.

307 1493 424 1521 Inferior
434 1496 486 1526 est,
508 1498 525 1520 ο
540 1491 753 1526 sapientissime,
767 1497 820 1518 non
831 1490 858 1518 in
869 1490 940 1519 bello
955 1490 1065 1524 cadens,

1156 1488 1247 1519 τΗττά
1270 1492 1355 1525 ἐστιν,
1372 1489 1395 1520 ὦ
1411 1491 1561 1527 σοφώτατε,
1576 1492 1606 1520 οὐ
1622 1493 1651 1520 τὸ
1675 1492 1803 1521 τεθνάναι
1822 1493 1852 1522 ἐν
1866 1503 1910 1522 π»-

273 1540 322 1568 sed
339 1541 434 1568 hostes
456 1539 556 1566 timens
570 1545 602 1565 ac
617 1537 741 1573 clypeum
760 1537 877 1573 iaciens.
899 1535 985 1570 Quem
1001 1544 1067 1565 vero

1121 1538 1208 1574 λὲμῳ,
1225 1539 1294 1566 ἀλλά
1311 1539 1342 1566 τὺ
1355 1539 1441 1566 δεῖσαι
1453 1540 1517 1572 τοὺς
1531 1540 1690 1576 πολεμίους,
1706 1541 1754 1567 καὶ
1769 1541 1848 1576 ῥῖψαι
1862 1542 1910 1578 τὴν

272 1586 336 1613 forti
352 1585 445 1612 animo
461 1583 639 1611 meditantem
653 1589 753 1618 corpus
770 1582 905 1616 destituit,
920 1589 982 1611 eum
995 1583 1067 1611 inter

1120 1583 1224 1612 ἀσπίδα
1235 1591 1242 1599 ·
1265 1584 1294 1611 ὃν
1316 1584 1345 1612 δὲ
1361 1585 1475 1612 ἐπέλιπε
1489 1585 1520 1612 τὸ
1538 1585 1618 1621 σῶμα
1630 1586 1680 1622 τῆς
1694 1587 1839 1622 ἀριστείας
1853 1588 1911 1614 ἑπι-

273 1629 389 1656 victores
422 1627 523 1655 ascribi
555 1627 600 1655 lex
631 1631 694 1661 est,
730 1634 793 1655 cum
820 1630 849 1655 et
877 1634 925 1655 eos
949 1627 1082 1667 athletas,

1121 1630 1261 1666 θυμοῦντα
1285 1631 1315 1658 ὲν
1334 1633 1391 1663 τοῖς
1417 1631 1609 1667 τροπαιούχοις
1634 1632 1911 1668 ἀναγράφεσθαι,νό-

273 1675 422 1704 certamine
441 1675 639 1703 occumbentes
660 1674 750 1710 magis
770 1674 920 1710 praedicent
933 1675 1061 1703 ludorum

1119 1684 1186 1712 μος·
1208 1677 1270 1703 ἐπεὶ
1290 1677 1337 1704 καὶ
1363 1676 1417 1703 τῶν
1441 1677 1565 1711 ἀθλητῶν
1589 1677 1653 1710 τοὺς
1674 1679 1704 1704 ὲν
1719 1679 1791 1714 αὐτῇ
1809 1678 1909 1705 ἀποθα-

271 1721 406 1757 praefecti,
424 1729 505 1757 quam
517 1722 617 1757 quibus
641 1721 710 1749 nihil
736 1722 846 1750 accidit.
861 1721 927 1755 Quae
942 1729 1003 1749 cum
1025 1721 1063 1750 ita

1117 1721 1213 1754 νόντας
1237 1722 1320 1757 πάλῃ,
1336 1721 1392 1757 (27)
1412 1722 1514 1758 μᾶλλον
1532 1723 1650 1757 τιμῶσιν
1667 1723 1692 1749 οἱ
1720 1723 1786 1755 τοὺς
1803 1723 1909 1757 ἀγῶνας

272 1768 343 1802 sint,
360 1775 414 1796 cur
426 1773 506 1804 putas
519 1772 653 1803 martyres
667 1767 807 1796 moriendo
818 1767 958 1803 superari,
971 1771 998 1796 et
1008 1775 1064 1795 non

1116 1767 1227 1800 τούτους
1240 1768 1377 1800 διαθέντες
1393 1768 1448 1795 τῶν
1466 1768 1505 1804 μὴ
1519 1769 1598 1796 τοῦτο
1611 1769 1765 1798 παθόντων.
1781 1771 1813 1797 ει
1823 1770 1907 1798 τοίνυν

272 1814 362 1849 potius
377 1814 513 1850 pmconio
527 1814 623 1849 dignos
639 1813 754 1842 censes?
777 1813 862 1849 Hujus
877 1814 949 1842 enim
962 1820 1063 1849 pugnae

1115 1813 1193 1840 ταῦθ’
1207 1814 1295 1846 οὕτως
1315 1814 1382 1850 ἔχει,
1403 1815 1438 1842 δι’
1453 1815 1486 1850 ἢν
1508 1816 1598 1842 αἰτίαν
1617 1815 1741 1852 νομίζεις
1756 1817 1823 1848 τοὺς
1837 1817 1904 1852 μάρ-

273 1859 334 1887 [inis
355 1864 413 1893 ost,
436 1867 488 1887 non
505 1864 558 1887 tam
578 1860 663 1887 vitam
686 1866 797 1888 servare
820 1866 974 1895 corpusque
995 1859 1065 1887 tueri

1114 1869 1203 1896 τυρας
1217 1861 1256 1896 τῷ
1268 1860 1394 1888 τεθνάναι
1420 1861 1552 1896 ἡττᾶσθαι
1569 1861 1638 1898 (28),
1652 1862 1700 1889 καὶ
1716 1863 1755 1898 μὴ
1772 1863 1817 1890 διά
1833 1863 1905 1890 τοῦτο

273 1906 347 1940 (cum
360 1906 496 1938 etvivus,
518 1906 565 1940 qui
590 1905 705 1940 patitur,
725 1904 880 1940 occumbat)
903 1912 985 1940 quam
1007 1912 1061 1932 non

1117 1905 1219 1941 μᾶλλον
1243 1907 1461 1943 ἀνακηρύττεις;
1488 1907 1572 1939 Τέλος
1596 1909 1651 1943 γάρ
1671 1908 1729 1935 ἔστι
1752 1909 1806 1944 τῆς
1822 1909 1903 1945 μάχης

274 1952 402 1980 amittere
415 1952 522 1980 virtutis
536 1953 630 1981 decus.

1114 1951 1218 1988 ταύτης
1232 1952 1263 1979 οὐ
1287 1952 1316 1978 τὸ
1332 1952 1412 1988 σῶμα
1429 1952 1460 1988 (ὁ
1483 1952 1531 1980 καὶ
1547 1952 1643 1980 δοκοῦν
1659 1953 1712 1989 ζῇν
1731 1953 1903 1990 ὲνέκρωσαν)

552 1993 558 1997 ’
720 2011 723 2014 ν
1117 1995 1187 2024 ἀλλά
1200 1995 1231 2023 τὸ
1244 1995 1282 2032 μὴ
1299 1996 1455 2032 διαφθεῖραι
1468 1996 1498 2023 τὸ
1511 1997 1561 2032 τῆς
1578 1997 1678 2033 ἀρετῆς
1694 1997 1785 2033 κλέος,

519 2054 571 2082 <Ἶ1.
585 2069 617 2074 -
633 2054 812 2084 PALLADIO.
1277 2053 1323 2086 ς’.

1277 2053 1323 2086 (τ’.
1343 2065 1380 2072 -
1398 2052 1570 2088 ΠΛΔΛΔΔΙῼ
1587 2053 1748 2089 ΔΙΔΚΟΝῼ.
1770 2055 1777 2067 ‘

889 2113 923 2141 In
935 2113 1112 2149 episcopatum
1127 2112 1294 2140 ambientem.

360 2189 454 2234 .Reque
478 2181 639 2218 ⁸¹³Ῐ⁸⁹⁰Ρ⁴¹¹ί³
663 2182 804 2218 δίεηίιδει
840 2190 928 2218 neque
949 2183 1060 2218 dignum
1081 2205 1104 2234 D

1098 2209 1104 2232 ’
1154 2179 1186 2206 El
1201 2179 1264 2206 οὕτε
1278 2179 1329 2214 τῆς
1344 2179 1497 2215 ἐπισκοπῆς
1510 2181 1540 2207 τὸ
1559 2181 1684 2216 μέγεθος,
1700 2180 1764 2208 οὔτε
1781 2181 1812 2208 τὸ
1828 2181 1907 2217 μηδὲν

271 2227 337 2262 quid
359 2228 403 2268 illa
428 2235 443 2255 a
462 2232 489 2256 te
513 2229 682 2261 coniectum,
699 2236 731 2256 ac
754 2237 788 2257 ne
811 2229 961 2264 apostolica
981 2229 1063 2264 555

1098 2224 1195 2258 ’ἄξιον
1220 2226 1307 2261 αὐτῆς
1338 2225 1570 2262 διαπράττεσθαι,
1603 2226 1666 2254 οὔτε
1697 2228 1714 2263 ἠ
1743 2228 1907 2262 ἀποστολικὴ

273 2272 383 2306 quidem
406 2279 457 2300 vox
475 2273 596 2308 episcopi
618 2273 777 2301 describens
799 2273 918 2301 cilicium
941 2283 949 2302 :
975 2281 1063 2309 neque

1117 2271 1226 2306 γλῶττα
1241 2273 1258 2307 ἡ
1277 2271 1324 2298 τὸν
1347 2272 1497 2299 ἐπίσκοπον
1509 2273 1603 2299 ὁποῖον
1622 2271 1694 2300 εἶναι
1719 2274 1774 2309 χρὴ
1798 2273 1908 2300 διαπλά-

273 2317 320 2344 Dci
343 2322 529 2353 mcorruptum
548 2319 686 2352 tribunal,
713 2326 767 2354 quo
794 2323 868 2347 certa
896 2320 1064 2355 deﬁnitaque

1118 2325 1206 2344 σασα·
1230 2317 1292 2344 οὔτε
1318 2317 1349 2344 τὸ
1374 2318 1526 2345 ἀδέκαστον
1548 2318 1723 2354 δικαστήριον
1747 2319 1779 2346 τὸ
1801 2321 1907 2354 ἀπαρα-

263 2363 376 2391 ‘l‘eretur
391 2363 540 2397 sententia,
553 2371 602 2392 nec
615 2364 732 2399 denique
749 2364 822 2393 aliud
835 2365 901 2400 quid
919 2365 954 2393 ab
972 2366 1022 2393 hac
1037 2371 1064 2394 te

1118 2362 1244 2397 λόγιστον
1263 2363 1313 2398 τὴν
1327 2362 1418 2398 ψῆφον
1435 2361 1519 2397 οἷσον,
1533 2363 1595 2390 οὔτε
1614 2363 1678 2390 ἀλλο
1692 2363 1772 2391 οὐδὲν
1792 2364 1842 2400 τῆς
1860 2372 1908 2399 μα-

273 2408 392 2435 amentia
411 2413 538 2442 revocat;
565 2409 629 2444 quid
648 2410 739 2444 inepto
765 2415 793 2438 et
816 2417 832 2438 a
861 2411 968 2438 ratione
989 2411 1063 2438 omni

1119 2409 1179 2441 νίας
1209 2417 1239 2435 σε
1267 2408 1370 2444 ταύτης
1398 2409 1538 2446 ἀπείργει,
1564 2410 1598 2436 δι’
1614 2407 1649 2445 ἧς
1673 2409 1727 2436 ὑπὸ
1754 2410 1906 2445 παραλόγου

273 2453 438 2481 abhorrente
463 2453 600 2480 desiderio
633 2453 792 2489 dignitatem
827 2460 1009 2483 mercaturam
1039 2460 1064 2484 te

1154 2455 1271 2490 ειθυμίας
1281 2455 1478 2490 ὲκὸακχευθεὶς
1491 2456 1541 2492 τὴν
1554 2456 1633 2489 ἀξίαν
1645 2455 1816 2492 ὲξαγοράσαι
1831 2463 1909 2491 προσ·
1961 2487 1963 2489 ι

273 2498 386 2534 speras?
397 2497 501 2525 Saltem
515 2497 620 2525 externi
631 2505 679 2525 seu
692 2499 791 2533 pagani
807 2500 926 2528 hominis
938 2501 1063 2536 exemplo

1118 2501 1211 2537 δοκᾷς,
1231 2501 1284 2529 κᾶν
1305 2501 1357 2528 ὑπὸ
1373 2502 1428 2529 τῶν
1441 2501 1542 2535 ἔξωθεν
1563 2502 1755 2538 δυσωπήθητι.
1776 2503 1845 2529 Φασὶ
1857 2500 1908 2535 γὰρ

272 2545 377 2579 pudore
390 2543 568 2572 suﬂundaris.
590 2543 695 2572 Ferunt
706 2545 779 2572 enim
798 2545 935 2574 Pittacum
953 2552 1063 2582 accepta

1118 2547 1157 2579 ὦς
1178 2547 1316 2580 Πιττακὸς
1338 2547 1430 2576 λαὸὼν
1447 2548 1496 2584 τὴν
1508 2548 1596 2585 ἀρχὴν
1612 2548 1689 2585 παρὰ
1705 2547 1908 2584 Μιτυληναίων,

830 2633 949 2663 VARle
969 2634 1160 2664 LECTIONES
1179 2635 1225 2664 ET
1239 2635 1356 2665 N015.

310 2728 366 2772 (εδ)
383 2727 522 2772 (titius?
542 2727 634 2772 ῖέινξε
655 2724 1065 2772 ελῖάνῑξ-ιῖυνξὶελετι-ἐξριπςτῖςε

926 2726 1065 2772 ίξςξιπςτίςει
1155 2728 1212 2772 ςὲἒέ
1230 2727 1390 2772 Mler?“
1410 2726 1735 2772 i99!¥'.£°‘.‘;£'?PE‘F}ﬂ'

275 2762 437 2805 γνώμη-εει
542 2770 569 2790 ιν
594 2762 690 2805 ΠΨ..
715 2769 786 2805 vers.
804 2762 914 2805 §3Q,no_2t
936 2763 984 2790 lib.
1002 2771 1063 2798 xm,
1155 2762 1212 2805 (28)
1237 2762 1395 2805 Ἠττᾷσθαὶζ
1410 2763 1514 2805 _Scri_bit
1523 2763 1610 2804 .idem.
1625 2762 1916 2805 ηττῇσθαιὶ-ει-νεςξ.

277 2794 348 2827 vers.
363 2794 427 2832 729,
442 2803 470 2826 et
485 2798 608 2833 Odyssea:
623 2798 670 2826 lib.
684 2805 743 2831 Vlll,
757 2804 830 2825 vers.
851 2796 923 2825 {67:
1055 2794 1062 2798 ⁷
1120 2794 1211 2835 ξιιὶερζ
1229 2806 1274 2835 ep.
1301 2799 1375 2828 inter
1392 2798 1423 2825 τὺ
1451 2803 1480 2827 et
1502 2797 1583 2833 σῶμα
1603 2794 1742 2825 interserit
1766 2795 1852 2823 σῶσαι
1873 2794 1919 2822 τό.

314 2855 466 2896 ρμῧτίιιςιοὺ
478 2857 627 2896 πάντεσσι
646 2854 706 2884 θεοὶ
721 2853 862 2890 χαρίεντα
876 2853 1015 2896 ξιδοῦσιι·
1121 2833 1226 2863 Possm

317 2888 484 2926 Ἀνδρᾶσιν.
559 2893 572 2896 ’“
721 2888 738 2890 ’ί
761 2888 765 2889 ⁷
876 2888 995 2917 Scnorr.
