2049 3164
151 182 220 217 1329

628 183 896 214 EPISTULARUM
916 184 989 215 LIB.
1010 185 1043 215 V.
1066 184 1219 214 —EP[ST.
1241 183 1278 213 Χ.

1713 180 1782 213 1330

150 241 299 278 νενικηκὼς
312 240 419 277 Φρύονα
435 241 491 277 (29)
509 241 662 277 μονομαχίᾳ
677 242 723 268 τὸν
740 241 857 278 ἄρχοντα
878 242 937 276 Ῥη-

993 249 1008 268 a
1029 241 1187 277 Mitylenaeis
1209 238 1361 275 imperandi
1379 241 1527 274 potestate,
1553 245 1614 266 cum
1628 236 1780 272 Phryuuem

146 291 219 324 γίου,
236 280 364 315 ἀπεδίδου
383 288 433 323 τὴν
455 287 543 323 ἀρχήν
555 296 563 304 ι
581 288 636 315 τῶν
660 287 689 314 δὲ
712 288 750 324 μὴ
768 288 938 324 βουλομένων

148 334 334 369 κομίσασθαι,
359 333 504 366 ἐϐιάσατο,
539 334 577 369 μὴ
608 334 770 370 βουλόμενος
797 334 937 370 τύραννος,

147 380 204 408 ἀλλ’
221 379 329 415 ἰδιώτης
342 378 422 406 εἶναι.
435 379 468 406 Et
481 379 572 407 τοίνυν
587 380 601 406 ό
614 379 747 412 κινδύνοις
761 380 872 412 οἰκείοις
891 380 939 406 καὶ

148 427 246 462 αἵματι
275 426 449 461 κτησάμενος
473 426 522 461 τὴν
551 425 640 462 ἀρχὴν
665 425 736 452 ἑκὼν
761 425 878 453 ἀπέθετο
893 425 939 454 τδν

149 473 271 501 κίνδυνον
291 471 502 506 ἀναδεξάμενος,
518 471 566 507 τὴν
582 472 610 498 δὲ
625 472 773 507 τυραννίδα
790 472 938 499 ἀποσεισά-

150 528 241 555 μενος,
256 519 304 545 καὶ
321 517 408 545 ταῦτα
428 518 624 553 ἀλογοθέτητον
637 515 731 544 οὖσαψ
750 517 782 544 σὺ
797 517 812 543 ὁ
827 517 893 553 μηδὲ
909 518 938 544 ὲν

150 566 283 601 ὑπηκόοις
300 565 398 597 τελεῖν,
412 564 450 597 ὥς
465 573 542 600 φασι,
562 564 667 596 δίκαιος
681 563 730 597 ὢν,
749 564 836 600 ἀρχὴν
856 563 940 590 ὑπεύ-

150 613 228 641 θυνον
243 613 291 640 καὶ
307 612 418 648 μυρίαις
434 611 603 646 λογοθεσίαις
615 612 801 647 ὑποκειμένην
816 612 864 639 καὶ
878 611 940 647 μεί-

149 658 215 691 ζονα
239 658 330 693 πάσης
355 657 530 694 ἀνθρωπίνης
550 658 639 690 ἀξίας,
662 657 696 693 ἢν
720 657 781 684 οὐδὲ
796 657 939 693 διδομένην

147 704 278 738 δέξασθαι
294 703 421 738 ῶφειλες,
441 704 576 739 ἀγοράσαι
594 703 785 739 ὀνειροπολῶν,
810 703 841 730 οὺ
858 703 939 739 μόνον

148 751 180 778 οὗ
199 749 329 786 καταδῶη,
342 750 410 777 ἀλλὰ
424 750 471 777 καὶ
487 750 634 787 ὲνασρύνῃ.
648 750 702 777 Καὶ
715 749 756 782 τίς
772 758 800 777 σε
817 749 866 786 τῆς
877 758 940 776 τοσ-

148 799 235 834 αύτης
249 797 352 833 τόλμης
368 796 504 833 γράψεται
515 804 522 829 ;

299 946 336 972 κ’.
357 945 529 981 ΠΑΛΛΑΔΙῼ
546 945 777 981 ΥΠΟΔΙΛΚΟΝῼ.

992 286 1189 321 Rhegiensibus
1212 285 1370 321 praefectum
1398 284 1529 320 singulari
1547 283 1604 319 jam
1632 283 1781 311 certamine

990 335 1109 367 vicisset,
1123 334 1284 369 magistratu
1306 340 1336 361 se
1359 332 1512 360 abdicasse.
1535 332 1563 359 ld
1586 331 1686 360 factum
1718 338 1779 359 cum

990 379 1135 416 Mitylenaei
1158 382 1332 412 recusarent,
1354 377 1380 405 vi
1399 385 1447 406 eos
1460 377 1611 412 compulit:
1630 377 1702 413 quod
1723 377 1780 411 pri-

989 431 1069 455 vatus
1082 426 1182 461 degere
1195 432 1276 460 quam
1288 424 1422 459 imperare
1440 423 1542 451 mallet.
1558 423 1672 459 Proprio
1689 423 1781 457 itaque

989 472 1111 509 periculo
1141 476 1169 499 et
1195 470 1328 506 sanguine
1357 469 1500 503 imperium
1534 469 1647 504 adeptus
1683 473 1780 503 sponte

990 518 1124 553 deposuit,
1152 523 1202 552 pro
1225 522 1279 550 quo
1305 514 1470 549 acquirendo
1496 513 1646 548 periculum
1663 513 1778 545 adierat,

989 564 1170 601 principatum
1204 561 1341 597 deposuit,
1370 559 1422 588 etsi
1455 559 1608 587 rationibus
1635 559 1780 586 reddendis

990 610 1102 638 minime
1121 608 1277 637 obnoxium.
1302 606 1343 634 Tu
1365 613 1449 638 vero,
1473 605 1518 640 qui
1536 612 1625 639 neque
1641 605 1739 639 dignus
1751 612 1780 631 es

990 656 1032 684 vel
1062 656 1131 682 inter
1158 650 1280 682 subditos
1305 651 1465 684 numerariI
1492 651 1681 684 magistratum
1705 650 1780 677 mille

991 700 1140 729 rationibus
1152 699 1297 727 reddendis
1307 698 1456 726 obnoxium
1473 700 1501 724 et
1520 703 1603 732 supra
1619 695 1777 731 dignitatem

990 754 1098 776 omnem
1114 747 1259 774 humanam
1272 765 1279 778 ,
1299 751 1380 779 quem
1399 750 1486 778 neque
1507 747 1603 777 sponte
1619 749 1778 769 concessum

990 792 1130 828 suscipere
1145 791 1276 822 debebas.
1293 797 1352 818 eum
1368 789 1499 818 continuo
1511 788 1651 816 somnians
1663 787 1778 815 mercari

991 847 1045 868 non
1066 839 1146 866 modo
1169 844 1223 865 non
1238 836 1387 869 erubescis,
1409 836 1495 864 sedet
1509 835 1658 863 extolleris.
1681 834 1780 869 Ecquis

992 885 1074 921 igitur
1085 884 1157 912 banc
1173 887 1247 911 tuam
1265 882 1333 910 satis
1348 885 1458 910 accuset
1471 880 1635 908 audaciam?

1104 939 1161 968 VII.
1176 953 1212 959 —
1225 937 1400 966 PALLADlO
1428 936 1655 965 SUBDIACO‘NO.

379 1001 419 1029 De
435 1002 570 1038 ἐπιεικείᾳ
590 1010 636 1030 seu
650 1009 725 1037 teque
737 1007 762 1029 et
783 1001 860 1029 bono.
878 999 937 1028 Vidi

990 998 1071 1025 ristot.
1085 996 1132 1024 lib.
1149 1004 1176 1029 ν,
1192 995 1280 1023 Ethic.
1299 994 1456 1023 Nicomaclt.
1474 1003 1496 1022 c.
1513 995 1556 1022 10.

190 1057 220 1086 ’0
248 1054 374 1094 ἐπιεικὴς
402 1058 661 1094 φιλανθρωποτέραν
693 1057 799 1089 δίκαιος
828 1057 861 1085 ἂν
891 1056 935 1093 εἴη

149 1103 220 1139 ἔχειν
233 1103 282 1140 τὴν
299 1103 412 1139 γνώμην
425 1104 473 1131 τοῦ
495 1104 555 1131 λίαν
574 1104 692 1136 δικαίου,
722 1103 770 1132 καὶ
793 1103 935 1140 ἀκριϐοῦς.

148 1149 252 1185 Πρέπει
272 1150 326 1185 γὰρ
339 1149 414 1186 αὑτῷ
430 1149 532 1185 μᾶλλον
544 1149 592 1176 τοῦ
606 1149 714 1177 δικαίου
728 1148 880 1185 κεχρῆσθαι
902 1150 936 1184 τῇ

148 1195 350 1232 φιλανθρωπίᾳ.

295 1252 338 1280 H’.
356 1266 392 1272 —
409 1251 536 1288 ΑΔΨΙΝῼ
552 1251 785 1288 ΥΠΟΔῙΔΚΟΝῼ.

1026 1054 1080 1082 Par
1096 1057 1137 1082 est
1147 1053 1301 1081 modestum
1319 1052 1469 1088 mitemque
1481 1052 1617 1080 hominem
1627 1051 1780 1079 humaniori

990 1101 1160 1136 civiliorique
1178 1106 1240 1128 esse
1255 1099 1364 1132 animo,
1386 1099 1561 1133 moribusque
1588 1105 1671 1133 quam
1694 1098 1780 1129 illum,

990 1147 1036 1182 qui
1047 1147 1111 1182 justi
1127 1151 1206 1174 tenax
1221 1145 1378 1181 rigidusque
1392 1144 1439 1172 sit.
1452 1144 1534 1172 Decet
1544 1144 1615 1172 enim
1627 1143 1700 1171 illum
1708 1143 1782 1177 justo

991 1193 1082 1233 magis
1092 1193 1130 1220 uti
1158 1199 1239 1228 quam
1266 1191 1445 1219 humanitate.

1027 1250 1095 1281 Vill.
1112 1268 1145 1274 -—
1162 1252 1310 1281 ALPlllNO
1327 1252 1364 1289 (ε’.
1380 1252 1485 1288 Αιιηιιο)
1506 1251 1736 1280 SUBDlACONO.

410 1307 524 1336 Prmlat
544 1316 595 1336 non
607 1308 723 1337 incidere
737 1308 765 1337 in
778 1312 914 1344 peccatum
924 1318 934 1342 ;
953 1313 1009 1342 aut,
1025 1308 1049 1336 si
1072 1309 1182 1343 incidat,
1196 1317 1276 1344 quam
1295 1309 1419 1337 citissime
1435 1309 1517 1337 exire.

183 1364 310 1400 Ἄμεινον
323 1363 372 1399 μὲν
388 1363 425 1399 μὴ
445 1362 548 1396 ἁλῶναι
561 1364 609 1391 ἐπὶ
624 1364 709 1400 κακίᾳ
719 1373 726 1380 ·
751 1364 852 1392 ἁλόντα
861 1364 890 1392 δὲ
903 1365 935 1392 τὸ

145 1409 245 1437 ειδέναι
259 1409 300 1436 ὅτι
314 1409 381 1445 ἥλω,
401 1409 449 1436 καὶ
464 1409 569 1445 ταχέως
588 1409 684 1445 ὥσπερ
703 1409 736 1437 ἐκ
758 1418 831 1443 τινος
849 1411 935 1447 μέθης

145 1456 313 1490 ἀνενεγκεῖν.
337 1455 366 1483 ’0
390 1455 445 1491 γὰρ
470 1455 553 1489 ἁλοὺς
571 1455 632 1492 μὲν,
656 1455 806 1484 ἑαλωκέναι
829 1457 858 1484 δὲ
884 1458 936 1485 οὐκ

144 1501 279 1537 οἰόμενος,
294 1502 435 1538 ἀνήκεστα
452 1503 536 1529 νοσεῖ.
804 1497 806 1499 ⁷

280 1557 319 1587 θ’.
338 1573 372 1580 -
387 1557 547 1595 ΑΜΜΩΝΙῼ
566 1559 797 1596 ΣΧΟΛΑΣΤΙΚῼ.

1024 1364 1138 1392 Praestat
1159 1372 1211 1393 non
1232 1365 1292 1400 capi
1312 1364 1509 1399 improbitate;
1529 1371 1638 1401 captum
1665 1374 1730 1393 vero
1752 1374 1781 1394 se

989 1409 1060 1438 scire
1081 1414 1190 1445 captum
1213 1417 1294 1442 esse,
1319 1410 1466 1445 statimque
1490 1410 1564 1438 velut
1582 1418 1598 1438 e
1622 1412 1780 1440 temulentia

990 1456 1107 1490 quadam
1124 1463 1274 1491 emergere.
1297 1455 1399 1490 Captus
1418 1463 1482 1484 vero
1497 1464 1550 1485 non
1566 1456 1684 1493 ell‘ugere
1699 1460 1781 1486 susti-

991 1507 1059 1529 nens
1068 1520 1076 1532 .
1097 1500 1192 1529 morbo
1208 1501 1313 1529 laborat
1323 1501 1477 1530 incurabili.

1110 1564 1156 1592 IX.
1173 1581 1207 1586 —
1227 1565 1383 1594 AMMONIO
1405 1565 1655 1594 SCIIOLASTICO.

376 1614 416 1643 De
429 1619 501 1643 recta
520 1615 662 1644 liberorum
677 1615 861 1650 institutione;
878 1617 910 1645 de
928 1626 980 1655 qua
996 1624 1020 1648 et
1037 1620 1084 1656 inf.
1103 1622 1179 1656 epist.
1194 1621 1246 1649 517
1259 1626 1284 1650 et
1300 1621 1352 1650 506
1362 1622 1466 1658 gemina
1477 1622 1555 1651 huic.

182 1673 213 1700 Ol
235 1673 292 1705 τοίς
309 1673 414 1702 ἑαυτῶν
429 1673 526 1701 παισὶν
539 1673 580 1700 ἔτι
597 1674 707 1710 νηπίοις
728 1671 804 1702 οὖσιν
819 1675 935 1710 ἐγκατα-

1023 1679 1073 1713 Qui
1085 1680 1142 1708 suis
1153 1680 1240 1708 adhuc
1253 1682 1352 1709 teneris
1367 1681 1460 1709 liberis
1472 1682 1635 1710 documenta
1645 1683 1780 1716 inserunt,

147 1718 306 1754 σπείροντες
317 1719 425 1754 πρῶτον
441 1719 490 1754 μὲν
505 1719 551 1746 τὸν
564 1719 629 1755 περὶ
643 1719 693 1755 τῆς
707 1719 782 1752 θείας
801 1721 939 1759 ὑπεροχῆς

145 1773 178 1791 τε
194 1765 241 1792 καὶ
254 1764 381 1801 προνοίας
394 1764 474 1799 λόγον
485 1772 492 1780 ·
509 1764 637 1802 δεύτερον
651 1765 679 1792 δὲ
694 1766 741 1793 τὸν
758 1766 823 1802 περὶ
837 1767 939 1804 ἀρετῆς

146 1810 259 1846 τρόπον,
273 1807 347 1837 οὗτοι
363 1810 394 1837 οὗ
415 1811 494 1847 μόνον
513 1811 613 1846 γονεῖς,
630 1811 699 1838 ἀλλὰ
719 1813 765 1839 καὶ
782 1812 937 1841 διδάσκαλοι

146 1855 253 1892 ἄριστοι
276 1857 456 1892 τυγχάνοντες
480 1856 624 1890 τεύξονται
652 1857 733 1885 θείων
749 1858 883 1894 ἀμοιὸῶν.
905 1861 937 1887 Ol

146 1901 176 1928 δὲ
191 1901 352 1929 πολυθεσίαν
368 1903 424 1938 (50)
439 1902 488 1929 καὶ
514 1902 615 1929 κακίαν
631 1902 716 1938 αὐτῆς
731 1903 787 1939 (51)
814 1913 938 1939 καταφυ-

147 1945 305 1978 τεύσαντες,
326 1946 373 1973 ire
400 1947 534 1979 θύσαντες
555 1946 646 1974 αὐτῶν
661 1947 695 1975 τὰ
713 1948 795 1976 τέκνα
810 1951 866 1982 τοῖς
879 1950 937 1977 δαί-

149 2001 238 2029 μοσ.ν,
251 1993 314 2027 ἄξια
328 1993 488 2029 κομιοῦνται
501 1992 534 2020 τὰ
549 1993 688 2029 ἐπίχειρα.

412 2039 430 2066 ῐ¹
444 2054 479 2059 -
492 2039 674 2076 ΣΥΜΜΛΧῼ.

992 1724 1110 1759 primum
1124 1725 1232 1760 quidem
1249 1726 1283 1754 de
1303 1725 1351 1755 Dei
1369 1728 1526 1762 praestantia
1539 1733 1621 1763 atque
1634 1730 1780 1765 provideu.

992 1769 1052 1804 tia;
1077 1771 1175 1799 dehinc
1189 1772 1318 1800 virtutem
1334 1780 1478 1808 moresque
1492 1775 1591 1809 probos
1608 1776 1781 1811 praecipiunt,

992 1816 1020 1844 hi
1045 1823 1097 1844 non
1118 1818 1197 1845 modo
1223 1824 1370 1852 parentes,
1398 1820 1444 1847 sed
1471 1824 1498 1847 et
1521 1821 1617 1856 optimi
1647 1823 1781 1850 exsistunt

991 1862 1125 1896 magistri,
1150 1868 1178 1891 et
1195 1870 1211 1891 a
1227 1864 1281 1891 Deo
1296 1858 1448 1893 mercedem
1469 1865 1616 1901 accipient.
1643 1867 1694 1900 Qui
1717 1875 1782 1895 vero

991 1907 1104 1936 deorum
1116 1909 1314 1937 multitudinem
1325 1910 1580 1947 improbitatemque
1592 1912 1661 1941 lilios
1673 1913 1780 1943 docent.

991 1953 1067 1988 quasi
1095 1954 1234 1983 daemoniis
1259 1963 1308 1984 eos
1332 1955 1491 1990 oll'erentes.
1524 1957 1628 1986 debitas
1649 1958 1783 1994 accipient

991 2005 1096 2034 poenas.

1235 2047 1269 2075 Χ.
1285 2063 1320 2068 -
1336 2047 1537 2077 SYMMACllO.

743 2099 780 2127 De
795 2099 909 2128 homini:
930 2102 1062 2132 interioris
1079 2113 1176 2141 pugna.

189 2153 235 2180 ‘Ev
255 2154 311 2186 τοῖς
335 2153 477 2189 ἐμφυλίοις
501 2153 643 2190 πολέμοις,
658 2155 683 2182 εί
697 2154 745 2182 καὶ
764 2156 789 2182 ol
805 2157 937 2191 νικῶντες

145 2199 202 2227 τῶν
217 2199 382 2236 ἡττωμένων
397 2200 466 2227 εἰσὶν
480 2200 650 2237 ἀθλιώτερον
662 2200 744 2228 πλέον
757 2202 812 2237 γὰρ
824 2203 937 2230 ἐκείνων

146 2246 322 2282 αίσχύνονται
332 2267 339 2280 ,
363 2247 473 2282 ὅσῳπερ
489 2246 522 2273 ἂν
539 2246 626 2273 πλείω
641 2254 666 2274 τι
682 2246 736 2274 τῶν
752 2247 839 2275 ἄλλων
854 2248 937 2284 ὲργά-

149 2299 260 2319 σωνται·
275 2291 332 2319 ἀλλ’
346 2290 393 2319 οὖν
409 2300 441 2327 γε
450 2291 692 2327 διαλλαγησόμενοι
708 2292 863 2320 διοίσονται.
891 2293 937 2321 ‘Ev

148 2338 177 2365 δὲ
199 2339 267 2374 ἡμῖν
296 2338 362 2366 ἔνθα
386 2339 401 2366 ὁ
435 2338 553 2374 πόλεμος
574 2338 782 2374 ἀργαλεώτερός
807 2341 866 2367 ἐστι
889 2340 936 2367 τοῦ

147 2385 281 2420 ἐμφυλίου
291 2385 313 2401 θ’
323 2385 449 2420 σώματος
472 2385 527 2420 γὰρ
543 2385 604 2416 ἑνός
623 2385 698 2412 ἐστιν
719 2385 836 2421 ἅμιλλαι·
851 2386 889 2419 ὡς
906 2387 935 2414 οὐ

146 2428 390 2464 διαλλαγησόμενοι
417 2429 601 2464 διαφέρονται.
623 2428 693 2455 Ἀλλ’
709 2429 813 2462 ἐκεῖνος
837 2431 938 2465 ἐγκαλ-

146 2474 313 2507 λωπίζεσθαι
337 2474 411 2502 δοκεῖ
434 2475 448 2501 ὁ
471 2474 552 2501 πλέον
574 2474 629 2500 τῶν
651 2473 739 2502 ἄλλων
760 2476 872 2511 δράσας,
890 2477 939 2504 καὶ

146 2519 278 2555 ὲρυθριᾷν
294 2519 420 2555 ὀφείλων.
437 2520 500 2552 Τοῖς
512 2519 566 2556 γὰρ
584 2519 684 2557 δρῶσιν
703 2521 719 2556 ἢ
743 2522 799 2553 τοῖς
816 2522 939 2558 πάσχου-

148 2572 190 2591 σιν
203 2565 220 2601 ἠ
235 2565 354 2602 τιμωρία
367 2566 524 2594 ἀπόκειται.

1027 2163 1157 2192 Civilibus
1175 2166 1200 2192 in
1222 2165 1300 2193 hellis
1317 2165 1369 2193 etsi
1385 2165 1503 2193 victores
1531 2165 1686 2194 miseriores
1699 2173 1781 2201 quam

991 2209 1054 2237 victi
1079 2210 1213 2238 exsistant
1230 2219 1238 2238 :
1257 2210 1316 2245 plus
1337 2210 1410 2239 enim
1427 2211 1479 2239 illis
1502 2210 1584 2247 556
1607 2211 1781 2244 erubescunt,

991 2263 1045 2291 quo
1062 2256 1212 2291 plusquam
1225 2256 1262 2284 illi
1274 2257 1451 2290 laborarunt;
1475 2261 1504 2284 at
1525 2262 1599 2285 certe
1614 2257 1781 2285 reconciliati

990 2302 1077 2330 adhuc
1093 2302 1230 2330 dilferunt.
1247 2302 1276 2330 In
1289 2303 1366 2331 nobis
1374 2310 1440 2331 vero
1455 2303 1518 2331 hinc
1528 2303 1628 2331 bellum
1643 2303 1783 2332 molestius

991 2349 1099 2382 accidit,
1115 2356 1196 2384 quam
1216 2349 1399 2387 intestinum“
1415 2349 1452 2377 De
1476 2357 1531 2377 uno
1555 2349 1628 2377 enim
1649 2349 1783 2377 duntaxat

993 2402 1108 2430 corpore
1121 2399 1260 2423 certamen
1272 2399 1323 2428 est,
1339 2399 1433 2422 utnon
1444 2395 1612 2423 reconciliati
1625 2395 1760 2423 dissident
1772 2405 1779 2422 :

991 2441 1040 2469 sed
1063 2441 1109 2468 ille
1133 2440 1242 2476 placere
1264 2440 1317 2468 sibi
1343 2441 1459 2474 videtur,
1485 2441 1532 2476 qui
1562 2441 1679 2477 amplius
1699 2449 1780 2477 quam

991 2487 1081 2515 caeteri
1093 2487 1230 2522 praestitit,
1248 2494 1310 2514 cum
1322 2487 1482 2515 erubescere
1491 2487 1613 2515 deberet.
1625 2487 1781 2515 Patrantem

994 2532 1066 2560 enim
1078 2537 1106 2561 et
1119 2540 1172 2561 non
1190 2533 1387 2568 perpetientem
1403 2539 1497 2562 manet
1504 2533 1677 2569 supplicium.

714 2645 831 2674 νΑιιιΑ]
851 2645 1042 2674 LECTIONES
1062 2645 1105 2673 ET
1122 2644 1238 2674 NOTAE.

184 2721 240 2756 (29)
261 2722 388 2756 Φρύονα.
401 2722 534 2757 Diogenes
545 2722 669 2751 Laertius
684 2723 729 2751 lib.
746 2731 765 2754 ι,
779 2723 806 2751 in
818 2723 934 2756 Pittace.

149 2756 297 2792 Phryonem
311 2762 400 2794 vocat,
410 2762 440 2794 et
449 2756 661 2794 Atheniensibus
673 2766 725 2794 non
740 2758 936 2794 Rbegiensibus

148 2793 304 2826 praefectum
319 2792 368 2819 ait.
388 2793 410 2819 Α
427 2792 530 2820 Pittaeo
545 2798 634 2820 autem
652 2793 749 2821 molam
763 2792 934 2822 constitutam

151 2826 236 2854 disces
254 2827 301 2854 lib.
313 2835 326 2865 Δι
343 2827 542 2865 Ιείιιοτῑηςρίειτ
564 2827 625 2865 170.
648 2827 720 2865 infra
738 2829 781 2865 hic
799 2829 937 2865 ὲναόρόνω

151 2869 202 2900 non
223 2867 251 2888 ut
267 2862 396 2900 scriptum
419 2871 441 2900 a_
452 2862 573 2894 librario,
591 2862 746 2900 ἀναϐρύνω,
765 2864 814 2900 leg.
832 2862 934 2892 censui.

152 2897 269 2926 SCHM‘T.
285 2912 321 2917 -—
337 2897 401 2926 Cod.
424 2898 482 2926 Vat.
498 2903 524 2926 ct
537 2899 588 2926 Alt.
603 2899 741 2934 ψρυνωνά.

1026 2723 1081 2759 (30)
1101 2724 1152 2752 Pro
1168 2723 1330 2751 πολυθεσίαν
1348 2728 1510 2751 tentaveratn
1527 2724 1707 2759 πολυφασίαν,
1722 2733 1781 2759 quae

988 2765 1031 2787 est
1047 2759 1181 2794 Ilesychio
1195 2759 1352 2794 πολυλογία,
1373 2759 1530 2794 loquacitas,
1549 2759 1687 2787 Platonica
1709 2767 1779 2792 vox;

989 2801 1060 2822 nunc
1085 2802 1137 2821 una
1155 2794 1287 2821 duntaxat
1300 2802 1333 2821 ex
1346 2794 1407 2822 trita
1425 2794 1525 2827 littera,
1547 2794 1702 2824 πολυθεῖαν.
1723 2796 1789 2822 deo-.

990 2837 1047 2856 rum
1060 2829 1268 2861 multitudinem,
1290 2828 1357 2864 lego.
1376 2828 1496 2864 Scuorr.

1026 2864 1153 2902 (δυ-ΡΗ)
1169 2863 1254 2902 agri];
1269 2863 1352 2893 ambo
1363 2864 1441 2892 codd.
1469 2863 1527 2892 Vat.
1543 2864 1595 2893 650
1615 2869 1641 2895 ct
1656 2865 1707 2897 Mt.
1731 2867 1779 2894 ha-

991 2899 1054 2927 bent
1067 2898 1165 2932 αὐτοῖς.
1183 2898 1289 2927 Possm.
