2049 3164
265 146 330 180 13.31

386 203 430 230 XI.
448 218 479 223 —
498 203 713 231 MARTINIANO
729 204 772 231 ET
795 204 930 232 ZOSllllO.

857 149 888 178 S.
911 148 1056 179 lSlDORI
1077 147 1294 178 PELUSIOTXE

1822 140 1890 174 133!

1211 205 1262 231 lA’.
1275 217 1311 223 ——
1324 201 1551 236 ΜΛΡΊῚΝΙΑΝῼ,
1570 201 1630 228 KAl
1648 200 1784 236 ΖΩΣΙΜῼ.

921 260 1030 289 Virtutis
1043 260 1245 289 commendatio.

303 314 402 342 Vitium
418 314 518 350 fugite,
534 322 550 342 ο
564 315 668 350 optimi.
687 315 762 344 Solet
781 316 852 344 enim
871 317 1004 345 inlatuare
1017 325 1049 346 ac

264 361 403 388 dementes
420 361 533 388 reddere
552 369 615 390 suos
633 367 779 392 amatores.
798 362 932 390 Virtutem
961 364 1052 399 potius

264 406 418 434 sectemini.
449 406 512 435 Haec
538 408 608 435 enim
637 409 775 443 sapientes
804 408 910 436 ellicere
941 414 1049 444 potest,

263 456 346 488 atque
362 453 389 480 in
405 453 511 480 decenti
525 453 664 481 continere
679 454 767 482 ollicio
778 475 785 486 ,
798 455 843 490 qui
857 462 916 482 eam
932 454 1050 490 amplexi

264 502 337 526 sunt.
356 498 420 532 Quae
431 499 511 526 etiam
525 506 556 526 ex
578 499 642 534 ipsis
652 500 737 528 oculis
757 501 822 528 mite
840 500 905 535 quid
921 507 953 527 ac
966 500 1051 534 placi-

264 545 329 572 dum
352 545 491 573 tuentibus
510 553 697 581 saepenumero
717 553 746 573 se
761 545 862 580 prodit,
882 546 1053 581 ostenditque

265 597 317 625 qua
332 597 408 619 mens
423 590 537 619 interius
549 592 682 619 modestia
694 591 851 619 sitimbuta.

405 689 462 718 XII.
473 705 508 710 —
525 689 651 717 ZOSIMO
671 688 911 716 PRESBYTERO.

1139 314 1267 350 Φεύγετε,
1289 311 1312 342 ὦ
1327 314 1471 350 βέλτιστοι,
1485 314 1534 347 τὴν
1552 313 1661 341 κακίαν.
1679 313 1758 348 Δεινὴ
1773 313 1828 348 γάρ
1845 314 1890 340 ὲκ-

1104 361 1233 396 λυττῆσαι
1246 361 1293 387 καὶ
1312 361 1492 395 παράφρονας
1510 359 1678 395 ἐργάσασθαι
1692 360 1756 391 τοὺς
1774 359 1892 389 οἰκείους

1104 407 1232 443 ἐραστάς.
1249 407 1365 434 Διὼκετε
1381 407 1410 433 δὲ
1424 407 1474 442 τὴν
1491 407 1602 442 ἀρετήν.
1619 405 1698 441 Δεινὴ
1713 405 1768 440 γάρ
1783 405 1892 439 σοφίσαι

1105 453 1153 480 καὶ
1174 454 1203 480 ὲν
1216 454 1249 488 τῇ
1273 453 1451 488 προσηκούσῃ
1471 451 1636 479 καταστάσει
1652 451 1818 486 διατηρῆσαι
1831 450 1893 481 τοὺς

1105 497 1301 533 ἀντεχομένους
1322 497 1418 532 αὐτῆς.
1431 497 1469 523 Ἦ
1483 505 1515 530 γε
1536 496 1585 523 καὶ
1611 495 1656 523 διὰ
1677 495 1732 522 τῶν
1746 494 1894 530 ὀφθαλμῶν

1106 544 1237 575 πολλάκις
1255 543 1360 579 ἥμερόν
1371 551 1399 569 τι
1418 542 1467 569 καὶ
1482 542 1597 577 γαληνὸν
1618 541 1773 577 βλεπόντων
1792 540 1895 567 δείκνυ-

1109 597 1161 622 σιν,
1175 588 1213 622 ὡς
1236 589 1397 616 ἐνέστακται
1425 587 1499 614 ἔνδον
1519 589 1534 615 ὁ
1558 587 1619 620 νοῦς
1633 586 1811 623 σωφροσύνης
1829 585 1895 613 ἀνά-

1108 636 1186 667 πλεος
1191 655 1198 662 .

1256 689 1305 718 lB'.
1326 706 1360 711 -—
1377 691 1502 727 ΖΩΣΙΜῼ
1521 689 1753 726 ΠΡΕΣΒΥΤΕΡῼ.

527 746 605 774 lubet
621 755 636 773 α
658 745 769 773 scelesta
781 746 832 773 rita
848 746 988 779 abstinere,
1003 751 1048 773 aut
1063 756 1079 774 α
1098 748 1182 775 sacris
1203 748 1344 783 mysteriis.
1360 747 1425 775 Vide
1440 747 1488 782 inf.
1505 756 1545 783 ep.
1561 747 1624 775 25L

303 805 430 840 Plerique
446 812 511 832 sane
523 804 596 840 (nam
615 812 709 832 omnes
724 805 815 832 dicere
830 804 926 832 durum
945 805 1055 832 verbum

1143 805 1238 833 Πολλοὶ
1251 805 1300 841 μὲν
1329 804 1369 840 (τὸ
1388 805 1440 841 γὰρ
1467 805 1572 836 πάντας
1595 805 1684 832 εἰπεῖν
1708 803 1812 840 τραχὺν
1835 803 1898 834 ἴσως

267 853 322 887 sit)
359 851 446 879 valide
470 856 551 885 atque
569 851 637 878 adeo
660 851 758 878 acerbe
783 855 808 878 te
830 851 954 878 mordent
979 855 1059 884 atque

267 899 453 931 subsannant;
479 901 562 932 atque
588 896 690 923 utinam
719 895 797 924 l‘also.
815 895 911 923 Frater
923 895 1058 930 siquidem

269 949 330 971 tuus
341 950 486 978 germanus
499 949 560 970 cum
571 942 698 977 lacrymis
708 946 735 969 et
746 941 819 969 luctu
833 941 909 974 talia,
922 948 957 968 ne
971 942 1058 968 dicam

269 988 409 1023 graviora,
422 987 500 1016 nobis
519 987 657 1020 narravit,
674 987 812 1021 ingressu
831 988 976 1014 extrahere
986 990 1023 1018 te,
1037 986 1059 1014 si

269 1033 296 1059 id
322 1032 380 1060 lieri
399 1032 480 1060 modo
503 1036 603 1066 potest,
630 1039 646 1058 e
667 1032 758 1059 nimiae
779 1032 908 1060 barathro
929 1031 1059 1064 libidinis,

271 1078 297 1105 in
318 1085 372 1112 quo
387 1077 489 1113 ﬂagitio
514 1078 613 1113 capitis
629 1077 667 1104 tui
689 1078 790 1105 damno
812 1078 1060 1109 consenuisti,om-

270 1131 331 1151 nem
363 1123 530 1159 repudianda
573 1122 809 1156 admonitionem,
844 1123 930 1155 vitia,
963 1122 1061 1156 quibus

271 1169 406 1204 subjaces,
423 1177 475 1198 non
487 1176 654 1204 expugnans.
670 1167 772 1203 Scripsi
786 1176 882 1204 nuper,
892 1173 923 1195 ut
940 1169 978 1196 tui
991 1168 1062 1202 juris

272 1215 384 1249 lactus,
411 1220 439 1243 et
461 1214 636 1249 impudicitia:
657 1217 709 1240 tuae
729 1213 844 1241 dedecus
870 1212 1011 1248 cogitans,
1035 1218 1062 1240 et

272 1261 390 1293 senium,
413 1259 485 1295 quod
503 1259 618 1294 obrepit,
635 1263 662 1286 et
681 1265 789 1286 sacrum
816 1259 1014 1292 sacerdotium,
1029 1259 1061 1286 ad

272 1307 344 1343 quod
362 1306 454 1334 nescio
469 1313 522 1342 qua
545 1305 711 1340 impudentia
733 1309 760 1333 te
776 1304 932 1341 ingesseris,
947 1312 1062 1341 praesen-

275 1351 311 1376 tia
333 1350 478 1382 dedecora,
504 1352 586 1383 atque
605 1347 785 1379 offendicula,
807 1348 929 1374 luturum
946 1348 1062 1382 denique

275 1396 436 1432 supplicium
452 1394 618 1429 expenderes
630 1415 637 1428 ,
659 1394 787 1421 omnibus
807 1397 951 1428 coopertus
975 1392 1062 1421 scele-

275 1444 352 1471 ribus
366 1442 393 1469 in
411 1442 472 1477 ipso
489 1441 558 1468 senii
573 1442 688 1476 vitaeque
703 1441 796 1468 limine
809 1440 938 1475 juvenilia
954 1445 982 1468 et
1000 1440 1062 1468 ina-

275 1490 320 1516 nia
347 1494 464 1517 sectans.
495 1488 639 1521 Quomodo
669 1495 734 1515 vero
753 1488 898 1522 juvenibus
915 1509 922 1522 ,
957 1493 988 1516 ut
1002 1495 1060 1516 mo-

273 1537 350 1563 deste
386 1543 416 1563 se
452 1539 685 1569 temperanterque
717 1539 834 1569 gerant,
867 1535 1031 1569 persuadeas
1049 1555 1058 1568 ,

273 1578 296 1604 si
318 1584 352 1606 ne
377 1577 427 1605 tibi
457 1578 566 1613 quidem
596 1578 630 1605 ad
659 1582 811 1606 extremum
842 1585 927 1613 usque
957 1579 1061 1606 senium

275 1623 468 1656 persuaseris?
498 1623 569 1656 Quin
592 1623 674 1659 igitur
696 1624 792 1651 horres
806 1625 965 1660 vererisque
997 1625 1060 1652 talia

275 1669 454 1702 summittere,
476 1673 503 1696 et
525 1669 622 1696 altaria
645 1670 839 1704 frequentare?
859 1669 1061 1703 Quomodoim-

275 1712 410 1740 maculata
449 1719 587 1740 sacrorum
622 1713 751 1748 mysteria
788 1714 871 1741 audes
911 1714 1065 1750 attingere?

275 1757 375 1786 llortor
387 1758 479 1793 itaque
493 1762 518 1786 te
527 1758 588 1793 (etsi
597 1758 670 1786 enim
685 1758 766 1791 dolet,
779 1764 964 1787 verumtamen
983 1761 1067 1789 libere

275 1805 375 1839 dicam)
397 1809 426 1832 ut
441 1803 482 1832 vel
495 1805 668 1832 committere
687 1805 840 1840 bujusmodi
854 1806 973 1840 desinas,
992 1807 1032 1835 vel
1048 1815 1062 1836 a

276 1849 436 1877 venerandis
456 1849 551 1877 altaris
574 1849 716 1877 sacriﬁciis
730 1850 877 1884 abstineas,
902 1859 936 1879 ne
955 1853 1063 1887 quando

277 1894 365 1929 ignem
376 1895 409 1922 de
425 1895 494 1922 caelo
508 1895 589 1930 capiti
603 1902 746 1923 accersens
758 1900 813 1929 tuo,
823 1897 938 1932 turpiter
952 1898 1061 1926 meritas

279 1945 374 1974 paenae
388 1944 416 1967 ut
427 1941 539 1974 optasti,
555 1941 622 1968 luas.

549 1995 620 2023 Xlll.
634 2011 669 2016 —
683 1997 797 2025 EIDEM.

1110 850 1313 878 κατασκευάσει
1323 849 1368 877 τὸν
1382 850 1481 885 λόγον)
1493 849 1588 882 δεινῶς
1599 850 1670 877 πάνυ
1685 850 1732 876 καὶ
1746 849 1854 884 πικρῶς
1870 857 1898 875 σε

1110 897 1288 934 κωμῳδοῦσιν
1299 906 1305 913 ν
1321 897 1369 929 οὓς
1387 896 1502 932 εὔχομαι
1518 897 1556 932 μὴ
1571 895 1724 932 ἀληθεύειν.
1746 895 1856 930 Ἐπειδὴ
1871 895 1899 921 δὲ

1110 943 1157 970 καὶ
1172 942 1336 978 ὁμογνήσιός
1350 942 1404 978 (52)
1417 950 1464 968 σου
1481 941 1596 975 seem;
1617 940 1724 976 θρηνῶν
1737 949 1767 967 σε
1779 941 1827 967 καὶ
1840 941 1898 967 ὀλο-

1111 989 1264 1024 φυρόμενος
1291 988 1326 1015 τά
1355 987 1436 1021 αὐτὰ,
1467 987 1511 1015 ἵνα
1538 987 1575 1022 μὴ
1598 987 1671 1021 λέγω
1697 986 1897 1023 φορτικῶτερα.

1117 1034 1298 1070 ’Δπήγγειλεν
1320 1034 1398 1069 ἡμῖν,
1420 1033 1570 1060 ἀντιϐολῶν
1596 1031 1783 1067 ἀνιμήσασθαι
1810 1040 1851 1065 σε,
1875 1032 1899 1058 εί

1111 1080 1166 1109 οἷον
1179 1090 1219 1113 τε,
1232 1081 1286 1108 ἀπὸ
1297 1080 1345 1108 τοῦ
1358 1080 1440 1116 βυθοῦ
1453 1080 1502 1116 τῆς
1516 1079 1653 1114 λαγνείας,
1671 1076 1693 1114 ᾧ
1708 1079 1756 1106 ἐπὶ
1770 1079 1809 1114 τῷ
1824 1078 1900 1113 κακῷ

1111 1129 1163 1164 τῆς
1187 1128 1271 1155 αὑτοῦ
1287 1127 1410 1162 κεφαλῆς
1435 1127 1660 1162 συγγεγήρακας,
1689 1125 1778 1152 πολλὰ
1796 1125 1900 1161 χαίρειν

1112 1176 1218 1212 φράσας
1241 1174 1281 1210 τῷ
1308 1173 1504 1210 παραινέσαντι
1533 1174 1590 1204 τοῖς
1617 1170 1836 1207 κεκρατημένοις
1865 1169 1899 1204 μὴ

1113 1222 1257 1257 ἐγχειρεῖν.
1272 1220 1402 1257 Γέγραφα
1421 1219 1496 1251 ὅπως
1513 1218 1613 1245 σαυτοῦ
1628 1218 1774 1252 γενόμενος
1794 1216 1842 1243 καὶ
1854 1216 1899 1250 τὴν

1112 1268 1163 1302 τῆς
1184 1266 1330 1301 ἀσελγείας
1345 1264 1479 1300 αἰσχύνην
1496 1264 1638 1300 ἐννοήσας,
1652 1263 1714 1289 τότε
1727 1262 1818 1296 γῆρας
1835 1262 1873 1292 εἰς
1887 1261 1899 1287 ὂ

1112 1314 1216 1349 ἕρπεις,
1233 1313 1282 1347 τήν
1298 1320 1327 1338 τε
1341 1311 1417 1338 θείαν
1430 1308 1595 1346 ἱερωσύνην,
1611 1309 1650 1340 είς
1663 1307 1696 1343 ἢν
1706 1308 1757 1334 οὐκ
1772 1305 1820 1333 οἷδ’
1830 1307 1900 1337 ὅπως

1112 1358 1297 1394 ὲπεκώμασας
1310 1357 1345 1384 τά
1355 1365 1385 1384 τε
1401 1356 1522 1391 παρόντα
1536 1355 1626 1389 ὀνείδη
1642 1354 1690 1380 καὶ
1701 1353 1737 1380 τὰ
1750 1351 1900 1385 σκάνδαλα,

1112 1406 1163 1440 τήν
1182 1412 1211 1431 τε
1230 1404 1381 1439 μέλλουσαν
1401 1402 1530 1429 κόλασιν·
1547 1401 1614 1428 πᾶσι
1637 1400 1694 1431 τοῖς
1716 1399 1814 1429 κακοῖς
1829 1398 1903 1431 ὲγκαυ

1113 1451 1286 1486 λινδούμενος
1303 1450 1350 1477 ἐπὶ
1365 1450 1470 1485 γήραος
1485 1448 1556 1483 οὐδῷ
1578 1445 1760 1482 νεωτερίζων.
1776 1445 1839 1477 Πῶς
1852 1444 1903 1479 γὰρ

1113 1498 1171 1529 τοῖς
1188 1496 1260 1528 νέοις
1284 1496 1434 1530 σωφρονεῖν
1458 1493 1646 1529 παραινέσεις,
1670 1490 1764 1526 σαυτῷ
1781 1491 1848 1526 μηδὲ
1861 1491 1905 1516 ἐπὶ

1113 1543 1218 1578 γήραος
1232 1541 1389 1577 παραινῶν;
1405 1539 1467 1572 Πῶς
1477 1540 1507 1566 δὲ
1520 1539 1551 1566 οὺ
1565 1538 1687 1574 φρίττεις
1697 1537 1813 1564 τοιαῦτα
1825 1536 1903 1571 δρῶν,

1114 1589 1163 1616 καὶ
1173 1597 1213 1624 τῳ
1226 1587 1415 1622 θυσιαστηρίῳ
1427 1586 1600 1622 π).ησιάζων;
1616 1584 1678 1616 Πῶς
1693 1584 1723 1610 δὲ
1738 1583 1843 1618 τολμᾷς
1855 1582 1904 1608 τῶν

1116 1634 1260 1671 ἁχράντων
1271 1633 1394 1668 ἅψασθαι
1409 1632 1583 1668 μυστηρίων;
1606 1630 1737 1666 Παραινῶ
1754 1629 1858 1659 τοίνυν,
1869 1628 1904 1662 (εί

1115 1680 1169 1716 γὰρ
1184 1679 1230 1707 καὶ
1239 1679 1328 1712 λυπεῖ,
1337 1679 1368 1706 τὺ
1379 1678 1478 1714 ἀληθὲς
1491 1677 1562 1713 μετὰ
1573 1676 1732 1712 παρρησίας
1742 1674 1878 1708 λελέξεται
1886 1673 1904 1707 ,)

1118 1727 1137 1763 ἢ
1150 1726 1253 1754 παῦσαι
1268 1725 1381 1753 τοιαῦτα
1394 1725 1476 1762 δρῶν,
1491 1725 1508 1761 ἢ
1528 1723 1575 1751 τοῦ
1589 1723 1688 1750 σεπτοῦ
1712 1721 1903 1756 θυσιαστηρίου

1123 1773 1221 1800 σαυτὸν
1241 1772 1378 1807 χὼρισον·
1406 1771 1524 1806 μήποτε
1549 1769 1605 1805 πῦρ
1621 1767 1770 1805 οὐρανόθεν
1793 1767 1839 1793 ἐπὶ
1861 1765 1905 1801 τὴν

1118 1819 1216 1847 σαυτοῦ
1234 1818 1354 1854 καλέσῃς
1369 1817 1501 1852 κεφαλὴν,
1517 1816 1690 1852 παρέχουσαν
1707 1815 1766 1846 τοῖς
1779 1812 1904 1849 ῥᾳθύμοις

1117 1864 1248 1900 ἀφορμὰς
1261 1860 1299 1891 ὧν
1314 1862 1480 1898 ἐπιθυμοῦσι
1496 1861 1592 1896 λόγων.

1365 2002 1416 2030 II".
1435 2016 1467 2022 —
1488 2001 1532 2036 To
1551 2000 1652 2035 arm.

612 2051 750 2081 Hominem
769 2054 911 2090 desperata:
925 2058 1036 2085 malitia:
1053 2063 1080 2085 ut
1095 2058 1274 2086 conclavatum
1289 2065 1337 2085 suo
1349 2058 1473 2093 relinquit
1486 2058 1574 2093 genio.

314 2111 401 2139 Audio
417 2110 455 2138 ‘in
469 2111 619 2147 sapientem
639 2116 666 2139 te
685 2113 813 2142 incidisse
831 2115 920 2142 virum
941 2117 985 2150 qui
1009 2123 1056 2143 cor

1157 2116 1331 2152 Πυνθάνομαι
1351 2117 1394 2143 ὅτι
1420 2116 1503 2150 σοφός
1523 2124 1565 2147 τις
1585 2115 1666 2151 ἀνὴρ,
1687 2114 1738 2142 καὶ
1761 2115 1908 2151 χρημάτων

280 2157 374 2192 rumpi
384 2157 496 2192 pecunia
514 2163 640 2193 nequeat,
655 2158 765 2187 virtutis
778 2161 976 2194 perstudioSum
989 2161 1068 2198 557

279 2209 442 2238 omnemque
452 2210 562 2238 operam
574 2204 746 2233 adhibentem
761 2205 793 2232 ad
810 2206 846 2233 tui
859 2208 1068 2241 correctionem,

281 2247 423 2275 remissum
434 2253 522 2276 tamen
533 2249 580 2277 abs
589 2254 624 2282 te,
633 2250 729 2278 Infecta
741 2258 781 2283 re,
793 2252 869 2286 quasi
876 2253 1004 2286 prodesse
1015 2261 1067 2280 non

280 2298 380 2327 posset.
400 2293 450 2321 Tui
475 2295 546 2321 enim
562 2295 648 2324 morbi
674 2295 716 2324 vis
733 2296 819 2330 major
843 2298 917 2324 omni
939 2298 996 2332 ejus
1012 2305 1068 2326 me-

284 2338 342 2366 dela
364 2343 406 2366 est
421 2339 542 2366 inventa.
556 2339 674 2370 Decebal
686 2345 775 2370 tamen
789 2347 814 2370 te
827 2344 917 2377 specie
932 2344 1066 2372 rationum

281 2384 398 2420 eleganti
426 2384 545 2412 illectum
573 2393 629 2421 prae
663 2387 843 2416 admiratione
882 2389 1066 2424 inlclligcnliae

281 2429 376 2464 ipsius,
392 2433 420 2457 et
434 2430 579 2457 reveritum
592 2430 650 2464 ejus
665 2432 835 2466 prudentiam
848 2433 882 2460 ab
894 2433 1066 2468 improbitate

281 2473 488 2510 temperare.Te
497 2482 619 2503 veronon
631 2476 729 2510 solum,
742 2485 771 2505 re
784 2478 973 2511 infecta,illum
983 2481 1065 2506 remi-

281 2521 361 2553 sisse,
388 2528 483 2548 verum
515 2520 595 2547 etiam
606 2528 666 2548 cum
697 2521 794 2557 injuria
820 2523 988 2559 proﬂigasse,
1024 2524 1067 2552 in-

1123 2161 1272 2197 κρείττωνῘ,
1293 2161 1341 2187 καὶ
1365 2161 1449 2196 ἀρετῇ
1478 2160 1682 2195 συναγωνιστὴς
1709 2159 1829 2195 ἐντυχών
1852 2168 1908 2187 σοι·

1122 2209 1170 2234 καὶ
1189 2209 1282 2235 ,πάντα
1304 2207 1420 2243 νικήσας
1444 2207 1494 2233 ὅσα
1518 2207 1601 2242 ἐχρῆν
1624 2205 1692 2241 πρὸς
1710 2206 1908 2242 ἐπανόρθωσιν,

1120 2252 1289 2288 ἀπεπέμφθη
1304 2251 1445 2288 ἄπρακτος
1464 2250 1547 2286 μηδὲν
1571 2249 1711 2285 ὠφελῆσαί
1727 2258 1756 2276 σε
1777 2250 1907 2286 δυνηθείς.

1121 2297 1283 2332 Κρείττονος
1296 2298 1352 2332 (33)
1376 2297 1423 2323 τοῦ
1441 2297 1490 2324 σοῦ
1507 2296 1661 2331 νοσήματος
1676 2295 1728 2330 τῆς
1745 2296 1813 2330 παρ’
1838 2295 1909 2330 αὐτῷ

1122 2344 1248 2379 ἰατρικῆς
1273 2344 1369 2378 τέχνης
1390 2342 1560 2378 εὑρεθέντος.
1586 2341 1652 2368 Δέον
1677 2342 1732 2376 γάρ
1748 2349 1779 2368 σε
1800 2349 1908 2376 γοητευο

1121 2389 1202 2417 θέντα
1227 2390 1277 2425 μὲν
1290 2389 1328 2424 τῷ
1348 2389 1441 2416 κάλλει
1465 2388 1520 2415 τῶν
1538 2388 1695 2423 νοημάτων,
1711 2387 1865 2422 ἀγασθέντα
1880 2387 1906 2413 δὲ

1120 2435 1169 2471 τὴν
1186 2434 1306 2467 σύνεσιν,
1327 2434 1486 2462 αίδεσθέντα
1507 2434 1536 2460 δὲ
1557 2434 1588 2460 τὸ
1605 2434 1736 2469 φρόνημα
1757 2432 1906 2460 παύσασθαι

1119 2481 1169 2515 τῆς
1194 2481 1310 2513 κακίας,
1332 2480 1362 2506 οὺ
1394 2480 1475 2514 μόνον
1503 2480 1658 2514 ἄπρακτον,
1685 2480 1754 2507 ἀλλὰ
1777 2481 1825 2507 καὶ
1852 2478 1905 2514 μεθ’

1121 2525 1227 2560 ὕϐρεως
1246 2525 1340 2553 τοῦτον
1355 2525 1521 2560 ἀπεπέμψω.
1539 2525 1571 2551 Τί
1591 2523 1637 2552 οὖν
1649 2526 1797 2561 ποιητέον;
1813 2526 1844 2553 Εἰ
1857 2524 1906 2560 γὰρ

832 2611 949 2639 ἾΔΙΗᾹΞ
970 2612 1161 2642 LECTIONES
1179 2613 1222 2640 ET
1240 2612 1356 2642 ΝΟΤίΕ.

318 2694 372 2730 (δε)
392 2693 631 2735 Ριεοιὸιμογνῇσιος,
647 2703 712 2723 voce
729 2696 868 2735 inusitata,
883 2705 981 2733 repone
996 2701 1060 2735 ὀμό-

279 2738 363 2769 γνιος,
379 2730 455 2769 quasi
468 2730 619 2769 ὁμογένιος,
632 2735 661 2769 ut.
674 2736 700 2757 et
714 2733 833 2769 γνήσιος,
849 2730 925 2768 quasi
938 2730 1064 2769 γονήσιος

281 2765 329 2800 vel
342 2765 476 2800 γενῄσιος.
496 2764 555 2792 Mox
578 2773 626 2799 pro
645 2767 842 2800 ἁνειμήσασθαι
858 2764 1003 2796 teutabanf
1017 2771 1049 2796 ἀν

279 2799 445 2839 ιμόσασθαι,
466 2801 537 2839 quod
557 2808 672 2839 evomere
693 2799 761 2839 est”:
783 2803 934 2839 Vel_potius
959 2804 1051 2839 ἁνειλή

281 2834 372 2863 σισθαι
385 2836 420 2865 ab
432 2835 555 2872 άνειλέω,
570 2836 668 2870 aperio,
689 2835 799 2870 explica.
822 2834 951 2872 suspecta
972 2845 999 2867 ct
1021 2834 1066 2867 illa

1117 2709 1167 2728 vox
1183 2702 1375 2737 ὲπεκάμασας,
1394 2703 1464 2736 quod
1490 2707 1531 2730 est
1553 2701 1717 2735 lasciuiores,
1741 2702 1794 2730 nisi
1812 2701 1905 2729 rectius

1118 2743 1158 2764 est
1172 2737 1382 2772 ὲπεπόμπασας.
1399 2738 1565 2764 Eruditiores
1580 2737 1764 2764 aestimabunt.
1792 2737 1902 2765 Scaorr.

1154 2772 1210 2806 (53)
1232 2772 1284 2799 Pro
1299 2773 1450 2807 κρείττονος
1467 2773 1544 2801 codd.
1563 2772 1624 2800 Vat.
1639 2772 1691 2800 650
1708 2777 1735 2800 et
1749 2773 1806 2800 Alt.
1821 2773 1905 2805 legunt

1119 2809 1253 2843 κρεῖττον.
1271 2807 1376 2836 Possm.
