2049 3164
172 161 240 194 1333

645 165 912 196 EPiSTOLARUM
934 168 1007 197 LIB.
1028 169 1061 198 V.
1082 169 1236 198 -EPIST.
1256 168 1336 198 XVII

1737 169 1804 203 1334

169 217 285 248 ἕκαστος
307 216 384 244 οὐδὲν
403 216 513 251 ὠφελεῖ,
537 217 604 244 ἀλλὰ
624 218 670 244 καὶ
692 220 887 254 ἡπαραίνεσις
912 229 962 247 κα-

1020 221 1116 252 lolligo.
1155 221 1223 254 Quid
1253 222 1333 256 igitur
1361 228 1453 248 censes
1494 221 1645 250 faciendum
1676 222 1704 251 Si
1733 225 1803 252 enim

171 261 376 296 ταπεφρὸνηται
388 268 395 275 ⁸
416 262 462 288 καὶ
474 263 488 288 ὁ
502 261 557 289 τῶν
571 262 723 298 ἀνθρώπων
737 266 824 298 γέλως
837 267 961 301 πεπάτη-

170 316 215 334 ται
226 315 232 322 ⁴
251 308 297 333 καὶ
317 307 347 333 τὸ
366 307 589 340 σκανδαλίξεσοαι
607 310 684 344 παρὰ
698 310 740 336 σοὶ
755 311 870 343 πολλοὺς
885 312 962 339 οὐδὲν

171 355 316 390 κέκριται·
335 355 383 381 καὶ
404 356 418 382 ὁ
434 355 504 387 θεῖος
520 356 601 391 φόϐος
624 356 724 388 ἄϐατος
738 358 796 385 ἐστι
813 359 888 394 παρά
903 359 960 386 σοίι

173 400 218 426 καὶ
236 400 252 436 ἡ
266 400 316 435 τῆς
333 401 451 436 κρίσεως
472 402 572 438 ἀπειλὴ
592 403 716 437 γελᾶται,
732 404 863 440 ἐλάθομεν
875 405 962 441 λιθίνῃ

173 446 272 482 καρδίᾳ
283 446 480 482 διαλεγόμενοι.

257 505 305 533 1Δ’.
324 521 358 527 --
373 505 504 543 ΑΙΔΕΣΙῼ
518 507 575 543 (54)
594 507 876 543 ΠΟΛΙΤΕΥΟΜΕΝῼ.

1013 274 1092 293 nemo
1122 266 1245 300 juverit,
1280 267 1334 294 imo
1360 271 1387 294 ct
1421 267 1574 296 adhortatio
1607 271 1803 302 contemnitur,

1014 313 1097 339 etiam
1119 313 1189 339 risus
1212 313 1402 346 conculcetur,
1428 319 1455 341 et
1480 314 1528 342 abs
1553 319 1578 342 te
1599 315 1730 350 plurimos
1744 316 1804 343 laedi

1015 358 1176 386 oﬂ'endicnlo
1207 360 1283 386 nihili
1315 361 1454 393 restitues,
1483 368 1532 389 nec
1553 363 1579 389 in
1613 362 1659 389 Dei
1684 363 1806 390 ambules

1016 407 1124 439 timore,
1142 406 1231 433 rideas
1245 407 1326 433 etiam
1342 407 1425 434 divini
1439 407 1533 441 judieii
1546 409 1650 442 minas,
1670 409 1806 436 nescimus

1016 459 1093 485 sane,
1111 452 1207 487 ecquid
1226 452 1336 479 remedii
1352 453 1420 479 duro
1435 459 1482 480 tuo
1494 455 1569 481 cordi
1581 454 1734 482 aderamus.

1044 510 1114 539 XIV.
1135 525 1169 532 -—-
1190 510 1328 538 JEDESIO
1348 510 1595 539 REMPUBLICAM
1615 511 1778 539 GERENTI.

378 565 540 593 Deltortatur
557 566 588 593 ab
600 575 629 593 ea
643 567 748 599 militia,
764 575 822 600 qua
835 574 881 594 nec
894 567 1010 601 pietatis,
1030 577 1076 596 nec
1090 569 1192 597 virtutis
1207 569 1377 604 defendenda:
1393 577 1474 596 causa
1490 569 1601 604 geritur.

215 620 325 658 Ἐπειδὴ
345 622 423 658 θυμῷ
444 622 493 659 μὲν
516 623 696 659 ἀναπτομένῳ
718 623 884 650 συνάπτεται
908 624 965 659 «55)

175 668 310 704 πόλεμος,
337 669 510 705 σεεννυμένῳ
533 669 561 696 δὲ
583 670 613 696 οὐ
641 669 804 703 σϐέννυται,
830 670 964 705 μηδέποτε

175 713 273 741 σαυτὸν
283 715 322 746 είς
338 714 473 750 πολέμους
485 715 603 750 ἔμϐαλλε
618 715 752 750 χαλεπούς
765 723 771 730 ·
785 715 832 742 καὶ
849 715 966 750 μάλιστα

175 757 239 784 ὅταν
252 758 318 794 μηδὲ
330 759 393 794 περὶ
407 759 575 795 εὐσεϐείαςῆ
589 760 687 795 ἀρετῆς
701 760 715 786 ὀ
727 759 806 793 λύγος
873 760 902 786 ἐν
912 761 966 795 γὰρ

176 803 287 836 ταύταις
302 805 381 840 χρεία
396 805 448 837 ἕως
469 805 585 841 αἳματος
601 805 793 840 ἀγωνίζεσθαι,
811 806 878 841 μήτε
896 805 966 832 ἐκεί-

177 859 236 886 νην,
253 850 318 885 μήτε
333 850 435 886 ταύτην
452 851 611 887 προδιδόντα

303 905 352 933 ΙΕ’.
369 922 403 927 --
419 907 591 935 ΙΣΧΥΡῙΩΝΙ
611 907 839 943 ΣΧΟΛΛΣἸΊΚῼ.

1055 626 1277 662 Quandoquidem
1291 626 1382 655 animo
1406 626 1445 653 ira
1462 626 1573 653 incenso
1588 625 1688 653 bellum
1709 625 1805 653 incen-

1020 673 1103 705 ditur,
1117 673 1280 700 exstinctum
1305 677 1395 699 autem
1424 672 1464 698 ira
1487 671 1631 705 animoque
1652 670 1809 704 compositis

1020 714 1119 742 bellum
1144 713 1258 748 sopitur,
1276 721 1413 748 nunquam
1429 718 1454 739 te
1469 713 1591 740 molestae
1610 712 1743 739 immittas
1758 719 1809 746 pu-

1020 767 1090 795 gnae,
1105 759 1255 795 prmsertim
1269 765 1330 786 cum
1351 758 1458 792 pietatis
1478 759 1639 792 virtutisque
1655 765 1709 786 non
1720 757 1808 792 agitur

1020 805 1167 839 negotium.
1193 804 1221 831 In
1240 805 1282 832 his
1305 805 1406 832 etenim
1431 805 1464 831 ad
1482 806 1641 839 sanguinem
1658 811 1741 840 usque
1760 812 1809 839 pu-

1021 850 1168 884 gnandum,
1186 858 1220 878 ne
1236 850 1293 878 haec
1309 855 1355 878 aut
1371 851 1416 878 illa
1436 851 1578 885 prodatur.

1123 906 1182 934 XV.
1201 923 1236 928 ——
1251 906 1449 935 ISCHYRIONI
1472 905 1722 934 SCIIOLASTICO.

821 963 1009 999 Arrogantiam
1024 963 1169 990 dissuadet.

219 1020 296 1048 Ὀταν
316 1022 332 1057 ὴ
357 1021 580 1058 μεγαλοφροσύνη
597 1022 653 1057 (56)
669 1022 706 1058 μὴ
723 1022 790 1058 πρὸς
807 1022 963 1054 αὐθάδειαν,

175 1067 243 1095 ἀλλὰ
259 1068 326 1103 πρὸς
338 1067 487 1094 ἐπιείκειαν
502 1067 600 1104 βλέπῃ,
611 1068 672 1095 τότε
685 1067 732 1094 καὶ
743 1068 792 1104 τὴν
806 1067 966 1100 ἀλαζονείαν

175 1113 305 1148 ἐκφεύγει
323 1114 368 1140 καὶ
380 1113 429 1149 τὴν
442 1114 664 1150 δουλοπρέπειαν,
681 1114 731 1141 οὐκ
743 1115 818 1142 ἐῶσα
830 1115 967 1150 κερασθῆ-

175 1168 219 1186 ναι
231 1159 261 1186 τὸ
275 1160 397 1195 ἄσχημον
412 1159 451 1195 τῷ
463 1160 602 1195 εὐπρεπεῖ.

444 1247 504 1281 tq'.
522 1262 557 1267 —
573 1247 696 1284 narro.

1053 1020 1144 1048 Anlmi
1161 1020 1318 1055 magnitudo
1332 1029 1393 1048 cunt
1410 1028 1463 1048 non
1481 1020 1514 1048 ad
1531 1020 1673 1048 audaciam
1687 1040 1694 1054 ,
1713 1021 1760 1048 sed
1775 1019 1811 1047 ad

1020 1066 1102 1093 animi
1127 1067 1272 1101 quamdam
1311 1067 1504 1095 liberalitatem
1540 1067 1811 1101 benevolentiamque

1021 1112 1118 1145 tendit,
1142 1113 1304 1146 arrogantia:
1319 1120 1351 1140 ac
1369 1113 1477 1140 servilis
1502 1112 1599 1141 indolis
1616 1113 1734 1147 speciem
1750 1120 1809 1138 οιιι-

1021 1166 1083 1186 nem
1107 1157 1218 1194 effugit,
1244 1166 1332 1194 neque
1355 1159 1458 1195 patitur
1482 1164 1560 1195 turpe
1582 1159 1681 1187 decoro
1708 1158 1810 1194 penni-

1020 1211 1065 1232 sce
1069 1205 1101 1231 ri.

1280 1249 1352 1279 XVI.
1371 1266 1400 1272 —
1420 1250 1546 1278 PETRO.

632 1306 667 1333 De
688 1305 794 1334 Eusebii
813 1306 893 1334 vitiis.
909 1305 1016 1341 Confer.
1037 1308 1113 1342 epist.
1129 1308 1190 1340 MO,
1212 1308 1272 1341 14⁵1,
1293 1308 1356 1336 4Ἱο-

212 1362 243 1389 Ei
261 1362 307 1389 καὶ
322 1361 369 1389 ἐπὶ
383 1363 432 1398 τῆς
447 1362 589 1396 Εὑσεϐίου,
606 1363 644 1394 ὡς
663 1363 816 1398 γέγραφας,
841 1364 966 1399 τυραννί-

175 1408 220 1440 δος
235 1408 324 1435 αἰτίαν
340 1408 389 1444 τῆς
403 1408 541 1441 ἀπωλείας
555 1409 608 1437 τῶν
623 1409 776 1444 φιλαρέτων
789 1410 876 1442 οὐδεὶς
891 1410 907 1445 ἢ
919 1409 969 1445 τὴν

176 1454 276 1490 ἀρετὴν
292 1454 376 1490 μόνην
403 1451 472 1481 οἶδεν
495 1456 526 1490 (ἡ
547 1455 602 1491 γὰρ
616 1455 678 1490 δίκη
693 1456 742 1490 τὴν
755 1456 845 1492 κρίσιν
860 1456 968 1491 φθάνει,

177 1500 194 1534 ἡ
211 1499 238 1525 δὲ
254 1499 304 1534 τῆς
327 1499 477 1535 μελλούσης
499 1499 616 1535 κρίσεως
642 1501 737 1536 μνήμη
763 1501 890 1536 ὀξύτερός
911 1501 969 1527 ἐστι

177 1546 232 1577 τοῖς
255 1544 413 1580 μνησθεϊσιν
434 1545 574 1582 ὄλεθρος),
589 1546 646 1573 ἀλλ’
662 1544 708 1573 οὖν
721 1555 752 1581 γε
771 1547 809 1582 μὴ
831 1546 967 1582 ὀλιγώρει.

177 1592 216 1618 Oi»
232 1591 285 1628 γὰρ
301 1593 338 1628 μὴ
363 1592 535 1628 συγχωρήσει
557 1593 572 1619 ὁ
598 1593 790 1628 παντεπύπτης
812 1593 967 1631 ὀφθαλμὸς,

177 1638 226 1672 τὴν
246 1637 344 1673 ἀρετὴν
369 1637 421 1664 ὑπὸ
435 1637 485 1673 τῆς
502 1638 601 1669 κακίας
622 1638 666 1664 διὰ
688 1637 780 1670 τέλους
802 1638 968 1673 παρευδοκι-

180 1683 304 1718 μεῖσθαι-
318 1683 384 1710 ἀλλὰ
401 1685 510 1720 ποιήσει
521 1684 611 1711 ἐκεῖνα
626 1684 643 1711 ‘a.
656 1685 728 1719 αὺτῷ
746 1685 794 1719 μὲν
811 1684 920 1720 πρέπει,
935 1685 968 1721 τῇ

177 1729 206 1757 δὲ
220 1730 303 1766 ἀρετῇ
320 1730 366 1757 καὶ
381 1731 413 1766 τῇ
431 1730 515 1766 κακίᾳ
530 1731 720 1765 χρεωστεῖται.

330 1788 379 1815 ΙΖ’.
397 1801 434 1808 --
451 1787 566 1823 ΚΥΡΡῼ
587 1788 817 1823 ΣΧΟΔΑΣΤΙΚῼ.

1052 1364 1121 1397 Etsi,
1150 1369 1178 1391 ιιι
1202 1365 1301 1393 scribis
1323 1366 1356 1393 de
1378 1365 1485 1393 Eusebii
1503 1366 1653 1401 tyrannieis
1676 1367 1809 1401 moribus,

1016 1410 1177 1445 perditionis
1200 1417 1310 1438 causam
1338 1417 1416 1438 nemo
1440 1411 1573 1445 agnoscit,
1600 1411 1645 1446 qui
1674 1412 1808 1440 virtutum

1017 1456 1156 1484 studiosus
1176 1460 1232 1490 est,
1265 1461 1364 1490 prteter
1387 1456 1512 1483 virtutem
1539 1457 1648 1491 ipsam:
1671 1458 1806 1484 Sententia

1018 1502 1091 1529 enim
1115 1502 1246 1537 anticipat
1269 1502 1411 1537 judicium,
1441 1503 1580 1538 futurique
1602 1502 1696 1536 judicii
1721 1511 1812 1531 recor-

1021 1548 1105 1581 datio,
1125 1549 1230 1577 acutior
1248 1548 1456 1576 recordantibus
1472 1549 1607 1584 pernicies
1624 1554 1685 1576 est:
1706 1554 1732 1576 at
1746 1557 1812 1576 cave

1023 1595 1153 1631 negligas.
1172 1594 1263 1630 Neque
1279 1596 1350 1623 enim
1369 1595 1509 1630 permittet
1524 1595 1568 1630 qui
1583 1595 1674 1623 omnia
1689 1600 1812 1623 contem-

1020 1640 1121 1676 platur,
1146 1641 1192 1668 Dei
1219 1641 1324 1674 oeulus,
1341 1641 1470 1668 virtutem
1486 1648 1501 1668 a
1516 1641 1584 1668 vitio
1598 1642 1630 1668 ad
1657 1645 1811 1668 extretuum

1022 1692 1106 1720 usque
1125 1684 1209 1720 gloria
1229 1686 1363 1720 superari,
1383 1686 1437 1713 itno
1463 1685 1554 1719 faciet,
1571 1693 1630 1721 qua:
1642 1693 1671 1714 se
1685 1687 1810 1720 deceant,

1022 1730 1114 1758 virtuti
1131 1738 1162 1759 ac
1175 1731 1241 1758 vitio
1253 1736 1281 1758 ut
1294 1732 1382 1760 debita
1399 1732 1558 1760 reddantur.

1162 1785 1245 1814 XVII.
1262 1803 1294 1808 —
1307 1786 1403 1815 CYRO
1421 1787 1668 1816 SCIIOLASTICO.

372 1846 469 1874 Oculos
489 1855 545 1876 esse
562 1848 654 1875 debere
669 1847 842 1875 continentes.
863 1847 951 1874 Parua
970 1853 1076 1882 peccata
1099 1847 1310 1882 prwscindcnda,
1331 1856 1362 1875 ne
1378 1856 1473 1883 magna
1493 1848 1616 1876 evadant.

216 1905 284 1932 Ἴσθι
304 1907 345 1933 ὄτι
363 1907 448 1942 ’ἐρπον
467 1907 497 1933 τὸ
514 1905 608 1934 δοκοῦν
625 1906 723 1942 μικρὸν
736 1907 860 1940 πταῖσμα
883 1903 970 1938 εἶναι,

180 1953 219 1984 εἰς
245 1952 315 1988 μέγα
328 1952 407 1988 ἕρπει
425 1953 520 1980 κακόν.
545 1953 582 1979 Τὸ
601 1952 654 1988 γὰρ
672 1953 778 1987 λέγειν,
798 1952 882 1979 οὐδὲν
895 1951 972 1986 παρὰ

179 1998 257 2025 τοῦτο
281 1998 354 2033 (57),
380 1997 428 2034 τὴν
456 1998 555 2025 κακίαν
587 1998 763 2034 ἐπικωμάσαι
786 1997 826 2032 τῷ
849 1997 898 2033 βίῳ
923 2006 972 2024 πε-

180 2044 286 2078 ποίηκε.
308 2043 404 2070 Πολλοὶ
418 2043 472 2079 γὰρ
487 2043 626 2079 νομίζουσι
641 2043 672 2070 τὸ
691 2043 921 2079 περιεργάζεσθαι
936 2044 971 2070 τὰ

179 2090 305 2126 ἀλλότρια
320 2089 405 2126 κάλλη
422 2089 504 2125 μηδὲν
517 2089 605 2117 εἶναι’
617 2091 649 2117 ὲκ
662 2090 690 2117 δὲ
700 2090 795 2117 τούτου
811 2091 838 2116 αί
854 2092 971 2125 μοιχεῖαι

1057 1905 1131 1933 Scito
1150 1906 1277 1941 exiguum
1294 1905 1320 1933 in
1338 1905 1430 1940 specie
1451 1905 1557 1938 vitium,
1577 1905 1711 1940 serpendo
1724 1913 1810 1939 gran-

1020 1950 1081 1978 dius
1097 1950 1164 1978 iicri.
1186 1951 1280 1978 Dicere
1305 1951 1377 1978 enim
1409 1950 1493 1978 illud:
1512 1950 1582 1984 Quid
1611 1955 1667 1978 tum
1699 1951 1812 1986 postea?

1021 1997 1085 2025 vitia
1105 1997 1131 2025 in
1152 1997 1205 2024 vita
1231 1998 1294 2025 fecit
1311 1998 1465 2025 mortalium
1490 1997 1654 2033 ingenerari.
1687 1997 1813 2032 Plerique

1021 2045 1092 2072 enim
1111 2045 1269 2072 existimant
1283 2044 1350 2072 nihil
1367 2051 1426 2072 esse
1443 2044 1559 2072 alienam
1583 2044 1812 2079 pulchritudinem

1021 2090 1143 2118 studiose
1156 2089 1290 2125 speculari
1313 2097 1319 2116 :
1344 2089 1416 2124 atqui
1437 2088 1633 2117 fornicationes
1655 2089 1719 2117 hinc
1736 2088 1814 2116 fatui-

722 2166 840 2194 VARl/E
858 2165 1052 2194 LECTIONES
1068 2166 1112 2194 ET
1131 2165 1247 2194 ΝΟΤᾹΞ.

215 2245 272 2278 (54)
292 2243 406 2279 Αἱδεσίῳ
423 2244 598 2275 inscribitur;
614 2244 682 2279 forte
699 2244 817 2279 Αιδησίῳ
833 2243 873 2270 vel
890 2244 966 2270 Αἱδε-

1058 2244 1114 2279 (57)
1136 2243 1319 2277 Οὐδὲνπαμὰ
1332 2244 1429 2272 τοῦτο.
1444 2243 1578 2272 ΡοιπιιιΙτε
1595 2244 1650 2272 htec
1662 2248 1738 2272 vetus
1753 2252 1814 2278 pec-

180 2281 253 2315 otpup
268 2279 319 2314 leg.
336 2278 430 2307 ﬁttest
450 2279 616 2314 Cappadocis
632 2278 773 2315 ,lamblichi
790 2278 921 2306 auditoris
938 2287 969 2306 ac

180 2314 272 2342 schola
287 2315 453 2342 successoris
470 2315 605 2349 Eunapius
627 2314 775 2342 Sardianus
796 2314 928 2345 meminit,
943 2318 971 2341 et

181 2350 296 2385 alterius
304 2350 430 2385 sophistae.
443 2350 487 2376 filii
498 2349 745 2385 Chrysanthii.’Ep.
759 2357 817 2384 seq.
830 2357 878 2383 pro
891 2357 971 2383 μεγα-

181 2383 344 2420 λοφροσύνῃ.
359 2384 410 2419 leg.
427 2385 543 2411 arbitror
556 2383 741 2419 μεγαλοσύνη,
757 2385 827 2419 qttod
843 2385 971 2418 majesta-

182 2426 233 2447 tem
247 2424 332 2449 nutat.
347 2424 373 2445 et
389 2420 431 2447 hic
448 2420 572 2453 quadrat.
591 2420 709 2446 Scuor'r.

218 2454 274 2489 (55)
294 2453 463 2480 Συνάπτεται
481 2454 540 2481 cod.
560 2454 711 2481 Sfortianus
729 2453 851 2487 producit
865 2453 890 2480 in
906 2461 969 2489 συν-

181 2488 340 2516 ανάπτεται.
361 2489 434 2518 Vers.
454 2496 502 2522 pro
526 2489 669 2515 σϐέννυται
693 2489 772 2516 codd.
791 2489 851 2516 Vat.
875 2488 926 2516 650
943 2493 972 2515 et

182 2525 234 2552 Alt.
251 2524 374 2551 serihunt
388 2524 573 2551 συσὸἑννυται.
587 2524 691 2552 Possm.

218 2559 274 2595 (36)
293 2559 344 2595 Pro
359 2559 582 2595 μεγαλοφροσύνη
598 2560 650 2587 sub
663 2559 742 2593 epist.
757 2559 767 2586 Ι
785 2563 906 2587 extrema
922 2569 970 2595 με-

181 2593 353 2636 τρόφροσύνη
364 2593 603 2636 legitur;_c:etera‘
612 2594 710 2636 iisdem.
723 2601 790 2629 pene
801 2595 900 2626 verbis,
913 2593 972 2630 qua:

183 2629 226 2656 hic
255 2633 414 2664 tractantur.
441 2630 494 2655 Sed
522 2629 763 2664 μεγαλοφροσύνην
790 2635 901 2662 usurpat
923 2629 967 2664 ep.

181 2664 244 2691 277.
263 2663 355 2700 Posset
369 2668 396 2690 et
410 2663 579 2700 psyairoedvr,
594 2664 654 2699 legi,
667 2663 778 2698 quodeo
789 2665 891 2700 ὑψηλὸν
903 2663 971 2693 dixit

183 2700 262 2732 epist.
280 2698 343 2725 251.
359 2699 432 2733 Adde
447 2704 472 2725 et
489 2699 534 2725 lib.
553 2707 570 2726 ιι
588 2698 630 2733 ep.
642 2700 704 2726 2M.
728 2698 884 2727 Aristoteles
902 2701 972 2728 hanc

183 2734 308 2760 virtutem
324 2733 350 2760 in
366 2732 546 2760 Nicomacltt'is
562 2735 651 2768 φιλίαν
668 2739 745 2762 vocat
759 2740 786 2762 et
805 2735 969 2768 ‘emezuatzv;

184 2769 210 2804 in
225 2768 330 2804 magnis
344 2772 432 2796 autem
448 2768 593 2804 Moralibus
608 2769 775 2804 σεμνότητα;
799 2770 867 2797 Itane
885 2779 971 2804 μεγα-

184 2803 363 2838 λοφροσύνην,
381 2804 441 2830 vide
462 2803 656 2838 Paraphrasten
677 2803 858 2831 Andronicum
878 2803 930 2835 ibi,
944 2811 971 2832 nt

185 2838 411 2875 interpretes,‘_el
437 2838 614 2875 Theophrasti
647 2840 769 2867 Clutract.
796 2840 859 2875 napi.
887 2841 967 2867 ama

185 2872 254 2907 διας,
269 2877 297 2900 et
313 2873 349 2900 ibi
363 2873 479 2901 Casaub.
498 2874 616 2901 Scuoir.

1022 2283 1082 2306 cata
1094 2279 1185 2306 omnia
1202 2284 1230 2305 ut
1246 2279 1315 2306 levia
1331 2284 1357 2306 et
1374 2279 1437 2306 vitia
1451 2280 1692 2311 coutemnentium,
1707 2280 1740 2307 de
1761 2287 1814 2314 qua

1023 2314 1131 2350 disserit
1157 2315 1267 2348 copiose
1292 2315 1321 2340 Β.
1337 2314 1389 2350 διο.
1414 2315 1643 2350 Chrysostomus,
1672 2315 1810 2342 inculcatis

1023 2348 1168 2376 identidem
1181 2349 1294 2384 homilia
1316 2349 1349 2376 12
1366 2350 1392 2376 itt
1416 2348 1500 2384 Epist.
1525 2350 1559 2376 ad
1577 2349 1724 2381 Romanos,
1743 2355 1769 2377 et
1787 2350 1812 2377 ίιι

1023 2384 1138 2417 priorem
1154 2383 1186 2410 ad
1202 2383 1357 2412 Corinthios
1374 2383 1445 2411 hom.
1463 2385 1496 2417 8;
1517 2385 1581 2411 item
1607 2385 1633 2411 in
1658 2385 1812 2413 Mattltteum

1022 2425 1146 2454 sermone
1163 2419 1208 2451 50,
1230 2419 1262 2446 de
1286 2419 1320 2446 iis
1342 2420 1453 2453 loquens
1469 2420 1514 2454 qui
1531 2420 1703 2454 elegantioris
1721 2419 1814 2446 formae

1023 2453 1122 2480 Calceis
1153 2454 1366 2481 delectabantur.
1392 2453 1509 2481 Rursum
1544 2453 1616 2481 Item.
1648 2455 1811 2488 octogesima

1023 2489 1137 2524 septima
1157 2489 1182 2515 in
1203 2488 1296 2516 Matth.
1321 2494 1348 2516 et
1368 2489 1515 2524 Gregorius
1531 2488 1658 2516 Nazianz.
1681 2490 1706 2515 in
1725 2489 1811 2515 locum

1023 2522 1117 2549 Matth.
1140 2530 1199 2557 cap.
1223 2532 1278 2550 xtx.
1303 2522 1463 2551 Plutarchus
1479 2532 1586 2558 quoque
1608 2524 1652 2550 lib.
1672 2524 1811 2556 Quomodo

1023 2559 1122 2593 sequis
1144 2559 1169 2584 in
1187 2559 1282 2585 uirtute
1297 2560 1393 2586 sentiat
1411 2559 1565 2593 profecisse.
1587 2560 1655 2585 hanc
1672 2560 1746 2592 punit
1762 2565 1812 2584 no~

1024 2597 1077 2619 tam
1100 2594 1122 2620 si
1140 2594 1199 2626 quis
1218 2601 1297 2621 voces
1323 2595 1404 2621 hasce
1423 2593 1603 2627 repudiaverit
1620 2602 1626 2627 ς
1650 2593 1682 2619 Τί
1707 2593 1761 2627 γὰρ
1781 2593 1813 2618 τὸ

1024 2628 1098 2663 παρά
1117 2629 1196 2655 τοῦτο
1213 2638 1220 2660 ;
1251 2629 1315 2660 καὶ,
1341 2628 1398 2655 Νῦν
1421 2629 1470 2663 μὲν
1483 2627 1578 2660 οὕτως,
1598 2626 1674 2658 αὗῦις
1688 2627 1724 2663 ,δὲ
1746 2626 1813 2662 βέλ-

1022 2662 1089 2690 τιον.
1104 2662 1182 2690 Num:
1196 2665 1298 2698 quidem
1311 2665 1349 2691 ita
1361 2671 1370 2690 :
1386 2663 1453 2690 alios
1467 2671 1526 2691 vero
1542 2663 1646 2689 melius.
1664 2662 1743 2689 Plura
1756 2663 1812 2689 col-

1024 2698 1066 2732 ligi
1088 2706 1167 2730 posse
1187 2699 1285 2726 similia
1309 2698 1561 2734 procrastinationis
1587 2702 1812 2734 contemptumque

1023 2734 1148 2760 vitiorum
1174 2735 1243 2767 apud
1269 2732 1399 2761 Senecam
1424 2737 1452 2760 et
1474 2734 1564 2759 divum
1588 2732 1812 2766 Chrysoslomum

1023 2775 1117 2794 auctor
1141 2774 1183 2796 est
1209 2769 1385 2797 (lasaubonus
1410 2769 1443 2795 ad
1467 2769 1489 2794 Α
1520 2767 1605 2794 Persii
1623 2767 1709 2794 locum
1736 2768 1810 2795 illum

1023 2806 1112 2838 satyra
1131 2812 1156 2830 ν.

1024 2873 1113 2905 Quid?
1124 2873 1199 2908 quasi
1216 2881 1338 2908 umguum
1355 2879 1444 2906 nentpc
1457 2871 1525 2898 diem
1539 2869 1632 2898 donas.
1671 2869 1791 2899 SctIO't'r.
