2049 3164
166 166 232 201 1337

638 163 905 203 ΕΡΙΒΤΟΕΑΒΗΜ
924 173 998 204 LIB.
1018 174 1052 205 V.
1068 186 1103 193 ·-
1120 175 1239 206 EPIST.
1255 176 1353 207 XXII.

1733 177 1801 211 1338

165 225 264 254 λαιτοῦ
278 225 364 252 ’ἰούδα
380 225 430 260 τὴν
443 225 669 261 φιλοχρηματίαν,
680 227 776 263 καὶμὴ
789 227 928 264 ἁνυσάσης
940 237 948 262 ;

1014 229 1148 264 efficacia,
1162 236 1191 260 ut
1201 232 1278 260 Judae
1293 232 1426 267 proditori
1440 232 1546 268 eripere
1561 232 1682 261 avaritize
1697 233 1799 263 crimen

164 274 194 300 οὐ
212 270 288 308 παρὰ
308 271 358 306 τὴν
373 271 476 298 οἰκείαν
499 271 641 298 ἀσθένειαν
652 293 659 305 ,
684 273 752 300 ἀλλὰ
768 273 843 309 παρά
859 274 889 300 τὸ
906 274 953 302 τὸν

164 318 297 346 ἀκούοντα
320 317 414 353 κύριον
429 316 499 344 εἶναι
513 318 564 352 τῆς
583 318 687 350 οἰκείας
707 318 831 354 γνώμης,
846 319 890 346 διὰ
904 319 954 355 τῆς

164 364 402 398 αὑτεξουσιότητος
416 363 488 399 ὅρον,
506 364 539 390 δι’
554 364 583 390 ὃν
598 364 645 390 καὶ
658 365 672 391 ό
684 365 733 400 τῆς
749 366 867 401 κρίσεως
881 365 954 398 ἀξιό-

163 411 251 448 χρεώς
267 411 325 437 ὲστι
340 410 427 444 λόγος·
443 410 467 436 εἰ
477 409 567 437 τοίνυν
580 409 657 437 ταῦθ’
671 409 758 442 οὕτως
772 410 839 446 ἔχει,
858 411 955 439 ἀποδο-

163 458 214 492 χῆς
227 456 277 491 μὲν
297 455 371 488 ἄξιος
386 456 400 482 ὁ
412 455 446 482 τὰ
464 454 546 482 αὑτοῦ
560 455 684 491 πληρῶν·
705 455 835 490 μέμψεως
850 456 878 483 δὲ
906 456 954 483 καὶ

163 502 333 538 κατηγορίας
357 502 371 528 ὁ
388 502 449 533 ταῖς
465 501 582 535 ἀγαθαῖς
600 502 778 537 παραινέσεσι
798 503 835 538 μὴ
858 502 953 530 πειθό-

165 560 244 587 μενος
255 560 261 567 ·
278 552 291 577 ό
303 551 331 578 δὲ
345 550 394 586 τὴν
414 550 459 577 τοῦ
476 549 531 585 (42)
552 549 708 581 πεισθέντος
723 550 891 586 κατηγορίαν
907 550 954 577 ἐπὶ

162 600 207 626 τὸν
220 599 256 634 μὴ
271 598 403 625 πείσαντα
418 597 535 633 τρέπων⁷
551 596 665 632 ἠλίθιος,
683 597 731 624 ἇτε
746 597 861 624 καὶτῶν
873 597 954 624 θείων

165 645 211 671 καὶ
230 644 283 671 τῶν
306 643 490 679 ἀνθρωπίνων,
505 643 675 679 πραγμάτων
702 643 806 678 ἀγνοῶν
831 642 880 679 τὴν
902 642 954 678 φύ-

165 699 217 718 σιν.

312 745 376 771 KA'.
398 760 432 764 —
451 745 599 780 ΛΕΟΝΤΙῼ
616 744 804 779 ΕΠΙΣΚΟΠῼ.

1005 282 1107 312 posset,
1117 283 1144 306 et
1158 286 1210 306 non
1227 279 1310 306 fecit:
1325 279 1406 314 idque
1421 286 1473 306 non
1491 285 1524 306 ex
1539 286 1587 307 sua
1602 279 1799 315 imbecillitate,

1005 323 1053 351 sed
1068 324 1139 358 quod
1154 324 1265 352 audiens
1282 324 1333 351 ista
1349 324 1434 352 ludas
1461 329 1574 361 propter
1595 325 1703 353 arbitrii
1719 325 1801 354 liber—

1007 373 1090 396 tatem
1106 375 1190 400 suam,
1205 370 1232 397 in
1251 374 1384 404 potestate
1401 371 1514 398 haberet
1532 371 1716 399 sententiam?
1741 371 1799 404 Qua

1006 417 1040 444 de
1063 424 1145 444 causa
1167 416 1262 451 judicii
1280 418 1375 445 idonea
1394 424 1436 446 est
1460 419 1592 447 defensio.
1609 420 1673 452 Qute
1687 428 1748 448 cum
1762 421 1798 448 ita

1007 463 1071 495 sint,
1088 462 1165 490 laude
1176 463 1272 498 dignus
1284 468 1325 490 est.
1339 464 1384 498 qui
1401 464 1462 490 talia
1486 472 1582 499 reapse
1605 471 1771 500 exsequatur
1788 475 1796 493 ς

1008 507 1090 543 559
1116 507 1342 543 vituperationem
1371 512 1467 536 contra
1496 517 1528 537 ac
1555 510 1795 544 reprehensionem

1008 556 1158 585 mereatur,
1187 552 1233 587 qui
1259 552 1328 579 bona
1349 553 1473 580 suadenti
1496 561 1548 580 non
1575 558 1678 587 pareat.
1694 553 1800 581 Stultus

1008 598 1100 633 itaque
1113 599 1157 633 qui
1175 598 1201 625 in
1214 598 1384 630 suadentem,
1396 599 1467 632 quod
1484 606 1535 625 non
1553 598 1725 632 per5uadeat,
1738 598 1798 625 ideo

1008 641 1231 674 accusationem,
1264 647 1357 676 utpote
1382 642 1534 669 divinarum
1566 642 1799 677 humanarumque

1009 694 1100 714 rerum
1117 687 1236 723 ignarus.
1255 693 1409 716 convertat.

1152 744 1224 771 XXI.
1238 760 1273 765 —-
1292 745 1445 773 LEONTIO
1462 745 1640 774 EPISCOI’O.

305 789 431 817 Priorum
444 789 606 818 sarerdatum
625 797 684 816 cum
698 789 740 816 sui
760 789 808 816 ωυὶ
827 789 929 824 elegans
950 794 1122 824 comparatio.
1147 789 1209 817 Vide
1227 791 1276 825 in].
1298 791 1396 818 similia
1416 792 1490 826 epist.
1508 792 1541 818 57
1563 797 1587 819 et
1609 793 1670 820 126.

201 849 314 880 Ὄντως,
332 846 424 878 καθὼς
440 846 594 882 γέγραφας,
613 845 709 873 πολλαὶ
720 847 759 878 είς
770 846 819 877 τὰς
837 845 953 881 Ἐκκλη-

167 895 227 926 σίας
241 893 424 928 ὲπεκὼμασαν
438 893 565 928 ταραχαί.
580 891 668 920 Ὅπου
679 891 770 927 γὰρτὸ
781 891 831 927 τῆς
843 892 954 927 εἰρήνης

165 938 259 972 ὄνομα,
277 937 367 963 ἐκεῖσε
384 937 419 963 τὰ
441 936 488 963 τοῦ
503 937 621 971 πολέμου
639 936 708 972 ἔργα
723 936 840 972 χορεύει.
861 936 954 964 Ταῦτα

164 982 193 1009 δὲ
214 981 358 1017 συμὸαίνει
372 982 405 1008 ἐκ
420 981 467 1007 τοῦ
491 981 575 1009 πολλὰ
591 982 637 1008 καὶ
655 981 813 1008 παντοδαπὰ
827 981 955 1017 ἡμαρτῆ-

166 1027 228 1055 σθαι
242 1028 299 1059 τοῖς
314 1027 345 1053 τὸ
361 1027 550 1054 διδασκαλικὸν
562 1026 670 1062 ἀξίωμα
689 1027 936 1062 ἐγκεχειρισμένους
946 1035 953 1042 ·

164 1070 201 1101 ὧν
213 1073 243 1100 τδ
261 1073 323 1100 καθ’
337 1072 366 1099 ἒν
387 1073 482 1105 ἐάσας,
498 1073 527 1099 ἒν
543 1074 582 1104 εἰς
596 1072 609 1099 ὃ
631 1072 720 1099 πάντα
734 1072 827 1108 βλέπει
841 1072 953 1107 γράψω,

165 1119 281 1154 πρᾶγμα
295 1117 404 1153 ἔντιμον
417 1119 464 1145 καὶ
480 1118 551 1153 μέγα
565 1118 612 1145 καὶ
631 1118 756 1153 λαμπρόν
770 1127 776 1134 ·
794 1118 841 1145 καὶ
860 1118 874 1144 ὃ
892 1119 955 1150 τοὺς

164 1166 321 1194 ἀποστόλων
340 1165 395 1201 (43)
423 1165 583 1200 συλλόγους,
599 1165 636 1197 ὡς
651 1165 799 1200 φωστῆρας
818 1164 954 1199 πανταχοῦ

163 1212 214 1246 τῆς
225 1211 388 1247 οἰκουμένης
401 1209 471 1239 εἶναι
486 1211 621 1246 πεποίηκε
632 1219 639 1226 ·
653 1211 700 1238 νῦν
715 1211 872 1247 ρᾳθυμηθεν
889 1219 956 1244 συγ-

165 1257 270 1293 χύσεως
280 1257 411 1292 ὲνέπλησε
426 1257 476 1289 τὰς
497 1257 661 1292 Ἐκκλησιας
671 1265 678 1271 ·
696 1257 722 1283 τί
741 1257 769 1283 δέ
784 1258 841 1283 ἐστι
856 1256 953 1290 τοῦτο;

165 1304 261 1339 φράσω
278 1303 347 1339 μετὰ
359 1303 516 1339 παρρησίας
528 1323 536 1335 ,
552 1304 600 1330 καὶ
617 1304 672 1338 γὰρ
685 1303 738 1330 οὐδ’
756 1303 789 1331 ἂν
803 1302 891 1334 ἄλλως
909 1302 956 1329 δυ-

164 1349 282 1384 ναίμην·
307 1349 347 1375 ὅτι
366 1349 425 1375 τότε
448 1349 497 1383 μὲν
521 1349 546 1375 ol
571 1348 712 1384 φιλάρετοι
736 1349 776 1380 είς
804 1347 954 1384 ἱερωσύνην

164 1396 325 1431 προήγοντο,
342 1395 399 1422 νυνὶ
413 1395 441 1421 δὲ
456 1395 481 1421 ot
500 1395 679 1431 φιλάργυροι·
694 1395 754 1422 τότε
770 1395 795 1421 οἱ
809 1394 955 1430 φεύγοντες

163 1441 194 1468 τὸ
209 1442 324 1477 πρᾶγμα
338 1441 382 1468 διὰ
397 1441 426 1468 τὸ
444 1441 557 1477 μέγεθος
573 1441 623 1476 τῆς
637 1441 735 1477 ἀρχῆς,
750 1440 797 1467 νῦν
816 1441 844 1467 δὲ
857 1441 882 1467 οἱ
894 1442 955 1467 ἑπι-

165 1487 303 1523 πηδῶντες
316 1486 354 1522 τῷ
367 1487 509 1522 πράγματι
522 1506 529 1518 ,
539 1486 583 1513 διὰ
599 1487 629 1513 τὺ
641 1486 756 1521 μέγεθος
769 1487 818 1521 τῆς
832 1486 951 1522 τρυφῆς.

1045 845 1103 874 Non
1118 853 1212 881 pauca:
1224 847 1360 882 profecto,
1386 853 1415 875 ut
1439 848 1473 875 ad
1494 855 1537 875 me
1550 849 1744 884 perscripsisti,
1770 850 1797 878 in

1007 891 1136 920 Ecclesiis
1153 893 1239 920 turba!
1253 898 1315 920 sunt
1330 894 1464 922 excitatae.
1492 894 1542 921 Ubi
1565 895 1638 922 enim
1654 896 1728 930 pacis
1749 904 1799 924 no-

1008 944 1081 970 men,
1096 937 1133 965 ibi
1158 945 1202 965 res
1225 938 1329 965 bellicae
1354 943 1480 974 regnant.
1494 939 1523 966 ω
1541 947 1604 967 vero
1625 940 1717 968 multis
1736 949 1797 976 gra-

1006 982 1140 1017 vibusque
1149 991 1242 1011 eorum
1257 985 1389 1018 peccatis,
1408 985 1507 1019 quibus
1521 985 1635 1013 docendi
1653 986 1720 1013 alios
1737 994 1798 1013 mu-

1007 1035 1058 1056 nus
1074 1029 1214 1061 incumbit,
1232 1034 1274 1056 est
1295 1029 1481 1064 imputandum
1501 1038 1508 1056 :
1526 1038 1584 1065 qua?
1600 1039 1654 1058 non
1678 1032 1797 1067 singula-

1007 1073 1054 1101 tim
1067 1073 1308 1102 excutiam.Unum
1323 1075 1469 1107 duntaxat,
1481 1083 1535 1109 quo
1550 1081 1673 1111 spectant
1686 1082 1795 1110 caetera,

1007 1119 1040 1146 de
1053 1119 1146 1147 ntultis
1160 1127 1297 1156 magnum,
1310 1121 1496 1148 venerandum
1511 1126 1592 1156 atque
1604 1122 1709 1150 illustre
1721 1130 1797 1150 com-

1007 1166 1185 1194 memorabo:
1210 1167 1290 1202 idque
1314 1167 1523 1202 apostolicorum
1550 1168 1670 1195 virorum
1695 1173 1796 1196 coetum

1006 1217 1036 1240 ut
1059 1212 1203 1240 luminaria
1220 1221 1269 1248 per
1286 1218 1370 1241 totum
1384 1233 1392 1246 ,
1418 1221 1472 1248 qua
1491 1214 1639 1246 habitatur,
1662 1220 1796 1242 terrarum

1006 1258 1100 1286 orbem
1115 1258 1268 1292 constituit,
1287 1266 1358 1286 nunc
1375 1259 1402 1287 id
1422 1260 1508 1294 ipsum
1525 1260 1675 1294 neglectum
1704 1259 1796 1287 Eccle-

1006 1303 1062 1331 sias
1076 1303 1103 1331 in
1118 1304 1352 1332 conturbationem
1369 1306 1460 1333 vertit.
1482 1305 1551 1338 Quid
1575 1306 1683 1333 tandem
1696 1306 1722 1333 id
1736 1305 1796 1333 est?

1006 1348 1123 1383 inquies.
1147 1349 1252 1384 Dicam,
1272 1358 1359 1386 neque
1383 1351 1455 1378 enim
1481 1352 1561 1378 aliter
1574 1359 1683 1386 queam,
1700 1351 1795 1380 libere.

1006 1394 1231 1430 Quandoquidem
1251 1396 1351 1424 virtute
1368 1401 1422 1424 tum
1442 1398 1546 1432 praediti
1561 1398 1714 1424 sacerdotio
1731 1402 1794 1424 stmt.

1005 1439 1108 1467 admoti
1126 1449 1134 1467 :
1156 1448 1229 1468 nunc
1243 1448 1309 1469 vero
1322 1442 1397 1469 avari
1414 1450 1446 1471 ac
1465 1442 1587 1477 pecuniae
1601 1442 1703 1476 cupidi.
1720 1442 1797 1470 Tunc

1005 1484 1118 1520 imperia
1145 1485 1343 1521 dignitatesque
1369 1488 1404 1515 ob
1430 1488 1468 1515 rei
1494 1488 1708 1522 magnitudinem
1720 1488 1798 1515 deru-

164 1533 232 1560 Τότε
254 1534 277 1560 οἱ
295 1533 473 1569 ἀκτημοσύνῃ
484 1533 598 1569 ἑκουσίῳ
614 1533 835 1568 ὲναῦρυνόμενοι,
853 1532 912 1559 νυνὶ
923 1532 951 1559 δὲ

1006 1530 1126 1566 giebaut,
1151 1535 1181 1559 ut
1202 1531 1401 1566 Nazianzenus,
1428 1533 1654 1568 Chrysostomus,
1677 1538 1705 1561 et
1730 1534 1796 1569 alii;

163 1581 188 1606 al
209 1579 350 1615 πλεονεξίᾳ
371 1579 488 1614 ἑκουσίῳ
511 1579 761 1615 χρηματιζόμενοι·
781 1578 842 1605 τότε
856 1579 881 1605 οἱ
899 1578 953 1614 πρὸ

163 1625 310 1661 ὀφθαλμῶν
328 1625 436 1660 ἔχοντες
460 1625 490 1652 τὺ
507 1625 578 1652 θεῖον
593 1625 769 1660 δικαστήριον
781 1644 789 1656 ,
807 1624 866 1651 νυνὶ
882 1624 911 1651 δὲ
928 1625 953 1651 οἱ

165 1672 232 1708 μηδὲ
246 1672 348 1699 ἔννοιαν
360 1671 456 1698 τούτου
470 1671 576 1708 ἔχοντες
586 1679 593 1688 ⁸
611 1671 672 1698 τότε
683 1671 708 1698 οἱ
723 1670 874 1698 τύπτεσθαι
885 1678 894 1687 ⁸
906 1670 954 1698 νῦν

163 1717 191 1743 δὲ
206 1717 229 1743 οἱ
239 1716 350 1743 τύπτειν
362 1716 466 1752 ἕτοιμοι
479 1726 486 1733 ·
503 1717 550 1743 καὶ
563 1716 590 1742 τί
601 1716 642 1743 δεῖ
651 1716 779 1743 τὰπολλὰ
788 1715 878 1749 λέγειν
890 1724 898 1749 ;
909 1723 955 1750 με·

162 1762 373 1789 ταπεπτωκέναι
385 1762 480 1788 λοιπὸν
497 1761 528 1788 τὸ
546 1761 655 1797 ἀξίωμα
671 1761 761 1794 ἔδοξεν
778 1760 832 1787 άπὸ
844 1759 955 1796 ἱερωσύ-

162 1816 212 1843 νης
219 1807 260 1839 είς
272 1807 417 1843 τυραννίδα
426 1815 432 1822 ·
442 1807 496 1834 ἀπὸ
503 1807 756 1843 ταπεινοφροσύνης
764 1807 804 1838 εἰς
812 1807 955 1842 ὑπερηφα-

163 1851 238 1879 νίαν·
259 1852 314 1879 ἀπὸ
328 1852 454 1888 νηστείας
470 1853 510 1884 εἰς
524 1853 646 1889 τρυφὴν,
667 1853 722 1880 ἁπδ
740 1852 898 1888 οἰκονομίας
913 1853 955 1885 εἰς

163 1896 322 1924 δεσποτείαν
333 1905 339 1912 ·
365 1898 397 1924 οὐ
411 1897 466 1933 γὰρ
485 1898 522 1929 ὼς
542 1898 680 1933 οἰκονόμοι
697 1897 805 1931 ἀξιοῦσι
823 1898 952 1932 διοικεῖν,

164 1941 220 1968 ἀλλ’
238 1942 275 1973 ὼς
296 1942 424 1970 δεσπόται
443 1942 659 1978 σφετερίζεσθαι.
681 1942 775 1969 Ταῦτα
791 1943 819 1971 δὲ
833 1942 865 1970 οὐ
884 1942 954 1970 κατὰ

164 1988 273 2015 πάντων
294 1988 420 2024 εἴρηται,
435 1988 504 2015 ἀλλά
517 1987 588 2015 κατὰ
609 1987 664 2015 τῶν
682 1988 782 2023 ὲνόχων
793 1997 801 2004 '
828 1988 881 2015 είσὶ
895 1988 954 2024 γάρ

164 2033 232 2059 εἰσιν
248 2033 272 2059 οἳ
288 2032 359 2060 κατά
374 2032 419 2059 τὸν
435 2033 614 2061 ἀποστολικὸν
631 2034 680 2069 μὲν
695 2033 763 2065 ζῶσι
780 2034 952 2069 χαρακτῆρα,

166 2078 243 2113 ῥῆξαι
259 2078 287 2105 δὲ
301 2079 392 2115 φωνὴν
409 2079 446 2114 μὴ
455 2079 610 2115 τολμῶντες
620 2088 627 2095 ·
643 2080 668 2106 εί
683 2080 731 2106 καὶ
743 2079 803 2108 λίαν
817 2081 870 2107 εῑσὶ
884 2081 954 2108 κατὰ

163 2123 241 2150 τοῦτο
258 2125 337 2159 μόνον
354 2126 488 2161 μεμπτοὶ,
501 2126 544 2152 ὄτι
556 2126 705 2158 δεδοικότες
724 2127 778 2154 τῶν
796 2126 953 2154 ἀκολάστων

162 2169 193 2195 τὸ
204 2170 323 2206 πλῆθος,
342 2172 373 2198 τό
391 2180 423 2206 γε
443 2172 484 2204 εἰς
503 2172 600 2205 αὐτοὺς
618 2170 697 2209 ἧκον,
714 2173 764 2209 τῆς
781 2173 952 2210 τηλικαύτης

124 2243 131 2252 ,ι
162 2215 331 2251 διορθώσεως
347 2217 488 2252 ἀμελοῦσι.

1006 1583 1077 1604 nunc
1086 1583 1150 1604 vero
1160 1584 1192 1605 ex
1204 1582 1299 1612 sponte
1311 1583 1463 1611 assumunt,
1473 1578 1508 1606 ob
1519 1579 1677 1606 deliciarum
1691 1578 1796 1613 copiam

1005 1627 1089 1659 atque
1101 1624 1243 1651 invadunt.
1260 1623 1337 1651 Tunc
1352 1624 1502 1651 voluntaria
1524 1628 1683 1659 paupertate
1697 1623 1797 1659 gloria-

1006 1669 1123 1703 bantur;
1146 1677 1218 1697 nunc
1241 1670 1356 1698 habendi
1380 1671 1528 1705 cupiditate
1552 1675 1700 1706 spontanea
1723 1677 1798 1704 quas-

1004 1721 1078 1744 stum
1109 1715 1225 1742 faciunt.
1259 1715 1336 1743 Tunc
1360 1716 1407 1743 Dei
1430 1715 1562 1750 judicium
1576 1720 1639 1743 ante
1656 1715 1749 1743 oculos
1764 1715 1797 1743 iis

1005 1763 1163 1790 versabatur
1177 1771 1185 1790 :
1198 1770 1270 1790 nunc
1288 1769 1321 1789 ne
1337 1763 1458 1796 cogitant
1470 1762 1580 1797 quidem
1600 1763 1632 1789 de
1647 1762 1702 1789 illo.
1719 1761 1796 1788 Tunc

1003 1808 1085 1844 flagra
1107 1808 1227 1844 perpeti;
1253 1816 1324 1836 nunc
1347 1809 1458 1835 verbera
1479 1808 1601 1843 infligere
1616 1807 1715 1843 parati.
1737 1807 1793 1835 Sed

1003 1854 1068 1889 quid
1096 1853 1218 1888 pluribus
1240 1857 1283 1881 est
1301 1854 1387 1889 opus?
1406 1853 1547 1881 Recidisse
1566 1853 1622 1888 jam
1651 1853 1796 1880 sacerdotii

1003 1899 1163 1935 dignitatem
1176 1900 1210 1927 ad
1225 1899 1356 1934 regnandi
1377 1899 1532 1934 cupidinem
1556 1903 1678 1934 apparet,
1692 1899 1725 1926 ab
1744 1899 1795 1926 tm-

1003 1945 1118 1973 m'tlitate
1136 1946 1169 1973 ad
1187 1945 1355 1980 superbiam,
1380 1953 1395 1972 a
1420 1945 1524 1980 jejunio
1545 1946 1579 1972 ad
1598 1945 1709 1973 delicias
1733 1953 1795 1980 pro-

1004 1991 1119 2026 lapsam,
1143 1998 1158 2018 a
1182 1991 1384 2025 dispensatione
1408 1991 1524 2025 denique
1540 1991 1572 2018 ad
1585 1990 1735 2017 dominium
1748 1998 1795 2017 vc-

1003 2037 1088 2065 nisse.
1105 2036 1164 2064 Non
1178 2037 1249 2064 enim
1266 2041 1296 2064 ut
1318 2036 1518 2071 dispensatores
1532 2037 1723 2064 administrare
1737 2043 1794 2063 rem

1004 2083 1110 2115 volunt,
1131 2082 1179 2110 sed
1202 2087 1230 2109 ut
1255 2081 1358 2109 domini
1373 2082 1425 2109 sibi
1447 2082 1555 2117 propria
1572 2082 1718 2109 vindicant.
1733 2081 1795 2109 Ilmc

1003 2134 1068 2155 vero
1084 2134 1138 2154 non
1157 2127 1184 2154 in
1199 2133 1292 2153 omnes
1303 2127 1374 2154 dicta
1389 2126 1455 2160 sint,
1472 2127 1518 2153 sed
1533 2126 1558 2153 in
1575 2133 1636 2154 reos
1649 2133 1680 2153 ac
1693 2131 1793 2154 sontes.

1004 2173 1072 2201 Sunt
1083 2173 1165 2206 enim,
1186 2177 1258 2206 sunt,
1271 2172 1393 2207 inquam,
1405 2173 1452 2207 qui
1470 2173 1549 2199 hodie
1563 2172 1598 2199 ad
1615 2172 1793 2207 apostolicam

968 2217 991 2245 D
1009 2220 1103 2247 vivunt
1123 2226 1257 2252 normam,
1267 2225 1358 2246 vocem
1374 2223 1462 2246 tamen
1475 2218 1656 2246 emitterenon
1665 2218 1792 2244 audeant.

144 2262 222 2296 \‘Quo
243 2264 324 2291 etiam
349 2269 413 2292 sunt
433 2266 543 2293 nomine
561 2266 732 2301 potissimum
758 2267 947 2303 improbandi,
964 2267 1037 2303 quod
1073 2266 1259 2302 improborum
1285 2266 1365 2293 veriti
1397 2265 1609 2299 multitudinem,
1626 2265 1698 2301 quod
1711 2264 1794 2292 officii

160 2308 205 2353 est
226 2309 357 2344 ipsorum,
378 2316 475 2345 nempe
496 2311 648 2346 huiusmodi
662 2312 807 2347 corripere,
823 2312 850 2341 id
863 2313 1018 2349 negligant.

191 2361 214 2396 ’κ
300 2366 366 2393 KB’.
384 2381 420 2386 —
435 2367 562 2395 AANIHA
581 2367 818 2404 ΠΡΕΣΒΥΤΕΡῼ.

1139 2368 1222 2396 XXII.
1240 2368 1416 2397 —DANlELl
1431 2368 1668 2398 PRESBYTERO.

717 2411 907 2447 lgnoscendum
921 2413 999 2441 etiam
1021 2421 1071 2442 non
1087 2414 1242 2449 postulanti.

199 2468 230 2495 Εἰ
245 2468 293 2495 καὶ
315 2469 329 2496 ὁ
344 2470 490 2505 χρεωστῶν
507 2478 548 2497 σοι
571 2470 719 2504 ἀπολογίαν
740 2469 803 2497 οὔτε
828 2471 953 2498 ἀπαιτεῖ-

163 2521 208 2541 ται
226 2514 280 2540 ἀπὸ
294 2514 353 2548 σοῦ,
372 2514 434 2542 οὔτε
451 2515 579 2550 ἄγχεται’
594 2515 633 2542 διὸ
647 2515 695 2543 καὶ
709 2516 790 2548 αὐτὸς
805 2516 953 2550 ἀπολογίαν

164 2559 216 2594 ἡγῇ
232 2558 304 2594 ἔχειν
315 2559 363 2586 τοῦ
381 2560 418 2596 μὴ
434 2561 530 2597 ἐκείνῳ
548 2561 788 2598 συγκεχωρηκέναι
803 2561 833 2588 τὸ
847 2562 900 2588 τῶν
913 2562 953 2594 είς

165 2604 194 2630 σὲ
211 2606 388 2641 πταισμάτων
409 2607 498 2642 χρέος,
519 2607 578 2635 ἀλλ’
599 2608 679 2640 αὐτὸς
699 2609 745 2635 καὶ
771 2609 808 2644 μὴ
824 2617 951 2644 παρακα-

163 2649 270 2684 λοῦντι,
287 2652 356 2688 μηδὲ
372 2653 538 2690 συγγνώμην
553 2653 673 2682 αίτοῦντι
696 2654 766 2681 δίδου
784 2654 886 2690 ταύτην
898 2674 906 2688 ,
924 2655 948 2682 εἰ

1045 2471 1113 2506 Etsi,
1131 2473 1177 2508 qui
1195 2478 1221 2501 te
1237 2473 1360 2506 otIendit,
1388 2481 1476 2509 neque
1493 2474 1600 2501 veniam
1614 2481 1628 2500 a
1652 2478 1678 2501 te
1702 2477 1796 2507 postu-

1007 2518 1054 2552 lat,
1075 2526 1107 2546 ac
1131 2526 1164 2546 ne
1188 2525 1329 2555 propterea
1354 2520 1461 2554 quidem
1484 2521 1614 2555 angitur:
1637 2519 1707 2546 unde
1722 2523 1748 2546 et
1765 2524 1792 2546 tu

1005 2572 1136 2593 excusare
1155 2570 1181 2593 te
1198 2573 1278 2600 posse
1300 2566 1410 2598 videris,
1438 2573 1492 2593 non
1515 2566 1644 2600 impensae
1663 2565 1793 2592 hactenus

1005 2609 1042 2637 illi
1067 2610 1137 2638 inte
1164 2611 1372 2638 commissorum
1393 2612 1498 2638 venias:
1515 2615 1542 2637 tu
1571 2615 1659 2637 tamen
1685 2610 1791 2636 veniam

1005 2655 1051 2688 illi,
1071 2655 1134 2683 licet
1151 2663 1212 2683 eam
1242 2663 1294 2683 non
1317 2655 1429 2691 rogeris,
1441 2659 1488 2682 aut
1508 2653 1644 2689 efﬂagitet,
1664 2653 1790 2688 indulge;

718 2731 835 2760 VARIZE
854 2731 1045 2760 LECTIONES
1063 2732 1107 2760 ET
1122 2731 1239 2761 NOT/E.

201 2807 254 2843 (i2)
275 2807 346 2835 Inter
365 2807 412 2835 τοῦ
436 2813 463 2836 et
488 2809 644 2842 πεισθέντος
666 2810 744 2838 codd.
766 2809 848 2837 iidem
870 2810 950 2837 ambo

165 2843 286 2870 inserttnt
303 2843 351 2878 μή.
370 2844 471 2877 possin.

201 2877 256 2914 (-43)
277 2877 498 2907 [ἰλοὰποστόλων
515 2879 573 2908 cod.
594 2880 653 2908 Vat.
670 2880 721 2909 650
738 2879 862 2918 ctVSfort.
885 2881 952 2909 scri-

1005 2811 1070 2837 bunt
1092 2810 1294 2842 ἀποστολικούς.
1323 2809 1399 2837 Vers.
1423 2807 1484 2836 inde
1504 2808 1619 2844 hiante
1642 2807 1792 2844 ἱερωσύνην

1005 2846 1082 2874 codd.
1100 2847 1156 2874 Vat.
1175 2846 1226 2874 650
1241 2851 1267 2874 ct
1280 2845 1334 2874 Alt.
1350 2845 1449 2872 addunt
1466 2844 1524 2880 τήν.
1542 2843 1578 2871 Ιυ.
