2049 3164
219 147 286 181 1343

816 148 847 178 S.
865 147 1012 178 ISIDORI
1032 146 1249 177 PELUSIOTE

1781 143 1851 175 13M:

218 210 302 239 atque
315 203 429 232 astutias
444 204 608 237 investigare
620 209 651 230 ac
670 201 775 229 rimari.
791 202 1010 230 Observandum-

1069 201 1148 235 λόγος,
1164 201 1198 228 τὰ
1216 201 1404 236 μηχανήματα
1418 199 1500 227 αὑτοῦ
1517 199 1672 235 ἀνιχνεύειν
1683 198 1730 225 καὶ
1749 199 1852 233 φυλάτ-

218 256 272 284 que
301 249 390 284 quoad
410 247 468 282 ejus
496 247 554 274 ﬁeri
579 252 676 282 potest,
691 247 809 275 maxime
831 255 892 275 cum
907 247 1008 274 amoris

218 293 308 320 colore
324 293 447 320 inescare
463 291 587 319 homines
607 292 724 320 studeat.
741 291 818 320 Tunc
833 293 906 320 enim
921 299 1007 328 expu-

218 337 296 373 gnari
315 338 429 373 capique
445 341 534 372 potest
548 336 692 366 difﬁcilius.

252 382 368 416 Quando
389 391 454 411 vero
479 383 513 411 de
533 383 705 419 dogmatibus
729 383 908 419 signiﬁcasti;
927 383 1008 420 562

217 428 286 455 scito
301 428 410 456 audisse
427 436 470 456 me
495 430 639 465 aliquando
657 437 690 457 ex
707 430 787 457 docto
810 429 870 457 viro
891 437 1009 465 evange-

219 473 286 500 listze
300 481 421 508 sensum,
437 481 580 510 propterea
605 476 676 510 quod
695 474 756 502 Filii
776 475 823 503 Dei
839 483 936 502 nomen
950 479 1009 502 astu

220 520 385 548 adornantes
405 521 587 555 inverterunt,
595 525 622 549 et
631 521 730 549 Filium
738 521 785 549 Dei
796 528 850 550 non
858 529 920 549 esse
930 528 1009 549 crea-

219 569 310 594 turam
342 570 414 594 recte
439 566 600 595 docuerunt.
631 567 715 594 Aiunt
744 566 841 595 enim:
865 566 936 600 His,
965 567 1010 602 qui

221 612 330 640 credunt
345 613 372 639 in
390 613 494 640 nomine
513 613 579 647 ejus,
596 612 668 640 dedit
693 613 731 640 eis
759 617 915 648 potestatem
938 613 1009 648 ﬁlios

221 657 370 693 Deiﬁeri‘.
401 658 433 685 Et
448 658 511 686 alibi
527 668 533 685 :
557 658 691 693 Quidquid
714 659 842 693 petieritis
861 659 889 686 in
907 659 1010 686 nomine

221 712 288 737 meo,
300 704 431 738 accipietis
441 705 462 730 ¹.
479 704 552 731 Inter
562 709 658 732 caetera
671 712 747 737 vero,
764 712 824 739 qua:
840 704 922 731 multa
935 710 1010 738 sunt,

223 748 270 776 Dei
285 749 404 782 nomina,
419 749 536 777 maxime
553 750 690 785 proprium
712 754 755 778 est
769 749 829 778 Filii
847 750 893 777 Dei
917 751 1010 786 appel-

223 793 307 822 latio:
321 794 468 822 ostendens
484 802 576 822 verum
591 802 654 822 esse
666 802 698 822 ac
712 794 869 830 genuinum,
887 799 914 821 et
932 802 1010 822 erea-

225 844 290 867 tura:
305 847 414 867 sensum
426 847 534 868 omnem
553 840 775 876 intellectumque
792 841 934 868 excedens.
950 840 1012 868 Cla-

1061 247 1156 274 τεσθαι
1173 247 1212 278 ὼς
1226 247 1379 282 ἐνδέχεται·
1393 247 1459 273 ὅταν
1478 246 1596 281 μάλιστα
1610 245 1703 280 φιλίας
1729 245 1851 280 προσχήν

1063 302 1128 330 ματι
1145 292 1259 329 δελεάζῃ
1271 300 1278 308 ·
1292 293 1353 320 τότε
1370 293 1425 329 γὰρ
1439 292 1591 324 δυσάλωτός
1609 292 1668 318 ἐστι
1681 291 1729 318 καὶ
1744 291 1852 326 δῦσμα-

1061 347 1119 374 χος.

1104 384 1213 420 Ἐπειδὴ
1229 384 1258 412 δέ
1272 384 1318 412 καὶ
1332 384 1398 420 περὶ
1411 383 1556 419 δογμάτων
1576 384 1725 419 ὲμήνυσας,
1743 383 1798 409 ῐσθι
1812 382 1855 409 δτι

1062 430 1169 466 ἧκουσά
1199 430 1265 457 ποτέ
1307 438 1382 462 τινος
1423 429 1511 456 δεινοῦ
1542 428 1714 464 καταμαθεῖν
1748 428 1854 463 ἀνδρῶν

1063 475 1265 510 εὐαγγελιστῶν
1278 475 1407 506 διάνοιαν,
1424 475 1465 501 ὅτι
1480 475 1562 501 τόκου
1579 474 1625 501 τοῦ
1652 473 1767 509 γνησίου
1791 472 1854 499 τοῦ·

1063 528 1133 555 νομα
1165 519 1306 554 ἔστρεφον,
1339 518 1590 550 κατασκευάζοντες
1620 518 1651 545 τὸ
1686 519 1723 553 μὴ
1750 517 1855 552 κτίσμα

1063 563 1133 592 εἶναι
1147 565 1192 591 τὸν
1204 565 1279 591 Υἱόν.
1299 565 1424 600 Ἔφασαν
1441 565 1505 600 γάρ·
1523 564 1590 598 Τοῖς
1604 565 1801 592 πιστεύουσιν
1810 565 1855 597 εἰς

1063 609 1096 636 τὸ
1102 608 1194 643 ὄνομα
1199 609 1292 636 αὐτοῦ
1299 608 1437 636 δεδόσθαι
1444 609 1590 641 ἐξουσίαν
1596 609 1685 636 τέκνα
1693 609 1767 636 Θεοῦ
1773 609 1856 644 γενέ-

1063 656 1152 682 σθαι,
1170 654 1235 681 Καί·
1254 650 1289 682 ’0
1306 654 1361 682 ἐὰν
1372 655 1517 689 αιτήσητε
1538 655 1573 682 ἐν
1589 655 1629 688 τῷ
1652 655 1777 690 ὀνόματί
1793 664 1854 690 μου

1064 699 1214 734 λήψεσθε’
1245 700 1330 735 όνομα
1355 700 1384 727 δὲ
1403 700 1451 727 τοῦ
1482 700 1658 736 πολυωνύμου
1686 701 1855 737 κυριώτερον

1063 745 1118 772 τῶν
1141 745 1232 773 πάλλων
1257 746 1273 781 ή
1305 745 1352 772 τοῦ
1374 745 1439 772 Υίοῦ
1475 747 1657 782 προσηγορία,
1685 747 1715 773 τδ
1741 747 1855 782 γνήσιον

1064 791 1247 826 ἐμφαίνουσα,
1261 792 1309 818 καὶ
1323 792 1374 828 τὴν
1385 792 1432 819 τοῦ
1443 792 1591 828 κτίσματος
1608 792 1712 820 ἔννοιαν
1723 793 1856 828 ἐξοστρα-

1065 837 1188 870 κίζουσι.
1208 837 1292 874 Δῆλον
1314 837 1413 877 τοίνυν,
1425 838 1466 865 ὅτι
1483 839 1539 871 τοῖς
1563 840 1613 874 μὲν
1628 840 1696 866 ﬂor
1712 839 1794 866 αὐτὸν
1812 839 1856 866 λέ-

225 892 285 912 rum
302 885 394 920 itaque
409 886 499 914 evadit
517 887 715 921 appellantibus
727 894 790 914 eum
806 885 907 913 Filium
923 887 1013 914 datam

1069 891 1159 918 γουσιν
1177 883 1256 919 ἐδόθη
1283 884 1299 919 ἡ
1317 884 1409 920 χάρις,
1425 885 1481 916 τοῖς
1498 884 1526 911 δὲ
1549 885 1655 920 κτίσμα
1669 885 1752 912 αὐτὸν
1765 885 1856 919 λέγειν

225 937 286 957 esse
300 931 414 965 gratiam
427 939 435 959 :
450 931 572 967 refugere
586 935 680 960 contra
700 931 734 959 ab
745 931 787 959 his
799 939 857 964 eos,
875 932 920 966 qui
936 939 1015 960 crea-

226 979 314 1003 turam
328 984 388 1004 esse
403 977 504 1006 audent
519 985 653 1006 asserere.
668 977 706 1005 De
719 978 810 1012 politia
825 977 895 1012 quod
912 985 1016 1012 quaere-

226 1020 285 1054 bas',
300 1028 383 1049 avens
396 1022 486 1049 omnia
503 1022 583 1050 simul
598 1022 713 1054 discere,
729 1022 824 1057 paucis
845 1023 1014 1057 respondeo;

225 1068 363 1101 videlicet,
378 1069 519 1104 gentilium
535 1069 672 1104 sapientes
696 1069 812 1104 gloriam
833 1068 938 1096 dicendi
952 1076 1016 1104 gra-

227 1113 311 1141 vitate
329 1119 356 1141 et
380 1114 457 1148 copia
479 1114 591 1149 adeptos
612 1115 777 1142 constituere
804 1114 936 1148 volentes,
951 1115 1016 1149 quid

224 1159 338 1194 justum,
356 1160 419 1195 quid
434 1160 573 1193 decorum,
585 1160 652 1195 quid
669 1160 828 1195 legitimum,
845 1165 872 1187 et
890 1160 1016 1194 denique,

226 1206 290 1240 quid
306 1205 447 1233 honestum
463 1206 508 1239 sit,
528 1207 647 1233 rationes
669 1205 790 1233 inﬁnitas
807 1205 967 1238 ati‘erentes,
986 1213 1017 1232 ac

227 1251 340 1286 prolixis
361 1252 540 1285 sermonibus,
557 1252 633 1287 quasi
661 1252 845 1288 labyrinthum
875 1252 1016 1285 ducentes,

227 1301 331 1324 tantum
346 1297 379 1324 ab
395 1304 438 1329 eo,
454 1297 527 1332 quod
542 1297 686 1325 dicendum
698 1301 767 1331 erat,
783 1297 935 1331 aberrasse,
951 1303 1019 1325 utet

226 1341 347 1377 legentes
365 1342 558 1370 ceni‘undendo
580 1343 696 1378 amplius
721 1343 922 1370 conturbarint.
948 1342 1018 1370 Ver-

227 1387 290 1415 bum
305 1395 368 1415 vero
380 1387 426 1415 Dei
441 1387 526 1415 Filius
544 1388 654 1415 insitum
670 1388 773 1415 homini
795 1388 960 1415 intellectum
978 1390 1019 1415 in-

227 1439 398 1466 staurans,et
412 1430 517 1463 a'rbitrii
531 1436 662 1470 cujusque
675 1435 827 1463 libertatem
837 1437 912 1471 justo
923 1443 954 1464 ac
970 1436 1018 1464 de-

227 1487 301 1513 corol
315 1480 434 1516 legitimo
445 1481 509 1508 item
524 1486 551 1508 et
568 1482 682 1508 honesto
699 1482 839 1517 colligans,
862 1482 937 1510 brevi
958 1489 1018 1509 ser-

228 1534 307 1554 mone
321 1527 346 1553 id
364 1534 444 1554 omne
459 1528 564 1562 aperuit
584 1535 649 1555 usus
669 1528 779 1555 verbis:
798 1536 808 1553 ι
837 1527 932 1556 Omnia
958 1535 1019 1563 quae

1065 928 1201 964 τολμῶσιν
1216 930 1232 964 ἡ
1245 929 1322 965 χάρις
1334 930 1385 956 οὐκ
1399 930 1537 966 ἐπιφοιτᾷ.
1561 930 1671 966 Ἐπειδὴ
1689 931 1718 958 δὲ
1731 931 1779 957 καὶ
1792 931 1858 966 περὶ

1066 974 1204 1006 πολιτείας
1218 974 1274 1010 (50)
1289 975 1438 1009 ἐδήλωσας,
1462 976 1552 1003 πάντα
1571 975 1638 1012 ὁμοῦ
1657 976 1752 1011 μαθεῖν
1765 975 1857 1012 γλιχό-

1068 1028 1158 1055 μενος,
1187 1021 1388 1048 ἀντεπιστέλλω
1417 1021 1558 1057 συντόμως
1573 1031 1581 1038 ·
1599 1022 1641 1049 ὅτι
1662 1023 1686 1049 oi
1718 1022 1768 1057 μὲν
1787 1022 1856 1057 παρ’

1067 1065 1180 1100 Ἕλλησι
1196 1065 1284 1100 σοφοὶ,
1304 1067 1328 1092 ol
1349 1065 1428 1098 δόξαν
1449 1066 1496 1095 ἐπὶ
1520 1067 1667 1103 σεμνότητι
1682 1067 1729 1094 καὶ
1743 1067 1857 1102 δυνάμει

1066 1110 1153 1145 λόγων
1167 1110 1242 1146 παρὰ
1262 1111 1346 1138 πᾶσιν
1361 1112 1521 1148 ἐσχηκότες,
1538 1112 1697 1148 βουλόμενοι
1714 1113 1857 1148 παραστῆ-

1068 1164 1112 1182 σαι
1125 1156 1153 1183 τί
1164 1156 1195 1183 τὸ
1209 1156 1324 1190 δίκαιον,
1339 1157 1387 1184 καὶ
1400 1158 1426 1184 τί
1443 1158 1473 1185 τὸ
1489 1158 1607 1194 πρέπον,
1625 1160 1674 1186 καὶ
1688 1160 1717 1186 τί
1734 1159 1766 1186 τὺ
1783 1159 1859 1194 νόμι-

1069 1210 1118 1237 μον
1133 1202 1180 1229 καὶ
1200 1203 1227 1230 τί
1245 1203 1275 1230 τὸ
1290 1204 1384 1236 καλὸν,
1410 1205 1524 1240 μυρίους
1543 1205 1639 1240 λόγους
1655 1205 1856 1239 ἀναλώσαντες,

1067 1249 1115 1276 καὶ
1127 1249 1268 1284 διαλόγους
1281 1250 1402 1286 μακροὺς
1413 1250 1583 1287 λαϐυρίνθων
1593 1251 1670 1278 οὐδὲν
1680 1251 1858 1286 διαφέροντας

1069 1295 1216 1327 συνιέντες,
1231 1295 1359 1322 τοσοῦτον
1371 1296 1493 1332 ἀπέσχον
1512 1296 1560 1324 τοῦ
1575 1298 1663 1325 εἰπεῖν
1675 1307 1702 1325 τι
1721 1298 1777 1325 τῶν
1787 1298 1859 1326 δεόν-

1067 1349 1132 1373 των,
1147 1341 1189 1368 ὅτι
1203 1341 1250 1368 καὶ
1261 1341 1341 1368 πλέον
1354 1342 1417 1374 τοὺς
1433 1342 1672 1377 ἀναγινώσκοντας
1687 1345 1856 1379 συγχέουσιν.

1074 1386 1104 1414 '0
1123 1386 1152 1413 δὲ
1172 1386 1310 1419 θειότατος
1326 1387 1414 1422 Λόγος
1438 1388 1512 1424 δεῦρ’
1541 1389 1732 1425 ἐπιφοιτήσας,
1753 1391 1800 1417 καὶ
1815 1390 1858 1417 τὸν

1068 1430 1189 1466 ἔμφυτον
1209 1432 1380 1468 ἀνακινήσας
1406 1433 1460 1460 τῶν
1477 1433 1631 1469 ἀνθρώπων
1651 1435 1794 1470 λογισμὸν,
1811 1437 1859 1463 καὶ

1067 1476 1118 1513 τὴν
1133 1478 1250 1506 ἑκάστου
1280 1479 1410 1515 βούλησιν
1437 1480 1499 1515 ὅρον
1524 1480 1571 1507 τοῦ
1593 1480 1711 1514 δικαίου,
1739 1482 1787 1508 καὶ
1813 1481 1859 1508 τοῦ

1069 1524 1232 1559 πρέποντος,
1248 1525 1295 1552 τοῦ
1309 1534 1339 1552 τε
1364 1525 1481 1561 νομίμου
1507 1526 1555 1552 καὶ
1572 1526 1619 1553 τοῦ
1633 1526 1718 1553 καλοῦ
1737 1527 1862 1562 πηξάμεο

227 1568 308 1598 vultis
319 1575 347 1598 ut
359 1571 461 1599 iaciant
473 1572 548 1599 vobis
562 1572 694 1603 homines.
704 1577 732 1599 et
747 1579 793 1600 vos
807 1572 888 1600 facile
904 1572 956 1600 illis
970 1572 990 1600 ³.
1006 1582 1016 1598 ι

1071 1578 1125 1601 νος.
1139 1569 1183 1597 διὰ
1198 1569 1328 1606 βραχείας
1347 1571 1454 1606 ρήσεως
1476 1571 1556 1598 τοῦτο
1575 1571 1740 1607 διεσάφησεν
1757 1572 1861 1599 ειπώνυ

228 1616 268 1644 Ne
282 1625 334 1644 non
353 1617 454 1653 scripta
468 1617 590 1653 proferre
612 1618 760 1649 videretur.
786 1618 873 1653 sigillo
892 1618 1019 1647 muniens

229 1670 289 1698 quae
306 1663 421 1696 dixerat,
435 1664 580 1699 omniaque
593 1664 752 1698 compendio
777 1664 917 1693 involvens
931 1675 938 1692 :
955 1664 1019 1692 Hm

229 1714 265 1736 est
285 1710 366 1742 enim,
380 1710 475 1744 inquit,
503 1710 545 1737 Ie:
569 1715 592 1737 et
619 1710 763 1745 prophetae.
788 1710 914 1738 Omnium
939 1711 1020 1746 igitur

230 1756 341 1783 boneste
361 1756 504 1790 factorum,
519 1757 576 1783 [nec
595 1756 684 1791 regula
699 1757 745 1789 sit,
763 1757 875 1792 utquod
893 1758 972 1784 nobis
987 1757 1020 1785 ab

230 1801 290 1828 aliis
317 1801 375 1828 ﬁeri
394 1801 523 1836 petimus,
539 1801 608 1829 idem
632 1802 698 1829 illud
718 1809 766 1830 nos
782 1802 833 1837 ipsi
851 1807 1019 1837 prmstemus.

230 1847 309 1876 Scias
331 1854 358 1875 et
386 1848 463 1881 illud,
480 1849 551 1883 quod
576 1848 622 1882 qui
650 1855 739 1875 rerum
768 1848 968 1882 pulchritudine
994 1848 1021 1876 in

232 1894 313 1922 rebus
325 1895 440 1922 conditis
453 1902 505 1921 non
517 1895 550 1921 ad
563 1895 689 1929 pietatem
704 1894 745 1922 usi
760 1893 872 1927 fuerint,
882 1901 930 1922 eos
941 1894 1022 1922 etiam

232 1939 258 1965 in
275 1943 413 1966 creaturas
430 1939 574 1974 impegisse
588 1939 704 1975 (tantum
722 1940 795 1967 enim
812 1939 897 1972 abest,
917 1945 948 1966 ut
965 1939 1023 1974 opi-

234 1984 311 2010 tinein
329 1983 410 2010 Deum
426 1986 595 2019 agnoverint,
612 1991 639 2012 ut
665 1985 724 2013 illis
745 1985 828 2012 etiam
855 1985 958 2012 cultum
982 1985 1018 2013 dis

233 2029 325 2056 vinum
349 2029 502 2066 tribuerint)
518 2030 544 2057 lii
560 2031 696 2066 sapientes
715 2039 744 2058 se
758 2038 819 2058 esse
835 2031 886 2058 rati
906 2031 933 2058 in
948 2031 1024 2066 igno-

234 2075 330 2102 rantia:
355 2075 448 2110 pelago
482 2076 605 2111 naufragi
634 2076 850 2110 praecipitarunt.
884 2076 1024 2105 Creatoris

234 2121 306 2149 enim
321 2121 453 2149 artiﬁcem
470 2122 680 2157 pradicantibus
692 2124 790 2158 (neque
807 2123 880 2150 enim
902 2123 961 2150 sine
981 2130 1024 2150 ar-

234 2165 353 2193 chitecto
365 2166 460 2193 domus
475 2165 634 2200 mditicatur,
650 2174 737 2201 neque
761 2167 821 2194 sine
846 2167 922 2194 fabro
948 2168 1025 2194 navis

235 2210 426 2245 compingitur,
444 2217 532 2245 neque
560 2210 619 2237 sine
647 2211 750 2238 musico
770 2218 902 2245 organum
927 2212 1025 2239 consti-

236 2255 395 2289 tuitur),arti
410 2257 499 2290 potius
513 2263 592 2290 quam
613 2262 744 2284 creaturas
760 2256 861 2283 faciunt
877 2255 1021 2290 iniuriam;

236 2301 360 2335 opificem
388 2301 497 2328 interim
527 2302 726 2336 praescribendo
744 2302 949 2330 submoverunt.
975 2303 1023 2331 His

237 2345 319 2381 igitur
341 2346 438 2374 merito
454 2347 534 2374 etiam
550 2348 645 2382 politia
671 2348 791 2377 evanuit.
807 2348 932 2376 Universi
949 2349 1022 2377 enim

1073 1625 1083 1642 ι
1102 1615 1196 1643 Πάντα
1211 1618 1261 1644 ὅσα
1275 1616 1367 1643 θέλετε
1382 1617 1426 1643 ἵνα
1449 1617 1564 1644 ποιῶσιν
1589 1617 1654 1652 ὑμῖν
1672 1619 1696 1645 oi
1711 1618 1862 1654 ἄνθρωποι,

1070 1662 1118 1689 καὶ
1130 1662 1210 1698 ὑμεῖς
1225 1663 1327 1689 ποιεῖτε
1342 1663 1445 1695 αὐτοῖς.
1469 1673 1479 1689 ι
1494 1661 1561 1690 Εῐτα
1577 1664 1620 1690 ἴνα
1640 1664 1678 1700 μὴ
1694 1665 1758 1700 δόξῃ
1780 1665 1864 1701 ἀγρα-

1071 1717 1120 1743 φον
1133 1709 1214 1744 νόμον
1229 1709 1289 1736 κατ’
1305 1709 1447 1744 ἐγγράφου
1465 1709 1580 1744 τιθέναι,
1598 1711 1863 1746 ἐπισφραγιζόμενος

1070 1753 1105 1780 τὰ
1116 1753 1249 1789 εἰρημένα
1276 1756 1323 1781 καὶ
1340 1754 1457 1787 δεικνὺς,
1485 1756 1527 1782 ὅτι
1547 1756 1636 1782 πάντα
1656 1757 1800 1792 συντόμως
1816 1767 1863 1784 πε-

1073 1799 1221 1835 ριείληφεν,
1249 1798 1300 1834 ἔφη
1314 1807 1321 1816 ⁴
1340 1797 1437 1833 Οὗτος
1459 1801 1519 1835 γὰρ]
1538 1801 1624 1828 ἐστιν
1636 1803 1654 1829 δ
1666 1803 1762 1837 νόμος
1776 1803 1864 1830 καὶόί

1073 1845 1234 1881 προφῆται.
1251 1846 1295 1873 Ἐν
1311 1846 1403 1878 αὐτοῖς
1413 1847 1559 1883 τοιγαροῦν
1568 1848 1675 1883 ἔχοντες
1689 1850 1801 1877 πάντων
1814 1850 1864 1876 τῶν

1073 1893 1163 1920 καλῶν
1180 1894 1225 1920 τὸν
1239 1893 1350 1926 κανόνα,
1369 1893 1383 1920 ὃ
1409 1893 1562 1929 βουλόμεθα
1590 1895 1667 1930 παρὰ
1698 1895 1755 1922 τῶν
1779 1895 1864 1922 ἄλλων

1073 1940 1139 1975 ὑμῖν
1157 1940 1342 1975 ὑπαρχθῆναι,
1358 1940 1438 1967 τοῦτο
1453 1941 1519 1976 παρ’
1533 1941 1610 1976 ἡμῶν
1627 1942 1666 1973 είς
1682 1941 1805 1972 ἐκείνους
1820 1949 1864 1976 γε-

1073 1985 1171 2014 νὲσθω.
1186 1986 1255 2013 Ἴσοι
1275 1986 1304 2012 δὲ
1319 1985 1365 2013 καὶ
1383 1986 1473 2018 τοῦτο,
1490 1987 1532 2013 ὅτι
1543 1987 1568 2013 οἱ
1579 1986 1618 2022 τῷ
1644 1987 1757 2022 μεγέθει
1768 1988 1816 2014 καὶ
1828 1987 1865 2022 τῷ

1073 2021 1168 2058 κάλλει
1190 2031 1244 2058 τῶν
1266 2032 1424 2067 κτισμάτων
1444 2032 1493 2059 οὐκ
1520 2033 1560 2064 εἰς
1581 2032 1726 2064 εὐσεϐείας
1740 2033 1865 2060 ὑπόθεσιν

1075 2076 1308 2112 ἀποχρησάμενοι,
1322 2076 1390 2104 ἀλλὰ
1404 2077 1452 2103 καὶ
1467 2077 1706 2112 προσπταίσαντες
1721 2078 1815 2110 αὐτοῖς
1826 2079 1864 2113 (οὺ

1075 2122 1131 2158 γὰρ
1152 2123 1231 2157 μόνον
1248 2122 1293 2149 τὸν
1317 2123 1490 2158 Δημιουργδν
1513 2123 1563 2150 οὐκ
1587 2124 1722 2158 ἔγνωσαν,
1740 2124 1808 2151 ἀλλὰ
1821 2125 1866 2152 καὶ

1076 2168 1167 2199 αὐτοῖς
1178 2168 1207 2194 τὸ
1220 2169 1299 2201 σέὸας
1311 2168 1441 2196 ἀνέθεσαν
1453 2166 1536 2204 (οὗτοι
1547 2170 1624 2204 σοφοὶ
1636 2170 1775 2205 οἰηθέντες
1786 2168 1863 2204 εἶναι,

1077 2215 1116 2245 εἰς
1128 2214 1159 2241 τὸ
1174 2215 1223 2250 τῆς
1237 2214 1358 2250 ἀμαθίας
1384 2215 1557 2250 ἐναυάγησαν
1585 2215 1707 2250 πέλαγος
1717 2225 1725 2232 ·
1744 2217 1800 2243 τῶν
1815 2217 1866 2253 γὰρ

1077 2260 1235 2295 κτισμάτων
1250 2261 1492 2296 ἀνακηρυττόντων
1509 2260 1554 2287 τὸν
1572 2261 1699 2297 τεχνίτην
1713 2263 1723 2298 (
1740 2263 1801 2290 οὐδὲ
1815 2264 1866 2298 γὰρ

1076 2305 1140 2332 ἄνευ
1162 2305 1354 2341 ἀρχιτέκτονος
1385 2306 1459 2332 οἰκία
1482 2305 1678 2341 οίκοδομεῖται,
1710 2307 1775 2334 οὔτε
1804 2308 1868 2334 ἀνευ

1077 2350 1219 2386 ναυπηγοῦ
1239 2351 1317 2384 ναῦς,
1346 2351 1408 2379 οὐδέ
1441 2352 1506 2380 ἄνευ
1545 2352 1696 2387 ἁρμονικοῦ
1739 2354 1867 2390 μουσικὸν

273 2434 282 2451 ⁸
296 2433 374 2463 Joan.
387 2441 407 2468 ι,
423 2433 466 2462 12.
505 2436 515 2452 ‘
530 2433 608 2462 Joan.
629 2443 683 2469 xw,
700 2436 743 2463 ii.
781 2436 791 2452 ³
808 2435 874 2464 Tob.
896 2444 933 2470 tv,
948 2436 999 2470 16;
1015 2436 1109 2464 Matth.
1126 2445 1174 2471 vn,
1194 2438 1246 2471 12;
1266 2437 1333 2466 Luc.
1352 2447 1389 2472 νι,
1402 2439 1447 2467 3|.

797 2515 913 2544 VARLE
935 2514 1130 2544 LECTIONES
1147 2515 1190 2544 ET
1212 2515 1328 2545 ΝΟΤΕ.

239 2609 273 2648 ἂν
285 2609 356 2637 ἑάλω
367 2611 472 2648 ταχέως
486 2612 554 2640 ἀλλὰ
569 2612 743 2648 προσχήματι
762 2613 863 2648 φιλίας,
879 2612 938 2647 lego
951 2612 1022 2640 οὕτω

239 2646 304 2680 γὰρ,
323 2650 351 2681 ut
367 2646 394 2673 in
406 2648 484 2680 epist.
500 2648 551 2675 144
565 2647 625 2681 ἰιιί.,
641 2646 689 2675 ubi
705 2646 797 2675 eadem
812 2649 895 2681 legas.
912 2649 1020 2680 Statim,

239 2680 432 2719 ἀποδείξαντας
445 2682 657 2719 ἶἑλεπόλεις-χρή.
674 2683 957 2719 Ηεεγεὶιίονὲλεπόλεις
973 2692 1028 2719 μη-

1077 2620 1153 2650 voce,
1171 2617 1199 2641 et
1212 2614 1363 2647 συνθέντες,
1377 2613 1524 2650 velpotius
1540 2614 1716 2650 συνείροντες.
1733 2614 1866 2642 Platonem

1075 2649 1321 2684 enimperstringit
1337 2649 1449 2684 dialogis
1462 2649 1551 2676 omnia
1570 2649 1781 2683 pertractantem
1799 2658 1806 2676 :
1822 2656 1867 2676 cu-

1074 2684 1120 2718 jus
1137 2682 1235 2719 dialogi
1248 2682 1483 2719 DeVRepubfzept
1497 2682 1603 2710 δικαίου
1625 2685 1821 2717 inscribuntur,
1841 2688 1868 2711 et

239 2716 331 2751 χαναὶ,
348 2718 454 2753 μηχανή
479 2718 570 2752 ατσ,δι’
582 2716 620 2746 ὧν
633 2716 661 2745 αἱ
672 2716 764 2749 πόλεις
773 2716 981 2752 καθαιροῦνταιζ
991 2716 1017 2745 [Ῐι

241 2752 284 2778 Itis
297 2750 431 2780 Vitruvius
440 2727 484 2781 lit.
500 2761 514 2780 ι
527 2759 554 2780 et
563 2754 722 2781 Ammianus
734 2753 880 2780 Marcellin.
893 2753 940 2780 lib.
952 2760 1015 2779 xxtv

1075 2716 1168 2745 notata
1182 2716 1302 2747 socratis
1315 2716 1440 2755 εἰρωνεία
1455 2716 1482 2746 in
1497 2719 1656 2747 disserendo
1670 2721 1742 2755 apud
1756 2719 1865 2747 Cicero-

1079 2760 1151 2781 nem.
1168 2759 1196 2781 et
1209 2754 1286 2781 alios.
1303 2754 1425 2781 Scuo’r'r.

241 2750 284 2778 Itis
297 2750 431 2780 Vitruvius
440 2750 484 2781 lib.
500 2761 514 2780 ι
527 2750 554 2780 et
563 2754 722 2782 Ammianus
734 2750 880 2780 Marcellin.
893 2753 940 2780 lib.
952 2760 1025 2779 xxtv.

241 2786 301 2813 Mox
314 2786 346 2814 de
362 2789 481 2824 gentium
500 2789 675 2824 philosophis,
694 2787 914 2824 pupfoogi).éj{opg
928 2787 1028 2824 ἀναλω-

241 2829 346 2859 σαντες,
365 2823 411 2849 καὶ
432 2823 475 2850 aut
499 2824 594 2858 λόγους
607 2822 740 2859 ’μακρυὺέ
763 2822 1028 2859 λαϐυρίνθωνοὺδὲν

239 2857 416 2893 διαφέροντας
436 2859 587 2892 συνιέντες·
617 2857 745 2895 pum-3g.
765 2857 913 2892 διαλόγους,
935 2857 1028 2893 juncta

1079 2760 1151 2785 nem,
1168 2759 1196 2781 et
1209 2754 1286 2781 alios.
1303 2754 1425 2782 Scho’r'r.

1116 2787 1171 2824 (50)
1191 2787 1263 2816 Inter
1281 2789 1471 2824 πολιτείαςηθι
1488 2788 1624 2824 ἐδήλωσας
1645 2788 1725 2816 codd.
1740 2788 1802 2817 Vati
1817 2788 1866 2816 650

1079 2827 1106 2850 et
1117 2823 1169 2850 Alt.
1185 2823 1307 2851 inserunt
1319 2824 1410 2860 τῆσδε.
1425 2823 1502 2860 Yors.
1518 2824 1579 2852 inde
1594 2825 1621 2859 6,
1636 2824 1776 2856 συνθέντες
1790 2824 1866 2852 iidem

1081 2863 1183 2893 ponunt
1198 2866 1246 2894 pro
1264 2856 1407 2892 συνιέντες,
1425 2856 1530 2888 Possm.
