2049 3164
202 150 269 183 1345

663 151 930 183 EPISTOLARUM
949 152 1022 182 LIB.
1043 153 1077 183 V.
1097 165 1132 170 —
1146 153 1264 184 EPIST.
1286 153 1393 184 XXXI.

1762 156 1830 188 13-56

202 208 318 245 συσταίη
342 209 482 246 ὄργανον),
499 209 601 237 ἐκεῖνοι
620 211 652 246 τῇ
675 210 757 246 τέχνῃ
784 209 883 246 μᾶλλον
901 209 919 245 ἢ
933 210 990 242 τοῖς

1042 210 1136 238 ducem
1153 215 1233 246 atque
1245 211 1422 240 architectum
1437 219 1452 240 e
1468 219 1518 240 suo
1543 212 1682 248 ejicientes
1698 215 1786 243 animo
1801 215 1828 242 in

199 255 353 291 «meum
381 256 628 292 προσπταίσαντες,
653 256 699 284 τὸν
730 256 896 292 δημιουργὸν
917 264 988 291 παρ-

199 301 363 338 εγράψαντο.
389 302 451 334 Τοῖς
465 299 511 329 οὖν
536 301 668 334 τοιούτοις
684 302 807 334 εἰκότως,
823 303 871 329 καὶ
893 301 923 328 τὺ
937 301 988 336 τῆς

199 348 337 380 πολιτείας
349 347 519 382 διέφθαρται.
533 347 585 376 Τὸν
597 347 652 384 γὰρ
672 348 810 383 Ἦγεμόνα
823 347 870 374 τοῦ
887 346 988 378 παντὸς

198 394 230 420 ὲκ
246 393 295 428 τῆς
310 393 415 420 ἑαυτῶν
427 393 599 425 ἐκϐάλλοντες
617 393 715 429 ψυχῆς,
729 395 783 420 πᾶν
795 392 865 425 εἶδος
881 392 987 423 ἀδικίας

198 446 228 464 τε
241 439 287 465 καὶ
302 438 433 474 πονηρίας
446 439 532 471 ἀδεῶς
545 439 610 474 δρᾷν
625 441 655 466 οὐ
668 439 875 474 παραιτοῦνται.
900 439 989 464 Ἐπει-

198 483 231 520 δὴ
248 484 277 510 δὲ
292 485 340 511 καὶ
359 485 424 520 περὶ
441 485 495 512 τῶν
518 484 668 521 ἐλλογίμων
687 485 779 520 ζητεῖς
794 484 861 519 (51),
880 483 934 510 ἴσθι
946 483 987 510 ὅτι

198 530 213 555 ὁ
227 529 365 562 θειότατος
380 530 466 565 Λόγος
485 531 531 558 τὸν
544 531 686 566 ἐλλόγιμον
709 531 760 557 οὐκ
775 529 943 562 ἀποσείεται,
963 529 986 555 εί

1041 261 1122 282 omne
1133 263 1218 290 genus
1231 257 1371 291 iniustitiae
1383 262 1411 285 et
1424 258 1607 293 improbitatis
1621 260 1751 287 audacter
1764 267 1826 294 pro-

1041 299 1109 334 lapsi
1121 307 1233 334 peccare
1248 309 1300 330 non
1309 303 1443 330 dubitant.
1456 303 1533 337 Quod
1546 305 1661 341 denique
1672 305 1706 332 de
1721 305 1830 340 sapien-

1041 345 1111 373 tibus
1137 345 1298 381 interrogas,
1312 348 1420 375 noveris
1437 348 1484 376 Dei
1510 349 1607 378 Filium
1632 350 1750 378 Verbum
1776 358 1828 377 non

1040 390 1153 426 rejicere
1165 399 1272 419 omnem
1286 393 1497 427 praecellentem,
1519 396 1542 423 si
1569 403 1600 424 ex
1617 397 1722 424 ratione
1745 397 1828 425 vitam

1042 442 1187 472 componat
1203 446 1210 465 :
1231 441 1259 465 at
1271 438 1294 465 si
1315 438 1405 466 verbis
1418 439 1548 468 duntaxat
1563 442 1778 478 philosophatur,
1800 452 1830 471 re

1041 488 1130 510 autem
1144 483 1201 517 ipsa
1215 483 1334 511 moribus
1357 484 1475 518 aberret,
1488 485 1558 513 nulla
1585 487 1643 521 ejus
1668 488 1830 524 eloquentiae

1041 528 1138 555 merito
1151 533 1194 556 est
1207 528 1277 556 ratio
1290 528 1422 556 habenda.

199 575 271 612 λόγῳ
282 577 327 604 τὸν
337 578 436 605 οἰκεῖον
456 578 582 614 ῥυθμίζοι
597 579 654 615 βίον
666 587 674 595 ο
691 580 715 605 εί
731 579 759 606 δὲ
778 579 807 606 ὲν
835 577 925 612 λόγοις
958 576 1122 613 φιλοσοφῶν,
1145 576 1237 612 ἔργοις
1266 576 1430 612 ἀφιλόσοφος
1462 577 1570 613 ὀφθείη,
1601 579 1720 614 εὐλόγως
1743 582 1803 609 οὐδὲ
1815 582 1830 609 δ

199 621 277 656 λόγος
290 622 336 649 τὸν
349 622 469 651 τοιοῦτον
486 625 630 660 προσίεται
641 624 709 660 (52).

270 679 335 708 ΚΘ.
359 695 396 701 -
413 681 549 718 ΖΩΣΙΜῼ,
573 682 718 716 mrem,
739 681 908 718 ΕΥΣΤΑΘΙῼ

1100 678 1179 715 563
1211 678 1307 706 xxnx.
1335 678 1546 715 riiizoistuo,
1575 679 1707 709 MARONI
1732 682 1776 710 ET

1333 713 1538 743 EUSTATHIO.

875 772 897 799 Α
913 771 976 798 luxu
988 770 1151 799 dehortatur.

242 831 276 862 Ἦ
291 835 374 872 πολλὴ
383 835 430 863 καὶ
438 836 583 864 ἀκατάπαυ
588 845 649 870 στος
657 837 747 873 τρυφὴ
761 836 807 864 καὶ
820 837 867 863 ἐπὶ
877 837 922 863 τὸν
931 836 987 872 (53)

203 881 279 917 παρὰ
294 881 376 916 φύσιν
400 882 570 919 παιδοτριὸεῖ
587 883 687 918 ἔρωτα¹
708 883 756 910 καὶ
767 883 856 909 πᾶσαν
876 881 922 909 τοῦ
939 881 989 917 μὲν

205 927 326 962 σώματος
341 928 391 963 τὴν
412 928 522 962 ὑγείαν·
538 929 586 965 τῆς
610 929 638 956 δὲ
651 929 741 965 ψυχῆς
764 928 926 964 λυμαίνεται
940 927 989 964 τὴν

203 973 351 1007 εὐγένειαν.
369 973 513 1001 Παύσασθε
528 975 673 1011 τοιγαροῦν
684 975 802 1010 ταύτηςο
817 975 864 1002 καὶ
890 974 927 1010 μὴ
941 983 990 1010 νη-

204 1018 317 1051 στείαις,
340 1019 409 1047 ἀλλά
432 1028 464 1054 γε
478 1021 511 1056 τῇ
541 1021 694 1057 αὐταρκείᾳ
709 1022 742 1057 τῇ
764 1021 848 1053 ὅντως
871 1020 989 1056 σώφρονι

200 1065 300 1099 τρυφῇ,
321 1064 439 1100 χρῆσθαι
455 1066 570 1098 ἑαυτοὺς
583 1066 747 1094 παιδεύσατε
758 1075 764 1082 ·
781 1067 828 1093 καὶ
849 1066 990 1102 οἰχήσεται

199 1110 216 1144 ἡ
242 1109 289 1136 νῦν
305 1110 367 1137 καθ’
388 1111 464 1146 ὑμῶν
476 1112 551 1146 παρὰ
567 1112 676 1139 πάντων
699 1113 817 1148 ᾁδομένη
844 1112 987 1148 κωμῳδία.

201 1156 232 1183 El
247 1156 275 1183 δὲ
288 1157 402 1189 ἑαυτοὺς
424 1158 464 1189 είς
481 1158 530 1194 τὴν
543 1158 663 1186 ἄϐυσσον
677 1159 727 1194 τῆς
741 1159 868 1193 λαγνείας
885 1158 990 1194 ἐμϐάλ-

200 1202 270 1235 λετε,
300 1202 338 1238 μὴ
361 1204 419 1236 τοῖς
446 1204 610 1240 κωμῳδοῦσι
634 1204 823 1240 χαλεπαίνετε,
850 1204 918 1232 ἀλλὰ
937 1205 989 1239 τῆς

200 1248 304 1280 οἰκείας
318 1249 423 1284 τρυφῆς
437 1249 672 1286 καταψηφίζεσθε,
691 1251 751 1287 τῆς,
776 1252 814 1283 ὥς
827 1261 921 1286 φασιν,
938 1252 989 1279 οὐκ

199 1293 303 1320 οίκοθεν
312 1295 592 1332 παρασκευαζομένης
602 1297 763 1333 (περίψηφοι
772 1298 827 1334 γάρ
835 1297 919 1334 ἐστε),
930 1298 988 1325 ἀλλ’

200 1339 233 1365 ἑκ
246 1338 293 1365 τοῦ
310 1340 464 1375 ἀλλοτρίαις
477 1341 651 1377 επιῤῥίπτειν
672 1342 836 1378 τραπέζαις.
859 1343 922 1370 Ἐὰν
934 1343 989 1380 γὰρ

200 1384 396 1421 διασκεδάοητε
419 1385 468 1421 τὴν
485 1386 580 1422 ἀχλὺν,
605 1387 666 1414 τότε
693 1387 792 1423 ὄψεσθε
807 1388 858 1424 τῆς
882 1396 990 1425 σωφρο-

201 1429 285 1468 σύνης
300 1432 331 1458 τὸ
342 1432 448 1466 κάλλος,
464 1432 479 1459 δ
492 1432 539 1460 νῦν
555 1434 630 1460 ἐστιν
643 1433 709 1469 ὑμῖν
724 1433 850 1463 ἀθέατον.

1076 828 1173 873 lugens
1189 844 1220 865 ac
1235 837 1378 866 continuus
1392 838 1472 866 luxus
1491 845 1552 866 cum
1572 839 1605 866 ad
1620 847 1739 868 amorem
1759 849 1830 876 prae-

1041 885 1081 908 ter
1090 886 1215 909 naturam
1227 882 1347 914 instruit,
1361 888 1414 910 tum
1430 884 1551 917 corporis
1564 892 1672 912 omnem
1685 886 1828 913 sanitatem

1036 927 1114 962 juxta
1128 932 1209 962 atque
1228 928 1309 955 animi
1324 928 1396 955 lmdit
1414 929 1592 957 nobilitatem.
1613 930 1655 957 Ab
1671 931 1721 958 hoc
1735 931 1829 966 itaque

1040 973 1191 1005 abstinete;
1207 977 1233 1000 et
1248 973 1430 1009 nonjejuniis,
1444 975 1490 1002 sed
1504 975 1645 1003 sufﬁcienti
1661 977 1721 1004 cibo
1736 978 1828 1005 mode-

1040 1019 1160 1053 ratisque
1176 1018 1280 1046 deliciis
1294 1019 1351 1053 jam
1372 1027 1445 1048 nunc
1466 1020 1505 1048 uti
1535 1022 1692 1049 assuescite.
1710 1022 1755 1050 Sic
1771 1023 1828 1055 lict,

1041 1068 1070 1090 ut
1083 1063 1152 1090 mala
1168 1063 1258 1091 omnis
1271 1063 1304 1090 de
1328 1063 1404 1091 vobis
1424 1065 1547 1099 evulgata
1573 1071 1661 1094 cesset
1681 1066 1762 1094 fama.
1781 1067 1828 1095 Sin

1040 1116 1104 1137 vero
1130 1109 1156 1136 in
1177 1116 1258 1136 omne
1281 1109 1401 1138 libidinis
1421 1118 1506 1145 genus
1526 1112 1598 1139 velut
1619 1112 1646 1139 in
1667 1113 1828 1147 profundum

1040 1155 1166 1189 abyssum
1195 1155 1380 1190 prrecipitatis.
1404 1148 1474 1183 male
1503 1157 1536 1184 de
1562 1157 1638 1185 vobis
1657 1158 1830 1192 loquentibus

1040 1199 1124 1227 nolite
1151 1199 1307 1235 indignari;
1333 1201 1398 1236 quin
1428 1202 1606 1229 domesticum
1629 1203 1718 1238 potius
1738 1203 1828 1231 luxum

1040 1246 1228 1279 condemnate,
1254 1254 1307 1274 non
1335 1251 1400 1280 tam,
1425 1252 1455 1275 ut
1486 1248 1588 1282 ferunt,
1612 1255 1704 1277 vestro
1721 1254 1828 1284 sumptu

1040 1296 1225 1326 apparatuque
1257 1292 1417 1320 instructum
1433 1292 1526 1329 (parce
1547 1294 1620 1322 enim
1641 1299 1764 1330 sumptus
1790 1294 1831 1322 fa-

1040 1337 1125 1372 citis),
1141 1345 1221 1372 quam
1237 1337 1352 1365 aliorum
1366 1346 1414 1367 vos
1428 1339 1582 1375 ingerentes
1607 1340 1717 1368 mensis.
1739 1339 1830 1374 Quare

1041 1383 1064 1410 si
1084 1383 1154 1410 hanc
1168 1383 1292 1418 caliginis
1307 1385 1404 1412 nubem
1425 1385 1604 1421 dissipabitis,
1625 1393 1738 1414 cernere
1762 1390 1829 1413 tunc

1042 1428 1133 1456 licebit
1156 1430 1352 1464 temperantia,
1377 1437 1458 1466 quam
1485 1438 1557 1459 nunc
1580 1431 1722 1466 ignoratis,
1747 1439 1831 1460 venu-

1042 1479 1139 1503 statem
1149 1496 1157 1504 .

200 1540 244 1570 A'.
263 1555 300 1563 —
323 1543 724 1581 EPMOI‘ENsrLeanosm
752 1544 814 1572 ΚΑΙ
834 1534 1024 1580 ΑιΛιΑΝῼὬ
1073 1543 1159 1572 xxx.
1191 1559 1227 1565 -
1255 1544 1710 1581 ItsnMoGENthrquttOSIo,
1745 1545 1790 1574 ET

489 1580 706 1607 ΕΠΙΣΚΟΠΟΙΣ.

1257 1579 1407 1615 AELIANO,
1434 1579 1619 1608 EPISCOPIS.

751 1635 774 1662 A
788 1636 882 1663 virtute
895 1642 947 1663 tres
958 1637 1123 1664 commendat
1136 1637 1280 1671 episcopos.

238 1692 271 1719 El
282 1692 319 1728 μὴ
334 1692 351 1727 ἡ
369 1692 511 1728 ὑπερφυὴς
523 1691 600 1728 ὑμῶν
613 1692 697 1728 ἀρετὴ
713 1691 864 1728 ὲλέγχουσά
878 1701 929 1728 μου
943 1693 990 1720 τὸν

204 1738 293 1773 λόγον,
312 1739 359 1765 καὶ
377 1738 425 1765 ἐπὶ
445 1738 499 1765 τῶν
511 1738 570 1771 νῦν,
589 1738 686 1774 (πλείω
704 1738 759 1774 γὰρ
782 1737 868 1775 ίσασι)
883 1738 931 1766 καὶ
944 1738 991 1765 ἐπὶ

205 1784 260 1811 τῶν
279 1784 426 1820 ἐσομένων,
453 1784 551 1821 (μείζω
570 1784 624 1820 γὰρ
640 1784 657 1819 ἢ
680 1783 885 1820 πιστεύσουσιν)
905 1785 992 1811 είπεῖν

204 1830 238 1858 ἂν
256 1830 392 1866 κατῆλθον
420 1830 462 1862 είς
483 1830 529 1858 τὸν
556 1830 651 1865 ἀγῶνα
670 1829 726 1858 τῶν
750 1830 891 1866 ὑμετέρων
906 1831 994 1865 ἐγκω-

206 1877 285 1913 μίων.

362 1943 426 1972 AA'.
445 1958 478 1964 -
490 1943 661 1980 mmmam
672 1941 832 1979 ΔΙΑΚΟΝῼ.

1079 1693 1135 1720 Nisi
1150 1692 1286 1721 excellens
1298 1697 1385 1721 vestra
1401 1693 1488 1721 virtus
1502 1700 1589 1721 meam
1609 1700 1761 1730 coargueus
1770 1703 1834 1724 ora-

1045 1739 1157 1771 tionem,
1173 1746 1233 1766 cum
1249 1739 1318 1773 apud
1333 1746 1389 1771 eos,
1402 1739 1448 1774 qui
1472 1739 1551 1766 modo
1575 1744 1638 1767 sunt
1658 1740 1746 1776 (plura
1761 1742 1832 1768 enim

1047 1784 1099 1819 ipsi
1122 1784 1234 1819 sciunt),
1249 1790 1304 1811 ttttn
1321 1785 1391 1819 apud
1408 1789 1530 1818 posteros
1548 1783 1655 1820 (horum
1679 1785 1752 1813 enim
1775 1786 1834 1820 opi-

1046 1829 1128 1856 nione
1144 1828 1220 1864 plura
1234 1828 1318 1862 sunt),
1337 1835 1380 1855 me
1394 1828 1465 1863 loqui
1481 1833 1594 1863 vetaret,
1608 1830 1636 1857 in
1661 1829 1770 1858 laudum
1788 1838 1834 1858 ve-

1045 1879 1163 1902 strarum
1177 1881 1302 1909 campum
1317 1881 1502 1902 excurrerem.

1183 1942 1280 1970 XXXI.
1299 1958 1334 1964 —
1347 1942 1519 1972 PALLADIO
1537 1943 1698 1973 ΒΙΑΕοΝο-

205 1999 237 2029 S.
253 1999 397 2036 Scriptum
416 2001 582 2033 incumbenti,
607 2008 660 2028 non
682 2000 800 2028 scientiae
823 2000 914 2036 causa,
937 2007 1090 2036 responsum
1111 2001 1229 2036 denegat,
1247 2009 1288 2034 ne,
1310 2001 1380 2036 quod
1399 2005 1466 2028 vetat
1490 2000 1621 2036 Christus,
1645 2007 1768 2030 sanctum
1789 2002 1832 2030 det

800 2035 919 2062 canibus.
937 2033 1043 2069 Confer.
1057 2036 1160 2071 epistol.
1177 2033 1241 2064 152.

240 2103 338 2130 Πολλοὶ
350 2103 402 2138 μέν
417 2110 509 2138 φασιν,
523 2102 565 2129 ὅτι
579 2101 630 2129 οὐκ
644 2100 731 2137 ὀρθῶς
743 2101 820 2136 βιῶν,
832 2100 899 2128 ἀλλὰ
916 2109 994 2137 περι-

207 2149 327 2176 στέλλειν
356 2148 517 2184 βουλόμενος
547 2148 582 2174 τὰ
613 2147 711 2175 ἑαυτοῦ
749 2147 922 2183 πταίσματα,
945 2146 994 2182 τὴν

207 2194 259 2222 τοῦ
270 2193 423 2230 φιλομαθὴς
450 2190 520 2220 εἶναι
545 2193 624 2227 δόξαν
645 2191 814 2229 θηρώμενος,
838 2192 995 2224 ἁκολουθεῖς

1082 2101 1214 2130 Referunt
1236 2103 1388 2138 complures
1414 2106 1449 2135 te,
1477 2110 1538 2131 cum
1568 2107 1642 2131 recte
1669 2103 1752 2131 vitam
1779 2111 1833 2131 non

1047 2148 1184 2181 instituas,
1223 2150 1270 2176 sed
1300 2153 1344 2176 tua
1371 2150 1499 2184 obtegere
1525 2149 1591 2177 vitia
1621 2149 1741 2184 labores,
1771 2150 1833 2184 glo-

1047 2195 1127 2226 riam.
1143 2195 1221 2229 quasi
1235 2195 1358 2222 discendi
1374 2196 1488 2230 cupidus
1502 2195 1551 2228 sis,
1569 2197 1706 2230 sequendo
1723 2196 1832 2225 sectari.

207 2241 265 2272 τοῖς
282 2241 391 2274 σοφοῖς⁹
409 2239 465 2274 ἐγὼ
481 2239 509 2265 δὲ
524 2239 604 2266 τοῦτο
617 2238 667 2274 μὲν
686 2239 716 2265 οὐ
733 2239 860 2274 φήσαιμι,
877 2238 944 2265 ἀλλὰ
961 2238 991 2273 τῇ

1048 2240 1178 2274 Equidem
1209 2247 1262 2267 non
1287 2240 1323 2267 ita
1337 2235 1460 2273 censeo;
1487 2240 1534 2268 sed
1561 2241 1746 2275 experimento
1770 2242 1835 2269 edo-

208 2287 294 2322 πείρα
318 2285 422 2321 μαθὼν,
441 2285 523 2312 ὅτιού
548 2285 593 2312 διὰ
605 2284 636 2311 τὸ
650 2285 749 2311 ειδέναι
763 2284 797 2311 τὰ
813 2284 863 2319 τῆς
885 2284 997 2319 Γραφῆς

208 2333 292 2360 ἄδυτα
305 2333 417 2369 ὲρευνᾷν
432 2332 578 2368 προσποιῇ,
588 2331 656 2358 ἀλλὰ
665 2331 744 2363 δόξαν
759 2331 835 2366 παρὰ
846 2330 997 2366 ἀνθρώπων

209 2376 366 2413 μνώμενος·
391 2376 442 2403 οὐκ
459 2374 662 2411 ἀποκρινοῦμαί
679 2383 732 2406 σοι,
756 2373 821 2409 θείῳ
838 2374 998 2409 πειθόμενος

208 2422 326 2459 χρησμῷ
347 2421 593 2458 παρακελευομένῳ
618 2421 655 2457 μὴ
680 2420 781 2448 διδόναι
805 2420 840 2447 τὰ
864 2421 929 2454 am
942 2421 999 2452 τοῖς

210 2468 286 2501 κυσὶ,
301 2469 369 2505 μηδὲ
387 2468 493 2505 ῥίπτειν
505 2468 568 2500 τοὺς
585 2467 758 2504 μαργαρίτας
777 2465 933 2502 ἔμπροσθεν
944 2464 998 2493 τῶν

209 2514 319 2550 χοίρων.

247 2603 259 2620 ⁵
276 2603 375 2633 Matth.
396 2611 445 2638 vn,
458 2603 495 2637 6;
517 2610 562 2637 xv,
574 2602 620 2632 26.

1048 2291 1108 2314 ctus
1123 2294 1193 2319 sum,
1216 2286 1286 2320 quod
1300 2294 1352 2313 non
1366 2291 1395 2313 ttt
1410 2294 1557 2321 cognoscas
1572 2291 1694 2314 sanctam
1709 2287 1834 2322 Scriptu-

1049 2339 1117 2364 ram,
1134 2331 1212 2367 adyta
1238 2331 1297 2365 ejus
1322 2332 1486 2366 perscrutari
1510 2339 1565 2367 pra:
1591 2336 1617 2359 te
1640 2331 1724 2364 feras,
1738 2333 1785 2360 sed
1805 2336 1836 2360 ut

1049 2373 1154 2400 laudem
1170 2374 1309 2401 hominum
1337 2375 1459 2403 ambiens
1479 2385 1486 2402 :
1504 2383 1557 2403 non
1580 2376 1626 2404 tibi
1643 2377 1777 2404 assentior
1790 2377 1836 2404 Dei

1049 2419 1159 2446 oraculo
1174 2427 1330 2454 persuasus,
1347 2421 1392 2454 qui
1404 2420 1482 2455 jubet
1494 2425 1586 2449 sancta
1611 2429 1662 2449 non
1684 2428 1748 2449 esse
1761 2420 1836 2448 cani—

1051 2465 1101 2492 bus
1115 2464 1276 2499 objiciendu,
1289 2469 1319 2493 ut
1334 2473 1382 2494 nec
1397 2466 1488 2502 porcis
1501 2467 1662 2503 margaritas
1672 2466 1694 2494 ⁸.

739 2680 857 2710 VARUE
873 2681 1065 2711 LEGTIONES
1081 2680 1125 2709 ET
1143 2680 1261 2710 ΝΟΤΛΕ.

249 2756 305 2792 (51)
324 2756 400 2790 Quod
423 2759 484 2792 post
499 2755 654 2792 ἐλλογίμων
675 2758 712 2792 in_
726 2755 798 2792 ed_ito
816 2755 924 2791 legitur,
949 2756 999 2792 ζη-

213 2790 269 2824 τεῖς
284 2790 362 2819 abest
376 2799 391 2818 a
404 2791 481 2819 codd.
499 2791 558 2818 Vat.
578 2790 630 2818 650
641 2797 668 2818 et
683 2790 736 2818 Alt.
750 2790 856 2818 Possm.

248 2827 306 2864 (Ξῖ)
324 2827 378 2864 _Pro
392 2825 522 2864 ltis,_ot36_e_
531 2825 698 2864 “enim
711 2825 998 2864 rotoﬁcovrtpoaiacatl

213 2860 272 2892 haec
288 2860 388 2891 habent
406 2862 486 2890 codd.
501 2861 586 2890 Vatic.
600 2861 652 2888 650
668 2865 695 2888 et
708 2860 774 2895 Alt.,
784 2860 844 2887 οὐδὲ
858 2860 936 2896 λόγον
952 2861 998 2888 τοῦ

1054 2756 1177 2792 τοιούτου
1189 2765 1268 2792 προσ.
1286 2756 1323 2783 In.

1089 2792 1144 2826 (53)
1163 2785 1218 2819 Ριηὸ
1229 2791 1276 2818 επὶ
1289 2791 1333 2817 τὸν
1353 2789 1446 2826 legunt
1462 2789 1508 2816 ἐπὶ
1526 2789 1589 2820 τοὺς
1605 2786 1682 2826 codd:
1707 2786 1764 2814 Vat.
1787 2785 1839 2826 6:30

1052 2832 1080 2855 et
1092 2821 1147 2854 Ὰιί.
1163 2831 1190 2855 et
1209 2834 1281 2855 vers.
1297 2834 1353 2862 seq.
1372 2821 1420 2862 pro
1435 2825 1524 2861 ἔρωτα
1542 2826 1644 2860 ponunt
1667 2821 1780 2859 ἔρωτας.
1800 2821 1838 2872 In.
