2049 3164
258 145 324 180 13.31

379 203 423 230 XI.
441 218 473 223 -—
490 203 706 231 ΜΑΒΤΙΝΙΑΝΟ
722 204 765 231 ΕΤ
789 204 924 233 ZOSIMO.

851 150 881 179 S.
905 149 1050 180 lSlDORI
1070 148 1288 179 PELUSIOT/E

1815 141 1885 175 1332

1205 206 1255 232 lA’.
1268 218 1304 224 —-—
1318 202 1545 237 ΜΛΡΤΙΝΙΔΝῼ,
1564 202 1625 228 KAl
1643 200 1777 236 ΖΩΣΙΜῼ.

915 261 1023 290 Virtuti:
1037 261 1239 290 commendatio.

297 314 396 342 Vitium
411 314 511 350 fugite,
527 322 543 343 ο
557 315 661 350 optimi.
680 316 755 344 Solet
774 317 846 344 enim
864 317 997 346 infamare
1010 325 1043 347 ac

257 361 396 389 dementes
413 361 526 388 reddere
545 369 608 389 suos
626 368 772 392 amatores.
792 363 926 391 Virtutem
955 365 1045 399 potius

257 406 411 434 sectemiui.
442 406 505 434 Haec
531 407 602 435 enim
630 409 769 443 sapientes
797 409 904 437 ellicere
934 414 1043 444 potest,

256 457 339 488 atque
355 452 382 480 in
398 453 504 480 decenti
519 453 658 481 continere
673 454 760 482 ollicio
772 475 779 487 ,
791 455 836 489 qui
851 463 910 482 eam
926 455 1043 491 amplexi

257 502 330 526 sunt.
349 498 414 531 Quae
424 499 505 526 etiam
518 507 550 526 ex
571 499 635 534 ipsis
645 500 731 528 oculis
751 500 815 528 mite
834 501 898 535 quid
915 508 947 528 ac
959 501 1044 535 placi-

257 545 322 572 dum
345 545 485 573 tuentibus
504 553 690 581 saepenumero
710 553 740 573 se
755 546 855 579 prodit,
875 547 1047 582 ostenditque

258 597 311 625 qua
325 597 402 619 mens
416 591 530 619 interius
543 591 675 619 modestia
688 591 845 619 sitimbuta.

399 689 456 718 XII.
467 705 501 710 —
518 689 644 717 ZOSIMO
665 689 904 717 PRESBYTERO.

1132 315 1260 350 Φεύγετε,
1283 312 1305 342 ὧ
1321 315 1464 351 βέλτιστοι,
1479 315 1528 348 τὴν
1546 314 1656 342 κακίαν.
1673 314 1752 348 Δεινὴ
1767 313 1822 349 γὰρ
1839 315 1886 341 ὲκ-

1097 361 1227 396 λυττῆσαι
1239 362 1286 388 καὶ.
1306 362 1486 396 παράφρονας
1503 360 1672 396 ἐργάσασθαι
1686 360 1749 391 τοὺς
1767 359 1887 390 οἰκείους

1097 408 1225 444 ἐραστάς.
1242 407 1359 434 Διώκετε
1375 407 1403 434 δὲ
1417 407 1467 443 τὴν
1484 407 1596 443 ἀρετήν.
1613 406 1692 441 Δεινὴ
1707 406 1762 441 γὰρ
1777 406 1888 439 σοφίσαι

1098 454 1146 481 καὶ
1167 455 1197 480 ὲν
1209 455 1242 489 τῇ
1266 454 1445 489 προσηκούσῃ
1464 452 1631 480 καταστάσει
1646 451 1811 487 διατηρῆσαι
1824 451 1889 483 τοὺς

1099 498 1295 534 ἀντεχομένους
1315 498 1411 532 αὐτῆς.
1424 498 1462 524 ’Ἦ
1477 506 1508 532 γε
1529 497 1578 524 καὶ
1606 497 1650 523 διὰ
1671 496 1726 523 τῶν
1740 495 1889 531 ὀφθαλμῶν

1099 545 1230 576 πολλάκις
1249 544 1353 580 ἥμερόν
1365 552 1392 570 τι
1412 543 1461 570 καὶ
1475 543 1590 578 γαληνὸν
1613 542 1767 578 βλεπόντων
1786 541 1890 568 δείκνυ-

1102 599 1154 622 σιν,
1168 590 1207 622 ὼς
1230 590 1390 617 ἐνέστακται
1419 588 1492 616 ἔνδον
1513 589 1527 616 ό
1551 588 1613 620 νοῦς
1627 587 1805 624 σωφροσύνης
1822 586 1890 614 ἀνά-

1101 637 1191 668 πλεος.

1250 690 1299 719 lB’.
1320 707 1353 712 —
1371 692 1496 727 ΖΩΣΙΜῼ
1515 690 1748 727 ΠΡΕΣΒΥΤΕΡῼ.

521 746 599 774 Jubet
614 755 629 773 (ι
652 745 762 773 scelesta
775 747 825 774 vita
841 747 981 780 abstinere,
995 751 1041 774 aut
1057 756 1072 775 a
1091 749 1175 776 sacris
1196 749 1337 784 mysteriis.
1354 747 1419 775 Vide
1434 748 1482 782 inf.
1498 756 1538 783 ep.
1555 748 1617 776 25L

296 805 424 841 Plerique
439 812 504 833 sane
516 804 590 841 (nam
608 813 702 833 omnes
718 805 808 833 dicere
823 805 919 833 durum
938 806 1049 832 verbum

1137 806 1232 834 Πολλοὶ
1245 806 1293 841 μὲν
1322 804 1363 840 (τὸ
1381 806 1433 842 γὰρ
1461 807 1565 838 πάντας
1589 806 1677 833 εἰπεῖν
1702 804 1806 841 τραχὺν
1828 803 1892 836 ἴσως

260 853 316 888 sit)
353 852 440 879 valide
464 856 544 886 atquc
563 852 630 879 adeo
653 852 751 879 acerbe
776 856 801 879 te
823 851 947 879 mordent
972 856 1052 886 atque

261 900 446 931 subsannaut;
473 902 555 932 atque
581 897 684 924 utinam
711 896 790 925 falso.
808 896 905 924 Frater
917 896 1052 931 siquidem

261 949 323 971 tuus
334 951 480 978 germanus
492 950 553 970 cum
565 942 690 978 lacrymis
701 946 728 969 et
739 942 811 970 luctu
825 942 902 975 talia,
915 949 950 969 ne
964 942 1052 969 dicam

263 989 402 1024 graviora,
415 988 493 1016 nobis
512 988 650 1021 narravit,
667 988 805 1022 ingressus
824 988 969 1014 extrahere
980 992 1016 1019 te,
1030 987 1052 1015 si

262 1033 289 1060 id
315 1032 373 1060 ﬁeri
393 1033 473 1061 modo
497 1036 596 1067 potest.
623 1039 639 1059 e
660 1032 751 1059 nimim
772 1032 901 1060 barathro
922 1032 1053 1066 libidinis,

263 1079 290 1105 in
311 1086 366 1113 quo
380 1078 482 1114 ﬂagitio
508 1078 606 1113 capitis
622 1078 660 1105 tui
682 1079 784 1105 damno
806 1078 1053 1110 consenuisti,om-

264 1131 324 1152 nem
356 1124 523 1160 repudianda
566 1123 802 1157 admonitionem,
837 1124 923 1156 vitia,
956 1123 1058 1158 quibus

264 1169 399 1204 subjaces,
416 1177 469 1198 non
480 1177 647 1205 expugnans.
663 1168 765 1204 Scripsi
779 1174 917 1204 nuper,ut
933 1170 971 1197 tui
985 1169 1055 1203 juris

266 1215 355 1244 factus
369 1236 377 1249 ,
404 1220 432 1244 et
454 1215 629 1250 impudicitiae
651 1218 702 1241 tua:
722 1214 838 1242 dedecus
863 1214 1004 1249 cogitans,
1028 1218 1055 1241 et

265 1261 383 1293 senium,
407 1260 478 1296 quod
497 1259 612 1295 obrepit,
628 1264 655 1287 et
674 1266 782 1287 sacrum
809 1259 1006 1293 sacerdotium,
1022 1260 1054 1287 ad

265 1307 337 1343 quod
355 1307 447 1335 nescio
462 1314 515 1342 qua
539 1306 704 1341 impudentia
726 1310 753 1334 te
769 1305 925 1341 ingesseris,
940 1313 1056 1341 prasen-

268 1351 304 1377 tia
327 1350 471 1382 dedecora,
497 1353 579 1383 atque
598 1348 759 1376 oﬂ‘endicula
771 1367 778 1380 ,
799 1349 922 1375 tuturum
939 1348 1055 1383 denique

269 1397 429 1432 supplicium
445 1395 630 1430 expenderes,
652 1395 780 1422 omnibus
800 1397 944 1429 coopertus
968 1393 1055 1422 scele-

268 1444 346 1471 ribus
359 1443 386 1470 in
405 1443 464 1478 ipso
482 1442 551 1469 senii
566 1443 682 1477 vitaeque
696 1442 789 1469 limine
802 1441 932 1476 juvenilia
947 1445 975 1468 et
993 1441 1055 1469 ina-

267 1490 313 1517 nia
340 1494 458 1517 sectans.
488 1488 632 1522 Quomodo
662 1496 728 1516 vero
746 1489 915 1523 juvenibus,
950 1493 981 1516 ut
995 1496 1053 1517 mo—

266 1537 343 1564 deste
379 1543 409 1564 se
445 1540 678 1570 temporauterque
711 1540 827 1570 gerant,
860 1535 1024 1570 persuadeas
1043 1555 1051 1569 ,

267 1578 289 1605 si
311 1585 345 1606 ne
371 1577 420 1606 tibi
451 1578 558 1613 quidem
590 1578 623 1606 ad
652 1583 804 1606 extremum
835 1586 920 1614 usque
949 1580 1054 1607 senium

268 1623 461 1656 persuaseris?
491 1623 562 1657 Quin
585 1624 666 1659 igitur
690 1625 785 1652 horres
799 1625 958 1660 vererisque
990 1626 1054 1653 talia

268 1669 447 1703 committere,
469 1673 496 1696 et
519 1669 614 1697 altaria
638 1670 832 1704 frequentare?
851 1670 992 1704 Quomodo
1004 1671 1054 1698 im-

268 1713 402 1741 maculata
442 1720 580 1741 sacrorum
615 1713 744 1748 mysteria
781 1714 864 1742 audes
904 1715 1058 1751 attingere?

268 1757 368 1786 llortor
380 1758 472 1794 itaque
486 1763 511 1786 te
520 1758 581 1794 (etsi
590 1759 662 1786 enim
678 1759 759 1792 dolet,
772 1764 956 1788 verumtamen
976 1761 1060 1790 libere

268 1805 368 1840 dicam)
389 1809 419 1832 ut
433 1804 475 1833 vel
488 1805 661 1833 committere
680 1805 833 1840 hujusmodi
847 1807 966 1840 desinas,
984 1808 1025 1836 vel
1041 1816 1056 1836 a

268 1849 428 1878 venerandis
449 1849 544 1878 altaris
567 1849 709 1877 sacriﬁciis
722 1850 870 1884 abstineas,
895 1859 929 1880 ne
948 1853 1056 1887 quando

270 1895 358 1930 ignem
369 1895 402 1923 de
418 1895 487 1923 caelo
501 1896 582 1931 capiti
596 1903 739 1924 accersens
751 1901 805 1930 tuo,
816 1898 931 1932 turpiter
945 1898 1054 1927 meritas

272 1946 367 1974 poenas
381 1944 409 1968 ut
420 1942 532 1975 optasti,
547 1942 615 1969 luas.

542 1995 612 2023 Xlll.
626 2012 662 2016 —
675 1997 789 2025 EIDEM.

1103 851 1306 879 κατασκευάσει
1316 850 1361 878 τὸν
1375 851 1475 886 λόγον)
1487 850 1582 882 δεινῶς
1593 851 1664 877 πάνυ
1679 851 1726 877 καὶ¹
1739 849 1848 885 πικρῶς
1863 858 1892 876 σε

1104 898 1298 935 κωμῳδοῦσιν·
1315 897 1362 930 οὓς
1381 897 1496 933 εὔχομαι
1512 898 1549 933 μὴ
1565 897 1718 932 ἀληθεύειν.
1740 896 1850 930 Ἐπειδὴ
1865 896 1894 923 δὲ

1103 945 1151 971 καὶ
1166 943 1330 979 ὁμογνήσιός
1343 943 1398 979 (52)
1411 951 1458 969 σου
1475 942 1589 976 ἀδελφὸς
1611 941 1717 977 θρηνῶν
1731 950 1760 968 σε
1773 942 1820 968 καὶ
1834 941 1893 968 ὁλο-

1104 990 1258 1026 φυρόμενος
1285 989 1319 1016 τὰ
1348 988 1429 1021 αὐτὰ,
1460 988 1505 1016 ἵνα
1531 988 1568 1024 μὴ
1592 988 1664 1022 λέγω
1692 987 1893 1023 φορτικώτερα.

1110 1035 1292 1071 Ἀπήγγειλεν
1313 1035 1391 1070 ἡμῖν,
1414 1033 1563 1061 ἀντιϐολῶν
1589 1032 1776 1068 ἀνιμήσασθαι
1804 1041 1846 1066 σε,
1870 1033 1894 1058 ει

1104 1081 1159 1109 οἶόν
1172 1091 1213 1115 τε,
1225 1082 1279 1109 ἀπὸ
1290 1081 1338 1109 τοῦ
1351 1081 1434 1117 βυθοῦ
1447 1081 1496 1116 τῆς
1510 1080 1647 1115 λαγνείας,
1665 1077 1687 1115 ᾧ
1701 1081 1749 1108 ἐπὶ
1763 1080 1803 1115 τῷ
1818 1078 1895 1114 κακῷ

1105 1130 1156 1165 τῆς
1180 1128 1264 1156 αὑτοῦ
1279 1128 1403 1163 κεφαλῆς
1429 1128 1654 1163 συγγεγήρακας,
1683 1126 1771 1153 πολλὰ
1790 1126 1896 1161 χαίρειν

1105 1177 1212 1213 φράσας
1234 1175 1274 1211 τῷ
1301 1174 1498 1210 παραινέσαντι
1526 1175 1584 1205 τοῖς
1611 1171 1830 1208 κεκρατημένοις
1859 1171 1895 1205 μὴ

1106 1223 1251 1258 ἐγχειρεῖν.
1265 1221 1396 1257 Γέγραφα
1415 1221 1490 1252 ὅπως
1507 1219 1607 1246 σαυτοῦ
1622 1219 1768 1253 γενόμενος
1787 1216 1835 1244 καὶ
1848 1217 1895 1251 τὴν

1105 1268 1156 1303 τῆς
1177 1267 1323 1302 ἀσελγείας
1338 1265 1472 1301 αἰσχύνην
1490 1265 1631 1300 ἐννοήσας,
1646 1264 1707 1290 τότε
1721 1263 1811 1297 γῆρας
1829 1263 1867 1293 εἰς
1881 1262 1895 1288 ὃ

1105 1314 1210 1350 ἕρπεις,
1226 1314 1276 1348 τήν
1291 1321 1320 1339 τε
1334 1311 1410 1339 θείαν
1424 1309 1588 1346 ἱερωσύνην,
1605 1310 1644 1340 εἰς
1657 1308 1690 1344 ἢν
1700 1309 1750 1334 οὐκ
1765 1306 1813 1334 οἷδ’
1824 1307 1895 1337 ὅπως

1106 1359 1290 1394 ὲπεκώμασας
1303 1357 1338 1385 τά.
1348 1366 1378 1385 τε
1394 1356 1515 1392 παρόντα
1530 1355 1619 1390 ὀνείδη
1636 1355 1684 1381 καὶ
1694 1353 1730 1380 τὰ
1743 1352 1895 1385 σκάνδαλα,

1105 1406 1156 1441 τήν
1175 1414 1204 1432 τε
1223 1404 1374 1440 μέλλουσαν
1395 1403 1523 1430 κόλασιν·
1540 1402 1607 1429 πᾶσι
1631 1401 1687 1432 τοῖς
1709 1399 1807 1429 κακοῖς
1822 1399 1898 1432 ἐγκα-

1106 1452 1279 1487 λινδούμενος
1296 1451 1343 1478 ἐπὶ
1358 1451 1463 1486 γήραος
1478 1448 1549 1484 οὺᾶῷ
1571 1446 1753 1483 νεωτερίζων.
1769 1445 1832 1477 Πῶς
1845 1444 1898 1480 γὰρ

1106 1499 1164 1529 τοῖς
1181 1497 1253 1529 νέοις
1277 1496 1427 1531 σωφρονεῖν
1451 1494 1639 1530 παραινέσεις,
1663 1491 1756 1527 σαυτῷ
1774 1492 1841 1527 μηδὲ
1855 1491 1899 1517 ἐπὶ

1105 1544 1211 1579 γήραος
1226 1541 1382 1578 παραινῶν;
1398 1540 1460 1573 Πῶς
1471 1540 1499 1567 δὲ
1513 1540 1544 1567 οὐ
1558 1539 1680 1575 φρίττεις
1690 1538 1806 1565 τοιαῦτα
1818 1537 1897 1572 δρῶν,

1107 1590 1156 1616 καὶ
1166 1598 1206 1625 τῳ
1219 1588 1408 1623 θυσιαστηρίῳ
1420 1586 1593 1623 π).ησιάζων;
1609 1585 1671 1617 Πῶς
1687 1585 1716 1611 δὲ
1731 1584 1836 1619 τολμᾷς
1848 1583 1898 1609 τῶν

1109 1635 1252 1672 ἀχράντων
1265 1634 1387 1669 ἅψασθαι
1402 1633 1576 1669 μυστηρίων;
1599 1630 1730 1668 Παραινῶ
1747 1630 1850 1659 τοίνυν.
1862 1629 1898 1663 (εί

1108 1681 1162 1717 γὰρ
1176 1680 1223 1707 καὶ
1232 1680 1321 1712 λυπεῖ,
1330 1679 1361 1706 τδ
1373 1679 1471 1715 ἀληθὲς
1484 1677 1555 1714 μετὰ
1566 1677 1725 1713 παρρησίας
1735 1675 1871 1708 λελέξεται
1879 1675 1896 1707 ,)

1111 1727 1130 1764 ἦ
1142 1727 1246 1754 παῦσαι
1260 1726 1374 1754 τοιαῦτα
1387 1726 1469 1763 δρῶν,
1484 1725 1501 1761 ἦ
1521 1724 1568 1752 τοῦ
1582 1723 1682 1751 σεπτοῦ
1705 1721 1896 1757 θυσιαστηρίου

1116 1774 1214 1800 σαυτὸν
1234 1773 1371 1808 χὼρισονο
1398 1772 1436 1807 μή
1451 1779 1516 1798 ποτε
1542 1769 1598 1806 πῦρ
1614 1768 1762 1805 οὐρανόθεν
1785 1767 1832 1794 ἐπὶ
1854 1766 1898 1802 τὴν

1111 1819 1209 1848 σαυτοῦ
1227 1818 1347 1855 καλέσῃς
1362 1817 1494 1854 κεφαλὴν,
1509 1817 1684 1853 παρέχουσαν
1700 1816 1758 1847 τοῖς
1771 1813 1898 1849 ῥᾳθύμοις

1110 1865 1240 1901 ἀφορμὰς
1254 1861 1292 1892 ὧν
1307 1863 1473 1899 ἐπιθυμοῦσι
1489 1862 1585 1897 λόγων.

1357 2002 1408 2031 ll".
1427 2017 1460 2023 —
1481 2002 1525 2037 Τῼ
1543 2001 1645 2036 ΑΥΤῼ.

604 2052 742 2082 Hominem
761 2054 904 2091 desperata
918 2058 1029 2086 malitia:
1045 2063 1072 2086 ut
1088 2058 1267 2086 concinnatum
1281 2066 1329 2086 tuo
1342 2058 1465 2094 relinquit
1479 2058 1566 2093 genio.

307 2111 394 2139 Audio
410 2110 447 2138 ‘in
462 2112 611 2147 sapientem
632 2117 658 2140 te
678 2113 806 2142 incidisse
823 2116 912 2143 virum
933 2117 978 2151 qui
1002 2124 1054 2144 cor

1150 2117 1324 2152 Πυνθάνομαι
1344 2117 1386 2144 ὅτι
1412 2117 1495 2151 σοφός
1515 2125 1557 2148 τις
1578 2116 1659 2151 ἀνὴρ,
1681 2115 1730 2143 καὶ
1753 2116 1902 2151 χρημάτων

273 2157 367 2192 rumpi,
377 2158 489 2192 pecunia
507 2163 633 2193 nequeat,
648 2159 757 2187 virtutis
771 2161 968 2194 perstudiosum
981 2162 1061 2198 557

272 2209 435 2238 omnemque
445 2210 555 2238 operam
567 2204 738 2232 adhibentem
754 2206 786 2233 ad
803 2207 838 2233 tui
852 2208 1060 2241 correctionem,

274 2247 416 2276 remissum
427 2253 515 2276 tamen
526 2249 573 2277 abs
581 2254 616 2283 te,
626 2250 722 2278 Infecta
734 2258 773 2284 re,
786 2252 997 2287 quasiprodcsse
1008 2262 1060 2281 nou

273 2299 373 2328 posset.
393 2294 442 2322 Tui
467 2295 538 2322 enim
555 2296 641 2324 morbi
667 2296 709 2324 vis
726 2296 812 2331 major
836 2298 909 2325 omni
932 2298 989 2332 ejus
1005 2306 1060 2326 me-

277 2339 334 2366 dela
357 2344 398 2367 est
414 2340 534 2368 inventa.
548 2340 667 2370 Decebat
678 2346 768 2370 tamen
781 2347 807 2370 te
820 2343 910 2378 specie
925 2345 1059 2372 rationum

275 2385 390 2420 eleganti
418 2385 537 2414 illectum
566 2395 622 2422 prae
656 2387 835 2416 admiratione
875 2389 1058 2425 intelligentiae

274 2430 369 2464 ipsius,
384 2434 412 2458 et.
426 2431 571 2458 reveritum
585 2430 643 2465 ejus
658 2433 827 2466 prudentiam
841 2434 874 2461 ab
887 2434 1059 2468 improbitate

274 2476 480 2510 temperare.Te
489 2483 612 2504 veronon
623 2477 721 2510 solum,
735 2486 763 2505 re
776 2479 966 2512 inlecta,illum
977 2482 1057 2508 remi<

274 2521 353 2554 sisse,
380 2529 475 2549 verum
507 2521 587 2548 etiam
599 2529 659 2549 cum
689 2523 787 2558 injuria
813 2524 980 2560 proﬂigasse,
1017 2526 1060 2553 in-

1116 2162 1264 2198 κρείττωνξ,
1286 2161 1333 2188 καὶ
1358 2161 1442 2196 ἀρετῇ
1470 2161 1675 2195 συναγωνιστὴς
1701 2160 1824 2196 ἐντυχών
1847 2169 1902 2187 σοι·

1115 2209 1163 2235 καὶ
1182 2209 1275 2236 πάντα
1297 2208 1412 2244 νικήσας
1437 2208 1487 2234 ὅσα
1510 2207 1593 2242 ἐχρῆν
1617 2206 1685 2242 πρὸς
1702 2206 1902 2242 ἐπανόρθωσιν,

1114 2253 1282 2288 ἀπεπέμφθη
1297 2252 1437 2288 ἄπρακτος
1457 2251 1539 2287 μηδὲν
1563 2250 1703 2286 ὠφελῆσαί
1719 2259 1749 2276 σε
1770 2251 1902 2287 δυνηθείς.

1114 2297 1275 2333 Κρείττονος
1289 2298 1345 2332 (53)
1368 2297 1416 2324 τοῦ
1434 2298 1482 2324 σοῦ
1499 2297 1653 2332 νοσήματος
1669 2296 1720 2330 τῆς
1739 2296 1806 2331 παρ’
1832 2295 1904 2331 αὺτῷ

1115 2344 1240 2380 ἰατρικῆς
1266 2344 1362 2379 τέχνης
1383 2343 1552 2379 εὑρεθέντος.
1579 2343 1644 2368 Δέον
1669 2342 1724 2377 γάρ
1741 2350 1773 2368 σε
1794 2350 1904 2376 γοητευ-

1113 2390 1194 2417 θέντα
1220 2390 1269 2425 μὲν
1283 2390 1321 2426 τῷ
1340 2390 1434 2417 κάλλει
1457 2389 1513 2416 τῶν
1530 2389 1687 2424 νοημάτων,
1703 2388 1859 2422 ἀγασθέντα
1874 2387 1902 2414 δὲ

1112 2436 1161 2472 τὴν
1179 2435 1298 2468 σύνεσιν,
1319 2435 1478 2463 αἱδεσθέντα
1499 2434 1528 2461 δὲ
1550 2434 1580 2460 τὸ
1597 2434 1729 2470 φρόνημα
1749 2433 1903 2461 παύσασθαι

1111 2481 1161 2515 τῆς
1187 2481 1302 2513 κακίας,
1324 2481 1354 2506 οὐ
1386 2481 1467 2515 μόνον
1495 2481 1650 2515 ἄπρακτον,
1677 2480 1747 2507 ἀλλὰ
1769 2481 1818 2508 καὶ
1846 2479 1903 2515 μεθ’

1114 2525 1220 2561 ὕϐρεως
1238 2526 1332 2553 τοῦτον
1347 2526 1513 2561 ἀπεπέμψω.
1531 2526 1563 2552 Τί
1584 2523 1629 2552 οὖν
1642 2525 1791 2561 ποιητέον;
1806 2526 1838 2553 Εἰ
1852 2525 1906 2560 γὰρ

824 2611 941 2640 ἾΔΙΗᾸΞ
962 2613 1154 2642 LECTlONES
1171 2613 1215 2642 ET
1232 2613 1349 2642 NOTtE.

311 2693 366 2729 (32)
386 2693 624 2736 Proﬁpwvﬁetoc,
639 2703 705 2736 voce
722 2695 860 2736 inusitata,
876 2706 974 2734 repone
989 2701 1052 2736 ὁμόν

1110 2709 1159 2729 vox
1176 2702 1367 2738 ὲπεκάμασας,
1386 2703 1456 2736 quod
1482 2706 1523 2730 est
1546 2701 1710 2736 lasciviorcs,
1734 2702 1797 2738 nisi,
1806 2703 1908 2730 rectius

273 2728 363 2773 γνξοςί
373 2728 611 2773 (ιιυιιείνὸμογένιος,
625 2735 653 2773 ut
666 2736 692 2756 et
706 2733 825 2773 γνήσιος,
841 2728 917 2768 quasi
930 2728 1054 2773 yovﬁclrto;

1110 2728 1374 2773 θέίὲπεπόμτιασοῖξ.
1391 2728 1774 2773 iamuiaesﬁas....aba..t.‘
1785 2728 1906 2765 Sciam:

275 2764 322 2800 vel
335 2764 468 2800 γενήσιος.
489 2764 548 2791 Mox
571 2773 618 2799 pro
637 2764 834 2800 ἀνειμήσασθαι
849 2764 995 2796 ἰεηιςιὺιιιιί
1009 2771 1041 2797 ἀν

273 2798 438 2839 ιμόρασθαιι
458 2800 529 2839 quod
550 2798 664 2839 euomere
686 2798 753 2839 est";
775 2803 926 2839 vcl‘potius
951 2804 1042 2839 ἀνειλὴ

274 2833 365 2863 σισθαι
378 2836 412 2864 ab
424 2834 547 2872 ἁνειλέω,
563 2836 660 2870 aperio,
681 2835 791 2870 explica.
814 2833 943 2873 suspecta
964 2845 990 2868 ct
1013 2833 1058 2867 illa

1147 2773 1202 2807 (55)
1224 2772 1275 2799 Pro
1291 2773 1442 2807 κρείττονος
1459 2774 1536 2801 codd.
1556 2772 1616 2800 Val.
1630 2772 1683 2800 650
1700 2777 1727 2800 et
1742 2773 1798 2800 All.
1815 2773 1909 2806 legunt

1112 2809 1245 2844 κρεῖττον.
1263 2807 1368 2837 POssut.
