2049 3164
237 148 303 179 I335

820 151 850 180 S.
872 151 1018 181 ISIDORI
1038 152 1257 182 PELUSIOT/E

1801 150 1868 182 1336

235 201 387 235 Iiarumque
401 201 482 237 553
498 202 579 229 etiam
598 203 724 230 interitus
739 208 916 232 enascuntur.
937 204 1026 233 Taceo

1083 205 1230 238 ιίκτονται,
1247 204 1293 232 καὶ
1309 206 1337 232 αἱ
1350 204 1403 232 τῶν
1418 206 1501 233 οἴκων
1520 205 1682 242 ἁνατροπαί.
1699 205 1797 232 Σιωπῶ
1815 206 1869 242 γὰρ

238 246 352 274 adhuca
368 246 445 274 nobis
463 247 545 275 etiam
563 253 627 276 ante
637 256 705 284 opus
719 249 808 284 ipsum
828 250 867 278 uti
888 251 1025 278 moechum

233 291 399 324 partiendum
414 298 486 324 esse,
504 292 549 327 qui
565 292 710 322 libidinose
725 295 934 329 contemplatur.
953 294 1027 323 Sileo

233 344 340 372 quoque
352 336 470 373 (quando
484 342 573 366 tecum
590 339 656 366 mihi
675 348 718 368 res
732 345 785 373 est,
797 341 843 376 qui
859 341 946 368 sacris
962 340 1022 368 Lit-

234 384 298 411 teris
312 391 365 410 non
380 384 446 411 satis
460 384 539 412 ﬁdem
549 385 702 422 adhibeas),
714 386 889 414 Demostheni
902 390 1027 422 prompte

233 429 307 457 credi
327 429 427 457 dicenti
445 438 451 454 :
472 440 481 456 ‹
501 430 594 464 Scito,
615 431 743 466 inquam,
766 432 837 460 bone
851 433 902 467 vir,
916 440 949 460 ne
965 440 1026 460 ora-

234 480 320 502 torem
336 476 443 510 quidem
466 476 553 511 ipsum
570 477 595 503 id
613 477 764 512 ignorasse,
777 479 824 505 sed
839 483 931 513 aperte
948 478 1024 506 voci-

233 519 350 548 feratum
367 529 373 547 :
398 521 603 556 Quotidianam,
627 523 726 558 inquit,
739 523 874 559 segnitiem
891 532 922 551 ac
934 532 1024 551 socor-

233 567 316 598 diam,
333 571 361 594 ut
380 568 408 594 in
418 568 522 602 privata
540 569 605 602 vita,
630 569 668 596 sic
694 569 776 597 etiam
795 570 824 597 in
842 569 962 606 urbibus,
973 579 1026 598 non

233 613 262 639 in
277 612 387 648 singulis
401 621 460 648 quw
479 614 659 649 negliguntur,
675 615 766 642 statim
779 615 965 649 animadverti,
980 616 1025 642 sed

234 659 262 684 in
282 666 384 686 summa
410 666 499 686 rerum
521 667 671 687 occurrere.
696 669 706 686 ι
736 660 827 693 Quare
840 660 863 687 si
880 660 956 687 illum
973 659 1026 687 [ide

235 703 345 738 dignum
361 704 473 738 dixeris,
491 705 574 732 etiam
589 706 632 733 hic
647 706 825 741 persuaserit,
842 713 925 740 parva
941 705 1023 733 etiam

235 754 344 783 peccata
367 750 511 778 resecando
536 751 649 783 ducens,
673 758 706 778 ne
736 750 839 784 majora
865 750 913 779 tibi
941 751 1027 787 impe-

235 799 306 823 rent.

429 853 524 881 XVIII.
539 869 572 874 —
584 853 699 882 ESAIA‘J
717 854 832 882 MILITI.

1076 251 1155 284 τέως,
1169 251 1210 278 ὅτι
1227 252 1293 287 παρ’
1307 253 1375 287 ἡμῖν
1390 253 1437 279 καὶ
1454 252 1506 288 πρὸ
1522 252 1571 288 τῆς
1593 252 1719 288 πράξεως
1733 253 1747 279 6
1767 252 1869 279 ἀκολά-

1079 305 1149 329 στως
1162 296 1244 333 ὁρῶν,
1257 297 1294 329 ὡς
1308 298 1400 334 μοιχὸς
1414 298 1568 331 κολάζεται.
1589 298 1688 325 Σιωπῶ
1701 298 1739 329 δὲ,
1749 298 1789 325 ὃτι
1802 298 1871 334 πρὸς

1078 343 1109 369 σέ
1125 351 1170 378 μοι
1187 343 1235 370 νῦν
1256 344 1270 370 6
1282 343 1371 378 λόγος,
1385 343 1431 371 τὸν
1445 346 1505 376 ταῖς
1522 345 1607 381 ἱεραῖς
1624 343 1674 379 μὲν
1687 344 1810 379 Γραφαῖς
1831 345 1870 380 μὴ

1077 386 1259 419 πιστεύοντα,
1280 388 1446 423 Δημοσθένει
1465 388 1493 415 δὲ
1512 389 1641 423 ἐκθύμως
1661 388 1804 415 πείθεσθαι
1825 389 1871 415 λέ-

1077 439 1170 465 γοντα.
1198 432 1268 459 Ἰσῦι
1295 433 1399 466 τοίνυν,
1421 430 1443 460 ὦ
1463 433 1604 469 βέλτιστε,
1631 434 1672 460 ὅτι
1686 434 1747 460 οὐδὲ
1767 435 1872 461 ἐκεῖνον

1077 477 1106 504 τὸ
1128 477 1234 504 τοιοῦτο
1257 478 1395 512 διέλαθεν,
1409 479 1477 506 ἀλλὰ
1492 480 1641 516 διαρρήδην
1655 480 1705 516 βοᾷ
1719 488 1726 495 ’
1760 480 1796 507 Ἠ
1806 480 1872 506 καθ’

1077 523 1192 558 ἡμέραν
1199 524 1343 559 ῥᾳστώνη
1359 525 1408 552 καὶ
1421 526 1571 561 ῥᾳθυμία,
1591 521 1693 560 ὥᾶπερ
1710 522 1773 559 τοῖς
1787 526 1874 558 ἰδίοις·

1074 570 1166 604 βίοις,
1176 570 1253 598 οὕτω
1263 570 1322 598 κᾶν
1330 572 1394 605 ταῖς
1404 573 1537 599 πόλεσιν
1546 573 1601 600 οὐκ
1610 573 1660 607 ἀφ’
1670 572 1801 599 ἑκάστου
1814 571 1874 599 τῶν

1077 616 1292 652 ἀμελουμένων
1316 617 1399 644 ποιεῖ
1417 618 1475 653 τὴν
1489 618 1636 652 αἴσθησιν
1658 618 1784 651 εὐθέως,
1802 617 1872 645 ἀλλ’

1076 662 1125 689 ἐπὶ
1141 661 1182 695 τῷ
1199 663 1352 697 κεφαλαίῳ
1378 662 1438 691 τῶν
1464 664 1642 698 πραγμάτων
1665 663 1786 696 ἀπαντᾷ
1806 662 1870 696 (38).

1077 709 1108 736 El
1126 709 1216 737 τοίνυν
1229 710 1386 743 ἀξιόπιστον
1403 711 1485 738 αὐτὸν
1501 711 1565 746 ἡγῇ,
1587 710 1640 737 κᾶν
1657 709 1731 745 αὐτῷ
1754 709 1869 742 πείθοιο,

1077 755 1123 782 καὶ
1142 755 1176 782 τὰ
1188 756 1276 792 μικρὰ
1295 757 1444 793 περίκοπτε
1461 757 1632 791 πταίσματα,
1647 756 1692 782 ἴνα
1707 755 1742 782 τὰ
1763 754 1869 791 μεγάλα

1078 801 1145 836 μηδὲ
1160 801 1248 838 ἀρχὴν
1263 802 1380 829 λάϐοιεν.

1247 859 1301 887 IH'.
1319 873 1355 880 —
1372 858 1477 894 ΗΣΑΙᾼ
1496 858 1700 894 “unum.

486 911 602 947 Quisque
612 921 643 940 ex
654 921 702 940 suo
718 913 806 940 animo
815 913 920 947 judicat
936 912 969 940 de
991 912 1063 940 aliis.
1091 913 1154 942 Vide
1169 916 1243 950 epist.
1263 915 1327 949 223,
1344 916 1408 949 398,
1439 921 1464 944 et
1483 916 1546 943 550.

271 970 399 998 Mortales
421 970 582 1006 plerumque
593 979 626 999 ex
650 971 708 999 suis
733 971 902 998 rebnsetiam
919 971 952 998 de
969 970 1030 999 aliis

1117 971 1214 998 Πολλοὶ
1240 972 1295 999 τῶν
1322 972 1474 1008 ἀνθρώπων
1496 971 1528 998 ἐκ
1542 970 1597 998 τῶν
1613 971 1673 998 καθ’
1693 969 1807 1001 ἑαυτοὺς
1827 970 1872 996 καὶ

232 1015 366 1050 judicium
380 1015 482 1044 ferunt.
498 1017 548 1050 Qui
563 1017 635 1045 enim
656 1017 778 1052 pecunia:
802 1017 934 1045 habenda:
952 1017 1030 1052 cupi—

235 1063 285 1090 dus
311 1067 363 1095 est,
384 1062 520 1090 neminem
545 1063 694 1091 arbitratur
708 1070 791 1098 egere
807 1073 813 1090 :
834 1063 909 1090 salax
926 1070 990 1090 vero
1004 1067 1032 1091 et

235 1107 398 1142 impudicus,
415 1108 601 1136 continentem
618 1109 766 1137 neminem.
785 1108 913 1136 Immanis
926 1113 953 1136 et
965 1116 1029 1136 cru-

236 1152 303 1179 delis
319 1153 421 1180 nullum
436 1158 512 1188 putat
529 1154 675 1181 humanum
690 1154 823 1182 exsistere
838 1164 845 1182 :
861 1161 949 1189 neque
965 1161 1030 1182 ava-

238 1206 285 1226 rus
302 1199 507 1228 misericordem
523 1205 569 1228 aut
590 1200 741 1228 liberalem.
764 1200 864 1229 Contra
881 1208 946 1229 vero
963 1207 1030 1229 tem-

237 1253 337 1278 perans
353 1246 453 1274 multos
469 1247 511 1275 sui
532 1247 634 1275 similes
647 1247 773 1283 agnoscit
788 1254 794 1273 :
809 1247 932 1283 indigens
953 1248 1030 1276 simi-

239 1290 303 1317 liter
318 1298 348 1318 ae
365 1291 561 1325 perhumanus.
575 1292 756 1325 Quamobrem
779 1292 802 1320 si
817 1297 911 1320 contra
935 1300 1030 1321 omnes

233 1336 401 1369 judicaveris
417 1337 478 1374 (nec
492 1339 564 1366 enim
591 1339 662 1367 idem
690 1339 723 1367 de
745 1338 872 1367 omnibus
892 1344 934 1367 est
946 1338 1019 1373 judi-

237 1383 319 1415 cium,
337 1387 366 1410 ut
382 1388 454 1412 recte
467 1384 588 1420 dicitur),
603 1384 671 1412 nihil
690 1385 868 1413 admiramur.
884 1383 1030 1412 Consenta-

237 1435 318 1455 neunt
339 1433 381 1456 est
397 1433 423 1457 et
438 1429 510 1457 idem
529 1430 576 1458 tibi
594 1430 749 1458 usuvenire.

504 1485 576 1514 XIX.
593 1502 627 1507 —
639 1487 755 1515 EIDEM.

1080 1016 1146 1052 περὶ
1161 1017 1215 1045 τῶν
1231 1017 1318 1045 ἄλλων
1331 1017 1381 1050 τὰς
1396 1018 1504 1053 ψήφους
1519 1017 1692 1053 ἐκφέρουσιν.
1713 1016 1741 1043 '0
1759 1015 1809 1051 μὲν
1820 1015 1874 1049 γὰρ

1081 1063 1286 1099 φιλοχρήματος
1299 1064 1330 1091 οὺ
1347 1065 1469 1092 πιστεύει
1484 1062 1554 1091 εἷναί
1567 1072 1629 1090 τινα
1640 1063 1794 1098 ἀκτήμονα,
1815 1060 1874 1087 οὑδὲ

1081 1109 1095 1135 6
1110 1109 1228 1145 ἀσελγὴς
1245 1110 1382 1146 σώφρονα,
1400 1110 1462 1137 οὐδὲ
1483 1110 1497 1136 ὁ
1511 1110 1585 1146 ὠμὸς
1602 1109 1805 1144 φιλάνθρωπον,
1826 1107 1874 1142 οὐχ

1081 1156 1095 1183 6
1118 1156 1283 1192 πλεονέκτης
1308 1157 1460 1192 ἐλεήμονα·
1481 1157 1530 1184 καὶ
1545 1155 1700 1183 τούναντίον
1723 1155 1738 1181 ό
1759 1153 1873 1189 σώφρων

1083 1201 1196 1234 πολλοὺς
1224 1200 1294 1229 εἶναι
1321 1202 1458 1235 τοιούτους
1483 1201 1608 1238 νομίζει,
1636 1201 1684 1228 καὶ
1709 1201 1723 1226 ὁ
1743 1200 1873 1234 ἀκτήμων

1082 1248 1195 1284 ὁμοίως,
1213 1249 1261 1276 καὶ
1275 1250 1289 1276 6
1301 1249 1492 1286 φιλάνθρωπος
1502 1257 1509 1265 ο
1526 1250 1550 1276 εί
1563 1248 1654 1275 τοίνυν
1671 1246 1783 1273 πάντων
1796 1253 1874 1271 κατα-

1082 1295 1190 1331 ψηφίσῃ
1208 1295 1275 1330 (59),
1290 1296 1304 1321 6
1315 1295 1365 1331 τὴν
1375 1295 1464 1331 ψῆφον
1478 1295 1564 1330 αὐτὴν
1579 1294 1650 1329 ἔχων
1663 1292 1741 1328 παρὰ
1752 1292 1871 1322 πάντων.

1083 1342 1121 1375 ὥς
1141 1352 1219 1378 φασι,
1234 1343 1347 1376 δικαίως
1370 1344 1400 1371 οὐ
1417 1342 1606 1378 θαυμάζομεν.
1623 1341 1660 1368 Τὸ
1669 1340 1725 1376 γὰρ
1739 1338 1813 1370 εἰκὸς
1829 1337 1874 1364 καὶ

1083 1388 1130 1415 ἐπὶ
1147 1389 1188 1416 σοὶ
1205 1388 1375 1425 συμϐέϐηκε.

1343 1490 1393 1518 ιθί.
1409 1505 1443 1511 -
1456 1489 1500 1525 Ta
1517 1488 1618 1524 ΔΥΤῼ.

451 1543 646 1579 Insurgendum
661 1549 753 1572 contra
772 1545 854 1572 uitiati
870 1545 941 1572 vitia.
967 1543 1058 1572 Victus
1076 1554 1147 1582 saepe
1169 1548 1252 1574 evasit
1274 1548 1365 1574 victor.
1383 1546 1490 1581 Confer.
1516 1545 1578 1579 167,
1598 1544 1661 1572 554.

219 1594 222 1597 ’
274 1600 349 1628 Multi
374 1600 492 1636 prolapsi
517 1607 549 1628 ac
570 1600 659 1629 denuo
671 1601 864 1637 resipiscentes
880 1605 982 1636 tropaea
1001 1600 1030 1629 de

1123 1603 1221 1630 Πολλοὶ
1235 1603 1400 1635 πταίσαντες
1415 1602 1462 1629 καὶ
1481 1600 1743 1637 ἀναμαχησάμενοι,
1761 1597 1876 1634 τρόπαια

239 1647 321 1675 animi
339 1647 586 1681 perturbationibus
601 1648 805 1676 constituerunt
822 1656 829 1675 :
845 1654 859 1675 a
872 1647 972 1683 quibus
984 1655 1033 1674 an-

241 1698 285 1720 tea
301 1693 388 1720 victos
402 1700 431 1720 se
446 1693 560 1728 professi
575 1697 662 1720 erant.
679 1693 707 1721 Si
719 1694 813 1728 itaque
824 1698 851 1721 ct
867 1697 894 1720 tu
911 1699 1034 1727 saepenu-

241 1747 316 1767 mero
331 1738 478 1774 deliquisti,
493 1739 704 1767 imbecillitatem
719 1746 867 1776 agnoscens
882 1743 966 1771 tuam,
976 1738 1032 1766 redi

241 1787 268 1813 in
284 1786 365 1813 viam.

501 1842 560 1870 XX.
586 1857 620 1862 —
637 1841 762 1871 PETRO.

1082 1647 1201 1685 ἔστησαν
1221 1649 1292 1676 κατὰ
1311 1649 1367 1676 τῶν
1384 1647 1477 1675 παθῶν
1488 1656 1495 1663 ·
1515 1646 1558 1681 ἐφ’
1573 1643 1610 1673 ὧν
1626 1644 1760 1680 πρότερον
1781 1643 1874 1678 ὁμολο-

1082 1695 1219 1730 γήσαντες
1227 1692 1296 1730 ἦσαν
1308 1694 1357 1730 τὴν
1368 1690 1462 1729 ἧτταν.
1478 1693 1509 1720 El
1522 1691 1612 1719 τοίνυν
1623 1690 1670 1718 καὶ
1684 1689 1767 1721 αὐτὸς
1779 1688 1875 1716 πολλά-

1084 1749 1127 1773 κις
1144 1740 1294 1774 ἐπταισας,
1310 1738 1533 1775 γνωσιμάχησον.

1362 1839 1404 1866 K’.
1423 1853 1456 1858 —
1474 1837 1597 1872 ΠΕΤΡῼ.

243 1902 340 1930 Orator
357 1909 408 1928 non
424 1909 524 1936 semper
538 1902 689 1936 persuadet,
710 1905 816 1936 propter
831 1900 941 1928 liberum
956 1901 1090 1936 audientis
1101 1900 1264 1936 arbitrium.
1282 1898 1361 1933 Couf.
1376 1905 1417 1931 ep.
1429 1896 1476 1929 42,
1490 1894 1567 1928 2I9,,
1578 1893 1642 1927 250,
1657 1892 1721 1924 441,
1737 1891 1802 1924 521,
1817 1890 1874 1922 517,

838 1935 900 1969 568,
920 1935 983 1969 509,
1000 1940 1023 1963 et
1043 1944 1084 1970 ep.
1097 1935 1160 1969 205,
1177 1935 1222 1962 lib.
1244 1941 1280 1962 tv.

278 1993 405 2027 Ignorare
418 1992 484 2020 mihi
498 1992 608 2026 videris,
623 1992 694 2020 bone
716 1993 769 2026 vir,‘
790 2000 844 2020 non
860 1996 966 2020 tantum
983 1990 1033 2018 ad-

243 2038 379 2066 monentis
392 2038 482 2066 vaiere
497 2038 690 2074 eloquentiam,
704 2042 834 2072 quantum
859 2038 972 2073 probam
986 2037 1031 2064 in-

243 2084 330 2112 dolem
348 2083 407 2118 ejus
418 2083 464 2118 qui
478 2083 648 2111 admonetur.
656 2082 817 2111 Persuaderi
833 2083 906 2110 enim
920 2087 966 2109 aut
980 2089 1032 2109 non

243 2129 412 2165 persuaderi,
434 2129 460 2157 in
477 2129 536 2164 ejus
551 2133 591 2157 est
609 2129 723 2158 arbitrio
740 2133 767 2157 et
790 2129 867 2164 quasi
883 2128 1033 2156 dominatu.

242 2177 310 2205 Nam
326 2176 451 2205 omnibus
466 2180 494 2203 ut
509 2178 698 2211 persuaderet,
726 2183 760 2203 ne
779 2175 903 2202 Christus
924 2174 1033 2208 quidem

244 2223 379 2258 praestitit.
391 2222 467 2256 Quod
487 2222 511 2250 si
530 2222 654 2257 negabis,
679 2221 803 2256 exemplo
825 2228 880 2248 uno
900 2227 976 2252 usus,
993 2219 1035 2247 cui

244 2269 360 2296 alterum
389 2268 494 2296 nullum
519 2275 652 2304 opponas,
681 2267 760 2295 Iidem
787 2266 876 2294 facere
902 2265 1032 2293 conabor.

245 2314 311 2348 Quis
323 2314 407 2348 enim,
423 2314 530 2347 amabo,
559 2319 606 2342 aut
632 2313 723 2342 divino
743 2312 833 2340 Verbo
852 2311 1034 2346 eloquentior,

245 2364 292 2387 aut
306 2360 366 2395 quis
379 2359 512 2394 sapientia
526 2359 673 2394 sapientior
694 2358 808 2391 exstitit,
831 2365 889 2392 quae
916 2361 956 2384 tot
976 2361 1036 2383 tan-

247 2412 327 2442 taque
350 2405 484 2441 proferret
506 2406 588 2432 verba
609 2409 637 2432 et
663 2404 832 2433 blandientia
856 2403 997 2439 miliaque,
1009 2407 1037 2430 et

1124 1992 1295 2023 Κινδυνεύεις
1320 1990 1443 2024 ἀγνοεῖν,
1458 1985 1481 2015 ὧ
1499 1987 1618 2024 μακάριε
1628 2006 1635 2018 ,
1649 1986 1691 2012 ὅτι
1709 1985 1740 2011 οὺ
1756 1982 1878 2010 τοσοῦτον

1086 2036 1103 2071 ή
1120 2035 1251 2072 φρόνησις
1272 2034 1318 2061 τοῦ
1334 2034 1470 2068 λέγοντος,
1484 2031 1544 2058 οὐδὲ
1559 2031 1575 2066 ἡ
1592 2029 1743 2065 εὐγλωττία
1756 2028 1804 2055 τοῦ
1827 2035 1877 2054 πα-

1089 2080 1243 2117 ραινοῦντος
1266 2079 1377 2107 δύναται
1401 2079 1447 2105 τὸν
1466 2077 1598 2105 πταίοντα
1623 2075 1802 2110 δυσωπῆσαι,
1820 2075 1879 2101 ὅσον

1088 2127 1136 2155 τοῦ
1168 2125 1420 2162 συμϐουλευομένου
1446 2124 1465 2160 ἡ
1497 2123 1706 2158 εὐγνωμοσύνη.
1741 2120 1797 2147 Τοῦ
1828 2119 1879 2153 γὰρ

1089 2172 1235 2207 πεισθῆναι
1252 2171 1300 2199 καὶ
1325 2171 1372 2206 μὴ,
1389 2169 1472 2201 αὐτὸς
1486 2168 1581 2204 κύριος
1597 2166 1778 2200 καθέστηκεν.
1799 2165 1829 2192 Εἰ
1853 2164 1880 2207 δὲ

1090 2206 1234 2250 ἀπιστεῖς,
1259 2217 1301 2244 ἐνὶ
1322 2216 1527 2252 παραδείγματι
1558 2213 1614 2248 (40)
1643 2211 1834 2248 χρησάμενος,

1087 2265 1180 2300 ἕτερον
1195 2263 1271 2291 οὐδὲν
1284 2262 1494 2298 παραϐληθῆναι
1510 2261 1670 2296 δυνήσεται,
1688 2259 1782 2284 πεῖσαι
1805 2257 1880 2290 δυνή-

1088 2319 1181 2346 σομαι.
1204 2309 1237 2336 Τί
1255 2309 1309 2344 γὰρ
1319 2308 1367 2335 τοῦ
1403 2306 1491 2341 Λόγου
1506 2304 1738 2340 ἐλλογιμώτερον,
1755 2303 1773 2338 ἢ
1791 2303 1818 2329 τί
1834 2303 1879 2336 τῆς

1090 2355 1185 2390 σοφίας
1201 2353 1354 2390 σοφώτερον
1367 2352 1416 2387 τῆς
1430 2351 1550 2379 τοσαῦτα
1564 2351 1613 2378 καὶ
1627 2348 1781 2385 τηλικαῦτα
1796 2346 1879 2382 φησά-

1092 2410 1142 2436 σης
1153 2400 1209 2437 (41)
1224 2401 1271 2428 καὶ
1284 2400 1408 2437 προσηνῆ
1426 2398 1473 2425 καὶ
1487 2397 1652 2433 δραστήρια,
1667 2395 1740 2422 ὥστε
1758 2394 1879 2422 ἀναστεῖ-

796 2492 914 2520 ΥΑΒΙΛΕ
935 2490 1133 2520 LECTIONES
1152 2489 1196 2517 ET
1215 2488 1329 2518 NOT/E.

281 2575 338 2610 (38)
365 2571 553 2602 Demosthenis
577 2571 651 2598 locus
678 2574 720 2597 est
748 2569 888 2604 Philippic.
917 2570 934 2597 5
953 2574 980 2598 et
1005 2569 1033 2596 4.

284 2617 369 2638 αοττ.

247 2610 412 2681 sagi)?er
427 2641 604 2681 καταψηιείσῃ
625 2640 703 2668 codd.
722 2639 785 2669 Vat.
803 2639 857 2668 650
876 2645 903 2668 et
922 2639 976 2668 Alt.
995 2640 1034 2667 le-

247 2677 532 2716 ευξιιριεινιιίέηιπςει.Δ
541 2677 645 2716 Possm.

283 2714 339 2750 (ιο)
361 2710 711 2750 ἿΕτέὶ’πιαραδείτματι,-οο
724 2711 791 2739 Juda
805 2711 951 2750 proditore,
967 2713 1036 2750 toto-

268 2744 302 2786 ue
320 2744 644 2786 lioc_arguttiettto.'_bene
666 2747 772 2786 longam
796 2744 957 2786 doctumque
971 2744 1037 2786 Ilege

249 2780 278 2812 S.
294 2783 387 2812 Isidori
401 2780 479 2818 epist.
493 2783 546 2810 205
559 2783 605 2819 lib.
623 2780 865 2819 tv._(_l_hristu_mait
877 2780 932 2808 suis
945 2780 1037 2819 admo-

249 2819 395 2848 nitionibtts
418 2817 451 2846 ac
470 2817 700 2855 blanditiisdnihil
723 2817 888 2855 proiecisse”,
913 2817 1036 2855 quamvis

248 2856 330 2884 verba
346 2855 480 2890 proferret
495 2852 626 2890 ejusmodi
639 2871 646 2885 ,
665 2860 723 2887 qua:
747 2851 789 2880 vel
804 2851 901 2887 lapidis
919 2851 973 2879 vim
988 2857 1034 2878 na~

1090 2574 1231 2601 turamqne
1258 2566 1395 2601 inﬂectere
1418 2572 1500 2601 posse
1526 2564 1707 2601 viderentur._
1731 2562 1832 2601 Confer
1851 2565 1878 2601 _et

1088 2604 1168 2639 epist.
1183 2598 1294 2639 555_lib.
1308 2609 1315 2628 l
1332 2600 1360 2639 et
1380 2600 1428 2639 I79
1443 2600 1490 2639 li_b_.
1507 2607 1537 2628 Il.
1561 2599 1632 2639 Mox,
1645 2598 1726 2639 6136‘:
1741 2599 1821 2638 καὶῤ
1833 2598 1878 2639 τῇς

1089 2632 1204 2673 κρίσεως
1219 2636 1369 2673 ἀξιόχρεώς
1383 2637 1443 2663 ἐστι
1457 2635 1545 2673 λόγος.
1572 2635 1643 2673 Idem
1661 2634 1782 2673 Isidorus
1798 2632 1878 2673 in_illa

1089 2667 1142 2702 205
1163 2667 1323 2707 ερῖειίιῖὑὶί
1339 2667 1365 2698 ni
1384 2675 1413 2698 et
1433 2667 1555 2707 proxima
1573 2669 1606 2696 ad
1630 2669 1756 2707 eumdem
1769 2667 1877 2707 modum

1090 2709 1130 2736 sic
1153 2703 1258 2736 ert-tulit.
1285 2707 1331 2733 Διδ
1354 2707 1400 2733 καὶ
1418 2703 1468 2740 τῆς
1488 2705 1606 2740 κρίσεως
1631 2703 1742 2740 βέϐαιος
1758 2703 1878 2740 γῦπάρχει

1089 2743 1178 2778 λόγος.
1195 2743 1245 2770 Hic
1255 2743 1336 2778 etiam
1351 2741 1398 2778 τον
1412 2739 1546 2778 ἀκούοντα
1562 2740 1657 2778 κύριον
1673 2739 1743 2765 male
1758 2739 1878 2764 iteratum

1090 2787 1104 2806 a
1119 2774 1247 2810 librariis,
1264 2785 1279 2805 e
1292 2777 1429 2811 prioribus
1442 2775 1628 2811 correttimus.
1637 2774 1761 2811 Scnorjr.

1126 2813 1182 2848 (Μ)
1201 2809 1328 2848 Φησάσης
1339 2812 1418 2848 ambo
1431 2811 1508 2840 codd.
1525 2810 1585 2838 Vat.
1602 2809 1655 2837 650
1670 2814 1697 2838 et
1709 2809 1765 2837 Alt.
1778 2809 1877 2836 mutant

1091 2850 1118 2878 in
1131 2847 1288 2889 omnium,
1300 2847 1406 2876 Possim.
