2049 3164
177 166 244 201 1337

650 163 918 202 EPISTOLARUM
936 173 1010 203 LIB.
1029 174 1064 204 V.
1080 187 1114 192 —
1132 175 1251 207 EPIST.
1268 176 1364 207 XXII.

1745 179 1813 212 1338

176 228 220 253 λαι
229 225 276 252 τοῦ
290 225 376 252 Ἰούδα
391 225 441 260 τὴν
455 224 681 260 φιλοχρηματίαν,
692 227 739 254 καὶ
751 227 788 263 μὴ
801 227 940 264 ἁνυσάσης
952 237 960 262 ;

1026 229 1160 264 efﬁcacia,
1174 232 1290 260 utJudae
1305 232 1437 268 proditori
1452 233 1558 269 eripere
1573 233 1694 262 avaritiae
1708 235 1811 264 crimen

175 273 206 299 οὺ
223 270 300 307 παρὰ
320 271 369 306 τὴν
384 271 488 297 οἰκείαν
511 270 653 298 ἀσθένειαν
664 292 671 304 ,
696 272 764 300 ἀλλὰ
780 273 855 309 παρὰ
871 273 901 300 τὸ
918 274 965 302 τὸν

174 318 309 346 ἀκούοντα
331 317 426 352 κύριον
441 315 510 344 εἶναι
525 317 575 352 τῆς
594 318 699 350 οἰκείας
719 318 843 354 γνώμης,
858 319 902 346 διὰ
915 319 966 356 τῆς

175 363 414 398 αὑτεξουσιότητος
427 363 499 398 ὅρον,
517 363 550 390 δι’
565 363 594 390 ὃν
609 363 657 390 καὶ
669 365 683 390 ὁ
695 364 744 400 τῆς
761 365 879 401 κρίσεως
893 365 967 398 ἀξιό-

174 410 262 447 χρεώς
279 410 337 436 ἐστι
352 409 439 444 λόγος·
455 409 579 436 εῑτοίνυν
592 409 668 436 ταῦθ’
683 409 770 442 οὕτως
784 411 850 446 ἔχει,
870 412 966 439 ἀποδο-

173 457 225 492 χῆς
239 455 289 490 μὲν
308 455 382 487 ἄξιος
397 456 411 481 ὁ
423 455 458 482 τὰ
475 454 557 482 αὐτοῦ
572 454 695 490 πληρῶν·
716 455 847 490 μέμψεως
861 456 890 482 δὲ
917 457 966 483 καὶ

174 502 344 538 κατηγορίας
369 501 383 528 ὁ
399 502 460 532 ταῖς
476 500 594 535 ἀγαθαῖς
611 501 789 537 παραινέσεσι
809 502 846 537 μὴ
869 502 964 529 πειθό-

176 559 255 586 μενος
266 559 272 566 ·
289 551 303 577 ὁ
315 550 342 577 δὲ
356 549 405 585 τὴν
425 549 471 576 τοῦ
487 548 543 585 (42)
563 549 720 581 πεισθέντος
735 550 903 585 κατηγορίαν
919 550 965 577 ἐπὶ

173 599 219 625 τὸν
231 598 268 633 μὴ
282 597 414 624 πείσαντα
429 597 547 632 τρέπων,
562 596 676 632 ἠλίθιος,
694 597 742 623 ἆτε
758 597 805 622 καὶ
817 597 872 623 τῶν
884 596 965 624 θείων

176 644 222 671 καὶ
241 643 294 670 τῶν
317 642 501 679 ἀνθρωπίνων,
516 643 687 678 πραγμάτων
713 642 817 677 ἀγνοῶν
842 642 891 678 τὴν
913 642 965 678 φύ-

176 698 229 717 σιν.

323 744 388 771 KA'.
408 759 443 764 —
462 744 610 780 ΛΕΟΝΤΙῼ
627 744 815 779 ΕΠΙΣΚυΠῼ.

1017 283 1156 312 posset.et
1170 286 1222 306 non
1239 279 1302 306 fecit
1315 289 1321 306 :
1336 279 1418 314 idque
1433 287 1485 307 non
1503 286 1536 307 ex
1550 287 1599 307 sua
1613 280 1811 315 imbecillitate,

1017 323 1064 351 sed
1080 325 1150 358 quod
1166 325 1277 352 audiens
1294 324 1345 352 ista
1361 325 1446 353 indas
1473 330 1585 361 propter
1607 325 1715 354 arbitrii
1731 326 1812 355 liber-

1018 373 1101 397 tatem
1118 376 1202 400 suam,
1216 370 1243 397 in
1263 375 1396 405 potestate
1413 371 1525 398 haberet
1544 372 1728 400 sententiam?
1753 371 1811 405 Qua

1018 417 1051 445 de
1075 424 1157 445 causa
1179 416 1274 451 judicii
1292 418 1388 446 idonea
1406 424 1448 446 est
1472 419 1604 447 defensio.
1620 420 1685 453 Qute
1699 429 1760 449 cum
1773 422 1810 449 ita

1019 463 1083 496 sint,
1099 463 1176 490 laude
1187 463 1284 498 dignus
1295 468 1337 491 est
1350 464 1396 498 qui
1413 465 1474 491 talia
1498 473 1593 500 reapse
1617 471 1783 501 exsequatur
1800 476 1808 494 :

1019 507 1101 543 559
1127 508 1353 543 vituperationem
1382 513 1478 536 contra
1508 517 1540 537 ac
1566 511 1806 544 reprehensionem

1019 556 1169 586 mereatur,
1198 553 1244 587 qui
1271 553 1340 580 bona
1361 553 1485 580 suadenti
1507 561 1560 580 non
1587 560 1690 588 pareat.
1705 554 1811 582 Stultus

1019 598 1111 633 itaque
1124 599 1169 633 qui
1186 599 1212 626 in
1225 599 1395 630 suadentem,
1408 599 1479 633 quod
1495 606 1547 626 non
1564 599 1736 633 persuadeat,
1749 600 1809 626 ideo

1019 641 1242 674 accusationem,
1275 647 1368 677 utpote
1393 642 1545 670 divinarum
1578 643 1810 678 humanarumque

1021 694 1111 714 rerum
1128 688 1248 724 ignarus.
1266 693 1420 716 convertat.

1163 744 1235 772 XXI.
1249 761 1284 766 -—-
1304 745 1456 773 LEONTIO
1474 746 1651 775 EPISCOPO.

317 789 442 817 Priorum
455 789 617 817 sacerdotum
637 797 695 816 cum
710 789 751 816 sui
771 789 819 816 ιευί
838 789 941 824 elegans
961 795 1133 824 comparatio.
1158 790 1220 818 Vide
1238 791 1287 826 in].
1309 791 1408 819 similia
1426 793 1502 826 epist.
1519 792 1552 819 57
1573 797 1599 820 et
1619 793 1681 821 126.

212 848 325 879 Ὄντως,
343 845 435 878 καθὼς
451 845 605 881 γέγραφας,
623 845 720 873 πολλαὶ
731 846 770 877 εις
781 846 830 877 τὰς
847 845 964 881 Ἐκκλη-

178 894 238 925 σίας
253 892 435 927 ὲπεκώμασαν
449 892 576 927 ταραχαί.
591 891 679 919 "Oi-too
690 891 781 927 γὰρτὸ
792 891 842 926 τῆς
854 892 965 927 εἰρήνης

176 937 271 971 ὄνομα,
288 936 378 962 ὲκεῖσε
395 937 430 962 τὰ
452 935 499 962 τοῦ
514 936 632 971 πολέμου
650 936 719 971 ἔργα
734 936 851 971 χορεύει.
872 936 965 963 Ταῦτα

175 981 204 1008 δὲ
225 980 369 1016 συμόαίνει
383 981 416 1007 ὲκ
431 980 478 1007 τοῦ
502 981 586 1008 πολλὰ
602 981 648 1007 καὶ
666 981 823 1008 παντοδαπὰ
837 981 966 1016 ἡμαρτῆ-

176 1026 239 1054 σθαι
253 1027 310 1058 τοῖς
325 1026 356 1053 τὸ
372 1026 561 1054 διδασκαλικὸν
572 1026 681 1062 ἀξίωμα
699 1027 947 1062 ἐγκεχειρισμένοις
957 1035 964 1042 ·

175 1069 211 1100 ὧν
223 1072 253 1099 τὸ
272 1072 334 1099 καθ’
348 1072 378 1099 ἓν
398 1072 492 1105 ἐάσας,
509 1072 538 1098 ἓν
554 1073 593 1104 εἰς
606 1072 620 1099 ὁ
642 1071 730 1099 πάντα.
744 1072 838 1107 βλέπει
852 1072 963 1107 γράψω,

176 1118 292 1153 πρᾶγμα
306 1117 414 1153 ἔντιμον
428 1118 475 1144 καὶ
491 1117 562 1152 μέγα
576 1117 623 1145 καὶ
642 1117 767 1152 λαμπρόν
781 1126 788 1134 ι
804 1118 852 1144 καὶ
871 1118 885 1144 ὃ
902 1118 966 1149 τοὺς

175 1165 332 1193 ἀποστόλων
351 1164 406 1200 (45)
434 1164 594 1200 συλλόγους,
609 1165 647 1197 ὡς
662 1165 810 1200 φωστῆρας
828 1164 965 1200 πανταχοῦ

174 1211 224 1246 τῆς
236 1211 399 1246 οἰκουμένης
412 1208 481 1238 εἶναι
497 1211 632 1246 πεποίηκε
643 1218 650 1226 ·
663 1210 710 1237 νῦν
725 1210 883 1247 ρᾳθυμηθὲν
900 1219 967 1245 συγ-

176 1257 280 1292 χύσεως
291 1257 422 1292 ἐνέπλησε
437 1256 487 1288 τὰς
508 1256 672 1292 Ἐκκλησίας
683 1265 689 1270 ·
706 1256 732 1283 τί
752 1256 780 1283 δέ
795 1258 852 1283 ἐστι
867 1256 964 1290 τοῦτο;

176 1304 272 1338 φράσω
288 1303 357 1338 μετὰ
370 1303 527 1339 παρρησίας
539 1322 546 1335 ,
563 1303 611 1329 καὶ
628 1303 683 1338 γὰρ
695 1302 748 1329 οὐδ’
767 1302 799 1330 ἂν
814 1302 902 1334 ἄλλως
920 1302 967 1329 δυ-

176 1349 292 1384 ναίμην·
317 1349 357 1375 ὅτι
377 1348 436 1375 τότε
458 1348 508 1383 μὲν
531 1349 556 1375 οι
582 1347 722 1384 φιλάρετοι
747 1349 787 1379 είς
814 1348 966 1384 ἱερωσύνην

175 1395 336 1430 προήγοντο,
352 1395 410 1421 νυνὶ
424 1394 452 1421 δὲ
466 1395 491 1421 οἱ
510 1394 689 1430 φιλάργυροι·
704 1394 765 1422 τότε
781 1395 806 1421 οἱ
819 1394 965 1430 φεύγοντες

174 1441 205 1468 τὸ
220 1441 335 1476 πρᾶγμα
349 1440 393 1468 διὰ
407 1440 437 1467 τδ
454 1440 567 1476 μέγεθος
584 1441 633 1476 τῆς
648 1441 745 1476 ἀρχῆς,
760 1440 808 1468 νῦν
827 1441 855 1467 δὲ
868 1441 893 1467 oi
905 1442 966 1467 επι-

175 1487 314 1522 πηδῶντες
326 1485 365 1521 τῷ
378 1486 520 1522 πράγματι
532 1505 539 1518 ,
550 1486 593 1513 διὰ
609 1486 640 1513 τὸ
652 1486 766 1521 μέγεθος
780 1486 828 1521 τῆς
842 1486 961 1522 τρυφῆς.

1056 846 1114 874 Non
1129 854 1223 882 paucae
1235 847 1370 882 profecto,
1396 853 1426 875 ut
1450 849 1484 876 ad
1505 856 1548 876 me
1561 850 1755 885 perscripsisti,
1781 851 1808 879 in

1018 891 1147 920 Ecclesiis
1164 893 1250 921 turbte
1264 899 1326 922 sunt
1341 895 1475 922 excitata}.
1503 895 1554 922 Ubi
1576 896 1649 922 enim
1665 897 1739 931 pacis
1760 905 1810 925 no-

1019 944 1092 970 men,
1106 937 1143 966 ibi
1170 946 1213 966 res
1235 939 1340 966 bellicae
1364 944 1491 974 regnant.
1505 940 1534 967 id
1552 948 1615 968 vero
1636 941 1728 969 multis
1747 950 1808 977 gra-

1017 982 1151 1018 vibusque
1160 991 1253 1012 eorum
1267 985 1400 1019 peccatis,
1418 985 1517 1020 quibus
1532 986 1646 1014 docendi
1663 987 1730 1014 alios
1749 995 1809 1014 mu-

1018 1036 1069 1055 nus
1084 1029 1225 1061 incumbit,
1242 1035 1285 1057 est
1306 1031 1492 1065 imputandum
1512 1039 1519 1057 :
1537 1039 1595 1066 qum
1611 1040 1665 1059 non
1689 1033 1808 1068 singula-

1019 1073 1065 1100 tim
1078 1074 1318 1103 excutiam.Unum
1334 1076 1480 1108 duntaxat.
1491 1084 1546 1110 quo
1561 1082 1684 1112 spectant
1697 1084 1806 1112 caetera,

1017 1119 1051 1147 de
1065 1119 1156 1147 multis
1171 1128 1308 1156 magnum,
1321 1121 1507 1148 venerandum
1522 1127 1602 1157 atque
1615 1123 1720 1151 illustre
1732 1132 1808 1152 com-

1018 1166 1196 1194 memorabo:
1221 1167 1301 1202 idque
1325 1168 1534 1202 apostolicorum
1560 1169 1681 1196 virorum
1705 1175 1806 1197 coetum

1017 1217 1046 1240 ut
1070 1213 1214 1240 luminaria
1231 1221 1279 1248 per
1297 1219 1381 1241 toturn
1395 1233 1403 1247 ,
1429 1222 1482 1249 qua
1501 1214 1650 1248 habitatur,
1672 1221 1806 1243 terrarum

1016 1259 1110 1286 orbem
1126 1259 1279 1292 constituit,
1297 1266 1368 1287 nunc
1386 1260 1413 1287 id
1433 1260 1519 1294 ipsum
1535 1260 1686 1295 neglectum
1715 1260 1807 1288 Eccle-

1017 1303 1073 1332 sias
1087 1304 1114 1331 in
1129 1305 1363 1332 conturbationem
1379 1306 1470 1333 vertit.
1493 1305 1561 1338 Quid
1586 1306 1694 1334 tandem
1707 1307 1733 1334 id
1747 1307 1807 1335 est?

1017 1349 1134 1384 inquies.
1158 1349 1262 1384 Dicam,
1283 1358 1370 1386 neque
1393 1352 1466 1379 enim
1492 1353 1572 1379 aliter
1585 1359 1694 1387 queam,
1711 1353 1806 1381 libere.

1016 1394 1241 1430 Quandoquidem
1261 1396 1362 1425 virtute
1378 1401 1433 1424 tum
1453 1398 1557 1432 praediti
1571 1398 1725 1425 sacerdotio
1741 1403 1805 1426 sunt

1016 1439 1118 1468 admoti
1137 1449 1145 1467 :
1167 1448 1240 1469 nunc
1253 1449 1319 1469 vero
1333 1443 1407 1470 avari
1424 1451 1457 1472 ac
1475 1443 1597 1478 pecuniae
1612 1444 1713 1478 cupidi.
1730 1443 1807 1471 Tunc

1015 1485 1129 1521 imperia
1155 1486 1353 1522 dignitatesque
1380 1488 1415 1516 ob
1440 1489 1478 1516 rei
1505 1489 1718 1524 magnitudinem
1730 1489 1808 1517 deru-

175 1533 242 1559 Τότε
264 1533 288 1560 οἱ
305 1533 483 1568 ἀκτημοσύνῃ
494 1533 608 1568 ἑκουσίῳ
624 1533 846 1568 ὲναὸρυνόμενοι,
863 1532 923 1560 νυνὶ
933 1532 962 1559 δὲ

1017 1531 1137 1566 giebaut,
1162 1536 1191 1560 ut
1212 1532 1411 1567 Nazianzenus,
1438 1534 1664 1570 Chrysostomus,
1688 1540 1715 1563 et
1740 1535 1806 1570 alii;

174 1579 198 1606 ot
219 1578 360 1614 πλεονεξίᾳ
381 1579 498 1614 ἑκουσίῳ
522 1578 771 1614 χρηματιζόμενοι·
791 1579 852 1605 τότε
867 1579 892 1605 al
910 1578 964 1614 πρὸ

174 1625 321 1660 ὀφθαλμῶν
338 1625 446 1660 ἔχοντες
470 1625 501 1651 τὸ
517 1625 588 1652 θεῖον
603 1625 779 1660 δικαστήριον
791 1644 799 1657 ,
817 1625 877 1652 νυνὶ
892 1624 922 1651 δὲ
938 1625 963 1652 οι

176 1671 242 1707 μηδὲ
256 1671 358 1698 ἔννοιαν
371 1671 466 1698 τούτου
480 1671 586 1707 ἔχοντες
596 1679 604 1687 ⁸
621 1671 682 1698 τότε
694 1672 718 1698 οἱ
734 1670 884 1698 τύπτεσθαι
896 1678 904 1687 ·
917 1670 965 1698 νῦν

173 1716 201 1742 δὲ
216 1717 240 1742 oi
250 1716 361 1743 τύπτειν
373 1716 476 1751 ἕτοιμοι
489 1725 496 1732 ·
513 1717 560 1744 καὶ
574 1716 600 1742 τί
611 1716 652 1743 δεῖ
661 1716 695 1743 τὰ
703 1716 789 1742 πολλὰ
798 1715 888 1750 λέγειν
900 1724 908 1749 ;
920 1724 965 1751 με·

173 1761 383 1788 ταπεπτωκέναι
395 1761 489 1788 λοιπδν
507 1761 538 1788 τὸ
556 1761 665 1797 ἀξίωμα
681 1761 771 1794 ἔδοξεν
788 1761 842 1788 ἀπὸ
854 1760 965 1796 ἱερωσύ-

173 1815 222 1842 νης
230 1807 270 1838 είς
282 1806 427 1842 τυραννίδα
435 1814 442 1821 '
452 1806 506 1834 ἀπὸ
513 1807 765 1843 ταπεινοφροσύνης
774 1807 813 1838 εἰς
822 1807 965 1842 ὑπερηφα-

173 1851 248 1878 νίαν·
269 1851 323 1878 ἀπὸ
338 1851 463 1887 νηστείας
480 1853 520 1884 εἰς
534 1853 656 1888 τρυφὴν,
677 1853 732 1880 ἀπὸ
750 1852 908 1889 οἰκονομίας
923 1853 965 1885 είς

173 1895 349 1923 δεσποτείαν·
375 1897 406 1923 οὐ
421 1897 476 1933 γὰρ
494 1898 532 1929 ὼς
552 1898 690 1933 οἰκονόμοι
707 1898 815 1931 ἀξιοῦσι
833 1898 962 1932 διοικεῖν,

173 1941 230 1967 ἀλλ’
247 1941 286 1973 ὡς
306 1942 433 1969 δεσπόται
453 1942 669 1977 σφετερίζεσθαι.
691 1942 785 1970 Ταῦτα
800 1943 829 1971 δὲ
843 1943 874 1970 οὺ
893 1943 963 1970 κατὰ

173 1987 283 2014 πάντων
304 1988 430 2023 εἴρηται,
445 1988 513 2015 ἀλλὰ
527 1987 598 2015 κατὰ
619 1988 673 2015 τῶν
692 1988 792 2024 ἐνόχων
803 1997 810 2005 ·
837 1989 890 2016 εἰσὶ
905 1989 963 2025 γάρ

174 2033 242 2058 εἰσιν
257 2032 282 2058 οἵ
298 2032 368 2059 κατὰ
383 2032 428 2059 τὸν
445 2033 624 2061 ἁποστολικὺν
641 2034 689 2069 μὲν
705 2033 773 2065 ζῶσι
790 2034 962 2069 χαρακτῆρα,

175 2077 253 2112 ῥῆξαι
268 2077 296 2104 δὲ
310 2078 402 2114 φωνὴν
418 2079 456 2114 μὴ
464 2079 619 2114 τολμῶντες
630 2088 637 2095 ·
653 2080 677 2106 εἰ
692 2080 740 2107 καὶ
752 2080 813 2108 λίαν
826 2081 879 2107 είσὶ
894 2081 964 2109 κατὰ

173 2123 250 2150 τοῦτο
267 2124 346 2159 μόνον
363 2126 498 2160 μεμπτοὶ,
511 2126 553 2152 ὅτι
566 2125 714 2158 δεδοικότες
733 2127 788 2154 τῶν
806 2126 962 2155 ἀκολάστων

171 2169 202 2195 τὸ
213 2170 332 2205 πλῆθος,
352 2171 382 2197 τό
401 2180 433 2206 γε
452 2172 494 2204 είς
512 2172 610 2205 αὐτοὺς
628 2170 706 2209 ἧκον,
724 2173 774 2209 τῆς
790 2173 961 2210 τηλικαύτης

171 2214 340 2251 διορθώσεως
356 2216 498 2252 ἀμελοῦσι.

1016 1584 1088 1605 nunc
1096 1583 1160 1605 vero
1171 1585 1203 1605 ex
1214 1582 1310 1613 sponte
1321 1585 1473 1612 assumunt,
1483 1580 1518 1607 ob
1529 1580 1686 1607 deliciarum
1701 1580 1806 1614 copiam

1016 1628 1099 1659 atque
1111 1624 1253 1652 invadunt.
1270 1624 1347 1652 Tunc
1362 1625 1512 1652 voluntaria
1534 1629 1692 1660 paupertate
1706 1625 1807 1660 gloria-

1016 1670 1133 1703 bantur;
1157 1678 1228 1698 nunc
1251 1671 1367 1698 habendi
1390 1672 1538 1707 cupiditate
1562 1677 1710 1707 spontanea
1733 1679 1808 1706 quae-

1014 1721 1087 1744 stum
1119 1715 1235 1743 faciunt.
1269 1716 1345 1743 Tunc
1370 1717 1417 1744 Dei
1440 1717 1572 1751 judicium
1586 1722 1649 1744 ante
1666 1717 1759 1744 oculos
1774 1717 1807 1745 iis

1015 1763 1174 1791 versabatur
1187 1771 1195 1791 :
1208 1771 1280 1790 nunc
1298 1770 1331 1790 ne
1347 1764 1468 1797 cogitant
1481 1763 1590 1798 quidem
1610 1764 1642 1790 de
1657 1763 1712 1790 illo.
1728 1763 1806 1790 Tune

1013 1809 1096 1845 ﬂagra
1117 1809 1237 1844 perpeti;
1263 1817 1334 1837 nunc
1356 1809 1468 1836 verbera
1489 1809 1610 1844 inﬂigere
1626 1809 1724 1844 parati.
1747 1809 1803 1837 Sed

1014 1855 1078 1890 quid
1105 1854 1228 1889 pluribus
1250 1858 1292 1882 est
1311 1855 1397 1889 opus?
1415 1853 1557 1882 Recidisse
1576 1855 1632 1889 jam
1661 1854 1806 1882 sacerdotii

1013 1900 1173 1935 dignitatem
1186 1901 1220 1928 ad
1234 1900 1366 1935 regnandi
1387 1900 1542 1935 cupidinem
1566 1905 1688 1935 apparet,
1702 1901 1735 1927 ab
1753 1901 1805 1927 hu-

1013 1946 1128 1974 militate
1146 1947 1179 1974 ad
1197 1946 1365 1981 superbiam,
1390 1954 1405 1973 a
1429 1946 1533 1981 jejunio
1555 1947 1589 1974 ad
1608 1946 1718 1974 delicias
1743 1954 1804 1981 pro-

1014 1991 1128 2026 lapsam,
1153 1999 1168 2019 a
1192 1991 1394 2026 dispensatione
1417 1992 1534 2026 denique
1549 1992 1582 2019 ad
1594 1991 1744 2019 dominium
1757 2000 1805 2019 ve-

1013 2038 1097 2066 nisse.
1115 2037 1174 2065 Non
1187 2037 1259 2065 enim
1277 2042 1306 2065 ut
1328 2037 1528 2072 dispensatores
1541 2038 1733 2065 administrare
1747 2045 1804 2065 rem

1013 2083 1119 2116 volunt,
1141 2083 1188 2111 sed
1211 2088 1240 2110 ut
1264 2083 1367 2110 domini
1383 2083 1434 2110 sibi
1456 2083 1564 2118 propria
1581 2084 1727 2111 vindicant.
1742 2083 1804 2111 llaec

1013 2135 1078 2155 vero
1094 2135 1147 2155 non
1167 2128 1193 2154 in
1208 2134 1302 2154 omnes
1313 2127 1383 2154 dicta
1399 2127 1465 2161 sint,
1481 2128 1528 2155 sed
1542 2128 1568 2154 in
1584 2135 1645 2155 reos
1658 2135 1690 2155 ac
1702 2132 1803 2155 sontes.

1014 2173 1175 2207 Suntenim,
1196 2178 1268 2207 sunt,
1281 2173 1402 2208 inquam,
1415 2173 1461 2208 qui
1479 2174 1558 2201 hodie
1573 2174 1607 2201 ad
1625 2174 1802 2209 apostolicam

977 2217 1000 2245 D
1019 2221 1113 2248 vivunt.
1133 2227 1266 2253 normam,
1276 2227 1368 2247 vocem
1384 2225 1472 2247 tamen
1484 2220 1607 2247 emittere
1614 2227 1666 2247 non
1675 2219 1802 2246 audeant.

172 2261 232 2296 Quo
252 2263 332 2291 etiam
358 2269 422 2292 sunt
442 2266 552 2293 nomine
570 2266 741 2301 potissimum
767 2267 956 2303 improbandi,
973 2268 1046 2303 quod
1082 2267 1268 2303 improborum
1295 2267 1374 2294 veriti
1406 2267 1618 2301 multitudinem,
1636 2266 1707 2302 quod
1720 2265 1803 2294 ofﬁcii

173 2311 215 2335 est
234 2308 366 2343 ipsorum,
387 2316 484 2344 nempe
505 2311 658 2346 huiusmodi
671 2313 816 2347 corripere,
832 2313 859 2341 id
872 2313 1027 2349 negligunt.

309 2365 375 2392 KB’.
393 2381 429 2386 —
444 2366 572 2395 AANIHA
590 2367 827 2404 ΠΡΕΣΒΥΤΕΡῼ.

1148 2369 1231 2397 XXII.
1250 2369 1425 2398 —DANlELl
1440 2370 1676 2400 PRESBYTERO.

147 2395 165 2432 ‘S
726 2412 916 2448 lgnascendum
930 2414 1008 2442 etiam
1030 2422 1081 2442 non
1096 2415 1251 2450 postulanti.

207 2467 238 2494 El
254 2468 302 2495 καὶ
324 2469 338 2495 ὁ
353 2469 499 2505 χρεωστῶν
516 2478 556 2496 σοι
580 2469 727 2504 ἀπολογίαν
749 2470 812 2497 οὗτε
837 2471 962 2498 ἀπαιτεῖ-

173 2521 216 2540 ται
235 2512 289 2540 ἀπὸ
303 2513 361 2547 σοῦ,
381 2513 443 2541 οὔτε
460 2514 588 2550 ἄγχεται’
603 2515 642 2542 διὸ
656 2515 704 2543 καὶ
718 2516 799 2548 αὐτὸς
814 2516 962 2550 ἀπολογίαν

173 2557 224 2593 ἡγῇ
241 2557 312 2594 ἔχειν
324 2559 371 2586 τοῦ
390 2560 427 2596 μὴ
442 2560 538 2596 ἐκείνῳ
556 2561 796 2597 συγκεχωρηκέναι
812 2562 842 2588 τὸ
855 2562 909 2589 τῶν
921 2563 961 2594 εἰς

175 2603 203 2629 σὲ
220 2605 397 2640 πταισμάτων
418 2606 507 2642 χρέος,
528 2607 586 2634 ἀλλ’
607 2608 688 2640 αὐτὸς
707 2609 754 2634 καὶ
779 2609 817 2644 μὴ
833 2617 960 2644 παρακα-

173 2647 278 2683 λοῦντι,
296 2652 365 2687 μηδὲ
380 2652 546 2690 συγγνώμην
561 2654 682 2681 αἰτοῦντι
704 2654 774 2681 δίδου
792 2654 894 2690 ταύτην
907 2675 914 2688 ,
932 2656 956 2682 εἰ

1054 2472 1122 2507 Etsi,
1140 2473 1186 2508 qui
1204 2478 1230 2501 te
1246 2474 1368 2506 otl'endit,
1397 2481 1485 2509 neque
1501 2475 1609 2502 veniam
1622 2482 1637 2502 a
1661 2479 1687 2502 te
1711 2479 1805 2509 postn-

1015 2518 1062 2552 lat,
1084 2526 1116 2547 ac
1139 2526 1173 2547 ne
1197 2526 1338 2555 propterea
1362 2521 1469 2556 quidem
1493 2521 1623 2556 angitur:
1646 2521 1716 2548 unde
1731 2525 1757 2548 et
1775 2526 1801 2547 tu

1013 2572 1145 2593 excusare
1164 2570 1189 2593 te
1206 2574 1286 2600 posse
1309 2567 1418 2600 videris,
1447 2574 1500 2594 non
1523 2567 1652 2601 impensa:
1671 2567 1802 2594 hactenus

1013 2610 1050 2637 illi
1075 2611 1101 2637 in
1119 2615 1145 2638 te
1173 2612 1380 2639 commissorum
1402 2612 1506 2638 veniae:
1523 2615 1550 2638 tu
1580 2616 1668 2638 tamen
1693 2611 1800 2638 veniam

1013 2655 1059 2688 illi,
1080 2655 1143 2683 licet
1160 2663 1220 2684 eam
1250 2664 1302 2684 non
1325 2656 1437 2692 rogeris,
1449 2660 1496 2683 aut
1516 2655 1653 2690 eiii-agitet,
1673 2655 1798 2690 indulge;

726 2731 843 2760 VARI/Ei
862 2731 1054 2761 LECTIONES
1072 2732 1115 2761 ET
1131 2732 1247 2761 ΝΟΤᾹΞ.

211 2806 263 2842 (42)
283 2806 354 2834 inter
373 2807 421 2834 τοῦ
444 2812 472 2835 et
496 2809 652 2841 πεισθέντος
674 2810 751 2838 codd.
775 2809 856 2838 iidem
878 2810 958 2838 ambo

176 2842 294 2869 inserunt
311 2843 360 2877 μή.
378 2843 480 2876 possin.

210 2876 264 2912 (43)
286 2876 506 2906 ίίοαποστόλων
524 2878 582 2907 cod.
603 2880 661 2907 Vat.
679 2879 729 2909 650
746 2879 870 2917 ctrSfort.
893 2881 960 2909 scri-

1013 2811 1078 2838 bunt
1100 2810 1318 2847 (incomitng
1331 2811 1408 2839 Vera.
1431 2810 1502 2847 inde
1513 2811 1540 2842 4,
1552 2815 1628 2847 _ante
1650 2809 1801 2847 ἱερωσύνην

1014 2846 1090 2874 codd.
1108 2847 1164 2875 Val.
1183 2847 1234 2874 650
1249 2851 1275 2875 et
1288 2845 1342 2874 Alt.
1358 2847 1458 2874 addunt
1474 2846 1533 2882 τήν.
1551 2845 1587 2874 Ιυ.
