2049 3164
281 162 348 194 1339

866 164 896 194 S.
917 165 1061 195 ISIDORI
1082 166 1299 197 PELUSIOTE

1834 171 1894 206 l3lz’l

279 221 302 248 II
329 220 385 247 fieri
408 224 504 255 potest,
527 220 679 254 quempiam
704 221 737 247 ad
760 228 822 248 eum
847 221 997 254 mittendo;
1019 223 1085 254 sint

1115 223 1164 258 μὲν
1186 223 1315 255 δυνατὸν,
1337 223 1441 250 ἐκεῖνον
1467 223 1734 259 μεταπεμψάμενος·
1754 227 1778 252 εί
1801 226 1829 253 δὲ
1852 229 1894 264 μὴ,

280 264 379 296 minus,
394 265 419 291 in
432 265 522 291 animo
536 268 581 291 tuo
597 264 632 292 illi
649 265 771 298 remitte,
791 271 819 306 et
831 267 885 294 noli
900 267 985 294 videri
1004 267 1066 294 IIIII-

280 314 350 337 tatus
375 317 431 341 cos,
455 311 598 337 commissa
617 310 644 337 in
670 318 701 337 se
725 311 817 338 ulcisci
835 312 879 347 qui
902 311 992 340 velint.
1020 312 1066 340 Sic

279 355 349 382 enim
370 359 398 382 et
413 355 457 382 ille
467 355 501 382 ob
515 359 587 382 tuam
605 356 708 384 vivendi
732 357 862 384 rationem
883 357 980 384 rubore
999 365 1064 384 con-

278 400 364 434 fusus,
385 407 414 428 se
436 401 492 435 ipse
510 401 666 435 ulciscatur,
683 406 713 429 ut
735 407 830 430 sancto
844 402 905 430 viro
928 403 1062 432 infensus.

344 457 424 493 560
441 457 533 485 XXIII.
547 473 583 478 —
595 457 788 488 TIIEODOSIO
814 459 992 488 EPISCOPO.

1118 267 1189 294 κατὰ
1202 267 1310 299 σαυτὸν,
1329 268 1375 294 καὶ
1389 268 1426 302 μὴ
1441 268 1499 303 (Η)
1517 267 1612 302 φαίνου
1628 269 1699 304 δρῶν
1712 270 1746 297 τὰ
1761 271 1814 298 τῶν
1832 273 1895 308 ἀμύ-

1117 312 1211 339 νεσθαι
1228 312 1434 348 ἐπιθυμούντων
1447 323 1454 329 ⁵
1469 313 1540 340 οὕτω
1554 313 1609 349 γὰρ
1628 315 1752 348 κάκεῖνος
1771 317 1896 351 αἰδεσθείς

1119 365 1166 384 σου
1180 358 1229 393 τὴν
1246 358 1415 392 φιλοσοφίαν,
1430 358 1526 386 ἑαυτὸν
1540 360 1694 395 ἀμυνεῖται,
1719 362 1756 394 ὠς
1773 363 1842 398 ἁγίῳ
1854 365 1895 390 ἀν-

1115 403 1159 438 δρὶ
1176 404 1415 439 προσκεκρουκώς.

1256 461 1318 488 Kl".
1337 477 1373 482 —
1391 462 1555 498 ΘΕΟΔΟΣΙῼ
1574 463 1757 500 ΕΠΙΣΚΟΠῼ.

383 514 415 541 1η
430 516 532 550 magnis
549 517 587 543 vel
604 517 714 544 voluisse
730 522 771 545 sat
788 522 835 545 est.
852 517 886 545 Ut
903 518 987 545 desint
1006 517 1082 551 vires,
1100 521 1185 544 tamen
1197 522 1235 544 est
1251 517 1386 544 laudanda
1407 517 1537 546 voluntas.
1555 518 1619 546 Vide
1638 520 1714 553 epist.
1733 519 1795 547 485.

311 571 388 599 Vinci
411 571 444 599 ab
466 572 517 600 illis
540 573 622 602 rebus
642 578 719 609 turpe
732 582 784 602 non
800 579 853 607 est,
873 583 940 610 quas
953 575 1062 610 exsequi

276 616 390 643 arduum
413 617 449 644 sit
475 624 507 644 ac
529 618 696 652 perdifficile.
727 619 798 646 Cave
815 619 897 654 igitur
922 624 1062 654 superatos

276 661 381 695 credas,
403 663 448 698 qui
472 664 526 690 tuis
552 663 676 692 laudibus
699 665 877 699 prmdicamlis
895 665 1004 700 dignum
1023 665 1063 692 af-

276 707 346 734 ferre
361 713 495 742 nequeant
512 709 685 742 prteconium,
709 710 756 737 sed
775 710 914 737 voluntate
937 714 1061 744 suscepta

277 753 455 782 imbecillitati
481 755 598 789 ignosce.
626 755 720 783 Melius
739 756 811 783 enim
826 763 887 784 esse
905 756 1062 784 existimant

276 799 413 831 mortales,
429 800 518 828 minus
533 801 646 833 dixisse,
663 809 743 835 quam
758 803 927 837 negligentiae
944 807 1061 830 content-

274 847 389 878 ptusque
415 845 625 878 accusationem,
648 846 724 880 quasi
750 847 843 881 ingens
866 847 978 874 nimium
1005 846 1060 874 sint

275 889 409 924 negotium
427 889 557 925 aggressi,
570 891 715 918 sustinere.

393 945 486 975 XXIV.
501 963 536 967 —
552 947 679 975 ZOZIMO
694 947 934 977 PRESBYTERO.

1150 576 1207 602 Οὐκ
1223 575 1335 610 αίσχρὸν
1354 575 1485 610 ἡττᾶσθαι
1499 576 1602 603 τούτων
1613 597 1620 609 ,
1638 573 1675 603 ὧν
1696 577 1834 613 ἀμήχανον
1851 588 1894 606 τιε-

1116 621 1230 656 ριεῖναι·
1255 620 1293 656 μὴ
1318 621 1409 648 τοίνυν
1433 621 1500 656 μηδὲ
1524 621 1605 653 αὐτὸς
1633 622 1767 657 ἡττᾶσθαι
1786 624 1894 660 νομίσῃς

1114 665 1178 697 τοὺς
1199 666 1256 697 τοϊς
1280 666 1336 697 σοῖς
1352 665 1472 698 ἐπαίνοις
1496 666 1558 698 τοὺς
1584 666 1680 700 λόγους
1707 667 1837 700 ἐξισῶσαι
1860 669 1892 705 μὴ

1113 711 1287 746 δυναμένους,
1299 711 1367 737 ἀλλὰ
1375 711 1423 747 τὴν
1431 711 1587 747 προαίρεσιν
1597 713 1794 748 ἀποδεχόμενος
1804 715 1892 748 συγγί-

1111 764 1200 782 νωσκε
1217 757 1250 791 τῇ
1265 756 1400 793 ἀσθενείᾳ,
1440 758 1569 792 Ἄμεινον
1582 757 1636 793 γὰρ
1650 758 1795 793 ἡγούμενοι
1812 760 1844 786 τὸ
1855 761 1891 786 ὲν-

1110 801 1177 833 δεῶς
1198 802 1300 837 φράσαι
1315 802 1362 828 τοῦ
1380 802 1526 838 ὀλιγωρίας
1542 804 1650 839 γραφὴν
1666 804 1831 840 ὑποστῆναι,
1846 815 1891 832 κα-

1110 848 1282 884 τατολμῶσιν
1296 848 1441 884 ἀνεφίκτου
1456 849 1626 885 πράγματος.

1249 946 1312 973 ΚΔ’.
1331 961 1364 966 -
1383 945 1508 981 ΣΩΣΙΜῼ
1526 945 1755 982 ΠΡΕΣΒΥΤΕΙᾮ.

500 1003 551 1036 Qui
564 1002 603 1030 bis
622 1004 646 1031 in
658 1004 776 1031 eumdem
796 1005 914 1039 impingit
930 1004 1054 1039 lapidem,
1075 1012 1125 1031 non
1139 1006 1251 1030 tueretur
1264 1002 1374 1028 veniam.
1388 1000 1495 1035 Confer.
1509 1001 1586 1035 epist.
1603 1001 1664 1028 567.

307 1059 443 1095 Nuperum
468 1064 542 1087 tuutn
563 1059 690 1087 delictum
713 1060 756 1087 illa
778 1061 884 1088 occasio
903 1060 1054 1094 excusavit,

272 1107 342 1141 quod
360 1106 472 1133 fratrem
483 1106 558 1132 visus
571 1111 645 1132 esses
659 1104 812 1134 defendere.
829 1105 892 1134 Hrec
911 1113 976 1133 vero
991 1106 1057 1141 legis

272 1151 456 1186 praevaricatio
479 1150 582 1178 nullum
607 1155 696 1178 tamen
722 1150 831 1186 praefert
859 1156 1020 1187 prmtextum
1047 1159 1056 1179 ε

270 1196 324 1224 imo
340 1200 366 1223 et
380 1196 469 1229 priore
485 1197 560 1223 venia
580 1197 715 1224 excidisti.
740 1196 767 1224 Si
791 1197 863 1225 enim
889 1197 944 1225 laesi
965 1197 1056 1226 fratris

271 1241 307 1268 tui
319 1241 405 1276 gratia
421 1241 495 1275 prius
510 1242 542 1269 de
554 1241 607 1270 alio
619 1243 758 1277 sumpsisti
774 1243 934 1275 vindictam,
945 1250 997 1278 qua
1014 1250 1056 1270 ra-

268 1286 342 1314 tione
355 1286 442 1321 ipsum
457 1294 538 1317 nunc,
553 1293 633 1321 quem
648 1293 663 1313 a
682 1291 708 1314 te
723 1291 921 1322 propugnantum
936 1286 1050 1319 asset-is,

268 1331 364 1358 laedere
380 1331 476 1358 iterum
490 1339 521 1358 ac
537 1339 583 1365 per
597 1331 686 1358 omnia
708 1332 846 1366 exagitare
862 1331 973 1358 minime
990 1338 1052 1358 eru-

268 1375 355 1403 bescis
367 1376 378 1402 ?
392 1375 564 1403 Manifestum
580 1376 642 1404 hinc
658 1377 748 1404 evadit
771 1381 799 1404 et
821 1378 871 1406 hoc
889 1377 948 1405 data
966 1377 1012 1404 abs
1027 1383 1053 1405 te

266 1427 348 1454 opera
361 1420 546 1448 commissum.
562 1420 614 1453 Qui
637 1422 707 1448 enim
722 1421 799 1448 fratri
821 1430 873 1449 non
897 1422 994 1456 parcit,
1019 1421 1053 1448 ab

267 1465 381 1492 aliorum
395 1464 492 1500 injuria
508 1466 642 1500 quomodo
662 1466 713 1493 sibi
729 1467 929 1500 temperaverit.

301 1563 384 1591 XXV.
408 1579 444 1584 ——
473 1563 674 1635 lllEIIAC‘IOtVlf
692 1565 740 1638 ()F.
768 1573 874 1595 unum
906 1574 1018 1594 DIACONO

582 1609 597 1627 u
632 1609 657 1627 ΙΙΙ
673 1610 701 1628 γα
723 1622 730 1629 .

582 1609 609 1627 υι
632 1609 701 1629 IIII!“
713 1609 730 1629 I.

1146 1058 1183 1085 Τὸ
1213 1058 1262 1093 μὲν
1290 1057 1423 1093 πρότερόν
1453 1065 1500 1084 σου
1524 1057 1731 1094 παρανόμημα,
1760 1059 1890 1094 πρόφασις

1109 1104 1248 1139 εὐπρεπὴς
1260 1103 1346 1130 ἐδόκει
1362 1103 1447 1130 ποιεῖν
1461 1102 1632 1137 συγγνωστὸν
1645 1104 1660 1130 ό
1670 1103 1781 1138 ἀδελφός
1793 1113 1839 1130 σου
1852 1106 1890 1132 ὲκ-

1109 1147 1266 1182 δεδικῆσθαι
1284 1147 1478 1182 νομιζόμενος·
1494 1146 1540 1173 τοῦ
1555 1147 1583 1173 δὲ
1597 1147 1645 1174 νῦν
1660 1148 1888 1183 παρανομήματος

1110 1193 1185 1220 οὐδὲν
1211 1192 1331 1220 τοιοῦτον
1356 1192 1428 1227 ἔχεις
1451 1192 1657 1228 παραπέτασμα
1668 1192 1682 1225 ,⁸
1694 1192 1762 1219 ἀλλὰ
1782 1194 1829 1219 καὶ
1846 1194 1889 1229 τῆς

1112 1238 1245 1274 προτέρας
1261 1237 1427 1273 συγγνώμης
1448 1238 1576 1270 ἐξέπεσες
1586 1247 1592 1254 ·
1615 1239 1639 1264 εί
1652 1237 1706 1273 γὰρ
1720 1238 1765 1265 διὰ
1781 1239 1827 1265 τὸν
1839 1239 1890 1265 ἁδι-

1107 1284 1226 1319 κηθέντα
1241 1292 1288 1310 σου
1305 1283 1419 1318 ἀδελφὺν
1435 1283 1531 1318 πρώην
1543 1283 1659 1318 ὴμύνου,
1671 1285 1730 1316 πῶς
1744 1285 1825 1310 αὑτὸν
1837 1285 1889 1312 νυνὶ

1107 1330 1152 1357 τδν
1166 1329 1235 1365 ὑπὲρ
1250 1325 1280 1355 οὗ
1297 1329 1368 1363 τότε,
1386 1329 1424 1361 ὼς
1439 1329 1502 1364 φῂς,
1523 1329 1628 1364 ἠμύνου
1643 1329 1743 1356 ἀδικῶν
1756 1331 1803 1357 καὶ
1818 1331 1889 1357 ἐλαύ-

1106 1384 1158 1402 νων
1189 1374 1320 1401 πάντοθεν
1342 1374 1393 1400 οὐκ
1424 1373 1554 1410 αἰσχύνῃς
1583 1375 1668 1410 Δῆλος
1694 1375 1784 1402 τοίνυν
1818 1376 1890 1410 γέγο-

1105 1429 1152 1451 νας
1165 1419 1264 1454 (45ft):
1275 1418 1370 1446 τούτου
1386 1419 1497 1446 κάκεῖνο
1514 1421 1545 1446 ὲκ
1560 1420 1747 1456 προαιρέσεως
1760 1422 1887 1457 ποιήσι-ις’

1107 1466 1120 1491 ὁ
1133 1465 1186 1500 γὰρ
1198 1464 1312 1499 ἀδελφοῦ
1329 1463 1368 1500 μὴ
1379 1464 1546 1500 φειδόμενος,
1563 1464 1621 1498 πῶς
1633 1465 1666 1492 ἂν
1674 1465 1814 1502 ἀλλοτρίου
1827 1467 1892 1500 ἐφεί-

1066 1502 1087 1532 C
1107 1518 1172 1536 σατο
1180 1519 1188 1543 ;

1333 1566 1397 1593 KE’.
1422 1580 1457 1587 -—
1479 1565 1665 1600 ΙΕΡΔΚΙΩΝΙ,

857 1661 972 1688 Mundus
991 1659 1124 1687 muliebris
1142 1658 1199 1692 quis
1216 1665 1301 1684 verus.

300 1714 392 1749 Neque
405 1721 534 1749 purpura,
553 1723 640 1751 neque
661 1717 832 1751 splendentes
857 1724 968 1751 gemma:
991 1723 1056 1742 auro

264 1760 384 1787 admistze
402 1767 464 1788 vere
489 1760 610 1788 efﬁciunt
635 1763 762 1789 muniunt
779 1756 948 1789 muliebrem.
963 1760 1055 1788 Multae

267 1806 341 1833 enim
361 1805 457 1840 ineptae
483 1811 612 1834 matronae
634 1808 704 1835 hunc
728 1808 893 1843 vestigantes
916 1812 1052 1840 ornatum,

264 1852 356 1879 invicte
378 1856 459 1887 atque
476 1852 575 1880 odiosa:
592 1854 752 1888 conjugibus
764 1854 886 1881 redditae.
914 1855 949 1880 At
968 1853 1051 1880 animi

262 1903 385 1932 ornatus,
398 1899 448 1933 'qui
467 1906 482 1926 e
505 1899 603 1927 virtute
618 1901 748 1931 nascitur,
775 1905 802 1928 et
817 1900 954 1927 convictus
982 1898 1053 1926 desi-

263 1946 368 1973 derium
385 1946 498 1979 excitat,
522 1954 554 1974 ac
578 1953 677 1975 mntuze
698 1953 740 1976 est
764 1946 957 1975 benevolentia
982 1945 1051 1981 phil-

263 1994 346 2017 ιτυω.
751 1999 754 2002 ’

449 2091 542 2120 XXVI.
557 2108 590 2113 —
607 2092 861 2121 POLYCIIRONIO.

1141 1713 1197 1748 Οὐχ
1218 1712 1379 1747 ὑφάσματος
1392 1713 1524 1748 ἁλουργὲς
1536 1711 1611 1745 αἶθος
1622 1734 1629 1746 ,
1646 1713 1707 1741 οὐδὲ
1727 1714 1810 1741 λίθων
1833 1722 1889 1741 ποι-

1104 1759 1186 1786 κίλων
1200 1758 1287 1792 αὐγὰς
1298 1758 1365 1794 πρὸς
1382 1758 1483 1794 χρυσὸν
1495 1759 1675 1794 κερασθείσας
1687 1760 1791 1794 κόσμον
1803 1769 1889 1794 γυναι-

1104 1804 1150 1836 κδς
1166 1802 1237 1832 εἶναι
1261 1805 1422 1840 νομιστέον·
1440 1805 1537 1831 πολλαὶ
1553 1804 1607 1840 γὰρ
1628 1805 1684 1832 τῶν
1703 1806 1889 1841 ἀπειροκάλων

1103 1851 1151 1877 καὶ
1175 1851 1278 1885 κόσμον
1302 1850 1422 1876 τοιοῦτον
1443 1850 1629 1886 θηρωμένων,
1655 1854 1822 1887 προσκορεῖς
1845 1853 1888 1880 καὶ

1104 1896 1214 1931 μισηταί
1226 1897 1282 1927 τοῖς
1296 1895 1450 1922 συνοικοῦσι
1461 1896 1632 1932 γεγένηνται.
1649 1897 1731 1923 Ἀλλὰ
1743 1897 1775 1924 τὸ
1784 1897 1832 1933 τῆς
1846 1898 1890 1932 qau-

1100 1942 1150 1976 χῆς
1170 1941 1266 1972 κάλλος
1279 1941 1308 1967 τδ
1323 1941 1351 1973 ἐξ
1367 1941 1472 1976 ἀρετῶν
1489 1941 1677 1977 συγκείμενον,
1694 1943 1769 1979 ὅπερ
1786 1944 1832 1970 καὶ
1845 1944 1889 1970 πό-

1102 1987 1148 2015 οου
1168 1988 1227 2014 ἐστὶ
1247 1987 1316 2022 πρὸς
1338 1987 1384 2013 τὸν
1400 1987 1515 2022 σύμϐιον
1531 1989 1699 2022 συναγωγὸν,
1717 1989 1766 2016 καὶ
1787 1990 1888 2021 εὐνοίας

1099 2033 1233 2067 τυγχάνει
1249 2033 1405 2068 φάρμακον.

1308 2090 1379 2122 κςι.
1397 2105 1430 2110 —
1447 2089 1679 2126 ΠΟΛΥΧΡΟΝΙῼ.

676 2140 768 2166 Anima
783 2141 905 2166 virtutum
924 2137 1044 2165 studiosa
1064 2135 1170 2171 {acilius
1189 2134 1319 2169 Deiopem
1333 2136 1463 2169 impetrat.

297 2193 332 2222 Ut
355 2195 388 2222 ad
413 2195 518 2221 urbium
545 2195 625 2222 situm
652 2199 844 2230 opportunum,
862 2197 1049 2227 tempestatum
1066 2183 1088 2210 Ῐ)

261 2248 369 2276 quoque
394 2241 587 2275 opportunitas
604 2242 750 2276 quaeritur;
781 2241 816 2268 ita
843 2244 870 2267 et
892 2239 1044 2266 animorum

260 2293 325 2320 erga
336 2286 462 2313 virtutem
479 2287 567 2314 studio
585 2287 705 2314 divinum
720 2290 832 2320 paratur
848 2285 991 2312 auxilium.

341 2381 446 2410 XXVII.
461 2398 496 2402 —
512 2382 711 2411 ARCIIONTIO
727 2378 968 2410 PRES’IIYTERO.

1138 2191 1245 2226 ’Ὥσπερ
1271 2191 1317 2217 ἐπὶ
1343 2190 1398 2216 τῶν
1419 2190 1523 2218 πόλεων
1538 2191 1554 2226 ὴ
1570 2191 1698 2227 εὐκαιρία
1722 2192 1773 2226 τῆς
1789 2191 1886 2223 θέσεως

1098 2237 1147 2272 τὴν
1160 2237 1300 2271 εὐκαιρίαν
1313 2236 1367 2262 τῶν
1385 2237 1463 2272 ὡρῶν
1475 2237 1634 2270 ἐπισπᾶται,
1656 2236 1727 2263 οὕτω
1748 2238 1817 2272 κᾲπὶ
1834 2237 1885 2263 τῶν

1098 2282 1191 2317 ψυχῶν
1203 2281 1219 2316 ἡ
1235 2280 1324 2308 εὔνοια
1338 2283 1354 2316 ἡ
1370 2281 1437 2317 πρὸς
1451 2282 1501 2318 τὴν
1514 2283 1614 2318 ἀρετὴν
1625 2283 1675 2318 τὴν
1688 2282 1766 2310 θείαν
1780 2290 1885 2317 συμμα-

1098 2326 1159 2361 χίαν
1176 2325 1304 2361 θηρᾶται.

1207 2382 1270 2409 ΚΖ’.
1292 2397 1326 2403 —
1349 2382 1524 2418 ΑΡΧΟΝΤΙῼ
1543 2382 1778 2418 ΠΡΕΣΒΥΤΕΡῼ.

654 2429 684 2456 Si
700 2430 798 2457 athleta
815 2430 925 2461 laboret,
942 2428 1033 2465 quidni
1048 2427 1147 2455 Christi
1164 2428 1260 2455 miles?
1281 2428 1292 2455 Ι
1307 2427 1370 2456 Cor.
1388 2436 1426 2460 Ix.
1442 2429 1487 2456 25.

294 2482 324 2511 Si
340 2483 386 2518 qui
406 2483 493 2511 acutis
502 2485 644 2510 mundana:
662 2484 750 2512 laudis
764 2485 881 2512 stimulis
897 2485 1043 2519 agitantur,

258 2530 380 2565 ingentes
395 2529 466 2556 ultro
492 2529 643 2562 suscipiunt
662 2529 784 2563 labores;
811 2538 899 2557 nonne
919 2530 965 2565 qui
989 2536 1044 2557 ca:-

258 2575 334 2602 lestis
349 2574 441 2610 gloriae
455 2574 514 2601 telis
526 2574 659 2602 vulnerati
677 2579 750 2607 sunt,
774 2583 821 2602 eos
839 2584 852 2602 a
875 2575 990 2611 pueritia
1009 2575 1044 2602 la-

259 2621 332 2648 boris
345 2620 545 2649 contentionem
559 2621 698 2655 suscipere
713 2628 761 2656 par
778 2625 818 2649 est
833 2621 845 2648 I

1132 2484 1163 2510 Ei
1177 2483 1202 2510 οἱ
1214 2485 1269 2516 τοῖς
1279 2483 1352 2516 ὀξέσι
1367 2484 1418 2518 τῆς
1429 2483 1565 2519 κοσμικῆς
1577 2483 1657 2518 δόξης
1667 2482 1791 2519 κέντροις
1802 2483 1880 2518 πλητ-

1096 2529 1204 2564 τόμενοι
1231 2530 1327 2561 πόνους
1354 2529 1530 2565 αὒθαιρέτους
1560 2529 1748 2560 ἀσπάζονται·
1776 2530 1799 2555 οἱ
1824 2530 1878 2560 τοῖς

1096 2575 1235 2607 ὀξυτάτοις
1251 2575 1300 2610 τῆς
1320 2575 1506 2610 ὑπερκοσμίου
1528 2575 1652 2606 εὐκλείας
1668 2575 1757 2610 βέλεσι
1781 2582 1879 2609 τετρω-

1098 2621 1172 2656 μένοι
1192 2621 1281 2656 πολλῷ
1312 2622 1410 2656 μᾶλλον
1433 2621 1565 2652 νεανικῶς
1582 2621 1629 2648 ἐπὶ
1653 2622 1699 2648 τὸν
1721 2621 1775 2648 τῶν
1792 2620 1880 2646 πόνων

1096 2668 1191 2702 ἀγῶνα
1206 2667 1369 2694 ἀποδύεσθαι
1384 2667 1416 2694 ἂν
1431 2666 1486 2694 εἶεν
1502 2667 1610 2695 δίκαιοι.

808 2743 924 2772 VARI/IS
947 2744 1136 2773 LECTIONES
1153 2745 1197 2772 ET
1216 2745 1330 2775 ΝΟΤΑΞ..

294 2817 458 2856 (μλῦοόά.
484 2818 542 2847 Vat.
569 2819 620 2847 650
645 2825 670 2848 et
692 2819 743 2847 Alt.
773 2821 808 2856 μὴ
841 2823 989 2856 producunt
1015 2824 1041 2852 in

259 2853 352 2888 μηδὲν.
360 2853 368 2880 l
372 2855 461 2883 Iossi".

1130 2823 1185 2858 (ib)
1205 2824 1319 2858 Γέγονας
1335 2825 1413 2853 iidem
1433 2830 1536 2854 mutant
1552 2827 1577 2854 in
1596 2826 1716 2861 γέγονεν.
1733 2826 1770 2854 In.
