2049 3164
184 168 248 201 13ί1

319 228 385 255 κη’.
404 244 438 249 -
455 229 584 266 ΔΙΔΥΜῼ
604 231 841 268 ΠΡΕΣΒΥΤΕΡῼ.

618 176 884 207 EPISTOLARUM
904 177 976 207 LIB.
996 179 1030 208 V.
1047 191 1081 196 -
1102 179 1219 209 EPIST.
1242 179 1380 210 XXVIII.

1753 175 1824 211 1342

1133 234 1251 262 XXVIII.
1273 251 1308 255 —
1324 234 1454 262 DlllYMO
1472 233 1716 263 PRESBYTERO.

447 285 569 314 Fratrem
585 288 642 322 ejus
655 288 758 316 laudat.
777 290 817 317 Ad
830 291 943 326 quinque
958 290 1046 324 capita
1064 297 1111 324 per
1125 291 1264 325 epistolam
1279 293 1390 326 quaesita
1409 293 1556 327 respondet.

219 341 373 378 Δφροδισίῳ
397 342 436 378 τῷ
465 343 611 379 μακαρίῳ,
638 344 677 379 τῷ
707 345 746 380 σῷ
772 346 820 382 μὲν
844 347 971 382 ἀδελφῷ,

184 387 363 423 πρεσϐυτέρῳ
382 388 410 414 δὲ
436 388 485 423 τὴν
511 390 598 422 ἀξίαν,
627 389 709 422 αἰδὼς
738 391 787 426 μὲν
819 392 847 419 ἐν
873 391 973 426 ὀφθαλ-

186 435 245 470 μοῖς
269 434 399 469 κατῴκει,
426 435 512 461 πειθὼ
532 436 560 462 δὲ
582 436 611 462 ἐν
638 436 749 471 χείλεσι,
779 437 858 471 σοφία
878 438 906 464 δὲ
929 438 974 464 ἐπὶ

183 479 311 514 γλώσσης
323 486 329 492 ·
347 480 392 506 καὶ
410 479 563 515 αὐτάρκεια
584 480 634 516 μὲν
651 482 679 507 ὲν
698 483 808 516 γαστρὶ,
825 482 974 518 ἐγκράτεια

183 525 212 551 δὲ
238 525 267 551 ὲν
292 526 349 556 τοῖς
376 525 445 560 μετὰ
474 526 607 562 γαστέρα,
629 527 676 553 καὶ
699 527 850 563 συλλήϐδην
876 529 972 560 είπεῖν,

185 570 280 597 πασῶν
293 570 385 605 σχεδον
413 570 467 597 τῶν
484 572 589 606 ἀρετῶν
606 572 694 599 κοινὸν
714 570 748 608 ἦν
775 574 910 608 ταμιεῖον,
929 573 975 600 καὶ

186 615 356 652 ἐνδιαίτημα.
381 617 457 643 Ἐπεὶ
485 617 575 644 τοίνυν
593 617 660 653 περὶ
674 617 723 649 τὰς
735 618 877 654 οὐρανίους
891 619 975 651 αὐλὰς

188 662 384 697 μετεπέμφθη,
403 662 466 695 ἄξια
486 662 540 689 τῶν
565 663 654 690 πόνων
673 662 819 698 δεξάμενος
839 664 872 691 τὰ
892 664 974 700 γέρα,

187 705 217 732 οὐ
246 706 298 741 χρὴ
325 706 479 746 λυπεῖσθαι,
504 707 573 734 ἀλλὰ
597 708 698 743 μᾶλλον
723 709 830 746 χαίρειν
862 709 903 736 ὅτι
923 710 977 736 τῶν

187 751 276 779 ἄθλων
302 752 394 780 λοιπὸν
420 754 576 789 καρποῦται
595 755 628 782 τὰ
656 756 769 784 ἔπαθλα.
794 757 823 784 '0
854 758 909 794 γὰρ
929 759 976 794 τὴν

189 798 280 825 ἐνθάδε
306 798 360 825 τῶν
387 799 472 833 ἁγίων
482 800 625 835 οἰκτείρων
651 802 791 838 τελευτὴν,
813 803 918 835 δίκαιος
944 804 977 831 ἂν

189 844 231 879 εῐη
247 845 321 880 παρὰ
337 845 446 872 πάντων
461 845 515 872 τῶν
533 844 562 873 εὖ
589 849 760 883 φρονούντων
781 850 974 885 οἰκτείρεσθαι.

194 889 237 921 Ὠς
252 890 298 916 καὶ
312 891 326 917 6
341 891 403 922 τοὺς
414 892 591 928 νενικηκότας
611 893 659 919 καὶ
674 894 840 928 στεφθέντας
857 895 977 930 θρηνῶν,

188 936 277 962 οῐκτου
294 937 327 963 ἂν
343 936 386 972 εἴη
414 938 461 964 καὶ
485 938 612 974 δακρύων
637 939 723 972 ἄξιος.
748 941 803 967 Καὶ
820 941 906 968 ταῦτα
927 941 976 976 μὲν

189 981 228 1011 εις
244 981 380 1008 τοσοῦτον.
401 981 471 1008 Ἴσθι
491 982 519 1008 δὲ
541 980 588 1009 οὖν
603 983 644 1009 ὅτι
668 983 747 1018 μόνος
763 985 777 1011 6
797 984 848 1019 τῆς
877 985 979 1020 ἀρετῆς

191 1025 301 1058 πλοῦτος
312 1027 356 1052 ἐπ’
369 1028 531 1062 ἀσφαλείαις
545 1029 659 1064 ὀχεῖται,
669 1030 733 1056 ὅταν
747 1031 760 1057 6
772 1030 866 1056 τοῦτον
881 1039 980 1065 κεκτη-

190 1071 271 1105 μένος
302 1071 339 1106 μὴ
360 1073 393 1107 τῇ
419 1072 543 1109 ῥᾳστώνῃ
572 1074 684 1110 προδοίη
715 1075 745 1101 τὸ
773 1075 876 1110 κτῆμα,
912 1075 980 1110 μηδὲ

188 1117 275 1152 ἀρχῆς
299 1117 450 1153 ἐρασθείη’
478 1118 569 1154 πάσης
594 1120 648 1156 γὰρ
663 1120 792 1147 ἐπέκεινα
821 1121 933 1156 τόλμης,
949 1120 979 1147 οὐ

189 1163 220 1189 σὺ
235 1162 324 1197 μόνον,
343 1163 410 1190 ἀλλὰ
427 1165 474 1191 καὶ
486 1164 585 1199 ἔγωγε,
602 1167 702 1201 χωρεῖν
713 1166 900 1201 ὑπολαμϐάνω
915 1167 980 1198 τοὺς

189 1208 257 1243 μηδὲ
280 1209 348 1244 πρὸς
358 1210 421 1241 τοὺς
437 1210 601 1246 ἀθλητικοὺς
618 1212 777 1246 ἁψαμένους
804 1212 913 1244 πόνους,
931 1211 979 1238 καὶ

187 1255 243 1285 τοῖς
255 1255 427 1289 στεφανίταις
445 1256 683 1292 ὲπαποδυομένους
692 1265 699 1273 ’
712 1258 817 1290 οἵτινες
840 1258 906 1293 μηδὲ
917 1267 982 1293 γνη-

189 1299 257 1331 σίοις
267 1300 453 1335 ἐγγραφέντες
472 1302 619 1337 μαθηταῖς,
640 1303 680 1334 εἰς
690 1304 752 1335 τοὺς
764 1304 902 1339 ἡγεμόνας
912 1305 980 1330 ἀνα-

187 1344 294 1380 τρέχειν
306 1346 513 1380 φιλονεικοῦσιν·
523 1345 560 1375 ὧν
572 1349 620 1383 οὐχ
628 1349 642 1375 6
650 1348 750 1384 τρόπος
761 1349 806 1376 τὸν
815 1349 976 1382 τόπον,ἀλλ’

188 1391 202 1417 6
216 1390 298 1423 τόπος
319 1392 365 1418 τὸν
379 1392 480 1428 τρόπον
500 1393 659 1420 πιστεύεται
676 1402 682 1409 ·
708 1393 840 1421 ὠνοῦνται
857 1394 911 1429 (46)
927 1394 980 1430 γὰρ

188 1437 237 1469 τὰς
256 1437 354 1474 ἀρχὰς,
373 1438 417 1465 ἵνα
439 1439 573 1474 ὑϐρίσωσι
598 1440 648 1472 τὰς
677 1440 794 1476 ἀρετάς-
825 1441 871 1467 καὶ
891 1440 981 1475 λέγειν

189 1482 387 1518 ἐπιχειροῦσιν,
421 1483 439 1510 ἃ
472 1484 540 1519 μηδὲ
573 1485 670 1520 μαθεῖν
705 1485 904 1517 κατεδέξαντο”
935 1486 982 1512 καὶ

190 1529 372 1563 προστάττειν
386 1529 499 1556 τοιαῦτα
514 1529 662 1565 τολμῶσιν,
676 1530 693 1557 ἃ
707 1530 775 1566 μηδὲ
791 1530 905 1557 ἀκοῦσαι
916 1530 980 1566 ἠνέ-

191 1580 296 1607 σχοντο.
325 1573 373 1605 Τίς
394 1571 441 1600 οὖν
470 1574 522 1601 ὑπὸ
545 1575 680 1606 τοιούτοις
703 1575 822 1610 ἡγεμόσι
852 1576 981 1610 πράττων

191 1617 263 1652 μέγα
277 1626 304 1644 τι
318 1618 366 1644 καὶ
381 1619 502 1652 γυναῖον,
514 1618 530 1654 ἦ
543 1619 645 1654 πρᾶξαι
661 1619 677 1654 ἢ
691 1619 807 1645 συνιδεῖν
820 1619 979 1655 δυνήσεται;
995 1638 1017 1668 c

189 1663 231 1694 τίς
254 1663 281 1689 δὲ
300 1663 350 1689 οὐκ
377 1663 536 1699 ὲρυθριάσει
560 1663 665 1699 ἀνδρῶν
687 1664 752 1699 χθὲς
775 1664 824 1690 καὶ
842 1665 937 1700 πρώην
952 1665 981 1691 ὲν

190 1709 351 1745 καπηλείοις
368 1710 384 1745 ἢ
402 1710 590 1746 δικαστηρίοις
604 1710 824 1746 κατατριϐέντων
844 1711 982 1747 ἀκροατὴς

190 1755 350 1791 γινόμενος;
368 1756 410 1788 τίς
435 1755 464 1782 δὲ
494 1756 548 1783 τῶν
575 1756 681 1791 ἐχθρῶν
708 1756 739 1783 οὐ
770 1757 904 1791 γελάσειε,
933 1757 982 1784 καὶ

191 1800 293 1836 σκηνὴν
310 1801 356 1827 καὶ
384 1801 528 1837 ὑπόκρισιν
555 1802 677 1836 νομίσειε
695 1802 725 1828 τὸ
752 1803 888 1838 πρᾶγμα;
912 1802 981 1829 Ἀλλ’

190 1846 284 1881 ἐπειδὴ
298 1846 457 1882 γέγραφας,
473 1847 498 1873 τί
517 1848 663 1883 ποιητέον,
683 1849 757 1884 φημὶ
779 1848 855 1875 οὐδὲν
877 1848 980 1885 ἕτερον,

189 1891 248 1920 ἀλλ’
280 1893 383 1928 ἀρετὴν
407 1893 544 1928 ἀσκητέον
572 1894 620 1920 καὶ
641 1894 821 1929 ἡσυχαστέον,
854 1895 902 1921 καὶ
932 1895 981 1930 τὴν

190 1937 282 1973 κρίσιν
300 1938 511 1974 προσδοκητέον,
532 1939 580 1965 καὶ
606 1939 656 1971 τὰς
677 1939 835 1972 διαϐολικὰς
853 1939 981 1975 μεθόδους

189 1983 391 2018 διακρουστέον.
408 1984 499 2015 sua;
513 1984 568 2020 γὰρ
584 1985 631 2011 καὶ
647 1985 769 2017 ποικίλος
781 1985 795 2011 6
810 1985 859 2021 τῆς
874 1985 981 2021 ἀνθρω-

191 2030 307 2064 πότητος
321 2029 428 2066 ἐχθρὸς,
446 2030 481 2060 τὰ,
501 2031 550 2065 μὲν
576 2031 742 2064 κολακείαις,
758 2032 791 2058 τὰ
812 2031 840 2058 δὲ
859 2032 982 2067 παραλο-

190 2077 300 2110 γισμοῖς
326 2077 562 2111 καταγοητεῦσαι·
591 2077 637 2104 καὶ
656 2077 774 2113 μάλιστα
794 2078 838 2104 ὅτε
853 2078 908 2113 (47)
932 2078 983 2104 οὐκ

190 2121 243 2148 οἶδε
261 2121 308 2157 τὴν
321 2122 351 2155 ὲξ
362 2122 470 2154 εὐθείας
486 2123 592 2158 μάχην·
605 2123 635 2150 οὐ
651 2123 706 2159 γὰρ
723 2123 756 2150 ἂν
773 2123 844 2150 ἑάλω
858 2123 962 2158 ταχέως
974 2131 980 2139 ·

190 2166 260 2194 ἀλλὰ
280 2169 457 2204 προσχήματι
481 2169 571 2203 φιλίας
582 2169 711 2200 πολλάκις
733 2169 850 2204 κρύπτει
865 2169 910 2196 τὸν
933 2169 983 2204 τῆς

191 2213 319 2250 πορνείας
337 2214 384 2241 ἰόν.
405 2214 450 2246 Ὠς
465 2215 520 2250 γὰρ
542 2215 582 2246 είς
606 2215 725 2242 ισοθείαν
751 2215 863 2249 ἀγαγὼν
877 2215 923 2242 τὸν
937 2215 984 2242 ἄν·

191 2258 312 2294 θρωπον,
341 2259 397 2286 τῶν
421 2259 528 2294 ἀλόγων
543 2259 710 2295 κατέστησεν
735 2259 917 2295 ἐλεεινότερον
931 2268 937 2274 ·
952 2259 982 2286 οὐ

1060 345 1226 380 Aphrodisia
1248 346 1326 374 fratri
1357 351 1402 374 tuo
1427 347 1485 381 jam
1510 347 1649 380 defuncto,
1675 347 1753 384 561
1783 349 1824 376 di-

1026 391 1127 427 gnitate
1154 391 1299 423 sacerdoti,
1317 392 1402 425 pudor
1420 392 1445 418 in
1459 392 1546 420 oculis
1570 393 1720 426 habitabat,
1738 393 1823 421 suada

1026 437 1052 463 in
1077 435 1161 462 labris
1189 435 1310 467 sedebat,
1331 436 1463 470 sapientia
1489 437 1515 463 in
1536 437 1646 472 lingua;
1675 439 1825 467 ventriculo

1025 485 1155 517 quantum
1185 481 1228 508 Sat
1259 485 1349 512 esset,
1381 481 1521 513 sumebat.
1549 482 1689 510 continens
1708 483 1734 510 in
1768 483 1822 517 iis,

1025 535 1085 562 quae
1115 527 1166 554 sub
1198 531 1312 560 ventre;
1338 530 1419 560 utque
1448 527 1541 560 paucis
1568 527 1674 560 dicam,
1703 529 1823 566 omnium

1027 573 1083 601 fere
1106 573 1234 600 virtutum
1257 579 1367 607 promus
1388 572 1540 599 communis
1563 573 1623 600 fuit.
1640 572 1750 601 Caelesti
1771 574 1823 602 ita-

1027 627 1080 654 que
1112 618 1172 646 sedi
1199 619 1371 653 prtemissus,
1400 617 1537 644 laboribus
1560 617 1668 652 dignam
1695 623 1824 653 acceptu-

1027 673 1073 693 rus
1102 664 1271 696 mercedem,
1296 663 1405 691 minime
1427 663 1536 698 quidem
1567 663 1748 697 deplorandus
1771 669 1823 697 est,

1027 710 1091 744 quin
1113 710 1204 744 potius
1234 709 1259 736 ei
1284 708 1490 744 gratulandum,
1514 708 1584 742 quod
1613 707 1769 735 certaminis
1790 708 1825 735 sit

1028 756 1155 790 deinceps
1174 755 1284 791 praemia
1299 759 1505 782 consecuturus.
1527 753 1656 788 Quisquis
1677 752 1750 780 enim
1774 760 1824 780 ex-

1029 811 1133 831 cessum
1158 802 1229 829 ltunc
1253 805 1409 828 sanctorum
1443 799 1563 826 virorum
1587 799 1696 834 lugeat,
1713 798 1736 826 is
1758 806 1824 827 sane

1029 854 1177 880 mereatur,
1192 853 1221 875 ut
1242 856 1256 874 a
1278 848 1347 875 bene
1373 846 1554 875 sentientibus
1570 846 1743 873 miseratione
1757 853 1823 872 con-

1030 895 1129 930 dignus
1154 894 1298 926 habeatur,
1315 892 1392 928 quasi
1417 892 1461 927 qui
1490 899 1577 927 pugna
1604 891 1722 918 victores
1735 895 1761 918 et
1778 898 1824 918 co-

1031 947 1095 966 rona
1112 938 1306 966 cobonestalos
1330 937 1484 972 deplorans,
1508 936 1635 971 lacrymis
1659 935 1717 970 ipse
1741 939 1823 969 atque

1029 984 1175 1018 ejulatione
1206 983 1241 1011 sit
1269 983 1376 1018 dignus.
1402 982 1435 1008 Et
1462 983 1518 1009 haec
1543 981 1651 1016 quidem
1680 981 1822 1008 hactenus.

1031 1029 1175 1058 Sciendum
1205 1030 1297 1064 itaque
1315 1029 1379 1055 solis
1405 1028 1514 1055 virtutis
1541 1028 1637 1062 opibus
1662 1026 1823 1061 locupletem

1030 1075 1152 1110 quemvis
1168 1081 1264 1102 secure
1277 1075 1338 1100 hinc
1356 1073 1504 1108 emigrare,
1521 1072 1741 1106 quandoquidem
1757 1079 1823 1105 opes

1030 1121 1090 1148 illas
1112 1128 1165 1147 non
1183 1119 1337 1154 prodegerit
1357 1118 1438 1145 nimia
1470 1117 1576 1144 vivendi
1598 1117 1718 1149 licentia,
1736 1122 1823 1150 neque

1030 1166 1091 1194 aliis
1107 1166 1242 1200 imperare
1255 1163 1402 1191 studuerit.
1420 1163 1459 1189 Ad
1474 1163 1613 1189 audaciam
1623 1161 1755 1196 siquidem
1771 1169 1823 1189 non

1032 1214 1058 1238 tu
1074 1210 1163 1242 modo,
1184 1209 1231 1237 sed
1257 1213 1285 1236 et
1312 1215 1362 1242 ego
1391 1207 1524 1242 proclives
1542 1214 1602 1234 esse
1620 1206 1757 1238 existimo,
1776 1206 1823 1240 qui

1030 1255 1149 1282 nomlum
1162 1254 1305 1282 athleticos
1317 1253 1496 1281 certaminum
1509 1252 1617 1280 labores
1631 1251 1822 1286 degustarunl,

1031 1308 1082 1329 nec
1100 1300 1217 1328 victores
1237 1300 1308 1327 inter
1327 1303 1472 1327 coronatos
1488 1302 1680 1331 numerantur;
1696 1297 1740 1330 qui
1761 1298 1823 1332 qui-

1031 1347 1091 1374 dem
1108 1346 1181 1373 veris
1196 1347 1312 1373 nondum
1338 1344 1450 1379 ascripti
1479 1343 1631 1378 discipulis,
1657 1350 1717 1369 cum
1732 1343 1825 1370 docto-

1031 1393 1106 1420 ribus
1118 1397 1207 1420 tamen
1220 1396 1328 1419 certare
1341 1391 1507 1418 contendunt
1521 1399 1528 1423 ;
1541 1397 1654 1424 quorum
1665 1397 1717 1417 non
1729 1389 1825 1417 modus

1031 1439 1130 1471 locum,
1157 1438 1203 1465 sed
1227 1437 1303 1465 locus
1327 1437 1434 1464 modum
1453 1436 1560 1470 probet.
1580 1435 1736 1463 lllercantur
1751 1436 1824 1463 enim

1033 1484 1218 1518 magistratus,
1232 1490 1286 1518 quo
1296 1483 1423 1510 virtutem
1440 1482 1548 1515 laedant,
1561 1489 1648 1517 eaque
1667 1484 1766 1509 docere
1784 1482 1825 1509 ni-

1033 1534 1136 1563 tuntur,
1162 1537 1222 1564 qum
1248 1537 1385 1563 nunquam
1402 1528 1568 1556 didicerunt.
1586 1529 1693 1555 Audent
1708 1536 1738 1556 ea
1757 1536 1825 1563 prce-

1032 1574 1133 1608 cipere,
1152 1581 1212 1608 quae
1236 1573 1330 1600 audire
1353 1578 1433 1600 antea
1457 1580 1510 1600 non
1538 1573 1735 1600 sustinuerunt.
1759 1573 1826 1607 Quis

1034 1620 1115 1655 igitur
1133 1620 1232 1647 talibus
1249 1627 1314 1647 usus
1342 1619 1488 1654 praefectis,
1507 1627 1632 1655 magnum
1656 1620 1720 1655 quid
1745 1628 1826 1656 agere

1035 1670 1081 1692 aut
1097 1665 1248 1700 intelligere
1261 1665 1364 1700 queat?
1379 1665 1463 1698 Quem
1485 1673 1538 1692 non
1560 1666 1659 1699 pudeat
1678 1665 1750 1693 viros
1775 1674 1826 1693 nu-

1033 1719 1081 1746 per
1098 1715 1124 1738 et
1140 1711 1199 1738 heri
1224 1711 1250 1737 in
1277 1710 1407 1745 cauponis
1424 1715 1504 1745 atque
1521 1711 1547 1738 in
1563 1711 1716 1738 forensibus
1732 1719 1825 1738 versa-

1034 1761 1074 1783 tos
1084 1755 1193 1790 judiclis
1209 1755 1319 1783 audire?
1335 1756 1402 1788 Quis
1419 1756 1505 1784 hostis
1518 1764 1571 1783 non
1593 1757 1688 1788 rideat,
1712 1763 1824 1784 scenam

1032 1804 1059 1827 et
1083 1800 1193 1827 mimum
1219 1800 1269 1827 hoc
1282 1807 1342 1827 esse
1353 1800 1523 1828 existimans.
1542 1800 1638 1828 Verum
1652 1808 1712 1828 cum
1726 1801 1825 1836 ecquid

1033 1845 1104 1872 facto
1123 1845 1158 1872 sit
1178 1852 1246 1879 opus
1263 1852 1310 1880 per
1322 1845 1463 1879 epistolam
1480 1846 1594 1880 rogaris,
1611 1845 1677 1872 nihil
1693 1850 1825 1880 praeterea

1033 1891 1130 1922 dicam,
1162 1898 1242 1924 quam
1272 1890 1400 1917 virtutem
1430 1898 1491 1918 esse
1516 1892 1706 1922 exercendam,
1722 1896 1749 1918 et
1775 1897 1823 1918 ac-

1032 1935 1239 1971 quiescendum,
1268 1936 1534 1970 exspectandumun
1558 1936 1605 1963 Dei
1626 1935 1771 1970 judicium,
1791 1943 1824 1963 ae

1033 1981 1179 2009 diabolicas
1191 1981 1300 2008 interim
1315 1980 1426 2009 fraudes
1443 1982 1620 2017 repellendas.
1639 1981 1737 2009 Gravis
1749 1981 1823 2009 enim

1032 2027 1177 2061 variusque
1201 2027 1312 2054 humani
1336 2033 1377 2055 est
1393 2029 1501 2063 generis
1516 2028 1613 2060 hostis,
1629 2036 1680 2062 qua
1698 2033 1823 2055 assenta-

1034 2072 1162 2105 lionibus,
1183 2079 1236 2107 qua
1262 2073 1392 2107 captiosis
1415 2073 1636 2100 conclusionibus
1659 2073 1823 2107 impostnras

1034 2118 1148 2153 agendo,
1165 2118 1314 2152 pra'scrtim
1338 2126 1400 2144 cum
1426 2118 1528 2145 directe
1543 2125 1698 2152 oppugnare
1721 2118 1825 2144 nesciat

1034 2163 1093 2200 [sed
1110 2171 1143 2191 ex
1162 2163 1291 2199 insidiis].
1309 2163 1354 2190 Illo
1369 2164 1440 2190 enim
1455 2164 1533 2190 modo
1549 2164 1608 2197 capi
1622 2163 1700 2190 facile
1716 2167 1823 2197 posset;

1034 2210 1082 2238 sed
1107 2210 1181 2237 larva
1209 2217 1240 2237 ac
1264 2210 1354 2244 specie
1378 2209 1504 2236 amicitia:
1530 2209 1596 2243 tegit
1640 2208 1826 2236 fornicationis

1034 2262 1177 2282 venenum.
1195 2255 1228 2282 Ut
1255 2255 1325 2282 enim
1352 2254 1489 2281 hominem
1512 2251 1708 2281 Deo'similem
1739 2253 1826 2280 brutis

193 2303 274 2338 μόνον
296 2303 332 2330 τὰ
360 2304 494 2339 προσόντα
532 2305 759 2340 πλεονεκτήματα
788 2305 980 2339 ἀπαμφιάσας.

1038 2301 1155 2328 reddidit
1170 2301 1409 2333 miserabiliorem,
1426 2308 1475 2328 nec
1489 2300 1668 2335 praesentibus
1684 2300 1763 2326 modo
1785 2300 1826 2326 ln-

191 2348 260 2375 ἀλλὰ
282 2349 330 2376 καὶ
345 2349 380 2375 τὰ
395 2349 432 2385 μὴ
447 2349 583 2385 προσόντα
598 2348 777 2384 ἐλαττώματα
800 2348 980 2383 προξενήσας,

192 2394 308 2429 ἱδρῶτάς
319 2403 397 2430 φημι
417 2395 465 2421 καὶ
481 2395 589 2427 πόνους,
608 2394 724 2421 θάνατόν
748 2403 778 2421 τε
800 2395 848 2421 καὶ
863 2394 978 2429 φθοράν.

196 2439 268 2466 Ἀλλ⁹
288 2440 382 2476 ἐπειδὴ
396 2441 489 2467 πολλοὶ
504 2440 660 2476 θηρώμενοι
679 2440 762 2467 αὐτοῦ
779 2440 827 2472 τὰς
842 2440 991 2476 μεθόδους,.

191 2483 279 2518 ἀργὰς
304 2485 495 2518 ἀποδείξαντες
523 2485 578 2521 (48)
605 2485 744 2517 ἑλεπόλεις
768 2485 825 2520 (49)
857 2485 910 2520 χρὴ
933 2485 981 2511 καὶ

192 2530 293 2565 πάντα,
316 2529 358 2564 οἷς
383 2531 542 2567 φρονήσεως
570 2531 680 2567 μέτεστι
696 2531 744 2558 καὶ
757 2531 894 2567 σωτηρίας
918 2531 978 2557 ἐστὶ

1035 2348 1088 2375 eris
1109 2351 1136 2374 et
1159 2347 1310 2374 commodis
1338 2347 1473 2382 spoliavit,
1508 2355 1600 2374 verum
1630 2348 1711 2374 etiam
1728 2347 1826 2381 quibus

1034 2393 1206 2425 carebamus,
1219 2393 1282 2419 vitia
1295 2392 1448 2427 damnaque
1465 2392 1634 2420 conciliando
1647 2392 1748 2424 attulit,
1763 2397 1825 2425 puta

1035 2439 1149 2466 sudores
1164 2446 1196 2466 ac
1217 2438 1336 2470 labores,
1351 2443 1466 2466 mortem
1483 2444 1510 2467 et
1527 2439 1677 2467 interitum.
1697 2437 1750 2465 Sed
1764 2445 1824 2464 cunt

1035 2484 1112 2511 multi
1127 2484 1186 2518 ejus
1200 2484 1271 2518 capti
1285 2483 1355 2511 dolis
1373 2484 1459 2512 malos
1476 2491 1536 2511 esse
1551 2478 1730 2514 ostenderint,
1749 2482 1825 2508 decet

1034 2529 1130 2564 quibus
1144 2537 1219 2557 mens
1229 2534 1272 2557 est
1285 2534 1312 2558 et
1326 2530 1400 2558 salus
1414 2530 1499 2563 cordi,
1514 2531 1650 2557 machinas
1661 2529 1720 2564 ejus
1731 2533 1826 2554 omnes

745 2621 862 2650 VARle
882 2621 1073 2650 LECTIONES
1092 2621 1136 2648 ΕΤ
1155 2621 1273 2650 NOTAE.

230 2696 372 2734 (46)(ἶριι.
383 2697 449 2734 iAIt.
467 2698 521 2733 'pro
537 2697 672 2734 νώνοῦνται
698 2697 763 2734 legit
781 2698 931 2733 ὡνοῦντες,
956 2704 983 2726 ct

195 2739 266 2769 vers.
283 2732 354 2769 inde
378 2733 395 2760 Β
424 2733 581 2769 καπηλείοις
610 2734 704 2761 scribit
727 2732 791 2761 cum
825 2736 892 2761 ἰωτά
918 2735 985 2762 sim-

195 2767 268 2802 plici.
283 2767 389 2794 Possuv.

230 2802 288 2837 (47)
300 2802 374 2838 ,Ὅτε
391 2803 458 2830 idem
477 2807 563 2838 mutat
578 2803 603 2830 in
620 2803 670 2830 ὅτι.
684 2803 760 2832 Vers.
778 2803 893 2838 ἀγαγὼν
913 2804 985 2832 idem

196 2837 356 2872 prmlncitﬁin
368 2837 522 2872 ἀναγαγών.
541 2839 577 2864 It).

234 2872 291 2907 (48)
312 2871 365 2900 Pro
377 2880 411 2901 eo
427 2871 498 2908 quod
516 2873 598 2901 editio
616 2873 727 2902 exhibet
745 2881 752 2901 :
774 2876 861 2911 ἀργὰς
879 2875 985 2903 ἀποδεί-

1037 2699 1130 2732 ξαντες
1143 2699 1221 2726 codd.
1234 2699 1296 2727 Val.
1314 2699 1366 2726 650
1383 2703 1411 2726 et
1426 2698 1479 2726 Alt.
1499 2698 1599 2725 habent
1614 2698 1701 2733 ἀργὰς
1715 2697 1823 2724 ἀποδεξ-

1039 2735 1148 2767 ξαντας,
1170 2735 1313 2767 mendose;
1336 2735 1383 2762 sed
1400 2742 1433 2761 ex
1446 2734 1498 2766 bis,
1516 2734 1541 2759 ni
1558 2733 1646 2765 fallor,
1663 2740 1726 2760 vera
1745 2733 1824 2759 lectio

1039 2770 1078 2812 sic
1105 2769 1214 2812 lo‘rtnari
1243 2769 1359 2804 poterit,
1381 2768 1469 2804 ἀργὰς
1490 2767 1633 2801 ἀπέδειξαν
1657 2767 1707 2798 τὰς
1729 2767 1824 2793 ἑλεπό-

1037 2804 1183 2879 λεῖῗοίυίῃ
1201 2838 1259 2879 illos
1277 2839 1423 2879 invehitur,
1446 2837 1553 2879 laudato
1573 2837 1634 2879 jam.
1649 2835 1823 2879 Arpltro‘disi’t),

1040 2869 1086 2910 qui
1103 2869 1246 2909 dignitates
1259 2874 1382 2902 ambiunt
1397 2869 1603 2902 ecclesiasticas.
1627 2869 1708 2904 Infra,
1722 2871 1752 2897 οὺ
1769 2869 1825 2905 γὰρ
