2049 3164
221 160 288 194 1343

817 161 848 191 S.
867 160 1013 190 ISIDORI
1033 159 1251 190 PELUSIOTE

1781 156 1848 189 13H

219 223 303 252 atque
316 216 430 244 astutias
446 216 609 250 investigare
621 222 653 242 ac
672 214 777 242 rimari.
792 214 1012 243 Observandum—

1070 215 1149 248 vSyog,
1165 214 1199 241 τὰ
1217 213 1405 249 μηχανήματα
1419 212 1502 240 αὐτοῦ
1519 212 1673 248 ἀνιχνεύειν
1684 211 1731 239 καὶ
1749 213 1848 247 φυλάτ-

220 269 273 297 que
302 261 392 296 quoad
411 260 469 294 ejus
497 259 556 287 ﬁeri
580 264 678 295 potest,
692 260 811 288 maxime
833 267 894 288 cum
908 260 1009 287 amoris

219 305 309 332 colore
325 305 448 332 inescare
464 304 588 332 homines
609 304 725 333 studeat.
743 304 819 333 Tunc
835 306 907 333 enim
923 312 1008 341 expu-

220 350 297 385 gnari
316 351 430 385 capique
446 354 536 385 potest
549 349 693 379 difﬁcilius.

254 395 369 428 Quando
390 403 455 424 vero
480 396 513 424 de
535 396 707 431 dogmatibus
730 397 909 433 signiﬁcasti;
929 396 1010 432 562

218 440 287 467 scito
302 441 412 469 audisse
428 449 471 469 me
496 442 641 478 aliquando
658 450 691 470 ex
708 443 788 470 docto
811 443 872 470 viro
893 450 1011 478 evange-

220 485 287 513 listm
301 493 422 520 sensum,
437 493 581 522 propterea
606 489 678 523 quod
696 487 757 515 Filii
777 488 824 516 Dei
840 496 938 516 nomen
950 492 1010 515 astu

221 533 386 561 adornantes
407 533 588 568 inverterunt,
596 537 623 561 et
632 533 732 562 Filium
739 533 786 562 Dei
797 541 851 562 non
860 541 921 562 esse
931 541 1010 562 crea-

221 583 311 606 turam
343 583 415 607 recte
439 579 600 607 docuerunt.
632 580 716 607 Aiunt
745 579 842 607 enim:
867 579 937 613 His,
966 580 1012 616 qui

222 625 331 652 credunt
346 625 374 652 iu
391 626 495 652 nomine
514 625 581 660 ejus,
597 625 669 652 dedit
695 626 733 653 eis
760 630 916 660 potestatem
939 625 1010 660 ﬁlios

223 670 372 705 Deiﬁeri‘.
402 671 434 698 Et
449 670 512 698 alibi
528 680 534 698 :
558 671 693 706 Quidquid
715 671 843 706 petieritis
862 672 890 699 in
908 672 1012 699 nomine

223 724 290 750 meo,
302 716 432 750 accipietis
442 718 463 743 ³.
480 716 553 744 Inter
563 721 659 744 caetera
672 725 748 750 vero,
765 725 825 752 qua:
841 717 923 744 multa
937 723 1011 751 sunt,

224 761 272 789 Dei
286 761 405 794 nomina,
420 762 537 789 maxime
554 762 691 798 propriutn
713 767 756 790 est
770 762 830 790 Filii
848 763 894 790 Dei
918 763 1011 798 appel-

224 806 289 834 latio
301 816 308 834 :
322 807 470 835 ostendens
485 815 578 835 verum
592 814 654 835 esse
667 815 699 835 ac
713 807 870 843 genuinum,
888 812 915 834 et
933 815 1011 835 crea-

226 857 292 880 tura:
306 859 415 880 sensum
427 859 535 880 omnem
554 852 776 889 intellectumque
793 854 936 881 excedens.
951 853 1013 882 Cla-

1061 260 1158 287 τεσθαι
1175 260 1213 292 ὡς
1227 259 1380 295 ἐνδέχεται·
1395 260 1460 287 ὅταν
1479 260 1596 294 μάλιστα
1612 258 1704 293 φιλίας
1729 259 1849 294 προσχή-

1065 315 1130 342 ματι
1146 305 1260 342 δελεάζῃ
1272 313 1279 321 ·
1293 306 1354 333 τότε
1371 306 1426 342 γὰρ
1440 305 1592 337 δυσάλωτός
1611 306 1668 332 ἐστι
1682 304 1729 332 καὶ
1745 304 1850 340 δύσμα-

1062 360 1121 388 χος.

1106 397 1215 433 Ἐπειδὴ
1230 397 1259 425 δέ
1273 397 1319 425 καὶ
1333 397 1398 433 περὶ
1413 396 1557 432 δογμάτων
1577 397 1725 432 ἐμήνυσας,
1743 396 1797 423 ἴσθι
1811 396 1853 422 δτι

1064 443 1170 479 ἡκουσά
1201 443 1266 470 ποτέ
1309 451 1384 475 τινος
1424 441 1513 469 δεινοῦ
1543 441 1715 477 καταμαθεῖν
1748 441 1853 476 ἀνδρῶν

1063 488 1266 524 εὐαγγελιστῶν
1279 488 1409 519 διάνοιαν,
1426 488 1466 514 ὃτι
1482 487 1564 514 τόκου
1581 486 1628 513 τοῦ
1653 486 1767 522 γνησίου
1791 485 1853 513 τοῦ-

1064 541 1134 568 νομα
1165 532 1307 567 ἔστρεφον,
1340 531 1593 564 κατασκευάζοντες
1622 531 1653 558 τὸ
1687 532 1724 566 μὴ
1751 530 1853 566 κτίσμα

1064 576 1134 605 εἶναι
1149 578 1193 605 τὸν
1205 578 1280 604 Υἱόν.
1300 578 1425 612 Ἐφασαν
1441 577 1506 613 γάρ·
1525 577 1592 611 Τοῖς
1605 578 1801 605 πιστεύουσιν
1810 578 1854 611 εἰς

1064 622 1098 649 τὸ
1103 621 1195 657 ὄνομα
1200 621 1293 649 αὑτοῦ
1299 621 1438 649 δεδόσθαι
1445 621 1591 654 ἐξουσίαν
1597 621 1686 650 τέκνα
1694 622 1768 649 Θεοῦ
1774 622 1855 656 γεγέ-

1065 669 1152 695 σθαι.
1171 667 1236 694 Καί·
1255 664 1290 695 Ὃ
1307 667 1362 694 ἐὰν
1373 668 1518 702 αἰτήσητε
1539 668 1574 695 ἐν
1590 668 1630 701 τῷ
1653 668 1778 702 ὀνόματί
1794 677 1853 702 μου

1065 712 1215 747 λήψεσθε·
1246 713 1331 748 δνομα
1357 713 1385 740 δὲ
1405 713 1452 740 τοῦ
1483 713 1659 749 πολυωνύμου
1687 713 1854 750 κυριώτερον

1064 758 1119 785 τῶν
1142 758 1233 786 ἀλλων
1258 759 1274 794 ή
1306 759 1353 785 τοῦ
1375 759 1441 785 Υεοῦ
1476 759 1658 795 προσηγορία,
1685 759 1716 786 τὸ
1742 759 1854 795 γνήσιον

1066 804 1248 839 ἐμφαίνουσα,
1263 805 1310 831 καὶ
1325 805 1375 841 τὴν
1386 805 1433 832 τοῦ
1444 806 1592 840 κτίσματος
1609 805 1713 833 ἔννοιαν
1724 805 1855 841 ἐξοστρα-

1066 850 1188 882 κίζουσα.
1209 851 1293 887 Δῆλον
1315 851 1414 890 τοίνυν,
1425 851 1466 878 ὅτι
1484 852 1541 884 τοῖς
1563 853 1614 887 μὲν
1629 853 1696 879 my
1713 851 1795 879 αὑτὸν
1813 852 1855 879 λι-

227 904 286 925 rum
303 898 394 932 itaque
410 899 500 926 evadit
518 899 716 934 appellantibus
728 906 790 926 eum
808 898 908 926 Filium
924 899 1014 926 datam

1070 905 1160 931 γουσιν
1178 896 1257 932 ἐδόθη
1284 897 1300 932 ή
1319 897 1410 933 χάρις,
1425 899 1482 929 τοῖς
1499 897 1527 924 δέ
1550 898 1656 933 κτίσμα
1670 897 1752 925 αὐτὸν
1766 898 1855 932 λέγειν

226 949 287 970 esse
301 943 415 978 gratiam
428 952 436 971 :
451 944 573 979 refugere
587 947 681 972 contra
701 943 736 972 ab
746 944 788 972 his
800 952 858 977 eos,
876 945 921 980 qui
937 952 1016 973 crea-

228 991 316 1015 turam
329 996 389 1016 esse
404 990 505 1018 audent
520 997 654 1018 asserere.
669 990 707 1018 De
720 990 811 1025 politia
826 991 896 1025 quod
912 998 1017 1025 (μικτο-

227 1033 286 1066 bas",
301 1040 384 1062 avens
396 1034 486 1062 omnia
504 1034 584 1062 simul
599 1035 715 1067 discere,
730 1035 824 1070 paucis
845 1035 1015 1070 respondeo;

227 1080 364 1114 videlicet,
380 1081 520 1116 gentilium
537 1082 673 1117 sapientes
697 1081 813 1117 gloriam
833 1081 939 1109 dicendi
954 1089 1017 1117 gra-

228 1126 312 1154 vitate
330 1131 358 1154 et
381 1127 458 1161 copia
481 1127 592 1162 adeptos
613 1128 779 1155 constituere
806 1127 937 1161 volentes,
953 1127 1017 1162 quid

225 1172 339 1207 justum,
357 1173 420 1208 quid
436 1173 574 1207 decorum,
587 1173 654 1208 quid
670 1173 829 1208 legitimum,
845 1177 873 1200 et
891 1173 1017 1207 denique,

228 1219 291 1253 quid
307 1219 448 1246 honestum
464 1218 510 1252 sit,
529 1219 647 1246 rationes
671 1218 791 1246 inﬁnitas
808 1217 968 1251 ali‘erentes,
987 1226 1019 1246 ac

228 1264 342 1299 prolixis
363 1265 541 1298 sermonibus,
558 1265 634 1300 quasi
661 1265 846 1300 labyrinthum
876 1265 1017 1298 ducentes,

229 1314 332 1336 tantum
347 1310 380 1337 ab
396 1317 439 1342 eo.
455 1310 528 1345 quod
543 1310 687 1338 dicendum
699 1314 768 1344 erat,
784 1311 936 1344 aberrasse,
953 1316 981 1337 ut
992 1316 1020 1338 et

228 1354 349 1390 legentes
367 1355 559 1382 confundendo
581 1355 697 1390 amplius
722 1355 924 1383 conturbarint.
949 1355 1018 1383 Ver-

228 1400 292 1428 bum
306 1408 370 1428 vero
382 1400 427 1428 Dei
442 1400 527 1428 Filius
545 1402 655 1428 insitum
672 1401 774 1428 homini
797 1401 962 1428 intellectum
979 1403 1020 1428 in-

228 1452 400 1479 staurans.et
413 1443 518 1476 a'rbitrii
532 1448 663 1483 cujusque
676 1449 828 1476 libertatem
838 1449 912 1484 justo
925 1457 955 1477 ac
970 1449 1019 1477 de-

229 1500 303 1526 coro,
316 1493 435 1528 legitimo
446 1494 510 1521 item
525 1499 553 1521 et
569 1495 683 1521 honesto
700 1495 840 1530 colligens,
863 1495 938 1522 brevi
960 1502 1019 1522 ser-

230 1547 308 1566 mone
322 1539 347 1566 id
365 1547 445 1567 omne
460 1540 565 1575 aperuit
585 1548 651 1568 usus
671 1541 781 1568 verbis:
800 1549 809 1566 ι
838 1540 933 1568 Omnia
959 1548 1020 1576 quae

1066 941 1202 977 τολμῶσιν
1217 943 1233 977 ἡ
1246 942 1323 978 χάρις
1336 943 1385 969 οὐκ
1399 943 1538 979 ἐπιφοιτᾷ.
1562 943 1672 979 Ἐπειδὴ
1690 944 1718 970 δὲ
1732 944 1780 970 καὶ
1793 944 1857 978 περὶ

1067 987 1205 1019 πολιτείας
1220 987 1275 1023 (50)
1291 988 1439 1022 ἐδήλωσας,
1463 989 1552 1016 πάντα
1571 987 1640 1025 ὁμοῦ
1657 989 1752 1024 μαθεῖν
1767 988 1858 1024 γλιχό-

1069 1041 1159 1068 μενος,
1188 1034 1389 1061 ἀντεπιστέλλω
1418 1034 1559 1070 συντόμως
1575 1043 1582 1051 ·
1600 1035 1642 1062 ὅτι
1662 1035 1687 1062 οἱ
1719 1035 1769 1070 μὲν
1788 1035 1857 1070 παρ’

1068 1077 1181 1113 Ἕλλησι
1198 1079 1286 1112 σοφοὶ,
1305 1079 1328 1105 oi
1350 1078 1428 1111 δόξαν
1450 1079 1497 1108 ἐπὶ
1521 1080 1668 1116 σεμνότητι
1683 1079 1730 1107 καὶ
1743 1079 1858 1115 δυνάμει

1067 1123 1154 1158 λόγων
1169 1123 1243 1158 παρὰ
1263 1124 1347 1150 πᾶσιν
1362 1125 1522 1160 ἐσχηκότες,
1539 1125 1698 1162 βουλόμενοι
1715 1126 1857 1162 παραστῆ-

1069 1177 1113 1195 σαι
1126 1169 1153 1195 τί
1166 1169 1196 1196 τὸ
1210 1169 1325 1203 δίκαιον,
1340 1170 1388 1197 καὶ
1401 1170 1428 1197 τί
1444 1171 1474 1198 τὸ
1489 1171 1608 1207 πρέπον,
1626 1173 1674 1199 καὶ
1689 1173 1717 1199 τί
1735 1173 1767 1199 τὸ
1784 1173 1859 1207 νόμι-

1070 1223 1119 1250 μον
1134 1215 1181 1242 καὶ
1201 1216 1228 1242 τί
1246 1215 1276 1243 τὺ
1290 1216 1385 1249 καλὸν,
1412 1217 1525 1253 μυρίους
1544 1217 1640 1253 λόγους
1656 1218 1857 1251 ἀναλώσαντες,

1068 1262 1116 1289 καὶ¹
1129 1262 1269 1297 διαλόγους
1282 1263 1404 1299 μακροὺς
1415 1263 1584 1299 λαϐυρίνθων
1594 1264 1672 1291 οὐδὲν
1682 1264 1857 1299 διαφέροντας

1069 1308 1217 1339 συνιέντες.
1232 1308 1360 1335 τοσοῦτον
1372 1309 1494 1344 ἀπέσχον
1513 1309 1560 1336 τοῦ
1576 1311 1664 1338 εἰπεῖν
1676 1319 1703 1337 τι
1722 1311 1778 1338 τῶν
1788 1311 1859 1338 δεόν‹

1069 1362 1133 1386 των,
1148 1354 1190 1381 ὅτι
1204 1354 1251 1380 καὶ
1262 1353 1342 1381 πλέον
1355 1355 1418 1386 τοὺς
1433 1355 1673 1390 ἀναγινώσκοντας
1688 1357 1856 1392 συγχέουσιν.

1075 1399 1104 1426 '0
1125 1399 1153 1426 δέ
1173 1400 1311 1432 θειότατος
1327 1401 1415 1435 Λόγος
1439 1401 1514 1436 δεῦρ’
1542 1402 1733 1438 ὲπιφοιτήσας,
1754 1404 1800 1430 καὶ
1815 1403 1858 1429 τὸν

1069 1443 1190 1480 ἔμφυτον
1210 1445 1381 1481 ἀνακινήσας
1407 1446 1461 1473 τῶν
1478 1446 1632 1482 ἀνθρώπων
1652 1447 1795 1483 λογισμὸν,
1811 1449 1858 1476 καὶ

1069 1489 1119 1526 τὴν
1134 1491 1251 1519 ἑκάστου
1281 1492 1410 1528 βούλησιν
1437 1493 1500 1528 ὅρον
1525 1493 1572 1520 τοῦ
1594 1493 1712 1526 δικαίου,
1739 1494 1788 1521 καὶ
1813 1494 1859 1521 τοῦ

1070 1537 1233 1572 πρέποντος,
1249 1537 1296 1565 τοῦ
1310 1547 1340 1565 τε
1365 1538 1482 1574 νομίμου
1509 1539 1556 1565 καὶ
1572 1539 1620 1566 τοῦ
1634 1539 1720 1566 καλοῦ
1738 1540 1861 1575 πηξάμε-

228 1580 310 1612 νοῐιίε
321 1588 349 1610 ιιι
360 1584 462 1612 iaciant
474 1585 549 1612 vobis
563 1585 696 1616 homines,
706 1590 733 1612 et
748 1592 795 1612 vos
808 1584 889 1613 facile
905 1585 957 1613 illis
971 1585 991 1613 ’.
1007 1594 1017 1611 ι

1072 1591 1126 1614 νος,
1140 1582 1184 1609 διὰ
1199 1582 1329 1618 βραχείας
1348 1584 1454 1619 ρήσεως
1477 1583 1566 1610 τοῦτο
1576 1583 1740 1620 διεσάφησεν
1757 1585 1842 1612 είπὼν
1852 1594 1860 1601 ·

230 1629 270 1657 Ne
284 1637 336 1657 non
355 1630 455 1666 scripta
470 1630 592 1665 proferre
614 1630 762 1662 videretur,
787 1631 874 1666 sigillo
894 1631 1020 1660 muniens

230 1683 290 1711 quae
307 1676 422 1709 dixerat,
436 1677 582 1712 omniaque
594 1677 753 1711 compemlio
778 1677 918 1705 involvens
932 1687 939 1705 :
956 1677 1020 1705 Haec

230 1727 266 1749 est
287 1723 367 1754 enim,
381 1723 477 1756 inquit,
505 1722 546 1750 lea:
571 1728 594 1749 et
620 1722 764 1757 prop/reue.
790 1722 915 1750 Omnium
940 1723 1022 1759 igitur

231 1769 342 1796 honeste
362 1769 506 1802 factorum,
520 1770 577 1796 inec
596 1769 686 1804 regula
701 1769 746 1802 sit,
764 1774 792 1796 ut
805 1769 876 1804 quod
895 1770 973 1798 nobis
988 1770 1022 1797 ab

231 1813 291 1840 aliis
319 1813 376 1841 ﬂeri
395 1814 524 1849 petimus,
540 1814 609 1841 idem
633 1815 699 1842 illud
720 1822 767 1842 nos
783 1815 833 1850 ipsi
852 1820 1020 1849 praestemus.

232 1860 310 1888 Scias
332 1866 359 1888 et
387 1861 464 1894 illud,
481 1861 552 1896 quod
578 1860 623 1895 qui
651 1868 741 1888 rerum
770 1860 970 1895 pulchritudine
995 1861 1022 1889 in

233 1907 314 1934 rebus
326 1907 442 1934 conditis
455 1915 507 1934 non
519 1908 552 1934 ad
565 1908 690 1942 pietatem
705 1906 746 1934 usi
761 1906 873 1939 fuerint,
883 1914 931 1935 eos
942 1907 1023 1934 etiam

233 1951 260 1978 in
276 1956 414 1979 creaturas
431 1952 575 1986 impegisse
590 1952 706 1988 (tantum
724 1952 796 1980 enim
813 1952 898 1984 abest,
919 1957 949 1979 ut
966 1951 1024 1986 opi-

236 1996 312 2023 tinem
331 1996 411 2024 Deutn
428 1999 596 2031 agnoverint,
614 2004 641 2025 ut
666 1998 720 2025 illis
747 1991 829 2025 etiam
856 1997 959 2025 cultum
984 1998 1019 2025 di-

235 2042 327 2069 vinum
350 2042 503 2079 tribuerint)
520 2043 546 2070 hi
562 2044 698 2079 sapientes
717 2051 746 2071 se
760 2051 820 2071 esse
836 2044 887 2071 rati
908 2044 933 2070 in
950 2044 1026 2079 igno-

236 2088 331 2115 rantiae
356 2087 450 2124 pelago
484 2089 606 2124 naufragi
636 2089 851 2124 praecipitarunt.
886 2089 1025 2118 Creaturis

236 2134 308 2162 enim
323 2134 454 2162 artiﬁcem
471 2135 682 2170 praedicantibus
693 2137 792 2171 (neque
809 2136 882 2163 enim
903 2136 962 2163 sine
981 2143 1026 2163 ar-

236 2178 354 2206 chitecto
367 2179 461 2206 domus
477 2178 636 2213 aediﬁcatur,
652 2187 738 2215 neque
763 2180 822 2207 sine
847 2179 923 2207 fabro
949 2181 1026 2208 navis

237 2223 428 2258 compingitur,
446 2230 534 2258 neque
562 2223 621 2250 sine
649 2223 752 2251 musico
772 2231 904 2258 organum
928 2224 1027 2251 consti-

238 2269 397 2303 tuitur),arti
411 2269 500 2304 potius
514 2276 594 2303 quam
615 2274 746 2296 creaturae
761 2269 863 2296 faciunt
879 2268 1023 2303 iniuriam;

237 2314 361 2349 opificem
389 2314 499 2341 interim
529 2315 728 2349 prtescribendo
746 2315 950 2343 submoverunt.
976 2315 1025 2344 His

238 2359 321 2395 igitur
342 2359 439 2387 merito
456 2359 536 2388 etiam
552 2361 646 2395 politia
673 2361 793 2390 evanuit.
809 2361 934 2390 Universi
950 2362 1023 2390 enim

1074 1637 1084 1655 ι
1103 1628 1197 1656 Πάντα
1212 1630 1262 1657 ὅσα
1276 1629 1368 1656 Θέλετε
1383 1630 1426 1656 ἵνα
1450 1630 1565 1656 ποιῶσιν
1590 1630 1654 1665 ὑμῖν
1673 1632 1697 1658 ot
1712 1631 1861 1666 ἄνθρωποι,

1071 1675 1119 1702 καὶ
1131 1674 1211 1710 ὑμεῖς
1227 1676 1328 1702 ποιεῖτε
1343 1675 1446 1708 αὐτοῖς.
1470 1685 1480 1702 ›
1496 1674 1562 1703 Είτα
1578 1677 1621 1704 ῐνα
1641 1677 1679 1712 μὴ
1694 1677 1758 1713 δόξῃ
1781 1678 1863 1713 ἀγρα-

1072 1729 1121 1756 φον
1134 1721 1215 1757 νόμον
1230 1722 1291 1748 κατ’
1306 1722 1447 1756 ἐγγράφου
1466 1722 1581 1757 τιθέναι,
1599 1724 1863 1758 ἐπισφραγιζόμενος

1072 1765 1106 1793 τὰ
1117 1766 1250 1802 είρημὲνα
1277 1769 1324 1794 καὶ
1341 1767 1458 1799 δεικνὺς,
1486 1768 1528 1795 ὅτι
1548 1769 1637 1795 πάντα
1657 1770 1800 1805 συντόμως
1816 1779 1863 1797 πε·

1074 1811 1222 1847 ριείληφεν,
1250 1811 1301 1847 ἐφη
1316 1820 1322 1828 ·
1342 1810 1438 1845 Οὗτος
1460 1813 1520 1847 γὰρξ
1539 1813 1625 1840 ἐστιν
1637 1816 1654 1841 ὁ
1667 1815 1762 1850 νόμος
1776 1816 1864 1842 καὶλοι

1073 1858 1235 1893 προφῆται.
1252 1859 1296 1885 Ἐν
1312 1859 1405 1891 αὐτοῖς
1414 1860 1560 1896 τοιγαροῦν
1569 1861 1676 1896 ἔχοντες
1689 1862 1800 1889 πάντων
1813 1863 1864 1889 τῶν

1074 1905 1164 1933 καλῶν
1181 1906 1226 1932 τὸν
1240 1906 1351 1938 κανόνα,
1370 1906 1384 1932 ὃ
1410 1906 1562 1942 βουλόμεθα
1591 1907 1668 1942 παρὰ
1699 1908 1754 1934 τῶν
1779 1908 1865 1935 ἄλλων

1075 1952 1140 1988 ὑμῖν
1159 1953 1343 1988 ὑπαρχθῆναι,
1359 1953 1438 1980 τοῦτο
1454 1954 1519 1989 παρ’
1534 1953 1611 1989 ἡμῶν
1627 1954 1667 1986 εἰς
1682 1954 1804 1984 ἐκείνους
1820 1962 1865 1989 γε-

1074 1997 1173 2038 νέσθω.
1187 1999 1256 2025 ’Ἰσθι
1277 1999 1305 2025 δὲ
1320 1998 1366 2026 καὶ
1384 1999 1474 2031 τοῦτο,
1491 1999 1533 2026 ὅτι
1544 1999 1569 2026 oi
1580 1999 1618 2034 τῷ
1644 1999 1757 2034 μεγέθει
1769 2000 1816 2026 καὶ
1828 1999 1866 2035 τῷ

1074 2043 1169 2071 κάλλει
1191 2044 1245 2071 τῶν
1267 2045 1426 2080 κτισμάτων
1445 2045 1495 2072 οὐκ
1521 2046 1560 2076 εἰς
1582 2045 1726 2077 εὐσεϐείας
1739 2046 1866 2072 ὑπόθεσιν

1076 2089 1309 2125 ἀποχρησάμενοι,
1323 2089 1392 2116 ἀλλὰ
1405 2090 1453 2116 καὶ
1469 2090 1706 2126 προσπταίσαντες
1721 2091 1815 2122 αὐτοῖς
1826 2091 1866 2126 (οὐ

1076 2135 1132 2171 γὰρ
1153 2135 1233 2170 μόνον
1249 2135 1294 2162 τὸν
1318 2135 1491 2171 Δημιουργὸν
1514 2136 1564 2162 οὑκ
1587 2136 1722 2170 ἔγνωσαν,
1740 2137 1809 2163 ἀλλὰ
1822 2138 1867 2165 καὶ

1077 2181 1168 2212 αὐτοῖς
1179 2182 1208 2207 τὸ
1221 2181 1300 2213 σέϐας
1312 2182 1443 2209 ἀνέθεσαν
1455 2179 1536 2218 (οὗτοι
1547 2183 1624 2216 σοφοὶ
1636 2183 1775 2218 οἰηθέντες
1787 2181 1865 2216 εἶναι,

1078 2228 1117 2259 εἰς
1129 2227 1160 2253 τὸ
1174 2228 1224 2263 τῆς
1238 2227 1359 2263 ἀμαθίας
1385 2228 1558 2263 ἐναυάγησαν
1586 2228 1707 2263 πέλαγος
1717 2238 1725 2245 ·
1744 2229 1800 2256 τῶν
1815 2230 1867 2265 γὰρ

1078 2273 1236 2308 κτισμάτων
1251 2274 1494 2309 ἀνακηρυττόντων
1510 2273 1555 2300 τὸν
1573 2274 1699 2310 τεχνίτην
1714 2275 1723 2311 (
1741 2275 1801 2302 οὐδὲ
1815 2276 1866 2310 γὰρ

1077 2317 1140 2344 ἄνευ
1163 2318 1356 2353 ἀρχιτέκτονος
1387 2318 1461 2345 οἰκία
1483 2318 1678 2354 οἰκοδομεῖται,
1711 2319 1776 2347 οὔτε
1804 2320 1867 2347 ἄνευ

1078 2363 1220 2399 ναυπηγοῦ
1241 2363 1318 2396 ναῦς,
1348 2364 1410 2391 οὐδὲ
1442 2364 1507 2392 ἄνευ
1546 2364 1696 2400 ἁρμονικοῦ
1739 2367 1866 2402 μουσικὸν

275 2447 284 2463 ³
297 2446 376 2476 Joan.
389 2454 409 2481 ι,
424 2447 467 2475 12.
506 2449 516 2465 ¹
531 2447 610 2476 Joan.
630 2456 684 2482 xtv,
702 2449 745 2476 ll.
782 2448 792 2464 ³
809 2448 876 2477 Tob.
897 2457 934 2483 tv,
950 2449 1000 2482 16;
1016 2448 1110 2478 Matth.
1127 2458 1175 2484 vn,
1195 2451 1247 2484 l2;
1267 2450 1334 2478 Luc.
1353 2459 1390 2485 vi,
1403 2451 1449 2479 3i.

798 2528 915 2556 VARUE
937 2527 1131 2557 LECTlONES
1148 2528 1191 2556 ET
1213 2528 1329 2558 NOTE.

241 2622 274 2661 ἃν
287 2622 358 2650 stilo)
369 2623 473 2661 ταχέως
488 2625 555 2653 ἀλλά
570 2625 744 2661 προσχήματι
763 2625 864 2660 φιλίας,
881 2624 939 2659 lego
952 2625 1024 2653 οὕτω

240 2658 306 2692 γὰρ,
324 2664 352 2694 ut
369 2659 395 2686 in
407 2658 486 2693 epist.
501 2661 552 2688 ML
567 2658 626 2694 ma,
642 2658 690 2687 ubi
707 2658 798 2688 eadem
814 2661 896 2693 legas.
911 2658 1021 2693 Statim,

241 2693 434 2732 ἀποδείξαντας
447 2695 658 2732 ἐλεπόλειςχρή.
675 2695 958 2732 Ηεεγειιῐογέλεπόλεις
975 2705 1029 2732 μη-

1079 2633 1154 2658 voce,
1172 2629 1200 2653 et
1213 2626 1363 2660 συνθέντες,
1377 2626 1420 2654 vel
1437 2626 1525 2662 polius
1541 2626 1717 2662 συνείροντες.
1732 2626 1866 2654 Platonem

1077 2661 1322 2697 enimuperstringit
1338 2661 1450 2697 dialogis
1463 2662 1552 2688 omnia
1567 2666 1780 2697 pertractantem
1798 2671 1805 2688 :
1821 2668 1867 2688 cu-

1076 2695 1122 2738 jus
1138 2694 1236 2738 dialogi
1250 2694 1484 2738 De_liepub.:7:spt
1499 2696 1604 2738 δικαίου
1625 2697 1820 2738 inscribuntur,
1839 2701 1868 2723 et.

241 2729 333 2763 χαναὶ,
349 2731 455 2765 μηχανή
481 2731 571 2765 ατσ,δι“
583 2729 621 2759 ὧν
635 2729 662 2758 αί
673 2729 765 2761 πόλεις
775 2729 982 2765 καθαιροῦνταιζ
992 2729 1019 2757 Ut

243 2764 285 2790 his
299 2763 433 2792 Vitruvius
441 2740 486 2793 liii.
501 2775 516 2793 ι
529 2767 724 2793 etAmmianus
735 2766 881 2792 Marcellin.
894 2765 941 2792 lib.
954 2772 1017 2791 xxiv

1078 2729 1170 2757 notata
1183 2730 1304 2760 Socratis
1316 2729 1441 2768 εἰρωνεία
1456 2729 1483 2758 in
1499 2731 1657 2759 disserendo
1671 2733 1742 2766 apud
1756 2731 1864 2759 Cicero-

1080 2772 1152 2793 ncm.
1170 2771 1197 2793 et
1210 2767 1287 2793 alios.
1305 2767 1426 2793 Scun'r'r.

243 2764 285 2790 his
299 2763 433 2792 Vitruvius
441 2763 486 2793 lib.
501 2775 516 2793 ι
529 2763 724 2794 etAmmianus
735 2763 881 2792 Marcellin.
894 2765 941 2792 lib.
954 2772 1027 2791 xxiv.

243 2798 303 2825 Mox
316 2799 348 2826 de
364 2801 482 2837 gentium
501 2802 676 2837 philosophis,
696 2800 916 2837 μυρίουςνλόγους
928 2799 1029 2837 ἀναλφ-

243 2810 302 2825 mox
316 2810 348 2826 ue
364 2810 482 2835 genuum
520 2810 676 2837 tutosoputs,
696 2810 808 2836 μυρίους
820 2810 916 2834 Λογους
928 2810 1029 2827 αναΛω-

243 2841 347 2877 σαντες,
366 2835 412 2862 καὶ
433 2836 477 2862 διὰ
500 2810 595 2877 Ξόγους
620 2837 742 2877 μακροὺς
764 2835 1029 2877 {amputem-osse»;

242 2869 418 2905 διαφέροντας
436 2869 570 2904 συνιέντες
583 2881 589 2887 ε
619 2869 746 2907 ίιιιιιίιειίς.
766 2869 915 2905 διαλόγους,
936 2870 1029 2905 juncta

1080 2772 1152 2797 ncm,
1170 2771 1197 2793 et
1210 2767 1287 2794 alios.
1305 2767 1426 2794 Scuor’r.

1117 2800 1173 2836 (50)
1192 2800 1264 2829 lnter
1283 2802 1422 2833 πολιτείας
1442 2805 1472 2836 et
1489 2800 1626 2836 ἐδήλωσας
1646 2800 1726 2828 codd.
1740 2799 1801 2828 Vat:
1816 2800 1866 2827 650

1080 2840 1107 2862 et
1118 2835 1170 2862 Alt.
1186 2836 1308 2864 iuscrunt
1320 2837 1411 2872 τῆσδε.
1427 2835 1503 2872 _Vers.
1519 2835 1580 2865 inde
1594 2837 1621 2871 6,
1636 2836 1776 2868 συνθέντες
1790 2835 1866 2864 iidem

1083 2876 1184 2905 ponunt
1199 2879 1248 2906 pro
1265 2868 1408 2904 συνιέντες.
1426 2868 1531 2900 Possm.
