2049 3164
202 153 268 186 1345

663 154 931 186 EPISTOLARUM
949 155 1022 185 LIB.
1043 156 1077 185 V.
1097 167 1132 173 -
1146 156 1264 187 EPIST.
1285 156 1393 187 XXXI.

1763 159 1829 191 1346

201 211 318 248 συσταίη
342 212 482 249 δργανον),
499 213 601 240 ὲκεῖνοι
620 214 653 249 τῇ
675 213 757 250 τέχνῃ
784 213 883 249 μᾶλλον
901 212 989 248 ἢτοῖς

1041 212 1135 240 ducem
1152 217 1233 248 atque
1245 213 1422 242 architectum
1436 221 1452 243 ο
1467 221 1518 242 suo
1543 215 1682 250 ejicientes
1697 218 1785 246 animo
1800 218 1828 245 in

199 258 352 295 τεχνηθεῖσι
380 259 628 295 προσπταίσαντες,
653 259 699 286 τὸν
730 259 896 295 δημιουργὸν
917 267 987 294 παρ-

198 304 363 340 εγράψαντο.
388 305 451 337 Τοῖς
466 302 511 332 οὖν
536 304 668 337 τοιούτοις
684 305 807 337 εἰκότως,
823 305 871 332 καὶ
893 304 923 332 τὸ
937 304 987 339 τῆς

199 351 336 383 πολιτείας
349 350 519 385 διέφθαρται,
533 350 585 378 Τὸν
597 350 652 387 γὰρ
673 350 810 386 Ἦγεμόνα
824 350 869 377 τοῦ
886 350 987 381 παντὸς

198 397 229 422 ὲκ
245 396 295 432 τῆς
310 396 415 424 ἑαυτῶν
427 396 599 427 ἐκϐάλλοντες
617 396 715 432 ψυχῆς,
729 398 783 423 πᾶν
795 394 865 428 εἶδος
880 395 987 426 ἀδικίας

197 449 227 468 τε
240 442 286 468 καὶ
301 441 433 477 πονηρίας
446 441 531 473 ἀδεῶς
545 442 610 477 δρᾷν
625 443 654 469 οὐ
668 441 874 477 παραιτοῦνται.
899 441 988 467 Ἐπει-

198 487 230 523 δὴ
248 487 276 514 δὲ
292 488 339 514 καὶ
358 488 424 523 περὶ
440 487 495 515 τῶν
518 487 668 524 ἐλλογίμων
687 487 779 523 ζητεῖς
793 487 861 522 (5i),
880 486 933 512 ἴσθι
946 486 987 512 ὅτι

197 533 212 558 ὸ
227 532 365 565 θειότατος
380 533 466 568 Λόγος
485 533 530 561 τὸν
543 534 686 570 ἐλλόγιμον
709 534 760 560 οὐκ
774 532 943 565 ἀποσείεται,
962 532 986 558 ει

1041 264 1121 285 omne
1133 265 1217 293 genus
1231 260 1370 294 iniustitiae
1382 265 1410 288 et
1424 260 1607 296 improbitatis
1621 262 1751 290 audacter
1764 269 1826 296 pro-

1040 302 1108 337 lapsi
1120 309 1232 337 peccare
1247 311 1299 332 non
1309 305 1443 333 dubitant.
1456 306 1533 340 Quod
1546 307 1662 343 denique
1672 307 1707 335 de
1721 308 1830 343 sapien-

1040 347 1111 376 tibus
1137 349 1298 384 interrogas,
1312 351 1420 378 noveris
1437 351 1483 379 Dei
1510 352 1607 380 Filium
1632 353 1750 381 Verbum
1776 361 1828 380 non

1040 393 1153 429 rejicere
1164 401 1272 422 omnem
1286 396 1496 430 praecellentem,
1519 398 1542 425 si
1569 406 1600 426 ex
1617 399 1723 427 ratione
1745 399 1828 427 vitam

1041 445 1186 475 componat
1203 449 1209 467 :
1231 444 1258 467 at
1271 441 1294 468 si
1314 441 1405 469 verbis
1417 441 1547 470 duntaxat
1563 444 1778 480 philosophatur,
1800 454 1830 474 re

1041 491 1130 513 autem
1144 486 1201 520 ipsa
1214 485 1334 513 moribus
1357 487 1474 521 aberret,
1487 488 1558 515 nulla
1585 489 1643 523 ejus
1667 490 1830 527 eloquentiae

1041 531 1138 558 merito
1151 536 1193 558 est
1207 530 1277 559 ratio
1289 531 1422 559 habenda.

198 578 271 615 λόγῳ
282 580 327 607 τὸν
336 581 436 608 οἰκεῖον
456 581 582 617 ῥυθμίζοι
596 582 654 618 βίον
666 590 674 598 ο
691 582 715 608 εί
731 581 759 609 δὲ
777 581 807 608 ὲν
834 580 925 615 λόγοις
958 578 1121 615 φιλοσοφῶν,
1145 578 1237 615 ἔργοις
1266 579 1430 614 ἀφιλόσοσος
1462 579 1570 616 ὀφθείη,
1601 581 1720 616 εὐλόγως
1742 585 1802 611 οὐδὲ
1815 585 1830 611 ὁ

198 623 276 659 λόγος
290 625 336 652 τὸν
349 625 468 654 τοιοῦτον
486 627 630 662 προσίεται
641 627 708 663 (5.2).

269 682 335 711 ΚΘ.
358 698 395 703 -
413 684 549 720 ΖΩΣΙΜῼ,
573 685 717 718 MAPoNt,
739 684 907 720 ΕΥΣΤΑΘῘῼ

1099 681 1179 718 563
1210 680 1307 709 xxnx.
1334 681 1546 718 gestito,
1575 682 1707 711 MARONI
1732 685 1776 712 ET

1333 716 1538 745 EUSTATHIO.

875 774 897 802 Α
913 774 976 801 luam
987 773 1151 802 dehortatur.

243 835 277 865 'H
291 838 374 875 πολλὴ
383 839 430 866 καὶ
438 839 649 872 ἀκατάπαυστος
657 840 747 876 τρυφὴ
761 839 808 866 καὶ
820 839 867 866 ἐπὶ
877 840 922 866 τὸν
931 839 987 875 (55)

203 884 279 920 παρὰ
294 883 376 919 φύσιν
400 885 570 921 παιδοτρισεῖ
587 886 687 921 ἔρωτα,
708 885 755 913 καὶ
768 886 856 912 πᾶσαν
876 884 922 912 τοῦ
939 884 988 920 μὲν

204 929 327 965 σώματος
341 930 391 966 τὴν
412 931 522 966 ὑγείαν⁸
538 932 586 968 τῆς
610 932 638 958 δὲ
651 932 741 968 ψυχῆς
764 931 926 967 λυμαίνεται
940 930 989 966 τὴν

203 975 350 1010 εὐγένειαν.
369 976 513 1004 Παύσασθε
528 978 673 1013 τοιγαροῦν
684 978 802 1013 ταύτηςο
817 978 863 1004 καὶ
890 977 928 1013 μὴ
941 986 990 1013 νη-

204 1021 317 1054 στείαις,
340 1022 408 1050 ἀλλά
433 1031 464 1057 γε
478 1024 511 1058 τῇ
540 1024 694 1059 αὐταρκείᾳ
709 1025 742 1059 τῇ
764 1024 848 1056 ὅντως
871 1023 989 1059 σώφρονι

200 1068 300 1102 τρυφῇ,
321 1067 440 1103 χρῆσθαι
455 1068 570 1100 ἑαυτοὺς
583 1069 747 1096 παιδεύει-ατε
758 1078 765 1085 ’
781 1070 828 1096 καὶ
849 1069 990 1104 οἰχήσεται

200 1113 216 1147 ἡ
242 1112 289 1140 νῦν
306 1113 367 1140 καθ’
387 1114 464 1149 ὑμῶν
476 1114 551 1149 παρὰ
568 1115 676 1142 πάντων
699 1115 817 1151 ᾀδομένη
844 1115 987 1151 κωμῳδία.

201 1160 232 1186 El
247 1159 275 1186 δὲ
288 1160 402 1192 ἑαυτοὺς
424 1161 465 1192 είς
482 1161 531 1197 τὴν
544 1161 663 1189 ἄϐυσσον
677 1162 727 1198 τῆς
741 1162 868 1196 λαγνείας
885 1161 990 1197 ὲμόάλ-

201 1205 270 1238 λετε,
300 1205 337 1242 μὴ
361 1207 418 1239 τοῖς
447 1207 610 1243 κωμῳδοῦσι
634 1207 823 1243 χαλεπαίνετε,
850 1207 919 1236 ἀλλὰ
938 1207 989 1242 τῆς

201 1251 304 1283 οἰκείας
318 1252 424 1287 τρυφῆς
437 1253 672 1288 καταψηφίζεσθε,
691 1254 752 1290 τῆς,
776 1254 814 1286 ὥς
827 1263 921 1289 φασιν,
938 1255 989 1282 οὐκ

199 1296 304 1324 οἴκοθεν
312 1298 592 1334 παρασκευαζομένης
603 1299 763 1336 (περίψηφοι
772 1300 827 1336 γάρ
835 1300 919 1336 ἐστε),
930 1300 988 1328 ἀλλ’

200 1342 233 1369 lx
246 1341 293 1369 τοῦ
311 1343 464 1378 ἀλλοτρίαις
478 1344 651 1380 επιῤῥίπτειν
672 1345 836 1381 τραπέζαις.
859 1346 922 1373 Ἐὰν
934 1346 989 1382 γὰρ

199 1387 396 1424 διασκεδάσητε
419 1388 469 1424 τὴν
485 1389 581 1424 ἀχλὺν,
605 1390 666 1417 τότε
693 1390 792 1426 δψεσθε
807 1391 858 1427 τῆς
882 1399 990 1428 σωφρο-

201 1433 285 1471 σύνης
300 1435 331 1462 τὸ
342 1435 449 1470 κάλλος,
465 1435 479 1462 ὃ
492 1435 539 1463 νῦν
555 1437 630 1463 ἐστιν
643 1435 709 1472 ὑμῖν
724 1435 850 1466 ἀθέατον.

1076 831 1173 876 Ingens
1189 847 1221 867 ac
1234 840 1378 868 continuus
1392 840 1472 869 luxus
1492 848 1552 869 cum
1573 842 1605 869 ad
1620 849 1739 871 amorem
1759 851 1829 879 prae—

1040 888 1081 912 ter
1089 889 1214 912 naturam
1227 885 1347 916 instruit,
1361 890 1414 913 tum
1430 887 1551 920 corporis
1564 894 1672 915 omnem
1685 889 1828 916 sanitatem

1036 929 1113 964 juxta
1128 935 1209 965 atque
1228 930 1309 957 animi
1324 931 1396 958 lzedit
1413 932 1592 959 nobilitatem.
1614 933 1655 960 Ab
1671 933 1721 961 hoc
1735 934 1829 969 itaque

1040 976 1191 1008 abstinete;
1207 979 1234 1003 et
1248 976 1430 1011 nonjejuniis,
1444 978 1490 1005 sed
1504 977 1645 1005 suliicienti
1661 979 1721 1006 cibo
1736 980 1828 1007 mode-

1040 1022 1160 1056 ratisque
1176 1021 1280 1048 deliciis
1294 1021 1351 1056 jam
1372 1030 1444 1050 nunc
1466 1023 1506 1050 uti
1535 1025 1692 1052 aSsuescite.
1710 1024 1755 1052 Sic
1772 1026 1828 1057 lict,

1040 1071 1070 1092 ut
1083 1065 1152 1092 mala
1168 1065 1258 1093 omnis
1271 1066 1304 1093 de
1328 1066 1404 1094 vobis
1423 1067 1547 1101 evulgato
1573 1074 1661 1096 cesset
1681 1069 1762 1096 fama.
1780 1070 1828 1097 Sin

1040 1119 1104 1139 vero
1130 1111 1156 1139 iu
1177 1119 1258 1139 omne
1281 1112 1402 1140 libidinis
1422 1121 1506 1148 genus
1526 1114 1598 1141 velut
1619 1115 1646 1142 in
1667 1116 1828 1150 profundum

1040 1157 1166 1192 abyssum
1195 1157 1380 1192 prmcipitatis,
1405 1151 1474 1186 male
1503 1160 1536 1187 de
1562 1160 1638 1188 vobis
1657 1161 1830 1195 loquentibus

1041 1202 1124 1229 nolite
1151 1202 1307 1237 indignari;
1334 1204 1399 1238 quin
1429 1204 1605 1232 domesticum
1629 1206 1718 1240 potius
1738 1206 1828 1233 luxum

1040 1248 1228 1282 condemnato,
1254 1257 1307 1276 non
1336 1253 1400 1283 tam,
1425 1254 1455 1278 ut
1486 1250 1588 1284 l‘erunt,
1612 1257 1704 1279 vestro
1721 1256 1828 1286 sumptu

1041 1299 1225 1329 apparatuque
1256 1294 1417 1323 instructum
1434 1295 1526 1332 (parce
1547 1296 1620 1324 enim
1641 1302 1764 1332 sumptus
1790 1297 1831 1325 fa-

1040 1339 1125 1374 citis),
1141 1347 1221 1375 quam
1237 1340 1352 1368 aliorum
1367 1349 1414 1370 vos
1428 1342 1582 1377 ingerentes
1606 1343 1717 1371 mensis.
1739 1342 1831 1376 Quare

1041 1386 1064 1413 si
1084 1385 1155 1413 hanc
1168 1385 1292 1421 caliginis
1307 1387 1405 1414 nubem
1426 1388 1604 1423 dissipabitis,
1625 1396 1738 1417 cernere
1762 1393 1829 1416 tunc

1042 1431 1134 1459 licebit
1156 1433 1351 1467 temperantiae,
1377 1441 1459 1468 quam
1485 1441 1557 1461 nunc
1581 1434 1722 1470 ignoratis,
1747 1442 1831 1462 venu-

1042 1482 1140 1506 statem
1149 1499 1157 1507 ι

200 1543 244 1573 Δν.
263 1559 300 1566 -
323 1547 724 1584 ΕΡΜοΓΕΝξιενρΕοᾼοξιῼ
753 1547 814 1575 ΚΑΙ
834 1547 985 1584 ᾹΙᾹΙΑΝῼ.

1074 1545 1160 1575 xxx.
1191 1562 1227 1568 —
1255 1547 1710 1584 niauuooumLuuuouosw,
1746 1548 1791 1577 ET

489 1583 707 1610 ΕΠΙΣΚΟΠΟΙΣ.

1257 1583 1407 1618 ᾸΞΜΑΝΟ,
1434 1582 1619 1611 EPISCOPIS.

752 1637 774 1665 Α
789 1638 883 1666 uirtute
895 1645 947 1666 tre:
959 1639 1123 1667 commendat
1137 1639 1281 1674 episcopos.

239 1695 271 1722 Εἰ
282 1695 319 1731 μὴ
334 1695 351 1731 ἡ
369 1694 512 1732 ὑπερφυὴς
524 1695 601 1731 ὑμῶν
613 1695 698 1731 ἀρετὴ
713 1695 865 1731 ὲλέγχουσά
878 1704 929 1731 μου
943 1696 990 1723 τὸν

204 1741 294 1776 λόγον,
312 1742 360 1768 καὶ
378 1742 425 1768 ἐπὶ
445 1741 499 1768 τῶν
512 1741 570 1774 νῦν,
589 1741 686 1778 (πλείω
704 1741 759 1777 γὰρ
783 1740 868 1778 ῐσασι)
884 1741 932 1769 καὶ
944 1741 992 1768 επὶ

205 1787 261 1814 τῶν
279 1787 427 1823 ἐσομένων,
453 1787 551 1824 (μείζω
570 1787 624 1823 γὰρ
641 1787 657 1822 ἢ
680 1786 885 1823 πιστεύσουσιν)
905 1787 993 1814 εἰπεῖν

205 1834 239 1862 ἂν
257 1833 392 1870 κατῆλθον
421 1834 461 1865 είς
483 1833 529 1861 τδν
556 1833 651 1868 ἀγῶνα
671 1833 726 1861 τῶν
751 1833 891 1869 ὑμετέρων
906 1834 994 1868 ὲγκω-

207 1879 285 1916 μίων.

362 1946 426 1975 AA'.
445 1961 479 1968 -
490 1946 661 1983 ΠΔΛΛΑΔΙῼ
672 1944 832 1982 ΔΙΑΚΟΝῼ.

1079 1695 1135 1723 Nisi
1150 1695 1286 1724 excellens
1298 1700 1385 1724 vestra
1401 1696 1488 1724 virtus
1502 1703 1589 1724 meam
1609 1703 1761 1732 coarguens
1771 1706 1834 1727 ora-

1045 1741 1157 1774 tionem,
1173 1749 1233 1769 cum
1249 1741 1319 1776 apud
1334 1749 1390 1774 eos,
1403 1742 1449 1776 qui
1472 1742 1551 1769 modo
1575 1746 1638 1769 sunt
1658 1743 1747 1778 (plura
1761 1745 1832 1771 enim

1048 1787 1099 1821 ipsi
1122 1786 1234 1822 sciunt),
1250 1792 1305 1814 tum
1321 1787 1391 1822 apud
1408 1792 1531 1821 posteros
1548 1786 1655 1822 (horum
1679 1788 1752 1816 enim
1776 1789 1834 1823 opi-

1046 1831 1128 1859 nione
1145 1831 1220 1866 plura
1234 1831 1319 1865 sunt),
1337 1838 1381 1858 me
1395 1831 1466 1866 loqui
1481 1836 1594 1866 vetaret,
1608 1832 1636 1860 in
1662 1832 1770 1860 laudum
1788 1841 1835 1860 ve-

1045 1881 1164 1905 strarum
1177 1884 1302 1912 campum
1318 1884 1502 1904 excurrerem.

1183 1945 1280 1973 XXXI.
1299 1961 1334 1966 —
1348 1945 1519 1974 PALLADlO
1537 1946 1699 1976 DIACONO.

206 2002 238 2032 S.
253 2002 397 2039 Scriptum
415 2004 583 2037 incumbenti,
607 2011 660 2031 non
682 2003 800 2031 scientiae
824 2003 915 2039 causa,
938 2010 1091 2039 responsum
1111 2004 1230 2038 denegat.
1247 2012 1288 2037 ne,
1310 2004 1380 2039 quod
1399 2008 1466 2031 celat
1490 2003 1622 2039 Christus,
1646 2006 1770 2032 sanctum
1789 2005 1833 2033 det

800 2038 919 2065 canibus.
937 2036 1044 2072 Confer.
1058 2039 1161 2074 epistol.
1177 2036 1241 2067 152.

241 2106 338 2134 Πολλιῆ¹
351 2106 402 2141 μέν
417 2113 509 2140 φασιν,
524 2105 566 2133 ὅτι
579 2105 630 2132 οὐκ
644 2103 732 2140 ὀρθῶς
744 2104 821 2140 βιῶν,
833 2104 900 2131 ἀλλὰ
917 2112 995 2140 περι-

1082 2104 1214 2133 Referunt
1237 2105 1388 2140 complures
1414 2109 1449 2138 te,
1478 2112 1539 2133 cum
1568 2110 1642 2134 recte
1669 2106 1752 2134 vitam
1780 2114 1833 2134 non

208 2152 327 2180 στέλλειν
356 2152 518 2187 βουλόμενος
548 2151 583 2178 τὰ
614 2150 711 2178 ἑαυτοῦ
750 2151 922 2186 πταίσματα,
945 2149 989 2185 rip

1047 2151 1185 2184 instituas,
1223 2152 1270 2179 sed
1301 2156 1345 2179 tua
1371 2153 1500 2187 obtegere
1526 2152 1592 2179 vitia
1622 2152 1742 2186 labores,
1771 2153 1834 2187 glo-

208 2197 259 2224 τοῦ
270 2197 423 2233 φιλομαθὴς
451 2193 520 2223 εἶναι
546 2196 624 2230 δόξαν
646 2195 814 2232 θηρώμενος,
839 2195 989 2227 ἀκολουθεῖς

1048 2197 1127 2230 riam,
1143 2198 1222 2232 quasi
1235 2197 1358 2225 discendi
1375 2199 1488 2233 cupidus
1502 2198 1552 2232 sis,
1569 2200 1706 2233 sequendo
1724 2199 1833 2228 sectari.

208 2245 265 2276 τοῖς
283 2244 374 2278 σοφοῖς
384 2251 392 2258 ο
410 2242 465 2277 εγὼ
481 2242 510 2269 δὲ
525 2241 604 2269 τοῦτο
617 2241 667 2277 μὲν
686 2242 716 2268 οὺ
733 2242 861 2277 φήσαιμι,
877 2240 945 2268 ἀλλὰ
961 2241 989 2276 τῗ

1048 2242 1178 2277 Equidem
1210 2249 1263 2270 non
1287 2243 1324 2270 ita
1337 2238 1461 2276 'censeo;
1488 2243 1535 2271 sed
1561 2244 1746 2278 experimento
1770 2245 1836 2272 edo-

209 2290 294 2326 πείρᾳ
318 2289 423 2324 μαθὼν,
442 2289 523 2316 ὅτιού
549 2288 594 2315 διὰ
605 2287 636 2314 τὸ
651 2288 750 2315 ειδέναι
763 2287 798 2314 τὰ
813 2287 864 2322 τῆς
886 2287 989 2322 Γραφῆς

1049 2294 1109 2317 ctus
1124 2296 1194 2321 sum,
1217 2289 1286 2323 quod
1300 2296 1353 2316 non
1367 2293 1396 2316 ut
1410 2297 1557 2324 cognoscas
1573 2294 1694 2317 sanctam
1710 2289 1835 2324 Scriptu-

209 2337 292 2364 ἄδυτα
306 2336 418 2372 ὲρευνᾷν
432 2335 578 2371 προσποιῇ.
589 2334 657 2361 ἀλλὰ
666 2334 744 2366 δόξαν
760 2334 835 2369 παρὰ
846 2333 989 2369 ἀνθρώπωι

1049 2342 1117 2367 ram,
1135 2334 1213 2370 adyta
1238 2333 1297 2368 ejus
1323 2335 1488 2369 perscrutari
1511 2342 1565 2370 pne
1592 2339 1618 2361 te
1641 2334 1724 2367 feras,
1739 2336 1785 2363 sed
1806 2338 1836 2362 ut

211 2380 367 2416 μνώμενος·
392 2380 442 2406 οὐκ
459 2377 662 2414 ἀποκρινοῦμαί
680 2386 732 2409 σοι,
757 2377 821 2412 θείῳ
838 2377 989 2412 πειθόμενος

1050 2376 1155 2403 laudem
1170 2377 1310 2404 hominum
1337 2378 1460 2406 ambiens
1479 2388 1487 2405 :
1505 2386 1557 2406 non
1581 2378 1627 2406 tibi
1644 2379 1777 2406 assentior
1791 2379 1837 2406 Dei

209 2425 326 2462 χρησμῷ
347 2425 594 2462 παρακελευομένῳ
619 2425 656 2460 μὴ
681 2423 781 2451 διδόναι
805 2423 840 2450 τὰ
864 2424 929 2457 ἅγια
943 2425 989 2450 τοῦ

1050 2422 1160 2449 oraculo
1175 2430 1331 2456 persuasus,
1348 2423 1393 2457 qui
1405 2422 1482 2458 jubet
1494 2427 1587 2451 sancta
1611 2431 1663 2451 non
1685 2431 1748 2452 esse
1761 2423 1836 2451 cani-

211 2471 286 2504 κυσὶ,
301 2471 370 2508 μηδὲ
387 2472 494 2508 ῥίπτειν
506 2472 569 2503 τοὺς
585 2470 758 2506 μαργαρίτας
778 2467 933 2505 ἔμπροσθεν
945 2468 989 2495 τῶι

1052 2468 1101 2495 bus
1115 2467 1277 2502 obiicienda,
1289 2472 1320 2496 ut
1334 2476 1383 2497 nec
1398 2469 1489 2504 porcis
1501 2469 1663 2505 margaritas
1673 2469 1695 2497 ⁸.

211 2517 320 2554 χοίρων.

248 2606 260 2622 ⁵
277 2606 375 2636 Matth.
396 2614 446 2641 vn,
459 2606 496 2640 6;
518 2613 563 2640 xv,
575 2605 621 2635 26.

740 2683 858 2713 νΑιιιΑξ
874 2684 1066 2714 LEGTIONES
1081 2683 1126 2712 ET
1144 2683 1262 2713 NOTAE.

250 2759 306 2796 (51)
324 2759 401 2794 Quod
424 2762 484 2796 post
500 2759 655 2796 Emeritam
676 2762 713 2796 in
727 2757 799 2796 ed_ito
818 2757 925 2794 legitur,
950 2758 989 2794 ζη‹

1054 2759 1270 2796 ’τοιούτοιζττροσἶ
1287 2759 1325 2796 lo.
1353 2791 1361 2796 _
1464 2792 1470 2796 _
1496 2792 1502 2796 Α
1560 2791 1566 2796 _
1647 2789 1673 2796 η
1708 2788 1727 2796 η
1747 2792 1753 2796 _
1789 2788 1821 2796 Μ,

214 2788 270 2827 ni‘;
285 2788 363 2822 abest
377 2802 392 2822 a
405 2788 482 2822 codd.
499 2794 558 2821 Vat.
572 2788 631 2821 ’630
641 2800 668 2821 et
678 2788 737 2821 'Alt.
750 2788 858 2829 Possm".
954 2788 959 2790 ’
977 2788 984 2794 ”

1090 2795 1144 2829 (55)
1165 2788 1218 2822 Pro”
1230 2795 1277 2821 ἐπὶ
1290 2795 1334 2820 τὸν
1353 2791 1447 2829 legunt
1463 2792 1508 2819 ὲπὶ
1527 2791 1590 2822 τοὺς
1605 2789 1682 2829 codd:
1708 2788 1764 2816 Vat.
1788 2788 1841 2829 6.30

250 2824 307 2867 (5’2)
325 2830 379 2867 _Pro
393 2829 522 2867 his,_o_t58§_
532 2829 644 2867 ὁλόγῆ
654 2829 699 2855 τὸν
711 2827 838 2867 τοιοῦτον.
846 2828 989 2867 προσίεται

1053 2834 1081 2858 et
1092 2824 1148 2858 Ἀιί.
1163 2834 1191 2858 et
1210 2837 1281 2857 vers.
1297 2836 1354 2864 seq.
1373 2824 1421 2864 pro
1436 2828 1524 2864 ἔρωτα
1543 2829 1646 2863 ponunt
1669 2824 1781 2862 ἔρωτας.
1802 2824 1840 2851 In.

215 2863 274 2894 haec
289 2863 390 2894 habent
408 2865 487 2893 codd.
502 2864 587 2893 Vatic.
601 2864 653 2892 650
669 2868 696 2892 et
708 2864 774 2898 Alt.,
785 2863 845 2890 οὐδὲ
859 2863 937 2899 λόγον
952 2863 999 2890 τοῦ
