2049 3164
222 121 289 155 1347

361 179 470 208 XXXII.
494 193 528 200 -—
549 177 688 206 ISIDORO
710 178 870 208 DIACONO.

808 122 838 152 S.
859 121 1004 152 ISIDORI
1024 120 1242 153 PELUSIOTE

1789 123 1858 156 1348

1242 179 1304 206 ΛΒ¹.
1319 193 1354 198 -
1370 177 1498 215 ΙΣΙΔΩΡῼ
1519 180 1681 217 ΔΙΑΚΟΝῼ.

451 236 554 264 Laudat
569 237 683 264 Joannis
703 237 884 274 Chrysoslomi
896 239 923 265 in
945 238 1024 266 Pauli
1043 238 1188 272 Epistulam
1204 238 1238 265 ad
1259 237 1391 265 Romanos
1406 239 1633 267 commentarium.

256 294 284 322 In
298 293 497 322 commentario
514 292 640 327 Epistolte
650 295 817 329 potissimum
833 296 866 322 ad
880 294 1016 323 Romanos

221 342 249 376 (0
271 339 372 367 Isidore
395 337 460 364 mihi
473 337 665 374 cognominis),
689 338 883 373 sapientissimi
905 338 1017 367 Joannis

221 383 355 420 sapientia
371 383 514 410 thesaurus
529 382 638 417 quidam
664 387 716 410 est.
738 383 784 410 Sic
799 383 872 410 enim
890 384 1016 411 existimo

222 430 268 467 (ne
281 430 342 465 quis
359 429 392 456 ad
413 429 527 462 gratiam
550 429 594 457 hic
614 437 657 457 me
679 429 751 464 loqui
769 429 854 464 putet)
872 429 895 456 si
909 429 1017 457 divinus

221 475 320 504 Paulus
330 475 421 502 Attico
432 475 470 502 uti
484 481 611 503 sermone
623 476 763 508 voluisset,
778 483 832 510 quo
847 476 888 503 sui
900 476 1017 503 exsisleo

221 526 264 550 ret
289 521 434 556 interpres,
465 529 519 549 non
549 521 628 549 aliter
654 522 896 556 interpretaturum
921 521 1014 554 fuisse,

222 575 302 603 quam
329 575 411 602 supra
437 567 529 595 dictus
553 567 763 602 Chrysostomus
781 567 823 593 vir
845 567 1016 594 venerandus

220 611 367 646 praestitit;
395 611 464 639 adeo
495 612 726 647 enthymematis,
755 612 898 640 sententiis
934 615 1016 646 atque

220 657 354 684 orationis
370 656 515 692 elegantia,
537 657 735 692 verborumque
751 656 797 685 hic
814 662 855 684 est
870 665 934 685 usus
951 665 1013 691 pro-

221 703 348 739 prietate.

341 758 423 794 564
440 757 559 786 χχχιιι.
571 773 607 778 -
620 757 724 784 suum
745 756 892 785 tsmono.

1110 295 1155 322 Ἐν
1169 296 1203 330 τῇ
1217 295 1350 330 ἑρμηνείᾳ
1360 295 1409 330 τῆς
1427 295 1496 330 πρὸς
1513 295 1666 330 Ῥωμαίους
1696 295 1860 331 Ἐπιστολῆς

1071 340 1198 375 μάλιστα,
1232 337 1254 367 ὦ
1275 341 1415 376 ὁμώνυμε,
1444 342 1461 376 ἠ
1494 340 1616 367 Ἰωάννου
1649 340 1697 367 τοῦ
1716 341 1857 375 πανσόςρου

1069 385 1149 420 σοφία
1159 385 1383 421 τεθησαύρισται,
1398 385 1556 422 Οἷμαιγὰρ,
1574 386 1620 413 καὶ
1636 387 1674 422 μή
1685 386 1728 418 τίς
1746 395 1779 422 με
1791 387 1862 422 πρὸς

1069 431 1149 466 χάριν
1175 431 1265 465 λέγειν
1283 431 1427 466 νομιζέτω,
1454 431 1495 458 ὅτι
1512 433 1537 458 εί
1556 431 1662 463 Παῦλος
1683 431 1697 457 ὸ
1718 432 1860 463 θεσπέσιος

1075 476 1200 511 Ἀττικὴν
1214 477 1308 512 εἴληφε
1323 477 1457 511 γλῶτταν,
1474 477 1545 504 ὥστε
1568 477 1662 504 ἑαυτὸν
1681 477 1861 512 ἑρμηνεῦσαι,

1069 522 1119 548 οὐκ
1145 522 1179 549 ἂν
1202 522 1290 554 ἄλλως
1313 523 1499 558 ἡρμήνευσεν,
1523 523 1539 558 ἢ
1568 522 1606 554 ὼς
1632 523 1646 549 ό
1661 523 1862 559 προειρημένος

1069 568 1190 602 ἀοίδιμος
1224 569 1314 603 ἀνήρ·
1346 568 1417 594 οὕτω
1444 568 1491 595 καὶ
1517 568 1701 604 ἐνθυμήμασι,
1725 568 1784 603 (55)
1817 569 1864 595 καὶ

1068 613 1173 646 κάλλει,
1190 614 1236 640 καὶ
1254 614 1410 649 κυριολεξία
1429 613 1626 650 κεκόσμηταιὴ
1638 613 1783 648 ἑρμηνεία.

1314 757 1375 784 AI".
1389 772 1423 776 —
1440 756 1482 792 Τῼ
1507 756 1610 791 arm.

569 815 641 842 Laus
655 815 742 843 sancti
761 823 792 842 ac
807 814 899 842 diserti
919 814 1032 842 doctoris
1062 814 1156 849 (Forte
1168 814 1286 848 eiusdem
1303 813 1509 849 Chrysastomi).

257 873 339 902 Incidi
351 873 422 901 forte
435 873 463 900 in
477 876 600 900 sanctum
615 872 716 906 virum,
731 872 806 907 cujus
819 872 944 899 docentis
958 879 1018 899 ocu-
1033 867 1054 894 Β

222 919 263 947 lus
272 919 413 954 praeferret
422 917 589 951 maiestatem
604 925 635 944 ac
645 917 815 952 sapientiam.
823 917 937 944 Aculeos
945 916 1015 944 enim

221 965 352 999 plurimos
373 964 486 992 dicendo
509 964 646 997 inﬁgebat.
666 963 846 998 Supercilium
867 970 931 990 vero
953 970 1016 989 ocu-

221 1011 309 1038 lorum
325 1018 429 1044 eorum,
448 1017 508 1044 qua:
532 1009 706 1043 docerentur,
723 1014 841 1036 mentem
860 1009 1014 1036 exhibebat.

221 1057 247 1085 Is
257 1061 373 1093 quantus
385 1061 503 1092 quantus
518 1061 570 1089 est,
585 1060 614 1083 ut
629 1056 664 1082 ita
680 1055 778 1088 dicam,
795 1055 870 1082 utilia
884 1055 1015 1089 spirabat,

222 1112 284 1132 cum
311 1108 402 1138 posset
427 1111 488 1130 eum
509 1102 684 1130 cernentibus
713 1101 855 1136 sapientiae
883 1100 1016 1127 instillare

222 1157 354 1177 antorem.

221 1204 343 1234 XXXIV.
370 1220 404 1226 —
428 1204 566 1235 ZOSIMO.
597 1202 743 1236 MARONI,
771 1201 941 1231 PALLADIO
972 1201 1016 1229 ET

514 1238 724 1268 EUSTATIIIO.

1111 872 1249 908 Ἐνέτυχόν
1267 880 1332 898 ποτε
1347 870 1426 906 ἀνδρὶ
1453 870 1535 906 ἁγίῳ,
1562 866 1592 898 οὗ
1607 869 1636 896 τδ
1658 869 1708 905 μὲν
1729 868 1807 904 δμμα
1823 868 1862 895 δι-

1067 918 1213 950 δάσκοντος
1231 917 1346 952 φοόερὺν
1364 916 1496 951 ἐτύγχανε
1510 916 1558 942 καὶ
1583 915 1676 949 σοφόν.
1704 913 1794 941 Πολλὰ
1808 915 1862 948 γὰρ

1069 964 1144 999 αὐτῷ
1172 962 1207 1000 ἦν
1230 963 1299 998 πρὸς
1321 963 1367 989 τὸν
1391 962 1470 996 λόγον
1493 961 1528 988 τὰ
1551 961 1668 995 κέντρασ
1689 961 1707 995 ἡ
1729 959 1759 986 δὲ
1776 959 1861 993 ὀφρῦς

1068 1009 1297 1046 ὑπερϐεϐλημένη
1314 1010 1370 1040 τοῖς
1388 1007 1539 1043 ὀφθαλμοῖς
1564 1006 1725 1041 διεσήμαινε
1741 1004 1787 1032 τὸν
1800 1004 1861 1031 νοῦν

1068 1055 1122 1081 τῶν
1137 1055 1321 1089 διδαγμάτων.
1336 1054 1391 1079 Καὶ
1405 1053 1475 1085 ὅλος,
1489 1051 1527 1084 ὡς
1538 1051 1601 1083 ἔπος
1611 1051 1709 1083 εἰπεῖν,
1728 1048 1860 1084 ὠφελείας

1067 1101 1158 1132 ἔπνεε,
1172 1099 1258 1126 δεινὸν
1270 1100 1327 1130 τοῖς
1337 1097 1438 1134 ὁρῶσιν
1451 1097 1533 1128 ἐνιεὶς
1549 1096 1600 1131 τῆς
1613 1096 1690 1127 Θείας
1708 1094 1804 1130 σοφίας
1815 1094 1860 1121 τὸν

1067 1146 1168 1182 ἔρωτα.

1103 1202 1164 1230 ΛΔν.
1196 1218 1229 1222 —
1265 1202 1412 1236 ΖΩΣΙΜῼ,
1447 1200 1599 1232 ΜΑΡΩΝΙ,
1635 1197 1826 1233 ΠΑΛΛΑΔΙῼ,

1381 1236 1560 1270 ΕΥΣΤΑΘΙῼ.

780 1295 799 1321 Α
819 1294 883 1321 mali
898 1293 1024 1322 societate
1039 1294 1171 1326 improbos
1186 1293 1312 1321 deterret.

258 1355 325 1384 Cum
342 1353 476 1381 audissem
508 1359 557 1380 vos
582 1352 654 1380 feras
683 1351 853 1379 immanitate
876 1357 1016 1386 superare,

225 1406 306 1436 atque
320 1401 394 1428 omni
420 1399 491 1427 bello
509 1406 603 1434 pacem
627 1397 812 1426 molestiorem
831 1397 933 1424 foedere
959 1396 1018 1432 ipso

224 1449 293 1475 inter
303 1453 351 1475 vos
366 1453 495 1481 percusso
514 1449 618 1480 pactos,
641 1444 734 1471 mitem
758 1450 789 1471 ac
809 1443 944 1478 placidum
967 1443 1017 1470 ho-

1106 1349 1262 1385 Πυθόμενος
1290 1349 1332 1376 ὅτι
1358 1348 1445 1384 θῆρας
1469 1348 1628 1383 ὡμοὸόρους
1658 1348 1861 1385 ὑπερϐαλλόμε-

1071 1404 1121 1428 νοι,
1155 1395 1203 1422 καὶ
1229 1394 1350 1429 πολέμου
1374 1393 1476 1425 παντὸς
1505 1393 1717 1428 ἁργαλεωτὲραν
1750 1395 1860 1430 εἰρήνην

1072 1442 1251 1477 σπεισάμενοι
1281 1440 1349 1475 προς
1378 1439 1509 1470 ἑαυτοὺς,
1543 1439 1630 1474 πρᾷον
1655 1439 1703 1465 καὶ
1733 1440 1862 1475 μειλίχιον

225 1495 337 1525 minem,
354 1492 399 1528 qui
413 1492 463 1519 sibi
481 1491 596 1526 aliisque
609 1491 741 1526 prodesse
757 1489 940 1523 consueverit,
954 1496 1017 1517 con-

1072 1487 1229 1523 ἇνορωπον,
1247 1486 1295 1513 καὶ
1307 1485 1403 1513 ἑαυτὸν
1416 1485 1464 1511 καὶ
1489 1484 1585 1516 ἄλλους
1606 1485 1723 1519 ὠφελεῖν
1736 1486 1859 1518 εἰωθότα,

227 1537 369 1566 tumeliose
380 1537 503 1572 accipere
515 1544 596 1564 ausos
611 1544 659 1564 vos
674 1543 745 1569 esse,
766 1535 829 1563 talia
844 1536 868 1563 ei
885 1535 1015 1567 dicentes,

224 1592 285 1620 qua:
297 1585 322 1611 in
342 1591 389 1611 vos
400 1583 489 1618 potius
498 1581 598 1616 iactata
610 1582 793 1617 quadrarent;
818 1581 944 1617 equidem
956 1588 1016 1608 cutn

224 1630 352 1665 lacrymis
363 1629 486 1662 deploro.
501 1627 591 1660 Quare
609 1627 695 1654 malos
719 1631 801 1662 atque
819 1627 957 1661 improbos
970 1633 1018 1653 vos

223 1682 285 1703 esse
302 1675 468 1711 ignorantes,
487 1675 593 1702 discere
609 1673 715 1700 tandem
734 1678 762 1700 ut
787 1672 876 1701 velitis
891 1672 1016 1701 obsecro.

436 1730 554 1766 ,xxxv.
569 1745 603 1756 ——.
619 1728 792 1757 DIONYSIO.

1070 1531 1226 1567 λοιδορῆσαι
1249 1531 1301 1557 οὐκ
1326 1529 1480 1565 ἔφοδήθητε
1510 1530 1602 1555 ἐκεῖνα
1629 1528 1704 1564 αὐτῷ
1727 1527 1860 1561 εἶπόντες,

1069 1579 1119 1606 ὅσα
1137 1577 1202 1610 ὑμῖν
1223 1576 1344 1612 ἔπρεπεν
1363 1574 1496 1601 ἀκοῦσαισ
1514 1574 1576 1600 λίαν
1593 1582 1622 1600 τε
1642 1574 1716 1609 ὑμᾶς
1729 1574 1862 1610 κατεθρή-

1069 1632 1148 1659 νησα,
1161 1623 1202 1650 ὅτι
1218 1621 1273 1648 οὐδ’
1298 1621 1322 1647 εἰ
1339 1619 1395 1655 (55)
1414 1619 1469 1646 τῶν
1491 1619 1585 1646 κακῶν
1609 1620 1673 1646 ἐστε
1689 1619 1858 1654 γινώσκετε¹

1071 1668 1202 1706 μαθόντες
1214 1666 1305 1694 τοίνυν
1322 1666 1499 1700 ἀνενέγκατε.

1297 1722 1361 1750 AE'.
1392 1738 1428 1742 —
1462 1722 1632 1758 ΔιυΝΥΣιῼ.

558 1785 667 1821 ,δααάει
685 1785 784 1812 oratori
801 1790 831 1813 ut
849 1786 970 1813 virtutem
983 1806 990 1819 ,
1005 1791 1084 1821 quam
1097 1780 1191 1813 verbis,
1204 1779 1290 1814 reipsa
1303 1779 1383 1805 etiam
1397 1784 1514 1806 exornet.

260 1845 348 1873 Audio
373 1844 475 1880 optimc
489 1850 570 1871 nosse
591 1847 618 1871 te
632 1840 729 1870 vanam
746 1843 874 1877 aucupari
891 1842 1015 1878 gloriam,

225 1897 253 1919 et
265 1890 421 1926 opinionem
441 1896 494 1916 non
511 1889 578 1916 satis
603 1894 628 1916 te
643 1889 749 1924 dignam
764 1888 914 1923 collegisse.
928 1888 1018 1922 Quare

227 1937 249 1964 si
278 1936 449 1963 venerandus
482 1935 529 1962 tibi
559 1935 667 1962 virtutis
696 1935 804 1966 habitus
820 1934 936 1967 videtur,
953 1934 1017 1968 quin

226 1982 290 2010 huic
315 1982 364 2009 das
387 1988 516 2016 operam;
537 1982 584 2009 sed
606 1987 634 2008 tu
655 1981 742 2009 fructu
763 1981 884 2016 neglecto
904 1980 976 2008 foliis
994 1985 1019 2008 te

226 2022 355 2056 exornas.
373 2027 512 2062 Siquidem
525 2028 606 2054 etiam
624 2027 651 2054 in
668 2027 806 2055 laboribus
819 2027 898 2053 radix
914 2025 1017 2061 quidem

227 2082 331 2107 amara,
354 2078 383 2101 ut
408 2073 454 2101 ille
471 2073 521 2106 ait,
541 2074 642 2108 fructus
659 2081 719 2101 uero
741 2072 827 2100 dulcis
849 2073 913 2100 inde
938 2076 1019 2106 atque

226 2120 352 2148 amabilis
365 2119 482 2148 exsistit.

444 2213 564 2242 XXXVI.
582 2227 619 2234 -—
632 2211 796 2241 NEMESIO.

1103 1836 1278 1872 Πυνθάνομσι
1294 1835 1335 1862 ὅτι
1351 1835 1504 1867 δεινότατος
1518 1835 1575 1871 (56)
1597 1832 1624 1862 εἴ
1638 1835 1856 1871 σχηματίσασθαι

1067 1883 1147 1916 δόξαν
1163 1882 1271 1917 καινὴν,
1290 1881 1337 1908 καὶ
1355 1881 1490 1916 ὑπόληψιν
1514 1881 1590 1907 οὐδέν
1606 1889 1648 1907 σοι
1668 1882 1855 1917 προσήκουσαν

1069 1927 1259 1960 συλλέξασοαι.
1289 1926 1321 1952 Εἰ
1341 1925 1431 1952 τοίνυν
1450 1926 1479 1952 τὸ
1496 1926 1589 1962 σχῆμά
1616 1934 1658 1952 σοι
1684 1926 1735 1960 τῆς
1765 1924 1857 1961 ἀρετῆς

1069 1975 1208 2010 αἰδέσιμον
1230 1972 1367 2007 φαίνεται,
1397 1972 1469 1999 διατὶ
1497 1972 1535 2008 μὴ
1572 1973 1622 2007 τὴν
1652 1972 1756 2008 ἀρετὴν
1780 1972 1856 2006 αὐτὴν

1071 2023 1185 2055 donate;
1216 2020 1298 2047 Ἀλλὰ
1326 2019 1372 2046 τοῦ
1394 2019 1502 2054 καρποῦ
1529 2019 1649 2055 ἀμελῶν,
1673 2020 1733 2050 τοῖς
1755 2018 1857 2052 φύλλοις

1072 2068 1211 2105 σεμνύγῃ;
1227 2068 1258 2094 Εἰ
1275 2067 1330 2102 γὰρ
1357 2066 1404 2093 καὶ
1416 2066 1459 2093 διὰ
1476 2066 1539 2098 τοὺς
1564 2066 1662 2097 πόνους
1683 2065 1702 2099 ἡ
1721 2065 1793 2099 ῥίζα
1803 2063 1855 2091 τισὶ

1072 2115 1164 2149 πικρὰ
1189 2112 1258 2141 εἶναι
1284 2114 1369 2145 δοκεῖ,
1398 2112 1467 2140 ἀλλ’
1488 2114 1505 2140 ὁ
1533 2112 1649 2146 καρπὸς
1671 2111 1791 2147 γλυκὺς
1815 2110 1856 2137 καὶ

1034 2145 1057 2172 D
1072 2145 1213 2198 ἐράσμιος.

1295 2218 1366 2251 AG".
1392 2232 1427 2238 -
1462 2216 1628 2252 ΝΕΜΕΣΙῼ.

456 2281 497 2308 Ad
512 2281 674 2315 paupertatis
694 2282 818 2308 hortatur
833 2279 961 2307 studium.
981 2277 1087 2305 Divitiw
1101 2281 1129 2303 ut
1147 2275 1289 2310 Babylonis
1303 2279 1393 2302 statua
1408 2282 1459 2301 non
1476 2273 1629 2301 adorandae.

266 2326 327 2354 Prae
341 2326 466 2354 omnibus
479 2327 626 2359 abundare,
643 2327 783 2362 magisque
799 2325 885 2360 regios
900 2332 959 2352 esse
973 2331 1019 2352 eos

228 2381 337 2406 censeo,
348 2373 392 2408 qui
403 2372 555 2400 divitiarum
571 2374 744 2407 cupiditatem
760 2373 910 2404 calcarunt,
921 2371 1019 2406 quibus

229 2418 402 2448 annumerari
419 2418 492 2446 omni
506 2426 557 2454 ope
569 2419 723 2446 adnitamur
742 2428 749 2446 :
771 2419 878 2447 tametsi
897 2418 1019 2453 plerique

229 2465 400 2501 tyrannidem
423 2464 481 2498 ejus
496 2464 570 2491 velut
594 2468 710 2492 statuam
733 2466 943 2500 Babyloniorum
973 2466 1020 2492 ad-

229 2511 393 2539 amaverint.
416 2509 472 2538 Nos
487 2517 551 2537 vero
564 2510 645 2537 trium
660 2509 1018 2545 puerorum'roburimitati,

229 2557 281 2585 etsi
298 2556 436 2584 turbarum
456 2563 537 2585 voces
563 2563 595 2584 ac
614 2556 778 2590 ﬁstularum,
809 2555 944 2591 totiusque
958 2564 1018 2584 mu-

266 2634 277 2650 ⁵
295 2634 362 2662 Dan.
383 2641 426 2667 tu,
443 2633 456 2660 l
473 2640 549 2669 seqq.

1109 2330 1222 2358 Πάντων
1241 2329 1449 2364 εὐπορωτέρους
1472 2328 1599 2365 ὁρίζομεν
1625 2325 1697 2355 εἶναι
1718 2329 1764 2355 καὶ
1788 2328 1859 2363 βασι-

1071 2374 1238 2410 λικωτέρους
1252 2374 1314 2405 τοὺς
1330 2374 1374 2400 τὸν
1397 2373 1486 2409 ἔρωτα
1509 2372 1555 2400 τοῦ
1572 2373 1690 2400 πλούτου
1707 2374 1861 2407 καταπατή-

1073 2428 1183 2453 σαντας,
1208 2420 1245 2446 ὡν
1268 2418 1350 2445 παντὶ
1376 2418 1464 2444 σθένει
1488 2418 1641 2455 ἐναρίθμιοι
1668 2419 1860 2453 σπουδάσωμεν

1072 2465 1213 2500 γενέσθαν
1230 2465 1254 2491 εἰ
1265 2465 1320 2500 γὰρ
1339 2464 1386 2490 καὶ
1407 2463 1499 2491 πολλοὶ
1523 2465 1573 2500 τὴν
1590 2465 1688 2492 τούτου
1705 2464 1859 2501 τυραννίδα,

1073 2510 1201 2546 καθάπερ
1217 2510 1266 2546 τὴν
1277 2510 1369 2536 εἰκόνα
1382 2510 1428 2536 τοῦ
1445 2510 1617 2537 Βαϐυλωνίου
1629 2511 1834 2547 προσεκύνησαν
1850 2517 1858 2524 ·

1074 2556 1132 2583 ἀλλ’
1165 2557 1246 2592 ἡμεῖς
1277 2555 1463 2591 μιμησάμενοι
1494 2556 1548 2583 τῶν
1573 2557 1657 2593 τριῶν
1687 2558 1787 2584 παίδων
1812 2556 1862 2590 τὴν

802 2712 918 2741 ῪΑΒΙᾹΞ
937 2713 1131 2741 LECTIONES
1150 2714 1194 2742 ET
1213 2714 1329 2742 NOTAE.

266 2795 323 2828 (5i)
347 2796 419 2832 Int_er
439 2795 614 2832 ἐνθυμήμασι
643 2801 668 2823 et
690 2795 737 2822 xui.
764 2795 824 2824 cod.
848 2795 904 2824 Alt.
922 2796 1018 2824 inserit

228 2831 356 2867 νοήμασι.
376 2830 482 2859 Possm.

1110 2797 1166 2832 (55)
1186 2795 1220 2824 οἵ
1230 2797 1350 2834 scribunt
1364 2805 1411 2834 pro
1429 2798 1453 2824 εί
1474 2798 1554 2826 ambo
1571 2799 1649 2826 codd.
1669 2798 1754 2826 Vatic.
1769 2797 1816 2825 650
1833 2802 1866 2826 et

1075 2832 1230 2861 Altaemsis.
1247 2832 1286 2860 In.
