2049 3164
179 173 247 206 1349

631 170 900 201 EPISTULARUM
920 171 996 201 LIB.
1018 172 1053 202 ν.
1071 184 1105 189 --
1125 171 1243 202 EPIST.
1265 172 1399 202 XXXIX.

1748 171 1816 205 1350

177 229 299 265 ἀνδρίαν,
324 229 375 256 κᾶν
393 227 481 264 φωναὶ
500 227 556 263 (57)
584 225 743 262 σαλπίγγων
759 228 806 254 καὶ
819 227 971 263 συρίγγων,

1026 229 1088 256 sicae
1111 229 1177 257 artis
1193 236 1244 264 per
1262 237 1327 257 aera
1346 229 1442 257 delata:
1465 229 1577 258 auribus
1602 229 1815 261 circumsonant.

178 275 226 303 καὶ
243 275 335 309 πάσης
355 276 489 310 μουσικῆς
515 273 585 309 πρὸς
609 272 656 300 τὸν
688 273 788 308 αἰθέρα
815 274 971 309 φερομένης

178 321 350 356 περιηχῶσιν
379 320 460 356 ἡμῶν
498 319 547 351 τὰς
570 319 654 351 ἀκοὰς
671 319 738 355 (58),
782 320 829 346 καὶ
857 319 972 354 κάμινος

179 367 275 400 πενίας
288 366 455 399 ἀνακαίοιτο,
482 366 519 401 μὴ
536 365 715 400 προσέχωμεν
734 366 791 396 τοῖς
807 365 970 400 τυμπάνοις,

181 413 249 449 μηδὲ
256 415 312 445 τοῖς
320 411 499 448 adimis-{pnas
505 413 538 448 τῇ
546 411 627 446 λοιπῇ
640 410 686 437 τοῦ
699 410 815 437 πλούτου
825 411 970 447 φαντασίᾳ.

186 459 266 487 Ἀλλὰ
283 459 332 486 κᾶν
348 459 387 490 είς
400 458 516 494 κάμινον
532 458 662 493 ἐμπεσεῖν
675 456 723 492 δέῃ
734 476 742 489 ,
755 457 893 491 πτωχείαν
905 456 972 483 ἐλώ-

182 503 262 539 μεθα,
280 504 348 531 ὥστε
368 503 405 537 μὴ
425 501 614 537 προσκυνῆσαι
627 501 735 536 ἐκείνῳ,
751 501 800 528 καὶ
817 501 893 528 ἔσται
904 501 970 536 ἡμῖν

180 550 197 585 ὴ
220 548 375 584 φιλοσοφία,
397 547 515 576 ἐνταῦθα
537 547 587 583 μὲν
608 542 703 583 ὥσπερ
729 546 824 582 δρόσος
849 548 878 573 ὲν
895 547 970 582 μέσῳ

180 594 384 630 διασυρίζουσα,
399 594 448 621 καὶ
463 593 619 629 ἐλευθερίαν
633 593 743 620 ἅπασαν
759 593 902 626 ὠδίνουσα,
914 595 974 621 ἐκεῖ

181 640 211 668 δὲ
229 641 291 672 τοὺς
304 640 454 676 στεφάνους
464 640 513 674 τῆς
531 640 670 675 ὑπομονῆς
685 639 880 666 άποτίκτουσα.

331 697 393 724 AZ’.
414 710 447 716 -—
465 696 614 732 ΛΕΟΝΤΙῼ
631 695 815 732 ΕΠΙΣΚΟΠῼ.

1021 280 1049 303 et
1064 275 1160 302 fornax
1183 276 1280 311 inopia:
1296 277 1471 310 accendatur,
1493 284 1527 304 ne
1542 276 1678 312 tympanis
1695 276 1818 303 attenda-

1023 329 1095 353 mus,
1124 328 1211 355 ncque
1238 322 1330 356 tybiis,
1357 329 1389 349 ac
1415 329 1449 349 ne
1473 322 1586 357 reliquis
1606 322 1712 357 quidem
1735 329 1816 356 opum

1023 367 1233 401 phantasmatis.
1246 367 1299 394 Sed
1313 368 1364 395 etsi
1383 368 1408 395 in
1427 369 1564 396 caminum
1591 367 1748 403 projiciendi
1772 374 1818 395 su-

1024 421 1094 445 mus,
1108 413 1308 440 mendicitatem
1322 421 1400 448 atquo
1412 413 1531 442 feramus
1546 414 1647 446 animo,
1663 419 1692 441 ut
1706 422 1739 441 ne
1753 420 1819 449 opes

1023 459 1131 493 quidem
1150 459 1305 486 adoremus.
1320 458 1365 485 Sic
1391 459 1444 486 erit
1470 460 1526 487 haec
1552 460 1629 487 nobis
1648 459 1818 494 philosophia

1024 506 1122 533 exinde
1138 505 1209 533 velut
1227 504 1308 532 rosin
1325 504 1415 531 medio
1431 504 1539 531 sibilum
1558 505 1642 532 edens
1656 505 1678 538 ‘,
1693 512 1818 533 omnem-

1024 559 1076 584 que
1089 551 1201 586 gignens
1214 550 1380 582 libertatein,
1398 549 1489 584 ibique
1508 557 1625 577 coronas
1638 550 1754 578 atterens
1766 558 1815 585 pa-

1024 597 1137 625 tientize.

1097 695 1179 732 555
1203 696 1336 724 xxxvn.
1351 713 1387 717 —
1405 695 1554 724 LEONTIO
1573 694 1748 723 EPISCOPO.

254 743 290 771 De
306 744 379 770 bonis
398 744 553 778 presbyteris
569 749 662 770 contra
677 743 762 770 malos
777 744 928 778 disseritur,
945 744 1041 780 quique
1059 752 1150 771 eorum
1166 753 1193 771 se
1208 749 1330 771 excusent
1343 744 1471 778 exempto.
1489 742 1595 778 Confer.
1612 742 1687 776 epist.
1702 741 1748 768 Ἡ.

219 801 251 827 Et
266 800 316 836 μὲν
331 799 387 827 τῶν
411 799 571 835 ἀρχομένων
591 799 668 831 τινὰς
685 800 825 834 ἐχειροῦτο
840 801 856 836 ἡ
872 801 974 834 κακία,

184 847 260 874 οὐδὲν
275 846 341 882 (χρὴ
354 846 408 881 γὰρ
423 845 526 881 τάληθῆ
541 845 631 880 λέγειν
643 845 653 881 )
664 845 697 872 ἂν
708 844 742 880 ἦν
753 846 866 872 τοσοῦτο
877 846 973 880 δεινὸν,

1065 801 1094 829 Si
1108 801 1216 835 quidem
1235 801 1405 829 subditorum
1420 801 1581 835 quibusdam
1598 800 1756 835 improbitas
1771 799 1820 826 do-

1030 847 1159 879 minetur,
1186 847 1252 874 nihil
1273 847 1376 882 (verum
1404 850 1445 874 cst
1469 846 1540 873 enim
1564 845 1765 881 proferendum)
1787 852 1820 872 eo

185 893 287 927 καίπερ
299 891 328 918 ὃν
343 891 440 919 δεινόν.
456 891 568 926 Ἐπειδὴ
578 891 605 918 δὲ
618 891 741 927 ἕρπουσα
753 892 821 927 πρὸς
831 893 864 918 τὰ
875 893 974 928 χείρω,

1028 892 1114 927 magis
1132 896 1174 920 est
1193 899 1286 927 grave,
1312 892 1420 919 tametsi
1446 891 1481 918 sit
1499 899 1591 926 grave.
1613 891 1680 918 Cum
1704 898 1767 918 vero
1785 890 1819 917 ad

184 937 232 965 καί
243 946 316 969 τινας
327 937 380 964 τῶν
398 936 525 972 ἱερᾶσθαι
533 936 670 971 λαχόντων
681 937 868 963 ἐπιϐόσκεται·
880 938 928 964 καὶ
939 938 976 970 ὡς

183 983 325 1019 γέγραφας
336 983 384 1017 (τὺ
395 983 448 1010 τῶν
463 983 554 1010 κακῶν
565 983 726 1017 κεφάλαιον,
739 983 788 1010 καλ.
804 984 894 1019 πάσης
908 992 977 1020 συμ-

183 1030 269 1066 φορᾶς
278 1029 437 1064 βαρύτερον)
449 1029 608 1064 ἀπολογίαν,
619 1030 669 1056 οὐκ
677 1027 725 1056 οἷδ’
734 1031 818 1062 ὅπως,
830 1030 910 1057 τοῦτο
920 1031 976 1062 τοῖς

183 1075 313 1109 ὑπηκόοις
328 1074 427 1100 τίκτει.
444 1074 629 1101 Ἀκουέτωσαν
644 1075 668 1101 οἱ
682 1073 770 1102 ταῦτα
783 1075 918 1108 λέγοντες,
936 1075 974 1111 μὴ

182 1121 239 1151 τοῖς
252 1119 345 1151 κακῶς
357 1120 517 1155 ίερωμένοις
526 1121 715 1155 παραμετρεῖν
726 1120 771 1147 τὸν
789 1121 889 1147 οίκεῖον
905 1120 973 1156 βίον,

183 1165 253 1192 ἀλλὰ
269 1167 329 1196 ταῖς
354 1165 486 1198 ἐντολαῖς.
515 1165 546 1192 ὐ
563 1166 618 1201 γὰρ
636 1166 734 1202 κριτὴς
757 1166 905 1198 ἀδέκαστος
926 1166 975 1200 ὢν,

183 1211 332 1246 ἀπολογίαν
353 1211 450 1246 ἄλογον
466 1212 497 1238 οὺ
514 1211 630 1245 δέξαιτο,
646 1212 704 1239 ἀλλ’
719 1212 777 1247 ἐρεῖ
793 1212 910 1247 μάλιστα
925 1213 976 1248 μὲν

182 1257 224 1283 ὃτι
247 1257 304 1292 (59)
328 1257 423 1284 πολλοὶ
446 1257 501 1284 τῶν
525 1258 683 1293 ἱερωμένων
710 1258 909 1294 ηὐδοκίμησαν,
935 1257 976 1290 οἷς

184 1303 268 1339 ὲχρῆν
283 1303 465 1339 προσέχοντας
484 1304 557 1339 ὑμᾶς
573 1304 620 1331 τὸν
636 1304 698 1330 νοῦν
712 1304 859 1340 διορθῶσαι
874 1304 920 1331 τὸν
936 1306 975 1331 ot-

183 1350 258 1376 κεῖον
280 1348 348 1384 βίον.
370 1348 480 1384 Ἐπειδὴ
495 1349 523 1375 δὲ
539 1349 699 1385 ὲφωράϐητε
714 1349 764 1384 τῆς
784 1351 882 1382 κακίας
899 1350 975 1384 ὄντες

184 1395 314 1430 ἐρασταὶ,
336 1394 365 1428 ἐξ
377 1392 414 1422 ὧν
429 1394 460 1421 οὑ
474 1396 530 1426 τοῖς
544 1395 737 1430 ἀριστεύσασιν
754 1396 857 1428 ἀτενῶς
888 1405 974 1433 προσ-

187 1442 334 1476 εσχήκατε,
344 1441 412 1467 ἀλλὰ
426 1442 481 1473 τοῖς
495 1441 636 1473 πταίσασι,
654 1442 774 1468 κάκεῖνοι
791 1443 839 1478 μὲν
859 1443 975 1470 δώσουσι

183 1485 262 1521 δίκην
280 1485 360 1519 ἀξίαν
380 1483 418 1513 ὥν
438 1486 566 1522 ἔδρασαν,
583 1486 631 1513 καὶ
655 1486 735 1522 ὑμεῖς
758 1487 852 1523 ἐπειδὴ
874 1488 975 1524 ἀρετὴν

184 1532 349 1567 ἡτοιμάσατο
367 1531 441 1567 (60),
467 1532 514 1558 καὶ
529 1531 629 1559 κακίαν
645 1533 806 1567 ὴσπάσασοε
818 1552 826 1565 ,
842 1533 890 1560 καὶ
912 1533 974 1560 οὔτε

1027 938 1162 965 deteriora
1189 945 1290 973 urgens
1309 938 1392 964 etiam
1413 937 1557 964 sacerdotii
1581 943 1682 964 sortem
1708 937 1819 971 adeptos

1026 984 1189 1018 depascitur,
1208 988 1245 1016 et,
1266 989 1294 1010 ul
1314 983 1411 1011 scribis
1426 983 1508 1018 (quod
1532 983 1569 1010 rei
1590 987 1670 1017 caput
1691 983 1820 1016 omnique

1028 1028 1126 1056 datiiuo
1139 1029 1272 1064 gravius),
1295 1029 1478 1056 defensionem
1500 1028 1758 1062 excusationemque
1773 1034 1819 1054 ne-

1027 1075 1084 1103 scio
1100 1075 1235 1110 quomodo
1257 1075 1309 1102 hoc
1325 1074 1495 1102 auditoribus
1520 1075 1603 1109 parit.
1626 1074 1756 1105 Audiam,
1772 1072 1819 1108 qui

1026 1119 1089 1146 talia
1106 1120 1210 1151 dicunt,
1226 1127 1261 1147 ne
1283 1119 1446 1147 conformari
1463 1120 1524 1147 vita:
1541 1113 1673 1146 malorum
1689 1117 1819 1146 sacerdo—

1027 1170 1082 1192 tum
1101 1172 1177 1192 suam
1195 1165 1278 1192 vitam
1301 1166 1397 1200 velint,
1418 1166 1465 1194 sed
1490 1166 1579 1200 potius
1601 1165 1754 1200 praeceptis.
1776 1164 1820 1191 In-

1026 1216 1171 1246 corruptus
1187 1211 1260 1239 enim
1283 1211 1366 1246 judex
1387 1213 1589 1239 excusationem
1614 1211 1742 1246 injustam
1764 1218 1817 1238 non

1026 1258 1151 1292 recipiet,
1175 1259 1221 1286 sed
1247 1259 1341 1286 dicet:
1358 1258 1443 1292 Quam
1467 1258 1544 1286 mnlti
1567 1258 1723 1286 sacerdotes
1742 1258 1819 1285 bona

1026 1303 1132 1331 luerunt
1151 1305 1373 1337 existimationis,
1387 1305 1465 1339 queis
1483 1304 1597 1332 decebat
1611 1309 1728 1332 mentem
1742 1303 1820 1331 adhi-

1025 1349 1100 1383 bere,
1121 1357 1154 1377 ac
1168 1351 1250 1377 vitam
1264 1358 1406 1384 moresque
1421 1356 1526 1378 vestros
1541 1350 1566 1377 in
1581 1350 1677 1378 melius
1694 1358 1818 1377 commu-

1028 1401 1097 1423 tare.
1111 1395 1166 1424 Vos
1183 1401 1273 1424 autem
1286 1396 1395 1424 malitia:
1410 1397 1490 1423 nimis
1506 1400 1629 1423 amantes
1643 1396 1817 1431 deprehensi,

1026 1449 1075 1469 cur
1098 1449 1151 1469 non
1176 1442 1337 1469 melioribus
1361 1442 1433 1470 serio
1458 1441 1632 1469 intendistis!
1657 1442 1704 1469 sed
1729 1442 1818 1469 vitiosi

1026 1488 1077 1523 ipsi
1090 1488 1167 1516 estis.
1180 1487 1319 1523 Hujusque
1331 1495 1426 1523 punias
1438 1488 1539 1515 dabunt
1551 1487 1636 1522 culpis
1646 1488 1795 1522 condignas
1807 1497 1815 1522 ;

1026 1541 1127 1569 vosque
1150 1533 1225 1568 quia,
1244 1535 1344 1561 virtute
1365 1533 1477 1568 rejects,
1495 1534 1695 1569 improbitatem
1719 1534 1818 1568 cupide

186 1577 323 1613 βασιλείας
335 1577 426 1609 πόθος,
437 1576 499 1604 οὗτε
512 1577 624 1612 γεέννης
635 1577 716 1612 φόϐος
731 1578 843 1613 ἐποίησε
852 1577 974 1613 φύλακας

1028 1580 1095 1607 estis
1109 1579 1237 1614 amplexi,
1253 1587 1340 1614 neque
1357 1581 1432 1615 regni
1446 1581 1567 1608 caelestis
1581 1581 1756 1612 desiderium,
1769 1588 1819 1608 ne-

183 1624 239 1650 τῶν
252 1623 327 1659 ἐμῶν
351 1623 478 1658 γενέσθαι
497 1623 598 1659 νόμων,
613 1623 663 1659 τὴν
684 1624 803 1660 ἐσχάτην
817 1623 917 1651 δώσετε
933 1632 976 1651 τι-

186 1669 302 1705 μωρίαν.

336 1727 402 1755 ΔΗ¹.
421 1742 455 1748 -
470 1727 613 1754 ABPAAM
634 1726 818 1762 ΕΠΙΣΚΟΙῙῼ.

1027 1633 1080 1661 que
1106 1626 1239 1661 gebenna:
1265 1631 1353 1654 terror
1377 1635 1451 1655 meas
1475 1627 1539 1655 fecit
1563 1628 1710 1656 observare
1733 1628 1813 1663 leges.

1027 1671 1130 1699 idcirco
1143 1676 1272 1698 azternam
1287 1672 1368 1700 luetis
1389 1681 1507 1707 poenam.

1120 1726 1264 1754 XXXVIII.
1279 1743 1315 1748 —
1328 1727 1522 1757 ABRAIIAMO
1542 1729 1722 1758 EPISCOPO.

589 1783 734 1811 Sacrorum
755 1782 917 1810 Litterarum
933 1783 1050 1811 studium
1066 1783 1170 1811 virtutis
1185 1785 1267 1820 gignit
1285 1794 1412 1813 amarem.

220 1840 288 1869 Δίαν
305 1839 439 1876 θαύμαζω
462 1839 512 1875 τὴν
532 1839 587 1866 τῶν
609 1839 715 1866 πολλῶν
731 1839 878 1875 ρᾳθυμίαν,
894 1840 934 1867 ὅτι
950 1841 974 1867 oi

187 1889 236 1924 μὲν
254 1889 374 1923 γενναῖοι
391 1887 438 1914 καὶ
450 1885 605 1921 θαυμαστοὶ
616 1885 712 1921 ἄνδρες
725 1885 788 1917 τοὺς
801 1887 899 1918 πόνους
911 1887 975 1918 τοὺς

187 1934 258 1970 ὑπὲρ
277 1934 327 1970 τῆς
351 1933 453 1969 ἀρετῆς
476 1931 625 1967 προθύμως
641 1931 833 1966 ὑπομένουσιν,
853 1929 924 1959 οὗτοι
945 1932 974 1959 δὲ

186 1980 247 2007 οὐδὲ
265 1980 327 2012 τοὺς
344 1979 439 2013 λόγους
455 1978 484 2011 ἐξ
497 1974 534 2005 ὧν
550 1978 575 2005 οἱ
591 1978 640 2013 τῆς
659 1978 760 2013 ἀρετῆς
778 1977 892 2005 εἰώθασι
908 1978 974 2014 φύε-

188 2025 248 2052 σθαι
272 2024 348 2051 πόνοι
359 2045 367 2057 ,
384 2023 494 2050 ἀκούειν
510 2023 662 2058 ἀνέχονται.
679 2022 727 2054 Τίς
748 2019 795 2050 οὖν
818 2023 909 2054 αὐτοῖς
929 2031 975 2050 πι-

187 2070 288 2103 στεύει,
306 2070 347 2096 ὅτι
362 2070 427 2100 τοὺς
443 2069 512 2104 ὑπὲρ
533 2068 583 2103 τῆς
598 2067 699 2103 ἀρετῆς
723 2067 837 2102 ἱδρῶτας
856 2068 975 2103 γνησίως

186 2115 380 2151 ἑπαναιροῦσιν
402 2115 478 2150 (6i),
504 2115 568 2141 ὅταν
587 2114 652 2145 τοὺς
678 2114 749 2149 ὑπὲρ
770 2114 856 2149 αὐτῆς
878 2114 974 2148 λόγους

186 2162 277 2189 ίδωσιν
292 2161 391 2192 αὐτοὺς
402 2160 538 2192 δυσκόλως
553 2159 761 2196 προσιεμένους.
776 2160 907 2196 Παραίνει
918 2160 974 2186 τοί-

185 2216 230 2234 νυν
244 2207 360 2238 ὲκεῖνοις
377 2205 442 2241 περὶ
454 2202 491 2232 ὧν
506 2205 552 2232 καὶ
565 2206 720 2241 γέγραφας,
731 2205 841 2241 ἕχεσῡαι
856 2206 904 2241 τῆς
920 2206 973 2233 τῶν

1065 1842 1148 1870 Valde
1165 1842 1290 1877 equidem
1315 1841 1401 1869 miror
1424 1842 1549 1877 supinam
1564 1843 1744 1877 quorumdam
1769 1852 1818 1872 ne,

1028 1888 1196 1924 gligentiam,
1215 1895 1276 1915 cum
1293 1887 1338 1915 alii
1354 1887 1478 1915 homines
1493 1889 1616 1923 generosi
1636 1894 1718 1924 atque
1731 1890 1818 1917 admi-

1028 1935 1104 1963 randi
1126 1934 1233 1962 labores
1254 1934 1362 1962 virtutis
1381 1935 1491 1962 nomine
1517 1935 1633 1963 libenter
1656 1937 1816 1971 suscipiant,

1028 1980 1065 2007 illi
1078 1986 1142 2007 vero
1156 1986 1189 2007 ne
1203 1979 1285 2006 verba
1302 1979 1420 2014 quidem,
1441 1979 1538 2014 quibus
1553 1981 1585 2007 ad
1600 1980 1719 2008 laborem
1734 1982 1818 2008 virtu-

1029 2026 1063 2053 tis
1078 2025 1190 2053 excitari
1214 2025 1339 2053 homines
1362 2025 1461 2059 solent,
1484 2026 1622 2053 sustinent
1638 2026 1741 2054 audire.
1760 2027 1817 2054 Hos

1028 2072 1089 2108 quis
1108 2072 1202 2100 credat
1224 2079 1273 2106 pro
1290 2071 1392 2098 virtute
1419 2072 1540 2100 sudores
1560 2080 1654 2100 revera
1675 2081 1818 2108 capessere

1028 2117 1108 2152 \elle,
1125 2118 1233 2152 quando
1250 2125 1283 2145 ne
1295 2125 1435 2146 sermones
1452 2118 1560 2152 quidem
1582 2119 1675 2147 videas
1692 2126 1770 2154 aequo
1782 2120 1817 2146 ab

1027 2163 1061 2190 iis
1079 2163 1170 2190 animo
1193 2163 1304 2198 suscipi.
1325 2162 1439 2190 IIorlare
1460 2163 1550 2198 itaque
1569 2163 1647 2196 tales,
1665 2165 1698 2191 de
1719 2165 1816 2198 quibus

1027 2209 1061 2236 ad
1087 2216 1130 2236 me
1153 2209 1364 2243 pCI'St'l'IpSOI'BS,
1391 2216 1497 2236 sacram
1518 2209 1608 2244 legant
1634 2209 1814 2245 Scripturam,

185 2250 301 2286 Γραφῶν
325 2249 517 2283 ἀναγνώσεως.
547 2250 688 2276 Ἐντεῦθεν
704 2250 758 2286 γὰρ
773 2250 850 2286 καὶὴ
873 2250 973 2285 γνῶσις

1026 2262 1108 2289 quam
1127 2242 1270 2283 lectionem
1286 2255 1433 2282 comitatur
1451 2242 1570 2291 cognitio
1589 2260 1669 2290 atque
1691 2242 1817 2287 scientia.

184 2296 316 2324 τίκτεται,

331 2342 395 2371 Λθι.
422 2358 458 2364 -
474 2342 604 2379 imam
627 2341 789 2378 ΔΙΑΚΟΝῼ.

1168 2342 1293 2371 XXXIX.
1309 2358 1345 2364 -—
1359 2342 1496 2372 ISIDORO
1516 2342 1676 2371 DIACONO.

595 2399 756 2434 Multiplices
773 2401 946 2428 tentationum
963 2402 1075 2438 ﬂuctus.
1094 2401 1202 2435 Confer.
1217 2401 1266 2436 inf.
1283 2401 1336 2428 9.26
1362 2409 1402 2436 ep.
1450 2401 1455 2403 ’

218 2459 317 2486 Πολλοὶ
340 2458 466 2492 δόξαντες
484 2459 601 2495 ἀνδρεῖοι
617 2455 686 2486 εἶναι
711 2459 759 2486 καὶ
772 2461 891 2494 γενναῖοι
914 2461 974 2488 οὐδὲ

183 2506 232 2543 τὴν
247 2506 402 2542 προσϐολὴν
417 2506 464 2533 καὶ
478 2506 524 2532 τὸν
536 2505 735 2542 ἀκροϐολισμὸν
746 2506 800 2533 τῶν
814 2508 975 2543 πειρασμῶν

220 2586 232 2602 ⁸
242 2586 310 2615 ibid.
328 2585 374 2613 50.

1064 2459 1213 2494 Opinantes
1239 2459 1360 2495 plerique
1384 2460 1467 2488 fortes
1493 2467 1522 2488 se
1549 2468 1581 2487 ac
1608 2467 1755 2495 generosos
1782 2468 1815 2488 ne

1029 2505 1240 2541 impressionum
1259 2506 1366 2540 quidem
1385 2510 1412 2534 et
1436 2505 1613 2534 tentationum
1630 2505 1813 2533 velitationem

752 2631 871 2660 ἾΑῘΠᾸΞ
893 2628 1085 2661 LECTIONES
1105 2631 1150 2660 ET
1168 2632 1284 2660 NOTAE.

232 2711 277 2746 57)
297 2711 349 2739 Pro
367 2710 454 2745 φωναὶ
467 2710 561 2739 scribit
576 2710 678 2745 φωναῖς
694 2708 754 2737 cod.
771 2709 821 2746 ait.
842 2709 946 2746 Possm.

232 2744 276 2779 58)
297 2744 467 2778 Ῑιιιεεάκοὰς
478 2750 504 2773 et
516 2746 630 2780 κάμινος
643 2746 711 2772 idem
723 2744 822 2780 omittit
837 2745 884 2771 καὶ
899 2753 971 2773 vers.

183 2779 245 2816 post
258 2781 286 2814 4,
300 2781 437 2815 πτωχείαν
454 2779 623 2816 ἰύεηιιιὶιιιοι
639 2780 666 2806 in
683 2779 883 2816 πτωχείας-νιν.

221 2816 277 2852 (59)
298 2814 429 2852 ιιιιεξμὲν
445 2821 472 2843 et
488 2815 580 2841 πολλοὶ
600 2815 659 2852 cod.
678 2814 817 2852 Alt._tollit
831 2814 882 2841 ὅτι.
901 2814 973 2842 Idem

183 2849 338 2878 vers.'inde
350 2849 428 2882 δέού
449 2851 505 2881 τοῖς
521 2855 607 2876 mutat
620 2849 647 2876 in
671 2849 763 2884 uti-toi;
786 2850 814 2877 in
835 2854 972 2884 contextu,

183 2891 317 2915 annotans
330 2890 419 2914 tamen
436 2885 466 2912 οὐ
484 2885 540 2917 τοῖς
554 2885 581 2912 in
595 2891 680 2920 marg.
697 2883 736 2911 In.

1064 2711 1120 2747 (60)
1140 2710 1193 2747 Pro
1212 2709 1494 2747 ﬁrotpdaars_scribit
1509 2709 1583 2747 idem
1606 2706 1813 2747 hrtudaa-re,_et

1028 2743 1099 2774 vers.
1112 2743 1230 2780 ’ἐποίησέ
1246 2743 1329 2772 mutat
1345 2747 1370 2772 in
1386 2745 1487 2776 ἔπεισε,
1509 2743 1535 2770 in
1552 2747 1664 2777 utraque
1685 2743 1813 2769 emenda-

1027 2782 1098 2809 tione
1111 2783 1171 2809 sine
1185 2782 1266 2808 dubio
1283 2780 1445 2814 probandus.
1463 2780 1499 2805 In.

1062 2817 1117 2852 (6t)
1136 2816 1188 2843 Pro
1204 2811 1396 2852 ἐπαναιροῦσιν
1418 2814 1477 2842 cod.
1499 2812 1560 2840 Vat.
1585 2811 1637 2840 630
1657 2816 1685 2840 et
1703 2811 1757 2840 Alt.
1775 2811 1813 2840 Ie-

1026 2857 1092 2887 gunt
1107 2851 1327 2887 ἐπαναιροῦντες.
