2049 3164
259 139 326 174 1351

855 136 884 165 S.
903 136 1049 166 ISIDORl
1069 137 1288 168 ΡΕΕΗΞΙΟΤίΕ

1827 138 1895 172 1352

257 195 455 224 sustinuerunt.
484 190 635 227 Redarguti
667 198 733 225 ergo
756 190 815 218 sola
844 191 973 225 opinione
1003 199 1051 231 nor

1110 193 1240 228 ἦνεγκαν·
1257 190 1478 230 ὲλεγχθέντεςοῦν
1492 193 1521 220 ὲν
1537 193 1605 229 μόνῃ
1622 195 1655 230 τῇ
1670 194 1751 231 δόξῃ,
1776 195 1833 222 ἀλλ’
1846 197 1891 225 οὐκ

257 242 329 269 facto
358 239 527 268 fortitudinis
551 237 783 266 existimationem
808 244 823 264 a
850 239 1050 272 spectantibus,

256 287 328 323 quod
343 286 451 313 laudem
466 290 580 319 carpere
591 283 683 312 conati
702 288 776 315 sunt,
790 284 969 318 supercilium
985 291 1053 311 con-

257 334 409 359 traxcrant.
437 329 500 357 ldeo
520 335 585 356 vero
610 328 826 363 permittuntur,
859 332 888 355 ut
912 328 1052 361 arbitror,

257 376 355 404 tentari
372 374 504 408 nonnulli,
523 379 552 401 ut
569 379 597 402 et
612 373 703 409 magni
727 377 809 405 atque
829 373 1053 409 inexpugnabiles

257 422 284 449 in
302 422 359 449 suis
377 421 463 449 oculis
482 420 645 448 exsistentes
672 420 706 447 ab
726 427 820 447 amore
843 419 885 447 sui
899 419 999 452 curati,
1019 419 1053 446 ad

257 467 418 495 modestiam
444 466 632 502 impellantur.
659 465 717 493 Non
743 465 871 500 exiguum
890 465 982 500 itaque
1003 465 1054 493 hoc

257 513 356 540 anima:
374 512 558 544 commodum,
582 511 681 538 fastum
703 510 850 546 exstingui,
872 517 905 538 ac
928 510 1053 546 spiritum

257 566 363 591 eorum,
387 565 502 594 quorum
526 557 741 592 experimentum
768 555 882 588 nullum,
907 564 941 583 ne
963 556 1052 583 dicam

257 608 396 631 certamen
416 602 524 637 quidem
543 602 679 629 sustinere
696 606 805 635 queant.
822 601 904 637 566
917 601 966 635 Qui
981 602 1052 628 enim

259 653 320 683 post
345 649 426 676 multa
445 648 532 676 victus
561 653 673 682 troprea,
701 648 778 674 venia
804 647 873 675 forte
892 647 989 682 dignus
1005 655 1012 674 :
1026 652 1053 674 at

257 695 302 729 qui
323 695 350 721 in
377 693 578 721 velitationibus
597 692 751 725 occumbat,
774 700 887 720 summte
908 692 1052 720 imbecilli-

259 741 322 767 tatis
351 739 393 766 vel
429 738 601 774 negligentia:
630 738 720 773 potius
750 746 806 773 prae
833 745 863 766 se
891 737 944 765 fert
971 745 1053 773 argu-

259 789 390 811 mentum.

423 840 480 867 XI...
497 855 533 861 —
548 838 666 867 TAURO
686 839 891 868 PREFEC'IO.

1104 239 1134 265 ἐν
1158 240 1191 274 τῇ
1207 237 1325 274 πράξει,
1345 239 1397 274 τὴν
1413 240 1462 276 τῆς
1482 240 1608 276 ἀνδρείας
1631 241 1720 276 οῖησιν
1742 241 1818 278 παρὰ
1839 243 1893 275 τοῖς

1105 285 1216 317 θεαταῖς
1230 285 1440 321 κεκαρπῶσθαι,
1455 287 1632 315 κατέσπασαν
1650 288 1700 323 τὴν
1715 287 1812 323 ὀφρῦν.
1825 289 1864 316 Δι’
1882 290 1893 317 ἂ

1104 331 1152 358 καὶ
1175 331 1399 368 συγχωροῦνται,
1423 332 1460 365 ὡς
1483 331 1572 365 οἶμαι,
1600 333 1785 369 πειρασθῆναι
1803 343 1895 367 τινες,

1106 377 1152 404 τὸν
1166 377 1222 413 (62)
1233 377 1279 404 τοῦ
1295 378 1408 412 μεγάλοι
1419 378 1507 405 δοκεῖν
1518 376 1588 406 εἶναι
1596 380 1643 406 καὶ
1650 379 1784 415 δύσμαχοι
1794 381 1895 408 ἔννοιαν

1105 424 1290 460 ίαθησόμενοι,
1309 425 1356 451 καὶ
1375 425 1443 460 πρὸς
1465 426 1701 461 μετριοφροσύνην
1719 427 1897 463 συνελαθησὸ-

1106 478 1185 506 μενοι
1204 470 1235 497 ού
1256 471 1341 506 μικρὰ
1361 470 1430 507 αὕτη
1446 471 1536 506 ψυχῆς
1554 472 1672 506 ὠφέλεια
1683 493 1690 505 ,
1706 473 1736 499 τὸ
1753 473 1896 509 σϐεσθῆναι

1105 515 1136 542 τὺ
1165 515 1293 551 φρόνημα
1316 516 1370 542 τῶν
1396 516 1463 552 μηδὲ
1486 516 1537 552 τὴν
1561 518 1669 552 πεῖραν,
1695 518 1725 545 οὔ
1755 528 1828 554 φημι
1851 520 1896 546 τὸν

1104 560 1210 595 ἀγῶνα,
1226 562 1346 596 ἐνεγκεῖν
1361 561 1538 597 δυνηθέντων.
1557 562 1589 589 '0
1603 563 1653 598 μὲν
1664 563 1718 600 γὰρ
1731 564 1800 599 μετὰ
1814 565 1896 592 πολλὰ

1104 608 1221 643 τρόπαια
1239 608 1380 644 ἡττηθεὶς,
1403 609 1468 640 ἴσως
1484 611 1667 643 συγγνωστός”
1683 611 1698 636 ὸ
1718 610 1747 636 δὲ
1765 611 1794 637 ἐν
1809 611 1896 643 αὐτοῖς

1103 654 1160 685 τοῖς
1176 653 1401 690 ἀκροῦωλισμοῖς
1416 653 1508 680 πεσὼν
1519 654 1638 690 ἐσχάτης
1652 655 1797 689 ἀσθενείας
1807 677 1814 690 ,
1831 657 1896 692 μᾶλ-

1103 698 1149 726 λον
1163 699 1192 726 δὲ
1210 699 1348 735 ῥᾳθυμίας
1361 699 1474 735 ἐκφέρει
1491 699 1600 735 δεῖγμα.

1302 843 1349 871 Μ’.
1366 859 1401 865 -
1418 844 1533 881 ΤΑΥΙᾮ
1549 844 1702 881 ΥΠΑΡΧῼ.

608 897 744 926 Hortatur
758 904 785 926 ut
802 900 952 933 reipublicae
976 907 1041 927 omn
1059 907 1118 927 cum
1134 899 1254 934 pluribus
1271 899 1346 927 bonis
1360 902 1546 929 communicet.

293 953 407 983 Noveris
430 959 514 988 recte,
537 962 553 982 ο
579 954 758 990 sagacissime
779 956 912 988 virorum,
931 956 1003 990 quod
1028 956 1051 983 si

1141 953 1177 982 Εὖ
1197 955 1262 988 ῐσθι,
1275 952 1297 982 ὧ
1308 956 1450 991 ἀγχινοίας
1466 957 1589 991 τέμενος,
1607 958 1648 985 ὄτι
1659 958 1683 984 εἰ
1693 959 1757 991 τοὺς
1768 960 1896 994 ἀρίστους

257 1001 359 1028 ainicos
382 1000 510 1035 optimos,
537 1000 660 1032 veritati,
689 1001 811 1035 inquam,
839 1001 999 1035 innutritos,
1025 1006 1053 1029 et

256 1047 431 1082 pecuniarum
452 1051 652 1081 contemptores
666 1045 699 1073 ad
722 1047 895 1082 magistratus
910 1054 1052 1082 promove-

257 1094 295 1122 ris
312 1093 386 1129 (nam
402 1093 585 1128 periculosum
609 1097 651 1119 est
668 1091 828 1127 plerumque
841 1097 944 1120 tantam
968 1100 1052 1126 nego-

256 1139 355 1166 tiorum
379 1138 476 1166 molem
495 1138 541 1165 uni
559 1137 711 1172 imponere)
731 1144 837 1172 eorum,
854 1139 899 1173 qui
926 1138 986 1166 illos
1001 1145 1051 1165 ca-

256 1189 386 1219 pessunt,
416 1184 519 1211 virtute
543 1182 727 1211 aristocralia‘:
753 1183 924 1217 gubernandi
952 1184 1051 1212 feceris

256 1230 381 1258 formam.

396 1286 465 1314 XLI.
488 1301 524 1308 —
544 1286 722 1316 LAMPETIO
741 1285 901 1316 DIACONO.

1103 1001 1159 1028 τῶν
1174 1001 1269 1036 φίλων,
1289 1002 1353 1034 τοὺς
1371 1002 1517 1037 ἀληθείας,
1534 1005 1622 1038 φημὶ,
1644 1005 1831 1040 συντρόφους,
1848 1008 1894 1033 καὶ

1104 1056 1157 1083 χρη
1163 1047 1253 1082 μάτων
1264 1048 1423 1083 κρείττονας
1432 1050 1578 1081 κοινωνοὺς
1586 1051 1729 1086 ποιήσειας
1738 1052 1789 1087 τῆς
1809 1053 1894 1088 ἀρχῆς

1105 1093 1277 1128 (ἐπισφαλὲς
1296 1093 1352 1129 γὰρ
1377 1094 1415 1126 ὡς
1433 1094 1469 1121 τὰ
1493 1095 1578 1122 πολλὰ
1600 1095 1630 1122 τὺ
1652 1097 1694 1131 ἐφ’
1714 1097 1755 1123 ἑνὶ
1770 1097 1895 1124 τοσοῦτον

1104 1138 1188 1173 δγκον
1211 1140 1308 1175 ὁρμεῖν
1332 1140 1532 1176 πραγμάτων),
1551 1142 1610 1174 ταῖς
1634 1142 1690 1169 τῶν
1701 1143 1893 1178 ἀντιλαμϐανο-

1106 1185 1197 1220 μένων
1226 1185 1340 1221 ἀρεταῖς
1369 1187 1598 1222 ἀριστοκρατείαν
1627 1188 1821 1221 ἀποτελέσειας
1845 1189 1894 1224 τὴν

1105 1230 1205 1266 ἀρχήν.

1246 1288 1314 1315 MA'.
1333 1303 1368 1309 —
1387 1288 1568 1326 ΛΑΜΠΕΤΙῼ
1592 1288 1752 1326 ΔΙΔΚΟΝῼ.

760 1345 879 1382 Regnum
892 1344 1017 1372 crclorum
1034 1344 1209 1375 inculcatum.
1227 1347 1291 1382 Sup.
1306 1356 1347 1383 ep.
1363 1349 1390 1377 4.

291 1403 346 1431 Res
369 1409 454 1431 sacra:
476 1406 558 1437 atque
582 1401 680 1430 divinae
706 1401 813 1429 homini
836 1401 946 1428 animali
967 1401 1050 1429 stulta

256 1450 340 1478 videri
357 1449 481 1484 possint:
497 1448 715 1483 quandoquidem
732 1447 783 1475 nisi
798 1447 839 1475 vel
855 1447 958 1475 nolenti
971 1447 1047 1482 prius

257 1496 423 1530 persuadeas
439 1501 553 1529 regnum
571 1500 633 1521 esse
648 1493 794 1526 caelorum,
813 1493 872 1528 ejus
889 1493 1051 1528 ingenerare

257 1548 376 1576 nequeas
390 1547 522 1567 amorem.

306 1607 383 1635 XLII.
399 1623 434 1628 —-
448 1606 560 1635 ALlPlO
579 1606 686 1635 REMP.
707 1605 1000 1637 ADMINISTRANTI.

1140 1405 1239 1440 Μωρία
1255 1405 1328 1432 δοκεῖ
1342 1405 1381 1441 τῷ
1396 1405 1504 1442 ψυχικῷ
1513 1406 1650 1443 ἀνθρώπῳ
1664 1406 1699 1434 τὰ
1712 1407 1783 1434 θεῖα⁸
1801 1407 1892 1443 ἐπειδὴ

1104 1449 1144 1485 τῷ
1157 1450 1187 1476 οὐ
1212 1450 1315 1478 θελόντι
1335 1451 1478 1486 πεισθῆναι
1503 1452 1647 1488 πρότερον,
1667 1453 1708 1479 ὃτι
1733 1454 1749 1488 ή
1774 1453 1893 1488 βασιλεία

1105 1495 1159 1521 τῶν
1173 1495 1296 1531 οὐρανῶν
1306 1496 1471 1532 ὑφέστηκεν,
1485 1497 1576 1533 ἔρωτα
1591 1497 1677 1533 αὐτῆς
1689 1498 1819 1534 τεχθῆναι
1831 1498 1892 1526 ἀδύ-

1106 1546 1196 1565 νατον.

1212 1605 1279 1633 MB’.
1299 1622 1334 1627 —
1351 1607 1480 1644 ΑΛΥΠΙῼ
1498 1609 1782 1646 ΠΟΛΙΤΕΥΟΜΕΝῼ.

767 1660 857 1689 Poena:
869 1662 938 1690 lente
952 1667 1015 1690 sunt
1030 1662 1175 1698 exigendw.
1192 1661 1247 1696 Ιηί.
1264 1670 1305 1697 ep.
1321 1661 1384 1690 207.

293 1723 381 1751 Grave
394 1725 436 1749 est
454 1728 506 1748 non
522 1721 598 1747 tarde
614 1726 708 1754 poenas
723 1718 790 1747 dare
805 1727 878 1753 eum,
895 1710 941 1754 qui
965 1724 1004 1753 te,
1020 1724 1051 1747 ut

259 1769 366 1801 scribis,
391 1767 481 1795 all’ecit
504 1765 616 1801 injuria,
641 1765 688 1793 sed
714 1765 805 1800 potius
831 1772 906 1799 eum,
929 1765 974 1800 qui
997 1765 1051 1793 cito

258 1822 355 1851 pcenas
379 1813 519 1849 persolvit,
544 1811 641 1844 videri,
671 1815 765 1847 postea
791 1810 919 1846 injuriam
949 1811 1049 1838 nullam

260 1860 394 1892 intulisse,
415 1863 446 1886 ut
469 1857 567 1886 accidit
588 1863 785 1891 saepenumero.
811 1855 994 1890 Quamobrem
1015 1856 1050 1883 ab

259 1914 292 1934 eo
306 1913 399 1942 manas
414 1905 523 1940 exigere
544 1902 599 1930 noli
619 1902 793 1935 festinanter,
808 1901 857 1929 sed
874 1903 995 1936 expende
1009 1901 1052 1929 di-

261 1953 376 1988 ligenter
408 1958 442 1977 an
458 1957 548 1977 revera
567 1949 670 1977 lzescrit
685 1957 692 1976 :
708 1948 783 1983 quod
801 1948 872 1976 enim
897 1951 1004 1975 mature
1024 1952 1051 1976 et

261 2001 390 2026 accurate
412 2004 468 2023 rem
478 1995 613 2028 excutias,
633 1993 701 2022 nihil
719 1994 782 2022 inde
798 1994 845 2021 tibi
860 1993 952 2022 damni
974 2001 1052 2022 acce-

261 2045 316 2076 dat,
336 2042 383 2070 sed
398 2042 421 2069 si
443 2041 530 2068 virum
547 2041 717 2068 innocentem
732 2046 828 2075 pcenas
843 2039 909 2067 dare
928 2047 1050 2075 praepro-

261 2096 326 2125 pere
348 2095 440 2123 coges,
465 2087 560 2120 ingens
583 2085 707 2113 accidere
730 2085 923 2114 detrimentum
939 2086 1050 2121 poterit.

357 2143 448 2172 XLIII.
463 2159 499 2165 —
514 2141 700 2172 DOROTHEO
719 2141 803 2170 Ἧιιο
822 2141 949 2170 CLARO.

1141 1720 1231 1747 Δεινὸν
1248 1721 1278 1748 οὺ
1292 1720 1322 1747 τὸ
1339 1720 1449 1756 βράδιον
1463 1720 1519 1756 (65)
1534 1721 1625 1748 δοῦναι
1637 1721 1719 1757 δίκην
1732 1721 1780 1749 τδν
1795 1722 1832 1754 ὡς
1843 1722 1891 1758 φῄς

1105 1775 1135 1793 σε
1152 1766 1315 1802 ἠδικηκότα,
1332 1765 1401 1793 ἀλλά
1414 1765 1444 1792 τὸ
1459 1767 1552 1801 τάχιον
1567 1767 1658 1799 δόντα,
1676 1768 1797 1803 φανῆναι
1817 1767 1890 1794 ὕστε-

1104 1819 1151 1847 ρον
1165 1811 1203 1847 μὴ
1215 1811 1390 1846 ἀδικήσαντα,
1401 1811 1470 1847 ὅπερ
1480 1811 1610 1844 πολλάκις
1622 1812 1734 1848 συνέϐη·
1749 1813 1787 1849 μὴ
1799 1813 1890 1840 σπεῦδε

1103 1857 1248 1893 τοιγαροῦν
1268 1857 1315 1883 ἐπὶ
1328 1857 1358 1883 τδ
1381 1857 1460 1892 δίκην
1476 1858 1644 1894 ἀπαιτῆσαι,
1659 1859 1724 1893 ,ἀλλ’
1743 1860 1793 1886 ἐπὶ
1804 1860 1834 1886 τὸ
1850 1860 1890 1886 δο-

1104 1904 1219 1938 κιμάσαι
1233 1904 1257 1929 εί
1271 1903 1380 1938 ἀληθῶς
1394 1904 1524 1940 ἠδίκηκεν
1536 1925 1543 1938 ,
1559 1905 1615 1931 ἀπὸ
1631 1905 1681 1940 μὲν
1697 1906 1755 1942 γὰρ
1769 1906 1817 1933 τοῦ
1831 1907 1890 1942 μελ-

1105 1949 1211 1985 λησμοῦ
1234 1949 1310 1976 οὐδὲν
1326 1949 1449 1986 βλαϐήσῃ
1460 1971 1467 1983 ,
1489 1951 1544 1977 ἀπὸ
1561 1950 1590 1977 δὲ
1610 1950 1658 1978 τοῦ
1681 1951 1784 1988 τάχους
1795 1973 1802 1984 ,
1819 1953 1841 1979 ει
1855 1953 1891 1988 μὴ

1105 1994 1270 2030 ἀδικήσαντα
1283 1995 1445 2030 ἀπαιτήσεις
1457 1995 1545 2030 δίκην,
1561 1996 1659 2032 κομιδῆ
1675 1996 1838 2034 άδικηθήσῃ.

1269 2139 1334 2167 Ml".
1354 2154 1390 2160 -——
1406 2140 1559 2176 ΔΩΡΟΘΕῼ
1576 2140 1731 2177 ΛΑΜΠΡῼ.

542 2202 639 2237 lugens
656 2200 812 2236 supplicium
834 2204 858 2227 et
877 2199 1020 2227 tolerantia
1036 2206 1105 2234 agre
1120 2198 1199 2224 durat
1215 2197 1242 2224 in
1259 2197 1308 2224 hac
1322 2197 1383 2230 vita,
1398 2198 1443 2225 sed
1456 2198 1483 2225 in
1500 2198 1601 2233 futura.

297 2269 346 2296 llic
368 2267 488 2303 quidem,
517 2267 559 2294 vir
584 2267 696 2301 optime,
725 2265 804 2294 simul
826 2265 972 2293 convenire
998 2271 1053 2292 non

262 2319 375 2352 posth
396 2314 492 2348 ingens
516 2312 678 2354 supplicium
700 2319 732 2340 ac
755 2311 905 2344 cruciatus,
928 2315 956 2339 et
973 2310 1049 2338 Susti-

261 2360 353 2388 nentia
374 2366 422 2386 seu
438 2357 652 2392 perseverantia.
677 2357 798 2385 Alterum
822 2357 895 2384 enim
910 2356 989 2384 alteri
1010 2362 1052 2383 re-

261 2412 369 2442 pugnat,
389 2403 459 2439 quod
476 2411 574 2437 corpus
589 2403 709 2431 interitui
727 2407 823 2430 natura
840 2403 876 2431 sit
893 2402 1051 2434 obnoxium,

261 2452 358 2479 horum
386 2458 437 2477 non
463 2449 556 2477 ferens
581 2457 755 2477 concursum.
771 2449 808 2478 ibi
829 2457 893 2478 vero
914 2450 941 2477 in
965 2449 1050 2476 altera

260 2496 316 2523 vita
338 2495 519 2530 perpetuitate
537 2495 690 2522 introducta
709 2495 840 2530 pulsuque
866 2495 1050 2530 corruptione,

262 2548 358 2576 pugna:
381 2541 444 2569 inde
475 2539 609 2568 exsistere
638 2544 723 2574 potest
753 2539 917 2568 dissolutio:
936 2544 965 2566 ut
993 2543 1051 2566 tor-

262 2592 413 2615 mentorum
447 2586 664 2620 exsuperantiam
693 2592 781 2620 neque
814 2586 897 2614 robur
927 2585 1051 2620 corporis

261 2634 406 2669 expellere,
422 2640 510 2668 neque
524 2639 622 2667 corpus
640 2632 666 2660 in
685 2632 797 2660 nihilum
814 2632 898 2667 redigi
914 2632 1012 2667 possit.

1149 2261 1280 2289 Ἐνταῦθα
1297 2263 1358 2298 μὲν,
1377 2259 1400 2290 ὦ
1415 2262 1538 2298 βέλτιστε
1548 2283 1555 2296 ,
1571 2263 1620 2299 οὐχ
1633 2261 1691 2290 οἷόν
1709 2272 1739 2290 τε
1754 2264 1896 2299 ἀμφότερα

1105 2308 1279 2344 συνδραμεῖν,
1301 2308 1470 2345 σφοδρότητα
1493 2308 1565 2343 λέγω
1578 2309 1722 2344 τιμωριῶν
1739 2309 1786 2336 καὶ
1808 2318 1894 2344 παρα-

1105 2354 1201 2390 μονήν.
1218 2353 1338 2389 Θάτερον
1358 2354 1412 2390 γὰρ
1427 2354 1534 2390 θατέρῳ
1554 2354 1686 2390 πολεμεῖ,
1702 2354 1747 2381 διὰ
1763 2354 1793 2381 τὸ
1807 2355 1897 2389 φθαρ-

1104 2401 1153 2436 τὴν
1170 2398 1253 2427 οὖσαν
1268 2400 1315 2427 τοῦ
1339 2400 1465 2436 σώματος
1481 2401 1530 2437 τὴν
1547 2401 1628 2435 φύσιν
1643 2400 1682 2436 μὴ
1697 2400 1793 2436 φέρειν
1806 2400 1897 2426 αὐτῶν

1104 2447 1153 2481 τὴν
1174 2445 1292 2473 σύνοδονσ
1309 2447 1367 2473 ἐκεῖ
1381 2446 1408 2473 δὲ
1424 2447 1471 2482 τῆς
1492 2446 1647 2483 ἀφθαρσίας
1662 2441 1896 2481 εῐσὸιασαμένης,

1107 2492 1155 2519 καί
1172 2492 1221 2528 τὴν
1238 2492 1341 2528 φθορὰν
1361 2492 1609 2528 ὲξοστρακισάσης,
1629 2492 1676 2519 καὶ
1697 2493 1714 2527 ἡ
1731 2492 1783 2528 τῆς
1803 2491 1897 2527 μάχης

1104 2538 1208 2574 ταύτης
1230 2539 1351 2571 διάλυσις
1373 2539 1470 2573 γένοιτ’
1493 2539 1526 2566 ἂν
1544 2539 1581 2571 ὡς
1602 2538 1651 2574 τὴν
1671 2538 1824 2574 ὑπερϐολὴν
1841 2537 1898 2563 τῶν

1104 2584 1334 2621 βασανιστηρίων,
1349 2585 1418 2621 μήτε
1435 2585 1484 2620 τὴν
1503 2585 1579 2620 ἰσχὺν
1593 2585 1720 2618 ἐξελάσαι
1736 2585 1782 2612 τοῦ
1799 2583 1896 2619 σώμα-

1102 2639 1159 2664 τος,
1181 2631 1250 2666 μήτε
1261 2631 1290 2658 τὸ
1302 2631 1382 2666 σῶμα
1396 2632 1435 2663 εἰς
1449 2631 1480 2658 τὸ
1495 2632 1533 2667 μὴ
1546 2631 1575 2658 ὃν
1591 2631 1788 2667 παραπέμψαι»

824 2718 942 2747 VARIAB
963 2718 1154 2747 LECTIONES
1172 2718 1217 2746 ET
1236 2718 1352 2748 ΝΟΤᾹΞ.

295 2796 352 2834 (62)
372 2798 526 2834 Τὸννιηιιιιιι
550 2799 576 2826 in
598 2798 648 2834 τὴν
671 2798 731 2826 cod.
754 2798 809 2826 Alt.
829 2801 856 2826 et
879 2805 949 2826 vers.
973 2797 1043 2824 inter

261 2833 346 2868 μικρᾶ
361 2839 388 2862 et
402 2833 473 2870 αὕτη
490 2835 585 2863 inserit
604 2835 667 2870 γάρ.
687 2834 788 2862 l‘ossiu.

1136 2795 1190 2832 (63)
1212 2796 1283 2824 Inter
1296 2797 1404 2833 βράδιον
1417 2802 1443 2826 et
1458 2797 1548 2825 δοῦναι
1559 2797 1636 2826 codd.
1653 2796 1713 2824 Vat.
1729 2796 1780 2825 650
1792 2800 1822 2825 et
1837 2796 1898 2826 Ait.

1104 2832 1224 2860 inserunt
1240 2832 1280 2859 τό.
1296 2833 1335 2860 In.
