2049 3164
187 191 256 227 1353

352 251 416 279 ων.
435 267 471 271 -
486 252 622 289 rerum
646 256 807 293 ΔΙΑΚΟΝῼ.

635 196 902 228 EPISTOLARUM
921 200 994 230 LIB.
1014 201 1045 231 V.
1072 214 1099 220 -·
1117 203 1236 234 ΕΡΙ5Τ.
1257 206 1374 237 XLVII.

1742 209 1810 243 1354

1180 263 1272 292 XLIV.
1289 281 1324 286 —
1339 266 1475 295 SERENO
1496 267 1654 296 DIACONO.

682 312 771 340 Virtus
785 314 911 341 laudatur
925 320 949 341 et
963 314 1043 350 alget.
1059 315 1166 351 (Confer
1178 326 1219 352 ep.
1237 319 1312 353 M5.)

220 365 326 401 ’Ὥσπερ
353 365 446 392 πολλοὶ
468 367 523 393 τῶν
539 367 692 403 ἀνθρώπων
718 370 848 404 μέγιστον
869 370 970 404 ἀγαθὸν

182 411 339 446 νομίζοντες
353 410 424 439 εἶναι
441 411 490 448 τὴν
513 413 618 447 ὑγίειαν
633 414 679 441 τοῦ
693 415 829 450 σώματος,
851 417 882 443 οὺ
898 417 969 444 πάνυ

181 458 267 492 αὐτῆς
279 458 463 492 φροντίζουσι.
478 459 518 485 Τὰ
531 460 586 495 γὰρ
599 461 665 495 ἡδέα
679 461 733 487 τῶν
744 462 889 497 ὠφελίμων
904 471 970 499 προ-

181 504 336 539 τιμῶντες,
361 504 577 540 διαμαρτάνουσι
600 506 720 542 ταύτης·
749 507 821 534 οὓτω
848 509 895 535 καὶ
921 508 970 543 τὴν

179 549 280 584 ἀρετὴν
292 550 476 581 ἐπαινοῦντες,
491 551 541 585 τὴν
557 551 615 577 ὁδὸν
630 551 679 587 τὴν
694 551 740 579 ἐπὶ
753 553 854 589 ταύτην
870 553 969 588 φέρου-

181 602 232 620 σαν
246 593 500 629 ἀποδιδράσκουσιν.

321 650 387 677 ME'.
408 665 445 670 -
460 651 636 688 ΑΝΛΤΟΛῙῼ
658 654 820 690 maxum.

1061 372 1096 400 Ut
1121 373 1269 400 maximum
1291 375 1447 404 existimant
1470 378 1568 405 bonum
1584 385 1645 406 esse
1664 381 1808 408 sanitatem

1023 418 1146 452 corporis
1169 418 1289 453 plerique
1309 421 1474 453 mortalium,
1497 423 1536 450 sic
1559 431 1618 450 eam
1640 432 1693 452 non
1719 425 1808 452 admo-

1024 463 1087 490 dum
1111 471 1182 490 curie
1207 463 1317 490 habent.
1335 464 1507 493 Delectabilia
1521 467 1594 494 enim
1606 463 1726 496 utilibus
1741 476 1809 502 prte-

1023 509 1142 537 fervntes
1163 510 1262 536 lzedunt
1281 511 1473 538 valetudinem.
1495 513 1541 540 Sic
1555 519 1583 540 et
1602 515 1728 542 virtutem
1749 514 1809 549 qui-

1022 556 1083 581 dam
1107 556 1263 587 laudantes,
1282 562 1297 582 a
1320 555 1363 582 via
1385 561 1486 590 tamen,
1502 566 1562 592 qua:
1582 559 1614 586 ad
1634 567 1694 586 eam
1716 560 1807 592 ducat,

1022 600 1157 627 aberrant.

1113 654 1192 691 567
1206 655 1287 684 XLV.
1304 671 1340 678 —
1354 655 1529 684 ANATOLIO
1550 656 1708 685 DlACONO.

654 711 694 738 De
706 711 773 739 bona
791 713 844 740 vini
861 712 960 739 modice
976 711 1083 745 sumpti.
1100 711 1188 747 (Conf.
1205 721 1246 747 ep.
1261 712 1335 749 415.)

221 765 251 792 '0
265 763 354 797 οἶνος,
369 765 393 791 εἰ
409 766 525 801 καιρίως
542 767 589 793 καὶ
606 768 725 803 μετρίως
744 769 851 804 ποθείη,
869 771 916 797 ἂτε
931 779 972 797 τι-

181 810 295 847 μηθεὶς,
318 811 486 846 εὐφροσύνης
505 812 592 844 αῐτιος
607 813 722 846 γίνεται.
744 814 775 840 Ei
790 814 818 840 δὲ
839 823 971 852 παροινη-

181 857 252 892 eain,
275 855 408 891 ἀμύνεται
432 857 482 892 τὴν
508 856 596 893 ὓϐριν,
623 858 670 885 καὶ
687 859 765 891 δίκας
782 861 894 887 ἀπαιτεῖ
908 863 971 894 τοὺς

1057 768 1155 796 Vinum
1176 774 1326 804 opportune
1347 777 1378 797 ac
1402 769 1543 796 moderate
1561 774 1708 804 sumptum,
1730 770 1808 805 quasi

1020 812 1124 840 honore
1136 813 1273 846 allectum,
1290 814 1391 841 lattitia:
1408 813 1607 847 hilaritatisque
1629 821 1710 840 cauSa
1735 815 1810 841 exsi-

1020 859 1075 886 stit.
1098 859 1126 886 Si
1143 867 1206 886 vero
1224 859 1325 895 largius
1339 860 1489 892 hauriatur,
1508 860 1635 892 inebriat,
1655 860 1809 887 ulciscitur-

182 898 310 934 ὑϐριστὰς
324 920 332 931 ,
347 900 454 934 γέλωτα
465 901 512 926 καὶ
530 901 672 938 αἰσχύνην,
688 903 736 930 καὶ
751 905 907 940 κωμῳδίαν,
922 907 965 933 καὶ

1020 912 1073 939 que
1089 904 1226 939 iniuriam,
1247 911 1273 933 et
1297 912 1390 940 pmnas
1410 906 1544 939 exposcit,
1561 914 1575 932 u
1599 905 1696 940 quibus
1711 906 1808 938 injuria

180 944 318 979 μώλωπας
332 945 423 977 αὐτοῖς
439 946 587 982 προξενῶν.

310 1046 387 1080 Μαι.
412 1061 448 1066 -
465 1047 581 1084 unas)
601 1049 835 1086 ΠΡΕΣΒΥΤΕΡῼ.

1020 950 1146 977 aﬂ‘ectum
1166 955 1220 982 est,
1240 951 1334 983 risum,
1354 951 1542 985 ignominiam,
1566 951 1806 986 reprehensionem

1019 1000 1100 1030 atque
1115 997 1183 1023 adeo
1197 997 1310 1024 verbera
1324 997 1460 1032 propinat.

1145 1052 1238 1080 XLVI.
1253 1068 1289 1072 —
1305 1053 1420 1081 PAULO
1436 1053 1675 1082 PRESBYTEIIO.

367 1092 475 1126 Oculos,
489 1099 515 1120 ut
532 1094 614 1121 animi
631 1095 768 1129 fenestras,
786 1098 982 1126 custodiendos.
1001 1098 1067 1134 (Inf.
1085 1099 1161 1133 epist.
1180 1099 1224 1131 17,
1238 1099 1288 1128 291
1308 1104 1332 1126 et
1350 1099 1401 1127 H6
1414 1108 1472 1126 cum
1487 1100 1616 1135 sclwlt'is.)

213 1151 250 1178 οὐ
275 1150 353 1186 μόνον
370 1151 400 1177 τὸ
413 1151 493 1187 σῶμα
512 1153 662 1187 ἀνέπαφον,
677 1153 744 1181 ἀλλὰ
762 1155 808 1182 καὶ
823 1156 873 1188 τὰς
887 1156 966 1191 βολὰς

178 1197 232 1224 τῶν
243 1196 400 1232 ὀφθαλμῶν,
416 1197 449 1230 ἃς
465 1198 549 1233 κόρας
565 1198 609 1225 διὰ
632 1199 712 1226 τοῦτο
725 1200 876 1236 καλοῦμεν,
894 1212 965 1238 παρ-

177 1242 270 1274 θένους
285 1241 354 1270 εἶναι
372 1243 435 1279 χρὴ,
451 1244 499 1270 καὶ
512 1244 549 1280 μὴ
561 1244 698 1272 πιστεύειν
712 1246 807 1278 αὑταῖς
821 1247 967 1283 ἀναισχύν-

177 1297 231 1320 τως
244 1289 292 1315 καὶ
303 1289 430 1325 ἀκρατῶς
440 1290 582 1316 ἑστιᾶσθαι
593 1291 650 1322 τοῖς
664 1290 815 1328 ἀλλοτρίοις
827 1293 964 1327 κάλλεσιν,

179 1333 222 1360 ἵνα
247 1333 284 1370 μὴ
305 1335 358 1361 ἀπὸ
379 1334 430 1370 τῆς
453 1334 518 1367 θέας
532 1335 579 1361 ἐπὶ
599 1335 648 1371 τὴν
664 1336 764 1372 πρᾶξιν
787 1338 966 1374 παιδαγωγη-

179 1378 272 1408 θῶσιν.

338 1436 405 1464 MZ'.
423 1451 458 1457 —
473 1436 623 1473 ΕΥΓΕΝΙῼ
646 1437 806 1476 ΔΙΔΚΟΝῼ.

1055 1156 1114 1184 Non
1141 1165 1238 1192 corpus
1264 1158 1343 1184 modo
1366 1157 1495 1184 intactum
1522 1164 1684 1191 purumque,
1712 1158 1758 1183 sed
1780 1162 1807 1182 el

1020 1204 1160 1231 oculorum
1174 1204 1265 1237 jactus
1277 1202 1359 1239 (unde
1374 1208 1400 1230 et
1421 1203 1514 1238 κόρας,
1533 1203 1558 1229 id
1573 1207 1613 1229 est
1628 1201 1741 1236 puellas,
1757 1210 1806 1237 ap-

1020 1249 1151 1284 pellamus
1172 1249 1297 1284 pupillas)
1319 1249 1437 1283 virgines
1459 1256 1506 1276 seti
1529 1253 1619 1275 castos
1635 1249 1713 1276 decet
1733 1256 1807 1282 esse,

1019 1303 1106 1329 neque
1126 1295 1284 1330 permittere
1310 1295 1445 1329 impudice
1462 1299 1542 1329 atque
1569 1294 1733 1329 impotenter
1753 1303 1807 1321 va-

1018 1341 1076 1375 gari
1093 1341 1118 1368 in
1133 1341 1246 1368 aliarum
1263 1341 1349 1368 forma
1364 1348 1395 1367 ac
1409 1340 1610 1375 pulchritudine
1622 1340 1785 1373 speculanda
1799 1349 1807 1374 ;

1019 1394 1053 1414 ne
1070 1384 1086 1414 ἑ
1103 1391 1250 1421 conspectu
1269 1386 1374 1414 lubrico
1390 1386 1424 1413 ad
1443 1393 1586 1413 venereum
1611 1386 1806 1420 perducantur.

1159 1441 1261 1470 XLVII.
1279 1457 1316 1462 —
1331 1441 1481 1469 EUGENIO
1500 1440 1662 1469 DIAIIONO.

626 1483 754 1513 Virtutem
771 1488 872 1514 amanti
894 1489 1030 1516 hominum
1054 1489 1243 1516 contemnenda
1263 1489 1362 1523 opinio.

219 1541 329 1576 Ἐπειδὴ
351 1541 404 1578 χρὴ
419 1541 473 1568 ἀπὸ
488 1541 543 1568 τῶν
559 1543 733 1577 γραμμάτων
748 1543 802 1571 τῶν
817 1544 871 1572 σῶν
883 1554 965 1572 κατα-

1053 1546 1276 1580 Quandoquidem
1291 1553 1306 1573 e
1323 1546 1376 1574 tuis
1397 1545 1495 1572 litteris
1515 1546 1637 1572 divinare
1656 1547 1720 1580 quid
1741 1554 1806 1573 sen-

182 1588 366 1623 στοχὰσασῠαι
378 1589 427 1623 τῆς
444 1588 494 1623 σῆς
505 1589 634 1623 διανοίας,
649 1590 777 1624 αῐσθομαί
795 1599 825 1617 σε
841 1591 902 1622 τοὺς
917 1591 967 1626 μὲν

177 1635 248 1670 ὑπὲρ
261 1636 309 1670 τῆς
323 1635 420 1671 ἀρετῆς
432 1635 529 1667 πόνους
543 1635 627 1670 ἡδέως
643 1637 824 1671 ὑπομένοντα,
844 1637 966 1669 καὶτοὺς

177 1681 246 1717 ὑπὲρ
264 1681 348 1715 αὐτῆς
363 1681 486 1716 καρποὺς
501 1681 636 1716 μεγάλους
648 1679 718 1708 εἶναι
732 1682 885 1716 νομίζοντα·
900 1682 966 1708 ἀθυ-

179 1726 282 1762 μοῦντα
293 1726 320 1752 δὲ
340 1726 380 1762 τῷ
395 1728 451 1758 τοῖς
467 1727 621 1763 ἀνθρώποις
642 1726 800 1762 νομίζεσθαι
813 1727 964 1762 δυστυχεῖν,

177 1774 254 1808 ὀλίγα
275 1773 379 1809 γράψαι
401 1773 544 1807 διέγνωκα.
566 1773 714 1804 Λανθάνεις
729 1774 782 1809 γὰρ
807 1773 905 1800 σαυτὸν
918 1772 966 1800 ἐπὶ

176 1819 282 1851 τούτοις
303 1819 498 1854 δυσχεραίνωνς
515 1819 557 1854 ἐφ’
570 1817 609 1851 οἷς
629 1819 743 1854 ἥδεσθαι
760 1819 910 1855 προσῆκεν.
933 1818 964 1845 Εἰ

176 1867 230 1902 γὰρ
253 1867 302 1892 οὐκ
325 1865 507 1901 ἀμφιϐάλλεις
518 1886 524 1896 ,
539 1866 579 1892 ὃτι
595 1866 685 1900 μέγας
706 1874 747 1892 σοι
763 1865 870 1901 καρπὸς
888 1865 964 1892 ἔσται

176 1911 252 1946 παρὰ
266 1910 326 1946 Θεῷ
340 1910 390 1945 τῆς
413 1911 477 1946 περὶ
502 1909 552 1946 τὴν
572 1911 672 1946 ἀρετὴν
689 1910 806 1943 εὐνοίας,
828 1911 853 1937 τί
871 1919 900 1937 σε
915 1920 964 1937 τα-

178 1957 269 1993 ράττει
286 1957 302 1991 ἡ
319 1956 374 1982 τῶν
392 1955 544 1991 ἀνθρώπων
561 1956 682 1988 ὑπόνοια,
698 1957 781 1982 εἶκαὶ
799 1957 909 1992 δοίημεν
922 1956 965 1984 οὒ-

175 2010 228 2033 τως
254 2002 354 2033 αὐτοὺς
379 2001 558 2034 ὑποπτεύειν;
583 2001 644 2028 ’Ότι
667 2001 695 2028 δὲ
719 2001 791 2028 οὕτω
805 2003 962 2037 νομίζουσι,

175 2049 264 2084 ῥᾷστα
280 2048 366 2079 δεῖξαι
386 2048 564 2083 πειράσομαι.
579 2048 611 2074 EI
628 2047 682 2083 γὰρ
699 2048 745 2074 καὶ
760 2048 792 2074 σὺ
809 2048 889 2083 μόνος
908 2048 964 2074 τῶν

174 2094 276 2129 ἀρετὴν
291 2094 450 2129 ἠσκηκότων
466 2093 566 2120 τοιαῦτ’
587 2093 702 2127 ἔπαθες,
715 2092 749 2129 ἦν
765 2093 815 2129 μὲν
830 2094 889 2120 οὐδὲ
903 2094 964 2120 τότε

173 2138 278 2173 ἀληθὴς
299 2139 315 2174 ἡ
344 2138 465 2165 ὑπόνοια.
488 2138 562 2174 Πλὴν
579 2138 636 2165 ἀλλ’
662 2137 735 2174 εἶχον
755 2139 780 2165 oi.
800 2140 856 2170 τοῖς
871 2139 964 2170 καλοῖς

173 2184 390 2220 ἀπεχθανόμενοι
413 2183 493 2210 σκιὰν
507 2184 572 2218 γοῦν
588 2185 788 2220 ἀναισχυντίας.
805 2185 837 2211 Et
854 2184 881 2211 δὲ
901 2184 962 2210 οὔτε

173 2230 292 2266 πρῶτος,
307 2229 367 2256 οὗτε
381 2229 460 2265 μόνος
472 2229 610 2261 τοιαύταις
622 2232 776 2266 συμφοραῖς
788 2231 962 2266 περιέπεσες,

174 2275 242 2302 ἀλλὰ
258 2275 357 2306 πάντες
374 2275 466 2310 σχεδὸν
481 2276 506 2301 oi
528 2275 645 2311 ἄριστοι,
662 2276 691 2302 οὺ
709 2276 788 2310 μόνον
803 2276 879 2312 παρὰ
894 2277 962 2310 Χρι-

174 2323 302 2354 στιανοῖς,
318 2321 386 2354 ἀλλ’,
411 2322 435 2348 εί
452 2321 504 2357 χρὴ
521 2322 626 2353 πάντας
647 2322 814 2357 περιλαὸεῖν,
832 2322 879 2348 καὶ
899 2321 962 2348 σϐέ-

174 2374 221 2392 σαι
235 2375 281 2392 σου
297 2366 345 2400 τὴν
361 2366 490 2401 ἀθυμίαν,
507 2367 554 2393 καὶ
572 2367 636 2402 παρ’
657 2367 794 2398 Ἰουδαίοις
813 2367 897 2393 πάλαι
914 2367 963 2393 καὶ

175 2413 299 2447 Ἕλλησι,
314 2412 362 2439 καὶ
378 2412 537 2448 βαρϐάροις,
551 2413 576 2438 τί
598 2412 703 2445 ἀλύεις;
718 2413 749 2439 Εἰ
767 2414 821 2448 γὰρ
833 2413 964 2444 κάκεῖνοι,

173 2458 269 2493 ὥσπερ
284 2458 400 2493 ἀθληταὶ
415 2459 533 2491 γενναῖοι
554 2458 735 2490 τυπτόμενοι,
751 2459 798 2484 καὶ
813 2462 966 2493 τραυματι-

174 2504 296 2540 ζόμενοι,
309 2505 354 2530 καὶ
366 2505 464 2539 αἵμασι
477 2504 692 2539 καταρῤεόμενοι
703 2504 750 2530 καὶ⁷
763 2504 888 2535 θανάτοις
903 2505 966 2538 ὁμι-

173 2551 284 2582 λοῦντες
303 2550 466 2582 διετέλεσαν,
487 2551 514 2576 τί
539 2552 571 2577 σὺ
584 2552 617 2586 τῇ
638 2550 743 2586 ἀθυμίᾳ
764 2550 966 2582 καταὸλάπτεις

174 2598 286 2630 σαυτὸν,
303 2598 351 2623 καὶ
369 2599 456 2628 ποιεῖς
476 2598 522 2624 τὸν
546 2597 748 2632 ἀνταγωνιστὴν
775 2596 963 2631 ίσχυρότερον;

172 2643 280 2670 Ταυτδν
295 2643 350 2679 γὰρ
375 2645 460 2674 ποιεῖς
472 2664 479 2676 ,
494 2643 532 2674 ὡς
552 2643 585 2670 ἂν
605 2644 630 2669 εἰ
644 2643 753 2677 ἔλεγες,
769 2642 802 2669 δι’
825 2643 858 2678 ἣν
877 2641 966 2668 αἰτίαν

172 2688 271 2715 οὐδένα
286 2689 341 2715 τῶν
361 2688 466 2714 θεατῶν
491 2688 604 2724 πλήττει
627 2689 640 2714 ὁ
664 2688 885 2722 ἀνταγωνιστὴς,
908 2686 966 2714 ἀλλ’

172 2733 259 2761 αὐτὸν
272 2733 318 2760 τὸν
333 2734 568 2770 ἀπογραψάμενον
586 2734 632 2760 καὶ
647 2735 686 2766 είς
700 2735 730 2760 τὸ
744 2733 848 2760 στάδιον
862 2734 965 2766 εἰσφοι-

171 2781 316 2816 τήσαντα;
332 2781 378 2815 Μὴ
396 2781 485 2807 τοίνυν
506 2781 571 2807 ἄλυε
591 2780 706 2807 τοιαῦτα
726 2780 839 2814 πάσχων
854 2775 897 2804 οἷα
918 2778 967 2804 κὰ-

172 2827 271 2859 χεῖνοι,
291 2835 300 2852 t
314 2823 351 2852 ὧν
363 2826 413 2853 οὐκ
424 2824 457 2862 ἦν
470 2826 542 2858 ἄξιος
555 2827 569 2853 ὁ
582 2828 693 2862 κόσμοςο
711 2836 719 2852 ι
732 2825 790 2852 ἀλλ’
805 2823 964 2859 εὐφραίνου,

209 2905 220 2922 ⁷
237 2903 320 2932 Hebr.
342 2912 381 2934 xt.
393 2903 438 2931 58.

344 2949 481 2979 ιἈτιιυι..
504 2948 563 2978 Gtt.
591 2947 753 2977 LXXVIII.

1007 1586 1071 1619 'tias
1090 1596 1214 1627 oportet,
1241 1591 1370 1619 existimo
1397 1597 1422 1619 te
1446 1599 1526 1623 eunt,
1552 1591 1597 1626 qui
1625 1592 1731 1619 labores
1759 1600 1808 1626 pro

1017 1638 1119 1664 virtute
1137 1646 1197 1665 cum
1209 1638 1381 1672 jucunditate
1398 1638 1542 1668 sustineat,
1563 1638 1742 1672 opim-torque
1764 1638 1807 1664 in-

1017 1689 1111 1718 gentes
1126 1684 1187 1710 inde
1202 1685 1306 1710 l'ructus
1317 1683 1461 1711 exsistere.
1475 1682 1564 1711 Pauca
1584 1692 1648 1710 vero
1663 1684 1807 1718 scripsisse

1017 1729 1216 1760 animadverto,
1235 1729 1307 1762 quod
1331 1728 1423 1756 doleas
1438 1729 1572 1756 infelicem
1596 1734 1621 1755 te
1637 1729 1671 1755 ab
1689 1729 1808 1756 homini-

1016 1773 1066 1801 bus
1084 1773 1201 1800 censeri.
1226 1772 1322 1800 Nescis
1335 1773 1407 1800 enim
1427 1778 1452 1800 te
1476 1773 1509 1800 iis
1533 1773 1666 1807 indignari
1689 1781 1722 1800 ac
1743 1782 1806 1802 suc-

1017 1826 1140 1851 censere,
1159 1826 1208 1853 pro
1224 1819 1323 1853 quibus
1346 1827 1395 1853 par
1417 1824 1476 1845 erat
1494 1819 1587 1846 laetari.
1616 1819 1643 1846 Si
1661 1819 1732 1846 enim
1752 1827 1806 1847 non

1017 1864 1132 1896 dubitas,
1161 1864 1224 1898 quin
1251 1871 1299 1898 pro
1327 1865 1416 1891 studio
1444 1864 1554 1891 virtutis
1582 1872 1709 1899 magnum
1736 1866 1807 1899 apud

1016 1910 1100 1937 Deum
1122 1915 1147 1937 te
1163 1910 1304 1944 prmmium
1321 1914 1440 1942 matteat,
1462 1910 1559 1944 ecquid
1583 1910 1723 1937 hominum
1750 1915 1807 1938 lur-

1015 1955 1089 1983 baris
1103 1955 1276 1990 suspicione?
1291 1956 1347 1983 Etsi
1372 1957 1411 1983 sic
1428 1956 1551 1983 dedimus
1567 1956 1632 1990 ipsis
1651 1957 1806 1990 suspicandi

1016 2009 1122 2033 ansam,
1137 2001 1262 2036 quodque
1288 2001 1323 2027 ita
1351 2001 1479 2032 sentiant,
1498 2001 1627 2028 facillime
1651 2005 1804 2028 ostendam.

1017 2048 1044 2075 Si
1060 2048 1132 2074 enim
1155 2047 1204 2074 soli
1226 2047 1274 2074 tibi
1292 2052 1397 2078 eorum,
1421 2047 1466 2081 qui
1483 2047 1576 2074 virtuti
1602 2047 1666 2073 dant
1683 2055 1805 2081 cperant,

1015 2093 1041 2120 id
1065 2093 1172 2124 accidit,
1202 2100 1254 2119 non
1280 2092 1361 2119 fuerit
1381 2099 1444 2119 vera
1469 2092 1528 2119 haec
1549 2093 1680 2126 suspicio.
1702 2091 1804 2119 Verum

1016 2139 1158 2166 habuerint
1181 2138 1354 2172 impudentia:
1369 2138 1503 2170 umbram,
1522 2138 1566 2172 qui
1584 2138 1663 2164 rebus
1684 2138 1806 2165 honestis

1016 2185 1137 2212 invident
1152 2195 1158 2211 :
1176 2192 1229 2210 non
1254 2187 1342 2210 tamen
1366 2183 1469 2217 primus
1494 2191 1580 2217 neque
1598 2183 1673 2218 solus
1699 2183 1725 2209 in
1755 2183 1805 2210 has

1017 2230 1136 2258 incidisti
1161 2229 1348 2260 calamitates.
1376 2229 1422 2255 sed
1448 2229 1567 2263 optimus
1583 2228 1669 2255 ferme
1691 2229 1806 2263 quisque

1019 2284 1070 2303 non
1093 2276 1172 2302 modo
1190 2275 1260 2309 apud
1277 2274 1457 2306 Christianos,
1477 2273 1523 2300 sed
1541 2273 1575 2309 (si
1596 2274 1738 2308 complecti
1765 2273 1806 2300 fas

1018 2327 1060 2349 est
1076 2329 1171 2348 omnes
1187 2326 1292 2355 gentes,
1314 2325 1342 2346 et
1362 2320 1419 2346 lucc
1443 2320 1489 2346 tibi
1511 2319 1594 2346 animi
1621 2321 1806 2347 consternatio

1018 2371 1060 2392 est
1073 2365 1223 2399 eripienda)
1240 2365 1309 2398 apud
1324 2363 1432 2391 Judaaos
1447 2364 1510 2391 olim
1527 2370 1554 2391 et
1568 2365 1681 2399 gentiles
1697 2373 1727 2392 ac
1741 2366 1806 2392 bar-

1016 2411 1107 2443 baros,
1123 2411 1278 2438 inciderunt
1298 2411 1384 2437 multi.
1401 2410 1438 2438 Ut
1458 2411 1521 2445 quid
1540 2418 1605 2445 ergo
1617 2412 1807 2438 contristaris?

1018 2455 1046 2483 Si
1063 2456 1136 2483 enim
1152 2456 1188 2482 illi
1208 2461 1336 2490 tanquam
1355 2455 1462 2482 athleta:
1479 2457 1603 2490 generosi
1620 2457 1704 2491 plagis
1720 2457 1805 2490 impo-

1017 2501 1077 2528 sitis
1089 2507 1116 2528 et
1132 2501 1275 2534 vnlnetali,
1291 2501 1475 2535 sanguinequ
1491 2502 1612 2536 profuso,
1625 2503 1705 2528 etiam
1718 2500 1806 2528 morte

1018 2555 1071 2574 una
1087 2548 1282 2579 occubuerunt,
1299 2552 1326 2574 tu
1346 2547 1409 2581 quid
1429 2548 1536 2574 interim
1552 2548 1633 2573 animi
1655 2547 1805 2581 abjectione

1019 2600 1044 2620 te
1066 2594 1122 2628 ipse
1150 2593 1236 2625 lzedis,
1264 2593 1410 2628 reddisque
1433 2593 1618 2619 adversarium
1644 2592 1807 2618 fortiorem?

1017 2638 1088 2665 ldum
1104 2639 1175 2666 enim
1195 2638 1260 2665 facis
1281 2645 1312 2664 ac
1333 2639 1354 2664 si
1371 2638 1476 2664 diceres
1497 2647 1503 2664 :
1520 2637 1573 2664 Cur
1595 2637 1727 2664 neminem
1746 2644 1807 2670 spe-

1017 2686 1148 2712 ctantium
1169 2684 1339 2711 adversarius
1354 2683 1489 2714 vulnerat,
1508 2683 1553 2709 sed
1579 2683 1666 2716 ipsum
1690 2686 1806 2713 tantum,

1017 2731 1062 2765 qui
1081 2738 1178 2758 nomen
1194 2730 1309 2761 dederit,
1328 2734 1409 2764 atque
1424 2729 1449 2755 in
1470 2728 1586 2755 stadium
1602 2726 1807 2761 prodeal?Tri-

1017 2777 1083 2803 stari
1099 2777 1198 2809 itaque
1213 2783 1288 2807 cave,
1307 2782 1337 2802 ca
1356 2775 1460 2809 patiens
1479 2780 1538 2806 qua:
1553 2773 1671 2806 perpessi
1691 2777 1753 2799 sunt
1776 2772 1805 2803 ii,

1020 2831 1029 2848 ι
1049 2822 1146 2857 quibus
1160 2821 1257 2856 dignus
1280 2828 1334 2847 non
1354 2825 1413 2847 erat
1439 2819 1553 2845 mundus
1565 2818 1593 2850 ";
1611 2827 1620 2843 ι
1638 2817 1702 2851 quin
1718 2816 1809 2852 potius

1594 2941 1631 2971 43
