2049 3164
194 179 260 214 1361

657 178 927 210 EPISTOLARUM
952 179 1023 208 LIB.
1044 179 1078 209 ν,
1100 192 1132 196 --
1150 179 1268 210 EPIST.
1289 180 1349 210 LX-

1746 174 1813 207 1362

188 246 240 274 της
257 234 286 264 εὖ
309 235 416 272 φρονῶν
430 236 517 262 ἕλοιτο
533 231 602 261 εἶναι
621 235 749 271 ἐραστὴς,
767 236 814 270 τῆς
832 234 972 261 κάνταῦθα

1030 235 1096 261 modi
1120 235 1177 262 vitii
1204 236 1336 263 sustineat
1361 243 1420 263 esse
1447 234 1569 263 amator?
1594 232 1663 268 quod
1699 238 1726 260 et
1759 239 1812 259 nou

189 284 229 318 τῷ
246 282 283 318 μὴ
298 281 476 318 κορέννυσθαι
493 280 661 316 κολαζούσης
673 281 719 308 τὺν
735 281 843 314 ἁλόντα,
859 281 971 308 κάκεῖσε

190 329 230 361 είς
243 329 274 355 τὸ
286 327 418 355 ἄσῦεστον
433 327 490 363 πῦρ
507 327 746 362 παραπεμπούσης
758 335 765 359 ;

432 428 502 461 Nq'.
517 441 552 448 -
569 426 728 462 ΔυΜΕΤῐῼ.

1027 279 1158 314 explendo
1170 287 1248 312 quem
1264 281 1345 307 semel
1358 281 1470 316 ceperit,
1485 282 1523 308 sic
1537 280 1638 316 puniat,
1655 282 1683 305 ut
1696 281 1722 304 et
1735 280 1814 304 σείει·-

1028 325 1071 351 nis
1103 323 1250 352 inferorum
1280 325 1402 360 ignibus,
1429 328 1473 360 qni
1504 326 1636 360 exstingui
1667 326 1811 356 nequeant.

1028 368 1144 395 addicat.

1271 425 1336 453 LVI.
1363 442 1399 447 -—
1419 426 1568 456 DOMITIO.

737 480 813 507 Beati
828 479 874 514 qui
893 480 1097 513 persecutionem
1113 480 1262 513 patiuntur.

225 543 262 571 Οὐ
279 543 327 569 τὸν
342 542 432 577 πάντη
444 541 498 568 τῶν
511 541 644 568 εἰωθότων
655 540 711 571 τοῖς
725 539 880 574 ἀνθρώποις
894 537 971 563 ἀνια-

192 591 246 625 ρῶν
264 588 423 624 συμϐαίνειν
443 587 600 622 ἀπείρατον,
627 586 759 621 μακάριον
776 582 845 611 εἶναι
865 583 889 610 οἱ
908 583 974 609 πολ-

189 636 230 662 λιὶ
244 635 385 670 νομίξουσι
406 633 497 669 (τοῦτο
515 633 570 668 γὰρ
593 632 748 666 ἀδύνατον),
766 630 835 658 ἀλλὰ
857 630 903 656 τὴν
923 629 976 655 ὀλί-

190 691 246 716 γων
262 680 459 716 μετεσχηκότα.
482 680 531 706 Διὰ
556 679 611 714 γὰρ
639 679 741 714 πλῆθος
763 676 920 712 συμφορῶν,
946 675 973 701 αἳ

189 729 253 759 τοὺς
280 727 423 758 πλείστους
448 726 667 757 καταελύζουσι,
690 725 824 759 μακάριον
848 722 894 749 τὸν
921 721 974 747 ὀλί-

189 783 247 808 γοις
271 773 326 809 (75)
351 772 592 807 προσομιλήσαντα
616 768 685 796 εἶναι
707 769 851 805 ὁρίζονται.
878 767 974 801 Ἡμεῖς

190 819 220 844 δὲ
238 818 283 845 καὶ
310 817 356 844 τὸν
380 817 466 842 πολλὰ
494 816 541 851 μὲν
561 815 624 850 τῇδε
648 813 820 845 πεπονθότα,
843 811 974 846 γενναίως

189 865 218 890 δὲ
240 862 383 898 ἑνηνοχότα
394 882 402 894 ,
417 861 464 888 τοῦ
481 861 560 894 ὀλίγα
577 860 742 890 πεπονθότος
760 858 860 894 μᾶλλον
884 864 974 892 μακα-

1062 539 1177 567 Fclicem
1195 541 1304 574 quidam
1329 541 1487 568 existimant
1514 549 1565 568 non
1592 550 1663 574 eum,
1679 544 1724 577 qtti
1749 543 1820 570 niltil’

1029 585 1227 617 molestiarum,
1250 585 1348 619 quibus
1369 586 1522 612 mortalium
1541 587 1656 613 obnoxia
1685 587 1739 614 vita
1761 593 1813 618 est,

1029 631 1114 658 sensit
1127 639 1245 670 unquam
1268 632 1304 667 (id
1319 632 1390 659 enim
1416 632 1474 660 ﬁeri
1499 640 1551 659 non
1567 633 1677 667 potest),
1705 633 1751 659 sed
1768 633 1812 666 qui

1029 683 1109 710 quant
1126 677 1245 703 minimis
1260 681 1372 711 urgetur
1389 677 1477 704 malis.
1492 677 1680 704 Calamitatum
1695 676 1765 704 enim
1780 677 1814 703 ob

1027 723 1142 757 copiam,
1163 722 1261 758 quibus
1273 722 1393 757 plerique
1412 722 1611 753 circumﬂuunt.
1634 723 1740 749 beatum
1754 729 1815 755 pro-

1029 768 1165 800 nuntiant,
1182 768 1226 802 qui
1246 768 1416 802 paucissimis
1435 768 1552 796 laeditur.
1579 768 1632 795 Nos
1647 775 1711 794 vero
1725 766 1815 802 [(Iltri-

1027 813 1118 848 stiani]
1133 817 1160 839 et
1176 813 1258 840 multa
1273 813 1381 848 quidem
1400 822 1569 849 perpessum,
1595 812 1704 840 excelso
1725 817 1817 839 tamen

1029 859 1120 886 animo
1132 859 1302 892 tolerantem,
1317 860 1397 894 longe
1410 859 1692 889 ducimusfelicioreut
1711 867 1754 891 eo,
1768 859 1816 893 qui

191 908 311 944 ρ’ζομεν·
326 909 368 935 ὅτι
385 907 451 941 πρὸς
475 906 508 933 τὰ
532 905 710 939 παλαίσματα
731 905 777 930 καὶ
793 905 818 930 οἱ
841 903 968 937 στέφανοι

1030 903 1125 930 nodica
1140 903 1289 937 pertulerit.
1308 904 1373 930 Nam
1396 908 1422 931 et
1441 904 1563 931 luctaturi
1583 911 1688 930 coronae
1703 911 1735 931 ex
1756 911 1814 930 me-

191 955 349 987 πλέκονται,
366 953 481 984 καὶτοῖς
498 951 589 982 ἄθλοις
603 950 637 977 τὰ
655 949 759 976 ἔπαθλα
772 948 923 975 ἀκολουθεῖ.

332 1009 393 1037 ΝΖ⁹.
411 1025 447 1030 -
462 1008 585 1043 ΖΩΣΙΜῼ
600 1007 834 1042 ΠΡΕΣΒΥΤΕΡῼ.

1028 948 1079 975 rito
1091 947 1248 980 obvcniunt,
1262 953 1287 975 et
1301 954 1438 976 certantes
1456 957 1503 976 sua
1517 949 1627 984 praemia
1640 949 1812 975 comitantur.

1097 1003 1174 1038 571
1200 1003 1277 1030 LVII.
1299 1018 1335 1023 —
1355 1003 1482 1031 ZOSlMO
1507 1003 1744 1031 PRESBYTERO.

770 1065 791 1091 Α
810 1066 882 1092 vitiis
898 1064 1055 1090 dehortatur
1068 1067 1091 1089 et
1107 1063 1232 1096 nequitia.

225 1127 330 1163 Κηλίδα
341 1147 349 1160 ,
366 1126 414 1153 καὶ
433 1126 540 1162 μίασμα
551 1146 558 1159 ,
575 1126 624 1152 καὶ
636 1125 714 1159 ἄγος,
734 1125 782 1150 καὶ⁸
799 1124 824 1150 τί
845 1123 900 1158 γὰρ
913 1123 973 1158 οὐχὶ

189 1175 244 1201 τῶν
266 1173 406 1208 προδήλων
425 1171 548 1207 οιίσχρῶν
575 1170 754 1206 ὀνομάζοντές
782 1169 812 1195 σέ
835 1177 924 1200 τινες,
952 1166 974 1194 ὢ

191 1220 298 1255 σχέτλιε
321 1219 447 1254 Ζώσιμε,
463 1218 616 1254 περιίασιν;
637 1216 683 1248 οὒς
707 1215 768 1242 οὔτε
788 1215 893 1250 καιρὸς,
914 1214 974 1241 οὔτε

189 1265 220 1291 τδ
234 1263 322 1295 πάθος
342 1263 516 1297 ἐπιστομίσαι
531 1262 656 1294 δύναται,
676 1261 784 1287 πάντων
805 1259 975 1295 μαρτυρούν-

188 1318 243 1336 των
258 1309 311 1336 τῶν
329 1309 482 1336 ἀκουόντων
493 1327 500 1340 ,
516 1307 554 1339 ὡς
567 1308 645 1341 ὀλίγα
659 1307 720 1333 ἀντὶ
736 1305 851 1337 πολλῶν,
869 1306 916 1332 καὶ
933 1314 976 1331 σε-

191 1355 245 1391 μνὰ
268 1355 329 1382 ἀντὶ
351 1354 472 1390 αἰσχρῶν
491 1353 635 1389 φράζουσι.
656 1353 756 1379 Σκόπει
779 1351 879 1384 τοίνυν,
901 1352 975 1383 ὅπως

189 1402 299 1433 τούτους
308 1400 499 1436 ἐπιστομίσῃςο
511 1399 696 1434 ὲπιστομίσεις
710 1397 748 1430 δὲ,
764 1398 787 1424 εί
802 1397 915 1424 παύσοιο
925 1398 974 1432 τῆς

189 1444 338 1480 ἀκορέστου
356 1444 500 1480 ῥᾳθυμίας.

349 1501 415 1527 ΝΗ’.
433 1515 467 1520 -
480 1499 642 1536 ΕΠΙΦᾹΝΙῼ
656 1500 816 1535 ΔΙΑΚΟΝῼ.

1061 1121 1203 1154 Probrum,
1223 1121 1356 1156 piaculum
1372 1129 1403 1150 ac
1417 1123 1514 1154 scelus.
1529 1127 1555 1150 et
1570 1123 1632 1157 quid
1652 1129 1704 1150 non
1722 1127 1816 1150 contu-

1026 1169 1128 1196 meliosi
1145 1169 1261 1196 nominis
1274 1169 1332 1200 tibi,
1345 1176 1360 1196 ο
1376 1170 1458 1197 miser
1483 1170 1599 1202 ZOsime,
1614 1170 1734 1204 quidam,
1752 1170 1814 1195 dum

1027 1216 1168 1248 accedunt,
1187 1215 1347 1249 imponunt?
1361 1223 1475 1250 quorum
1499 1223 1585 1250 nequc
1599 1220 1714 1249 tempus,
1731 1221 1817 1249 ncqm:

1027 1263 1122 1297 pathos
1133 1262 1262 1289 obturare
1275 1270 1306 1290 os
1323 1254 1415 1296 queat.
1438 1262 1654 1290 contestantibus
1679 1261 1814 1291 omnibus,

1029 1309 1073 1342 qui
1092 1309 1216 1340 audiunt,
1234 1313 1262 1335 ut
1276 1315 1361 1343 pauca
1383 1308 1486 1341 multis,
1497 1308 1589 1342 gravia
1606 1307 1727 1342 turpibus
1742 1313 1818 1341 repo-

1029 1358 1103 1380 nant.
1117 1353 1207 1386 Quare
1219 1354 1290 1387 vide,
1314 1362 1366 1389 qua
1381 1354 1485 1380 ratione
1500 1353 1635 1380 silentium
1654 1353 1707 1379 illis
1728 1352 1816 1386 impo-

1029 1406 1088 1426 nas.
1107 1399 1230 1434 lmpones
1243 1404 1332 1426 autem
1356 1399 1378 1426 si
1402 1399 1435 1426 ab
1452 1398 1600 1425 insatiabili
1625 1398 1676 1424 hac
1698 1396 1817 1431 nequitia

1028 1444 1158 1472 cessabis.

1164 1501 1254 1529 LVIII.
1271 1517 1306 1522 —
1321 1501 1502 1530 EI‘IPIIAMO
1516 1499 1672 1529 DIACONO.

696 1558 760 1594 Spes
774 1560 835 1585 vita:
848 1559 974 1586 anc/rora.
993 1559 1103 1596 (Confer
1115 1569 1157 1596 ep.
1172 1561 1206 1588 50
1225 1566 1249 1588 et
1265 1561 1340 1597 271.)

231 1621 263 1647 Ἥ
283 1620 322 1652 εἰς
340 1619 389 1654 τὴν
404 1619 510 1654 ἄμαχον
531 1617 579 1644 τοῦ
599 1617 633 1644 τὰ
648 1617 737 1644 πάντα
757 1617 923 1649 οἰακίζοντος
939 1618 977 1644 δε-

1069 1619 1146 1654 Spes,
1168 1627 1227 1654 quae
1243 1624 1284 1647 est
1298 1620 1330 1647 ad
1355 1619 1482 1647 invictam
1496 1619 1635 1646 dexteram
1652 1622 1747 1645 cuncta
1767 1625 1817 1652 gu-

192 1666 250 1700 ξιὰν
264 1666 350 1696 ἐλπὶς,
368 1665 397 1690 οὺ
414 1664 494 1698 μόνον
508 1663 558 1698 τὴν
574 1662 628 1689 τῶν
645 1662 796 1697 μελλόντων
811 1662 899 1688 estw
911 1663 977 1689 ἁπό-

191 1711 295 1740 λαυσιν,
311 1708 378 1736 ἀλλὰ
393 1709 439 1735 καὶ
458 1709 520 1739 τοὺς
535 1707 673 1743 παρόντας
686 1707 854 1741 ἐπικουφίζει
870 1709 976 1740 πόνους.

197 1755 276 1788 Ῥᾷον
293 1755 350 1789 γάρ
369 1762 412 1785 τις
427 1753 505 1788 φέρει
525 1753 588 1784 τοὺς
605 1752 703 1784 ἄθλους
721 1754 753 1787 τῇ
770 1752 824 1779 τῶν
842 1753 979 1787 στεφάνων

192 1800 281 1826 ἑλπίδι
299 1799 494 1835 πτερούμενος.
515 1799 545 1825 ΕΞ
567 1798 657 1824 τοίνυν
675 1797 817 1824 κάνταῦθα
833 1799 899 1832 ἡμῖν
919 1806 981 1824 συν-

193 1845 354 1880 αγωνίζεται
375 1845 424 1871 καὶ
446 1845 594 1880 συμμαχεῖ,
618 1844 729 1870 κάκεῖσε
743 1844 885 1878 στεφάνοις
907 1845 980 1879 ἡμᾶς

193 1892 292 1926 κοσμεῖ
304 1891 351 1917 καὶ
367 1890 509 1926 φαιδρύνει
521 1911 527 1921 ,
545 1891 592 1916 καὶ
606 1890 795 1922 ᾀποὸλέπτους
816 1890 881 1925 παρ’
898 1890 982 1924 ἀγγέ-

194 1936 249 1966 λοις
263 1935 311 1962 καὶ
325 1936 478 1971 ἀνθρώποις
497 1936 664 1970 καθίστησι,
683 1935 786 1971 ταύτην
810 1935 981 1971 περιπτυξώ-

196 1980 277 2015 pelia,
291 1981 340 2008 καὶ
351 1982 475 2008 σύνοικον
493 1981 600 2017 ἔχωμεν
614 1982 660 2008 καὶ
676 1981 873 2016 ὁμοτράπεζον.

343 2037 406 2065 ΝΘ’.
421 2052 455 2058 —-
467 2037 568 2064 ΘΕΩΝΙ
589 2037 824 2073 ΠΡΕΣΒΥΤΕΡῼ.

1031 1665 1183 1697 beruantis,
1204 1673 1257 1692 non
1271 1665 1359 1692 solum
1377 1665 1403 1692 in
1422 1665 1541 1692 futurum
1555 1665 1627 1699 parit
1644 1664 1819 1698 voluptatein,

1031 1711 1077 1738 sed
1091 1715 1118 1737 et
1131 1711 1272 1744 praesentis
1291 1711 1352 1738 vitae
1371 1710 1492 1738 sublevat
1513 1711 1627 1738 labores.
1642 1709 1732 1736 Facile
1747 1709 1819 1735 cuitu

1032 1757 1092 1791 quis
1116 1757 1293 1783 certaminum
1312 1756 1417 1783 labores
1441 1755 1567 1789 sustinet,
1587 1755 1631 1789 qui
1659 1761 1818 1782 coronarum

1031 1809 1063 1828 ac
1080 1801 1252 1835 prtetniorum
1268 1809 1316 1836 spe
1330 1802 1435 1829 nititur.
1450 1802 1478 1829 Si
1499 1802 1556 1828 lizec
1571 1801 1662 1835 itaque
1678 1799 1819 1826 nobiscttm

1031 1847 1076 1873 hic
1091 1851 1176 1873 certat
1191 1851 1217 1873 et
1232 1851 1343 1881 pugnat,
1356 1847 1393 1874 ibi
1413 1854 1477 1873 vero
1489 1846 1596 1873 coronis
1609 1849 1724 1871 exornat
1738 1848 1819 1877 atque

1032 1892 1174 1924 exhilarat,
1199 1892 1423 1926 venerandosque
1448 1892 1550 1927 angelis
1566 1895 1646 1925 atque
1667 1889 1822 1916 hominibus

1031 1945 1080 1965 nos
1094 1938 1250 1971 constituat,
1273 1938 1341 1966 hanc
1354 1937 1565 1973 complectantur
1580 1941 1607 1964 ct
1627 1942 1718 1963 mensa
1733 1939 1818 1961 tecto-

1031 1991 1083 2018 qtte
1097 1983 1274 2018 excipiamus.

1163 2040 1230 2068 LIX.
1244 2057 1280 2062 —
1298 2040 1428 2069 TIIEONI
1451 2038 1690 2068 PRESBYTEBO.

654 2097 781 2130 Asperius
799 2097 865 2124 nihil
881 2102 917 2124 est
933 2098 1028 2126 ltumili
1045 2108 1103 2128 cum
1123 2102 1206 2136 surgit
1223 2101 1250 2128 in
1266 2101 1360 2128 altum.

231 2155 276 2191 Μὴ
290 2154 350 2182 λίαν
368 2155 536 2189 ὲκπλήττου,
561 2154 628 2189 μηδὲ
649 2154 790 2190 Θαύμαζε,
815 2157 840 2182 εί
861 2156 985 2192 Ζὼσιμος

195 2201 250 2228 ἀπὸ
262 2201 416 2235 οἰκετικῆς,
434 2201 471 2232 ὡς
494 2201 563 2236 φὴς,
586 2201 663 2236 ῥίζης
683 2201 844 2237 ὁρμώμενος
857 2204 985 2238 ιρανητιίξῖ¹

1073 2158 1130 2186 Noli
1142 2159 1250 2194 percelli
1269 2164 1315 2187 aut
1330 2159 1471 2191 admirari,
1496 2158 1519 2186 si
1537 2157 1660 2185 Zosimus
1683 2155 1768 2190 stirpe
1792 2163 1822 2182 se

1031 2205 1148 2240 jaclans,
1165 2209 1194 2232 ut
1212 2206 1320 2237 scribis.
1336 2209 1363 2233 et
1387 2205 1487 2239 aliquis
1507 2203 1591 2230 videri
1611 2203 1733 2237 cupiens,
1755 2202 1821 2228 nihil

195 2248 243 2273 καὶ
257 2247 367 2281 μέτριον
387 2247 466 2273 οὐδὲν
482 2248 585 2281 φρονεῖ.
600 2247 686 2273 Εἵωθε
699 2247 781 2282 γὰρὴ
803 2249 866 2283 παρ’
886 2248 977 2276 ἐλπίδα

1035 2251 1122 2285 sapiat
1138 2251 1281 2278 moderari.
1297 2251 1361 2283 Quae
1375 2251 1446 2277 enim
1461 2250 1597 2283 insperata
1614 2248 1713 2276 accidit
1734 2247 1822 2275 felici-

197 2292 331 2327 εὑημερία
346 2292 408 2323 τοὺς
424 2292 633 2326 ἀνοηταίνοντας
647 2292 714 2327 πρὸς
729 2292 808 2327 ὓϐριν
826 2293 946 2328 τρέπειν,

386 2349 425 2375 Ξ’,
442 2364 476 2369 ——
489 2348 604 2376 IEPAKI
621 2349 780 2385 ΔΙΛΚΟΝῼ,

1038 2300 1089 2328 tas,
1106 2304 1136 2324 ea
1153 2296 1344 2323 contumeliam
1363 2296 1419 2322 fere
1437 2295 1558 2321 attrahit.

1203 2352 1260 2381 LX.
1280 2368 1315 2374 -—
1343 2351 1480 2379 IIIERACI
1497 2350 1655 2379 DIACONO.

853 2408 929 2434 Amat
946 2408 1052 2435 victoria
1067 2415 1167 2436 curam.

235 2452 341 2487 Σφόδρα
356 2451 507 2487 ἀπατῶμεν
522 2452 646 2483 ἑαυτοὺς,
662 2452 709 2478 καὶ
722 2451 961 2486 παραλογιζόμεθα
973 2473 982 2484 ,

199 2499 223 2524 εἰ
249 2498 332 2533 μηδὲν
357 2497 524 2532 πράττοντες
549 2494 586 2524 ὧν
609 2498 744 2532 προσήκει
766 2497 897 2532 πράττειν
920 2498 983 2530 τοὺς

198 2545 276 2578 νικᾷν
298 2543 495 2578 βουλομένους,
516 2543 570 2570 τῶν
589 2545 678 2570 πάντα
701 2543 874 2579 πραττόντων
895 2544 951 2578 (τί)
967 2544 985 2571 δι

199 2589 252 2624 χρὴ
266 2589 396 2624 πράττειν
410 2589 473 2620 τοὺς
487 2589 608 2623 νικήσειν
626 2588 771 2623 μέλλοντας
782 2610 788 2621 ,
811 2589 984 2625 περιέσεσθαι

200 2634 405 2669 προσδοκῶμεν.
423 2635 528 2661 Ταυτδν
540 2634 594 2669 γάρ
612 2635 670 2660 ἐστι
681 2655 689 2667 ,
710 2634 740 2661 τὺ
754 2635 874 2666 καὶτοὺς
886 2635 985 2662 καθεύ-

199 2678 293 2711 δοντας
310 2679 356 2706 καὶ
372 2680 520 2715 ῥέγχοντας
536 2679 589 2706 τῶν
599 2680 787 2715 ἐγρηγορότων
801 2681 847 2706 καὶ
862 2680 979 2706 σπουδα-

1074 2453 1156 2480 Valde
1182 2453 1363 2488 nosmetipsos
1388 2453 1547 2487 decipimus,
1575 2453 1694 2487 falsaque
1723 2452 1823 2479 utimuI:

1037 2498 1256 2532 ratiocinatione,
1288 2499 1311 2526 si
1335 2499 1402 2526 nihil
1420 2503 1529 2533 agentcs
1550 2506 1653 2530 eorum,
1670 2506 1730 2533 quae
1745 2498 1823 2524 decet

1038 2552 1129 2579 agere,
1143 2545 1188 2578 qui
1216 2544 1324 2571 vincere
1344 2545 1499 2577 contendat,
1519 2544 1673 2578 superiores
1693 2550 1741 2569 nos
1763 2542 1821 2570 foro

1038 2597 1180 2624 speramus
1194 2590 1240 2621 iis.
1254 2590 1298 2623 qui
1315 2590 1380 2616 nihil
1397 2597 1448 2616 non
1465 2595 1547 2624 agunt
1567 2596 1659 2617 eorum
1680 2595 1739 2620 quae
1757 2595 1822 2614 cott-

1039 2636 1112 2663 venit
1124 2636 1241 2662 victores
1256 2643 1335 2670 agerc
1360 2643 1390 2662 ac
1408 2635 1473 2669 pati.
1489 2635 1544 2661 lloc
1564 2635 1634 2661 enim
1651 2632 1763 2667 perinde
1776 2632 1822 2666 sit,

1035 2686 1115 2716 atque
1132 2681 1297 2708 dormientes
1313 2685 1511 2714 stertentesque
1528 2678 1701 2713 vigilantibus
1717 2684 1749 2704 ac
1765 2680 1822 2704 sat-

749 2767 868 2794 VARIAE
889 2766 1080 2795 LECTIONES
1099 2768 1143 2796 ET
1162 2767 1278 2796 ΝΟΤᾸΞ.

313 2845 433 2887 ριετφιε
446 2847 541 2878 codex,
552 2846 658 2887 ὀλίγων.
675 2846 778 2887 Possm.

239 2882 294 2913 (74)
316 2881 367 2908 I‘rn
382 2881 470 2907 πάντα
480 2881 654 2914 πραττόντων
666 2881 742 2908 codd.
762 2881 818 2907 Vat.
836 2881 886 2908 αδδ)
901 2886 925 2908 et
937 2881 989 2907 Alt.

1044 2846 1133 2882 legunt
1144 2846 1207 2878 τοὺς
1225 2846 1312 2873 πάντα
1326 2843 1502 2880 πράττοντας.
1523 2843 1560 2871 In.
