2049 3164
168 169 236 204 i365

591 175 859 207 EPISTOLARUM
877 178 951 210 LIB.
972 178 1006 210 V.
1021 191 1054 197 -
1071 179 1191 209 EPIST.
1213 178 1330 210 LXVII.

1726 181 1797 212 1366

168 228 310 264 πολεμίῳ,
338 229 405 264 μηδὲ
422 229 454 256 τὰ
476 230 623 266 σπέρματα
649 232 799 268 δεχομένῳ.
817 233 849 260 Εἰ
869 233 957 260 τοίνυν

1010 242 1078 269 opus
1097 235 1149 269 est)
1166 234 1190 262 ei
1206 234 1252 269 qui
1269 234 1339 262 hosti
1355 241 1407 261 non
1423 234 1511 269 aperit
1531 239 1634 269 portas,
1649 235 1688 262 vel
1704 241 1798 263 auctor

166 273 226 307 ἐξὸν
239 274 323 310 χωρὶς
345 274 508 310 συμπλοκῆς
526 276 624 311 στῆσαι
645 276 676 304 τὸ
692 279 832 314 τρόπαιον,
848 280 874 305 τε
888 280 957 314 πρά-

165 327 257 354 γματα
277 319 369 354 σαυτῷ
390 320 520 355 παρέχεις
542 322 672 357 περιττά;
702 324 737 350 Οὺ
755 325 808 359 γὰρ
830 325 957 357 τοσοῦτος

166 364 246 401 ἱδρὼς
266 365 409 400 συμϐαίνει
428 366 507 401 ἐντῷ
526 367 562 402 μὴ
574 368 640 402 όρᾷν
653 387 660 399 ,
675 368 736 400 ὅσος
753 370 781 395 ὲν
799 370 837 404 τῷ
851 370 957 405 ὁρῶντα

165 412 302 447 κρατῆσαι
315 420 321 426 ·
346 411 447 447 μᾶλλον
468 412 496 438 δὲ
509 413 569 439 οὐδὲ
592 414 673 445 πόνος
686 414 717 440 τὸ
735 415 879 451 πρότερον.
899 417 957 443 ἀλλ’

164 457 179 482 δ
193 456 274 487 πολὺς
293 456 390 491 μόχθος
407 457 476 492 μετὰ
492 457 541 493 τὴν
557 457 620 484 Θέαν
633 458 831 493 φύεται.’⁷οταν
846 459 894 487 οὖν
909 461 956 487 καὶ

167 502 198 529 τὸ
213 502 305 537 κέρδος
319 502 447 537 μέγιστον
461 501 488 539 ᾖ,
505 503 551 529 καὶ
563 504 576 530 ὁ
599 504 678 536 πόνος
693 505 800 541 μικρὸς.
814 507 840 532 τί
858 507 957 534 σαυτὴν

166 548 309 583 ἐμϐάλλεις
340 549 396 584 (76)
418 550 457 581 είς
473 549 504 575 τὸ
522 550 706 582 ἁδιεξόδευτον
733 552 783 586 τῆς
810 553 958 588 ἐπιθυμίας

166 594 299 627 πέλαγος
312 594 342 620 οὐ
354 593 409 628 γὰρ
424 595 618 631 εὐχερέστερον
640 595 719 631 μόνον
730 596 744 622 ὁ
760 596 797 632 μὴ
810 596 956 632 θεώμενος,

166 638 234 665 ἀλλά
244 639 290 666 καὶ
301 639 494 674 καθαρώτερον
510 641 664 676 περιέσται.
673 642 777 676 Ὠσπερ
787 642 841 677 γὰρ
859 643 873 669 ὁ
884 643 954 678 ὀρῶν

168 684 238 720 μετὰ
256 685 337 711 πόνου
352 685 474 717 πλείονος
489 686 536 712 καὶ
557 687 664 722 κηλῖδος
675 687 893 721 ἀπαλλάττεται,
907 689 954 716 ἐὰν

168 729 224 766 ἄρα
239 730 383 767 ἀπαλλαγῇ
395 739 401 746 ·
418 731 505 764 οὕτως
522 732 536 758 ὁ
551 732 589 767 μὴ
611 732 672 760 ἰδὼν
688 733 735 759 καὶ
748 733 797 768 τῆς
807 733 955 770 ἐπιθυμίας

168 776 228 802 ἐστὶ
240 775 370 812 καθαρός.

299 876 367 911 Eq’.
386 893 421 898 —
442 879 564 915 ΟΦΕΛΙῼ
581 879 821 916 ΓΡΑΜΜΑΤΙΚῼ.

1011 287 1066 307 non
1080 284 1122 307 est
1140 280 1265 308 movendi
1278 280 1354 308 belli.
1370 280 1398 307 Si
1415 281 1498 316 igitur
1509 281 1589 309 liceat
1602 281 1660 309 sine
1670 281 1797 310 conﬂictu

1011 331 1142 360 troprcum
1160 330 1290 358 statuere,
1303 326 1367 360 quid
1391 333 1608 360 superracaneos
1630 328 1745 362 suscipis
1758 328 1798 355 la-

1008 371 1109 399 bores?
1125 371 1181 398 Non
1198 371 1269 408 enim
1287 375 1375 398 lautus
1390 372 1465 398 labor
1481 377 1522 399 est
1541 381 1593 400 non
1611 373 1727 401 videndo
1741 373 1799 401 lor-

1009 425 1092 448 mam,
1112 420 1229 451 quantus
1249 416 1298 448 illi,
1319 417 1346 443 in
1370 418 1533 451 superando,
1556 417 1603 452 qui
1627 419 1718 452 videt;
1742 419 1804 445 imor

1009 462 1035 489 in
1055 463 1144 496 priore
1162 461 1240 488 labor
1252 469 1303 488 non
1321 466 1372 493 est,
1395 463 1441 489 sed
1458 468 1518 496 post
1536 469 1708 498 conspectum
1725 463 1797 491 difﬁ-

1010 507 1070 535 cilis
1085 507 1192 535 exsistit
1207 507 1292 534 labor.
1315 506 1395 541 573
1417 507 1484 533 Cum
1500 503 1582 541 igitur
1593 513 1620 535 et
1642 509 1748 536 lucrum
1763 510 1798 537 sit

1009 553 1167 586 maximum,
1182 553 1259 580 labor
1277 552 1359 580 etiam
1387 552 1510 586 exiguus,
1529 560 1578 579 cur
1596 558 1620 580 te
1644 554 1669 580 iu
1688 554 1799 588 pelagus

1007 599 1214 631 desideriorum,
1233 598 1305 632 quod
1323 598 1426 625 exitum
1439 605 1500 624 'uon
1519 598 1648 632 reperiat,
1664 599 1800 632 coniicis?

1007 653 1060 673 non
1074 646 1145 673 enim
1164 648 1276 679 superat
1294 644 1372 671 modo
1389 644 1469 671 facile
1485 644 1530 678 qui
1551 651 1605 670 non
1619 649 1736 678 spectat,
1751 651 1798 671 ve-

1007 697 1066 717 rum
1082 690 1163 716 etiam
1177 689 1269 723 purior
1283 689 1397 717 exsistit.
1412 688 1447 715 Ut
1463 689 1535 716 enim
1551 688 1644 716 forma:
1664 693 1801 722 spectator

1007 739 1068 769 post
1085 734 1192 761 labores
1206 733 1340 768 plurimos
1354 740 1368 759 a
1382 732 1487 759 macula
1501 733 1644 764 liberatur,
1658 733 1679 760 si
1691 732 1799 766 quidem

1008 780 1139 807 liberatur
1156 789 1163 807 :
1181 779 1220 807 sic
1235 787 1287 806 non
1303 784 1429 814 spectans
1444 778 1529 806 etiam
1547 787 1562 806 a
1578 778 1715 806 desiderio
1732 778 1800 806 liber

1008 825 1108 853 evadit.

1123 881 1215 910 LXVI.
1235 896 1270 902 —
1289 880 1438 909 OPHELIO
1455 880 1694 909 GRAMMATICO.

327 933 390 961 Non
405 942 436 962 ea
447 943 547 970 semper
563 936 639 963 utilia
650 944 710 972 qua:
727 937 811 970 nobis,
826 937 872 964 sed
882 945 939 973 qua!
957 938 1011 965 Deo
1027 937 1157 965 videntur.
1175 935 1283 972 (Confer
1303 945 1345 972 ep.
1365 937 1429 970 454,
1443 937 1518 964 initio
1531 941 1555 964 et
1567 936 1641 972 line.)

204 990 241 1018 οὐ
265 991 373 1023 πάντως
398 991 455 1028 (77)
482 993 516 1020 τὰ
537 993 671 1022 δοκοῦντα
695 996 761 1031 ἡμῖν
788 997 953 1033 συμφέρειν,

167 1037 253 1064 ταῦτα
268 1039 316 1065 καὶ
339 1038 482 1066 λυσιτελεῖ.
496 1040 592 1067 Πολλοὶ
611 1042 666 1077 γὰρ
686 1043 799 1075 πολλοὺς
813 1044 954 1079 νενικηκό-

167 1092 223 1116 τες,
240 1085 361 1117 ἐκείνους
378 1086 428 1121 μὲν
441 1086 562 1121 ἔϐλαψαν
580 1088 666 1120 οὐδὲν,
683 1089 795 1121 ἑαυτοὺς
810 1089 838 1116 δὲ
851 1090 885 1116 τὰ
898 1090 956 1125 χεί-

169 1138 248 1165 ριστα
259 1130 398 1166 διέθηκαν⁹
413 1132 454 1158 διὸ
464 1133 511 1159 καὶ
519 1132 608 1166 ἔδοξεν
621 1135 725 1166 ἐκεῖνος
738 1135 955 1170 διημαρτηκέναι

167 1177 217 1211 τῆς
233 1177 362 1212 ἀληθείας
375 1179 389 1204 ὁ
403 1178 497 1205 είπών·
516 1188 525 1205 ι
546 1180 689 1217 Μακάριος
707 1182 821 1214 ἐκεῖνος,
838 1179 860 1215 ᾧ
872 1182 902 1208 τὸ
915 1183 958 1208 τό-

167 1220 212 1253 ξον
231 1222 431 1256 μεριμνήσειας
447 1222 461 1249 ὃ
476 1223 612 1259 συμφέρει
629 1225 686 1260 (78)
703 1227 805 1252 πεσεῖν.
827 1235 836 1252 ι
861 1227 959 1261 Ἐχρῆν

167 1267 232 1302 γὰρ,
246 1267 304 1301 εἴγε
318 1268 398 1303 σοφὸς
413 1266 458 1304 ἦν,
472 1270 559 1296 εἰπεῖν
569 1278 575 1284 ·
596 1279 606 1295 ι
623 1271 767 1307 Μακάριος
780 1272 884 1303 ἐκεῖνος
930 1273 960 1299 τὸ

167 1313 244 1345 τόξον
269 1315 467 1350 μεριμνήσειας
486 1315 500 1342 δ
524 1317 660 1354 συμφέρει
690 1319 795 1345 πεσεῖν.
825 1328 834 1344 ι
863 1319 960 1346 Πολλοὶ

168 1360 222 1394 γὰρ
236 1359 358 1394 ὲνζήλων
372 1361 419 1387 καὶ
431 1360 564 1396 λαμπρῶν
583 1363 758 1398 ἐπιτυχόντες
777 1364 959 1399 πραγμάτων,

168 1404 201 1430 ὲκ
220 1405 316 1432 τούτου
347 1407 387 1437 εἰς
407 1407 493 1441 χείρω
513 1407 627 1439 ἑαυτοὺς
650 1408 763 1444 ἤλειψαν
788 1411 871 1436 κακά.
898 1411 961 1437 Ἐπὶ

167 1449 223 1485 γὰρ
237 1452 293 1482 τοῖς
314 1452 460 1487 προτέροις
479 1453 586 1488 μεγάλα
605 1455 802 1490 φρονήσαντες,
826 1456 961 1492 τολμηρο-

1041 995 1099 1024 Νοη
1113 995 1241 1023 continuo
1258 1003 1319 1030 quae
1345 995 1473 1030 prodesse
1501 995 1580 1022 nobis
1598 994 1733 1025 videntur,
1752 999 1799 1020 ea-

1007 1041 1068 1068 dem
1083 1041 1229 1076 expediunt
1254 1041 1383 1075 utiliaque
1397 1045 1472 1067 sunt.
1496 1039 1572 1067 Multi
1591 1040 1663 1067 enim
1677 1047 1739 1067 cum
1760 1039 1800 1065 vi-

1008 1088 1096 1115 cerint
1110 1087 1220 1119 tnultos,
1233 1086 1298 1113 nihil
1311 1094 1375 1114 vero
1389 1086 1448 1114 illos
1465 1086 1596 1118 laeserint,
1613 1086 1664 1112 sibi
1683 1085 1800 1119 pessime

1011 1135 1213 1162 consuluerunt.
1243 1133 1423 1167 Quamobrem
1447 1137 1472 1159 et
1497 1133 1541 1159 ille
1568 1140 1584 1158 ε
1609 1131 1725 1159 veritate
1752 1130 1801 1157 ab-

1011 1187 1118 1207 errasse
1136 1179 1202 1206 mihi
1223 1179 1356 1211 videatur,
1374 1179 1419 1213 qui
1437 1179 1501 1205 olim
1519 1178 1586 1204 dixit
1601 1187 1606 1204 :
1639 1186 1647 1202 t
1660 1176 1735 1204 Felix
1757 1176 1802 1203 cui

1014 1226 1112 1257 telum,
1133 1232 1193 1251 cum
1213 1224 1286 1251 attxit
1310 1227 1337 1250 et
1354 1223 1468 1250 sollicite
1486 1214 1630 1257 cogitavit,
1648 1222 1715 1248 bene
1731 1228 1798 1248 cou-

1013 1271 1072 1303 tieit
1084 1270 1206 1297 cadere.)
1229 1269 1316 1296 Aliter
1330 1270 1414 1302 enim,
1429 1269 1451 1296 si
1469 1273 1588 1303 saperet,
1606 1267 1708 1294 dixisse
1721 1273 1801 1300 opor-

1012 1317 1082 1343 luit:
1105 1315 1231 1346 (Beatus.
1246 1315 1366 1349 inquam,
1380 1314 1423 1341 cui
1436 1314 1555 1348 jaculum
1568 1313 1647 1340 anxie
1659 1312 1800 1348 cogitanti,

1012 1363 1044 1389 ad
1064 1362 1100 1394 id,
1117 1362 1188 1396 quod
1205 1360 1254 1388 sibi
1271 1365 1312 1388 est
1326 1360 1402 1392 utile,
1420 1361 1516 1387 cadere
1532 1359 1697 1394 conlingat.)
1716 1357 1802 1384 Pleri-

1011 1414 1063 1439 que
1083 1407 1154 1434 enim
1177 1407 1204 1433 in
1223 1407 1315 1433 arduis
1338 1406 1473 1440 clarisque
1487 1406 1584 1432 versati
1611 1405 1737 1439 negotiis,
1764 1411 1799 1431 ex

1012 1453 1052 1480 his
1078 1453 1103 1480 in
1129 1452 1263 1480 deteriora
1283 1451 1353 1478 mala
1383 1459 1412 1479 se
1436 1451 1616 1485 prmcipitant.
1643 1450 1684 1477 Ob
1709 1450 1801 1484 priora

168 1495 255 1530 τέρως
268 1497 324 1528 τοῖς
346 1497 484 1531 δευτέροις
498 1499 688 1534 ἐνεχείρησαν.
707 1501 804 1527 Πολλοὶ
819 1501 847 1528 δὲ
861 1502 957 1529 ἀποτυ-

1017 1505 1132 1532 nantqttc
1145 1505 1256 1531 magnos
1269 1497 1400 1524 habentes
1421 1497 1543 1530 spiritus,
1557 1496 1701 1523 temerarie
1716 1494 1801 1529 magis

169 1541 272 1576 χόντες,
299 1543 495 1578 συμφερόντως
518 1544 719 1580 ὲπαιδεύθησαν
743 1547 798 1578 τοῖς
818 1547 959 1582 ἀργαλεω.

168 1586 261 1618 τάτοις
296 1587 439 1622 πράγμασι
468 1589 504 1624 μὴ
528 1589 675 1624 ἐγχειρεῖν.
706 1591 783 1617 Ἐπεὶ
809 1589 856 1618 οὖν
872 1592 902 1618 τὸ
924 1592 958 1618 τὰ

172 1632 344 1668 συμφέροντα
365 1634 466 1661 είδέναι
479 1643 509 1661 τε
524 1636 573 1662 κα¹ι
597 1636 708 1668 διδόναι,
730 1637 763 1672 τῇ
779 1636 840 1672 θείᾳ
862 1638 958 1672 ἀνήκει

171 1678 293 1714 προνοίᾳ,
315 1678 401 1706 ταῦτα
415 1681 480 1715 παρ’
507 1680 594 1715 αὐτῆς
608 1680 739 1716 αἰτῶμεν,
758 1682 816 1708 νκαὶ
834 1682 959 1717 διδόμενα

172 1723 342 1759 στέργωμεν,
359 1727 382 1752 εὶ
400 1727 448 1753 καὶ
464 1727 573 1753 ἐναντία
588 1726 680 1762 δοκοίη
700 1725 781 1754 εἶναι.

277 1821 336 1849 εΖι.
357 1839 390 1844 -
410 1823 517 1850 HroNt
538 1822 594 1859 (79)
613 1823 848 1859 ΠΡΕΣΒΥΤΕΡῼ.

1012 1545 1161 1578 posteriora
1180 1547 1366 1577 susceperunt.
1388 1541 1488 1569 Contra
1507 1541 1583 1568 mulli
1600 1541 1679 1568 bonis
1693 1540 1801 1574 spoliati

1013 1589 1114 1615 utiliter
1128 1592 1191 1615 sunt
1206 1587 1305 1614 eruditi
1322 1585 1470 1614 ditiiciliora
1484 1594 1540 1613 non
1558 1586 1667 1620 aggredi
1682 1585 1800 1619 negotia.

1012 1633 1094 1668 Igitur
1111 1641 1170 1660 etim
1196 1639 1275 1659 nosse
1290 1632 1376 1664 utilia,
1392 1637 1420 1658 et
1437 1632 1512 1664 dare,
1534 1632 1567 1659 ad
1583 1631 1701 1659 divinam
1715 1630 1800 1666 perti-

1013 1684 1057 1706 net
1072 1679 1280 1712 providentiam,
1301 1678 1357 1705 inec
1377 1679 1410 1705 ab
1431 1678 1476 1704 illa
1495 1678 1674 1712 postttleums,
1696 1681 1724 1704 et
1738 1676 1800 1704 data

1013 1724 1082 1759 aequi
1104 1724 1221 1758 bonique
1245 1725 1437 1755 consulamus,
1464 1723 1571 1750 tametsi
1605 1723 1716 1750 adversa
1741 1729 1801 1749 esse

1014 1768 1164 1795 videantur.

1123 1822 1228 1850 LXVII.
1248 1839 1282 1843 —
1308 1822 1437 1850 HERONI
1457 1822 1694 1851 PRESBYTEBO.

702 1880 826 1907 Avaritiae
845 1881 993 1908 detestatio.
1016 1880 1125 1916 (Confer
1141 1889 1182 1916 ep.
1206 1881 1262 1916 55.)

207 1936 312 1972 Ὠσπερ
325 1937 339 1963 6
353 1937 396 1963 διὰ
412 1937 513 1969 παντὸς
538 1937 634 1972 διψῶν,
652 1937 703 1964 κᾶν
727 1937 803 1973 παρὰ
821 1938 960 1973 ποταμοὺς

171 1983 219 2009 καὶ
234 1982 325 2017 πηγὰς
348 1983 530 2023 mustea-rat,
553 1984 603 2011 οὐκ
620 1985 780 2020 αἰσθήσεται
792 1985 841 2020 τῆς
860 1986 959 2020 εὐφρο-

172 2028 266 2062 σύνης,
282 2027 320 2063 ’τῷ
340 2029 376 2063 μὴ
397 2028 527 2056 δύνασθαι
545 2030 640 2056 σϐέσαι
658 2030 688 2057 τὸ
705 2030 790 2062 πάθος
801 2039 807 2046 ·
821 2030 895 2057 οὕτω
909 2031 956 2058 καὶ

170 2073 323 2100 ὁπλειόνων
337 2075 510 2110 ὀρεγόμενος,
529 2075 581 2102 κᾶν
592 2076 704 2111 μυρίους
716 2076 774 2111 ἕχει
790 2077 955 2112 θησαυροὺς,

170 2118 298 2146 οὐδέποτε
312 2119 410 2155 ἡδονῆς
427 2120 596 2156 αἰσθήσεται,
606 2121 645 2155 τῷ
664 2122 700 2157 μὴ
712 2121 910 2156 εἰδέναικὸρον.
929 2121 959 2148 '0

170 2164 244 2200 δὲτῷ
257 2166 305 2200 τῆς
317 2166 410 2200 χρείας
421 2167 476 2201 ὅρῳ
487 2167 552 2193 εἴσω
565 2167 663 2194 ἑαυτὸν
674 2167 821 2203 διατηρῶν,
830 2167 959 2193 οὐδέποτε

171 2210 259 2245 τούτῳ
283 2211 322 2246 τῷ
343 2212 485 2248 ἀνηκέστῳ
513 2212 647 2240 ἁλώσεται
677 2214 823 2248 νοσήματι,
850 2213 907 2239 ἀλλ’
930 2214 959 2239 ἐν

171 2255 292 2292 θυμηδίᾳ
318 2256 394 2283 ἔσται
418 2257 466 2284 καὶ
482 2258 565 2293 χαρᾷ,
590 2258 727 2289 ἀνάλωτος
745 2266 774 2284 τε
797 2259 853 2288 τοῖς
870 2257 960 2288 ἄλλοις

173 2300 272 2328 πάθεσι
293 2302 425 2337 διαμενεῖ,
441 2299 481 2335 οἷς
495 2304 509 2330 ὁ
524 2304 568 2330 ἀεὶ
586 2303 657 2338 ἐρῶν
680 2303 830 2329 ἁλίσκεται.
847 2302 883 2328 Οὔ
904 2302 957 2337 γὰρ

1049 1936 1084 1964 Ut
1111 1937 1190 1972 plane
1211 1937 1375 1970 sitibundus,
1394 1938 1444 1965 etsi
1474 1937 1507 1964 ad
1528 1936 1637 1964 ﬂumina
1661 1936 1802 1972 fontesque

1014 1983 1170 2016 descendat,
1184 1991 1236 2010 non
1252 1984 1361 2015 sentiet,
1373 1984 1423 2010 nisi
1440 1984 1511 2010 sitim
1525 1984 1609 2018 possit
1623 1984 1799 2017 restinguere,

1008 2028 1228 2062 delectationem;
1239 2029 1278 2057 sic
1293 2034 1319 2056 et
1330 2029 1406 2064 plttra
1421 2037 1528 2063 semper
1540 2034 1680 2063 appetens,
1693 2029 1800 2056 tatuctsi

1012 2074 1155 2102 thesauros
1182 2075 1281 2102 habeat
1305 2075 1436 2108 inﬁnitos,
1463 2075 1625 2110 voluptatem
1662 2083 1799 2108 nunquam

1013 2120 1129 2151 sentiet,
1155 2126 1187 2146 eo
1203 2121 1275 2154 quod
1302 2120 1395 2147 satiari
1421 2120 1532 2147 nesciat.
1568 2119 1619 2152 Qui
1642 2127 1706 2147 vero
1730 2119 1800 2146 intra

977 2150 998 2176 ι)
1013 2165 1082 2192 lines
1100 2165 1216 2198 utendi,
1232 2169 1362 2199 quantum
1376 2165 1483 2199 quidem
1510 2165 1575 2192 satis
1593 2169 1633 2191 est
1647 2185 1654 2196 ,
1678 2165 1798 2198 seipsutn

1013 2215 1164 2242 conservet,
1182 2211 1323 2238 lncurabili
1339 2211 1389 2238 hoc
1399 2210 1494 2238 morbo
1509 2218 1645 2244 nunquam
1666 2209 1798 2243 capietur,

1014 2256 1060 2283 sed
1080 2256 1106 2282 in
1121 2256 1301 2283 delectatione
1320 2257 1374 2283 erit
1394 2259 1421 2283 et
1443 2257 1553 2291 gaudio,
1574 2259 1601 2282 ct
1628 2255 1661 2281 ab
1678 2255 1739 2282 aliis
1755 2254 1798 2281 ai-

1013 2301 1130 2329 l'ectibus
1156 2302 1304 2337 expugnari
1342 2303 1448 2329 nescius
1476 2307 1604 2329 constans
1631 2306 1798 2336 perseverat,

722 2389 837 2417 V'Aerli
858 2389 1045 2418 LECTlONE-S
1063 2389 1106 2416 ΕΤ
1125 2389 1240 2416 NOTAE.

172 2471 246 2498 dum.
266 2470 362 2497 Statim
379 2470 414 2496 τὰ
428 2471 574 2506 σπέρματα
592 2470 705 2501 retineo,
719 2477 778 2504 qum
793 2469 895 2506 lsidoro
916 2471 956 2497 ra-

173 2506 286 2533 miliaris
301 2513 350 2532 vox
365 2513 425 2533 eum
441 2504 629 2538 Det’uostltcne,
649 2509 677 2531 ut
692 2506 772 2540 epist.
791 2504 841 2532 104
854 2510 880 2532 et
895 2506 958 2533 M7.

172 2541 294 2568 Scuo'r'l'.

209 2576 265 2609 (76)
286 2575 497 2610 νιόνὲμὸἁλλεις
514 2575 591 2603 codd.
608 2575 668 2602 Vat.
683 2574 736 2602 650
753 2579 779 2602 et
793 2574 846 2602 Alt.
859 2576 959 2604 habent.

171 2609 322 2645 ὲμὸαίνεις.
338 2609 443 2638 Possm.

210 2646 266 2681 (77)
288 2645 344 2671 lluc
361 2647 477 2678 pertinet
495 2645 581 2679 lepida
597 2644 704 2681 Phgndri
719 2644 806 2672 fabula
824 2646 857 2672 12
873 2646 918 2673 lib.
937 2655 957 2679 t,

173 2681 205 2707 de
220 2688 299 2707 cervo
313 2682 354 2707 cui
373 2686 465 2707 tenues
483 2682 564 2714 pedes
579 2680 764 2713 displicebant,
780 2685 805 2707 et
821 2689 882 2708 mox
898 2682 958 2715 fuga

174 2720 334 2748 servarunt;
357 2723 458 2741 cornua
476 2723 539 2741 vero
560 2715 716 2748 placebant,
732 2715 829 2749 quibus
848 2716 876 2743 in
893 2716 961 2743 silva

175 2751 257 2776 ramis
274 2751 417 2784 impeditus
436 2751 543 2784 capitur
560 2758 574 2776 a
592 2750 714 2776 canibus.

227 2792 368 2826 Laudatis,
386 2794 434 2826 ait,
452 2794 560 2821 utiliora
573 2801 630 2828 qua:
645 2794 841 2828 contempseris,

228 2830 304 2862 Stcpe
318 2829 438 2863 inveniri,
457 2829 511 2856 lucc
524 2830 620 2856 exserit
632 2829 762 2855 narratio.

175 2874 234 2902 Mox
249 2883 297 2909 pro
312 2874 431 2910 ὲνζήλων
444 2875 501 2911 lego
517 2875 649 2910 εῢζήλων.
663 2876 745 2911 Cujus
757 2881 846 2904 autem
861 2875 964 2910 antiqui

1012 2471 1110 2498 diclum
1136 2472 1186 2499 hoc
1210 2470 1255 2502 sit,
1281 2471 1398 2497 nondum
1419 2470 1543 2506 equidem
1571 2470 1691 2498 divinare
1712 2473 1799 2506 potui.

1012 2506 1078 2532 Aliis
1092 2506 1212 2541 lampada
1231 2506 1258 2532 in
1273 2513 1352 2532 cursu
1370 2506 1455 2532 trado.
1474 2505 1594 2533 Scuo'rr.

1049 2550 1104 2593 (78)
1126 2551 1325 2593 Γνοὴσυμφὲρει
1341 2551 1424 2593 codd.
1446 2551 1505 2578 Vat.
1528 2551 1580 2578 650
1597 2551 1691 2593 et_Arlt.
1709 2552 1798 2585 legunt

1013 2585 1146 2621 βούλεται.
1172 2587 1250 2614 Solus
1270 2590 1359 2621 autem
1383 2586 1436 2613 Alt.
1462 2594 1510 2621 pro
1532 2587 1698 2620 praecedente
1719 2595 1797 2621 μερι-

1014 2621 1145 2656 μνήσειας
1162 2622 1257 2648 scribit
1278 2620 1451 2656 μερίμνησις.
1479 2621 1553 2648 Vers.
1577 2622 1638 2648 hinc
1659 2623 1735 2656 tertio
1750 2620 1797 2654 pro

1036 2655 1210 2691 εριμνήσειας
1234 2655 1329 2691 iterum
1357 2657 1417 2682 cod.
1446 2655 1500 2682 Alt.
1526 2656 1597 2689 ponit
1625 2655 1796 2690 μερίμνησις.

1037 2690 1090 2718 crs.
1114 2690 1171 2725 seq.
1195 2699 1241 2725 pro
1260 2690 1378 2724 ὲνζήλων
1401 2690 1449 2726 κα)ἒ
1466 2690 1699 2726 λαμςιτρῶννιιιιιὺυ
1718 2691 1795 2717 codd.

1012 2726 1134 2752 scribunt
1154 2724 1261 2761 ἐζήλων
1286 2726 1333 2752 καὶ
1355 2724 1480 2759 οἰκτρῶν.
1511 2724 1586 2761 ἶνις,
1611 2725 1672 2752 inde
1695 2726 1723 2757 2,
1750 2733 1796 2759 pro

1012 2759 1204 2796 φρονήσαντες
1215 2766 1315 2796 ponunt
1329 2760 1509 2797 φρονήσεταιι
1520 2759 1625 2786 Possm.

1047 2807 1103 2842 (79)
1132 2807 1189 2835 Non
1222 2808 1343 2843 Ἧρωνι,
1371 2808 1416 2834 sed
1442 2805 1563 2843 Ἰέρωνι,
1586 2805 1796 2843 [ζζεγοηίηιλιυε

1013 2831 1102 2883 ερῖέιῖ¹
1111 2831 1343 2904 [inscribit—tirio,
1363 2831 1441 2869 (an.
1454 2831 1563 2869 νέης]
1582 2831 1634 2868 650
1660 2831 1696 2868 ει
1709 2831 1796 2867 uias;

1012 2884 1089 2905 emet.
1123 2886 1149 2905 D.
