2049 3164
255 150 320 182 1367

849 154 877 184 S.
900 145 1040 184 ISIDOR]
1064 154 1281 184 PELUSIOT/E

1809 150 1876 184 1368

254 207 351 242 quibus
370 213 460 234 tamen
475 216 569 235 amans
583 208 636 235 fere
652 208 768 242 capitur.
790 209 848 236 Non
867 211 938 236 enim
957 211 1039 236 multa

1095 211 1121 236 τδ
1135 209 1220 237 πολλὰ
1236 211 1398 245 κεκτῆσθαι,
1415 211 1483 237 ἀλλὰ
1494 209 1525 236 τὸ
1535 209 1632 243 ὀλίγων
1647 209 1752 236 δεῖσθαι
1771 208 1878 235 ἀναλώ-

254 252 414 286 pussedi~se,
432 254 478 279 sed
495 254 585 286 pain-is
600 254 731 287 indigere,
751 254 977 285 redditinvictos,
994 264 1037 282 se-

255 306 388 333 curosque
411 304 531 332 pt-testat.
553 299 599 325 llle
612 299 683 325 enim
702 303 752 326 etsi
780 308 833 327 non
850 301 982 327 adiciatur
1000 303 1038 327 in-

251 343 323 376 juria
335 363 342 374 ,
359 343 434 370 valde
452 349 541 370 tamen
559 345 673 378 metuit,
697 351 725 371 ut
741 346 786 379 qui
811 345 937 379 iujutiatn
957 347 1041 381 possit

254 389 320 422 pati.
344 388 391 415 llic
406 397 470 416 vero
485 390 510 416 in
536 390 631 424 primis
647 393 700 424 pati
726 391 853 424 injuriam
872 400 923 418 nou
940 398 1037 425 potest.

255 433 381 466 Quiniuto
398 435 418 461 si
447 442 543 468 passus
561 436 692 466 videnlur,
723 436 819 463 melitts
843 437 933 464 adhuc
958 446 1038 471 quam

254 479 298 505 alii
311 479 403 506 eadem
421 488 473 506 non
489 481 570 514 passi,
589 481 702 507 allectus
713 482 776 512 erit,
797 482 860 516 quia
875 482 1040 509 continentis

255 525 316 551 vitae
330 526 439 559 prtemia
457 526 606 560 despectat.

340 578 421 615 574Ι
440 580 554 609 LXVIII.
571 597 605 601 —
627 581 777 608 EUTONlO
794 582 950 610 DIACONO.

1087 263 1148 286 τους
1169 256 1251 286 ποιεῖ,
1266 255 1314 281 καὶ
1330 256 1358 281 ὲν
1378 255 1452 289 πασῃ
1467 252 1602 288 ἀσφαλείᾳ
1625 253 1741 287 καθιστᾷ
1753 260 1759 266 ·
1775 252 1879 282 ἐκεῖνος

1091 301 1139 333 μὲν
1155 300 1219 334 γὰρ,
1235 300 1287 326 κΞιν
1303 299 1340 335 μὴ
1351 300 1476 335 ἀδικηθῇ,
1490 299 1648 334 ἀκμάζοντα
1660 298 1770 333 ἔχειτὸν
1786 297 1877 332 φοϐον,

1090 345 1137 371 ἅτε
1153 345 1314 379 ἀδικηθῆναι
1336 345 1495 380 δυνάμενος.
1527 341 1611 375 Οὗτος
1625 344 1654 369 δὲ
1680 343 1800 378 μάλιστα
1830 342 1878 376 μὲν

1093 390 1255 424 ἀδικηθῆναι
1282 391 1312 416 οὐ
1336 390 1526 425 δυνηθήσεται.
1550 391 1601 416 Ἶιν
1623 389 1651 415 δὲ
1671 390 1718 415 καὶ
1734 388 1878 423 ἠδικῆσθαι

1092 436 1168 470 δόξῃ,
1188 436 1242 462 τῶν
1259 436 1308 462 οὐκ
1323 436 1498 470 ἠδικημένων
1515 435 1604 471 πολλῷ
1619 435 1729 470 ἄμεινον
1744 433 1879 460 διακείσε-
1896 433 1902 469 ί

1097 489 1153 508 ται.
1171 481 1200 506 ὲν
1218 481 1320 506 πλείονί
1342 489 1372 506 τε
1389 480 1466 506 ἔσται
1478 480 1648 514 ἀγαλλιάσει,
1663 478 1702 513 τῷ
1720 478 1768 504 καὶ
1779 478 1813 503 τα
1831 477 1880 511 τῆς

1093 525 1251 559 φιλοσοφίας
1266 525 1334 559 γέρα
1351 524 1513 560 προσδοκᾷν.

1250 580 1313 607 ΞΗ’.
1334 595 1370 600 -
1384 580 1535 615 ΕΥΤΟΝΙῼ
1551 578 1712 613 ΔΙΑΚΟΝῼ.

555 637 591 664 De
606 638 672 664 bona
690 638 850 665 temtationis.
867 637 956 672 (Couf.
973 646 1013 672 ep.
1028 638 1062 665 39
1076 643 1099 664 et
1113 636 1176 666 226.
1191 637 1218 663 in
1236 635 1305 663 Dan.
1322 644 1401 670 map.
1418 636 1453 663 56
1465 641 1487 663 (ιι
1504 635 1578 670 158.)

291 691 350 719 Noli
374 692 501 719 admirari
516 713 523 724 ,
549 700 636 726 neque
658 693 771 726 aenigma
788 701 858 724 esse.
877 695 947 728 quod
973 693 1040 719 alias

258 738 305 764 tibi
330 737 447 771 scripsi,
475 737 637 764 existimes:
668 738 832 765 lentationes
855 745 1041 771 saepenumero

256 782 376 816 gravium
408 790 440 810 ac
477 783 623 810 ditﬁcilium
655 783 889 817 perturbationum
913 791 975 811 esse
999 783 1040 810 in-

1126 694 1171 728 Μὴ
1193 693 1329 728 θαύμαζε,
1348 694 1416 729 μηδὲ
1436 693 1503 728 ἡγοῦ
1528 692 1643 726 αἴνιγμα
1667 690 1698 716 τὸ
1716 689 1781 724 παρ’
1802 687 1880 724 ἡμῶν

1092 748 1134 765 σοι
1161 739 1372 774 προειρημένον,
1390 739 1432 765 ὅτι
1456 739 1480 765 οἱ
1503 736 1652 772 πειρασμοὶ
1679 735 1809 765 πολλάκις
1827 733 1882 759 τῶν

1090 785 1229 820 δυσχερῶν
1243 785 1290 810 καὶ
1313 783 1500 818 ἀνελευθέρων
1529 782 1622 808 παθῶν
1649 780 1810 814 ἀπαλλαγὴν
1836 779 1881 805 καὶ

257 828 386 861 teritum,
403 827 610 862 libertatemque
633 829 724 855 animo
747 829 908 856 conciliare.
939 829 1036 862 Quem-

1095 829 1249 864 ὲλευθερίαν
1266 831 1300 864 τῇ
1325 830 1399 864 ψυχῇ
1421 829 1590 864 χαρίζονται.
1619 827 1726 861 Ὥσπερ
1751 825 1806 860 γὰρ
1836 823 1882 850 ἐπὶ

256 873 399 900 admodum
418 874 490 900 enim
516 874 542 900 in
555 874 640 901 tribus
655 874 708 901 illis
728 875 820 908 pueris
834 875 856 905 ’,
875 881 929 901 non
953 874 1040 901 solum

256 916 326 949 ignis
349 916 422 950 ipsos
444 925 496 944 non
519 918 606 952 attigit
622 939 628 950 ,
655 918 703 945 sed
717 923 745 945 et
758 919 791 944 ad
804 917 972 945 vinculorum
986 918 1041 945 dis~

256 961 416 989 solutionem
443 963 599 996 subserviit,
615 969 710 992 nactus
724 972 779 991 sua:
792 965 938 991 terminum
952 964 1041 991 ell‘tca-

257 1007 317 1038 cize,
333 1007 434 1034 ferrum
450 1009 580 1036 abolendo
594 1018 602 1037 :
624 1010 662 1037 sic
674 1015 702 1037 et
726 1010 890 1037 tentationes
906 1010 1039 1044 ignaviam

257 1058 410 1080 resecantes
424 1054 456 1080 ad
479 1055 709 1089 sobrietatemque
727 1055 904 1088 adducentes,
919 1062 1014 1082 omnes
1025 1063 1040 1081 a

257 1103 428 1132 peccatorum
441 1099 587 1134 expediunt
598 1100 721 1126 vinculis.

500 1199 592 1227 LXIX.
616 1216 651 1221 —
677 1201 790 1228 EIDEM.

1094 876 1148 902 τῶν
1165 875 1248 910 τριῶν
1265 875 1379 907 παίδων,
1405 875 1435 901 οὐ
1464 875 1544 910 μόνον
1561 873 1609 908 οὐχ
1633 872 1720 907 ἥψατο
1743 869 1833 897 αὐτῶν
1852 869 1883 895 τὸ

1095 922 1161 957 πῦρ,
1178 922 1246 948 ἀλλὰ
1271 922 1319 948 καὶ
1337 921 1404 956 πρὸς
1420 920 1468 955 τὴν
1485 920 1540 946 τῶν
1558 919 1665 953 δεσμῶν
1681 917 1757 943 λύσιν
1780 916 1883 950 ὑπηρε-

1093 968 1205 1002 τήσατο,
1225 967 1288 1002 ὅρον
1304 967 1352 1001 τῆς
1365 966 1461 993 ἑαυτοῦ
1485 965 1626 1001 ἐνεργείας
1647 962 1764 998 ὲσχηκδς
1782 961 1829 988 τοῦ
1844 969 1883 987 σι-

1098 1012 1181 1048 δήρου
1197 1012 1242 1038 τὸν
1255 1012 1407 1046 ἀφανισμόν
1418 1019 1425 1026 ·
1439 1011 1510 1037 οὕτω
1520 1011 1567 1037 καὶ
1583 1011 1608 1036 oi
1621 1008 1782 1045 πειρασμοὶ,
1798 1007 1883 1043 ῥᾳθυ·

1097 1058 1162 1092 μίαν
1192 1057 1422 1092 περικόπτοντες,
1448 1056 1493 1083 καὶ
1508 1057 1548 1088 εἱς
1573 1055 1654 1090 νῆψιν
1684 1054 1878 1087 ἐπανάγοντες,

1096 1102 1189 1129 λύουσι
1200 1102 1314 1133 πολλοὺς
1327 1101 1486 1137 ἀνθρώπους
1499 1102 1530 1127 ἐκ
1543 1101 1597 1127 τῶν
1612 1100 1719 1135 δεσμῶν
1730 1099 1780 1134 τῆς
1794 1098 1882 1133 ἁμαρ-

1094 1157 1164 1176 τιας.

1341 1203 1401 1230 εον.
1421 1217 1456 1223 -
1473 1203 1516 1238 Te
1536 1203 1638 1238 Αγτο.

495 1257 555 1284 Non
572 1258 600 1284 in
613 1259 698 1285 alieno
713 1268 786 1291 casu,
797 1260 841 1286 sed
854 1260 880 1286 in
893 1261 1000 1293 propria
1015 1261 1109 1288 virtute
1123 1269 1179 1294 apes
1193 1261 1336 1295 ﬁrmanda.
1353 1259 1432 1295 (Vide
1447 1268 1488 1294 ep.
1503 1260 1537 1287 50
1547 1265 1570 1286 et
1586 1259 1644 1294 58.)

293 1311 377 1338 Dubia
391 1312 497 1346 quidem
520 1319 546 1341 et
573 1315 674 1342 incerta
699 1321 741 1343 est
764 1324 826 1351 spes
843 1323 876 1343 ex
890 1317 979 1344 aliena
1001 1318 1042 1344 iu-

258 1356 386 1383 felieitate
399 1364 538 1393 concepta,
552 1367 603 1386 non
617 1368 648 1387 ex
665 1361 773 1395 propria
795 1362 917 1395 pendens
931 1362 1040 1390 virtute.

258 1401 331 1428 Talis
343 1403 416 1429 enim
438 1403 515 1431 facile
534 1411 688 1433 evanescat.
708 1407 743 1433 At
766 1407 787 1434 si
801 1408 863 1441 quis
879 1408 951 1434 domi
966 1415 1042 1435 secu-

258 1447 347 1474 ritatis
366 1448 462 1476 habeat
484 1450 605 1484 pignora,
627 1450 843 1486 inexpugnabilis
856 1452 901 1480 hic
913 1452 975 1485 erit,
1001 1453 1042 1479 in-

259 1490 420 1526 sidiosisque
431 1495 553 1528 superior
565 1494 758 1523 molitionibus.

515 1549 596 1577 LXX.
615 1565 650 1571 —
668 1550 782 1578 EIDEM.

1131 1317 1258 1352 Σφαλερὰ
1275 1317 1323 1352 μὲν
1348 1317 1436 1348 ἐλπὶς,
1461 1317 1490 1350 ἐξ
1513 1316 1655 1350 ἀλλοτρίας
1679 1315 1879 1349 κακοπραγίας,

1095 1364 1145 1390 οὐκ
1170 1364 1198 1397 ἐξ
1223 1363 1326 1394 οἰκείας
1345 1363 1445 1398 ἀρετῆς
1463 1363 1614 1398 ἠρτημένη.
1634 1363 1666 1388 ῚΙ
1693 1361 1748 1397 γὰρ
1769 1361 1877 1395 τοιαύτη

1097 1409 1196 1445 ῥᾳδίως
1223 1409 1373 1444 οἰχήσεται.
1400 1409 1431 1435 Et
1457 1408 1486 1434 δέ
1507 1417 1549 1439 τις
1567 1407 1673 1434 οἴκοθεν
1692 1407 1748 1441 ἔχοι
1772 1407 1806 1433 τὰ
1831 1407 1878 1441 τῆς

1094 1455 1245 1488 ἀσιραλείας
1266 1455 1393 1490 ἐνέχυρα,
1411 1453 1549 1485 ἀνάλωτος
1576 1453 1664 1485 ἔσται,
1682 1453 1730 1479 καὶ
1747 1452 1801 1478 τῶν
1819 1452 1878 1478 ἔπιε

1096 1500 1279 1527 δουλευόντων
1295 1500 1438 1535 κρείττων.

1359 1556 1396 1581 ον.
1417 1570 1452 1576 -
1466 1554 1509 1589 το
1525 1553 1627 1588 arm.

787 1609 864 1636 Sorte
878 1617 926 1636 sua
943 1611 1048 1644 ﬁrmum
1061 1611 1154 1639 lwdcre
1170 1620 1242 1638 nemo
1258 1617 1351 1646 potest.

293 1663 350 1690 Non
367 1664 416 1691 hoc
430 1671 487 1699 age.
512 1672 544 1692 tte
559 1665 618 1700 quis
631 1670 657 1692 te
681 1666 778 1701 injuria
797 1666 915 1700 aﬂiciat,
938 1668 984 1694 sed
1008 1676 1042 1695 ne

258 1707 365 1735 aﬂicere
396 1710 495 1743 possit,
528 1715 557 1736 ut
580 1712 697 1738 maxime
736 1713 811 1739 velit.
840 1713 867 1739 Id
892 1713 964 1740 enim
989 1721 1041 1740 non

258 1754 348 1779 evenit
372 1753 490 1785 aliunde,
510 1762 588 1788 quam
610 1757 769 1783 necessariis
792 1765 853 1784 esse
873 1763 1041 1790 contentum,

258 1798 300 1824 vel
321 1798 483 1832 uilamplius
496 1805 632 1833 appetere.
651 1801 700 1834 Qui
718 1802 789 1829 enim
812 1803 1044 1836 pluribusinhiat,

259 1844 292 1871 ab
303 1845 428 1871 omnibus
441 1847 500 1879 capi
524 1845 602 1873 facile
625 1851 797 1881 potest,cnm
819 1850 852 1876 ab
875 1849 1042 1881 hominibus,

260 1893 313 1916 tum
333 1889 414 1916 animi
433 1890 630 1917 aﬂ'cctiouibus.

372 1944 452 1970 LXXI
482 1962 515 1965 ——
541 1945 676 1974 lSlDORU
696 1947 938 1977 PRESBYTERO.

1128 1669 1174 1703 Μὴ
1195 1668 1267 1694 τοῦτ’
1284 1667 1382 1700 ἐννόει,
1407 1668 1480 1698 ὅπως
1503 1666 1598 1701 μηδείς
1612 1674 1641 1692 σε
1671 1665 1800 1700 ἀδικήσῃ,
1822 1662 1883 1689 ἀλλ’

1094 1714 1167 1744 ὅπως
1182 1713 1234 1739 κᾶν
1251 1713 1389 1748 βούληται,
1408 1712 1445 1747 μὴ
1456 1711 1578 1746 δύνηται·
1596 1710 1675 1737 τοῦτο
1692 1710 1722 1736 δὲ
1733 1707 1877 1743 οὐδαμόθεν

1094 1758 1228 1793 ἑτέρωθεν
1243 1758 1375 1788 τίκτεται,
1403 1757 1468 1792 ἢὲκ
1492 1756 1539 1782 τοῦ
1569 1757 1617 1790 τῆς
1637 1754 1734 1790 χρείας
1763 1752 1875 1789 ἔχεσθαι,

1095 1804 1142 1829 καὶ
1161 1803 1197 1838 μὴ
1215 1803 1345 1829 πλειόνων
1361 1801 1516 1836 ὀρέγεσθαι.
1538 1801 1567 1827 ’0
1588 1800 1644 1835 γὰρ
1659 1799 1792 1826 πλειόνων
1808 1797 1876 1832 ἐφιέ·

1097 1858 1186 1884 μενος,
1205 1850 1287 1875 πᾶσιν
1301 1847 1434 1879 εὐάλωτος
1446 1848 1515 1878 ἐστι,
1532 1846 1578 1873 καὶ
1592 1844 1748 1881 ἀνθρώποις
1771 1844 1816 1871 καὶ
1833 1842 1879 1869 πά-

1096 1895 1179 1921 θεςιν.

1237 1950 1297 1978 OA'.
1320 1965 1352 1970 —
1371 1951 1500 1986 ΙΣΙΔΩΙᾮ
1520 1948 1755 1982 [ΙΡΕΣΒΥΤΕΡῼ.

585 2002 645 2029 Jobi
662 2004 688 2030 in
704 2002 852 2032 calamitate
864 2007 992 2040 patientia
1003 2006 1154 2039 Sapientem
1170 2015 1270 2034 onmem
1286 2007 1400 2041 perferre
1417 2006 1562 2040 fortunam.

295 2064 354 2093 Viri
376 2068 605 2101 praestantissimi,
619 2075 709 2098 mente
731 2079 797 2105 pura
817 2077 898 2106 atque
909 2072 1042 2100 eanstanti

260 2115 395 2145 naturam,
407 2113 494 2147 quoad
516 2113 572 2147 ejus
594 2115 651 2142 ﬁeri
677 2121 774 2150 potest,
787 2117 970 2152 contemplati,
986 2126 1044 2145 mo—

260 2158 353 2185 derate
372 2166 465 2186 omnes
486 2160 576 2186 ferunt
589 2168 678 2188 rerum
694 2162 905 2190 vicissitudines.
923 2163 956 2190 Ut.
970 2162 1043 2189 enim

260 2203 360 2229 laudati
384 2205 522 2239 tt'agmdize
536 2206 681 2233 histriones
693 2215 800 2234 omnem
818 2208 960 2234 induentes
982 2215 1044 2241 per-

260 2256 354 2275 sonam
371 2250 541 2278 admirationi
562 2257 635 2285 sunt,
648 2254 686 2280 sic
700 2259 726 2280 ct
737 2254 788 2280 viri
808 2254 949 2281 fortissimi
962 2255 1043 2281 veluti

259 2294 368 2321 athleta:
383 2296 408 2321 in
423 2297 472 2322 hac
488 2298 541 2323 vita
556 2299 716 2331 constituti,
728 2300 800 2326 omni
815 2319 822 2330 ,
837 2301 906 2334 quod
922 2300 1043 2332 oﬂertur,

260 2347 320 2366 sese
334 2341 462 2367 decenter
475 2344 693 2371 accommodant.
715 2345 862 2372 Considera
885 2346 947 2372 mihi
972 2347 1044 2373 cele-

259 2386 335 2410 lu-em
359 2385 431 2411 illum
444 2385 504 2417 Job,
518 2388 562 2420 qui
588 2387 614 2414 in
629 2388 732 2415 divitiis
745 2390 898 2422 laudabilis,
913 2390 938 2417 in
951 2391 1041 2425 inopia

260 2430 347 2464 magis
369 2430 518 2457 inclaruit:
549 2432 673 2466 idemque
696 2435 866 2462 admirationi
890 2444 949 2462 cum
972 2440 1045 2463 esset

260 2475 318 2502 suis
333 2475 439 2509 opibus,
457 2481 614 2510 paupertate
636 2479 721 2512 magis
735 2480 836 2507 exstitit
858 2480 1044 2508 admirandus.

261 2520 382 2554 Namque
396 2521 421 2546 in
435 2521 535 2548 divitiis
558 2523 684 2550 indecore
698 2525 865 2559 turpiterque
878 2527 989 2560 vivitur,
1020 2528 1045 2554 in

263 2570 421 2600 paupertate
434 2574 498 2594 vero
511 2567 606 2595 decore
619 2576 650 2595 ac
665 2570 796 2597 modeste.
817 2571 852 2598 At
870 2578 960 2600 mente
975 2573 1047 2608 capti

263 2614 395 2638 malorum
422 2612 583 2647 investigare
607 2621 666 2640 cum
689 2622 740 2642 non
766 2621 879 2649 possunt
901 2619 1045 2653 originem,

265 2659 326 2688 tios,
339 2657 383 2690 qui
403 2658 468 2684 nihil
488 2663 533 2684 aut
551 2659 657 2686 modico
669 2660 764 2687 saltem
777 2662 868 2688 dolore
881 2662 1043 2698 atlliguntnr,

264 2701 418 2728 infelicibus
444 2709 633 2731 aunutncraut.
657 2705 723 2732 Cum
750 2707 820 2732 enim
846 2708 950 2735 uounisi
985 2716 1046 2742 pro-

1134 2074 1166 2100 Οἰ
1177 2073 1231 2099 τῶν
1245 2073 1350 2107 ἀνδρῶν
1367 2072 1485 2106 ἄριστοι,
1498 2071 1545 2097 ἆτε
1560 2070 1598 2105 νῷ
1611 2068 1727 2104 καθαρῷ
1738 2069 1786 2095 καὶ
1801 2067 1878 2101 ὑγιαί-

1098 2119 1230 2153 νοντιτὴν
1240 2118 1294 2144 τῶν
1307 2117 1490 2153 πραγμάτων,
1501 2117 1539 2148 ὡς
1555 2115 1595 2142 ἐνι
1611 2115 1739 2150 μάλιστα,
1754 2112 1876 2147 θεώμενοι

1097 2165 1188 2200 φύσιν,
1207 2164 1296 2195 πάσας
1322 2163 1440 2198 μετρίως
1458 2162 1571 2197 φέρουσι
1583 2161 1632 2192 τὰς
1650 2160 1753 2186 τούτων
1772 2158 1878 2194 μεταϐο-

1095 2210 1155 2241 λάς.
1173 2210 1277 2244 Ὥσπερ
1292 2209 1345 2244 γὰρ
1361 2209 1384 2234 οἱ
1402 2208 1541 2242 εὐδόκιμοι
1552 2206 1686 2242 τραγῳδοὶ
1702 2206 1757 2232 πᾶν
1771 2204 1876 2239 δεχόμε-

1096 2265 1137 2282 νοι
1154 2255 1299 2290 πρόσωπον
1315 2253 1520 2288 θαυμάζονται·
1536 2252 1607 2279 οὕτω
1623 2253 1670 2278 καὶ
1690 2253 1715 2278 οἱ
1731 2251 1874 2286 κράτιστοι,

1097 2302 1192 2336 ὥσπερ
1209 2299 1359 2334 ἀγωνισταὶ
1378 2299 1453 2330 ὖντες
1464 2299 1511 2325 τοῦ
1529 2299 1598 2333 βίον,
1625 2299 1709 2324 παντὶ
1723 2298 1762 2332 τῷ
1781 2296 1875 2323 δοθέντι

1100 2347 1277 2382 εὐσχημόνως
1295 2345 1518 2371 συνδιατίθενται.
1536 2344 1608 2378 Ὅρα
1619 2343 1675 2378 γὰρ
1696 2343 1743 2369 τὶν
1766 2342 1876 2375 ἀοίδιμον

1104 2393 1176 2422 Ίὼὸ,
1199 2392 1228 2423 ὃς
1254 2393 1281 2417 ἐν
1308 2390 1415 2425 πλούτῳ
1434 2390 1627 2425 εὐδοκιμήσας,
1655 2390 1683 2416 ὲν
1702 2389 1783 2424 πενίᾳ.
1806 2387 1876 2414 πλέον

1098 2438 1248 2473 διέλαμψε*
1276 2438 1324 2463 καὶ
1353 2436 1524 2471 θαυμασθεὶς
1542 2437 1571 2462 ὲν
1596 2436 1712 2470 ἐκείνῳ,
1740 2436 1769 2461 ὲν
1800 2433 1876 2468 ταύτῃ

1099 2483 1178 2510 πλέον
1188 2483 1253 2509 ὲθαυ
1258 2481 1347 2516 μάσθη
1352 2501 1358 2508 .
1364 2481 1396 2508 Ἐ
1402 2489 1444 2507 στι
1452 2481 1504 2516 γὰρ
1515 2489 1547 2508 πε
1551 2481 1577 2515 ρί
1586 2480 1700 2506 πλοῦτον
1712 2480 1783 2514 ἁσχη
1787 2478 1874 2513 μονεῖν,

1101 2529 1147 2554 καὶ
1173 2528 1266 2558 πενίας
1282 2527 1434 2562 ἁπτόμενον
1455 2527 1643 2561 εὐσχημονεῖν·
1663 2526 1688 2552 οἱ
1710 2526 1738 2551 δὲ
1756 2524 1816 2551 νοῦν
1834 2523 1875 2549 οὐκ

1099 2573 1218 2608 ἔχοντες,
1234 2572 1283 2608 τὴν
1298 2572 1375 2607 ῥίζαν
1387 2571 1442 2598 τῶν
1460 2570 1553 2598 κακῶν
1566 2570 1725 2606 ἀνιχνεῦσαι
1742 2570 1780 2605 μὴ
1793 2567 1875 2603 ἀνεχό-

1100 2627 1186 2653 μενοι,
1207 2619 1262 2648 τοῖς
1283 2616 1365 2652 μηδὲν
1387 2616 1403 2651 ἧ
1426 2616 1523 2651 μικρον
1534 2615 1649 2642 λυποῦσι
1663 2616 1713 2650 τὴν
1722 2616 1775 2642 τῶν
1792 2613 1874 2641 κακῶν

1098 2664 1265 2698 ἀπονέμουσι
1278 2662 1378 2697 ψῆφον.
1398 2662 1462 2688 Δέον
1476 2662 1531 2697 γὰρ
1552 2663 1601 2697 τὴν
1618 2662 1722 2688 οἰκείαν
1744 2659 1874 2688 αίτιᾶσθαι

1097 2709 1253 2744 ἀνανδρίαν,
1270 2708 1324 2734 τῶν
1340 2707 1511 2743 πραγμάτων
1525 2706 1770 2742 καταῂφίζονται.

262 2749 348 2783 priam
365 2750 477 2783 quisque
501 2749 674 2785 fragilitatem
697 2760 824 2781 accusare
835 2755 958 2788 deberet,
983 2756 1110 2790 resipsas
1125 2757 1265 2783 damnant.

300 2825 309 2837 θ
327 2828 394 2854 Dan.
411 2837 452 2861 tu,
469 2830 479 2855 1
497 2837 573 2863 seqq.
