2049 3164
156 146 222 180 I369

386 203 445 231 OB'.
466 218 499 225 ν
522 203 702 239 ΓΕΝΝΔΔΙῼ.

579 147 845 178 EPISTOLARUM
867 146 939 176 LIB.
961 148 997 177 Υ.
1014 160 1041 165 -
1064 148 1184 177 EPIST.
1206 149 1314 179 LXXV.

1152 148 1184 177 T.
1206 149 1314 179 LXXV.
1712 148 1780 182 1370

1152 203 1238 240 575;
1258 204 1362 231 Lxxu.
1385 220 1419 224 _
1440 205 1622 234 GENNADIO.

155 262 233 289 Hanc
244 261 323 288 vitam
340 269 395 288 :um
412 260 570 287 beatitudine
594 265 687 288 alterna
708 269 758 286 mm
773 259 969 292 conferendam.
989 268 997 283 ι
1015 259 1113 294 Οειιζιιδ
1130 268 1181 286 ηοη
1199 261 1272 291 cidit,
1293 270 1302 286 ›
1324 266 1372 288 etc.
1394 261 1448 289 Ita.
1463 270 1536 294 uw.
1553 263 1588 294 4;
1602 263 1613 289 Ι
1628 261 1691 290 Cor.
1703 270 1733 294 tt,
1745 263 1778 294 9;

417 300 440 322 et
452 302 462 321 .-
479 304 488 320 ι
503 294 563 321 Νοη
578 283 798 329 εῖιὶιῖἱὸηὲὶῖῥὶιᾶἐ
813 283 981 328 gas-am;
1002 283 1278 326 εῐεῖ”Βῦηέζ”ἐιῖι’,”ἷέ
1291 283 1300 328 ξ
1313 283 1536 329 Ιῖίὲοὲῗίνῗϋῖ
1553 283 1569 290 ⁷
1581 283 1609 297 ”
1629 283 1691 290 “””’
1746 283 1759 290 ”
1771 283 1779 294 ’

189 353 222 380 EI
239 352 286 378 καὶ
306 351 435 386 μειζόνων
452 351 468 386 ἢ
485 350 556 377 κατὰ
580 351 609 377 σὲ
632 350 776 386 ἀκροατῶν
801 350 886 376 δεῖται
912 349 942 375 τὸ

154 397 365 434 λεχθησόμενον,
389 397 445 423 ἀλλ’
468 399 542 432 ὅμως
557 396 711 429 λελέξεται·
735 397 775 422 ὃτι
805 397 829 422 εί
853 398 942 423 πᾶσαν

155 445 223 480 ὁμοῦ
249 444 298 479 τὴν
315 444 360 477 ἀφ’
384 440 413 469 οὗ
427 444 573 477 γεγόνασιν
596 443 734 477 ἄνθρωποι
754 442 942 476 μακαριότητα

156 493 195 528 τῷ
213 492 284 526 λόγῳ
308 500 349 522 τις
367 490 503 522 συλλάϐοι,
520 491 566 516 καὶ
582 491 621 521 εἰς
643 489 672 515 ἓν
695 489 855 523 ἀθροίσειεν,
882 489 942 514 οὐδὲ

159 536 298 572 μυριοστῷ
320 535 397 571 μέρει
411 535 465 562 τῶν
478 536 615 570 ἐσομένων
635 535 746 569 ἀγαθῶν
765 535 877 570 εὑρήσει
892 543 943 561 πα-

159 583 312 619 ραπλησίαν
323 590 330 597 ”
346 582 413 608 ἀλλὰ
430 581 510 607 πλέον
524 581 570 607 τοῦ
585 582 613 607 ἐν
629 582 744 612 ἐκείνοις
760 580 942 616 σμικροτάτου

157 629 192 655 τὰ
207 629 271 664 τῇδε
287 627 357 654 κατὰ
371 628 420 662 τὴν
438 627 516 660 ἀξίαν
535 627 696 662 λειπόμενα,
721 627 738 661 ἢ
752 626 802 652 ὃσα
816 626 881 652 σκιὰ
895 626 941 652 κοιλ¹

157 675 224 710 δναρ
240 673 294 700 τῶν
310 673 419 708 ἀληθῶν
432 673 570 708 ἀφέστηκε
586 672 758 708 πραγμάτων
768 680 774 686 '
793 672 890 706 μᾶλλον
900 671 940 702 δὲ,

159 720 203 746 ἴνα
217 719 429 754 πρεπωδεστέρᾳ
452 719 598 754 χρήσωμαι
613 718 708 749 εἰκόνι,
725 717 780 752 ὂσῳ
796 716 870 752 ψυχὴ
888 715 941 742 σώ-

161 775 244 801 ματος
269 765 431 801 τιμιωτέρα,
458 765 579 800 τοσούτῳ
601 765 716 791 κάκεῖνα
731 763 834 791 τούτων
855 764 942 799 διενή-

159 819 247 846 νοχεν.
804 826 813 830 -

304 856 362 882 Ol".
384 871 416 876 —
437 856 541 882 ΗΡΩΝΙ
563 855 791 890 ΣΧΟΛΑΣΤῘΚῼ.

1031 349 1087 376 Etsi
1101 355 1126 376 te
1138 350 1240 383 tnajOre
1254 356 1295 377 est
1306 359 1373 385 opus
1387 353 1520 384 auditore,
1533 354 1666 387 proteram
1679 353 1780 379 nihilo—

996 395 1086 421 minus
1097 394 1199 421 dictum
1213 394 1275 420 illud
1291 403 1297 421 :
1313 395 1453 428 nimirum,
1469 397 1492 423 si
1505 398 1565 431 quis
1579 406 1685 425 onmem
1699 398 1778 425 simul

994 440 1115 468 omnium
1141 444 1199 473 post
1213 440 1336 466 homines
1349 445 1428 468 natos
1450 441 1642 470 beatitudinem
1654 450 1779 470 sermone

992 485 1132 518 complecti
1147 488 1236 518 queat,
1249 488 1276 510 et
1294 484 1319 510 in
1335 491 1416 510 unum
1429 491 1565 519 congerat,
1582 494 1614 513 ne
1627 487 1772 513 millesima

992 532 1098 566 quidem
1122 536 1198 565 parte
1218 530 1369 556 futurorum
1395 530 1526 556 bonorum
1547 531 1775 564 comparationem
1825 543 1829 546 ~

992 578 1120 611 reperiat.
1148 576 1274 609 Quinitno
1300 576 1349 606 iis,
1368 583 1427 609 qua:
1451 575 1520 601 inter
1535 574 1578 600 illa
1603 575 1691 600 futura
1714 580 1778 601 sunt

995 623 1105 650 minima
1117 641 1124 653 ,
1151 621 1292 656 praesentia
1316 621 1428 647 tntillum
1444 620 1574 654 dignitate
1585 619 1692 651 cedunt,
1706 619 1779 646 velut

995 670 1088 696 umbra
1110 673 1138 695 et
1165 668 1298 694 somnium
1324 674 1449 694 verorum
1470 666 1601 692 exsistant
1632 665 1776 692 bonorum.

995 713 1049 740 Iino
1062 713 1160 746 potius,
1184 717 1212 738 ut
1226 712 1329 745 aptiore
1343 716 1403 738 utar
1417 710 1631 744 comparatione,
1644 713 1775 742 quantum

995 759 1100 793 corpori
1114 759 1201 785 anima
1217 762 1334 792 prmstat,
1349 761 1423 783 tanto
1436 757 1478 783 his
1494 756 1536 782 illa
1552 755 1724 782 antecellunt.

1099 846 1215 874 LXXIII.
1232 861 1264 866 -—
1285 844 1410 873 HERONI
1431 841 1675 876 SCIIOLASTIQO.

287 901 319 928 In
333 901 399 927 illud
420 901 472 927 VII
487 901 653 934 sapientum:
672 910 681 926 (
702 899 742 927 Νε
755 888 816 935 quid
829 899 925 931 nimis;
943 907 953 924 ι
971 894 1090 923 Platonis
1105 893 1160 919 loco
1174 892 1368 926 conﬁrmatum.
1384 889 1462 926 (Vide
1482 890 1556 923 epist.
1572 888 1624 914 “3
1638 888 1646 921 )

195 956 241 990 Εἷς
256 957 304 992 μὲν
314 958 368 984 τῶν
381 957 450 984 ἑπτὰ
463 957 667 993 θρυλλουμένων
685 957 773 992 σοφῶν
790 956 924 992 παρῄνεσε
933 964 941 972 ·

162 1014 171 1028 ι
186 1004 276 1038 Μηδὲν
289 1003 369 1036 ἄγαν.
400 1013 409 1028 ι
426 1003 539 1030 Πλάτων
552 1003 580 1030 δὲ
595 1004 610 1029 ὁ
621 1003 674 1029 τῶν
688 1003 842 1037 φιλοσόφων
860 1010 942 1037 κορυ-

159 1050 237 1081 φαῖος
247 1048 297 1082 ἔφη
307 1056 313 1062 “
327 1058 335 1073 ι
349 1048 393 1083 Τῷ
406 1048 461 1074 ὃντι
472 1048 502 1074 τὸ
515 1049 584 1081 ἄγαν
592 1050 723 1081 τιποιεῖν,
736 1048 857 1083 μεγάλην
869 1047 941 1082 φιλεῖ

159 1094 359 1126 εζςτοὺναντίον
370 1094 523 1129 μεταϐολὴν
533 1094 735 1121 ἀνταποδιδόναι
751 1095 778 1121 ἐν
787 1093 883 1128 ὥραις,
895 1092 941 1119 καὶ

158 1140 188 1165 ἐν
210 1141 312 1172 φυτοῖς.
329 1140 375 1165 καὶ
393 1139 421 1165 ὲν
438 1139 556 1174 σώμασι,
578 1140 626 1166 καὶ
639 1140 670 1174 δὴ
690 1140 736 1166 καὶ
754 1140 782 1165 ὲν
794 1139 941 1169 πολιτείαις

158 1186 208 1219 οὐχ
219 1185 329 1219 ἥκιστα.
350 1194 358 1210 ι
377 1184 488 1219 Ποτὲρῳ
507 1185 597 1211 τοίνυν
616 1184 799 1220 ἀκολουθῆσαι
825 1183 943 1218 προῄρη-

160 1238 224 1263 cui;
239 1230 284 1263 Τῷ
298 1230 350 1256 τῶν
367 1230 456 1264 σοφῶν
482 1230 569 1266 ἄκρῳ,
585 1231 601 1265 ἢ
621 1230 658 1265 τῷ
673 1230 728 1256 τῶν
743 1229 894 1264 φιλοσόφων
910 1227 942 1254 σὺ

159 1275 257 1308 πλέον;
271 1277 327 1302 τοῖν
340 1276 394 1310 γὰρ
412 1276 513 1310 ἀμφοῖν
535 1276 638 1307 δίκαιος
654 1276 687 1302 ἂν
708 1275 766 1310 εἴης
788 1275 940 1309 πεισθῆναι.

165 1319 194 1345 '0
211 1320 259 1354 μὲν
281 1320 336 1355 γὰρ
358 1319 520 1354 παρῄνεσεν·
536 1320 549 1345 ὁ
563 1320 591 1346 δὲ
617 1319 664 1346 καὶ
679 1320 728 1355 τὴν
745 1320 833 1347 αἰτίαν
855 1319 888 1345 δι’
909 1318 942 1352 ἣν

159 1364 212 1400 χρὴ
227 1365 370 1399 πεισθῆναι
387 1367 419 1400 τῇ
433 1366 592 1400 παραινέσει
604 1366 749 1400 ἐδήλωσεν.

317 1422 374 1447 ΟΔ’.
393 1435 426 1441 —
441 1421 620 1456 ΛΛΜΠΕΤΙῼ
638 1421 799 1456 ΔΙΑΚΟΝῼ.

1031 952 1138 986 Septem
1155 949 1266 977 Grmciaz
1287 948 1439 981 sapientum
1454 953 1514 972 vere
1527 945 1635 979 quidam
1653 944 1780 969 hortaba-

996 1002 1059 1024 tur:
1084 1005 1093 1021 ι
1105 995 1143 1022 Ne
1161 995 1225 1028 quid
1245 993 1335 1021 nimis.
1347 1003 1356 1018 ι
1386 992 1461 1018 l’lato
1475 999 1538 1017 vero
1558 990 1778 1023 philosophorum

994 1042 1118 1076 princeps
1129 1040 1254 1067 dicebat:
1270 1038 1401 1064 tNimium
1414 1037 1476 1070 quid
1488 1043 1578 1070 agerc,
1596 1042 1717 1066 magnam
1733 1041 1779 1060 so-

994 1087 1049 1114 lere
1079 1086 1105 1112 in
1128 1084 1294 1112 contrarium
1316 1081 1524 1116 disputationem
1551 1079 1648 1105 all'erre
1673 1084 1727 1105 tum
1752 1079 1778 1104 in

993 1132 1057 1159 anni
1079 1129 1246 1163 temporibus
1261 1132 1288 1154 et
1310 1125 1435 1153 humanis
1445 1124 1612 1158 corporibus,
1641 1127 1696 1149 tum
1722 1130 1779 1148 ma-

995 1178 1067 1204 xime
1088 1176 1114 1202 iu
1128 1174 1208 1201 rebus
1224 1172 1366 1207 publicis.»
1389 1170 1481 1198 Utrius
1504 1169 1668 1202 sequendam
1683 1175 1780 1195 censes

995 1223 1084 1257 potius
1097 1220 1270 1251 sententiam,
1284 1217 1473 1252 sapientunme
1485 1223 1517 1241 an
1539 1214 1669 1248 principis
1690 1213 1779 1247 philo-

995 1265 1160 1303 sophorum?
1173 1265 1214 1291 Ab
1228 1269 1287 1291 ntro
1303 1270 1355 1298 que
1371 1262 1442 1289 enim
1456 1261 1560 1296 justum
1574 1264 1646 1287 esset
1675 1266 1701 1286 te
1719 1267 1780 1294 per-

995 1311 1125 1339 suaderi?
1145 1310 1190 1337 Ille
1209 1311 1280 1337 enim
1297 1309 1445 1339 admonet;
1468 1306 1512 1334 hic
1523 1313 1587 1333 vero
1601 1312 1718 1338 causam,
1732 1312 1781 1331 cur

995 1356 1121 1384 assentiri
1139 1356 1199 1390 quis
1211 1353 1307 1383 debeat
1320 1353 1505 1385 admonitioni,
1518 1352 1645 1379 ostendit.

1120 1411 1238 1438 LXXIV.
1260 1425 1293 1431 -—
1313 1409 1489 1437 LAMPETIO
1508 1407 1666 1434 DIACONO.

159 1467 255 1494 Meum:
273 1467 317 1494 me
330 1468 374 1502 qu,-
387 1476 496 1502 pecmns
510 1469 557 1495 κη
571 1477 597 1495 δέ,
607 1454 726 1502 iam“,
743 1454 918 1535 ωἠαετσοιιγέι
939 1464 1188 1528 ρεεεται,1ῃρὸεριιιιη
1204 1459 1327 1493 ignorans
1344 1456 1391 1483 illo
1406 1460 1434 1482 ut
1449 1460 1515 1482 recte
1534 1455 1605 1489 facta
1630 1454 1780 1481 delectetur.

829 1502 838 1535 (
863 1509 895 1526 an
910 1508 938 1526 er
952 1503 1030 1531 epist.
1064 1497 1080 1523 5
1103 1515 1108 1521 .

829 1497 943 1536 (Confer
952 1498 1030 1531 epist.
1047 1497 1108 1523 159.

202 1559 231 1586 '0
258 1559 422 1594 ἁμαρτάνων
448 1559 497 1594 μέν
518 1567 555 1591 τι,
585 1557 728 1593 γινώσκων
753 1558 792 1590 δὲ,
819 1555 868 1584 τοῦ
897 1555 943 1582 καὶ

1033 1551 1152 1578 Peccans
1164 1549 1283 1584 quidem,
1295 1547 1341 1574 sed
1356 1553 1506 1581 agnoscens
1517 1549 1667 1580 peccatum,
1680 1552 1721 1577 eo,
1733 1545 1778 1579 qui

162 1605 364 1640 ἁμαρτάνοντος
389 1604 436 1631 καὶ
457 1605 493 1640 μή
520 1604 702 1638 γινώσκοντος
728 1603 848 1638 ἀμείνων
875 1599 944 1628 εἷναί

163 1659 210 1685 μοι
221 1650 308 1677 δοκεῖν
327 1650 355 1676 '0
371 1650 418 1685 μὲν
429 1650 483 1684 γὰρ
498 1650 591 1685 ὀρθὴν,
609 1651 622 1676 ὁ
635 1650 663 1676 δὲ
677 1649 879 1684 διεφθαρμένην
889 1648 945 1683 ἔχει

161 1694 216 1721 τῶν
231 1694 400 1729 πραγμάτων
414 1694 464 1729 τὴν
476 1694 566 1730 κρίσιν
578 1703 584 1709 ·
601 1695 669 1721 καὶό
683 1694 732 1729 μὲν
749 1695 789 1725 εἰς
803 1694 945 1728 μετάνοιαν

164 1740 314 1774 βαδιεῖται,
339 1741 353 1766 ὁ
366 1740 393 1766 δὲ
415 1741 454 1770 εἰς
478 1739 646 1774 ἀναλγησίαν
668 1739 839 1774 τελευτήσει·
859 1738 873 1764 ὁ
894 1738 943 1773 μὲν

162 1786 322 1821 ἐρυθριάσει
348 1785 524 1816 πταίων,ὁδ’
546 1785 600 1811 οὐδ’
623 1783 868 1820 ὲρυθριάσει·πῶς
890 1783 944 1818 γὰρ

165 1831 324 1866 ἐρυθριάσει
339 1831 395 1866 (80)
404 1832 417 1857 ὁ
430 1830 496 1865 μηδὲ
511 1830 577 1857 αὐτὸ
588 1830 667 1856 τοῦτο
677 1831 717 1856 ὅτι
730 1829 820 1856 πταίει
834 1829 944 1855 ἐπιστά-

164 1884 261 1910 μενος;
277 1876 322 1901 Διὸ
335 1876 349 1902 ὁ
364 1876 418 1902 τῶν
427 1875 598 1911 πραγμάτων
610 1875 730 1910 ἀκριϐῶς
740 1874 886 1909 βασανίσας
894 1873 942 1907 τὴν

168 1923 259 1958 φύσιν,
273 1923 342 1958 ἔφη·
364 1933 373 1949 ι
393 1924 430 1950 Οὐ
449 1924 530 1959 μόνον
552 1923 622 1951 αὐτὰ
650 1923 782 1954 ποιοῦσιν,
805 1921 873 1949 ἀλλὰ
900 1922 948 1948 καὶ

166 1969 355 1996 συνευδοκοῦσι
382 1970 439 2001 τοῖς
468 1970 666 2005 πράττουσιν,»
691 1968 720 1994 τὸ
749 1969 869 1994 ἐπαινεῖν
901 1967 947 1993 τοῦ

165 2017 295 2052 πράττειν
316 2015 523 2051 ἀργαλεώτερον
545 2013 626 2047 εἶναι,
646 2013 759 2045 εἰκότως
776 2013 947 2048 ὁρισάμενος.

165 2061 224 2096 Χρὴ
240 2058 286 2087 οὖν
306 2061 351 2087 τὸν
368 2060 416 2095 μὲν
437 2061 476 2091 εἰς
504 2060 647 2095 μετάνοιαν
668 2058 885 2093 παρακελεῦσαι·
909 2057 948 2092 τῷ

163 2107 191 2134 δὲ
206 2106 332 2142 αῐσθησιν
344 2106 398 2133 τῶν
422 2105 590 2140 γιγνομένων
605 2105 763 2140 ἐμποιῆσαι.
780 2105 812 2131 El
833 2104 871 2139 μὴ
893 2103 948 2138 γὰρ

163 2152 292 2184 αἰσθοιτο,
308 2151 369 2179 οὔτε
385 2152 555 2188 ἁμαρτάνειν
571 2151 712 2178 παύσοιτο.

322 2249 382 2277 ΟΕ’.
397 2265 432 2270 —
457 2249 612 2276 ΔΙΟΓΕΝΕΙ
628 2249 787 2283 ΔΙΑΚΟΝῼ.

997 1600 1100 1632 peccat,
1114 1603 1165 1622 non
1179 1599 1267 1620 tamen
1280 1601 1310 1620 se
1332 1599 1460 1627 peccasse
1477 1592 1586 1623 fatetur,
1613 1591 1691 1625 longe
1708 1598 1780 1625 pne-

998 1642 1115 1670 stantior
1126 1641 1190 1668 mihi
1204 1639 1311 1674 quidem
1326 1639 1441 1665 videtur.
1462 1637 1509 1664 Ille
1520 1638 1592 1664 enim
1606 1641 1709 1664 rectum
1733 1637 1782 1663 ha-

999 1690 1054 1721 bet,
1083 1688 1126 1714 hic
1141 1694 1205 1713 vero
1218 1690 1374 1719 corruptum
1387 1685 1419 1711 de
1431 1684 1512 1711 rebus
1523 1683 1654 1716 judicium
1668 1690 1675 1714 ;
1695 1682 1739 1708 ille
1749 1683 1783 1708 ad

998 1733 1182 1770 paenitentiam
1203 1732 1288 1758 tendit
1302 1749 1310 1762 ,
1345 1731 1390 1757 hic
1413 1730 1471 1756 sine
1489 1729 1581 1755 dolore
1608 1732 1782 1762 peccatorum

996 1779 1197 1812 exslinguetur:
1214 1776 1257 1803 ille
1269 1775 1404 1809 peccando
1414 1774 1548 1802 erubescit
1562 1793 1568 1804 ,
1600 1772 1642 1799 hic
1655 1779 1719 1798 vero
1731 1772 1783 1797 mi—

998 1825 1079 1851 nimc.
1101 1823 1158 1855 Qua
1172 1822 1243 1848 enim
1257 1821 1361 1847 ratione
1375 1819 1533 1849 erubescat,
1547 1825 1607 1844 cum
1620 1824 1649 1843 se
1670 1823 1784 1850 peccare

1000 1867 1124 1895 nesciat?
1142 1865 1210 1892 Hinc
1220 1870 1247 1892 et
1260 1872 1349 1891 rerum
1362 1863 1481 1890 omnium
1507 1867 1632 1888 accurate
1644 1860 1784 1894 explorare

1001 1917 1125 1940 naturam
1139 1911 1231 1938 solitus
1245 1910 1314 1936 dixit
1328 1918 1334 1936 :
1359 1907 1432 1934 «Non
1446 1909 1531 1934 solum
1546 1906 1602 1933 haec
1613 1906 1725 1938 faciunt,
1737 1905 1783 1931 sed

1001 1963 1028 1986 et
1042 1957 1215 1986 consentiunt
1235 1954 1395 1982 facientibus
1417 1953 1450 1985 ¹⁰,
1468 1962 1476 1978 ι
1511 1956 1583 1979 recte
1606 1950 1783 1982 concludens,

1001 2004 1109 2039 gravius
1121 2009 1182 2029 esse
1203 2001 1315 2027 laudare
1327 2006 1406 2033 quant
1423 1998 1524 2024 facere.
1546 1996 1622 2023 Illum
1646 1996 1737 2029 itaque
1750 1994 1784 2021 ad

1003 2048 1212 2083 resipisrendum
1226 2044 1350 2073 convenit
1366 2043 1498 2076 invitare;
1520 2042 1582 2068 huic
1595 2048 1659 2067 vero
1673 2047 1783 2067 sensum

1003 2095 1095 2122 indere
1115 2091 1300 2127 judiciumque
1324 2088 1393 2115 male
1415 2092 1497 2122 gestte
1515 2087 1553 2114 rei
1575 2089 1693 2120 oportet.
1727 2084 1784 2111 Nisi

1002 2141 1074 2167 cuitu
1097 2142 1236 2173 peccatum
1259 2135 1320 2170 quis
1343 2138 1506 2168 cognoscat,
1529 2138 1644 2166 peccare
1667 2138 1719 2157 non
1739 2130 1787 2156 de-

1003 2187 1084 2213 sinet.

1149 2238 1253 2266 LXXV.
1274 2253 1301 2257 —
1329 2233 1465 2263 DIOGEM
1485 2232 1645 2260 DIACONO.

688 2294 872 2330 Ἀχαριστίας,
888 2291 1032 2326 ingratique
1054 2292 1160 2314 accusat
1180 2285 1277 2312 animi.

198 2353 265 2379 Λίαν
282 2360 323 2378 σοι
339 2352 491 2387 μέμφομαι,
507 2353 548 2379 ὅτι
559 2352 672 2386 τέθνηκε
687 2350 762 2386 παρὰ
773 2351 813 2376 σοὶ
827 2351 844 2384 ἡ
855 2350 944 2384 χάρις,

163 2397 197 2432 ἣν
211 2397 338 2431 δεόμενος
351 2398 412 2423 τότε
429 2397 562 2422 ἀθάνατον
577 2397 649 2428 ἕξειν
669 2396 724 2429 (SI)
744 2393 945 2421 διεϐεϐαιώσω’

164 2442 220 2469 ἴσθι
233 2442 389 2478 τοιγαροῦν,
411 2443 452 2468 ὅτι
470 2442 624 2478 περιπεσὼν
649 2440 726 2473 αὖθις
752 2440 878 2475 συμφορᾷ
899 2440 948 2473 οὺχ

164 2487 235 2519 ἕξεις
264 2488 310 2514 τὸν
334 2488 563 2523 ἁντιληψόμενον·
590 2487 694 2522 βοηθῶν
723 2486 776 2521 γὰρ
789 2484 948 2519 ἀναγκαίως

166 2532 315 2567 ἀποροῦσιν
329 2534 353 2559 οἱ
366 2532 546 2568 ἐπιλήσμονες
560 2533 636 2564 ὄντες
654 2530 782 2567 χαρίτων.

203 2642 224 2657 ¹⁰
238 2641 317 2669 Rom.
331 2648 350 2673 ι,
366 2640 411 2668 52.

1036 2344 1092 2371 Non
1108 2343 1207 2377 injuria
1221 2341 1268 2367 tibi
1280 2345 1439 2370 succenseo,
1454 2336 1526 2372 quod
1551 2336 1620 2370 apud
1644 2339 1670 2362 te
1689 2334 1787 2369 gratia,

1000 2397 1080 2423 quam
1103 2387 1214 2414 reddere
1237 2389 1366 2420 perpetuo
1379 2382 1530 2416 oportebat,
1555 2381 1637 2416 576
1665 2379 1786 2415 perierit.

1002 2434 1193 2468 Scitoilaque,
1215 2439 1275 2458 cum
1289 2431 1377 2457 denuo
1399 2430 1424 2455 in
1438 2428 1588 2455 discrimen
1610 2425 1720 2460 aliquod
1746 2425 1789 2451 iu-

1002 2480 1111 2511 eideris,
1136 2477 1285 2510 adjutorem
1308 2480 1334 2503 te
1358 2473 1473 2501 minime
1498 2477 1684 2506 reperturum.
1705 2468 1788 2496 Auxi-

1002 2525 1096 2551 lialore
1108 2523 1179 2550 enim
1199 2521 1260 2555 jure
1275 2523 1351 2547 caret
1363 2519 1408 2554 qui
1422 2518 1571 2546 obliviosus
1583 2520 1624 2544 est
1638 2514 1733 2550 gratiae
1743 2520 1787 2540 ac—

1003 2574 1098 2604 ceptm.

729 2681 845 2708 VAlllrE
865 2680 1056 2708 LECTIONES
1073 2680 1116 2707 ET
1135 2680 1250 2708 NOTIE.

203 2760 258 2796 (80)
279 2760 351 2796 Hice,
372 2760 430 2791 πῶς
451 2760 514 2795 γὰρ.
530 2779 536 2785 .
550 2779 556 2786 .
571 2781 576 2786 .
591 2780 596 2786 .
612 2780 617 2786 .
633 2779 639 2786 .
665 2759 823 2796 ὲρυθριάσει
845 2759 950 2796 omitte-

138 2803 140 2806 ·
170 2796 216 2856 In:
233 2794 275 2856 (Et.
298 2795 394 2826 Patis.,
413 2799 440 2822 et
461 2797 594 2822 adduntur
611 2802 644 2822 ex
660 2795 737 2821 codd.
758 2794 843 2821 Vatic.
858 2794 910 2821 650
924 2799 950 2820 ct

173 2842 180 2856 .‘
216 2849 223 2856 .
261 2837 317 2857 υιτ.

1041 2758 1096 2794 (8i)
1117 2758 1168 2786 Pro
1183 2759 1254 2791 ἕξειν
1269 2758 1360 2791 legunt
1374 2757 1429 2790 ἕξιν
1445 2755 1529 2794 codd.
1548 2755 1610 2794 Vat.
1625 2752 1717 2794 (ξέὶοιςι

1004 2786 1139 2826 Ιὶίῖὲῐηῖμιε
1162 2786 1232 2820 vers.
1256 2786 1345 2825 antep.
1371 2786 1412 2826 ep.
1435 2798 1482 2824 pro
1506 2790 1551 2815 τὸν
1575 2786 1786 2822 ἀντιληψόμενον

1004 2825 1124 2855 srrtbuut
1138 2829 1161 2854 τ’
1178 2825 1399 2862 ἀντιληψόμενον.
1417 2825 1521 2852 Possm.
