2049 3164
141 138 210 172 1373

576 139 841 170 EPISTOLARUM
860 139 932 168 LIB.
953 139 987 167 ι’.
1004 149 1038 155 --
1055 138 1172 167 EPIST.
1193 137 1336 169 LXXXII.

1693 134 1760 167 ιιι-ιι

139 196 200 229 ϐὰς,
223 195 279 223 ἀλλ’
306 195 346 227 είς
365 195 397 221 τὺ
421 193 613 230 λαμπροτέρας
634 195 733 228 λαϐεῖν,
749 197 773 222 ει
789 197 818 222 ὲν
842 196 921 222 πᾶσιν

976 201 1095 228 praesens
1111 202 1163 221 non
1180 195 1314 229 accipere.
1329 194 1444 229 idipsum
1457 200 1511 221 non
1526 197 1555 221 nt
1570 193 1687 226 amittat,
1709 197 1758 222 sed

139 240 358 275 εὐδοκιμήσειας,
372 239 403 266 τὸ
420 239 534 274 μηδέπω
548 239 639 266 λαῦεῖν
657 241 852 275 περιστήσεται
871 248 922 266 σοι.

144 286 174 314 '0
192 287 240 322 μὲν
254 286 308 321 γὰρ
321 284 439 311 ἐνταῦθά
451 293 478 311 τι
494 284 583 311 λαϐὼν
597 284 739 320 λαμπρὸνο
752 287 766 312 ὁ
780 286 807 312 δέ
823 285 859 322 μὴ
876 285 925 311 λα-

139 332 206 364 ϐὼν,
230 331 421 366 λαμπρότερον
446 331 535 357 ἐκεῖσε
563 330 617 362 ἕξει
641 331 686 357 τὸν
712 331 854 365 στέφανον.
878 331 923 366 Μὴ

138 380 240 411 τοίνυν,
259 378 274 404 δ
296 377 429 412 θυμηδίας
453 377 511 403 ἐστὶ
534 377 676 412 πρόξενον,
700 376 781 403 τοῦτο
806 377 925 412 ἀθυμίας

140 433 182 452 σοι
197 425 284 451 αἴτιον
297 423 424 457 γινέσθω.
448 421 492 457 Τῷ
509 422 558 458 μὲν
582 423 636 457 γὰρ
659 422 776 449 ἐνταῦθα
791 423 923 458 εἰληφότι,

138 469 253 499 εἰκότως
281 468 463 502 ὑποτέμνεται
480 469 494 494 ὁ
510 467 619 502 μισθός·
634 467 673 503 τῷ
695 468 723 494 δὲ
746 468 783 503 μὴ
802 468 925 504 εἰληφότι

138 515 266 550 ἀκέραιος
282 513 362 549 δῆλον
377 514 418 540 ὃτι
436 513 612 547 φυλάττεται.

290 595 349 623 ΟΘ¹.
365 610 400 616 -
415 595 569 630 ΚΥΡΙΛΛῼ
586 595 770 632 ΕΠΙΣΚΟΠῼ.

979 244 1006 266 ιιι
1030 239 1228 266 mnniiicentius
1266 240 1398 275 accipiat,
1419 240 1588 267 occasionem
1616 247 1686 268 esse.
1710 239 1760 273 Qui

979 285 1051 312 enim
1079 285 1123 311 hic
1154 285 1226 319 capit
1245 285 1357 319 aliquid,
1377 286 1509 313 illustrem
1531 285 1651 320 quidem,
1671 291 1699 313 at
1715 286 1759 321 qui

979 330 1044 358 nihil
1062 330 1206 364 receperit,
1227 330 1399 358 illustriorem
1419 331 1445 358 in
1458 331 1542 358 altera
1556 331 1610 357 vita
1633 339 1760 358 coronam

979 380 1169 410 consequetur.
1187 374 1258 402 Cave
1278 375 1361 410 igitur
1389 383 1422 402 ne
1445 376 1516 410 quod
1543 376 1625 403 animi
1645 377 1761 404 delecta-

979 421 1078 448 tionem
1091 420 1230 452 conciliat,
1245 420 1333 454 pariat
1353 420 1400 447 tibi
1424 420 1511 454 pusilli
1535 420 1618 447 animi
1641 421 1761 448 occasio-

978 473 1049 493 nem.
1093 465 1143 492 Hic
1180 465 1252 492 enim
1289 465 1431 499 recipienti
1458 465 1555 492 merito
1592 466 1761 500 intercipitur

977 518 1097 544 merces;
1112 510 1150 537 illi
1162 517 1227 537 vero
1242 517 1294 537 non
1311 509 1452 543 accipienti
1471 510 1605 543 integrum
1627 510 1759 538 asservari

976 557 1126 592 prmmium,
1143 556 1316 583 manifestum
1337 560 1389 583 est.

1100 601 1219 629 LXXIX.
1244 616 1280 621 —
1295 600 1445 628 CYRILLO
1461 599 1633 628 El‘lSCOPO.

514 641 693 677 Eleemosyna:
707 643 738 670 de
753 644 826 678 jurte
838 646 922 677 partis
939 651 1022 682 gratae
1038 647 1103 675 Deo.
1121 647 1210 684 (Conf.
1226 648 1301 682 epist.
1317 647 1392 683 249.)

173 695 235 724 Οἷδε
263 697 372 728 πάντως
393 697 410 731 ἠ
437 696 470 732 σὴ
496 697 617 730 σύνεσις,
644 698 682 730 ὡς
704 699 813 726 οὐδὲτὸ
830 699 924 727 ἄδικον

138 744 234 778 κέρδος
249 744 286 775 είς
300 743 483 779 ἐλεημοσύνην
498 744 650 780 ἐπιτήδειον
660 753 667 760 ·
683 744 745 771 οὔτε
757 747 773 780 ἡ
788 746 925 780 ἀπληστία

1013 702 1102 730 Probe
1117 707 1161 730 tua
1183 703 1258 730 n0vit
1273 703 1414 737 prudentia
1430 702 1536 730 lucrum
1559 702 1690 737 injustum
1706 710 1759 730 non

979 749 1044 776 satis
1064 756 1125 776 esse
1145 749 1321 784 eleemosynae
1339 749 1475 781 idoneum,
1501 755 1588 782 neque
1611 747 1760 781 inexplebi-

138 789 194 816 τῶν
219 790 429 824 οῑκονομούντων
451 789 499 824 τὴν
530 790 729 825 Πηλουσιωτῶν
760 791 921 826 Ἐκκλησίαν

979 794 1030 820 lem
1055 793 1172 821 habendi
1198 794 1371 828 cupiditatem
1396 793 1612 828 dispensatorum
1629 792 1758 820 Ecclesiae

138 835 220 870 κόρον
236 833 314 862 οἶδεν.
332 835 448 870 Ἀριστα
463 833 508 861 οὖν
524 834 667 871 πράξειας,
683 836 707 862 εί
723 836 855 868 παύσειας
869 837 923 864 τῶν

138 881 174 907 τὰ
195 880 408 916 ἑκκλησιαστικὰ
429 879 601 907 διοικούντων
616 882 745 916 χρήματα
762 882 811 913 τὰς
828 882 924 909 πλεον-

139 927 214 959 εξίας
224 935 230 941 ·
253 927 277 953 εἰ
297 926 351 962 γὰρ
374 926 405 952 τὸ
421 926 450 958 ἐξ
464 927 570 957 ἀδικίας
586 927 744 962 πορίζεσθαι
759 929 816 959 τοῖς
829 928 923 963 δεομέ-

139 981 194 1003 νοις
209 972 243 998 τὰ
266 973 403 1006 ἀναγκαῖα
429 972 479 999 οὐκ
505 973 613 1006 εὐαγὲς,
630 972 661 999 τὸ
677 973 743 1008 μηδὲ
760 975 816 1005 τοῖς
830 974 924 1009 δεομέ-

138 1027 194 1050 νοις
210 1018 280 1044 αὐτὰ
299 1018 431 1053 πορίζειν,
457 1017 514 1045 ἀλλ’
531 1018 642 1050 οἰκείοις
662 1019 810 1054 θησαυροῖς
826 1020 924 1047 ἐναπο-

138 1062 248 1093 κλείειν,
275 1062 362 1097 πάντη
394 1063 584 1097 ὲναγέστατον.
616 1063 835 1090 Μανθανέτωσαν
864 1062 921 1097 οὖν,

137 1108 178 1134 ὅτι
203 1108 250 1134 καὶ
266 1107 404 1142 διανέμειν
423 1109 558 1142 ὀφείλουσι
583 1108 711 1144 καθαρῶς
725 1111 782 1141 τοῖς
809 1110 924 1145 πενομέ-

137 1163 193 1186 νοις
218 1154 253 1180 τὰ
275 1154 387 1185 δικαίως
405 1155 540 1189 προσόντα
557 1155 604 1181 καὶ
627 1155 733 1187 ἀδικίας
747 1156 856 1191 ἁπάσης
872 1164 922 1182 κα-

139 1199 274 1234 Θαρεύειν,
289 1199 406 1234 μάλιστα
423 1199 472 1234 μὲν
487 1200 581 1234 ἐπειδὴ
594 1200 633 1235 τῷ
647 1201 734 1235 Κριτῇ
748 1201 826 1227 τοῦτο
840 1200 921 1228 δοκεῖ·

139 1245 233 1272 ἔπειτα
250 1245 290 1277 δὲ,
305 1246 346 1272 ὅτι
367 1245 428 1271 οὐδὲ
442 1245 554 1272 ἐκείνων
579 1246 681 1278 ἕνεκεν,
704 1244 741 1274 ὧν
758 1255 824 1281 φασι
840 1256 923 1283 φρον-

138 1291 233 1322 τίζειν,
248 1290 465 1322 πλεονεκτοῦσιν,
481 1290 548 1317 ἀλλὰ
562 1291 624 1323 τοὺς
638 1292 755 1324 οίκείους
769 1292 924 1328 θησαυροὺς

139 1336 279 1370 ἐμπλῆσαι
304 1336 469 1370 γλιχόμενοι.
499 1337 530 1362 Εί
545 1336 599 1372 γὰρ
627 1337 751 1369 σϐέσειας
776 1338 831 1364 τῶν
857 1338 923 1364 διοι-

139 1381 257 1407 κούντων
270 1382 319 1416 τὴν
335 1381 498 1416 ἀπληστίαν,
514 1381 614 1417 πολλῆς
633 1382 815 1410 ἀπολαύονται
829 1384 854 1410 οἱ
872 1384 923 1410 πέ-

138 1434 217 1461 νητες
231 1427 383 1461 εὐετηρίας.

305 1473 346 1499 Ην.
363 1487 396 1492 -
416 1471 579 1508 ΔΡΠΟΚΡᾼ
598 1473 754 1508 sociam.

974 839 1170 867 Pelusiotarum
1187 848 1267 875 posse
1282 840 1385 868 satiari.
1408 839 1515 875 Optime
1539 839 1630 873 itaque
1651 838 1758 871 feceris,

974 884 996 910 si
1014 891 1119 917 eorum,
1136 883 1182 918 qui
1213 884 1339 911 Ecclesiae
1367 885 1437 911 bona
1462 884 1622 918 gubernant,
1649 890 1758 910 cessare

973 927 1114 954 avaritiam
1137 935 1228 962 cogas.
1251 927 1278 955 Si
1304 928 1376 955 enim
1401 935 1448 962 per
1474 927 1550 955 nefas
1572 932 1649 963 parta
1672 935 1706 954 ne
1732 928 1758 954 in

971 971 1082 1007 judiciis
1109 972 1217 1006 quidem
1240 980 1353 1007 erogare
1379 973 1421 1000 fas
1446 978 1504 1006 est;
1522 973 1656 1008 quomodo
1683 972 1757 999 nefas

975 1025 1027 1044 non
1039 1018 1091 1045 erit
1106 1025 1135 1045 ea
1148 1018 1174 1044 iu
1189 1019 1306 1053 propriis
1323 1019 1458 1046 thesauris
1469 1019 1622 1053 reponere?
1639 1019 1758 1048 Doceat:-

973 1067 1017 1090 tur
1045 1058 1152 1098 itaque,’
1172 1065 1280 1098 quando
1315 1071 1381 1099 pure
1406 1069 1434 1092 et
1456 1065 1571 1091 candide
1595 1064 1758 1098 pauperibus

975 1109 1139 1137 distribuere
1153 1117 1184 1137 ea
1201 1110 1309 1142 debent,
1320 1117 1380 1144 quae
1392 1109 1465 1144 juste
1481 1117 1513 1137 ac
1528 1109 1646 1144 legitime
1661 1109 1757 1142 acqui-

974 1155 1096 1187 siveriut,
1123 1155 1157 1182 ab
1191 1155 1322 1190 injustitia
1355 1156 1427 1182 omni
1451 1162 1534 1190 puros
1565 1161 1595 1181 se
1633 1154 1755 1186 reddere,

975 1202 1091 1229 maxime
1116 1209 1178 1229 cum
1205 1201 1293 1229 Judici
1317 1201 1397 1237 [Deo]
1424 1201 1464 1228 sic
1491 1201 1629 1236 placitum,
1653 1199 1759 1233 quando

974 1255 1060 1281 neque
1078 1247 1181 1274 illorum
1193 1247 1290 1282 gratia,
1303 1254 1362 1282 quae
1371 1254 1467 1274 curare
1481 1253 1510 1273 se
1526 1245 1627 1277 dicunt,
1644 1244 1759 1279 amplius

974 1293 1140 1326 possideant,
1158 1293 1204 1320 sed
1218 1293 1340 1327 quotidie
1361 1292 1418 1318 suis
1436 1291 1598 1326 impleantur
1612 1289 1756 1317 thesauris.

976 1337 1005 1364 Si
1019 1337 1089 1364 enim
1112 1337 1318 1372 gubernantium
1337 1337 1489 1365 resecueris
1514 1335 1629 1363 habendi
1652 1334 1758 1369 cupidi-

977 1386 1072 1414 tatem,
1089 1381 1261 1408 emolumenti
1278 1381 1423 1416 plurimuni
1437 1381 1530 1415 inopes
1549 1388 1564 1407 e
1584 1379 1759 1414 proventibus

974 1428 1092 1463 capient.

1077 1471 1184 1500 LXXX.
1195 1487 1228 1492 —
1247 1470 1447 1498 HABPOCRIE
1461 1469 1653 1498 SOPHISTZE.

418 1516 450 1543 In
470 1517 653 1543 ratiocinando
673 1523 748 1544 caule
760 1518 902 1553 agendum,
917 1525 947 1544 ne
961 1517 1056 1544 veritas
1075 1517 1142 1543 male
1163 1516 1324 1549 defendendo
1342 1516 1479 1549 prodatur.

129 1595 132 1598 -
179 1574 209 1602 '0
225 1575 273 1610 μὲν
290 1576 318 1601 ὲν
338 1575 393 1606 τοῖς
408 1575 507 1609 κομιδῆ
533 1574 708 1609 ζητουμένοις
721 1575 790 1610 ἔχων
809 1575 921 1610 ἰσχυρὰν

137 1619 214 1646 ’λύσιν
239 1621 399 1652 ἐπαγαγεῖν,
424 1619 536 1650 εἰκότως
550 1619 581 1645 οὐ
603 1619 703 1646 δέδοικε
728 1619 921 1653 χαλεπωτέραν

138 1665 223 1692 ποιῶν
234 1665 283 1701 τὴν
298 1666 444 1691 ἀντίθεσιν.
465 1665 493 1691 '0
507 1665 535 1691 δε
551 1665 587 1700 μὴ
604 1665 683 1699 ἔχων,
699 1664 748 1700 τὴν
765 1664 792 1690 δὲ
808 1664 921 1698 δύναμιν

137 1711 191 1736 τῶν
203 1710 290 1744 λόγων
305 1711 333 1736 ὲν
344 1712 377 1746 τῇ
400 1710 535 1736 ἀντιθέσει
555 1711 784 1744 ἐπιδεικνύμενος,
800 1711 827 1736 ἐν
841 1710 870 1736 δὲ
887 1711 919 1745 τῇ

137 1755 212 1782 λύσει
237 1755 354 1790 ἀσθενὴς
378 1756 556 1790 φαινόμενος,
574 1755 700 1782 λανθάνει
728 1755 921 1790 λαμπροτέραν

136 1801 185 1835 τὴν
208 1801 312 1828 οἰκείαν
329 1801 552 1836 ἐπιδεικνύμενος
581 1799 676 1836 ἧτταν.
702 1801 738 1827 Οὐ
762 1801 817 1835 γὰρ
840 1801 921 1836 ἐχρῆν

136 1846 206 1872 οὕτω
231 1846 306 1880 παρὰ
333 1846 382 1880 τὴν
409 1845 495 1880 ἀρχὴν
515 1845 699 1879 ἀγωνίσασθαι
717 1844 763 1871 τὸν
790 1845 920 1879 μέλλοντα

136 1892 346 1926 ἡττηθήσεσθαι·
366 1892 466 1926 μᾶλλον
495 1892 533 1923 δὲ,
552 1893 575 1917 εί
598 1891 639 1917 δεῖ
664 1890 793 1926 τάκριϐὲς
823 1891 920 1923 εἰπεῖν,

136 1937 269 1971 προδότης
294 1938 343 1971 τῆς
374 1937 501 1971 ἀληθείας
531 1936 740 1972 φωραθήσεται,
769 1936 803 1962 δι’
820 1933 857 1962 ὧν
871 1936 920 1970 τὴν

135 1982 250 2016 δυναμιν
268 1982 322 2008 τῶν
353 1983 442 2014 λόγων
459 1982 508 2017 τὴν
527 1983 555 2008 ὲν
577 1983 610 2017 τῇ
628 1981 774 2014 ἀντιθέσει,
800 1982 851 2008 οὐκ
872 1982 920 2007 ὲπσ

134 2028 252 2060 εδείξςιτο
267 2031 297 2054 ὲν
308 2030 340 2064 τῇ
355 2028 442 2054 λύσει.

392 2075 454 2101 una
472 2087 506 2094 -ι
526 2074 659 2109 ΖΩΣΙΜῼ.

1010 1573 1060 1606 Qui
1081 1573 1114 1600 ad
1139 1575 1315 1607 exaggeratas
1335 1572 1498 1605 quaestiones
1522 1571 1638 1598 validam
1672 1574 1761 1604 potest

975 1619 1072 1646 all'erre
1092 1618 1265 1649 solutionem,
1288 1618 1384 1644 merito
1409 1624 1460 1644 non
1478 1617 1580 1649 timeat,
1602 1615 1648 1651 qui
1664 1615 1759 1643 didici-

975 1664 1069 1690 liorem
1083 1663 1381 1697 aiferatohjectionem.
1399 1662 1434 1689 At
1452 1661 1566 1688 solidam
1584 1668 1636 1687 non
1655 1660 1759 1687 habens

974 1709 1154 1741 solutionem,
1183 1709 1209 1735 in
1239 1708 1353 1742 objectis
1377 1715 1442 1734 vero
1470 1707 1604 1734 rationum
1635 1706 1761 1733 ostendat

974 1761 1120 1787 momenta.
1130 1761 1156 1782 et
1172 1756 1198 1783 in
1210 1756 1343 1783 solutione
1356 1755 1499 1782 imbecillis
1512 1758 1659 1789 appareat;
1673 1753 1761 1780 nescit

975 1801 1047 1834 quod
1064 1800 1214 1827 dinicultati
1241 1807 1272 1826 se
1302 1799 1478 1826 succubuisse
1507 1798 1605 1825 clarius
1623 1797 1758 1825 ostendat.

973 1845 1030 1872 Non
1043 1846 1113 1873 enim
1136 1846 1175 1873 sic
1192 1846 1334 1880 oportebat
1358 1852 1419 1872 eum
1435 1845 1469 1872 ab
1489 1844 1565 1872 initio
1579 1844 1756 1876 contendere,

971 1891 1016 1925 qui
1030 1890 1135 1918 futurus
1146 1895 1206 1917 erat
1223 1890 1346 1922 inferior,
1363 1890 1405 1917 vel
1420 1890 1520 1924 potius,
1545 1890 1567 1917 si
1587 1889 1750 1924 loquendum

972 1937 1074 1968 verius.
1100 1937 1221 1972 proditor
1248 1937 1370 1964 veritatis
1394 1936 1672 1971 comprehendendus,
1688 1934 1759 1969 quod

973 1990 1026 2009 non
1037 1983 1133 2009 viderit
1147 1983 1172 2009 in
1184 1982 1317 2010 solutione
1340 1983 1393 2009 vim
1419 1982 1563 2014 rationum,
1580 1987 1639 2016 qua).
1658 1980 1684 2007 in
1708 1980 1759 2007 ob-

971 2029 1086 2064 iectione
1097 2030 1256 2064 apparebat.

1215 2073 1332 2102 LXXXI.
1344 2088 1380 2094 -
1395 2073 1531 2101 ZOSIMO.

768 2119 810 2147 Ad
828 2119 945 2146 uirtutem
968 2120 1128 2148 exstimulat.

167 2175 199 2201 El
217 2174 254 2208 μὴ
281 2174 370 2209 βούλει
385 2175 472 2210 ὀνείδη
500 2183 528 2201 τε
553 2175 635 2207 ἕξειν,
653 2175 700 2202 καὶ
716 2176 851 2211 τιμωρίας
869 2177 919 2210 ὑφ-

1005 2176 1061 2204 Nisi
1082 2178 1175 2204 subire
1191 2177 1230 2204 vis
1244 2177 1418 2212 ignominiam
1435 2181 1585 2211 pinnasque
1601 2174 1655 2209 pati
1675 2173 1759 2208 578

134 2219 203 2251 ἑξειν
220 2219 250 2245 οὔ
264 2228 335 2254 φημι
361 2219 453 2246 ἐνθάδε
483 2219 587 2254 (καίτοι
608 2220 637 2245 οὺ
668 2219 763 2255 μικρὸν
779 2219 918 2246 καὶτοῦτο

133 2265 172 2299 τῷ
198 2266 359 2300 ἐχέφρονιῇ
383 2265 440 2291 ἀλλ’
459 2266 487 2291 ἐν
512 2267 567 2296 τοῖς
582 2266 634 2291 εἴτε
649 2265 696 2291 ἐπὶ
717 2265 778 2300 γῆς,
803 2265 858 2291 εἴτε
873 2265 920 2291 καὶ

133 2310 334 2345 ὁπουδηποτοῦν
350 2311 395 2336 τοῦ
410 2310 510 2341 παντὸς
526 2310 653 2344 τυγχάνει
667 2309 860 2344 δικαστηρίοις,
871 2310 921 2344 τὴν

135 2355 272 2390 ρᾳθυμίαν
288 2356 503 2390 ἀποσεισάμενος
517 2355 579 2390 ἕχον
593 2355 642 2389 τῆς
657 2355 768 2390 ἀρετῆς.

344 2412 405 2439 ΠΒ¹.
425 2427 460 2432 -
479 2412 705 2447 ΑΡἸἘΜΙΔΩΡῼ.

973 2230 1024 2249 non
1043 2223 1069 2249 in
1089 2223 1173 2250 altera
1196 2225 1274 2250 modo
1289 2223 1342 2250 vita
1359 2223 1428 2257 (quac
1443 2229 1487 2248 res
1503 2228 1568 2248 sane
1584 2227 1634 2247 non
1651 2220 1758 2253 exigua,

974 2268 1089 2295 simodo
1108 2268 1256 2302 prudenter
1269 2268 1383 2302 judieas)
1410 2267 1457 2295 sed
1489 2267 1515 2293 in
1546 2266 1606 2297 hac,
1634 2265 1692 2292 sive
1709 2264 1758 2291 sub

975 2318 1057 2346 terra,
1076 2315 1132 2341 sive
1148 2315 1175 2341 in
1191 2315 1288 2349 quovis
1303 2315 1356 2342 alio
1371 2315 1525 2347 ubicunque
1543 2311 1687 2343 tribunali,
1704 2309 1757 2342 fac,

974 2358 1049 2392 pulsa
1066 2359 1182 2394 ignavia,
1198 2360 1290 2386 virtuti
1306 2359 1458 2387 incumbas.

1163 2413 1329 2442 LXXXll.—
1343 2414 1578 2443 ARTEMIDORO.

134 2456 176 2484 Ea:
189 2457 288 2488 animo,
308 2465 359 2483 nou
371 2465 403 2484 ea:
417 2463 506 2484 eventu
523 2465 562 2484 res
579 2456 751 2484 mtimauda’.
771 2456 851 2496 (Vide
863 2458 936 2496 epist.
948 2458 1016 2496 290,
1033 2468 1060 2487 ιη
1076 2460 1143 2496 illud
1157 2456 1257 2496 Pauli}
1275 2469 1284 2485 ι
1303 2459 1485 2496 Unusquisque
1503 2461 1635 2495 propriam
1648 2459 1757 2492 accipiet

711 2493 864 2518 merredem.
887 2501 896 2517 ›
912 2492 926 2518 1
942 2493 1004 2521 Cor.
1025 2503 1066 2526 ιιι,
1084 2495 1103 2522 8
1116 2500 1141 2521 et
1161 2494 1217 2530 14.)

173 2537 203 2564 '0
227 2538 315 2564 πάντα
335 2537 369 2564 τὰ
385 2539 424 2569 εἰς
446 2537 527 2564 αὑτὸν
548 2538 649 2574 ἥκοντα
667 2537 813 2573 πληρώσας
830 2539 869 2570 εὶς
888 2538 918 2565 τὸ

133 2583 236 2614 πεῖσαι,
258 2582 305 2608 καὶ
326 2583 363 2618 μὴ
387 2583 494 2614 πείσας,
523 2583 561 2615 ὡς
574 2583 676 2615 ἀνύσας
699 2584 802 2615 δίκαιος
816 2583 853 2609 ἂν
877 2584 918 2619 εῖη

133 2627 339 2662 θαυμάζεσθαι·
363 2629 489 2655 τοσοῦτον
513 2630 610 2665 ἀπέχει
625 2630 671 2656 τοῦ
699 2629 828 2665 μέμψεως
843 2629 918 2662 ἄξιος

133 2672 213 2700 εἶναι.
239 2674 270 2700 Εἰ
285 2674 312 2700 δὲ
337 2673 492 2709 θαυμαστὸν
517 2674 587 2702 εἷναί
612 2685 652 2702 σοι
669 2676 748 2702 τοῦτο
762 2676 843 2707 δόξει,
861 2677 920 2702 ἑπι-

132 2719 273 2755 ψηφιεῖται
287 2719 342 2755 (85)
358 2721 372 2746 ὁ
393 2721 498 2754 Παῦλος
516 2722 644 2757 φάσκων·
664 2732 674 2749 ‹
694 2723 826 2754 ’Ἕκαστος
839 2723 867 2749 δὲ
876 2723 921 2749 τὸν

1007 2541 1057 2574 Qui
1075 2541 1146 2575 quod
1160 2541 1186 2567 in
1212 2541 1270 2574 ipso
1289 2545 1342 2572 est,
1356 2540 1446 2567 omnia
1466 2539 1623 2573 exsequitur
1644 2543 1673 2565 ut
1694 2544 1756 2571 pcr-

972 2587 1095 2619 suadeat,
1123 2594 1174 2614 non
1199 2585 1344 2621 persuadet
1368 2591 1469 2617 tzunen,
1499 2589 1603 2611 tantum
1632 2583 1709 2610 abest
1727 2587 1756 2608 ut

972 2633 1183 2667 reprehensione
1199 2632 1324 2659 videatur
1334 2632 1440 2666 dignus,
1460 2635 1488 2657 ut
1499 2630 1586 2657 omnis
1601 2629 1636 2655 sit
1647 2635 1753 2662 expers.

973 2678 1001 2705 ld
1007 2679 1028 2705 si
1040 2679 1105 2705 mire
1114 2679 1213 2705 dictum
1225 2678 1273 2705 tibi
1283 2678 1414 2709 videatur,
1427 2675 1558 2704 calculum
1569 2674 1648 2702 addet
1661 2673 1756 2701 beatus

974 2724 1072 2751 Paulus
1083 2723 1176 2751 dicens
1188 2733 1194 2751 :
1207 2733 1217 2750 ι
1232 2723 1421 2759 Unusquisque
1432 2721 1584 2749 mercedem
1594 2727 1668 2747 suam
1681 2718 1755 2746 acci-

677 2786 794 2814 VARl/E
811 2786 1002 2815 LECTIONES
1021 2787 1066 2815 ET
1084 2787 1199 2816 ΝΟΤΔΕ.

170 2841 226 2878 (85)
251 2841 455 2878 Ἐπιψηφιεῖται
470 2845 546 2873 codd.
567 2845 628 2874 Vat.
641 2850 667 2874 et
683 2846 737 2874 Alt.
755 2845 874 2872 breviant
890 2846 915 2873 in

975 2845 1087 2881 ιψηφιεῖ.
1105 2846 1208 2875 Possm.
