  <div class='ocr_page' id='page_1' title='image "/cluster/home/n/w/nwhite01/storage/ocr_20150623/78/njp.32101077772794/749.png"; bbox 0 0 2049 3164; ppageno 0'>
   <div class='ocr_carea' id='block_1_1' title="bbox 284 158 352 192">
    <p class='ocr_par' dir='ltr' id='par_1_1' title="bbox 284 158 352 192">
     <span class='ocr_line' id='line_1_1' title="bbox 284 158 352 192; baseline -0.015 0"><span class='ocrx_word' id='word_1_1' title='bbox 284 158 352 192; x_wconf 80' lang='grc'><strong>1375</strong></span> 
     </span>
    </p>
   </div>
   <div class='ocr_carea' id='block_1_2' title="bbox 884 162 1321 196">
    <p class='ocr_par' dir='ltr' id='par_1_2' title="bbox 884 162 1321 196">
     <span class='ocr_line' id='line_1_2' title="bbox 884 162 1321 196; baseline 0.011 -4"><span class='ocrx_word' id='word_1_2' title='bbox 884 163 913 192; x_wconf 91' lang='lat' dir='ltr'><strong>S.</strong></span> <span class='ocrx_word' id='word_1_3' title='bbox 935 162 1081 194; x_wconf 79' lang='lat' dir='ltr'><strong>ISIDORI</strong></span> <span class='ocrx_word' id='word_1_4' title='bbox 1102 165 1321 196; x_wconf 67' lang='lat' dir='ltr'><strong>PELUSIO’I‘zE</strong></span> 
     </span>
    </p>
   </div>
   <div class='ocr_carea' id='block_1_3' title="bbox 1849 168 1910 202">
    <p class='ocr_par' dir='ltr' id='par_1_3' title="bbox 1849 168 1910 202">
     <span class='ocr_line' id='line_1_3' title="bbox 1849 168 1910 202; baseline 0.033 -2"><span class='ocrx_word' id='word_1_5' title='bbox 1849 168 1910 202; x_wconf 73' lang='lat'><strong>1376</strong></span> 
     </span>
    </p>
   </div>
   <div class='ocr_carea' id='block_1_4' title="bbox 282 213 1075 256">
    <p class='ocr_par' dir='ltr' id='par_1_4' title="bbox 282 213 1075 252">
     <span class='ocr_line' id='line_1_4' title="bbox 282 213 1075 252; baseline 0.009 -12"><span class='ocrx_word' id='word_1_6' title='bbox 282 213 420 248; x_wconf 73' lang='lat' dir='ltr'><strong>pietjuxta</strong></span> <span class='ocrx_word' id='word_1_7' title='bbox 433 213 550 242; x_wconf 85' lang='lat' dir='ltr'><strong>laborem</strong></span> <span class='ocrx_word' id='word_1_8' title='bbox 561 222 655 243; x_wconf 86' lang='lat' dir='ltr'><strong>suum:</strong></span> <span class='ocrx_word' id='word_1_9' title='bbox 675 225 684 240; x_wconf 74' lang='grc' dir='ltr'><strong>ι</strong></span> <span class='ocrx_word' id='word_1_10' title='bbox 700 223 751 242; x_wconf 88' lang='lat' dir='ltr'><strong>non</strong></span> <span class='ocrx_word' id='word_1_11' title='bbox 764 217 842 248; x_wconf 74' lang='lat' dir='ltr'><strong>dixit,</strong></span> <span class='ocrx_word' id='word_1_12' title='bbox 858 227 867 242; x_wconf 68' lang='lat'><strong>4</strong></span> <span class='ocrx_word' id='word_1_13' title='bbox 881 218 958 252; x_wconf 82' lang='lat' dir='ltr'><strong>juxta</strong></span> <span class='ocrx_word' id='word_1_14' title='bbox 977 219 1075 247; x_wconf 84' lang='lat' dir='ltr'><strong>laboris</strong></span> 
     </span>
    </p>
   </div>
   <div class='ocr_carea' id='block_1_5' title="bbox 1128 213 1910 256">
    <p class='ocr_par' dir='ltr' id='par_1_5' title="bbox 1130 218 1910 256">
     <span class='ocr_line' id='line_1_5' title="bbox 1130 218 1910 256; baseline 0.006 -9"><span class='ocrx_word' id='word_1_15' title='bbox 1130 221 1195 248; x_wconf 74' lang='grc' dir='ltr'>ἴδιον</span> <span class='ocrx_word' id='word_1_16' title='bbox 1221 222 1317 256; x_wconf 75' lang='grc' dir='ltr'><strong>μισθὸν</strong></span> <span class='ocrx_word' id='word_1_17' title='bbox 1343 221 1459 256; x_wconf 80' lang='grc' dir='ltr'>λήψεται</span> <span class='ocrx_word' id='word_1_18' title='bbox 1476 218 1545 249; x_wconf 68' lang='grc' dir='ltr'>κατὰ</span> <span class='ocrx_word' id='word_1_19' title='bbox 1569 222 1614 249; x_wconf 77' lang='grc' dir='ltr'><strong>τὺν</strong></span> <span class='ocrx_word' id='word_1_20' title='bbox 1629 222 1694 249; x_wconf 71' lang='grc' dir='ltr'>ἴδιον</span> <span class='ocrx_word' id='word_1_21' title='bbox 1715 223 1810 250; x_wconf 80' lang='grc' dir='ltr'><strong>κόπον·</strong></span> <span class='ocrx_word' id='word_1_22' title='bbox 1830 233 1840 249; x_wconf 75' lang='grc'>›</span> <span class='ocrx_word' id='word_1_23' title='bbox 1865 224 1910 252; x_wconf 73' lang='grc' dir='ltr'>οὐκ</span> 
     </span>
    </p>
   </div>
   <div class='ocr_carea' id='block_1_6' title="bbox 284 259 1076 292">
    <p class='ocr_par' dir='ltr' id='par_1_6' title="bbox 284 259 1076 292">
     <span class='ocr_line' id='line_1_6' title="bbox 284 259 1076 292; baseline 0.006 -6"><span class='ocrx_word' id='word_1_24' title='bbox 284 263 407 286; x_wconf 71' lang='lat' dir='ltr'><strong>eventum</strong></span> <span class='ocrx_word' id='word_1_25' title='bbox 429 264 474 286; x_wconf 86' lang='lat' dir='ltr'><strong>aut</strong></span> <span class='ocrx_word' id='word_1_26' title='bbox 490 259 602 286; x_wconf 77' lang='lat' dir='ltr'><strong>exitum.</strong></span> <span class='ocrx_word' id='word_1_27' title='bbox 616 269 625 285; x_wconf 78' lang='grc' dir='ltr'><strong>ι</strong></span> <span class='ocrx_word' id='word_1_28' title='bbox 652 259 703 292; x_wconf 82' lang='lat' dir='ltr'><strong>Qui</strong></span> <span class='ocrx_word' id='word_1_29' title='bbox 723 261 794 287; x_wconf 90' lang='lat' dir='ltr'><strong>enim</strong></span> <span class='ocrx_word' id='word_1_30' title='bbox 819 262 884 288; x_wconf 82' lang='lat' dir='ltr'><strong>nihil</strong></span> <span class='ocrx_word' id='word_1_31' title='bbox 916 264 1007 290; x_wconf 85' lang='lat' dir='ltr'><strong>omisit</strong></span> <span class='ocrx_word' id='word_1_32' title='bbox 1029 271 1076 291; x_wconf 92' lang='lat' dir='ltr'><strong>eo-</strong></span> 
     </span>
    </p>
   </div>
   <div class='ocr_carea' id='block_1_7' title="bbox 284 301 1074 343">
    <p class='ocr_par' dir='ltr' id='par_1_7' title="bbox 284 301 1074 343">
     <span class='ocr_line' id='line_1_7' title="bbox 284 301 1074 343; baseline 0.009 -13"><span class='ocrx_word' id='word_1_33' title='bbox 284 313 354 337; x_wconf 87' lang='lat' dir='ltr'><strong>rum,</strong></span> <span class='ocrx_word' id='word_1_34' title='bbox 371 313 431 340; x_wconf 75' lang='lat' dir='ltr'><strong>qua:</strong></span> <span class='ocrx_word' id='word_1_35' title='bbox 460 305 558 333; x_wconf 79' lang='lat' dir='ltr'><strong>fecisse</strong></span> <span class='ocrx_word' id='word_1_36' title='bbox 577 307 708 340; x_wconf 87' lang='lat' dir='ltr'><strong>oportuit,</strong></span> <span class='ocrx_word' id='word_1_37' title='bbox 737 307 760 334; x_wconf 92' lang='lat' dir='ltr'><strong>is</strong></span> <span class='ocrx_word' id='word_1_38' title='bbox 785 301 884 334; x_wconf 72' lang='lat' dir='ltr'><strong>corona</strong></span> <span class='ocrx_word' id='word_1_39' title='bbox 913 310 1010 343; x_wconf 76' lang='lat' dir='ltr'><strong>dignus</strong></span> <span class='ocrx_word' id='word_1_40' title='bbox 1034 311 1074 337; x_wconf 91' lang='lat' dir='ltr'><strong>vi-</strong></span> 
     </span>
    </p>
   </div>
   <div class='ocr_carea' id='block_1_8' title="bbox 283 351 388 376">
    <p class='ocr_par' dir='ltr' id='par_1_8' title="bbox 283 351 388 376">
     <span class='ocr_line' id='line_1_8' title="bbox 283 351 388 376; baseline 0.01 -1"><span class='ocrx_word' id='word_1_41' title='bbox 283 351 388 376; x_wconf 83' lang='lat' dir='ltr'><strong>deatur.</strong></span> 
     </span>
    </p>
   </div>
   <div class='ocr_carea' id='block_1_9' title="bbox 424 406 930 438">
    <p class='ocr_par' dir='ltr' id='par_1_9' title="bbox 424 406 930 438">
     <span class='ocr_line' id='line_1_9' title="bbox 424 406 930 438; baseline 0.008 -4"><span class='ocrx_word' id='word_1_42' title='bbox 424 406 567 435; x_wconf 75' lang='lat' dir='ltr'><strong>LXXXIII.</strong></span> <span class='ocrx_word' id='word_1_43' title='bbox 586 423 622 429; x_wconf 94' lang='lat'>—</span> <span class='ocrx_word' id='word_1_44' title='bbox 637 408 754 436; x_wconf 78' lang='lat' dir='ltr'><strong>PAULO</strong></span> <span class='ocrx_word' id='word_1_45' title='bbox 770 409 930 438; x_wconf 77' lang='lat' dir='ltr'><strong>DIACONO.</strong></span> 
     </span>
    </p>
   </div>
   <div class='ocr_carea' id='block_1_10' title="bbox 1127 265 1911 305">
    <p class='ocr_par' dir='ltr' id='par_1_10' title="bbox 1127 265 1911 305">
     <span class='ocr_line' id='line_1_10' title="bbox 1127 265 1911 305; baseline 0.005 -12"><span class='ocrx_word' id='word_1_46' title='bbox 1127 265 1207 293; x_wconf 81' lang='grc' dir='ltr'>εἷπε·</span> <span class='ocrx_word' id='word_1_47' title='bbox 1233 267 1312 293; x_wconf 74' lang='grc' dir='ltr'>Κατὰ</span> <span class='ocrx_word' id='word_1_48' title='bbox 1336 267 1386 302; x_wconf 82' lang='grc' dir='ltr'><strong>τὴν</strong></span> <span class='ocrx_word' id='word_1_49' title='bbox 1410 267 1456 294; x_wconf 82' lang='grc' dir='ltr'>τοῦ</span> <span class='ocrx_word' id='word_1_50' title='bbox 1498 268 1624 303; x_wconf 81' lang='grc' dir='ltr'>καμάτου</span> <span class='ocrx_word' id='word_1_51' title='bbox 1660 268 1781 296; x_wconf 72' lang='grc' dir='ltr'>ἑκϐασιν.</span> <span class='ocrx_word' id='word_1_52' title='bbox 1805 269 1835 296; x_wconf 91' lang='lat'><strong>&#39;0</strong></span> <span class='ocrx_word' id='word_1_53' title='bbox 1865 273 1911 305; x_wconf 71' lang='grc' dir='ltr'><strong>γὰρ</strong></span> 
     </span>
    </p>
   </div>
   <div class='ocr_carea' id='block_1_11' title="bbox 1130 312 1916 350">
    <p class='ocr_par' dir='ltr' id='par_1_11' title="bbox 1130 312 1916 350">
     <span class='ocr_line' id='line_1_11' title="bbox 1130 312 1916 350; baseline 0.006 -13"><span class='ocrx_word' id='word_1_54' title='bbox 1130 312 1212 346; x_wconf 75' lang='grc' dir='ltr'>μηδὲν</span> <span class='ocrx_word' id='word_1_55' title='bbox 1228 312 1401 347; x_wconf 68' lang='grc' dir='ltr'>παραλείψας</span> <span class='ocrx_word' id='word_1_56' title='bbox 1417 313 1471 339; x_wconf 81' lang='grc' dir='ltr'><strong>τῶν</strong></span> <span class='ocrx_word' id='word_1_57' title='bbox 1486 313 1649 347; x_wconf 72' lang='grc' dir='ltr'><strong>ὀφειλόντων</strong></span> <span class='ocrx_word' id='word_1_58' title='bbox 1673 315 1843 350; x_wconf 79' lang='grc' dir='ltr'>πεπρᾶχθαι,</span> <span class='ocrx_word' id='word_1_59' title='bbox 1859 324 1916 342; x_wconf 76' lang='grc' dir='ltr'>στε-</span> 
     </span>
    </p>
   </div>
   <div class='ocr_carea' id='block_1_12' title="bbox 1129 358 1542 391">
    <p class='ocr_par' dir='ltr' id='par_1_12' title="bbox 1129 358 1542 391">
     <span class='ocr_line' id='line_1_12' title="bbox 1129 358 1542 391; baseline 0.007 -8"><span class='ocrx_word' id='word_1_60' title='bbox 1129 358 1221 391; x_wconf 75' lang='grc' dir='ltr'>φάνων</span> <span class='ocrx_word' id='word_1_61' title='bbox 1237 358 1310 384; x_wconf 67' lang='grc' dir='ltr'>ἐστὶν</span> <span class='ocrx_word' id='word_1_62' title='bbox 1328 359 1441 390; x_wconf 76' lang='grc' dir='ltr'><strong>εἰκότως</strong></span> <span class='ocrx_word' id='word_1_63' title='bbox 1458 359 1542 391; x_wconf 75' lang='grc' dir='ltr'>ἄξιος.</span> 
     </span>
    </p>
   </div>
   <div class='ocr_carea' id='block_1_13' title="bbox 1307 415 1742 453">
    <p class='ocr_par' dir='ltr' id='par_1_13' title="bbox 1307 415 1742 453">
     <span class='ocr_line' id='line_1_13' title="bbox 1307 415 1742 453; baseline 0.007 -12"><span class='ocrx_word' id='word_1_64' title='bbox 1307 415 1368 442; x_wconf 74' lang='grc' dir='ltr'>ιπι.</span> <span class='ocrx_word' id='word_1_65' title='bbox 1389 431 1424 435; x_wconf 82' lang='grc'><strong><em>-</em></strong></span> <span class='ocrx_word' id='word_1_66' title='bbox 1440 416 1558 451; x_wconf 61' lang='lat' dir='ltr'><strong>anno</strong></span> <span class='ocrx_word' id='word_1_67' title='bbox 1580 417 1742 453; x_wconf 76' lang='grc' dir='ltr'><strong>ΔΙΛΚΟΝῼ.</strong></span> 
     </span>
    </p>
   </div>
   <div class='ocr_carea' id='block_1_14' title="bbox 402 454 1798 497">
    <p class='ocr_par' dir='ltr' id='par_1_14' title="bbox 402 454 1798 497">
     <span class='ocr_line' id='line_1_14' title="bbox 402 454 1798 497; baseline 0.006 -17"><span class='ocrx_word' id='word_1_68' title='bbox 402 454 560 481; x_wconf 83' lang='lat' dir='ltr'><strong>Convivalor</strong></span> <span class='ocrx_word' id='word_1_69' title='bbox 575 457 687 490; x_wconf 75' lang='lat' dir='ltr'><strong>optimus</strong></span> <span class='ocrx_word' id='word_1_70' title='bbox 703 457 772 492; x_wconf 77' lang='lat' dir='ltr'><strong>quis.</strong></span> <span class='ocrx_word' id='word_1_71' title='bbox 793 456 836 483; x_wconf 86' lang='lat' dir='ltr'><strong>Sic</strong></span> <span class='ocrx_word' id='word_1_72' title='bbox 863 457 1014 484; x_wconf 63' lang='lat' dir='ltr'><strong>Timor/mis</strong></span> <span class='ocrx_word' id='word_1_73' title='bbox 1031 459 1135 487; x_wconf 83' lang='lat' dir='ltr'><strong>dicebat</strong></span> <span class='ocrx_word' id='word_1_74' title='bbox 1155 460 1277 488; x_wconf 78' lang='lat' dir='ltr'><strong>Platonis</strong></span> <span class='ocrx_word' id='word_1_75' title='bbox 1293 462 1412 488; x_wconf 74' lang='lat' dir='ltr'><strong>convivia</strong></span> <span class='ocrx_word' id='word_1_76' title='bbox 1427 462 1506 488; x_wconf 77' lang='lat' dir='ltr'><strong>etiam</strong></span> <span class='ocrx_word' id='word_1_77' title='bbox 1523 467 1625 496; x_wconf 75' lang='lat' dir='ltr'><strong>postero</strong></span> <span class='ocrx_word' id='word_1_78' title='bbox 1642 464 1683 490; x_wconf 73' lang='lat' dir='ltr'><strong>die</strong></span> <span class='ocrx_word' id='word_1_79' title='bbox 1696 472 1798 497; x_wconf 77' lang='lat' dir='ltr'><strong>sapere.</strong></span> 
     </span>
    </p>
   </div>
   <div class='ocr_carea' id='block_1_15' title="bbox 317 511 1074 548">
    <p class='ocr_par' dir='ltr' id='par_1_15' title="bbox 317 511 1074 548">
     <span class='ocr_line' id='line_1_15' title="bbox 317 511 1074 548; baseline 0.004 -9"><span class='ocrx_word' id='word_1_80' title='bbox 317 511 524 539; x_wconf 80' lang='lat' dir='ltr'><strong>Convivatorem</strong></span> <span class='ocrx_word' id='word_1_81' title='bbox 551 520 601 547; x_wconf 79' lang='lat' dir='ltr'><strong>ego</strong></span> <span class='ocrx_word' id='word_1_82' title='bbox 622 513 695 540; x_wconf 77' lang='lat' dir='ltr'><strong>“Iulli</strong></span> <span class='ocrx_word' id='word_1_83' title='bbox 712 514 845 548; x_wconf 79' lang='lat' dir='ltr'><strong>insignem</strong></span> <span class='ocrx_word' id='word_1_84' title='bbox 866 523 926 541; x_wconf 85' lang='lat' dir='ltr'><strong>esse</strong></span> <span class='ocrx_word' id='word_1_85' title='bbox 945 515 1074 547; x_wconf 84' lang='lat' dir='ltr'><strong>arbitror.</strong></span> 
     </span>
    </p>
   </div>
   <div class='ocr_carea' id='block_1_16' title="bbox 283 558 1075 594">
    <p class='ocr_par' dir='ltr' id='par_1_16' title="bbox 283 558 1075 594">
     <span class='ocr_line' id='line_1_16' title="bbox 283 558 1075 594; baseline 0.004 -10"><span class='ocrx_word' id='word_1_86' title='bbox 283 565 337 584; x_wconf 87' lang='lat' dir='ltr'><strong>non</strong></span> <span class='ocrx_word' id='word_1_87' title='bbox 353 558 397 592; x_wconf 89' lang='lat' dir='ltr'><strong>qui</strong></span> <span class='ocrx_word' id='word_1_88' title='bbox 414 558 581 585; x_wconf 80' lang='lat' dir='ltr'><strong>redundante</strong></span> <span class='ocrx_word' id='word_1_89' title='bbox 602 559 670 586; x_wconf 88' lang='lat' dir='ltr'><strong>cibis</strong></span> <span class='ocrx_word' id='word_1_90' title='bbox 687 567 777 585; x_wconf 91' lang='lat' dir='ltr'><strong>mensa</strong></span> <span class='ocrx_word' id='word_1_91' title='bbox 798 561 940 586; x_wconf 86' lang='lat' dir='ltr'><strong>convivam</strong></span> <span class='ocrx_word' id='word_1_92' title='bbox 963 561 1075 594; x_wconf 73' lang='lat' dir='ltr'><strong>excipit.</strong></span> 
     </span>
    </p>
   </div>
   <div class='ocr_carea' id='block_1_17' title="bbox 282 603 1076 640">
    <p class='ocr_par' dir='ltr' id='par_1_17' title="bbox 282 603 1076 640">
     <span class='ocr_line' id='line_1_17' title="bbox 282 603 1076 640; baseline 0.004 -11"><span class='ocrx_word' id='word_1_93' title='bbox 282 607 309 629; x_wconf 85' lang='lat' dir='ltr'><strong>et</strong></span> <span class='ocrx_word' id='word_1_94' title='bbox 322 603 462 629; x_wconf 83' lang='lat' dir='ltr'><strong>saturitate</strong></span> <span class='ocrx_word' id='word_1_95' title='bbox 478 603 605 637; x_wconf 86' lang='lat' dir='ltr'><strong>injuriam</strong></span> <span class='ocrx_word' id='word_1_96' title='bbox 619 603 730 636; x_wconf 79' lang='lat' dir='ltr'><strong>inierat,</strong></span> <span class='ocrx_word' id='word_1_97' title='bbox 742 605 789 630; x_wconf 84' lang='lat' dir='ltr'><strong>sed</strong></span> <span class='ocrx_word' id='word_1_98' title='bbox 806 606 850 639; x_wconf 90' lang='lat' dir='ltr'><strong>qui</strong></span> <span class='ocrx_word' id='word_1_99' title='bbox 867 611 996 640; x_wconf 83' lang='lat' dir='ltr'><strong>quantum</strong></span> <span class='ocrx_word' id='word_1_100' title='bbox 1009 606 1076 632; x_wconf 81' lang='lat' dir='ltr'><strong>satis</strong></span> 
     </span>
    </p>
   </div>
   <div class='ocr_carea' id='block_1_18' title="bbox 283 648 1074 686">
    <p class='ocr_par' dir='ltr' id='par_1_18' title="bbox 283 648 1074 686">
     <span class='ocr_line' id='line_1_18' title="bbox 283 648 1074 686; baseline 0.006 -12"><span class='ocrx_word' id='word_1_101' title='bbox 283 648 317 674; x_wconf 88' lang='lat' dir='ltr'><strong>sit</strong></span> <span class='ocrx_word' id='word_1_102' title='bbox 330 653 473 681; x_wconf 84' lang='lat' dir='ltr'><strong>apparatas</strong></span> <span class='ocrx_word' id='word_1_103' title='bbox 486 649 579 683; x_wconf 85' lang='lat' dir='ltr'><strong>epulas</strong></span> <span class='ocrx_word' id='word_1_104' title='bbox 589 650 690 683; x_wconf 84' lang='lat' dir='ltr'><strong>condit,</strong></span> <span class='ocrx_word' id='word_1_105' title='bbox 707 651 856 685; x_wconf 85' lang='lat' dir='ltr'><strong>miscetque</strong></span> <span class='ocrx_word' id='word_1_106' title='bbox 870 652 982 678; x_wconf 85' lang='lat' dir='ltr'><strong>rationis</strong></span> <span class='ocrx_word' id='word_1_107' title='bbox 997 652 1074 686; x_wconf 74' lang='lat' dir='ltr'><strong>plena</strong></span> 
     </span>
    </p>
   </div>
   <div class='ocr_carea' id='block_1_19' title="bbox 284 695 1076 733">
    <p class='ocr_par' dir='ltr' id='par_1_19' title="bbox 284 695 1076 733">
     <span class='ocr_line' id='line_1_19' title="bbox 284 695 1076 733; baseline 0.006 -13"><span class='ocrx_word' id='word_1_108' title='bbox 284 695 450 727; x_wconf 79' lang='lat' dir='ltr'><strong>hovtatiOue,</strong></span> <span class='ocrx_word' id='word_1_109' title='bbox 463 696 540 730; x_wconf 82' lang='lat' dir='ltr'><strong>cujus</strong></span> <span class='ocrx_word' id='word_1_110' title='bbox 558 696 662 723; x_wconf 85' lang='lat' dir='ltr'><strong>utilitas</strong></span> <span class='ocrx_word' id='word_1_111' title='bbox 683 698 781 724; x_wconf 74' lang='lat' dir='ltr'><strong>anima:</strong></span> <span class='ocrx_word' id='word_1_112' title='bbox 804 697 884 724; x_wconf 87' lang='lat' dir='ltr'><strong>etiam</strong></span> <span class='ocrx_word' id='word_1_113' title='bbox 910 703 988 733; x_wconf 81' lang='lat' dir='ltr'><strong>queat</strong></span> <span class='ocrx_word' id='word_1_114' title='bbox 1014 706 1076 732; x_wconf 90' lang='lat' dir='ltr'><strong>pro-</strong></span> 
     </span>
    </p>
   </div>
   <div class='ocr_carea' id='block_1_20' title="bbox 283 740 373 767">
    <p class='ocr_par' dir='ltr' id='par_1_20' title="bbox 283 740 373 767">
     <span class='ocr_line' id='line_1_20' title="bbox 283 740 373 767; baseline 0 0"><span class='ocrx_word' id='word_1_115' title='bbox 283 740 373 767; x_wconf 79' lang='lat' dir='ltr'><strong>desse.</strong></span> 
     </span>
    </p>
   </div>
   <div class='ocr_carea' id='block_1_21' title="bbox 285 796 1074 834">
    <p class='ocr_par' dir='ltr' id='par_1_21' title="bbox 285 796 1074 834">
     <span class='ocr_line' id='line_1_21' title="bbox 285 796 1074 834; baseline 0.004 -11"><span class='ocrx_word' id='word_1_116' title='bbox 285 796 427 826; x_wconf 83' lang='lat' dir='ltr'><strong>LXXXIV.</strong></span> <span class='ocrx_word' id='word_1_117' title='bbox 446 812 480 817; x_wconf 94' lang='lat'><strong><em>—</em></strong></span> <span class='ocrx_word' id='word_1_118' title='bbox 500 798 733 834; x_wconf 66' lang='grc' dir='ltr'><strong>ΜΑΒΪΙΝΙΛΝΟ,</strong></span> <span class='ocrx_word' id='word_1_119' title='bbox 766 800 908 834; x_wconf 78' lang='lat' dir='ltr'><strong>ZOSIMO,</strong></span> <span class='ocrx_word' id='word_1_120' title='bbox 925 800 1074 833; x_wconf 73' lang='lat' dir='ltr'><strong>MARONI,</strong></span> 
     </span>
    </p>
   </div>
   <div class='ocr_carea' id='block_1_22' title="bbox 575 833 785 862">
    <p class='ocr_par' dir='ltr' id='par_1_22' title="bbox 575 833 785 862">
     <span class='ocr_line' id='line_1_22' title="bbox 575 833 785 862; baseline 0.005 -1"><span class='ocrx_word' id='word_1_121' title='bbox 575 833 785 862; x_wconf 77' lang='lat' dir='ltr'><strong>EUS&#39;I‘ATIIIO.</strong></span> 
     </span>
    </p>
   </div>
   <div class='ocr_carea' id='block_1_23' title="bbox 1163 517 1915 556">
    <p class='ocr_par' dir='ltr' id='par_1_23' title="bbox 1163 517 1915 556">
     <span class='ocr_line' id='line_1_23' title="bbox 1163 517 1915 556; baseline 0.007 -13"><span class='ocrx_word' id='word_1_122' title='bbox 1163 518 1297 554; x_wconf 79' lang='grc' dir='ltr'>Λαμπρὸν</span> <span class='ocrx_word' id='word_1_123' title='bbox 1312 518 1457 552; x_wconf 81' lang='grc' dir='ltr'>ἑστιάτορα</span> <span class='ocrx_word' id='word_1_124' title='bbox 1468 517 1537 545; x_wconf 76' lang='grc' dir='ltr'>εἶναι</span> <span class='ocrx_word' id='word_1_125' title='bbox 1559 519 1661 545; x_wconf 78' lang='grc' dir='ltr'>ἐκεῖνον</span> <span class='ocrx_word' id='word_1_126' title='bbox 1677 520 1811 556; x_wconf 76' lang='grc' dir='ltr'>ἠγοῦμαι,</span> <span class='ocrx_word' id='word_1_127' title='bbox 1826 521 1856 548; x_wconf 73' lang='grc' dir='ltr'>οὐ</span> <span class='ocrx_word' id='word_1_128' title='bbox 1875 522 1915 548; x_wconf 60' lang='grc' dir='ltr'>τὶν</span> 
     </span>
    </p>
   </div>
   <div class='ocr_carea' id='block_1_24' title="bbox 1127 563 1914 602">
    <p class='ocr_par' dir='ltr' id='par_1_24' title="bbox 1127 563 1914 602">
     <span class='ocr_line' id='line_1_24' title="bbox 1127 563 1914 602; baseline 0.006 -13"><span class='ocrx_word' id='word_1_129' title='bbox 1127 563 1332 600; x_wconf 66' lang='grc' dir='ltr'><strong>φὶεγμαινούσῃ</strong></span> <span class='ocrx_word' id='word_1_130' title='bbox 1359 565 1484 600; x_wconf 78' lang='grc' dir='ltr'><strong>τραπέζῃ</strong></span> <span class='ocrx_word' id='word_1_131' title='bbox 1501 565 1636 592; x_wconf 74' lang='grc' dir='ltr'><strong>ἑστιῶντα</strong></span> <span class='ocrx_word' id='word_1_132' title='bbox 1660 567 1723 597; x_wconf 70' lang='grc' dir='ltr'>τοὺς</span> <span class='ocrx_word' id='word_1_133' title='bbox 1745 566 1914 602; x_wconf 74' lang='grc' dir='ltr'>δαιτυμόνας.</span> 
     </span>
    </p>
   </div>
   <div class='ocr_carea' id='block_1_25' title="bbox 1127 609 1915 645">
    <p class='ocr_par' dir='ltr' id='par_1_25' title="bbox 1127 609 1915 645">
     <span class='ocr_line' id='line_1_25' title="bbox 1127 609 1915 645; baseline 0.006 -11"><span class='ocrx_word' id='word_1_134' title='bbox 1127 609 1174 634; x_wconf 65' lang='grc' dir='ltr'><strong>καὶ</strong></span> <span class='ocrx_word' id='word_1_135' title='bbox 1190 609 1236 635; x_wconf 80' lang='grc' dir='ltr'><strong>τὸν</strong></span> <span class='ocrx_word' id='word_1_136' title='bbox 1252 610 1332 645; x_wconf 74' lang='grc' dir='ltr'>κόρον</span> <span class='ocrx_word' id='word_1_137' title='bbox 1345 610 1507 644; x_wconf 78' lang='grc' dir='ltr'>ὑϐρίζεσθαι</span> <span class='ocrx_word' id='word_1_138' title='bbox 1523 612 1780 645; x_wconf 80' lang='grc' dir='ltr'>παρασκευάζοντα,</span> <span class='ocrx_word' id='word_1_139' title='bbox 1795 613 1864 639; x_wconf 76' lang='grc' dir='ltr'>ἀλλὰ</span> <span class='ocrx_word' id='word_1_140' title='bbox 1875 614 1915 639; x_wconf 77' lang='grc' dir='ltr'><strong>τὸν</strong></span> 
     </span>
    </p>
   </div>
   <div class='ocr_carea' id='block_1_26' title="bbox 1127 656 1913 695">
    <p class='ocr_par' dir='ltr' id='par_1_26' title="bbox 1127 656 1913 695">
     <span class='ocr_line' id='line_1_26' title="bbox 1127 656 1913 695; baseline 0.006 -15"><span class='ocrx_word' id='word_1_141' title='bbox 1127 656 1160 689; x_wconf 81' lang='grc' dir='ltr'>τῇ</span> <span class='ocrx_word' id='word_1_142' title='bbox 1177 656 1328 691; x_wconf 66' lang='grc' dir='ltr'>αὐταρκείᾳ</span> <span class='ocrx_word' id='word_1_143' title='bbox 1343 656 1398 682; x_wconf 84' lang='grc' dir='ltr'>τῶν</span> <span class='ocrx_word' id='word_1_144' title='bbox 1420 657 1706 692; x_wconf 78' lang='grc' dir='ltr'><strong>παρασκευασθέντων</strong></span> <span class='ocrx_word' id='word_1_145' title='bbox 1717 659 1856 694; x_wconf 81' lang='grc' dir='ltr'>κιρνῶντα</span> <span class='ocrx_word' id='word_1_146' title='bbox 1872 659 1913 695; x_wconf 70' lang='grc' dir='ltr'><strong>τὴν</strong></span> 
     </span>
    </p>
   </div>
   <div class='ocr_carea' id='block_1_27' title="bbox 1127 700 1913 740">
    <p class='ocr_par' dir='ltr' id='par_1_27' title="bbox 1127 700 1913 740">
     <span class='ocr_line' id='line_1_27' title="bbox 1127 700 1913 740; baseline 0.009 -15"><span class='ocrx_word' id='word_1_147' title='bbox 1127 700 1240 736; x_wconf 76' lang='grc' dir='ltr'>λογικὴν</span> <span class='ocrx_word' id='word_1_148' title='bbox 1261 702 1432 736; x_wconf 73' lang='grc' dir='ltr'>παραίνεσιν,</span> <span class='ocrx_word' id='word_1_149' title='bbox 1450 700 1484 738; x_wconf 81' lang='grc' dir='ltr'>ἦς</span> <span class='ocrx_word' id='word_1_150' title='bbox 1499 704 1516 739; x_wconf 80' lang='grc' dir='ltr'>ἡ</span> <span class='ocrx_word' id='word_1_151' title='bbox 1529 704 1647 739; x_wconf 72' lang='grc' dir='ltr'>ὠφέλεια</span> <span class='ocrx_word' id='word_1_152' title='bbox 1669 705 1717 731; x_wconf 72' lang='grc' dir='ltr'>καὶ</span> <span class='ocrx_word' id='word_1_153' title='bbox 1736 705 1827 740; x_wconf 72' lang='grc' dir='ltr'>ψυχῆς</span> <span class='ocrx_word' id='word_1_154' title='bbox 1840 705 1913 732; x_wconf 73' lang='grc' dir='ltr'>ἄπτε-</span> 
     </span>
    </p>
   </div>
   <div class='ocr_carea' id='block_1_28' title="bbox 1129 746 1339 781">
    <p class='ocr_par' dir='ltr' id='par_1_28' title="bbox 1129 746 1339 781">
     <span class='ocr_line' id='line_1_28' title="bbox 1129 746 1339 781; baseline 0.014 -10"><span class='ocrx_word' id='word_1_155' title='bbox 1129 746 1190 772; x_wconf 80' lang='grc' dir='ltr'>σθαι</span> <span class='ocrx_word' id='word_1_156' title='bbox 1206 747 1339 781; x_wconf 71' lang='grc' dir='ltr'>πέφυκεν.</span> 
     </span>
    </p>
   </div>
   <div class='ocr_carea' id='block_1_29' title="bbox 1127 801 1915 865">
    <p class='ocr_par' dir='ltr' id='par_1_29' title="bbox 1127 801 1915 865">
     <span class='ocr_line' id='line_1_29' title="bbox 1127 801 1915 865; baseline 0.004 -38"><span class='ocrx_word' id='word_1_157' title='bbox 1127 801 1188 828; x_wconf 61' lang='grc' dir='ltr'><strong>ΠΝ.</strong></span> <span class='ocrx_word' id='word_1_158' title='bbox 1209 816 1244 820; x_wconf 95' lang='grc'><strong><em>-</em></strong></span> <span class='ocrx_word' id='word_1_159' title='bbox 1262 802 1666 865; x_wconf 44' lang='grc' dir='ltr'><strong>ΜΑΡΤΙΝΙΑΝὲῨΔξῗὸῈΙΜῼ,</strong></span> <span class='ocrx_word' id='word_1_160' title='bbox 1693 803 1829 832; x_wconf 78' lang='grc' dir='ltr'><strong>ΜΔΡΩΝΙ</strong></span> <span class='ocrx_word' id='word_1_161' title='bbox 1840 823 1848 837; x_wconf 87' lang='lat'><strong>,</strong></span> <span class='ocrx_word' id='word_1_162' title='bbox 1866 803 1915 830; x_wconf 81' lang='grc' dir='ltr'><strong>ΕΥ-</strong></span> 
     </span>
    </p>
   </div>
   <div class='ocr_carea' id='block_1_30' title="bbox 907 892 1297 928">
    <p class='ocr_par' dir='ltr' id='par_1_30' title="bbox 907 892 1297 928">
     <span class='ocr_line' id='line_1_30' title="bbox 907 892 1297 928; baseline 0.003 -9"><span class='ocrx_word' id='word_1_163' title='bbox 907 892 1036 919; x_wconf 83' lang='lat' dir='ltr'><strong>Hortatur</strong></span> <span class='ocrx_word' id='word_1_164' title='bbox 1053 893 1088 919; x_wconf 84' lang='lat' dir='ltr'><strong>ad</strong></span> <span class='ocrx_word' id='word_1_165' title='bbox 1105 894 1297 928; x_wconf 67' lang='lat' dir='ltr'><strong>paenitentiam.</strong></span> 
     </span>
    </p>
   </div>
   <div class='ocr_carea' id='block_1_31' title="bbox 318 943 1075 985">
    <p class='ocr_par' dir='ltr' id='par_1_31' title="bbox 318 944 1074 978">
     <span class='ocr_line' id='line_1_31' title="bbox 318 944 1074 978; baseline 0.007 -7"><span class='ocrx_word' id='word_1_166' title='bbox 318 944 448 978; x_wconf 84' lang='lat' dir='ltr'><strong>Quamvis</strong></span> <span class='ocrx_word' id='word_1_167' title='bbox 461 946 539 974; x_wconf 89' lang='lat' dir='ltr'><strong>multi</strong></span> <span class='ocrx_word' id='word_1_168' title='bbox 563 948 595 974; x_wconf 90' lang='lat' dir='ltr'><strong>de</strong></span> <span class='ocrx_word' id='word_1_169' title='bbox 615 947 703 975; x_wconf 85' lang='lat' dir='ltr'><strong>salute</strong></span> <span class='ocrx_word' id='word_1_170' title='bbox 730 949 852 975; x_wconf 86' lang='lat' dir='ltr'><strong>omnium</strong></span> <span class='ocrx_word' id='word_1_171' title='bbox 871 953 992 976; x_wconf 85' lang='lat' dir='ltr'><strong>vestrum</strong></span> <span class='ocrx_word' id='word_1_172' title='bbox 1027 949 1074 976; x_wconf 79' lang='lat' dir='ltr'><strong>de-</strong></span> 
     </span>
    </p>
   </div>
   <div class='ocr_carea' id='block_1_32' title="bbox 1128 943 1917 985">
    <p class='ocr_par' dir='ltr' id='par_1_32' title="bbox 1162 949 1917 985">
     <span class='ocr_line' id='line_1_32' title="bbox 1162 949 1917 985; baseline 0.004 -10"><span class='ocrx_word' id='word_1_173' title='bbox 1162 949 1194 976; x_wconf 84' lang='grc' dir='ltr'><strong>Εἰ</strong></span> <span class='ocrx_word' id='word_1_174' title='bbox 1211 950 1258 976; x_wconf 78' lang='grc' dir='ltr'><strong>καὶ</strong></span> <span class='ocrx_word' id='word_1_175' title='bbox 1284 949 1378 976; x_wconf 79' lang='grc' dir='ltr'>πολλοὶ</span> <span class='ocrx_word' id='word_1_176' title='bbox 1404 949 1455 984; x_wconf 84' lang='grc' dir='ltr'>τὴν</span> <span class='ocrx_word' id='word_1_177' title='bbox 1473 949 1609 985; x_wconf 73' lang='grc' dir='ltr'><strong>ὑμετέραν</strong></span> <span class='ocrx_word' id='word_1_178' title='bbox 1627 950 1766 985; x_wconf 77' lang='grc' dir='ltr'><strong>σωτηρίαν</strong></span> <span class='ocrx_word' id='word_1_179' title='bbox 1793 951 1917 985; x_wconf 81' lang='grc' dir='ltr'>ἀπέγνω-</span> 
     </span>
    </p>
   </div>
   <div class='ocr_carea' id='block_1_33' title="bbox 284 993 1071 1027">
    <p class='ocr_par' dir='ltr' id='par_1_33' title="bbox 284 993 1071 1027">
     <span class='ocr_line' id='line_1_33' title="bbox 284 993 1071 1027; baseline 0.004 -10"><span class='ocrx_word' id='word_1_180' title='bbox 284 996 407 1026; x_wconf 79' lang='lat' dir='ltr'><strong>sperant,</strong></span> <span class='ocrx_word' id='word_1_181' title='bbox 430 993 554 1027; x_wconf 81' lang='lat' dir='ltr'><strong>equidem</strong></span> <span class='ocrx_word' id='word_1_182' title='bbox 573 998 660 1020; x_wconf 86' lang='lat' dir='ltr'><strong>tamen</strong></span> <span class='ocrx_word' id='word_1_183' title='bbox 677 995 764 1021; x_wconf 84' lang='lat' dir='ltr'><strong>denuo</strong></span> <span class='ocrx_word' id='word_1_184' title='bbox 785 995 816 1021; x_wconf 84' lang='lat' dir='ltr'><strong>ad</strong></span> <span class='ocrx_word' id='word_1_185' title='bbox 836 1002 882 1022; x_wconf 83' lang='lat' dir='ltr'><strong>vos</strong></span> <span class='ocrx_word' id='word_1_186' title='bbox 896 995 996 1022; x_wconf 86' lang='lat' dir='ltr'><strong>accedo</strong></span> <span class='ocrx_word' id='word_1_187' title='bbox 1007 1002 1071 1021; x_wconf 83' lang='lat' dir='ltr'><strong>sua-</strong></span> 
     </span>
    </p>
   </div>
   <div class='ocr_carea' id='block_1_34' title="bbox 285 1040 1074 1071">
    <p class='ocr_par' dir='ltr' id='par_1_34' title="bbox 285 1040 1074 1071">
     <span class='ocr_line' id='line_1_34' title="bbox 285 1040 1074 1071; baseline 0.005 -8"><span class='ocrx_word' id='word_1_188' title='bbox 285 1044 385 1070; x_wconf 81' lang='lat' dir='ltr'><strong>surus,</strong></span> <span class='ocrx_word' id='word_1_189' title='bbox 417 1043 446 1064; x_wconf 91' lang='lat' dir='ltr'><strong>ut</strong></span> <span class='ocrx_word' id='word_1_190' title='bbox 476 1046 490 1065; x_wconf 84' lang='lat' dir='ltr'><strong>a</strong></span> <span class='ocrx_word' id='word_1_191' title='bbox 516 1040 589 1066; x_wconf 80' lang='lat' dir='ltr'><strong>vitiis</strong></span> <span class='ocrx_word' id='word_1_192' title='bbox 614 1040 788 1071; x_wconf 84' lang='lat' dir='ltr'><strong>abstineatis.</strong></span> <span class='ocrx_word' id='word_1_193' title='bbox 815 1041 926 1067; x_wconf 83' lang='lat' dir='ltr'><strong>hortans</strong></span> <span class='ocrx_word' id='word_1_194' title='bbox 953 1048 1017 1067; x_wconf 69' lang='lat' dir='ltr'><strong>vero</strong></span> <span class='ocrx_word' id='word_1_195' title='bbox 1043 1041 1074 1067; x_wconf 88' lang='lat' dir='ltr'><strong>ad</strong></span> 
     </span>
    </p>
   </div>
   <div class='ocr_carea' id='block_1_35' title="bbox 285 1083 1077 1119">
    <p class='ocr_par' dir='ltr' id='par_1_35' title="bbox 285 1083 1077 1119">
     <span class='ocr_line' id='line_1_35' title="bbox 285 1083 1077 1119; baseline 0.008 -12"><span class='ocrx_word' id='word_1_196' title='bbox 285 1083 414 1110; x_wconf 80' lang='lat' dir='ltr'><strong>virtutem</strong></span> <span class='ocrx_word' id='word_1_197' title='bbox 444 1084 692 1118; x_wconf 84' lang='lat' dir='ltr'><strong>complectendam;</strong></span> <span class='ocrx_word' id='word_1_198' title='bbox 713 1086 898 1119; x_wconf 72' lang='lat' dir='ltr'><strong>prmnuntians</strong></span> <span class='ocrx_word' id='word_1_199' title='bbox 928 1087 1008 1113; x_wconf 86' lang='lat' dir='ltr'><strong>etiam</strong></span> <span class='ocrx_word' id='word_1_200' title='bbox 1030 1087 1077 1113; x_wconf 90' lang='lat' dir='ltr'><strong>im-</strong></span> 
     </span>
    </p>
   </div>
   <div class='ocr_carea' id='block_1_36' title="bbox 285 1128 1074 1166">
    <p class='ocr_par' dir='ltr' id='par_1_36' title="bbox 285 1128 1074 1166">
     <span class='ocr_line' id='line_1_36' title="bbox 285 1128 1074 1166; baseline 0.006 -13"><span class='ocrx_word' id='word_1_201' title='bbox 285 1128 376 1162; x_wconf 85' lang='lat' dir='ltr'><strong>probis</strong></span> <span class='ocrx_word' id='word_1_202' title='bbox 394 1136 453 1163; x_wconf 68' lang='lat' dir='ltr'><strong>qnm</strong></span> <span class='ocrx_word' id='word_1_203' title='bbox 469 1136 548 1163; x_wconf 60' lang='lat' dir='ltr'><strong>poena</strong></span> <span class='ocrx_word' id='word_1_204' title='bbox 567 1135 792 1162; x_wconf 79' lang='lat' dir='ltr'><strong>maneat;eontra</strong></span> <span class='ocrx_word' id='word_1_205' title='bbox 807 1139 872 1158; x_wconf 79' lang='lat' dir='ltr'><strong>vero</strong></span> <span class='ocrx_word' id='word_1_206' title='bbox 887 1139 947 1166; x_wconf 65' lang='lat' dir='ltr'><strong>quae</strong></span> <span class='ocrx_word' id='word_1_207' title='bbox 965 1133 1074 1159; x_wconf 83' lang='lat' dir='ltr'><strong>virtutis</strong></span> 
     </span>
    </p>
   </div>
   <div class='ocr_carea' id='block_1_37' title="bbox 287 1175 1074 1213">
    <p class='ocr_par' dir='ltr' id='par_1_37' title="bbox 287 1175 1074 1213">
     <span class='ocr_line' id='line_1_37' title="bbox 287 1175 1074 1213; baseline 0.005 -12"><span class='ocrx_word' id='word_1_208' title='bbox 287 1175 416 1201; x_wconf 81' lang='lat' dir='ltr'><strong>studiosis</strong></span> <span class='ocrx_word' id='word_1_209' title='bbox 445 1176 556 1213; x_wconf 66' lang='lat' dir='ltr'><strong>prtemia</strong></span> <span class='ocrx_word' id='word_1_210' title='bbox 581 1177 728 1204; x_wconf 87' lang='lat' dir='ltr'><strong>dabuntur.</strong></span> <span class='ocrx_word' id='word_1_211' title='bbox 764 1177 792 1204; x_wconf 91' lang='lat' dir='ltr'><strong>Si</strong></span> <span class='ocrx_word' id='word_1_212' title='bbox 816 1178 907 1212; x_wconf 84' lang='lat' dir='ltr'><strong>itaque</strong></span> <span class='ocrx_word' id='word_1_213' title='bbox 941 1179 1074 1206; x_wconf 88' lang='lat' dir='ltr'><strong>rationem</strong></span> 
     </span>
    </p>
   </div>
   <div class='ocr_carea' id='block_1_38' title="bbox 286 1221 1077 1258">
    <p class='ocr_par' dir='ltr' id='par_1_38' title="bbox 286 1221 1077 1258">
     <span class='ocr_line' id='line_1_38' title="bbox 286 1221 1077 1258; baseline 0.006 -13"><span class='ocrx_word' id='word_1_214' title='bbox 286 1228 338 1246; x_wconf 88' lang='lat' dir='ltr'><strong>non</strong></span> <span class='ocrx_word' id='word_1_215' title='bbox 355 1221 468 1248; x_wconf 88' lang='lat' dir='ltr'><strong>omnino</strong></span> <span class='ocrx_word' id='word_1_216' title='bbox 490 1222 675 1256; x_wconf 76' lang='lat' dir='ltr'><strong>exstinxistis,</strong></span> <span class='ocrx_word' id='word_1_217' title='bbox 694 1223 740 1250; x_wconf 87' lang='lat' dir='ltr'><strong>sed</strong></span> <span class='ocrx_word' id='word_1_218' title='bbox 762 1228 844 1250; x_wconf 82' lang='lat' dir='ltr'><strong>restat</strong></span> <span class='ocrx_word' id='word_1_219' title='bbox 869 1223 996 1255; x_wconf 75' lang='lat' dir='ltr'><strong>scintilla,</strong></span> <span class='ocrx_word' id='word_1_220' title='bbox 1015 1231 1077 1258; x_wconf 67' lang='lat' dir='ltr'><strong>qua:</strong></span> 
     </span>
    </p>
   </div>
   <div class='ocr_carea' id='block_1_39' title="bbox 285 1267 1077 1303">
    <p class='ocr_par' dir='ltr' id='par_1_39' title="bbox 285 1267 1077 1303">
     <span class='ocr_line' id='line_1_39' title="bbox 285 1267 1077 1303; baseline 0.005 -11"><span class='ocrx_word' id='word_1_221' title='bbox 285 1267 394 1294; x_wconf 74' lang='lat' dir='ltr'><strong>accendi</strong></span> <span class='ocrx_word' id='word_1_222' title='bbox 407 1273 499 1302; x_wconf 89' lang='lat' dir='ltr'><strong>queat.</strong></span> <span class='ocrx_word' id='word_1_223' title='bbox 511 1277 570 1296; x_wconf 84' lang='lat' dir='ltr'><strong>eam</strong></span> <span class='ocrx_word' id='word_1_224' title='bbox 582 1268 774 1296; x_wconf 85' lang='lat' dir='ltr'><strong>inﬂammando</strong></span> <span class='ocrx_word' id='word_1_225' title='bbox 788 1270 928 1297; x_wconf 73' lang='lat' dir='ltr'><strong>suscitata.</strong></span> <span class='ocrx_word' id='word_1_226' title='bbox 939 1269 1077 1303; x_wconf 79' lang='lat' dir='ltr'><strong>Forsitan,</strong></span> 
     </span>
    </p>
   </div>
   <div class='ocr_carea' id='block_1_40' title="bbox 286 1312 885 1350">
    <p class='ocr_par' dir='ltr' id='par_1_40' title="bbox 286 1312 885 1350">
     <span class='ocr_line' id='line_1_40' title="bbox 286 1312 885 1350; baseline 0.005 -11"><span class='ocrx_word' id='word_1_227' title='bbox 286 1312 390 1340; x_wconf 81' lang='lat' dir='ltr'><strong>tametsi</strong></span> <span class='ocrx_word' id='word_1_228' title='bbox 405 1320 479 1345; x_wconf 89' lang='lat' dir='ltr'><strong>sero,</strong></span> <span class='ocrx_word' id='word_1_229' title='bbox 493 1314 517 1340; x_wconf 88' lang='lat' dir='ltr'><strong>id</strong></span> <span class='ocrx_word' id='word_1_230' title='bbox 535 1314 682 1349; x_wconf 83' lang='lat' dir='ltr'><strong>aliquando</strong></span> <span class='ocrx_word' id='word_1_231' title='bbox 706 1317 885 1350; x_wconf 78' lang='lat' dir='ltr'><strong>cognoscetis.</strong></span> 
     </span>
    </p>
   </div>
   <div class='ocr_carea' id='block_1_41' title="bbox 409 1369 951 1400">
    <p class='ocr_par' dir='ltr' id='par_1_41' title="bbox 409 1369 951 1400">
     <span class='ocr_line' id='line_1_41' title="bbox 409 1369 951 1400; baseline 0.004 -4"><span class='ocrx_word' id='word_1_232' title='bbox 409 1369 542 1398; x_wconf 78' lang='lat' dir='ltr'><strong>LXXXV.</strong></span> <span class='ocrx_word' id='word_1_233' title='bbox 563 1386 599 1392; x_wconf 91' lang='lat'><strong>—-</strong></span> <span class='ocrx_word' id='word_1_234' title='bbox 630 1371 771 1399; x_wconf 72' lang='lat' dir='ltr'><strong>HIERACI</strong></span> <span class='ocrx_word' id='word_1_235' title='bbox 790 1372 951 1400; x_wconf 72' lang='lat' dir='ltr'><strong>DIACONO.</strong></span> 
     </span>
    </p>
   </div>
   <div class='ocr_carea' id='block_1_42' title="bbox 1130 994 1916 1031">
    <p class='ocr_par' dir='ltr' id='par_1_42' title="bbox 1130 994 1916 1031">
     <span class='ocr_line' id='line_1_42' title="bbox 1130 994 1916 1031; baseline 0.003 -11"><span class='ocrx_word' id='word_1_236' title='bbox 1130 1003 1188 1027; x_wconf 86' lang='grc' dir='ltr'>σαν,</span> <span class='ocrx_word' id='word_1_237' title='bbox 1207 994 1264 1021; x_wconf 84' lang='grc' dir='ltr'>ἀλλ’</span> <span class='ocrx_word' id='word_1_238' title='bbox 1287 995 1343 1029; x_wconf 75' lang='grc' dir='ltr'><strong>ἐγὼ</strong></span> <span class='ocrx_word' id='word_1_239' title='bbox 1365 995 1446 1022; x_wconf 78' lang='grc' dir='ltr'>πάλιν</span> <span class='ocrx_word' id='word_1_240' title='bbox 1470 996 1530 1030; x_wconf 72' lang='grc' dir='ltr'>ἥκω</span> <span class='ocrx_word' id='word_1_241' title='bbox 1551 995 1762 1030; x_wconf 64' lang='grc' dir='ltr'>συμϐουλεύσων</span> <span class='ocrx_word' id='word_1_242' title='bbox 1782 996 1833 1031; x_wconf 84' lang='grc' dir='ltr'><strong>μὲν</strong></span> <span class='ocrx_word' id='word_1_243' title='bbox 1857 997 1916 1030; x_wconf 76' lang='grc' dir='ltr'><strong>ὑμῖν</strong></span> 
     </span>
    </p>
   </div>
   <div class='ocr_carea' id='block_1_43' title="bbox 1127 1039 1915 1076">
    <p class='ocr_par' dir='ltr' id='par_1_43' title="bbox 1127 1039 1915 1076">
     <span class='ocr_line' id='line_1_43' title="bbox 1127 1039 1915 1076; baseline -0.001 -9"><span class='ocrx_word' id='word_1_244' title='bbox 1127 1040 1309 1075; x_wconf 73' lang='grc' dir='ltr'>ἀποφοιτῆσαι</span> <span class='ocrx_word' id='word_1_245' title='bbox 1323 1041 1373 1076; x_wconf 83' lang='grc' dir='ltr'>τῆς</span> <span class='ocrx_word' id='word_1_246' title='bbox 1389 1041 1498 1071; x_wconf 77' lang='grc' dir='ltr'>κακίας,</span> <span class='ocrx_word' id='word_1_247' title='bbox 1517 1039 1677 1075; x_wconf 70' lang='grc' dir='ltr'>προτρέψων</span> <span class='ocrx_word' id='word_1_248' title='bbox 1693 1040 1722 1066; x_wconf 82' lang='grc' dir='ltr'><strong>δὲ</strong></span> <span class='ocrx_word' id='word_1_249' title='bbox 1738 1041 1782 1066; x_wconf 72' lang='grc' dir='ltr'><strong>ἐπ’</strong></span> <span class='ocrx_word' id='word_1_250' title='bbox 1800 1041 1915 1075; x_wconf 78' lang='grc' dir='ltr'>ἀρετήν·</span> 
     </span>
    </p>
   </div>
   <div class='ocr_carea' id='block_1_44' title="bbox 1129 1080 1916 1121">
    <p class='ocr_par' dir='ltr' id='par_1_44' title="bbox 1129 1080 1916 1121">
     <span class='ocr_line' id='line_1_44' title="bbox 1129 1080 1916 1121; baseline -0.001 -9"><span class='ocrx_word' id='word_1_251' title='bbox 1129 1086 1174 1112; x_wconf 67' lang='grc' dir='ltr'>καὶ</span> <span class='ocrx_word' id='word_1_252' title='bbox 1189 1085 1372 1121; x_wconf 79' lang='grc' dir='ltr'>προμηνύσων</span> <span class='ocrx_word' id='word_1_253' title='bbox 1389 1085 1439 1120; x_wconf 74' lang='grc' dir='ltr'><strong>μὲν</strong></span> <span class='ocrx_word' id='word_1_254' title='bbox 1453 1085 1487 1112; x_wconf 77' lang='grc' dir='ltr'>τὰ</span> <span class='ocrx_word' id='word_1_255' title='bbox 1501 1086 1556 1116; x_wconf 85' lang='grc' dir='ltr'>τοῖς</span> <span class='ocrx_word' id='word_1_256' title='bbox 1571 1085 1682 1119; x_wconf 74' lang='grc' dir='ltr'>φαύλοις</span> <span class='ocrx_word' id='word_1_257' title='bbox 1695 1080 1916 1120; x_wconf 74' lang='grc' dir='ltr'><strong>ἀποδοθησόμενα</strong></span> 
     </span>
    </p>
   </div>
   <div class='ocr_carea' id='block_1_45' title="bbox 1128 1130 1917 1166">
    <p class='ocr_par' dir='ltr' id='par_1_45' title="bbox 1128 1130 1917 1166">
     <span class='ocr_line' id='line_1_45' title="bbox 1128 1130 1917 1166; baseline 0 -10"><span class='ocrx_word' id='word_1_258' title='bbox 1128 1131 1266 1166; x_wconf 78' lang='grc' dir='ltr'>ἐπίχειρα,</span> <span class='ocrx_word' id='word_1_259' title='bbox 1294 1130 1508 1166; x_wconf 82' lang='grc' dir='ltr'>προαγορεύσων</span> <span class='ocrx_word' id='word_1_260' title='bbox 1531 1130 1559 1156; x_wconf 78' lang='grc' dir='ltr'><strong>δὲ</strong></span> <span class='ocrx_word' id='word_1_261' title='bbox 1573 1130 1608 1157; x_wconf 72' lang='grc' dir='ltr'>τὰ</span> <span class='ocrx_word' id='word_1_262' title='bbox 1627 1132 1682 1162; x_wconf 82' lang='grc' dir='ltr'>τοῖς</span> <span class='ocrx_word' id='word_1_263' title='bbox 1709 1130 1868 1165; x_wconf 75' lang='grc' dir='ltr'>φιλαρὲτοις</span> <span class='ocrx_word' id='word_1_264' title='bbox 1880 1131 1917 1157; x_wconf 82' lang='grc' dir='ltr'><strong>δο-</strong></span> 
     </span>
    </p>
   </div>
   <div class='ocr_carea' id='block_1_46' title="bbox 1129 1176 1919 1211">
    <p class='ocr_par' dir='ltr' id='par_1_46' title="bbox 1129 1176 1919 1211">
     <span class='ocr_line' id='line_1_46' title="bbox 1129 1176 1919 1211; baseline 0 -9"><span class='ocrx_word' id='word_1_265' title='bbox 1129 1176 1269 1211; x_wconf 80' lang='grc' dir='ltr'><strong>θησόμενα</strong></span> <span class='ocrx_word' id='word_1_266' title='bbox 1289 1177 1404 1204; x_wconf 78' lang='grc' dir='ltr'><strong>ἔπαθλα.</strong></span> <span class='ocrx_word' id='word_1_267' title='bbox 1424 1177 1456 1202; x_wconf 84' lang='lat' dir='ltr'>E!</span> <span class='ocrx_word' id='word_1_268' title='bbox 1471 1176 1561 1203; x_wconf 78' lang='grc' dir='ltr'>τοίνυν</span> <span class='ocrx_word' id='word_1_269' title='bbox 1578 1177 1608 1202; x_wconf 80' lang='grc' dir='ltr'>τὸ</span> <span class='ocrx_word' id='word_1_270' title='bbox 1626 1176 1782 1210; x_wconf 81' lang='grc' dir='ltr'>λογιστικὸν</span> <span class='ocrx_word' id='word_1_271' title='bbox 1806 1176 1843 1211; x_wconf 84' lang='grc' dir='ltr'><strong>μὴ</strong></span> <span class='ocrx_word' id='word_1_272' title='bbox 1858 1184 1919 1202; x_wconf 83' lang='grc' dir='ltr'>παν-</span> 
     </span>
    </p>
   </div>
   <div class='ocr_carea' id='block_1_47' title="bbox 1128 1221 1919 1257">
    <p class='ocr_par' dir='ltr' id='par_1_47' title="bbox 1128 1221 1919 1257">
     <span class='ocr_line' id='line_1_47' title="bbox 1128 1221 1919 1257; baseline 0.001 -10"><span class='ocrx_word' id='word_1_273' title='bbox 1128 1222 1214 1253; x_wconf 82' lang='grc' dir='ltr'>τελῶς</span> <span class='ocrx_word' id='word_1_274' title='bbox 1226 1222 1408 1257; x_wconf 79' lang='grc' dir='ltr'>ἐνεκρώσατε.</span> <span class='ocrx_word' id='word_1_275' title='bbox 1424 1221 1480 1248; x_wconf 82' lang='grc' dir='ltr'><strong>ἀλλ’</strong></span> <span class='ocrx_word' id='word_1_276' title='bbox 1499 1222 1556 1257; x_wconf 77' lang='grc' dir='ltr'>ἔχει</span> <span class='ocrx_word' id='word_1_277' title='bbox 1571 1231 1597 1248; x_wconf 84' lang='grc' dir='ltr'><strong>τι</strong></span> <span class='ocrx_word' id='word_1_278' title='bbox 1615 1223 1786 1257; x_wconf 73' lang='grc' dir='ltr'>ἐμπύρευμα</span> <span class='ocrx_word' id='word_1_279' title='bbox 1806 1222 1919 1257; x_wconf 77' lang='grc' dir='ltr'>ἀναλάμ-</span> 
     </span>
    </p>
   </div>
   <div class='ocr_carea' id='block_1_48' title="bbox 1129 1268 1917 1304">
    <p class='ocr_par' dir='ltr' id='par_1_48' title="bbox 1129 1268 1917 1304">
     <span class='ocr_line' id='line_1_48' title="bbox 1129 1268 1917 1304; baseline 0.001 -10"><span class='ocrx_word' id='word_1_280' title='bbox 1129 1268 1178 1303; x_wconf 83' lang='grc' dir='ltr'>ψαι</span> <span class='ocrx_word' id='word_1_281' title='bbox 1192 1269 1354 1303; x_wconf 76' lang='grc' dir='ltr'><strong>δυνάμενον,</strong></span> <span class='ocrx_word' id='word_1_282' title='bbox 1369 1269 1441 1295; x_wconf 81' lang='grc' dir='ltr'>τοῦτ’</span> <span class='ocrx_word' id='word_1_283' title='bbox 1455 1269 1688 1304; x_wconf 78' lang='grc' dir='ltr'>ἁναρριπίσαντες</span> <span class='ocrx_word' id='word_1_284' title='bbox 1700 1268 1832 1303; x_wconf 70' lang='grc' dir='ltr'>ἐξάψατε.</span> <span class='ocrx_word' id='word_1_285' title='bbox 1848 1269 1917 1303; x_wconf 81' lang='grc' dir='ltr'><strong>Τάχα</strong></span> 
     </span>
    </p>
   </div>
   <div class='ocr_carea' id='block_1_49' title="bbox 1129 1314 1598 1349">
    <p class='ocr_par' dir='ltr' id='par_1_49' title="bbox 1129 1314 1598 1349">
     <span class='ocr_line' id='line_1_49' title="bbox 1129 1314 1598 1349; baseline -0.002 -8"><span class='ocrx_word' id='word_1_286' title='bbox 1129 1323 1188 1346; x_wconf 81' lang='grc' dir='ltr'><strong>πως</strong></span> <span class='ocrx_word' id='word_1_287' title='bbox 1200 1314 1251 1341; x_wconf 80' lang='grc' dir='ltr'><strong>κᾶν</strong></span> <span class='ocrx_word' id='word_1_288' title='bbox 1263 1315 1311 1349; x_wconf 70' lang='grc' dir='ltr'><strong>ὀψέ</strong></span> <span class='ocrx_word' id='word_1_289' title='bbox 1323 1323 1388 1341; x_wconf 87' lang='grc' dir='ltr'>ποτε</span> <span class='ocrx_word' id='word_1_290' title='bbox 1402 1315 1462 1341; x_wconf 80' lang='grc' dir='ltr'>τόδε</span> <span class='ocrx_word' id='word_1_291' title='bbox 1479 1315 1598 1349; x_wconf 81' lang='grc' dir='ltr'>γνοίητε.</span> 
     </span>
    </p>
   </div>
   <div class='ocr_carea' id='block_1_50' title="bbox 1307 1371 1742 1406">
    <p class='ocr_par' dir='ltr' id='par_1_50' title="bbox 1307 1371 1742 1406">
     <span class='ocr_line' id='line_1_50' title="bbox 1307 1371 1742 1406; baseline 0 -9"><span class='ocrx_word' id='word_1_292' title='bbox 1307 1371 1370 1398; x_wconf 86' lang='grc' dir='ltr'><strong>ΠΕ’.</strong></span> <span class='ocrx_word' id='word_1_293' title='bbox 1388 1386 1423 1390; x_wconf 88' lang='grc'><strong><em>-</em></strong></span> <span class='ocrx_word' id='word_1_294' title='bbox 1441 1371 1558 1397; x_wconf 82' lang='lat' dir='ltr'><strong>IEPAKI</strong></span> <span class='ocrx_word' id='word_1_295' title='bbox 1578 1371 1742 1406; x_wconf 79' lang='grc' dir='ltr'><strong>ΔῘΑΚΟΝῼ.</strong></span> 
     </span>
    </p>
   </div>
   <div class='ocr_carea' id='block_1_51' title="bbox 400 1425 1801 1464">
    <p class='ocr_par' dir='ltr' id='par_1_51' title="bbox 400 1425 1801 1464">
     <span class='ocr_line' id='line_1_51' title="bbox 400 1425 1801 1464; baseline -0.001 -10"><span class='ocrx_word' id='word_1_296' title='bbox 400 1427 613 1455; x_wconf 77' lang='lat' dir='ltr'><strong>Christianorum</strong></span> <span class='ocrx_word' id='word_1_297' title='bbox 628 1429 778 1456; x_wconf 73' lang='lat' dir='ltr'><strong>discordia’.</strong></span> <span class='ocrx_word' id='word_1_298' title='bbox 797 1429 830 1456; x_wconf 83' lang='lat' dir='ltr'><strong>In</strong></span> <span class='ocrx_word' id='word_1_299' title='bbox 843 1430 953 1464; x_wconf 76' lang='lat' dir='ltr'><strong>justitia</strong></span> <span class='ocrx_word' id='word_1_300' title='bbox 969 1429 1072 1464; x_wconf 75' lang='lat' dir='ltr'><strong>ﬁdeque</strong></span> <span class='ocrx_word' id='word_1_301' title='bbox 1094 1426 1224 1454; x_wconf 71' lang='lat' dir='ltr'><strong>servanda</strong></span> <span class='ocrx_word' id='word_1_302' title='bbox 1240 1426 1354 1453; x_wconf 80' lang='lat' dir='ltr'><strong>latrones</strong></span> <span class='ocrx_word' id='word_1_303' title='bbox 1370 1426 1488 1461; x_wconf 71' lang='lat' dir='ltr'><strong>exemplo</strong></span> <span class='ocrx_word' id='word_1_304' title='bbox 1500 1431 1572 1453; x_wconf 76' lang='lat' dir='ltr'><strong>mni.</strong></span> <span class='ocrx_word' id='word_1_305' title='bbox 1591 1425 1660 1461; x_wconf 87' lang='lat' dir='ltr'><strong>(Cic.</strong></span> <span class='ocrx_word' id='word_1_306' title='bbox 1677 1425 1690 1452; x_wconf 87' lang='grc'><em>1</em></span> <span class='ocrx_word' id='word_1_307' title='bbox 1712 1425 1801 1461; x_wconf 77' lang='lat' dir='ltr'><strong>Ofﬁc.)</strong></span> 
     </span>
    </p>
   </div>
   <div class='ocr_carea' id='block_1_52' title="bbox 320 1478 1075 1520">
    <p class='ocr_par' dir='ltr' id='par_1_52' title="bbox 320 1478 1075 1520">
     <span class='ocr_line' id='line_1_52' title="bbox 320 1478 1075 1520; baseline 0.001 -9"><span class='ocrx_word' id='word_1_308' title='bbox 320 1483 404 1511; x_wconf 85' lang='lat' dir='ltr'><strong>Miror</strong></span> <span class='ocrx_word' id='word_1_309' title='bbox 438 1485 562 1519; x_wconf 84' lang='lat' dir='ltr'><strong>equidem</strong></span> <span class='ocrx_word' id='word_1_310' title='bbox 585 1478 762 1513; x_wconf 80' lang='lat' dir='ltr'><strong>vehementer</strong></span> <span class='ocrx_word' id='word_1_311' title='bbox 789 1494 836 1513; x_wconf 89' lang='lat' dir='ltr'><strong>eos</strong></span> <span class='ocrx_word' id='word_1_312' title='bbox 864 1486 1001 1519; x_wconf 88' lang='lat' dir='ltr'><strong>latrones,</strong></span> <span class='ocrx_word' id='word_1_313' title='bbox 1029 1486 1075 1520; x_wconf 83' lang='lat' dir='ltr'><strong>qui</strong></span> 
     </span>
    </p>
   </div>
   <div class='ocr_carea' id='block_1_53' title="bbox 1128 1478 1922 1520">
    <p class='ocr_par' dir='ltr' id='par_1_53' title="bbox 1161 1482 1922 1519">
     <span class='ocr_line' id='line_1_53' title="bbox 1161 1482 1922 1519; baseline 0 -10"><span class='ocrx_word' id='word_1_314' title='bbox 1161 1483 1229 1510; x_wconf 85' lang='grc' dir='ltr'>Λίαν</span> <span class='ocrx_word' id='word_1_315' title='bbox 1245 1482 1388 1517; x_wconf 80' lang='grc' dir='ltr'><strong>θαυμάζω,</strong></span> <span class='ocrx_word' id='word_1_316' title='bbox 1407 1482 1481 1514; x_wconf 81' lang='grc' dir='ltr'>ὅπως</span> <span class='ocrx_word' id='word_1_317' title='bbox 1493 1483 1517 1509; x_wconf 85' lang='grc' dir='ltr'>οἱ</span> <span class='ocrx_word' id='word_1_318' title='bbox 1530 1483 1580 1517; x_wconf 76' lang='grc' dir='ltr'><strong>μὲν</strong></span> <span class='ocrx_word' id='word_1_319' title='bbox 1593 1482 1702 1519; x_wconf 73' lang='grc' dir='ltr'>λῃσταὶ,</span> <span class='ocrx_word' id='word_1_320' title='bbox 1718 1483 1743 1508; x_wconf 75' lang='grc' dir='ltr'>οἱ</span> <span class='ocrx_word' id='word_1_321' title='bbox 1757 1482 1823 1517; x_wconf 72' lang='grc' dir='ltr'><strong>Ξίφη</strong></span> <span class='ocrx_word' id='word_1_322' title='bbox 1835 1484 1922 1518; x_wconf 76' lang='grc' dir='ltr'>γυμνᾶ</span> 
     </span>
    </p>
   </div>
   <div class='ocr_carea' id='block_1_54' title="bbox 283 1527 1075 1566">
    <p class='ocr_par' dir='ltr' id='par_1_54' title="bbox 283 1530 1075 1566">
     <span class='ocr_line' id='line_1_54' title="bbox 283 1530 1075 1566; baseline 0.001 -10"><span class='ocrx_word' id='word_1_323' title='bbox 283 1530 386 1558; x_wconf 79' lang='lat' dir='ltr'><strong>strictis</strong></span> <span class='ocrx_word' id='word_1_324' title='bbox 399 1535 560 1564; x_wconf 77' lang='lat' dir='ltr'><strong>grassantur</strong></span> <span class='ocrx_word' id='word_1_325' title='bbox 577 1531 683 1565; x_wconf 75' lang='lat' dir='ltr'><strong>gladiis,</strong></span> <span class='ocrx_word' id='word_1_326' title='bbox 701 1536 729 1559; x_wconf 92' lang='lat' dir='ltr'><strong>et</strong></span> <span class='ocrx_word' id='word_1_327' title='bbox 746 1533 772 1559; x_wconf 91' lang='lat' dir='ltr'><strong>in</strong></span> <span class='ocrx_word' id='word_1_328' title='bbox 796 1531 885 1566; x_wconf 80' lang='lat' dir='ltr'><strong>justos</strong></span> <span class='ocrx_word' id='word_1_329' title='bbox 905 1531 985 1558; x_wconf 83' lang='lat' dir='ltr'><strong>etiam</strong></span> <span class='ocrx_word' id='word_1_330' title='bbox 1001 1538 1075 1558; x_wconf 85' lang='lat' dir='ltr'><strong>arma</strong></span> 
     </span>
    </p>
   </div>
   <div class='ocr_carea' id='block_1_55' title="bbox 1128 1527 1921 1566">
    <p class='ocr_par' dir='ltr' id='par_1_55' title="bbox 1128 1527 1921 1564">
     <span class='ocr_line' id='line_1_55' title="bbox 1128 1527 1921 1564; baseline -0.004 -8"><span class='ocrx_word' id='word_1_331' title='bbox 1128 1529 1306 1560; x_wconf 74' lang='grc' dir='ltr'>ἐπισείοντες,</span> <span class='ocrx_word' id='word_1_332' title='bbox 1323 1529 1370 1554; x_wconf 72' lang='grc' dir='ltr'>καὶ</span> <span class='ocrx_word' id='word_1_333' title='bbox 1383 1528 1454 1555; x_wconf 76' lang='grc' dir='ltr'>κατὰ</span> <span class='ocrx_word' id='word_1_334' title='bbox 1466 1528 1520 1555; x_wconf 83' lang='grc' dir='ltr'><strong>τῶν</strong></span> <span class='ocrx_word' id='word_1_335' title='bbox 1534 1528 1618 1564; x_wconf 80' lang='grc' dir='ltr'>μηδὲν</span> <span class='ocrx_word' id='word_1_336' title='bbox 1630 1527 1800 1554; x_wconf 75' lang='grc' dir='ltr'><strong>ἀδικούντων</strong></span> <span class='ocrx_word' id='word_1_337' title='bbox 1819 1528 1921 1560; x_wconf 62' lang='grc' dir='ltr'><strong>ὁπλιζά</strong></span> 
     </span>
    </p>
   </div>
   <div class='ocr_carea' id='block_1_56' title="bbox 285 1575 1075 1615">
    <p class='ocr_par' dir='ltr' id='par_1_56' title="bbox 285 1576 1075 1611">
     <span class='ocr_line' id='line_1_56' title="bbox 285 1576 1075 1611; baseline 0 -8"><span class='ocrx_word' id='word_1_338' title='bbox 285 1576 385 1606; x_wconf 75' lang='lat' dir='ltr'><strong>ferunt.</strong></span> <span class='ocrx_word' id='word_1_339' title='bbox 404 1576 436 1603; x_wconf 88' lang='lat' dir='ltr'><strong>de</strong></span> <span class='ocrx_word' id='word_1_340' title='bbox 451 1576 540 1610; x_wconf 69' lang='lat' dir='ltr'><strong>praeda</strong></span> <span class='ocrx_word' id='word_1_341' title='bbox 565 1577 740 1611; x_wconf 83' lang='lat' dir='ltr'><strong>participare.</strong></span> <span class='ocrx_word' id='word_1_342' title='bbox 773 1577 907 1604; x_wconf 87' lang='lat' dir='ltr'><strong>Desinunt</strong></span> <span class='ocrx_word' id='word_1_343' title='bbox 930 1578 1001 1604; x_wconf 90' lang='lat' dir='ltr'><strong>enim</strong></span> <span class='ocrx_word' id='word_1_344' title='bbox 1019 1576 1075 1610; x_wconf 78' lang='lat' dir='ltr'><strong>jam</strong></span> 
     </span>
    </p>
   </div>
   <div class='ocr_carea' id='block_1_57' title="bbox 1128 1575 1922 1615">
    <p class='ocr_par' dir='ltr' id='par_1_57' title="bbox 1131 1575 1922 1611">
     <span class='ocr_line' id='line_1_57' title="bbox 1131 1575 1922 1611; baseline 0 -9"><span class='ocrx_word' id='word_1_345' title='bbox 1131 1584 1218 1610; x_wconf 83' lang='grc' dir='ltr'>μενοι,</span> <span class='ocrx_word' id='word_1_346' title='bbox 1230 1575 1302 1602; x_wconf 74' lang='grc' dir='ltr'>ἀλῶν</span> <span class='ocrx_word' id='word_1_347' title='bbox 1317 1576 1542 1611; x_wconf 67' lang='grc' dir='ltr'>κοινωνήπαντες,</span> <span class='ocrx_word' id='word_1_348' title='bbox 1554 1576 1604 1602; x_wconf 73' lang='grc' dir='ltr'><strong>οὐκ</strong></span> <span class='ocrx_word' id='word_1_349' title='bbox 1618 1575 1658 1602; x_wconf 79' lang='grc' dir='ltr'>ἐτι</span> <span class='ocrx_word' id='word_1_350' title='bbox 1675 1576 1728 1602; x_wconf 66' lang='grc' dir='ltr'>εἰσὶ</span> <span class='ocrx_word' id='word_1_351' title='bbox 1744 1575 1844 1610; x_wconf 75' lang='grc' dir='ltr'><strong>λῃσταὶ</strong></span> <span class='ocrx_word' id='word_1_352' title='bbox 1860 1577 1922 1611; x_wconf 72' lang='grc' dir='ltr'>πρὸς</span> 
     </span>
    </p>
   </div>
   <div class='ocr_carea' id='block_1_58' title="bbox 284 1621 1075 1664">
    <p class='ocr_par' dir='ltr' id='par_1_58' title="bbox 284 1621 1073 1660">
     <span class='ocr_line' id='line_1_58' title="bbox 284 1621 1073 1660; baseline 0 -11"><span class='ocrx_word' id='word_1_353' title='bbox 284 1629 343 1649; x_wconf 83' lang='lat' dir='ltr'><strong>esse</strong></span> <span class='ocrx_word' id='word_1_354' title='bbox 360 1621 480 1649; x_wconf 84' lang='lat' dir='ltr'><strong>latrones</strong></span> <span class='ocrx_word' id='word_1_355' title='bbox 494 1629 556 1660; x_wconf 75' lang='lat' dir='ltr'><strong>erga</strong></span> <span class='ocrx_word' id='word_1_356' title='bbox 571 1629 628 1655; x_wconf 90' lang='lat' dir='ltr'><strong>eos,</strong></span> <span class='ocrx_word' id='word_1_357' title='bbox 644 1623 805 1656; x_wconf 85' lang='lat' dir='ltr'><strong>quibuscum</strong></span> <span class='ocrx_word' id='word_1_358' title='bbox 824 1623 908 1650; x_wconf 89' lang='lat' dir='ltr'><strong>ictum</strong></span> <span class='ocrx_word' id='word_1_359' title='bbox 922 1622 1010 1650; x_wconf 77' lang='lat' dir='ltr'><strong>ftedus</strong></span> <span class='ocrx_word' id='word_1_360' title='bbox 1021 1627 1073 1653; x_wconf 87' lang='lat' dir='ltr'><strong>est,</strong></span> 
     </span>
    </p>
   </div>
   <div class='ocr_carea' id='block_1_59' title="bbox 1128 1621 1922 1664">
    <p class='ocr_par' dir='ltr' id='par_1_59' title="bbox 1128 1621 1922 1658">
     <span class='ocr_line' id='line_1_59' title="bbox 1128 1621 1922 1658; baseline 0 -10"><span class='ocrx_word' id='word_1_361' title='bbox 1128 1621 1172 1654; x_wconf 84' lang='grc' dir='ltr'><strong>οὓς</strong></span> <span class='ocrx_word' id='word_1_362' title='bbox 1192 1622 1225 1648; x_wconf 86' lang='grc' dir='ltr'>ἂν</span> <span class='ocrx_word' id='word_1_363' title='bbox 1243 1622 1423 1653; x_wconf 80' lang='grc' dir='ltr'>σπείσωνται,</span> <span class='ocrx_word' id='word_1_364' title='bbox 1443 1622 1512 1648; x_wconf 87' lang='grc' dir='ltr'>ἀλλὰ</span> <span class='ocrx_word' id='word_1_365' title='bbox 1540 1621 1759 1658; x_wconf 78' lang='grc' dir='ltr'>μεταρρυθμίζει</span> <span class='ocrx_word' id='word_1_366' title='bbox 1773 1622 1820 1648; x_wconf 82' lang='grc' dir='ltr'><strong>τὸν</strong></span> <span class='ocrx_word' id='word_1_367' title='bbox 1846 1622 1922 1656; x_wconf 55' lang='lat' dir='ltr'><strong>dits!-</strong></span> 
     </span>
    </p>
   </div>
   <div class='ocr_carea' id='block_1_60' title="bbox 284 1667 1075 1704">
    <p class='ocr_par' dir='ltr' id='par_1_60' title="bbox 284 1668 1074 1703">
     <span class='ocr_line' id='line_1_60' title="bbox 284 1668 1074 1703; baseline 0.001 -10"><span class='ocrx_word' id='word_1_368' title='bbox 284 1668 331 1694; x_wconf 77' lang='lat' dir='ltr'><strong>sed</strong></span> <span class='ocrx_word' id='word_1_369' title='bbox 358 1675 450 1695; x_wconf 84' lang='lat' dir='ltr'><strong>mensa</strong></span> <span class='ocrx_word' id='word_1_370' title='bbox 484 1668 582 1694; x_wconf 87' lang='lat' dir='ltr'><strong>durum</strong></span> <span class='ocrx_word' id='word_1_371' title='bbox 605 1669 790 1703; x_wconf 84' lang='lat' dir='ltr'><strong>acerbumque</strong></span> <span class='ocrx_word' id='word_1_372' title='bbox 826 1669 935 1696; x_wconf 85' lang='lat' dir='ltr'><strong>vivendi</strong></span> <span class='ocrx_word' id='word_1_373' title='bbox 972 1676 1074 1695; x_wconf 90' lang='lat' dir='ltr'><strong>morem</strong></span> 
     </span>
    </p>
   </div>
   <div class='ocr_carea' id='block_1_61' title="bbox 1128 1667 1919 1704">
    <p class='ocr_par' dir='ltr' id='par_1_61' title="bbox 1129 1667 1919 1704">
     <span class='ocr_line' id='line_1_61' title="bbox 1129 1667 1919 1704; baseline 0 -10"><span class='ocrx_word' id='word_1_374' title='bbox 1129 1668 1222 1695; x_wconf 77' lang='grc' dir='ltr'>λικτον</span> <span class='ocrx_word' id='word_1_375' title='bbox 1234 1668 1337 1703; x_wconf 80' lang='grc' dir='ltr'>τρόπον</span> <span class='ocrx_word' id='word_1_376' title='bbox 1349 1669 1365 1704; x_wconf 84' lang='grc' dir='ltr'>ή</span> <span class='ocrx_word' id='word_1_377' title='bbox 1379 1668 1514 1703; x_wconf 82' lang='grc' dir='ltr'>τράπεζα.</span> <span class='ocrx_word' id='word_1_378' title='bbox 1532 1668 1628 1703; x_wconf 79' lang='grc' dir='ltr'>Ἡμεῖς</span> <span class='ocrx_word' id='word_1_379' title='bbox 1639 1668 1668 1694; x_wconf 84' lang='grc' dir='ltr'>δὲ</span> <span class='ocrx_word' id='word_1_380' title='bbox 1680 1668 1757 1699; x_wconf 82' lang='grc' dir='ltr'>θείας</span> <span class='ocrx_word' id='word_1_381' title='bbox 1769 1667 1919 1703; x_wconf 75' lang='grc' dir='ltr'><strong>ἀξιούμενοι</strong></span> 
     </span>
    </p>
   </div>
   <div class='ocr_carea' id='block_1_62' title="bbox 283 1712 1075 1751">
    <p class='ocr_par' dir='ltr' id='par_1_62' title="bbox 283 1712 1075 1751">
     <span class='ocr_line' id='line_1_62' title="bbox 283 1712 1075 1751; baseline 0.001 -12"><span class='ocrx_word' id='word_1_382' title='bbox 283 1720 378 1740; x_wconf 88' lang='lat' dir='ltr'><strong>eorum</strong></span> <span class='ocrx_word' id='word_1_383' title='bbox 398 1718 538 1748; x_wconf 86' lang='lat' dir='ltr'><strong>temperat.</strong></span> <span class='ocrx_word' id='word_1_384' title='bbox 554 1713 608 1741; x_wconf 77' lang='lat' dir='ltr'><strong>Nos</strong></span> <span class='ocrx_word' id='word_1_385' title='bbox 634 1722 698 1741; x_wconf 85' lang='lat' dir='ltr'><strong>vero</strong></span> <span class='ocrx_word' id='word_1_386' title='bbox 716 1715 816 1742; x_wconf 87' lang='lat' dir='ltr'><strong>divinis</strong></span> <span class='ocrx_word' id='word_1_387' title='bbox 833 1715 873 1751; x_wconf 81' lang='lat' dir='ltr'><strong>[in</strong></span> <span class='ocrx_word' id='word_1_388' title='bbox 893 1712 1075 1749; x_wconf 84' lang='lat' dir='ltr'><strong>Eucharistia]</strong></span> 
     </span>
    </p>
   </div>
   <div class='ocr_carea' id='block_1_63' title="bbox 1128 1712 1919 1751">
    <p class='ocr_par' dir='ltr' id='par_1_63' title="bbox 1130 1712 1919 1749">
     <span class='ocr_line' id='line_1_63' title="bbox 1130 1712 1919 1749; baseline -0.001 -10"><span class='ocrx_word' id='word_1_389' title='bbox 1130 1713 1283 1749; x_wconf 75' lang='grc' dir='ltr'><strong>τραπέζης,</strong></span> <span class='ocrx_word' id='word_1_390' title='bbox 1309 1713 1441 1740; x_wconf 80' lang='grc' dir='ltr'>ἄσπονδον</span> <span class='ocrx_word' id='word_1_391' title='bbox 1466 1713 1566 1748; x_wconf 74' lang='grc' dir='ltr'>ἔχομεν</span> <span class='ocrx_word' id='word_1_392' title='bbox 1588 1713 1656 1748; x_wconf 77' lang='grc' dir='ltr'>πρὸς</span> <span class='ocrx_word' id='word_1_393' title='bbox 1673 1712 1791 1744; x_wconf 73' lang='grc' dir='ltr'>ἑαυτοὺς</span> <span class='ocrx_word' id='word_1_394' title='bbox 1814 1712 1859 1738; x_wconf 81' lang='grc' dir='ltr'><strong>τὸν</strong></span> <span class='ocrx_word' id='word_1_395' title='bbox 1879 1713 1919 1738; x_wconf 78' lang='grc' dir='ltr'><strong>πό-</strong></span> 
     </span>
    </p>
   </div>
   <div class='ocr_carea' id='block_1_64' title="bbox 283 1759 1076 1795">
    <p class='ocr_par' dir='ltr' id='par_1_64' title="bbox 283 1759 1076 1795">
     <span class='ocr_line' id='line_1_64' title="bbox 283 1759 1076 1795; baseline 0.001 -10"><span class='ocrx_word' id='word_1_396' title='bbox 283 1759 385 1793; x_wconf 83' lang='lat' dir='ltr'><strong>dignali</strong></span> <span class='ocrx_word' id='word_1_397' title='bbox 410 1759 510 1795; x_wconf 87' lang='lat' dir='ltr'><strong>epulis,</strong></span> <span class='ocrx_word' id='word_1_398' title='bbox 539 1760 767 1789; x_wconf 85' lang='lat' dir='ltr'><strong>irreconciliabile</strong></span> <span class='ocrx_word' id='word_1_399' title='bbox 798 1761 870 1789; x_wconf 87' lang='lat' dir='ltr'><strong>inter</strong></span> <span class='ocrx_word' id='word_1_400' title='bbox 903 1769 953 1788; x_wconf 90' lang='lat' dir='ltr'><strong>nos</strong></span> <span class='ocrx_word' id='word_1_401' title='bbox 977 1760 1076 1788; x_wconf 89' lang='lat' dir='ltr'><strong>bellum</strong></span> 
     </span>
    </p>
   </div>
   <div class='ocr_carea' id='block_1_65' title="bbox 284 1812 413 1840">
    <p class='ocr_par' dir='ltr' id='par_1_65' title="bbox 284 1812 413 1840">
     <span class='ocr_line' id='line_1_65' title="bbox 284 1812 413 1840; baseline 0.016 -9"><span class='ocrx_word' id='word_1_402' title='bbox 284 1812 413 1840; x_wconf 72' lang='lat' dir='ltr'><strong>gerimus.</strong></span> 
     </span>
    </p>
   </div>
   <div class='ocr_carea' id='block_1_66' title="bbox 346 1861 1014 1898">
    <p class='ocr_par' dir='ltr' id='par_1_66' title="bbox 346 1861 1014 1898">
     <span class='ocr_line' id='line_1_66' title="bbox 346 1861 1014 1898; baseline 0.001 -8"><span class='ocrx_word' id='word_1_403' title='bbox 346 1861 428 1898; x_wconf 79' lang='lat'><strong>579</strong></span> <span class='ocrx_word' id='word_1_404' title='bbox 442 1862 584 1892; x_wconf 82' lang='lat' dir='ltr'><strong>LXXXVI.</strong></span> <span class='ocrx_word' id='word_1_405' title='bbox 596 1879 632 1884; x_wconf 99' lang='lat'>—</span> <span class='ocrx_word' id='word_1_406' title='bbox 647 1863 748 1892; x_wconf 77' lang='lat' dir='ltr'><strong>CASIO</strong></span> <span class='ocrx_word' id='word_1_407' title='bbox 764 1863 1014 1892; x_wconf 80' lang='lat' dir='ltr'><strong>SCHOLAS&#39;I‘ICO.</strong></span> 
     </span>
    </p>
   </div>
   <div class='ocr_carea' id='block_1_67' title="bbox 1131 1758 1226 1793">
    <p class='ocr_par' dir='ltr' id='par_1_67' title="bbox 1131 1758 1226 1793">
     <span class='ocr_line' id='line_1_67' title="bbox 1131 1758 1226 1793; baseline 0.011 -9"><span class='ocrx_word' id='word_1_408' title='bbox 1131 1758 1226 1793; x_wconf 87' lang='grc' dir='ltr'>λεμον.</span> 
     </span>
    </p>
   </div>
   <div class='ocr_carea' id='block_1_68' title="bbox 1276 1859 1774 1896">
    <p class='ocr_par' dir='ltr' id='par_1_68' title="bbox 1276 1859 1774 1896">
     <span class='ocr_line' id='line_1_68' title="bbox 1276 1859 1774 1896; baseline 0 -10"><span class='ocrx_word' id='word_1_409' title='bbox 1276 1860 1349 1893; x_wconf 64' lang='lat' dir='ltr'><strong>HG’.</strong></span> <span class='ocrx_word' id='word_1_410' title='bbox 1365 1874 1401 1879; x_wconf 90' lang='lat'><strong>—-</strong></span> <span class='ocrx_word' id='word_1_411' title='bbox 1415 1860 1520 1895; x_wconf 81' lang='grc' dir='ltr'><strong>ΚΔΣΙῼ</strong></span> <span class='ocrx_word' id='word_1_412' title='bbox 1540 1859 1774 1896; x_wconf 76' lang='grc' dir='ltr'><strong>ΣΧΟΛΑΣΤΙΚῼ.</strong></span> 
     </span>
    </p>
   </div>
   <div class='ocr_carea' id='block_1_69' title="bbox 775 1905 1430 1946">
    <p class='ocr_par' dir='ltr' id='par_1_69' title="bbox 775 1905 1430 1946">
     <span class='ocr_line' id='line_1_69' title="bbox 775 1905 1430 1946; baseline -0.011 -7"><span class='ocrx_word' id='word_1_413' title='bbox 775 1911 870 1939; x_wconf 75' lang='lat' dir='ltr'><strong>Patris</strong></span> <span class='ocrx_word' id='word_1_414' title='bbox 885 1912 1000 1946; x_wconf 75' lang='lat' dir='ltr'><strong>offensas</strong></span> <span class='ocrx_word' id='word_1_415' title='bbox 1016 1910 1043 1937; x_wconf 88' lang='lat' dir='ltr'><strong>in</strong></span> <span class='ocrx_word' id='word_1_416' title='bbox 1057 1906 1146 1936; x_wconf 68' lang='lat' dir='ltr'><strong>liberis</strong></span> <span class='ocrx_word' id='word_1_417' title='bbox 1160 1905 1252 1933; x_wconf 78' lang='lat' dir='ltr'><strong>ulcisci</strong></span> <span class='ocrx_word' id='word_1_418' title='bbox 1265 1906 1430 1933; x_wconf 78' lang='lat' dir='ltr'><strong>indecorum.</strong></span> 
     </span>
    </p>
   </div>
   <div class='ocr_carea' id='block_1_70' title="bbox 319 1967 1074 2004">
    <p class='ocr_par' dir='ltr' id='par_1_70' title="bbox 319 1967 1074 2004">
     <span class='ocr_line' id='line_1_70' title="bbox 319 1967 1074 2004; baseline 0.001 -10"><span class='ocrx_word' id='word_1_419' title='bbox 319 1967 348 1994; x_wconf 86' lang='lat' dir='ltr'><strong>Si</strong></span> <span class='ocrx_word' id='word_1_420' title='bbox 365 1967 474 2001; x_wconf 87' lang='lat' dir='ltr'><strong>quidem</strong></span> <span class='ocrx_word' id='word_1_421' title='bbox 493 1969 614 2002; x_wconf 86' lang='lat' dir='ltr'><strong>parentis</strong></span> <span class='ocrx_word' id='word_1_422' title='bbox 644 1975 757 2004; x_wconf 86' lang='lat' dir='ltr'><strong>mortem</strong></span> <span class='ocrx_word' id='word_1_423' title='bbox 775 1970 896 1997; x_wconf 82' lang='lat' dir='ltr'><strong>studiose</strong></span> <span class='ocrx_word' id='word_1_424' title='bbox 911 1969 1074 2001; x_wconf 83' lang='lat' dir='ltr'><strong>observasti,</strong></span> 
     </span>
    </p>
   </div>
   <div class='ocr_carea' id='block_1_71' title="bbox 284 2013 1076 2049">
    <p class='ocr_par' dir='ltr' id='par_1_71' title="bbox 284 2013 1076 2049">
     <span class='ocr_line' id='line_1_71' title="bbox 284 2013 1076 2049; baseline 0.005 -12"><span class='ocrx_word' id='word_1_425' title='bbox 284 2019 338 2047; x_wconf 88' lang='lat' dir='ltr'><strong>quo</strong></span> <span class='ocrx_word' id='word_1_426' title='bbox 355 2013 440 2039; x_wconf 88' lang='lat' dir='ltr'><strong>tutius</strong></span> <span class='ocrx_word' id='word_1_427' title='bbox 455 2014 489 2039; x_wconf 87' lang='lat' dir='ltr'><strong>de</strong></span> <span class='ocrx_word' id='word_1_428' title='bbox 511 2013 576 2040; x_wconf 84' lang='lat' dir='ltr'><strong>ﬁliis</strong></span> <span class='ocrx_word' id='word_1_429' title='bbox 605 2014 752 2041; x_wconf 81' lang='lat' dir='ltr'><strong>vindictam</strong></span> <span class='ocrx_word' id='word_1_430' title='bbox 782 2022 906 2049; x_wconf 79' lang='lat' dir='ltr'><strong>caperes,</strong></span> <span class='ocrx_word' id='word_1_431' title='bbox 933 2014 1033 2049; x_wconf 88' lang='lat' dir='ltr'><strong>duplici</strong></span> <span class='ocrx_word' id='word_1_432' title='bbox 1051 2018 1076 2041; x_wconf 91' lang='lat' dir='ltr'><strong>te</strong></span> 
     </span>
    </p>
   </div>
   <div class='ocr_carea' id='block_1_72' title="bbox 284 2059 1076 2092">
    <p class='ocr_par' dir='ltr' id='par_1_72' title="bbox 284 2059 1076 2092">
     <span class='ocr_line' id='line_1_72' title="bbox 284 2059 1076 2092; baseline 0.001 -8"><span class='ocrx_word' id='word_1_433' title='bbox 284 2059 350 2086; x_wconf 87' lang='lat' dir='ltr'><strong>vitio</strong></span> <span class='ocrx_word' id='word_1_434' title='bbox 374 2059 494 2086; x_wconf 86' lang='lat' dir='ltr'><strong>ostendis</strong></span> <span class='ocrx_word' id='word_1_435' title='bbox 518 2059 710 2092; x_wconf 81' lang='lat' dir='ltr'><strong>obstrinxisse,</strong></span> <span class='ocrx_word' id='word_1_436' title='bbox 735 2061 868 2088; x_wconf 71' lang='lat' dir='ltr'><strong>socordia:</strong></span> <span class='ocrx_word' id='word_1_437' title='bbox 894 2061 1021 2087; x_wconf 91' lang='lat' dir='ltr'><strong>nimirum</strong></span> <span class='ocrx_word' id='word_1_438' title='bbox 1048 2063 1076 2085; x_wconf 89' lang='lat' dir='ltr'><strong>et</strong></span> 
     </span>
    </p>
   </div>
   <div class='ocr_carea' id='block_1_73' title="bbox 283 2104 1076 2140">
    <p class='ocr_par' dir='ltr' id='par_1_73' title="bbox 283 2104 1076 2140">
     <span class='ocr_line' id='line_1_73' title="bbox 283 2104 1076 2140; baseline 0 -10"><span class='ocrx_word' id='word_1_439' title='bbox 283 2104 421 2136; x_wconf 67' lang='lat' dir='ltr'><strong>vindictae,</strong></span> <span class='ocrx_word' id='word_1_440' title='bbox 448 2111 498 2132; x_wconf 88' lang='lat' dir='ltr'><strong>seu</strong></span> <span class='ocrx_word' id='word_1_441' title='bbox 521 2105 659 2133; x_wconf 88' lang='lat' dir='ltr'><strong>memoriae</strong></span> <span class='ocrx_word' id='word_1_442' title='bbox 676 2105 846 2140; x_wconf 84' lang='lat' dir='ltr'><strong>injuriarum.</strong></span> <span class='ocrx_word' id='word_1_443' title='bbox 863 2105 1002 2133; x_wconf 71' lang='lat' dir='ltr'><strong>Socordio:</strong></span> <span class='ocrx_word' id='word_1_444' title='bbox 1015 2104 1076 2138; x_wconf 75' lang='lat' dir='ltr'><strong>gui-</strong></span> 
     </span>
    </p>
   </div>
   <div class='ocr_carea' id='block_1_74' title="bbox 284 2149 1072 2185">
    <p class='ocr_par' dir='ltr' id='par_1_74' title="bbox 284 2149 1072 2185">
     <span class='ocr_line' id='line_1_74' title="bbox 284 2149 1072 2185; baseline -0.001 -9"><span class='ocrx_word' id='word_1_445' title='bbox 284 2149 355 2182; x_wconf 73' lang='lat' dir='ltr'><strong>dem,</strong></span> <span class='ocrx_word' id='word_1_446' title='bbox 375 2149 447 2183; x_wconf 88' lang='lat' dir='ltr'><strong>quod</strong></span> <span class='ocrx_word' id='word_1_447' title='bbox 463 2149 490 2176; x_wconf 91' lang='lat' dir='ltr'><strong>in</strong></span> <span class='ocrx_word' id='word_1_448' title='bbox 509 2150 582 2177; x_wconf 91' lang='lat' dir='ltr'><strong>illum</strong></span> <span class='ocrx_word' id='word_1_449' title='bbox 606 2151 696 2178; x_wconf 92' lang='lat' dir='ltr'><strong>minus</strong></span> <span class='ocrx_word' id='word_1_450' title='bbox 718 2158 828 2185; x_wconf 84' lang='lat' dir='ltr'><strong>posses;</strong></span> <span class='ocrx_word' id='word_1_451' title='bbox 849 2151 975 2177; x_wconf 69' lang='lat' dir='ltr'><strong>vindicta:</strong></span> <span class='ocrx_word' id='word_1_452' title='bbox 997 2156 1072 2182; x_wconf 78' lang='lat' dir='ltr'><strong>Vero,</strong></span> 
     </span>
    </p>
   </div>
   <div class='ocr_carea' id='block_1_75' title="bbox 283 2195 1073 2229">
    <p class='ocr_par' dir='ltr' id='par_1_75' title="bbox 283 2195 1073 2229">
     <span class='ocr_line' id='line_1_75' title="bbox 283 2195 1073 2229; baseline 0.001 -9"><span class='ocrx_word' id='word_1_453' title='bbox 283 2197 353 2228; x_wconf 89' lang='lat' dir='ltr'><strong>quod</strong></span> <span class='ocrx_word' id='word_1_454' title='bbox 371 2195 405 2222; x_wconf 88' lang='lat' dir='ltr'><strong>ab</strong></span> <span class='ocrx_word' id='word_1_455' title='bbox 416 2196 458 2222; x_wconf 89' lang='lat' dir='ltr'><strong>his</strong></span> <span class='ocrx_word' id='word_1_456' title='bbox 472 2196 565 2224; x_wconf 91' lang='lat' dir='ltr'><strong>ulcisci</strong></span> <span class='ocrx_word' id='word_1_457' title='bbox 579 2201 605 2223; x_wconf 92' lang='lat' dir='ltr'><strong>te</strong></span> <span class='ocrx_word' id='word_1_458' title='bbox 620 2197 743 2229; x_wconf 84' lang='lat' dir='ltr'><strong>studens,</strong></span> <span class='ocrx_word' id='word_1_459' title='bbox 759 2196 898 2224; x_wconf 68' lang='lat' dir='ltr'><strong>memoriae</strong></span> <span class='ocrx_word' id='word_1_460' title='bbox 912 2195 1073 2229; x_wconf 78' lang='lat' dir='ltr'><strong>injuriarum</strong></span> 
     </span>
    </p>
   </div>
   <div class='ocr_carea' id='block_1_76' title="bbox 283 2239 1076 2276">
    <p class='ocr_par' dir='ltr' id='par_1_76' title="bbox 283 2239 1076 2276">
     <span class='ocr_line' id='line_1_76' title="bbox 283 2239 1076 2276; baseline 0.003 -11"><span class='ocrx_word' id='word_1_461' title='bbox 283 2239 310 2266; x_wconf 92' lang='lat' dir='ltr'><strong>in</strong></span> <span class='ocrx_word' id='word_1_462' title='bbox 327 2244 352 2266; x_wconf 88' lang='lat' dir='ltr'><strong>te</strong></span> <span class='ocrx_word' id='word_1_463' title='bbox 366 2240 478 2268; x_wconf 78' lang='lat' dir='ltr'><strong>exhibes</strong></span> <span class='ocrx_word' id='word_1_464' title='bbox 493 2243 659 2276; x_wconf 82' lang='lat' dir='ltr'><strong>exemplum.</strong></span> <span class='ocrx_word' id='word_1_465' title='bbox 681 2243 715 2269; x_wconf 77' lang='lat' dir='ltr'><strong>At</strong></span> <span class='ocrx_word' id='word_1_466' title='bbox 728 2243 749 2269; x_wconf 86' lang='lat' dir='ltr'><strong>si</strong></span> <span class='ocrx_word' id='word_1_467' title='bbox 764 2249 798 2269; x_wconf 87' lang='lat' dir='ltr'><strong>ne</strong></span> <span class='ocrx_word' id='word_1_468' title='bbox 811 2242 860 2268; x_wconf 92' lang='lat' dir='ltr'><strong>hos</strong></span> <span class='ocrx_word' id='word_1_469' title='bbox 880 2241 990 2276; x_wconf 86' lang='lat' dir='ltr'><strong>quidem</strong></span> <span class='ocrx_word' id='word_1_470' title='bbox 1003 2241 1076 2274; x_wconf 77' lang='lat' dir='ltr'><strong>igno-</strong></span> 
     </span>
    </p>
   </div>
   <div class='ocr_carea' id='block_1_77' title="bbox 1164 1962 1919 1999">
    <p class='ocr_par' dir='ltr' id='par_1_77' title="bbox 1164 1962 1919 1999">
     <span class='ocr_line' id='line_1_77' title="bbox 1164 1962 1919 1999; baseline 0 -9"><span class='ocrx_word' id='word_1_471' title='bbox 1164 1963 1197 1990; x_wconf 77' lang='grc' dir='ltr'><strong>Εἰ</strong></span> <span class='ocrx_word' id='word_1_472' title='bbox 1217 1963 1268 1998; x_wconf 80' lang='grc' dir='ltr'><strong>μὲν</strong></span> <span class='ocrx_word' id='word_1_473' title='bbox 1282 1963 1332 1999; x_wconf 79' lang='grc' dir='ltr'>τὴν</span> <span class='ocrx_word' id='word_1_474' title='bbox 1348 1963 1396 1990; x_wconf 79' lang='grc' dir='ltr'>τοῦ</span> <span class='ocrx_word' id='word_1_475' title='bbox 1418 1963 1522 1997; x_wconf 80' lang='grc' dir='ltr'>πατρὸς</span> <span class='ocrx_word' id='word_1_476' title='bbox 1539 1962 1669 1997; x_wconf 79' lang='grc' dir='ltr'>τελευτὴν</span> <span class='ocrx_word' id='word_1_477' title='bbox 1680 1963 1722 1994; x_wconf 78' lang='grc' dir='ltr'><strong>είς</strong></span> <span class='ocrx_word' id='word_1_478' title='bbox 1734 1962 1786 1998; x_wconf 76' lang='grc' dir='ltr'><strong>τὴν</strong></span> <span class='ocrx_word' id='word_1_479' title='bbox 1797 1963 1853 1989; x_wconf 84' lang='grc' dir='ltr'>τῶν</span> <span class='ocrx_word' id='word_1_480' title='bbox 1863 1963 1919 1990; x_wconf 63' lang='grc' dir='ltr'>παί-</span> 
     </span>
    </p>
   </div>
   <div class='ocr_carea' id='block_1_78' title="bbox 1128 2008 1919 2045">
    <p class='ocr_par' dir='ltr' id='par_1_78' title="bbox 1128 2008 1919 2045">
     <span class='ocr_line' id='line_1_78' title="bbox 1128 2008 1919 2045; baseline -0.003 -9"><span class='ocrx_word' id='word_1_481' title='bbox 1128 2010 1182 2036; x_wconf 88' lang='grc' dir='ltr'>δων</span> <span class='ocrx_word' id='word_1_482' title='bbox 1197 2009 1334 2045; x_wconf 85' lang='grc' dir='ltr'>τιμωρίαν</span> <span class='ocrx_word' id='word_1_483' title='bbox 1349 2008 1592 2044; x_wconf 79' lang='grc' dir='ltr'>ὲκαιροφυλάκεις,</span> <span class='ocrx_word' id='word_1_484' title='bbox 1605 2008 1653 2035; x_wconf 79' lang='grc' dir='ltr'><strong>δύο</strong></span> <span class='ocrx_word' id='word_1_485' title='bbox 1674 2008 1805 2042; x_wconf 79' lang='grc' dir='ltr'><strong>ἀγεννέσι</strong></span> <span class='ocrx_word' id='word_1_486' title='bbox 1827 2008 1919 2035; x_wconf 75' lang='grc' dir='ltr'>πάθεσι</span> 
     </span>
    </p>
   </div>
   <div class='ocr_carea' id='block_1_79' title="bbox 1130 2053 1919 2090">
    <p class='ocr_par' dir='ltr' id='par_1_79' title="bbox 1130 2053 1919 2090">
     <span class='ocr_line' id='line_1_79' title="bbox 1130 2053 1919 2090; baseline -0.003 -9"><span class='ocrx_word' id='word_1_487' title='bbox 1130 2055 1229 2081; x_wconf 71' lang='grc' dir='ltr'>σαυτὸν</span> <span class='ocrx_word' id='word_1_488' title='bbox 1243 2054 1427 2090; x_wconf 84' lang='grc' dir='ltr'>κεχειρῶσθαι</span> <span class='ocrx_word' id='word_1_489' title='bbox 1441 2054 1584 2086; x_wconf 83' lang='grc' dir='ltr'>δεικνύεις,</span> <span class='ocrx_word' id='word_1_490' title='bbox 1599 2053 1732 2088; x_wconf 77' lang='grc' dir='ltr'>ἀνανδρίᾳ</span> <span class='ocrx_word' id='word_1_491' title='bbox 1744 2062 1775 2079; x_wconf 83' lang='grc' dir='ltr'><strong>τε</strong></span> <span class='ocrx_word' id='word_1_492' title='bbox 1796 2054 1843 2080; x_wconf 72' lang='grc' dir='ltr'><strong>καὶ</strong></span> <span class='ocrx_word' id='word_1_493' title='bbox 1857 2061 1919 2088; x_wconf 84' lang='grc' dir='ltr'><strong>μνη-</strong></span> 
     </span>
    </p>
   </div>
   <div class='ocr_carea' id='block_1_80' title="bbox 1129 2099 1921 2135">
    <p class='ocr_par' dir='ltr' id='par_1_80' title="bbox 1129 2099 1921 2135">
     <span class='ocr_line' id='line_1_80' title="bbox 1129 2099 1921 2135; baseline -0.001 -9"><span class='ocrx_word' id='word_1_494' title='bbox 1129 2100 1253 2135; x_wconf 75' lang='grc' dir='ltr'>σικακία.</span> <span class='ocrx_word' id='word_1_495' title='bbox 1271 2100 1344 2135; x_wconf 76' lang='grc' dir='ltr'>Πρὸς</span> <span class='ocrx_word' id='word_1_496' title='bbox 1359 2100 1463 2126; x_wconf 75' lang='grc' dir='ltr'>ἐκεῖνον</span> <span class='ocrx_word' id='word_1_497' title='bbox 1483 2100 1533 2134; x_wconf 85' lang='grc' dir='ltr'>μὲν</span> <span class='ocrx_word' id='word_1_498' title='bbox 1547 2099 1602 2134; x_wconf 82' lang='grc' dir='ltr'>γὰρ</span> <span class='ocrx_word' id='word_1_499' title='bbox 1625 2100 1663 2134; x_wconf 85' lang='grc' dir='ltr'><strong>μὴ</strong></span> <span class='ocrx_word' id='word_1_500' title='bbox 1689 2099 1828 2134; x_wconf 77' lang='grc' dir='ltr'>δυνηθεὶς,</span> <span class='ocrx_word' id='word_1_501' title='bbox 1846 2100 1921 2126; x_wconf 80' lang='grc' dir='ltr'>ἀναν-</span> 
     </span>
    </p>
   </div>
   <div class='ocr_carea' id='block_1_81' title="bbox 1129 2145 1921 2182">
    <p class='ocr_par' dir='ltr' id='par_1_81' title="bbox 1129 2145 1921 2182">
     <span class='ocr_line' id='line_1_81' title="bbox 1129 2145 1921 2182; baseline 0 -10"><span class='ocrx_word' id='word_1_502' title='bbox 1129 2146 1223 2182; x_wconf 82' lang='grc' dir='ltr'>δρίας·</span> <span class='ocrx_word' id='word_1_503' title='bbox 1251 2145 1364 2177; x_wconf 77' lang='grc' dir='ltr'>τούτους</span> <span class='ocrx_word' id='word_1_504' title='bbox 1390 2145 1419 2172; x_wconf 83' lang='grc' dir='ltr'><strong>δὲ</strong></span> <span class='ocrx_word' id='word_1_505' title='bbox 1446 2145 1603 2181; x_wconf 75' lang='grc' dir='ltr'>ἀμύνασθαι</span> <span class='ocrx_word' id='word_1_506' title='bbox 1628 2145 1801 2177; x_wconf 74' lang='grc' dir='ltr'>σπουδάζων,</span> <span class='ocrx_word' id='word_1_507' title='bbox 1822 2154 1921 2180; x_wconf 68' lang='grc' dir='ltr'>μνησι-</span> 
     </span>
    </p>
   </div>
   <div class='ocr_carea' id='block_1_82' title="bbox 1128 2191 1921 2226">
    <p class='ocr_par' dir='ltr' id='par_1_82' title="bbox 1128 2191 1921 2226">
     <span class='ocr_line' id='line_1_82' title="bbox 1128 2191 1921 2226; baseline -0.001 -8"><span class='ocrx_word' id='word_1_508' title='bbox 1128 2191 1227 2223; x_wconf 81' lang='grc' dir='ltr'>κακίας</span> <span class='ocrx_word' id='word_1_509' title='bbox 1258 2191 1372 2224; x_wconf 78' lang='grc' dir='ltr'>ἐξοίσεις</span> <span class='ocrx_word' id='word_1_510' title='bbox 1392 2191 1464 2218; x_wconf 83' lang='grc' dir='ltr'><strong>κατά</strong></span> <span class='ocrx_word' id='word_1_511' title='bbox 1494 2191 1594 2218; x_wconf 84' lang='grc' dir='ltr'>σαυτοῦ</span> <span class='ocrx_word' id='word_1_512' title='bbox 1623 2192 1735 2226; x_wconf 84' lang='grc' dir='ltr'><strong>δεῖγμα.</strong></span> <span class='ocrx_word' id='word_1_513' title='bbox 1756 2192 1788 2218; x_wconf 86' lang='lat' dir='ltr'><strong>Ei.</strong></span> <span class='ocrx_word' id='word_1_514' title='bbox 1812 2191 1840 2217; x_wconf 80' lang='grc' dir='ltr'><strong>δὲ</strong></span> <span class='ocrx_word' id='word_1_515' title='bbox 1857 2191 1921 2226; x_wconf 72' lang='grc' dir='ltr'><strong>μηδὲ</strong></span> 
     </span>
    </p>
   </div>
   <div class='ocr_carea' id='block_1_83' title="bbox 1127 2237 1921 2274">
    <p class='ocr_par' dir='ltr' id='par_1_83' title="bbox 1127 2237 1921 2274">
     <span class='ocr_line' id='line_1_83' title="bbox 1127 2237 1921 2274; baseline 0 -11"><span class='ocrx_word' id='word_1_516' title='bbox 1127 2238 1239 2269; x_wconf 73' lang='grc' dir='ltr'>τούτους</span> <span class='ocrx_word' id='word_1_517' title='bbox 1266 2237 1369 2274; x_wconf 82' lang='grc' dir='ltr'>ἀμύνῃ,</span> <span class='ocrx_word' id='word_1_518' title='bbox 1394 2237 1441 2264; x_wconf 73' lang='grc' dir='ltr'>καὶ</span> <span class='ocrx_word' id='word_1_519' title='bbox 1465 2238 1513 2273; x_wconf 86' lang='grc' dir='ltr'><strong>τὴν</strong></span> <span class='ocrx_word' id='word_1_520' title='bbox 1543 2238 1593 2272; x_wconf 81' lang='grc' dir='ltr'>τῆς</span> <span class='ocrx_word' id='word_1_521' title='bbox 1613 2238 1762 2273; x_wconf 77' lang='grc' dir='ltr'>ἀνανδρίας</span> <span class='ocrx_word' id='word_1_522' title='bbox 1787 2237 1921 2272; x_wconf 45' lang='lat' dir='ltr'><strong>summa;</strong></span> 
     </span>
    </p>
   </div>
   <div class='ocr_carea' id='block_1_84' title="bbox 283 2279 1075 2323">
    <p class='ocr_par' dir='ltr' id='par_1_84' title="bbox 283 2285 1075 2323">
     <span class='ocr_line' id='line_1_84' title="bbox 283 2285 1075 2323; baseline 0.004 -13"><span class='ocrx_word' id='word_1_523' title='bbox 283 2285 384 2312; x_wconf 78' lang='lat' dir='ltr'><strong>scendo</strong></span> <span class='ocrx_word' id='word_1_524' title='bbox 402 2286 552 2320; x_wconf 85' lang='lat' dir='ltr'><strong>ulcisceris,</strong></span> <span class='ocrx_word' id='word_1_525' title='bbox 567 2288 682 2323; x_wconf 72' lang='lat' dir='ltr'><strong>ignavia:</strong></span> <span class='ocrx_word' id='word_1_526' title='bbox 708 2287 859 2315; x_wconf 83' lang='lat' dir='ltr'><strong>declinabis</strong></span> <span class='ocrx_word' id='word_1_527' title='bbox 881 2287 1036 2321; x_wconf 89' lang='lat' dir='ltr'><strong>opinionem</strong></span> <span class='ocrx_word' id='word_1_528' title='bbox 1052 2291 1075 2313; x_wconf 87' lang='lat' dir='ltr'><strong>et</strong></span> 
     </span>
    </p>
   </div>
   <div class='ocr_carea' id='block_1_85' title="bbox 1128 2279 1920 2323">
    <p class='ocr_par' dir='ltr' id='par_1_85' title="bbox 1132 2283 1920 2320">
     <span class='ocr_line' id='line_1_85' title="bbox 1132 2283 1920 2320; baseline 0 -10"><span class='ocrx_word' id='word_1_529' title='bbox 1132 2283 1278 2319; x_wconf 81' lang='grc' dir='ltr'><strong>ὑπόληψιν.</strong></span> <span class='ocrx_word' id='word_1_530' title='bbox 1295 2284 1387 2316; x_wconf 80' lang='grc' dir='ltr'>Δόξεις</span> <span class='ocrx_word' id='word_1_531' title='bbox 1399 2284 1454 2319; x_wconf 72' lang='grc' dir='ltr'><strong>γὰρ</strong></span> <span class='ocrx_word' id='word_1_532' title='bbox 1471 2284 1519 2310; x_wconf 77' lang='grc' dir='ltr'><strong>καὶ</strong></span> <span class='ocrx_word' id='word_1_533' title='bbox 1539 2284 1598 2311; x_wconf 76' lang='grc' dir='ltr'>τότε</span> <span class='ocrx_word' id='word_1_534' title='bbox 1613 2285 1644 2311; x_wconf 81' lang='grc' dir='ltr'>οὑ</span> <span class='ocrx_word' id='word_1_535' title='bbox 1661 2284 1736 2318; x_wconf 77' lang='grc' dir='ltr'><strong>φόΰῳ</strong></span> <span class='ocrx_word' id='word_1_536' title='bbox 1761 2293 1920 2320; x_wconf 70' lang='grc' dir='ltr'>παρακεχωο</span> 
     </span>
    </p>
   </div>
   <div class='ocr_carea' id='block_1_86' title="bbox 283 2330 1078 2367">
    <p class='ocr_par' dir='ltr' id='par_1_86' title="bbox 283 2330 1078 2367">
     <span class='ocr_line' id='line_1_86' title="bbox 283 2330 1078 2367; baseline 0.004 -11"><span class='ocrx_word' id='word_1_537' title='bbox 283 2330 419 2358; x_wconf 87' lang='lat' dir='ltr'><strong>videberis</strong></span> <span class='ocrx_word' id='word_1_538' title='bbox 436 2336 500 2360; x_wconf 87' lang='lat' dir='ltr'><strong>tunc</strong></span> <span class='ocrx_word' id='word_1_539' title='bbox 525 2341 577 2360; x_wconf 93' lang='lat' dir='ltr'><strong>non</strong></span> <span class='ocrx_word' id='word_1_540' title='bbox 604 2339 676 2361; x_wconf 89' lang='lat' dir='ltr'><strong>metu</strong></span> <span class='ocrx_word' id='word_1_541' title='bbox 697 2334 824 2367; x_wconf 80' lang='lat' dir='ltr'><strong>cessisse,</strong></span> <span class='ocrx_word' id='word_1_542' title='bbox 847 2333 896 2361; x_wconf 86' lang='lat' dir='ltr'><strong>sed</strong></span> <span class='ocrx_word' id='word_1_543' title='bbox 917 2332 1006 2367; x_wconf 87' lang='lat' dir='ltr'><strong>reipsa</strong></span> <span class='ocrx_word' id='word_1_544' title='bbox 1022 2339 1078 2359; x_wconf 88' lang='lat' dir='ltr'><strong>mo-</strong></span> 
     </span>
    </p>
   </div>
   <div class='ocr_carea' id='block_1_87' title="bbox 284 2377 771 2413">
    <p class='ocr_par' dir='ltr' id='par_1_87' title="bbox 284 2377 771 2413">
     <span class='ocr_line' id='line_1_87' title="bbox 284 2377 771 2413; baseline 0.008 -10"><span class='ocrx_word' id='word_1_545' title='bbox 284 2377 369 2404; x_wconf 81' lang='lat' dir='ltr'><strong>derati</strong></span> <span class='ocrx_word' id='word_1_546' title='bbox 388 2378 470 2404; x_wconf 85' lang='lat' dir='ltr'><strong>animi</strong></span> <span class='ocrx_word' id='word_1_547' title='bbox 486 2379 591 2413; x_wconf 75' lang='lat' dir='ltr'><strong>signum</strong></span> <span class='ocrx_word' id='word_1_548' title='bbox 603 2380 771 2407; x_wconf 85' lang='lat' dir='ltr'><strong>exhibuisse.</strong></span> 
     </span>
    </p>
   </div>
   <div class='ocr_carea' id='block_1_88' title="bbox 514 2434 851 2463">
    <p class='ocr_par' dir='ltr' id='par_1_88' title="bbox 514 2434 851 2463">
     <span class='ocr_line' id='line_1_88' title="bbox 514 2434 851 2463; baseline 0.003 -2"><span class='ocrx_word' id='word_1_549' title='bbox 514 2434 668 2463; x_wconf 82' lang='lat' dir='ltr'><strong>LXXXVII.</strong></span> <span class='ocrx_word' id='word_1_550' title='bbox 681 2451 716 2456; x_wconf 89' lang='lat'><strong>--</strong></span> <span class='ocrx_word' id='word_1_551' title='bbox 727 2435 851 2463; x_wconf 76' lang='lat' dir='ltr'><strong>ESAUE.</strong></span> 
     </span>
    </p>
   </div>
   <div class='ocr_carea' id='block_1_89' title="bbox 1129 2329 1702 2365">
    <p class='ocr_par' dir='ltr' id='par_1_89' title="bbox 1129 2329 1702 2365">
     <span class='ocr_line' id='line_1_89' title="bbox 1129 2329 1702 2365; baseline 0.003 -10"><span class='ocrx_word' id='word_1_552' title='bbox 1129 2329 1255 2364; x_wconf 75' lang='grc' dir='ltr'>ρηκέναι,</span> <span class='ocrx_word' id='word_1_553' title='bbox 1271 2329 1330 2356; x_wconf 77' lang='grc' dir='ltr'>ἀλλ’</span> <span class='ocrx_word' id='word_1_554' title='bbox 1353 2329 1427 2365; x_wconf 74' lang='grc' dir='ltr'><strong>ἔργῳ</strong></span> <span class='ocrx_word' id='word_1_555' title='bbox 1442 2329 1702 2364; x_wconf 70' lang='grc' dir='ltr'>πεφιλοωφηκὲναι.</span> 
     </span>
    </p>
   </div>
   <div class='ocr_carea' id='block_1_90' title="bbox 1404 2432 1650 2468">
    <p class='ocr_par' dir='ltr' id='par_1_90' title="bbox 1404 2432 1650 2468">
     <span class='ocr_line' id='line_1_90' title="bbox 1404 2432 1650 2468; baseline 0.004 -9"><span class='ocrx_word' id='word_1_556' title='bbox 1404 2432 1467 2460; x_wconf 72' lang='grc' dir='ltr'><strong>ιη’.</strong></span> <span class='ocrx_word' id='word_1_557' title='bbox 1482 2447 1518 2453; x_wconf 88' lang='grc'><strong>--</strong></span> <span class='ocrx_word' id='word_1_558' title='bbox 1534 2433 1650 2468; x_wconf 55' lang='lat' dir='ltr'><strong>usus.</strong></span> 
     </span>
    </p>
   </div>
   <div class='ocr_carea' id='block_1_91' title="bbox 283 2488 1917 2528">
    <p class='ocr_par' dir='ltr' id='par_1_91' title="bbox 283 2488 1917 2528">
     <span class='ocr_line' id='line_1_91' title="bbox 283 2488 1917 2528; baseline 0 -11"><span class='ocrx_word' id='word_1_559' title='bbox 283 2490 332 2517; x_wconf 77' lang='lat' dir='ltr'><strong>Dci</strong></span> <span class='ocrx_word' id='word_1_560' title='bbox 346 2491 533 2525; x_wconf 78' lang='lat' dir='ltr'><strong>longanimitas</strong></span> <span class='ocrx_word' id='word_1_561' title='bbox 544 2492 579 2518; x_wconf 88' lang='lat' dir='ltr'><strong>ad</strong></span> <span class='ocrx_word' id='word_1_562' title='bbox 598 2493 731 2524; x_wconf 79' lang='lat' dir='ltr'><strong>virtutem,</strong></span> <span class='ocrx_word' id='word_1_563' title='bbox 748 2494 842 2519; x_wconf 84' lang='lat' dir='ltr'><strong>nonad</strong></span> <span class='ocrx_word' id='word_1_564' title='bbox 855 2497 991 2528; x_wconf 71' lang='lat' dir='ltr'><strong>peccaturi:</strong></span> <span class='ocrx_word' id='word_1_565' title='bbox 1004 2500 1051 2519; x_wconf 83' lang='lat' dir='ltr'><strong>nos</strong></span> <span class='ocrx_word' id='word_1_566' title='bbox 1065 2490 1182 2518; x_wconf 71' lang='lat' dir='ltr'><strong>excitare</strong></span> <span class='ocrx_word' id='word_1_567' title='bbox 1197 2489 1283 2516; x_wconf 67' lang='lat' dir='ltr'><strong>debet.</strong></span> <span class='ocrx_word' id='word_1_568' title='bbox 1298 2489 1339 2516; x_wconf 83' lang='lat' dir='ltr'><strong>Ad</strong></span> <span class='ocrx_word' id='word_1_569' title='bbox 1353 2489 1420 2516; x_wconf 82' lang='lat' dir='ltr'><strong>illud</strong></span> <span class='ocrx_word' id='word_1_570' title='bbox 1433 2488 1515 2516; x_wconf 68' lang='lat' dir='ltr'><strong>lsaiw</strong></span> <span class='ocrx_word' id='word_1_571' title='bbox 1526 2497 1536 2515; x_wconf 91' lang='lat'><em>:</em></span> <span class='ocrx_word' id='word_1_572' title='bbox 1547 2498 1557 2514; x_wconf 74' lang='grc' dir='ltr'><strong>ι</strong></span> <span class='ocrx_word' id='word_1_573' title='bbox 1575 2488 1630 2516; x_wconf 84' lang='lat' dir='ltr'><strong>Cur</strong></span> <span class='ocrx_word' id='word_1_574' title='bbox 1643 2489 1747 2515; x_wconf 80' lang='lat' dir='ltr'><strong>timui?</strong></span> <span class='ocrx_word' id='word_1_575' title='bbox 1759 2497 1770 2516; x_wconf 77' lang='grc' dir='ltr'>ι</span> <span class='ocrx_word' id='word_1_576' title='bbox 1783 2497 1840 2524; x_wconf 82' lang='lat' dir='ltr'><strong>cap.</strong></span> <span class='ocrx_word' id='word_1_577' title='bbox 1857 2496 1917 2517; x_wconf 78' lang='lat' dir='ltr'><strong>xm.</strong></span> 
     </span>
    </p>
   </div>
   <div class='ocr_carea' id='block_1_92' title="bbox 319 2547 1075 2583">
    <p class='ocr_par' dir='ltr' id='par_1_92' title="bbox 319 2547 1075 2583">
     <span class='ocr_line' id='line_1_92' title="bbox 319 2547 1075 2583; baseline 0.004 -9"><span class='ocrx_word' id='word_1_578' title='bbox 319 2547 358 2575; x_wconf 83' lang='lat' dir='ltr'><strong>Ne</strong></span> <span class='ocrx_word' id='word_1_579' title='bbox 370 2548 405 2575; x_wconf 86' lang='lat' dir='ltr'><strong>ab</strong></span> <span class='ocrx_word' id='word_1_580' title='bbox 421 2548 474 2579; x_wconf 87' lang='lat' dir='ltr'><strong>his,</strong></span> <span class='ocrx_word' id='word_1_581' title='bbox 494 2549 614 2575; x_wconf 86' lang='lat' dir='ltr'><strong>virorum</strong></span> <span class='ocrx_word' id='word_1_582' title='bbox 643 2549 757 2583; x_wconf 87' lang='lat' dir='ltr'><strong>optime,</strong></span> <span class='ocrx_word' id='word_1_583' title='bbox 780 2550 814 2577; x_wconf 89' lang='lat' dir='ltr'><strong>ad</strong></span> <span class='ocrx_word' id='word_1_584' title='bbox 835 2551 967 2578; x_wconf 87' lang='lat' dir='ltr'><strong>deteriora</strong></span> <span class='ocrx_word' id='word_1_585' title='bbox 986 2550 1075 2583; x_wconf 82' lang='lat' dir='ltr'><strong>prola-</strong></span> 
     </span>
    </p>
   </div>
   <div class='ocr_carea' id='block_1_93' title="bbox 283 2593 1075 2631">
    <p class='ocr_par' dir='ltr' id='par_1_93' title="bbox 283 2593 1075 2631">
     <span class='ocr_line' id='line_1_93' title="bbox 283 2593 1075 2631; baseline 0.005 -11"><span class='ocrx_word' id='word_1_586' title='bbox 283 2593 368 2626; x_wconf 85' lang='lat' dir='ltr'><strong>baris,</strong></span> <span class='ocrx_word' id='word_1_587' title='bbox 390 2601 405 2620; x_wconf 86' lang='lat' dir='ltr'><strong>a</strong></span> <span class='ocrx_word' id='word_1_588' title='bbox 428 2594 528 2628; x_wconf 86' lang='lat' dir='ltr'><strong>quibus</strong></span> <span class='ocrx_word' id='word_1_589' title='bbox 557 2594 760 2629; x_wconf 86' lang='lat' dir='ltr'><strong>prudentiorem</strong></span> <span class='ocrx_word' id='word_1_590' title='bbox 787 2596 856 2623; x_wconf 75' lang='lat' dir='ltr'><strong>efﬁci</strong></span> <span class='ocrx_word' id='word_1_591' title='bbox 883 2601 1007 2631; x_wconf 87' lang='lat' dir='ltr'><strong>oportet;</strong></span> <span class='ocrx_word' id='word_1_592' title='bbox 1040 2603 1075 2624; x_wconf 83' lang='lat' dir='ltr'><strong>ne</strong></span> 
     </span>
    </p>
   </div>
   <div class='ocr_carea' id='block_1_94' title="bbox 283 2639 1074 2675">
    <p class='ocr_par' dir='ltr' id='par_1_94' title="bbox 283 2639 1074 2675">
     <span class='ocr_line' id='line_1_94' title="bbox 283 2639 1074 2675; baseline 0.003 -9"><span class='ocrx_word' id='word_1_593' title='bbox 283 2647 348 2666; x_wconf 87' lang='lat' dir='ltr'><strong>vero</strong></span> <span class='ocrx_word' id='word_1_594' title='bbox 369 2640 457 2667; x_wconf 86' lang='lat' dir='ltr'><strong>basim</strong></span> <span class='ocrx_word' id='word_1_595' title='bbox 484 2639 580 2667; x_wconf 88' lang='lat' dir='ltr'><strong>salutis</strong></span> <span class='ocrx_word' id='word_1_596' title='bbox 611 2641 692 2668; x_wconf 84' lang='lat' dir='ltr'><strong>ducas</strong></span> <span class='ocrx_word' id='word_1_597' title='bbox 715 2641 841 2669; x_wconf 88' lang='lat' dir='ltr'><strong>interitus</strong></span> <span class='ocrx_word' id='word_1_598' title='bbox 860 2650 922 2669; x_wconf 82' lang='lat' dir='ltr'><strong>esse</strong></span> <span class='ocrx_word' id='word_1_599' title='bbox 951 2650 1074 2675; x_wconf 85' lang='lat' dir='ltr'><strong>causam,</strong></span> 
     </span>
    </p>
   </div>
   <div class='ocr_carea' id='block_1_95' title="bbox 287 2685 1074 2722">
    <p class='ocr_par' dir='ltr' id='par_1_95' title="bbox 287 2685 1074 2722">
     <span class='ocr_line' id='line_1_95' title="bbox 287 2685 1074 2722; baseline 0.003 -10"><span class='ocrx_word' id='word_1_600' title='bbox 287 2685 334 2712; x_wconf 85' lang='lat' dir='ltr'><strong>sed</strong></span> <span class='ocrx_word' id='word_1_601' title='bbox 351 2685 398 2712; x_wconf 87' lang='lat' dir='ltr'><strong>Dei</strong></span> <span class='ocrx_word' id='word_1_602' title='bbox 413 2685 647 2720; x_wconf 77' lang='lat' dir='ltr'><strong>longanimitatem</strong></span> <span class='ocrx_word' id='word_1_603' title='bbox 667 2688 798 2714; x_wconf 87' lang='lat' dir='ltr'><strong>reveritus</strong></span> <span class='ocrx_word' id='word_1_604' title='bbox 813 2687 941 2714; x_wconf 85' lang='lat' dir='ltr'><strong>virtutem</strong></span> <span class='ocrx_word' id='word_1_605' title='bbox 966 2687 1074 2722; x_wconf 80' lang='lat' dir='ltr'><strong>arripe;</strong></span> 
     </span>
    </p>
   </div>
   <div class='ocr_carea' id='block_1_96' title="bbox 285 2733 1073 2768">
    <p class='ocr_par' dir='ltr' id='par_1_96' title="bbox 285 2733 1073 2768">
     <span class='ocr_line' id='line_1_96' title="bbox 285 2733 1073 2768; baseline 0.003 -10"><span class='ocrx_word' id='word_1_606' title='bbox 285 2739 373 2767; x_wconf 85' lang='lat' dir='ltr'><strong>neque</strong></span> <span class='ocrx_word' id='word_1_607' title='bbox 400 2733 473 2759; x_wconf 87' lang='lat' dir='ltr'><strong>enim</strong></span> <span class='ocrx_word' id='word_1_608' title='bbox 499 2737 629 2768; x_wconf 84' lang='lat' dir='ltr'><strong>perpetuo</strong></span> <span class='ocrx_word' id='word_1_609' title='bbox 647 2733 737 2768; x_wconf 84' lang='lat' dir='ltr'><strong>sperni</strong></span> <span class='ocrx_word' id='word_1_610' title='bbox 761 2741 790 2761; x_wconf 88' lang='lat' dir='ltr'><strong>se</strong></span> <span class='ocrx_word' id='word_1_611' title='bbox 811 2734 957 2761; x_wconf 84' lang='lat' dir='ltr'><strong>sustinebit</strong></span> <span class='ocrx_word' id='word_1_612' title='bbox 985 2733 1073 2761; x_wconf 74' lang='lat' dir='ltr'><strong>Iudex</strong></span> 
     </span>
    </p>
   </div>
   <div class='ocr_carea' id='block_1_97' title="bbox 285 2777 1077 2813">
    <p class='ocr_par' dir='ltr' id='par_1_97' title="bbox 285 2777 1077 2813">
     <span class='ocr_line' id='line_1_97' title="bbox 285 2777 1077 2813; baseline 0.001 -8"><span class='ocrx_word' id='word_1_613' title='bbox 285 2777 340 2810; x_wconf 89' lang='lat' dir='ltr'><strong>ille,</strong></span> <span class='ocrx_word' id='word_1_614' title='bbox 355 2777 401 2804; x_wconf 92' lang='lat' dir='ltr'><strong>sed</strong></span> <span class='ocrx_word' id='word_1_615' title='bbox 420 2777 517 2805; x_wconf 79' lang='lat' dir='ltr'><strong>inferet</strong></span> <span class='ocrx_word' id='word_1_616' title='bbox 535 2779 718 2813; x_wconf 83' lang='lat' dir='ltr'><strong>extendetque</strong></span> <span class='ocrx_word' id='word_1_617' title='bbox 739 2779 879 2806; x_wconf 77' lang='lat' dir='ltr'><strong>dexteram</strong></span> <span class='ocrx_word' id='word_1_618' title='bbox 903 2787 979 2806; x_wconf 84' lang='lat' dir='ltr'><strong>suam</strong></span> <span class='ocrx_word' id='word_1_619' title='bbox 995 2780 1077 2807; x_wconf 87' lang='lat' dir='ltr'><strong>robu-</strong></span> 
     </span>
    </p>
   </div>
   <div class='ocr_carea' id='block_1_98' title="bbox 286 2822 1077 2859">
    <p class='ocr_par' dir='ltr' id='par_1_98' title="bbox 286 2822 1077 2859">
     <span class='ocr_line' id='line_1_98' title="bbox 286 2822 1077 2859; baseline 0.005 -11"><span class='ocrx_word' id='word_1_620' title='bbox 286 2826 367 2849; x_wconf 89' lang='lat' dir='ltr'><strong>stam.</strong></span> <span class='ocrx_word' id='word_1_621' title='bbox 380 2822 446 2850; x_wconf 82' lang='lat' dir='ltr'><strong>Hinc</strong></span> <span class='ocrx_word' id='word_1_622' title='bbox 461 2828 488 2850; x_wconf 88' lang='lat' dir='ltr'><strong>et</strong></span> <span class='ocrx_word' id='word_1_623' title='bbox 500 2828 647 2856; x_wconf 73' lang='lat' dir='ltr'><strong>przemonet</strong></span> <span class='ocrx_word' id='word_1_624' title='bbox 665 2828 691 2851; x_wconf 89' lang='lat' dir='ltr'><strong>et</strong></span> <span class='ocrx_word' id='word_1_625' title='bbox 705 2823 852 2859; x_wconf 76' lang='lat' dir='ltr'><strong>redarguit,</strong></span> <span class='ocrx_word' id='word_1_626' title='bbox 869 2833 918 2852; x_wconf 88' lang='lat' dir='ltr'><strong>cur</strong></span> <span class='ocrx_word' id='word_1_627' title='bbox 934 2832 986 2852; x_wconf 90' lang='lat' dir='ltr'><strong>non</strong></span> <span class='ocrx_word' id='word_1_628' title='bbox 1009 2825 1077 2852; x_wconf 86' lang='lat' dir='ltr'><strong>irre-</strong></span> 
     </span>
    </p>
   </div>
   <div class='ocr_carea' id='block_1_99' title="bbox 288 2868 1076 2904">
    <p class='ocr_par' dir='ltr' id='par_1_99' title="bbox 288 2868 1076 2904">
     <span class='ocr_line' id='line_1_99' title="bbox 288 2868 1076 2904; baseline 0.005 -10"><span class='ocrx_word' id='word_1_629' title='bbox 288 2868 426 2896; x_wconf 78' lang='lat' dir='ltr'><strong>tractahile</strong></span> <span class='ocrx_word' id='word_1_630' title='bbox 441 2868 526 2904; x_wconf 89' lang='lat' dir='ltr'><strong>ipsius</strong></span> <span class='ocrx_word' id='word_1_631' title='bbox 552 2869 689 2897; x_wconf 85' lang='lat' dir='ltr'><strong>decretum</strong></span> <span class='ocrx_word' id='word_1_632' title='bbox 706 2869 810 2897; x_wconf 78' lang='lat' dir='ltr'><strong>feratur</strong></span> <span class='ocrx_word' id='word_1_633' title='bbox 828 2871 853 2897; x_wconf 94' lang='lat' dir='ltr'><strong>in</strong></span> <span class='ocrx_word' id='word_1_634' title='bbox 884 2878 954 2899; x_wconf 81' lang='lat' dir='ltr'><strong>reos.</strong></span> <span class='ocrx_word' id='word_1_635' title='bbox 975 2880 984 2897; x_wconf 72' lang='grc' dir='ltr'><strong>ε</strong></span> <span class='ocrx_word' id='word_1_636' title='bbox 1012 2871 1076 2904; x_wconf 82' lang='lat' dir='ltr'><strong>Cur,</strong></span> 
     </span>
    </p>
   </div>
   <div class='ocr_carea' id='block_1_100' title="bbox 1172 2543 1922 2583">
    <p class='ocr_par' dir='ltr' id='par_1_100' title="bbox 1172 2543 1922 2583">
     <span class='ocr_line' id='line_1_100' title="bbox 1172 2543 1922 2583; baseline -0.005 -9"><span class='ocrx_word' id='word_1_637' title='bbox 1172 2547 1218 2583; x_wconf 85' lang='grc' dir='ltr'><strong>Μὴ</strong></span> <span class='ocrx_word' id='word_1_638' title='bbox 1240 2547 1295 2573; x_wconf 79' lang='grc' dir='ltr'>ἀπὸ</span> <span class='ocrx_word' id='word_1_639' title='bbox 1311 2546 1424 2578; x_wconf 77' lang='grc' dir='ltr'>τούτων,</span> <span class='ocrx_word' id='word_1_640' title='bbox 1443 2543 1466 2572; x_wconf 87' lang='grc' dir='ltr'><strong>ὧ</strong></span> <span class='ocrx_word' id='word_1_641' title='bbox 1481 2545 1612 2581; x_wconf 82' lang='grc' dir='ltr'>βέλτιστε,</span> <span class='ocrx_word' id='word_1_642' title='bbox 1631 2545 1677 2573; x_wconf 76' lang='grc' dir='ltr'><strong>ἐπὶ</strong></span> <span class='ocrx_word' id='word_1_643' title='bbox 1698 2545 1730 2572; x_wconf 76' lang='grc' dir='ltr'>τὸ</span> <span class='ocrx_word' id='word_1_644' title='bbox 1751 2547 1840 2581; x_wconf 85' lang='grc' dir='ltr'>χεῖρον</span> <span class='ocrx_word' id='word_1_645' title='bbox 1864 2545 1922 2579; x_wconf 75' lang='grc' dir='ltr'>τρέ-</span> 
     </span>
    </p>
   </div>
   <div class='ocr_carea' id='block_1_101' title="bbox 1129 2589 1924 2628">
    <p class='ocr_par' dir='ltr' id='par_1_101' title="bbox 1129 2589 1924 2628">
     <span class='ocr_line' id='line_1_101' title="bbox 1129 2589 1924 2628; baseline -0.004 -8"><span class='ocrx_word' id='word_1_646' title='bbox 1129 2602 1192 2627; x_wconf 86' lang='grc' dir='ltr'>που,</span> <span class='ocrx_word' id='word_1_647' title='bbox 1208 2593 1254 2627; x_wconf 78' lang='grc' dir='ltr'><strong>ἀφ’</strong></span> <span class='ocrx_word' id='word_1_648' title='bbox 1279 2589 1317 2620; x_wconf 84' lang='grc' dir='ltr'>ὧν</span> <span class='ocrx_word' id='word_1_649' title='bbox 1333 2592 1389 2628; x_wconf 86' lang='grc' dir='ltr'>χρὴ</span> <span class='ocrx_word' id='word_1_650' title='bbox 1409 2592 1629 2628; x_wconf 65' lang='grc' dir='ltr'>σωφρονέστερον</span> <span class='ocrx_word' id='word_1_651' title='bbox 1652 2591 1836 2618; x_wconf 78' lang='grc' dir='ltr'>καθεστάναι-</span> <span class='ocrx_word' id='word_1_652' title='bbox 1859 2589 1924 2624; x_wconf 74' lang='grc' dir='ltr'><strong>μηδὲ</strong></span> 
     </span>
    </p>
   </div>
   <div class='ocr_carea' id='block_1_102' title="bbox 1129 2635 1922 2675">
    <p class='ocr_par' dir='ltr' id='par_1_102' title="bbox 1129 2635 1922 2675">
     <span class='ocr_line' id='line_1_102' title="bbox 1129 2635 1922 2675; baseline -0.006 -9"><span class='ocrx_word' id='word_1_653' title='bbox 1129 2641 1177 2675; x_wconf 83' lang='grc' dir='ltr'>τὴν</span> <span class='ocrx_word' id='word_1_654' title='bbox 1188 2639 1317 2666; x_wconf 79' lang='grc' dir='ltr'>ὑπόθεσιν</span> <span class='ocrx_word' id='word_1_655' title='bbox 1327 2640 1377 2674; x_wconf 80' lang='grc' dir='ltr'><strong>τῆς</strong></span> <span class='ocrx_word' id='word_1_656' title='bbox 1391 2638 1529 2674; x_wconf 77' lang='grc' dir='ltr'>σωτηρίας</span> <span class='ocrx_word' id='word_1_657' title='bbox 1539 2638 1676 2673; x_wconf 72' lang='grc' dir='ltr'>πρόφασιν</span> <span class='ocrx_word' id='word_1_658' title='bbox 1688 2637 1827 2668; x_wconf 75' lang='grc' dir='ltr'><strong>ἀπωλείας</strong></span> <span class='ocrx_word' id='word_1_659' title='bbox 1838 2635 1922 2672; x_wconf 76' lang='grc' dir='ltr'>ἡγοῦ·</span> 
     </span>
    </p>
   </div>
   <div class='ocr_carea' id='block_1_103' title="bbox 1128 2680 1925 2720">
    <p class='ocr_par' dir='ltr' id='par_1_103' title="bbox 1128 2680 1925 2720">
     <span class='ocr_line' id='line_1_103' title="bbox 1128 2680 1925 2720; baseline -0.006 -7"><span class='ocrx_word' id='word_1_660' title='bbox 1128 2687 1185 2713; x_wconf 87' lang='grc' dir='ltr'>ἀλλ’</span> <span class='ocrx_word' id='word_1_661' title='bbox 1207 2685 1342 2718; x_wconf 73' lang='grc' dir='ltr'>αἰδεσθεὶς</span> <span class='ocrx_word' id='word_1_662' title='bbox 1369 2685 1419 2720; x_wconf 85' lang='grc' dir='ltr'><strong>τὴν</strong></span> <span class='ocrx_word' id='word_1_663' title='bbox 1435 2685 1511 2711; x_wconf 85' lang='grc' dir='ltr'>θείαν</span> <span class='ocrx_word' id='word_1_664' title='bbox 1536 2683 1731 2720; x_wconf 80' lang='grc' dir='ltr'>μακροθυμίαν</span> <span class='ocrx_word' id='word_1_665' title='bbox 1753 2684 1803 2717; x_wconf 85' lang='grc' dir='ltr'>τῆς</span> <span class='ocrx_word' id='word_1_666' title='bbox 1821 2680 1925 2717; x_wconf 82' lang='grc' dir='ltr'>ἀρετῆς</span> 
     </span>
    </p>
   </div>
   <div class='ocr_carea' id='block_1_104' title="bbox 1129 2728 1927 2767">
    <p class='ocr_par' dir='ltr' id='par_1_104' title="bbox 1129 2728 1927 2767">
     <span class='ocr_line' id='line_1_104' title="bbox 1129 2728 1927 2767; baseline -0.004 -8"><span class='ocrx_word' id='word_1_667' title='bbox 1129 2732 1273 2760; x_wconf 76' lang='grc' dir='ltr'>ἁντιλαὸοὗ</span> <span class='ocrx_word' id='word_1_668' title='bbox 1284 2741 1291 2747; x_wconf 94' lang='grc'><strong>·</strong></span> <span class='ocrx_word' id='word_1_669' title='bbox 1305 2732 1336 2758; x_wconf 75' lang='grc' dir='ltr'><strong>οὐ</strong></span> <span class='ocrx_word' id='word_1_670' title='bbox 1352 2732 1405 2767; x_wconf 75' lang='grc' dir='ltr'><strong>γὰρ</strong></span> <span class='ocrx_word' id='word_1_671' title='bbox 1421 2731 1461 2763; x_wconf 75' lang='grc' dir='ltr'><strong>εἰς</strong></span> <span class='ocrx_word' id='word_1_672' title='bbox 1480 2731 1556 2762; x_wconf 79' lang='grc' dir='ltr'>τέλος</span> <span class='ocrx_word' id='word_1_673' title='bbox 1572 2730 1642 2757; x_wconf 72' lang='grc' dir='ltr'>οἴσει</span> <span class='ocrx_word' id='word_1_674' title='bbox 1664 2728 1927 2765; x_wconf 69' lang='grc' dir='ltr'>καταφρονούμενθς</span> 
     </span>
    </p>
   </div>
   <div class='ocr_carea' id='block_1_105' title="bbox 1128 2770 1928 2814">
    <p class='ocr_par' dir='ltr' id='par_1_105' title="bbox 1128 2770 1928 2814">
     <span class='ocr_line' id='line_1_105' title="bbox 1128 2770 1928 2814; baseline -0.01 -9"><span class='ocrx_word' id='word_1_675' title='bbox 1128 2781 1142 2806; x_wconf 82' lang='grc' dir='ltr'>ὁ</span> <span class='ocrx_word' id='word_1_676' title='bbox 1157 2779 1271 2814; x_wconf 75' lang='grc' dir='ltr'>Κριτής,</span> <span class='ocrx_word' id='word_1_677' title='bbox 1284 2777 1341 2804; x_wconf 80' lang='grc' dir='ltr'>ἀλλ’</span> <span class='ocrx_word' id='word_1_678' title='bbox 1361 2777 1470 2804; x_wconf 66' lang='grc' dir='ltr'>ἐποίσει</span> <span class='ocrx_word' id='word_1_679' title='bbox 1481 2776 1530 2811; x_wconf 84' lang='grc' dir='ltr'><strong>τὴν</strong></span> <span class='ocrx_word' id='word_1_680' title='bbox 1553 2777 1632 2811; x_wconf 84' lang='grc' dir='ltr'>χεῖρα</span> <span class='ocrx_word' id='word_1_681' title='bbox 1647 2776 1696 2811; x_wconf 77' lang='grc' dir='ltr'><strong>τὴν</strong></span> <span class='ocrx_word' id='word_1_682' title='bbox 1709 2774 1856 2810; x_wconf 80' lang='grc' dir='ltr'>κραταιάν.</span> <span class='ocrx_word' id='word_1_683' title='bbox 1883 2770 1928 2797; x_wconf 66' lang='lat' dir='ltr'><strong>Atii</strong></span> 
     </span>
    </p>
   </div>
   <div class='ocr_carea' id='block_1_106' title="bbox 1130 2822 1926 2862">
    <p class='ocr_par' dir='ltr' id='par_1_106' title="bbox 1130 2822 1926 2862">
     <span class='ocr_line' id='line_1_106' title="bbox 1130 2822 1926 2862; baseline -0.005 -10"><span class='ocrx_word' id='word_1_684' title='bbox 1130 2826 1176 2851; x_wconf 73' lang='grc' dir='ltr'><strong>καὶ</strong></span> <span class='ocrx_word' id='word_1_685' title='bbox 1191 2825 1344 2862; x_wconf 80' lang='grc' dir='ltr'>προμηνὺει</span> <span class='ocrx_word' id='word_1_686' title='bbox 1361 2825 1408 2852; x_wconf 72' lang='grc' dir='ltr'><strong>καὶ</strong></span> <span class='ocrx_word' id='word_1_687' title='bbox 1432 2825 1672 2861; x_wconf 80' lang='grc' dir='ltr'>προαπολογεῖται,</span> <span class='ocrx_word' id='word_1_688' title='bbox 1689 2823 1727 2855; x_wconf 80' lang='grc' dir='ltr'>ὠς</span> <span class='ocrx_word' id='word_1_689' title='bbox 1741 2823 1792 2850; x_wconf 84' lang='grc' dir='ltr'>οὐκ</span> <span class='ocrx_word' id='word_1_690' title='bbox 1806 2822 1926 2856; x_wconf 75' lang='grc' dir='ltr'>ἄκριτος</span> 
     </span>
    </p>
   </div>
   <div class='ocr_carea' id='block_1_107' title="bbox 1130 2862 1929 2906">
    <p class='ocr_par' dir='ltr' id='par_1_107' title="bbox 1130 2862 1929 2906">
     <span class='ocr_line' id='line_1_107' title="bbox 1130 2862 1929 2906; baseline -0.006 -8"><span class='ocrx_word' id='word_1_691' title='bbox 1130 2872 1214 2898; x_wconf 72' lang='grc' dir='ltr'>αὐτοῦ</span> <span class='ocrx_word' id='word_1_692' title='bbox 1235 2873 1251 2906; x_wconf 85' lang='grc' dir='ltr'>ὴ</span> <span class='ocrx_word' id='word_1_693' title='bbox 1268 2872 1358 2906; x_wconf 54' lang='grc' dir='ltr'>ψῆφος</span> <span class='ocrx_word' id='word_1_694' title='bbox 1379 2872 1448 2898; x_wconf 71' lang='grc' dir='ltr'>κατὰ</span> <span class='ocrx_word' id='word_1_695' title='bbox 1460 2871 1513 2898; x_wconf 82' lang='grc' dir='ltr'>τῶν</span> <span class='ocrx_word' id='word_1_696' title='bbox 1526 2870 1688 2897; x_wconf 74' lang='grc' dir='ltr'>ὑπευθύνων</span> <span class='ocrx_word' id='word_1_697' title='bbox 1711 2869 1825 2904; x_wconf 77' lang='grc' dir='ltr'>φέρεται</span> <span class='ocrx_word' id='word_1_698' title='bbox 1837 2875 1844 2881; x_wconf 91' lang='grc'><strong>·</strong></span> <span class='ocrx_word' id='word_1_699' title='bbox 1868 2875 1881 2891; x_wconf 69' lang='grc' dir='ltr'>ι</span> <span class='ocrx_word' id='word_1_700' title='bbox 1896 2862 1929 2890; x_wconf 79' lang='grc' dir='ltr'><strong>’Π</strong></span> 
     </span>
    </p>
   </div>
  </div>
