2049 3164
138 177 204 211 1:277

601 180 868 211 EPISTOLARUM
894 181 967 210 LIB.
982 183 1015 212 ι’.
1037 196 1071 200 -
1092 184 1211 214 EPIST.
1240 185 1315 216 XCI.

1689 189 1757 223 i378

136 235 200 267 γάρ,
231 230 328 266 φησὶν.
352 231 507 266 ἐσιώπησας
536 232 573 268 μὴ
603 234 651 260 καὶ
671 235 714 260 ἀεὶ
737 235 920 269 σιωπήσομαι,

974 234 1079 269 inquit,
1110 238 1208 265 timui?
1235 247 1285 266 nec
1311 247 1419 275 semper
1449 242 1542 269 tacebo
1565 247 1594 270 et
1617 243 1755 275 suti'eram.

136 277 182 303 καὶ
203 276 348 312 ἀνέξομαις
377 278 526 313 Ἐκστήσω,
544 279 591 305 καὶ
607 279 715 314 ξηρανῶ
738 280 804 313 ἃμα.
835 289 843 305 ι
863 281 919 306 Mo-

136 324 240 357 νονουηχὶ
261 322 347 356 λέγων
357 331 364 338 ·
383 323 414 349 Εἰ
426 324 475 357 μὲν
487 325 712 359 γνωσιμαχὴσετε
722 327 731 335 “
751 325 819 360 ὅπερ
830 325 921 360 προεί-

136 377 208 404 ρηκα
224 368 289 404 (86).
308 369 339 394 El
364 369 392 395 δὲ
415 369 598 404 ἐπιμείναιτε,
622 371 685 404 τόγε
711 370 846 406 ἡμέτερον
868 371 920 403 ἔξω

134 414 233 445 αἰτίας.
256 414 350 449 Ὑμεῖς
360 414 414 449 γὰρ
430 415 477 450 τὴν
490 415 623 450 τιμωρίαν
641 415 701 442 καθ’
715 416 819 442 ἑαυτῶν
834 416 921 442 ἐλθεῖν

134 460 321 493 ἑξεόιάσασοε.

397 518 461 544 ιιιιο.
479 533 512 538 --
530 518 656 553 ΠΑΥΛῼ.

206 564 327 591 Animum
347 565 441 599 fortem
455 566 533 599 periti
550 566 634 592 instar
649 565 830 599 gubernatoris
849 565 1034 591 nduersitntnm

977 281 1123 314 Exsistam,
1138 288 1164 309 et
1177 284 1409 312 siccabnsitnnl”.
1424 296 1433 311 ι
1449 286 1563 314 Tantum
1579 295 1630 315 non
1644 289 1754 318 dicens:

974 325 1158 358 Pwnitemiui,
1176 329 1245 355 sicut
1258 330 1369 361 prauiixi
1385 333 1469 359 vobis.
1492 333 1525 360 At
1540 334 1562 361 si
1588 336 1754 369 perdurabi-

974 370 1007 396 tis
1023 370 1047 396 in
1065 371 1149 403 vitiis,
1169 377 1245 398 extra
1258 374 1362 408 cttlpam
1384 385 1441 404 ero.
1460 377 1512 405 Vos
1534 380 1633 407 ctenim
1649 389 1757 416 pontum

973 416 1055 450 capiti
1071 420 1160 443 vestro
1171 419 1320 446 accersitis.

1182 517 1345 546 LXXXVIII.
1365 534 1398 539 —
1420 521 1543 550 PAULO.

1054 565 1150 599 ﬂuctus
1166 574 1288 600 superare
1303 569 1384 600 decet,
1398 577 1428 595 ne
1441 569 1474 596 iis
1496 572 1685 606 tubmergalur.

821 600 931 635 (Con/er
944 608 985 634 ep.
1001 600 1058 635 76.)

168 656 219 682 Τὸν
231 656 370 691 εὐδόκιμον
382 657 522 691 κρείττονα
536 655 605 684 εἶναι
620 658 673 693 χρὴ
689 658 742 684 τῶν
758 657 915 693 συμφορῶν.

134 702 218 728 Τοῦτο
233 702 259 728 δὲ
276 702 362 733 ἔσται,
378 703 402 728 εἰ
415 703 460 728 τὸν
476 703 603 738 λογισμὸν
619 703 783 739 ὑψηλότερον
797 704 850 730 τῶν
865 712 917 730 πα-

133 747 188 773 θῶν
205 749 418 782 κατακτήσαιτο,
446 749 493 775 καὶ
508 749 633 783 καθάπερ
655 749 810 785 κυϐερνήτῃ
832 757 916 784 μετα-

133 792 263 828 χειρίζειν
279 794 341 824 τους
364 793 461 824 οἴακας
477 793 524 820 καὶ
539 794 669 826 οἰακίζειν
686 794 867 828 ἐπιτρέψειεν.
885 794 916 820 Εἰ

133 839 161 864 δὲ
181 839 226 864 τὸν
241 838 408 874 κυϐερνήτην
434 839 658 871 καταϐαπτίσειε,
684 840 812 873 ναυάγιον
830 840 916 874 ἀργα-

133 883 266 909 λεὼτατον
289 883 480 919 ὑποστήσεται,
504 884 557 910 τῶν
578 884 672 911 παθῶν
695 885 914 920 κορυφουμένων,

133 929 180 955 καὶ
201 930 245 956 τὸν
270 929 398 964 λογισμὸν
423 931 463 961 εἰς
487 930 568 957 αὐτὸν
589 930 634 956 τοῦ
652 930 786 964 πελάγους
800 930 844 957 τὸν
865 940 915 957 πυ-

132 975 218 1010 θμένα
234 976 485 1011 παραπεμπόντων.

254 1032 316 1059 ue'.
341 1047 375 1053 -
391 1033 535 1069 ΕΥΣΕΒΙῼ
555 1032 791 1068 ΠΡΕΣΒΥΤΕΡῼ.

1007 656 1124 683 Probum
1149 662 1353 692 spectatumque
1372 659 1459 686 virum
1488 661 1561 688 omni
1586 663 1754 697 superiorem

970 709 1029 729 esse
1042 702 1195 730 calamitate
1207 703 1292 730 dccct.
1313 704 1339 731 ld
1353 705 1468 738 accidet,
1482 706 1504 733 si
1522 708 1626 735 ratioiu
1640 709 1684 735 illo
1694 717 1756 744 per-

971 748 1170 775 turbationibus
1187 749 1350 783 dominetur,
1369 758 1483 786 eantque
1499 752 1612 785 siverit,
1626 758 1655 780 ul
1679 755 1756 782 navis

969 792 1073 818 clavum
1099 793 1262 827 gubernator
1291 795 1391 830 dirigit,
1419 796 1538 824 habenas
1572 799 1708 826 moderari
1728 803 1756 826 et

970 845 1072 872 regere.
1084 838 1112 865 Si
1128 846 1192 866 vero
1208 840 1274 866 tnari
1288 841 1454 874 gubernator
1473 849 1620 878 mergatur,
1644 845 1754 871 naufra-

969 883 1041 917 gium
1058 884 1406 919 evenicttnolcstissimum,
1427 889 1598 921 passionibus
1615 890 1752 924 imperan-

967 929 1048 960 tibus,
1064 936 1091 956 et
1111 930 1243 957 rationem
1261 930 1287 957 in
1305 931 1391 966 ipsum
1409 933 1495 968 pelagi
1512 934 1623 962 fundum
1645 936 1753 963 denter-

969 976 1105 1009 gentibus.

1060 1031 1240 1059 LXXXIX.——
1250 1033 1396 1061 EUSEBIO
1419 1034 1663 1064 PRESBYTERO.

531 1079 567 1105 De
580 1079 641 1105 cieri
655 1079 736 1113 fastu,
756 1078 862 1112 ejusque
883 1087 974 1105 causa.
991 1078 1098 1112 (Confer
1114 1081 1189 1112 epist.
1204 1080 1237 1106 57
1255 1085 1277 1106 et
1292 1080 1368 1115 268).

165 1126 196 1152 El
214 1125 272 1157 καὶ,
284 1124 322 1156 ὡς
344 1125 497 1160 γέγραφας,
516 1125 532 1158 ἡ
550 1122 603 1150 τῶν
628 1123 822 1158 βασιλευόντων
850 1123 914 1158 περὶ

129 1171 159 1198 τὸ
169 1171 245 1198 Θεῖον
267 1170 394 1197 εὐλάϐεια
406 1170 456 1205 τὴν
469 1170 626 1196 ἐπισκόπων
646 1169 819 1196 ἀνευλάΰειαν
834 1169 913 1204 ἤλεγ-

131 1216 190 1248 ξεν·
223 1217 270 1243 καὶ
291 1217 309 1251 ἡ
335 1215 403 1250 πρὸς
443 1216 540 1246 αὐτοὺς
566 1215 677 1241 ἐκείνων
708 1214 913 1250 ὑπερϐάλλουσα

128 1263 194 1297 τιμὴ
217 1262 279 1293 τοὺς
294 1261 465 1296 τιμωμένους
479 1261 599 1294 ἐξέλυσε,
628 1260 675 1286 καὶ
691 1261 708 1295 ή
724 1259 807 1294 πολλὴ
823 1259 913 1286 αὐτῶν

129 1307 267 1343 φιλοτιμία
295 1307 401 1342 τρυφῆς
426 1306 474 1333 καὶ
495 1305 634 1337 ’ἁσωτείας
658 1305 762 1336 τούτοις
785 1304 913 1334 ὑπόθεσις

128 1354 254 1387 γέγονεν·
277 1352 345 1378 ἀλλὰ
369 1352 401 1378 σὺ
427 1352 464 1386 μὴ
480 1350 674 1382 σκανδαλίζου·
692 1350 723 1376 οὐ
739 1350 795 1384 γὰρ
814 1349 913 1380 πάντες

129 1398 314 1434 ἐχειρώθησαν
329 1398 383 1428 τοῖς
408 1397 561 1432 εἰρημένοις
583 1396 706 1428 πάθεσιν,
736 1395 793 1422 ἀλλ’
810 1395 879 1421 εἰσὶν
889 1394 914 1420 οἱ

131 1446 326 1477 σπουδάζοντες
351 1444 422 1471 κατὰ
448 1444 493 1470 τὸν
522 1443 698 1470 ἁποστολικὺν
722 1442 803 1478 ζῆσαι
826 1449 912 1477 χαρα-

127 1492 224 1526 κτῆρα.
239 1491 271 1517 Ei
295 1490 322 1517 δὲ
338 1486 431 1524 φαίης,
451 1489 556 1524 Ὀλίγοι
571 1488 689 1523 κομιδῇ,
705 1488 765 1515 οὐδὲ
780 1488 914 1523 αὐτὺςάρ-

1003 1123 1069 1156 Etsi,
1081 1128 1109 1150 ut
1131 1124 1238 1156 scribis,
1253 1132 1344 1159 regum
1364 1132 1426 1160 erga
1443 1125 1525 1153 Deum
1538 1127 1624 1161 pictas
1641 1128 1753 1161 episco-

965 1176 1060 1203 porum
1073 1169 1249 1203 quorumdam
1259 1169 1461 1197 irreverentiant
1474 1172 1620 1205 redarguit,
1639 1173 1754 1200 nimius-

966 1222 1019 1248 que
1047 1215 1111 1248 ipsis
1146 1215 1283 1242 exltibitus
1320 1216 1406 1243 honos
1428 1224 1475 1244 eos
1498 1222 1627 1250 enervat,
1657 1218 1752 1253 ingens

966 1266 1074 1294 quoque
1093 1259 1198 1286 illorum
1214 1261 1323 1287 honoris
1338 1262 1466 1295 studium,
1485 1263 1695 1298 dcliciarttmque
1723 1269 1751 1290 et

966 1303 1104 1337 epularum
1133 1305 1273 1331 materiam
1297 1306 1506 1340 suppeditavit:
1524 1311 1550 1333 tu
1571 1312 1658 1334 tamen
1685 1315 1752 1335 cave

966 1356 1000 1375 ne
1026 1348 1186 1376 olfendiculo
1211 1349 1257 1377 tibi
1275 1358 1318 1377 res
1335 1358 1365 1377 ea
1380 1351 1416 1378 sit
1437 1359 1445 1378 :
1475 1359 1526 1379 non
1556 1354 1627 1379 euitn
1658 1361 1751 1381 omnes

969 1394 1071 1428 pariter
1086 1395 1222 1428 praedictis
1241 1395 1364 1423 laborant
1377 1396 1488 1429 morbis,
1516 1397 1597 1432 580
1615 1398 1662 1425 sed
1686 1403 1750 1425 sunt.

966 1439 1012 1473 qui
1040 1440 1187 1473 apostolico
1216 1440 1306 1468 vivere
1338 1441 1495 1469 charactere
1521 1443 1684 1471 desiderant.
1721 1444 1750 1471 Si

968 1485 1068 1511 dixeris
1094 1495 1100 1512 :
1133 1484 1247 1517 Damus;
1283 1486 1327 1512 sed
1351 1487 1407 1513 rari
1427 1488 1569 1513 admodum
1593 1493 1662 1519 sunt,
1692 1495 1745 1515 nor.

126 1537 280 1572 νησαίμην·
306 1535 373 1562 ἀλλὰ
389 1536 440 1563 κάν
463 1535 550 1570 τούτῳ
567 1534 616 1570 τὴν
637 1534 683 1560 τοῦ
703 1534 827 1569 Σωτῆρος
847 1535 930 1570 πρό-ι

965 1531 1088 1565 equidem
1106 1530 1210 1558 inficias
1225 1532 1308 1558 ivero.
1342 1532 1394 1559 Sed
1414 1537 1441 1559 et
1467 1531 1613 1559 Salvatoris
1630 1534 1748 1561 admire-

126 1592 227 1617 γνωσιν
253 1583 424 1618 θαυμάσαιμι
446 1582 492 1608 τοῦ
518 1582 686 1617 φράσαντος·
716 1591 726 1607 ί
744 1581 838 1608 Πολλοὶ
864 1582 913 1616 μὲν

126 1630 231 1666 κλητοὶ,
249 1630 333 1663 ὀλίγοι
347 1630 375 1656 δὲ
390 1629 522 1655 ἐκλεκτοί.
540 1638 550 1654 ι

252 1689 285 1719 ι,’.
300 1701 333 1706 -
348 1685 529 1720 ΜΑΡΚΙΑΝῼ
553 1685 787 1720 ΠΡΕΣΒΥΤΕΡῼ.

967 1584 1027 1602 ιιιιιι·
1049 1577 1246 1611 praescientiant
1274 1578 1410 1604 dicentis:
1438 1586 1447 1603 (
1468 1577 1542 1604 Multi
1560 1584 1622 1605 suttt
1646 1579 1745 1612 vocati,

965 1623 1041 1657 pauci
1056 1630 1120 1649 vero
1132 1623 1210 1650 electi
1220 1624 1250 1649 ”.
1275 1632 1283 1648 ι

1077 1688 1132 1715 XC.
1153 1704 1187 1709 -—
1207 1688 1384 1717 MARCIANO
1403 1689 1641 1718 PRESBYTERO.

458 1732 626 1758 Delatoribus
641 1739 691 1758 non
709 1737 803 1759 temere
817 1734 982 1766 credendum,
1001 1734 1046 1761 sed
1064 1740 1173 1769 utraque
1187 1743 1247 1768 pars
1263 1736 1406 1762 audienda.

162 1791 207 1826 Μὴ
224 1790 308 1824 ὕπεχε
333 1790 389 1821 τοῖς
411 1789 582 1822 λογοποιοῦσι
611 1789 660 1820 τὰς
688 1790 787 1821 ἀκοάς·
806 1792 830 1817 εί
857 1791 912 1827 γὰρ

128 1837 225 1873 ῥᾳδίως
243 1835 380 1867 πιστεύοις
396 1837 452 1866 τοῖς
472 1835 680 1870 κατηγοροῦσιν,
695 1836 743 1862 οὐκ
760 1837 912 1872 ἐπιλείψου-

127 1890 170 1908 σιν
184 1882 207 1908 οἱ
218 1881 444 1915 καταψευδόμενοι
459 1881 506 1906 καὶ
522 1879 683 1911 πλάττοντες
694 1888 700 1895 ·
716 1880 772 1906 ἀλλ’
786 1882 808 1907 εί
822 1881 912 1915 βούλει

125 1927 170 1958 δὸς
193 1927 338 1962 ἀκεραίους
362 1926 411 1957 τὰς
435 1925 533 1958 ἀκοὰς,
547 1926 592 1951 καὶ
611 1925 810 1961 ἀπολογήσεται
840 1927 911 1962 μάλα

126 1973 257 2007 γενναίως
279 1974 293 1999 ὀ
308 1972 503 2008 κατηγορηθείς
515 1980 521 1986 ·
537 1973 584 1999 καὶ
601 1973 639 2003 εἰς
659 1972 781 2004 ἐκείνους
801 1973 911 2008 τρέψεις

124 2019 175 2058 τὴν
190 2020 229 2050 είς
242 2019 323 2046 αὑτὸν
339 2018 425 2054 μάτην
437 2019 549 2052 φυεῖσαν
564 2017 663 2053 λύπην.

375 2074 431 2108 μιν.
449 2089 483 2094 -
500 2074 543 2109 Τῼ
558 2072 658 2109 ΑΥΤῼ.

1000 1791 1108 1819 Fabulis
1132 1800 1212 1819 aures
1233 1799 1266 1819 ne
1296 1793 1479 1820 accommoda.
1504 1793 1532 1820 Si
1562 1793 1635 1821 enim
1666 1793 1748 1821 facile

964 1837 1150 1864 accusantibus
1175 1837 1280 1869 credas,
1308 1844 1361 1864 non
1391 1837 1515 1865 desinent
1534 1837 1602 1866 falso
1620 1846 1748 1866 accusare

964 1891 996 1910 ac
1010 1883 1121 1918 tingere.
1139 1882 1191 1909 Sed
1217 1883 1239 1909 si
1258 1882 1356 1917 placet,
1369 1887 1448 1911 aures
1468 1884 1555 1918 praebe
1567 1884 1698 1916 sinceras,
1719 1889 1747 1912 et

965 1928 1123 1955 defendetur
1144 1928 1261 1963 egregie,
1284 1929 1329 1963 qui
1352 1929 1493 1957 calumniis
1520 1938 1664 1965 oppressus
1684 1936 1745 1962 est,

965 1979 1106 2008 vertesque
1132 1973 1159 2000 in
1186 1973 1246 2000 illos
1270 1973 1398 2007 dolorem,
1415 1982 1494 2009 quem
1518 1974 1654 2003 innocenti
1673 1979 1747 2002 stru-

962 2023 1068 2046 Χοηιιιι.

1226 2077 1294 2106 XCI.
1306 2093 1341 2098 —
1360 2077 1476 2106 EIDEM.

561 2119 640 2146 Pauli
657 2120 691 2146 ad
705 2119 784 2146 Hebr.
801 2121 882 2147 locus.
895 2120 959 2156 Cap.
973 2129 1008 2155 tv,
1024 2130 1046 2149 υ.
1060 2123 1086 2150 8.
1096 2122 1135 2149 De
1152 2122 1215 2150 Jestt
1232 2122 1316 2150 Nave.

161 2175 198 2202 Οὐ
225 2174 289 2210 περὶ
315 2174 366 2209 τῆς
388 2173 585 2205 καταπαύσεως
609 2174 664 2200 τῶν
691 2174 834 2210 Ἐὃραίων,
860 2169 930 2210 τῆς1

994 2178 1092 2206 Beatus
1104 2178 1203 2206 Paulus
1225 2187 1276 2206 non
1305 2179 1338 2206 de
1366 2179 1456 2214 requie
1479 2179 1643 2214 Judaaorum,
1665 2189 1745 2216 quam

123 2221 276 2257 γενομένης
302 2221 331 2247 ὲν
359 2220 524 2256 Παλαιστίνῃ
554 2221 598 2247 διὰ
632 2221 719 2256 Ἰησοῦ
745 2221 803 2247 υἱοῦ
831 2221 909 2257 Ναυῆ

124 2267 302 2302 στρατηγίας,
328 2266 366 2301 τῷ
387 2266 522 2301 Θεσπεσίῳ
549 2266 646 2300 Παύλῳ
659 2268 673 2293 ὁ
690 2266 785 2301 λόγος’
803 2267 909 2302 ἐκείνης

123 2313 180 2347 γάρ
192 2313 280 2343 οὐδεὶς
300 2312 377 2346 λόγος
401 2311 484 2346 αὐτῷ.
508 2313 548 2343 είς
563 2312 590 2338 δὲ
607 2312 656 2348 τὴν
678 2312 908 2348 προσδοκωμένην

123 2359 235 2385 ἔσεσθαι
257 2358 366 2392 βλέπει,
392 2358 438 2384 καὶ
459 2358 518 2385 κατ’
537 2358 644 2393 ἐκείνης
659 2359 672 2384 ὁ
693 2358 748 2384 τῶν
765 2360 908 2393 νοημάτων

124 2405 224 2436 σκοπὸς
254 2404 434 2431 συντείνεται’
459 2405 499 2430 ὅτι
529 2404 557 2430 δὲ
586 2404 664 2430 τοῦτὸ
695 2404 769 2431 ἐστιν
798 2405 906 2439 ἀληθὲς,

122 2450 203 2481 αὐτὸς
228 2450 324 2477 ἑαυτὸν
348 2450 493 2485 ὲρμηνεύει
516 2449 617 2483 λέγων·
647 2459 655 2474 ι
677 2450 707 2475 Εἰ
730 2449 783 2485 γὰρ
810 2450 908 2482 αὐτοὺς

128 2495 233 2531 Ἰησοῦς
253 2495 350 2530 (δῆλον
362 2495 390 2521 δέ
413 2496 471 2521 ἐστι
490 2494 536 2520 τοῦ
553 2494 646 2530 Ναυῆ)
661 2496 841 2528 κατέπαυσεν,
858 2495 919 2522 οὐκ.

122 2541 156 2567 ἂν
170 2541 235 2575 περὶ
253 2540 336 2575 ἄλλης
352 2539 439 2566 ἐλάλει
462 2539 529 2575 μετὰ
542 2540 627 2566 ταῦτα
643 2540 763 2574 ἡμέρας·
777 2540 829 2574 ἄρα
841 2541 908 2566 ἁπο-

121 2585 246 2612 λείπεται
269 2585 455 2621 σαεὸατισμὸς
473 2585 510 2620 τῷ
531 2585 586 2620 λαῴ
609 2584 656 2612 τοῦ
678 2585 755 2612 Θεοῦ.
781 2595 790 2611 ›
809 2587 839 2612 Ei
853 2587 907 2620 γὰρ

120 2631 233 2662 αὐτοὺς,
256 2631 347 2666 φησὶν,
363 2631 465 2662 ἐκεῖνος
477 2630 659 2663 κατέπαυσεν,
673 2631 722 2658 οὐκ
734 2630 766 2657 ἂν
788 2633 802 2657 ό
826 2632 908 2658 Δαὸὶδ

121 2676 193 2712 μετὰ
217 2676 318 2708 πολλὰς
342 2677 438 2710 γενεὰς
452 2676 607 2711 γενόμενος,
629 2677 693 2711 περὶ
710 2677 906 2709 καταπαύσεως

961 2223 1040 2251 Jesus
1052 2222 1126 2251 Nave
1144 2225 1171 2251 in
1187 2224 1327 2252 Palmstina
1339 2225 1453 2260 peperit,
1467 2226 1547 2253 verba
1562 2227 1646 2254 iacit:
1667 2228 1748 2260 huius

961 2269 1032 2296 enim
1044 2269 1117 2295 nulla
1128 2273 1170 2296 est
1187 2270 1220 2296 ab
1246 2277 1279 2296 eo
1295 2271 1364 2296 ratio
1378 2270 1485 2302 habita;
1504 2271 1549 2297 scd
1565 2270 1592 2297 itt
1620 2279 1678 2298 eam
1701 2279 1745 2299 re-

960 2314 1048 2348 quiem
1075 2314 1183 2348 respicit
1215 2321 1273 2348 quze
1304 2314 1329 2341 in
1360 2313 1479 2341 futurum
1508 2320 1689 2349 exspectatur,
1719 2316 1743 2344 in

960 2366 1074 2392 eamque
1099 2359 1282 2393 intelligentia:
1315 2366 1411 2392 scopus
1433 2359 1530 2386 fertur,
1555 2360 1630 2393 Quod
1652 2368 1743 2387 verum

963 2411 1023 2430 esse
1038 2405 1094 2437 ipsc
1109 2404 1149 2430 sui
1165 2404 1298 2438 interpres
1317 2405 1357 2432 sic
1377 2405 1503 2439 explanat
1518 2405 1609 2432 dicens
1623 2414 1629 2432 :
1651 2415 1660 2432 ι
1678 2406 1744 2433 Nam

962 2449 984 2476 si
995 2450 1034 2475 eis
1044 2449 1122 2476 Jcsus
1133 2449 1229 2485 [Nave]
1241 2450 1358 2484 rcquictn
1371 2448 1548 2484 praestitisset,
1562 2458 1696 2485 nunquam
1711 2451 1745 2478 de

961 2494 1013 2521 alia
1035 2495 1191 2528 loqueretur
1212 2501 1270 2529 post
1294 2495 1363 2522 hanc
1385 2496 1439 2522 die.
1464 2495 1556 2530 Itaque
1583 2496 1746 2530 relinquitur

961 2540 1144 2567 saltbatismus
1163 2541 1261 2574 populo
1282 2540 1326 2567 Dei
1339 2540 1370 2566 ¹³.
1388 2551 1396 2566 ι
1413 2541 1440 2568 Si
1459 2541 1530 2568 enint
1555 2541 1618 2573 illis,
1634 2541 1672 2568 ait
1686 2540 1740 2573 ille,

961 2586 1077 2620 quietem
1096 2586 1178 2618 dedit,
1194 2594 1245 2613 non
1263 2588 1355 2621 utique
1372 2587 1453 2614 David
1469 2592 1529 2621 post
1550 2587 1646 2614 multas
1660 2594 1743 2620 gene-

961 2632 1079 2658 rationes
1096 2636 1175 2659 natus
1187 2633 1219 2659 de
1233 2634 1351 2666 requiete
1363 2633 1475 2667 loquens
1486 2632 1595 2659 dixissut
1611 2641 1618 2659 :
1638 2641 1646 2658 α
1660 2632 1744 2660 llodie

960 2677 984 2703 si
1015 2684 1106 2704 vocem
1141 2676 1202 2712 ejus
1227 2678 1378 2711 audieritis,
1396 2679 1480 2706 nolite
1508 2677 1642 2705 obdurare
1661 2678 1743 2705 corda

158 2742 179 2758 “
197 2743 249 2770 lsa.
271 2750 337 2775 xut,
357 2743 399 2769 M.
441 2743 461 2758 ¹¹
478 2743 572 2770 Matth.
594 2752 661 2776 uti,
682 2744 724 2771 Μ.
766 2743 787 2758 ¹¹¹
809 2743 890 2771 Ilebr.
910 2751 947 2777 tv,
969 2743 995 2770 8.

683 2819 801 2846 VARIIE
821 2818 1015 2847 LECTIUNES
1033 2819 1076 2847 ET
1095 2819 1210 2847 NOT/E.

159 2879 214 2916 (86)
235 2880 289 2908 I’ro
312 2881 379 2916 ὅπερ
403 2880 554 2915 προείρηκα
576 2880 653 2907 iidem
677 2881 753 2908 codd.
777 2881 874 2907 habent
895 2881 908 2906 ὂ
929 2891 930 2896 η

967 2881 1104 2916 οείρημαι.
1125 2880 1227 2909 Possm.
