2049 3164
130 188 211 226 1381

120 238 123 242 ’
305 250 360 283 ea.
382 264 417 271 με
446 251 585 287 ΣΗΡΗΝῼ
601 253 762 287 “Attene.

585 195 850 227 EPISTOLARUM
871 195 943 225 LIB.
956 195 990 225 V.
1007 208 1040 213 -ν
1055 196 1172 227 EPIST.
1195 197 1327 228 XCVIII.

1695 199 1764 232 1382

1141 253 1272 281 XCIV.—
1283 254 1420 283 SERENO
1442 255 1606 284 DIACONO.

502 309 596 336 Omnia
615 318 688 345 arquo
707 315 731 337 et
753 311 886 337 moderato
900 311 987 336 animo
1000 309 1117 344 ferenda.
1143 309 1250 344 (Confer
1260 311 1335 343 epist.
1359 311 1432 347 195.)

177 366 289 398 Πολλοῖς
305 367 332 393 ai
349 367 506 402 παραυτίκα
521 368 668 403 εὐημερίαι
694 369 737 395 ἐπ’
755 369 850 404 ἐνέδρᾳ
861 377 929 404 συμ-

142 411 295 444 6αίνουσιν,
311 412 428 439 ἀνιάτων
443 411 521 439 οὖσαι
535 414 629 441 κακῶν
649 414 791 449 προοίμια.
815 414 862 449 Μὴ
873 414 929 440 τοί-

142 466 190 485 νυν
203 459 232 484 ἐν
247 458 313 484 πᾶσι
330 457 379 489 τὰς
395 458 524 490 τοιαύτας
539 458 665 494 ζητῶμεν
682 459 771 492 νίκας,
800 460 856 486 ἀλλ’
869 459 928 490 ἑνὸς

142 503 302 538 γιγνώμεθα
320 503 368 530 τοῦ
392 505 481 531 πάντα
493 505 528 532 τὰ
558 505 741 540 συμϐαίνοντα
763 505 872 540 ὁμαλῶς
883 505 932 532 καὶ

144 551 274 587 μετρίως,
309 551 356 578 καὶ
383 551 450 586 μετὰ
467 551 513 578 τοῦ
531 551 682 587 πρέποντος
710 551 850 587 σχήματος
883 551 931 578 καὶ

143 598 328 633 φρονήματος,
348 597 471 624 διοικεῖν.

386 662 443 695 ιιΕι.
460 676 496 681 —
506 662 689 697 ΑΘΑΝΑΣΙῼ.

1019 367 1107 394 Multis
1125 372 1312 395 momentanca
1328 377 1360 396 ac
1375 369 1463 396 subita
1486 369 1602 398 felicitas
1614 371 1766 400 exinsidlis

982 413 1100 444 obvenit,
1118 417 1198 447 atque
1228 413 1295 440 adeo
1319 414 1556 443 immedicabilium
1577 417 1654 451 origo
1683 417 1767 445 malo-

983 466 1042 485 rum
1052 458 1167 485 exsistit.
1183 457 1354 492 Neigituriu
1369 460 1495 487 omnibus
1519 461 1545 488 id
1569 469 1655 496 genus
1681 463 1767 490 victo-

983 505 1038 531 rias
1054 512 1217 538 quxramus,
1233 504 1279 532 sed
1301 512 1380 531 uuam
1403 506 1584 539 potissimum,
1596 507 1684 534 omnia
1707 516 1767 542 quae

983 550 1119 581 accidunt,
1135 549 1227 576 sedate
1243 549 1435 584 moderateque
1453 548 1577 584 ferendo,
1591 558 1652 578 cum
1666 557 1764 578 ornatu

983 595 1082 622 decoro
1095 599 1238 622 sectemur.

1213 660 1535 689 XCV.—ATHANASIO.

307 707 418 734 Virtutis
435 709 609 744 titiorumque
628 708 800 742 comparatio.
824 707 915 735 Virtus
930 708 965 735 ad
984 715 1097 741 superna
1112 715 1228 742 semper,
1245 708 1335 735 vitium
1351 709 1385 735 ad
1404 708 1491 743 infera
1508 709 1603 736 tendit.

182 763 215 790 El
229 761 282 798 χρὴ
307 763 449 798 συντόμως
475 765 524 798 τὴν
558 764 659 799 ἀρετὴν
678 764 726 790 καὶ
752 763 801 799 τὴν
831 763 930 790 κακίαν

145 807 219 842 λόγῳ
242 808 409 842 ὑπογράψαι,
439 808 569 843 φήσαιμι,
608 809 650 835 ὅτι
671 808 777 843 Ὥσπερ
816 808 846 835 τὸ
874 808 931 844 πῦρ

147 853 333 887 πεπεδημένον
345 853 479 888 τυγχάνον
491 853 560 888 πρὸς
574 853 622 888 τὴν
634 853 710 880 κάτω
729 854 828 889 ὁρμὴν,
841 853 930 880 ἀεικί-

1022 763 1123 794 Dicam,
1140 763 1162 789 si
1179 763 1213 790 dc
1225 763 1323 790 virtute
1337 763 1455 790 breviter
1471 771 1502 791 ac
1516 765 1580 792 vitio
1592 765 1767 793 circumscri-

983 807 1070 834 benda
1083 809 1170 835 oratio
1178 813 1219 835 est
1235 817 1241 834 :
1259 809 1295 836 Ut
1311 809 1380 842 ignis
1396 810 1522 836 deorsum
1534 810 1660 838 detentus
1675 816 1701 839 et
1715 813 1767 838 im-

983 853 1102 885 peditum
1118 852 1220 880 habens
1247 857 1350 880 natura:
1375 853 1515 888 impetum,
1534 863 1641 883 sursum
1663 864 1769 890 semper

146 899 226 933 νητόν
241 900 298 924 ἐστι
312 899 381 933 πρὸς
397 900 445 933 τὴν
456 899 512 926 ἄνω
528 899 626 934 φορὰν,
642 899 712 926 οὕτω
728 901 775 926 καὶ
791 901 807 934 ἡ
834 900 929 935 ἀρετή.

985 897 1096 930 nititur;
1110 898 1179 924 idem
1198 903 1225 925 et
1240 899 1329 926 virtuti
1345 900 1478 926 usuvenit.
1493 899 1582 935 thue
1593 907 1690 928 contra
1706 910 1768 928 cor-

145 944 202 970 Καὶ
216 943 309 978 ὥσπερ
323 943 357 970 τὰ
383 943 471 978 βαρέα
489 943 604 979 σώματα
625 945 675 979 τὴν
692 945 740 979 μὲν
765 945 821 971 ἄνω
846 945 933 980 φορὰν

145 990 321 1016 παντάπασιν
350 990 453 1024 ἀγνοεῖ,
468 990 519 1026 τὴν
541 990 570 1016 δέ
597 990 665 1025 πρὸς
690 990 724 1017 τὰ
747 991 823 1017 κάτω
845 991 932 1026 ὁρμὴν

146 1037 306 1069 ἐπίσταται,
327 1036 374 1063 τοῦ
399 1036 499 1072 βάρους
515 1036 565 1071 τὴν
583 1037 671 1072 φορὰν
685 1037 880 1069 ἐπιτείνοντος,
894 1037 933 1068 ὡς

145 1081 268 1116 κρεῖττον
281 1081 361 1115 λόγου
382 1079 498 1108 εἶναιτὸ
522 1082 622 1116 τάχος·
647 1081 719 1108 οὕτω
741 1082 788 1109 καὶ
809 1083 826 1118 ή
845 1091 930 1117 πονη-

147 1126 202 1160 ρία.
230 1126 336 1153 Οὐκοῦν
362 1127 470 1162 ἐκείνης
499 1127 549 1162 μὲν
581 1127 743 1163 ἀνθεκτέον,
772 1127 875 1162 ταύτης
904 1127 932 1154 δὲ

144 1172 287 1207 ἀφεκτέον.

287 1231 352 1263 aqu
381 1244 415 1249 —
441 1229 591 1265 ΕΥΤΟΝΙῼ
614 1230 775 1266 ΔΙΑΚΟΝῼ.

982 949 1048 976 pora
1068 944 1159 977 gravia
1175 951 1281 971 sursum
1307 944 1372 971 ferri
1394 953 1446 972 non
1464 952 1587 981 possunt,
1603 946 1683 982 582
1703 955 1765 981 gra-

981 988 1065 1015 vitate
1078 989 1114 1015 ita
1131 994 1233 1016 motum
1249 990 1417 1024 intendente,
1430 996 1459 1018 ut
1477 991 1535 1025 ejus
1557 993 1685 1020 velocitas
1708 1001 1769 1019 γει·-

981 1035 1023 1062 bis
1038 1041 1154 1070 nequeat
1167 1036 1314 1071 explicari;
1333 1038 1373 1064 sic
1384 1043 1411 1065 et
1425 1038 1519 1065 vitium
1540 1046 1656 1073 quoque.
1668 1039 1768 1066 Virtuti

981 1080 1072 1115 itaque
1089 1081 1283 1115 inluercndum,
1302 1091 1316 1110 a
1334 1083 1400 1111 vitio
1419 1087 1509 1111 autem
1529 1084 1730 1112 abstinendum.

1138 1234 1230 1263 XCVI.
1240 1251 1273 1258 —
1282 1235 1435 1264 EUTONIO
1455 1236 1614 1265 DlACONO.

232 1275 348 1301 Adversa
365 1282 422 1300 cum
439 1283 453 1301 α
465 1274 586 1307 Βεσμαιιι
603 1276 637 1302 ad
653 1276 860 1310 castigationem,
877 1281 922 1303 aut
937 1279 1158 1314 adprobationem
1173 1281 1363 1316 immittuntur,
1376 1283 1442 1309 bono
1458 1284 1545 1309 animo
1559 1282 1678 1318 ferenda.

181 1339 243 1367 Ὀτι
255 1339 306 1375 μὲν
320 1340 348 1365 ἐν
362 1341 421 1371 ταῖς
430 1339 484 1366 τῶν
493 1340 577 1372 πέλας
590 1340 754 1376 εὐπραγίαις
769 1340 818 1372 τὰς
827 1341 930 1374 οἰκείας

146 1385 315 1420 σαφέστερον
328 1385 447 1420 καθορᾷν
467 1385 579 1412 εἰώθασι
600 1386 700 1417 πάντες
723 1387 746 1412 οἱ
765 1389 931 1422 πειρασμοῖς

144 1430 356 1465 περιπίπτοντες
381 1430 533 1465 συμφορὰς,
553 1430 631 1464 δῆλον
643 1438 649 1444 ⁸
671 1431 713 1457 ὅτι
730 1431 758 1457 δέ
775 1432 930 1464 ἐννοοῦντες

143 1476 194 1511 τὴν
209 1476 313 1503 ἑαυτῶν
330 1476 346 1512 ἢ
363 1476 521 1511 θεραπείαν,
535 1477 551 1512 ἢ
566 1477 741 1512 εὐδοκίμησιν
761 1478 795 1513 (οί
811 1478 860 1512 μὲν
874 1479 928 1514 γὰρ

1019 1343 1093 1376 Quod
1109 1345 1135 1372 in
1150 1345 1236 1372 aliena
1251 1345 1379 1373 felicitate
1395 1346 1518 1380 proprias
1530 1346 1653 1374 miserias
1667 1346 1768 1374 clarius

984 1388 1143 1417 intueantur
1165 1398 1269 1424 omnes,
1298 1391 1344 1425 qui
1374 1392 1567 1419 tcntalionibus
1592 1397 1767 1425 exercentur,

984 1435 1154 1462 manifestum
1177 1441 1244 1463 est:
1266 1432 1336 1470 quod
1359 1444 1423 1463 vero
1454 1437 1499 1471 qui
1526 1445 1602 1464 suam
1620 1437 1645 1464 in
1662 1437 1695 1464 iis
1726 1437 1768 1464 \‘cl

984 1481 1152 1508 curationem
1167 1482 1209 1508 vel
1239 1482 1424 1516 probationem
1442 1483 1593 1510 consistere
1615 1483 1768 1519 intelligunt

145 1522 215 1557 ὑπὲρ
226 1522 368 1557 ἁμαρτιῶν
383 1522 519 1549 τιννύουσι
534 1523 623 1555 δίκας.
646 1524 670 1550 oi
695 1524 723 1550 δὲ
739 1524 928 1557 ἀγωνίζονται,

983 1524 1064 1560 (nam
1095 1525 1139 1552 alii
1165 1533 1212 1560 pro
1237 1527 1355 1560 peccatis
1380 1534 1473 1561 pmuas
1500 1527 1618 1560 solvunt,
1646 1528 1690 1555 alii
1718 1536 1768 1563 pro

144 1568 189 1594 ἵνα
204 1568 402 1604 λαμπροτέρων
423 1568 525 1603 τύχωσι
544 1569 704 1604 στεφάνων),
717 1570 781 1605 ῥᾷον
795 1569 931 1603 ὀφείλουσι

144 1614 208 1645 τοὺς
219 1614 389 1649 πειρασμοὺς
406 1614 539 1648 ἐνεγκεῖν,
556 1615 603 1641 καὶ
624 1615 661 1650 μὴ
682 1615 761 1650 μόνον
774 1615 811 1650 μὴ
829 1615 930 1649 ἀλύειν,

146 1659 214 1686 ἀλλὰ
229 1660 276 1686 καὶ
297 1659 430 1694 θυμηδίας
455 1661 645 1696 ἐμφορεῖσθαι,
665 1660 838 1696 Οαρῤούντως
857 1662 932 1696 ίσχυ-

148 1705 363 1740 ρισαίμην.’”υτι
392 1706 448 1741 γάρ
474 1714 546 1736 τινες
574 1705 691 1732 ἐνταῦθα
724 1704 930 1740 θεραπεύονται,

145 1751 278 1784 ἐγγυᾶται
307 1752 320 1777 ὀ
335 1751 442 1782 Παῦλος
459 1750 568 1786 κράζων
579 1759 586 1767 ”
617 1759 625 1775 ι
644 1750 807 1785 Κρινόμενοι
824 1750 852 1776 δὲ
880 1750 932 1776 ὑπὸ

144 1796 250 1830 Κυρίου
277 1795 470 1830 παιδευόμεθα,
502 1795 545 1821 ἵνα
567 1795 603 1830 μὴ
631 1795 678 1821 σὺν
700 1795 740 1829 τῷ
763 1794 857 1829 κόσμῳ
880 1803 931 1820 κα-

144 1840 331 1876 τακριθῶμεν.
351 1850 361 1866 ι
387 1841 447 1867 ’Ότι
472 1840 499 1866 δέ
526 1849 598 1872 τινες
615 1841 662 1867 καὶ
682 1840 822 1875 στεφάνων
837 1840 930 1867 ἕνεκεν

145 1886 335 1920 ἀγωνίζονται,
362 1887 519 1922 μαρτυρεῖὁ
532 1886 602 1917 θεῖος
615 1886 749 1922 χρησμὸς,
767 1887 781 1912 ὁ
805 1885 872 1920 πρὸς
888 1885 931 1912 τὸν

151 1931 213 1958 Ἰὼϐ
224 1932 384 1967 είρημὲνος’
407 1941 415 1957 ι
434 1930 492 1957 Οἴει
517 1940 550 1967 με
565 1931 652 1962 ἄλλως
666 1939 707 1957 σοι
726 1931 928 1966 κεχρηματικέ-

143 1985 206 2008 ναι,
237 1977 253 2012 ἢ
286 1977 329 2003 ἴνα
355 1977 496 2012 ἀναφανῇς
531 1977 656 2010 δίκαιος;
690 1985 699 2002 ι
736 1976 841 2002 Οὐκοῦν
874 1976 928 2002 εἴτε

143 2021 242 2056 οὕτως,
268 2022 321 2049 εἴτε
358 2022 469 2054 ἐκείνως
497 2022 656 2057 πάσχομεν,
681 2021 803 2058 χρηστὰς
822 2021 930 2056 ἔχωμεν

144 2068 265 2099 ἐλπίδας.

268 2125 325 2157 ιιΖα
341 2138 380 2157 ,-
393 2124 545 2159 ΘΕΟΔΩΡῼ
561 2123 789 2158 ΣΧΟΛΛΣἸΊΚῼ.

987 1570 1173 1604 splendidiore
1187 1575 1293 1597 certant
1306 1570 1432 1605 corona),
1448 1570 1527 1598 facile
1551 1572 1662 1600 debeant
1679 1577 1766 1599 tenta-

987 1615 1071 1641 tiones
1088 1615 1219 1648 perferre,
1232 1619 1259 1642 et
1287 1623 1340 1643 non
1370 1617 1456 1642 solum
1473 1625 1526 1643 non
1549 1617 1665 1648 trisrari,
1679 1619 1724 1644 sed
1740 1623 1768 1645 et

985 1661 1102 1693 gaudere
1116 1660 1314 1688 incredibiliter
1339 1666 1465 1695 oportere
1486 1662 1573 1690 valide
1588 1662 1765 1690 atlirmamus.

985 1705 1053 1732 llinc
1066 1706 1136 1732 enim
1153 1707 1240 1733 curari
1255 1707 1376 1742 qumdam
1404 1708 1537 1742 promittit
1552 1708 1647 1735 beatus
1665 1709 1763 1738 Paulus

984 1753 1105 1780 clamans
1121 1761 1127 1778 :
1146 1762 1155 1778 ι
1174 1753 1239 1780 Dum
1252 1754 1408 1787 judicamur
1425 1762 1440 1781 a
1465 1755 1577 1781 Domino
1591 1756 1765 1790 corripimur.

985 1803 1013 1825 ut
1030 1807 1082 1826 non
1102 1807 1162 1825 eum
1179 1800 1228 1826 hoc
1247 1800 1345 1826 mutulo
1372 1801 1533 1826 damnentur
1549 1800 1580 1826 ".
1600 1810 1609 1826 ι
1630 1801 1765 1833 Quosdam

984 1851 1049 1871 vero
1073 1852 1179 1872 corona:
1207 1845 1293 1879 gratia
1317 1846 1490 1878 contendere,
1508 1846 1628 1872 divinum
1652 1849 1766 1872 testatur

985 1890 1123 1916 oraculum
1144 1897 1158 1916 a
1175 1890 1227 1916 Deo
1246 1890 1278 1916 ad
1293 1889 1344 1916 .Ioh
1371 1890 1528 1922 prolatum:
1545 1899 1554 1916 ι
1586 1890 1705 1918 Putasne
1724 1899 1766 1918 me

980 1933 1058 1960 aliter
1074 1934 1241 1968 respondisse
1257 1935 1314 1966 tibi,
1328 1941 1407 1968 quam
1424 1939 1453 1960 ut
1470 1935 1693 1969 appareasjuslus
1707 1935 1763 1962 εει»

982 1980 1052 2012 Quin
1070 1980 1149 2015 igitur
1160 1980 1216 2007 sive
1230 1980 1280 2007 hoc
1297 1981 1353 2008 sive
1367 1980 1411 2007 illo
1424 1988 1600 2008 exerceamur
1611 1982 1699 2016 modo,
1719 1981 1767 2010 bo-

984 2034 1018 2053 na
1040 2031 1112 2054 certe
1132 2027 1265 2054 nutrimur
1276 2035 1322 2062 spe
1334 2027 1518 2055 beatitudinis.

1065 2121 1170 2148 XCVII.
1183 2136 1217 2141 ——
1226 2120 1413 2150 TlllﬁODORO
1436 2121 1681 2151 SCIIOLASTICO.

518 2169 562 2197 Vis
574 2170 692 2197 veritatis
709 2174 747 2196 est
759 2168 880 2196 omnibus
893 2167 1073 2202 anteferenda.
1094 2167 1199 2194 Similia
1218 2167 1397 2194 Nazianzeni.

180 2227 226 2262 Μὴ
250 2227 298 2262 τὴν
315 2227 444 2262 ἀλήθειαν
468 2228 524 2258 τοῖς
545 2227 693 2261 ἐριστικοῖς
715 2226 805 2260 λόγοις
821 2225 926 2260 βιάζου,

1014 2225 1085 2253 Cave
1099 2225 1237 2252 veritatem
1246 2224 1422 2252 contentiosis
1434 2223 1517 2251 violes
1528 2223 1764 2258 disputationibus,

148 2272 216 2307 μηδέ
239 2272 388 2307 καθύϐριζε
409 2273 492 2307 αὐτὴν
511 2271 665 2304 συσκιὰζων
684 2272 764 2308 τέχνῃ
784 2272 927 2306 σοφιστικῇ

145 2316 195 2352 τὴν
209 2317 309 2352 ἀκριϐῆ
332 2316 446 2351 γνῶσινο
471 2317 538 2344 ἀλλὰ
561 2317 650 2343 πάντα
666 2317 778 2352 δεύτερα
802 2317 849 2343 τοῦ
866 2317 932 2352 ἀλη-

147 2361 209 2393 θοῦς
236 2362 398 2398 ἡγούμενος,
426 2363 616 2397 ἀκαπήλευτον
645 2362 692 2389 καὶ
720 2362 868 2389 ἀδέκαστον
881 2362 931 2397 τὴν

146 2409 210 2444 περὶ
223 2408 306 2435 αὑτοῦ
322 2408 412 2443 ψῆφον
426 2408 547 2443 ἔνεγκον.

298 2466 358 2499 bii’.
375 2481 411 2486 —
425 2466 625 2502 ΑΠΟΛΛΩΝΙῼ
640 2466 777 2501 ΓΕΩΡΓῼ.

184 2565 217 2593 Ἦ
245 2566 366 2602 γεωργία
387 2567 435 2594 καὶ
458 2568 611 2602 ἀναγκαία,
634 2568 681 2595 καὶ
707 2569 801 2595 πασῶν
825 2568 928 2603 τεχνῶν

147 2611 238 2646 μήτηρ
261 2611 320 2638 ἐστὶ
344 2612 391 2638 καὶ
412 2613 511 2647 τροφός
536 2613 603 2649 (88).
621 2611 657 2640 Εὖ
683 2613 731 2648 μὲν
758 2613 813 2648 γὰρ
843 2613 929 2648 αὐτῆς

182 2687 202 2703 ¹¹
219 2686 229 2714 Ι
246 2687 311 2715 Cor.
325 2696 364 2722 xl,
384 2688 430 2716 32.
469 2689 491 2704 ¹⁶
509 2688 560 2718 Job
580 2697 678 2723 sunt,
694 2689 740 2717 3‘2.

982 2278 1070 2304 neque
1104 2275 1162 2297 arte
1188 2270 1336 2305 sophistica
1354 2269 1456 2296 atlicias
1483 2269 1579 2303 injuria
1607 2275 1762 2296 accuratam

982 2317 1067 2351 ipsius
1081 2316 1276 2350 cognitionem,
1287 2315 1334 2342 sed
1348 2314 1439 2342 omnia
1456 2314 1559 2340 veritati
1580 2314 1764 2348 posthabenda

982 2367 1068 2393 ratus,
1083 2369 1134 2388 non
1150 2361 1338 2395 cauponando,
1364 2367 1451 2394 neque
1469 2360 1624 2387 muneribus
1640 2367 1763 2387 corrum-

980 2407 1067 2441 pendo
1081 2407 1241 2434 sententiam
1251 2405 1435 2440 iudiciumque
1456 2405 1488 2432 de
1503 2413 1534 2432 ea
1549 2404 1631 2432 feras.

1085 2462 1201 2490 XCVlll.
1211 2462 1448 2491 —APOLLONIO,
1461 2461 1658 2490 AGIllCOLtE.

797 2511 973 2546 Agricultura:
988 2509 1125 2537 laudatio.

1017 2565 1190 2601 Agricultura
1214 2569 1241 2592 et
1259 2565 1412 2592 necessaria
1428 2565 1455 2592 in
1482 2563 1587 2600 primis,
1604 2567 1630 2590 et
1650 2565 1761 2601 caetera-

983 2620 1042 2639 rum
1059 2618 1155 2646 parens
1181 2610 1328 2646 nutrixque
1345 2614 1387 2638 est
1403 2610 1511 2637 artium.
1530 2609 1578 2636 Illa
1604 2607 1702 2635 etenim
1722 2605 1763 2634 vi-

691 2764 808 2793 VARUE
828 2764 1020 2792 LECTIONES
1040 2763 1084 2791 ET
1097 2763 1214 2792 ΝΟΤᾹ).

179 2844 234 2881 (88)
260 2843 349 2881 Idem_
364 2843 512 2881 Xenophon
537 2843 563 2871 in
573 2842 770 2881 _tEcono_micis
795 2841 922 2881 disputat,

146 2875 303 2917 Γεωργικὴν
317 2879 372 2906 τῶν
396 2875 481 2907 ἆλὶᾶυν
503 2877 606 2913 τεχνῶν
634 2877 739 2913 μητέρα
762 2877 808 2904 καὶ
831 2875 930 2912 τροφὸν

977 2839 1058 2869 εἶναι.
1075 2840 1156 2868 Addit
1176 2839 1287 2867 Aristot.
1308 2839 1355 2866 lib.
1370 2846 1395 2866 vt
1413 2838 1507 2871 Potit.,
1523 2845 1582 2874 cap.
1598 2839 1624 2871 ι,
1645 2846 1696 2867 non
1719 2847 1763 2868 sn-

984 2876 1038 2903 lum
1056 2874 1198 2909 altricem,
1220 2875 1265 2903 sed
1285 2874 1446 2909 praecipuam
1469 2874 1549 2901 etiam
1575 2875 1678 2909 reipub.
1701 2881 1760 2903 esse
