2049 3164
150 169 217 202 1413

270 223 362 250 PMH’.
378 237 414 244 -—
432 222 566 258 -ΙΩΛΝΝῌ
584 222 814 262 ΣΧΟΛΑΣῚΊΚῼ.

605 167 872 200 EPISTOLARUM
892 165 964 195 LIB.
986 165 1019 195 V.
1038 177 1071 182 --
1091 165 1208 194 EPIST.
1225 162 1312 194 CLII.

1708 160 1778 194 MU]

1088 217 1224 245 CXLVIII.
1244 232 1278 237 —-
1297 215 1416 243 JUANNI
1437 215 1681 245 SCIIOLASTICO.

408 278 441 305 In
462 287 550 305 mensa
568 280 712 306 servandus
727 279 778 305 tibi
791 278 893 304 modus.
911 275 1028 303 Satietas
1044 274 1112 300 enim
1128 279 1150 300 et
1171 274 1314 301 insalubris
1325 279 1348 301 et
1361 274 1517 309 injucunda.

184 334 220 361 Τὸ
237 332 346 360 κυνικὸν
362 333 408 359 καὶ
424 332 555 368 θηριῶδες
576 332 630 359 τῶν
652 333 768 368 ὀρέξεων
781 333 830 367 οὐχ
849 332 940 357 ἑστια-

149 381 211 407 τέον
245 378 370 415 τραπέζῃ
408 378 559 410 πολυτελεῖ,
602 378 670 405 ἀλλὰ
698 379 754 409 τοῖς
781 377 942 411 ἀναγκαίοις

151 425 305 460 εῦωχητέον
321 433 327 440 ·
352 425 378 451 εἰ
392 432 423 458 γε
435 425 452 458 ἡ
468 424 570 458 εὐωχία
585 423 614 450 τὸ
635 421 664 450 εὖ
683 423 755 458 ἔχειν
772 422 879 458 μηνύει,
897 423 940 448 ἵνα

151 472 197 499 καὶ
208 472 312 507 ⁴ἥμερον
333 471 399 505 ἡμῖν
415 470 461 496 καὶ
477 469 620 505 χειρόηθες
635 469 759 504 γένηται.
774 469 805 495 υἱ
819 468 873 503 γὰρ
891 468 940 503 τὴν

152 517 318 552 αὐτάρκειαν
341 516 571 551 ὑπερνηχόμενοι.
597 515 645 542 καὶ
669 515 715 541 τὸν
737 514 818 549 κόρον
833 513 876 540 διὰ
892 513 940 547 τῆς

153 563 310 598 πλησμονῆς
335 561 487 597 ὑϐρίζουσι,
510 561 557 588 καὶ
578 560 626 592 τὰς
652 560 794 596 αἰσθήσεις
815 567 941 594 καταμα-

156 609 286 644 ραίνουσι,
303 608 350 633 καὶ
365 607 527 633 λανθάνουσι
551 605 595 633 διὰ
608 606 657 642 τῆς
675 605 772 641 ἡδονῆς
785 605 834 640 τὴν
845 603 942 639 ἡδονὴν

154 656 202 690 τῆς
222 654 324 690 τροφῆς
338 652 516 684 ἀπολλύντες.
877 650 887 660 ‘

258 752 348 780 me.
365 767 401 772 —
416 751 580 786 ΘΕΟΔΟΣΙῼ
606 749 835 785 ΣΧΟΑΑΣΤΙΚῼ.

1030 328 1149 356 Caninos
1171 334 1202 354 ac
1225 327 1319 354 brutns
1341 329 1474 361 appetitus
1487 328 1597 362 opipara
1622 334 1714 353 mensa
1733 333 1775 352 t‘c-

995 382 1089 402 creare
1110 381 1163 400 non
1189 373 1286 405 decet,
1311 373 1358 400 sed
1385 374 1545 400 necessariis
1569 378 1671 399 tantum
1693 376 1780 406 epnus

994 420 1141 452 utendum;
1163 419 1185 447 si
1209 418 1317 453 quidem
1339 426 1354 444 a
1374 417 1475 445 Grzecis
1498 418 1614 453 εὐωχία,
1638 417 1780 444 convivium

994 466 1072 500 quasi
1085 466 1147 492 bene
1158 465 1252 491 habere
1268 468 1313 490 aut
1325 464 1407 490 uiuere
1419 464 1551 498 designat,
1564 469 1592 490 ut
1604 470 1629 490 el
1645 463 1779 498 placidum

991 512 1037 538 ﬁat.
1071 519 1102 539 ac
1127 514 1295 537 mansuetum
1319 509 1396 535 vobis
1423 509 1586 535 convivium.
1627 509 1679 541 Qui
1703 508 1775 536 enim

991 557 1119 592 amplius,
1132 564 1213 590 quatit
1227 555 1293 582 satis
1306 559 1358 585 est,
1371 558 1490 586 sumunt,
1507 553 1542 579 illi
1557 558 1582 580 et
1598 555 1778 580 valetudinem

992 603 1072 630 nimis
1099 602 1232 637 epulando
1245 601 1344 627 violant
1357 621 1364 631 ,
1384 605 1411 627 et
1422 593 1518 626 sensus
1532 599 1712 633 cxstinguunt
1735 599 1782 625 ob-

995 649 1175 682 tunduntque,
1192 654 1241 674 nec
1255 647 1348 673 vident
1371 653 1429 673 sese
1442 646 1476 671 ob
1493 645 1603 671 nimiam
1624 645 1650 670 in
1674 649 1783 678 gustatu

993 693 1203 722 delectationem
1222 692 1357 725 voluptate
1379 690 1491 726 privari.

1064 746 1177 774 CXLIX.
1198 761 1234 766 ——
1253 744 1448 773 TIIEODUSIO
1465 742 1712 771 SCIIOLASTICO.

484 798 596 824 Pessimi
617 802 689 828 sunt,
705 797 749 831 qui
768 796 815 823 sub
831 795 915 830 specie
937 794 1008 826 boni,
1028 793 1093 820 mali
1110 798 1180 820 sunt.
1204 792 1316 819 Iustitia
1336 793 1454 819 colenda.

191 852 378 890 Κομψοψανὴς
393 852 440 878 καὶ
452 851 638 886 δικαιοφοινὴς,
651 851 681 877 οὑ
700 851 753 886 μὴν
766 850 858 876 δικαία
872 848 946 882 ἕδοξέ

1034 847 1182 882 Speciosa,
1201 855 1254 873 non
1272 851 1361 873 autem
1376 847 1449 881 ju5ta
1470 846 1534 873 mihi
1556 850 1599 872 tua
1618 852 1698 872 causa
1716 845 1784 877 visa.

158 910 203 936 μοι.
218 902 233 936 ἡ
249 899 323 926 αίτία
337 899 370 933 ἣν
384 898 537 932 γέγραφας.
561 896 665 923 Οὐκοῦν
685 897 709 923 εἰ
723 896 803 932 πείθῃ
821 895 945 922 Πλάτωνι

156 945 278 980 εἰρηκότι
291 951 297 958 '
318 953 327 969 (
343 938 428 973 Οὗτος
442 942 495 977 γὰρ
507 941 618 977 ἔσχατος
633 943 706 968 ἐστιν
723 942 784 976 ἦρος
793 940 901 971 κακίας,
915 939 946 965 τὸ

157 991 244 1017 δοκεῖν
253 989 356 1015 δίκαιον
366 986 435 1014 εἶναι
452 987 489 1022 μὴ
503 987 577 1014 ὄντα.
592 997 601 1012 ι
616 987 661 1022 Μὴ
675 986 710 1013 τὰ
721 985 860 1016 δοκοῦντα,
876 984 945 1012 ἀλλὰ

157 1036 191 1061 τὰ
220 1034 284 1060 ὄντα
310 1033 402 1059 δίκαια
426 1032 497 1067 θήρα
512 1041 519 1048 ·
544 1031 615 1058 οὕτω
637 1032 692 1066 γὰρ
721 1031 768 1057 καὶ
788 1032 801 1057 ὁ
818 1030 884 1062 Θεός
916 1038 945 1055 σε

158 1079 342 1110 ἐπαινέσεται,
364 1079 410 1106 καὶ
428 1077 567 1113 ἄνθρωποι
587 1077 772 1110 ἀποδέξονται,
794 1076 841 1102 καὶ
853 1077 867 1102 ὀ
885 1075 944 1102 διά-

158 1126 230 1156 ὃικος
243 1126 256 1152 ὁ
274 1124 320 1157 σὸς
336 1124 460 1160 εὐμερῶς
475 1123 650 1156 διακείσεται,
667 1123 775 1158 καὶτῆς
797 1121 945 1157 ἀπεχθείας

159 1170 327 1205 ἐπιλήσεται.
364 1176 368 1180 ·

386 1224 449 1251 PN’.
464 1239 498 1243 —-
512 1222 718 1250 XAIPHMONI.

999 893 1032 921 de
1047 900 1099 926 qua
1116 891 1225 919 scribis.
1252 891 1340 924 Quare
1355 890 1458 918 Platoni
1475 890 1547 918 dioto
1564 891 1601 917 sis
1616 890 1729 917 audiens
1746 891 1786 916 di-

999 938 1087 966 centi:
1108 932 1263 964 «Sumiuum
1280 937 1304 963 id
1324 945 1384 963 esse
1401 937 1589 972 improbitatis.
1604 937 1705 971 justum
1718 936 1787 962 valle

1000 983 1102 1015 videri,
1118 983 1163 1017 qui
1191 990 1244 1009 non
1261 982 1307 1009 sit.
1322 992 1330 1008 ›
1360 981 1419 1009 Noli
1434 990 1465 1009 ea
1484 990 1543 1016 quae
1561 987 1708 1016 apparent,
1738 983 1785 1009 sed

1000 1036 1060 1064 qua:
1075 1036 1169 1056 revera
1185 1028 1240 1055 sint
1266 1029 1333 1055 bona
1360 1029 1470 1056 sectari.
1499 1029 1536 1055 Ita
1554 1029 1617 1060 flet,
1639 1034 1666 1054 ιιι
1681 1033 1707 1054 et
1734 1028 1788 1054 Deo

999 1074 1117 1109 placeas,
1133 1073 1313 1109 hominesque
1328 1079 1353 1100 te
1364 1075 1587 1108 complecmutur,
1599 1079 1625 1101 et
1640 1075 1664 1101 in
1681 1075 1784 1109 judicio

1001 1119 1156 1153 disceptans
1182 1119 1286 1153 placide
1308 1119 1476 1154 benigneque
1489 1120 1658 1153 acquiescat,
1674 1119 1788 1146 oblivis-

1002 1169 1132 1199 caturque
1146 1165 1265 1191 animum
1283 1165 1440 1199 deponendo
1458 1165 1596 1192 infestum.

1222 1218 1275 1246 CL.
1297 1234 1329 1239 —
1348 1218 1575 1248 CIIAEREMONI.

515 1271 658 1304 Hortatur,
674 1275 703 1297 ut
716 1271 856 1305 insligatus
872 1269 1018 1304 resipiscat,
1035 1275 1066 1294 ne
1084 1275 1131 1300 pro
1150 1266 1287 1299 desperato
1301 1267 1438 1294 habeatur.

194 1328 241 1363 Μὴ
258 1327 372 1362 φαίνοιο,
395 1323 417 1352 ὦ
433 1325 566 1361 βέλτιστε,
592 1324 760 1360 ἀγριώτερον
781 1323 877 1355 νοσῶν,
904 1323 947 1357 ἐφ’

161 1372 257 1409 οἷσπερ
277 1373 356 1404 ἁλοὺς
384 1371 479 1408 πρώην
505 1371 583 1406 δίκην
610 1370 751 1401 δέδωκας·
778 1369 822 1395 ἵνα
849 1368 886 1404 μὴ
909 1368 947 1400 ὡς

162 1421 324 1456 ἀνάλγητος,
350 1419 397 1446 καὶ
431 1418 499 1454 μηδὲ
523 1418 557 1453 τῇ
583 1417 704 1452 τιμωρίᾳ
741 1415 946 1451 σωφρονισθείς,

161 1465 392 1501 καταγνωσθείης.

390 1519 478 1546 ΡΝΑ¹.
496 1534 531 1539 ——-
556 1519 599 1554 Τῼ
618 1518 720 1552 ΑΥΤῼ.

1037 1321 1075 1350 Ne
1092 1322 1221 1356 ferocius,
1241 1322 1359 1350 virorum
1375 1323 1474 1356 optime
1485 1344 1492 1356 ,
1517 1323 1640 1350 laborare
1658 1323 1787 1356 videaris,

1002 1376 1050 1403 pro
1063 1368 1161 1402 quibus
1175 1376 1261 1402 nuper
1276 1369 1400 1395 detentus
1415 1375 1509 1402 positas
1535 1369 1642 1401 dedisti,
1658 1377 1692 1396 ne
1706 1376 1789 1404 agno-

1003 1415 1090 1442 scaris
1119 1419 1148 1440 ut
1177 1414 1350 1448 intpoenitens
1365 1421 1397 1441 ac
1427 1421 1507 1448 poena
1535 1415 1647 1442 minime
1672 1415 1792 1442 redditus

1002 1461 1170 1495 prudentior.

1270 1514 1334 1542 CLI.
1355 1529 1390 1534 —
1413 1513 1529 1542 EIDEM.

379 1565 523 1598 Bonorum,
540 1573 592 1591 non
617 1564 746 1590 malorum
763 1563 879 1597 exempla
906 1561 1047 1588 imitanda.
1067 1560 1195 1595 Exempla
1217 1569 1267 1588 non
1287 1565 1413 1587 excusant
1437 1566 1581 1595 peccatum.

197 1614 265 1640 Κατ’
281 1613 354 1647 ἴχνος
368 1611 422 1647 χρὴ
438 1611 539 1646 βαίνειν
554 1610 608 1636 τῶν
628 1610 692 1640 τοὺς
706 1609 796 1640 θείους
821 1608 955 1643 φυλαξάν-

163 1669 217 1688 των
229 1660 338 1694 νόμους,
354 1658 422 1684 ἀλλὰ
438 1658 475 1692 μὴ
489 1657 542 1683 τῶν
554 1654 787 1690 παραϐεϐηκότων
802 1653 909 1685 αὐτούς·
925 1653 955 1680 τὸ

166 1708 215 1744 μὲν
233 1707 286 1742 γὰρ
301 1704 476 1740 ἀσφαλὲ;,.τό
491 1704 519 1730 δὲ
532 1703 677 1738 σφαλερὸν,
693 1703 732 1729 διὸ
747 1702 807 1728 οὐδὲ
822 1701 954 1735 ζηλωτόν.

165 1753 204 1779 Δι’
218 1752 251 1787 ἢν
266 1751 355 1777 αἰτίαν
365 1750 456 1776 τοίνυν
480 1749 594 1775 τοιαῦτα
617 1748 687 1783 δρῶν
700 1749 748 1774 οὐκ
764 1747 848 1781 ἀξιοῖς
862 1746 954 1773 δοῦναι

167 1799 245 1833 δίκην
259 1806 266 1830 ;
284 1796 378 1831 ἐπειδή
397 1804 468 1826 τινες
480 1795 629 1830 δράσαντες
646 1795 675 1821 οὗ
690 1794 838 1820 δεδώκασιν
854 1792 950 1819 ἐνταῦ-

168 1844 212 1871 θα.
239 1843 307 1869 Ἀλλ’
337 1842 403 1875 ἴσθι,
424 1842 464 1867 ὅτι
490 1840 582 1867 πολλοὶ
605 1840 654 1875 μὲν
679 1839 817 1866 κάνταῦθα
847 1838 953 1865 ἔδοσαν.

168 1889 241 1916 Εἰδέ
262 1897 334 1920 τινες
355 1888 493 1922 διέφυγον,
516 1887 561 1913 ἐπὶ
586 1885 662 1921 κακῷ
681 1886 731 1920 τῆς
748 1885 852 1911 ἑαυτῶν
868 1893 954 1918 κεφα-

167 1935 227 1970 λῆς·
244 1933 406 1964 ἀπελθόντες
418 1933 482 1967 γὰρ,
498 1933 557 1959 ἐκεῖ
567 1931 681 1959 δώσουσι
694 1931 887 1967 χαλεπωτέραν
897 1938 904 1946 ·
921 1931 953 1957 σὺ

169 1981 196 2007 δὲ
212 1980 294 2007 ὅτιτὸ
313 1980 452 2014 ἀζήλωτον
468 1979 618 2014 ὲζήλωςας,
642 1978 751 2013 μείζονι-ι
776 1977 884 2008 πάντως
905 1975 954 2012 μὲν

169 2025 237 2051 ἐκεῖ.
273 2024 343 2050 Ἐσθ¹
369 2024 413 2050 ὅτε
431 2023 459 2050 δὲ
484 2023 622 2053 κάνταῦθα
637 2023 714 2058 δίκην
737 2023 831 2058 δοίης”
848 2023 878 2049 οὺ
900 2022 954 2058 γὰρ

170 2070 198 2096 ετ
222 2078 249 2095 τι
277 2070 306 2096 ἐν
337 2071 392 2101 τοῖς
423 2069 624 2104 παρεληλυθόσι
653 2069 759 2104 χρόνοις
798 2069 954 2104 παράλογον

1044 1615 1143 1642 Eorum
1162 1616 1283 1651 vestigiis
1309 1616 1506 1648 insistendum,
1535 1617 1580 1650 qni
1601 1615 1718 1643 divinam
1743 1618 1794 1645 ob-

1007 1667 1150 1690 servarunt
1167 1662 1262 1697 legem,
1280 1670 1332 1689 non
1351 1662 1395 1696 qui
1413 1669 1471 1688 eam
1490 1663 1651 1696 transgressi
1667 1664 1794 1697 prmvari-

1007 1709 1058 1736 cati
1080 1714 1152 1735 sunt.
1185 1707 1251 1734 Illud
1270 1709 1342 1734 enim
1362 1712 1449 1734 tutum
1465 1712 1508 1735 est
1523 1716 1556 1735 ac
1577 1716 1700 1735 securum
1716 1717 1723 1742 ;
1741 1709 1794 1737 hoc

1007 1762 1070 1781 vero
1089 1754 1244 1788 periculosa:
1260 1753 1366 1787 plenum
1382 1762 1448 1788 opus
1463 1754 1542 1780 nlem:
1559 1761 1644 1788 quare
1662 1762 1713 1780 non
1730 1755 1794 1781 imi-

1007 1800 1127 1826 tandum.
1156 1799 1230 1826 Talia
1253 1799 1333 1833 igitur
1357 1803 1496 1834 patrantes
1514 1807 1566 1826 non
1599 1807 1695 1827 censes
1715 1807 1794 1834 paena

1006 1844 1112 1879 dignos,
1123 1844 1341 1878 quandoquidem
1359 1849 1503 1878 peccantes
1516 1844 1623 1879 quidam
1640 1845 1684 1872 hic
1701 1853 1795 1880 pinnas

1007 1897 1057 1917 non
1074 1890 1227 1923 dederunt;
1253 1889 1299 1916 sed
1322 1890 1392 1917 scias
1412 1890 1510 1918 mullos
1526 1891 1607 1917 etiam
1624 1891 1650 1918 in
1668 1891 1719 1918 hac
1735 1892 1791 1919 vita

1006 1943 1100 1970 poenas
1121 1935 1239 1963 dedisse.
1267 1934 1349 1970 599
1377 1935 1405 1962 Si
1424 1943 1488 1963 vero
1514 1943 1608 1970 poenas
1624 1936 1733 1971 quidam
1755 1937 1795 1964 ef-

1006 1981 1145 2016 fugerint,
1170 1981 1240 2009 malo
1257 1982 1338 2016 capiti
1354 1989 1446 2010 eorum
1470 1982 1645 2016 imminente,
1663 1984 1794 2011 abeuntes

1010 2029 1115 2055 tandem
1133 2028 1185 2055 vita
1202 2028 1312 2063 gravius
1327 2028 1361 2056 ibi
1388 2029 1544 2063 punientur.
1573 2029 1611 2055 Tu
1629 2036 1704 2061 vero,
1724 2031 1795 2064 quod

1010 2081 1062 2100 non
1078 2079 1136 2101 crat
1155 2074 1334 2107 imitandum,
1353 2075 1476 2108 imitans,
1493 2074 1616 2108 graviora
1631 2075 1743 2109 quidem
1759 2076 1796 2102 ibi

171 2115 295 2150 ἐπράχθη
313 2115 357 2150 (σὺ
374 2115 402 2141 δὲ
421 2114 493 2141 τοῦτ’
515 2113 678 2150 ὲζήλωσας),
697 2115 740 2141 διὰ
762 2115 834 2141 τοῦτ’
850 2114 950 2148 ἀποφύ-

1010 2119 1139 2154 patieris,
1160 2119 1267 2146 etiamsi
1295 2120 1338 2147 Itic
1363 2127 1469 2153 pmnnm
1492 2121 1561 2146 luas.
1593 2119 1650 2148 Non
1676 2121 1746 2147 enim
1773 2121 1796 2148 si

170 2170 240 2196 γοις,
268 2161 336 2187 ἀλλὰ
351 2160 440 2196 πολλῴ
459 2161 558 2195 μᾶλλον
575 2160 699 2191 δώκειας.
722 2160 826 2195 ’Ώῖττερ
849 2161 903 2196 γὰρ
932 2161 958 2187 εἴ

170 2216 213 2239 τις
243 2207 354 2234 ἐκείνων
388 2207 510 2242 προήλω,
544 2207 575 2233 σὺ
602 2207 659 2233 τάδ’
682 2207 731 2233 οὐκ
756 2206 788 2232 ἂν
824 2206 956 2243 ἔδρασαςσ

171 2254 258 2286 οὕτως
269 2253 302 2280 ἂν
315 2254 348 2280 σὺ
361 2252 443 2288 ἁλῷς,
457 2253 535 2283 ἄλλος
554 2252 583 2278 οὺ
597 2252 731 2286 δράσειεν.

283 2399 369 2426 PNB’.
389 2414 425 2418 —
443 2397 544 2433 ΦΙΛΕᾼ
562 2397 844 2434 ΠΟΛΙΤΕΥΟΜΕΝῼ.

1010 2164 1108 2198 elapsis
1126 2165 1293 2198 temporibus
1310 2164 1408 2191 malum
1426 2164 1489 2199 quiti
1516 2169 1650 2199 patratum
1678 2166 1717 2200 (tu
1733 2174 1798 2194 vero

1009 2209 1059 2236 hoc
1074 2217 1102 2236 es
1122 2209 1252 2245 imitatus)
1280 2215 1422 2244 propterea
1445 2210 1575 2244 el‘lugias,
1603 2211 1650 2238 sed
1677 2212 1798 2246 puuieris

1009 2255 1093 2281 multo
1109 2255 1203 2289 magis.
1237 2255 1269 2283 Ut
1287 2257 1358 2282 enim
1378 2257 1400 2283 si
1419 2257 1478 2290 quis
1507 2256 1611 2283 illorum
1635 2261 1714 2284 antea
1736 2266 1798 2285 reus

1011 2299 1122 2332 fuisset,
1140 2305 1166 2326 tn
1189 2300 1231 2327 illa
1250 2308 1302 2328 non
1321 2302 1505 2329 commisisses
1521 2311 1528 2335 ;
1557 2302 1597 2329 sic
1612 2309 1673 2329 cum
1694 2309 1721 2330 tu
1737 2312 1798 2331 reus

1013 2345 1107 2378 fueris,
1126 2346 1195 2373 alius
1212 2346 1237 2374 in
1255 2351 1392 2380 posterum
1412 2356 1464 2375 non
1480 2349 1642 2376 committet.

1113 2401 1189 2429 CLII.
1208 2417 1243 2424 -—
1263 2402 1402 2430 PIIILEIE
1424 2403 1528 2430 REMP.
1545 2403 1705 2432 GERENTI.

207 2444 354 2480 Expertum
367 2445 508 2471 vanitatem
523 2443 614 2478 gloria:
629 2445 769 2471 mundauw
783 2446 914 2477 hortatur,
931 2448 959 2471 ut
972 2451 1095 2472 a'ternam
1106 2447 1218 2480 ambiat,
1234 2456 1312 2483 quam
1328 2453 1351 2474 et
1366 2453 1467 2475 terrena
1483 2456 1549 2483 sa'pe
1565 2449 1751 2481 subsequatur.

207 2498 409 2534 Τεταραγμένῳ
422 2496 532 2529 δεινῶς,
552 2496 595 2523 διὰ
613 2497 642 2522 τὸ
658 2497 736 2531 δόξης
749 2497 891 2532 πολιτικῆς
913 2497 952 2523 δι-

173 2544 372 2580 ημαρτηκέναι,
388 2543 424 2574 ὡς
441 2543 589 2578 ἐπυθόμην,
601 2542 698 2574 ἔοικας.
712 2543 857 2578 Ἐννοήσας
868 2543 957 2571 τοίνυν

172 2591 219 2626 τὴν
233 2589 352 2621 εὐδοξίαν
369 2587 415 2614 τοῦ
431 2588 488 2623 βίου
503 2589 609 2621 τούτου,
620 2589 675 2615 τῶν
686 2589 810 2624 ἀραχνῶν
825 2590 872 2624 μὲν
883 2591 958 2616 εὐτε-

172 2637 316 2673 λεστέφαν,
329 2636 442 2671 ὀνείρων
454 2636 482 2662 δὲ
494 2635 693 2670 ἁδρανεστέραν
704 2655 711 2667 ,
726 2635 765 2665 εἰς
782 2635 827 2661 τὸν
845 2635 958 2670 ὑπερκό-

174 2690 251 2716 σμιον
274 2682 412 2716 μετάγαγε
431 2680 530 2707 σαυτοῦ
544 2680 590 2706 τὸν
605 2680 667 2706 νοῦν
678 2699 686 2712 ,
701 2680 746 2706 καὶ
765 2681 873 2714 στήσεις
893 2681 957 2716 ῥᾷον

172 2725 217 2753 τὸν
236 2726 348 2762 Θόρυϐον
364 2727 411 2761 τῆς
432 2726 532 2761 ψυχῆς.
555 2726 592 2752 Οὐ
609 2726 663 2761 γὰρ
687 2725 849 2760 ἀμφοτέρων
865 2727 959 2760 ὀρεγό-

176 2780 254 2806 μενον
265 2791 272 2804 ,
290 2772 452 2807 ἀμφοτέρων
464 2771 538 2797 ἐστιν
560 2772 698 2805 ἐπιτυχεῖν
712 2779 718 2784 ’
733 2771 825 2804 τυχεῖν
841 2771 889 2805 μὲν
904 2772 957 2805 ἀμ-

176 2814 295 2850 φοτέρων
309 2815 399 2848 ἐστιν,
411 2816 474 2842 ὅταν
493 2815 530 2849 μὴ
547 2815 708 2850 ἀμφοτέρων
719 2835 726 2847 ,
744 2814 812 2840 ἀλλὰ
829 2815 879 2849 τῆς
895 2816 958 2850 μιᾶς

176 2860 224 2896 τῆς
236 2861 268 2887 ἐκ
282 2860 334 2888 τῶν
345 2860 477 2896 οὐρανῶν,
491 2860 607 2896 ἐρῶμεν·
623 2860 786 2895 ἀμφοτέρων
803 2859 831 2886 δὲ
843 2861 957 2895 ἐρῶντα,

1048 2499 1174 2527 Graviter
1192 2501 1298 2527 turbato
1314 2501 1410 2528 similis
1426 2509 1455 2528 cs
1471 2502 1542 2536 quod
1560 2501 1631 2528 civili
1648 2501 1731 2535 gloria
1751 2509 1799 2528 ex—

1012 2545 1110 2572 cidisse
1126 2545 1162 2572 sis
1175 2546 1257 2572 visus.
1278 2546 1407 2573 Existima
1424 2546 1514 2580 itaque
1531 2546 1591 2573 vitae
1607 2546 1685 2580 hujus
1700 2547 1795 2573 bonam

1012 2591 1240 2618 existimationem
1271 2592 1331 2618 telis
1359 2600 1521 2619 aranearum
1550 2593 1698 2619 tenuiorem
1725 2599 1797 2625 osse,

1013 2635 1180 2669 somniisque
1196 2636 1281 2670 magis
1296 2637 1404 2663 exilem.
1425 2636 1454 2662 In
1471 2636 1590 2663 caelestia
1614 2636 1703 2670 itaque
1721 2643 1798 2662 men-

1012 2685 1067 2708 tem
1086 2686 1159 2708 tuam
1179 2682 1275 2716 dirige,
1294 2682 1430 2716 animique
1447 2681 1588 2708 tumultum
1609 2680 1688 2707 facile
1708 2680 1798 2714 placa-

1013 2727 1063 2753 bis.
1093 2726 1143 2759 Qui
1160 2727 1230 2754 cnim
1246 2732 1390 2761 utrumque
1409 2731 1535 2760 exoptat,
1556 2730 1652 2752 neutro
1668 2726 1796 2760 potietur.

1013 2771 1148 2805 Consequi
1165 2779 1228 2799 vero
1243 2777 1386 2805 utrumque
1402 2771 1500 2801 licebit,
1518 2770 1624 2804 quando
1637 2776 1690 2796 non
1705 2770 1797 2801 ambo,

1013 2817 1059 2844 sed
1087 2825 1128 2844 res
1146 2822 1249 2844 tantum
1265 2818 1389 2845 caelestes
1413 2817 1555 2843 adamarit.
1585 2815 1638 2849 Qui
1661 2815 1714 2842 duo
1728 2821 1797 2842 con-

1013 2867 1145 2896 sectatur,
1163 2867 1288 2891 neutrum
1302 2863 1373 2898 capit
1391 2863 1430 2899 (ut
1446 2863 1473 2890 in
1487 2862 1644 2895 venatione,
1662 2860 1793 2896 leporem)
