2049 3164
163 172 229 206 l-il‘!

603 172 871 204 EPISTOLARUM
891 167 964 201 LIB.
981 172 1014 202 V.
1034 184 1069 189 -
1085 172 1203 202 EPIST.
1222 171 1338 203 CLXII.

1717 172 1785 204 lilii

159 232 251 258 ικεῐνα
276 230 325 266 μὲν
337 231 396 267 γὰρ
419 230 596 266 ἀνελεύθερον
613 230 661 265 τὴν
683 229 788 264 ψυχὴν,
811 228 897 255 ταῦτα
919 229 947 255 δὲ

1001 236 1060 256 vum
1078 230 1195 256 reddunt
1210 230 1351 263 animum;
1369 229 1528 259 sumcientia
1543 238 1607 259 vero
1617 237 1693 266 reges
1708 231 1783 259 facit.

161 275 366 311 παρασκευάζει
385 276 517 311 βασιλίδα.

412 329 497 357 ΡΝθν.
522 344 556 349 -
579 328 699 364 nam.

1253 326 1342 354 CLIX.
1356 343 1391 348 —
1410 328 1534 356 PETIIO.

163 386 330 414 Pcccantium
345 394 438 422 genera
452 387 503 414 duo
518 389 717 421 comparantur.
728 385 760 412 In
775 385 841 412 illud
858 384 1061 453 Pttezlii‘tﬂogi..;,
1074 383 1108 410 '52
1121 391 1128 409 :
1149 392 1158 408 ι
1170 382 1231 410 Non
1246 383 1329 410 solum
1342 385 1387 418 qui
1402 393 1432 411 ea
1450 385 1560 419 faciunt,
1572 395 1580 411 ι
1598 391 1647 412 etc.
1665 385 1784 420 (Confer.

890 428 965 453 epist.
996 428 1035 445 ta.

193 484 285 513 Κακδν
312 484 361 520 μὲν
389 484 419 510 τὸ
443 484 628 520 ἁμαρτάνειν,
653 483 750 510 κάκιον
781 483 811 510 δὲ
837 483 867 509 τὸ
898 483 945 509 καὶ

160 532 351 566 ἁμαρτάνοντα
363 530 533 564 ἀναισθήτως
546 529 616 565 ἔχειν
627 537 633 544 ·
647 529 677 556 τὸ
687 529 714 555 δὲ
726 529 772 556 καὶ
789 529 838 564 τὴν
850 529 945 563 προαί-

162 585 235 611 ρεσιν
249 576 408 610 διεφθάρθαι
418 596 424 607 ,
438 576 484 602 καὶ
501 575 569 610 μηδὲ
582 575 630 610 τὴν
644 575 734 609 κρίσιν
747 575 801 601 τῶν
816 574 946 610 πραγμά-

160 630 213 647 των
228 620 299 656 ἔχειν
319 621 402 656 ὀρθὴν
413 641 419 652 ,
433 620 563 646 κάκιστόν
579 629 621 652 τις
635 621 748 652 εἰκότως
765 621 891 655 ὁριεῖται.
915 620 945 646 '0

162 667 211 701 μὲν
229 667 283 702 γὰρ
298 667 363 697 ἴσως
376 665 520 696 παύσεται.
538 667 552 692 ὁ
569 666 597 692 δὲ
615 666 741 700 αἴσθησιν
758 666 842 700 τυχὸν
860 665 945 700 λήψε-

159 721 203 738 ται
219 712 273 738 τῶν
289 712 469 746 τραυμάτων,
495 712 541 738 καὶ
564 711 655 746 ἰατρὸν
675 710 804 746 ζητήσει*
829 712 843 737 ὁ
864 711 892 737 δὲ
914 712 947 746 τῇ

160 756 245 791 κακίᾳ
268 755 364 790 ἥδιστα
394 755 584 790 ἐνδιατρίϐων,
612 755 658 781 καὶ
684 754 853 789 ἐγκωμιάζει
882 754 947 785 τοὺς

160 802 246 828 ταῦτα
268 801 397 836 δρῶντας.
416 800 492 835 ’Όσῳ
510 798 556 827 οὖν
583 800 680 835 χείρων
695 800 709 825 ὁ
733 800 770 834 μὴ
786 799 948 834 αἰσθόμενος

161 848 229 878 τέως
241 847 289 882 τῆς
303 847 379 873 νόσου
394 846 442 872 τοῦ
459 846 560 886 εἰδότος
575 846 615 872 ὅτι
631 847 714 878 νοσεῖ,
732 845 851 880 τοσούτῳ
867 845 949 878 χαλε·
965 859 986 886 Β

162 880 283 927 πώτερος
302 891 348 918 τοῦ
373 891 410 926 μὴ
433 880 594 925 αἰσθομένου
623 892 636 917 ό
660 890 707 916 καὶ
735 889 892 924 συνηγορῶν
915 889 948 924 τῇ

162 938 231 970 νόσῳ
244 946 250 952 '
271 937 318 963 καὶ
332 936 377 962 διὰ
392 936 471 963 τοῦτο
488 936 594 967 Παῦλος
611 935 662 970 ἔφη
675 943 682 951 '
703 943 713 960 (
733 935 769 961 Οὐ
788 934 868 969 μόνον
879 933 949 960 αὐτὰ

163 982 294 1013 ποιοῦσιν,
304 981 371 1008 ἀλλὰ
385 981 432 1008 καὶ
447 981 635 1007 συνευδοκοῦσι
653 981 708 1011 τοῖς
723 980 898 1014 πράττουσι.»
913 977 950 1004 Τὸ

163 1027 218 1062 γὰρ
236 1028 355 1053 ἐπαινεῖν
379 1026 424 1053 καὶ
448 1027 619 1062 συνηγορεῖν,
645 1025 692 1052 τοῦ
707 1026 838 1060 πράττειν
860 1026 950 1060 χεῖρον

163 1072 275 1102 είκότως
285 1071 404 1106 ὡρίσατο
413 1080 419 1086 ε
433 1072 502 1106 ὅπερ
514 1071 587 1102 τινὲς
601 1071 638 1107 μὴ
655 1071 779 1101 συνέντες
789 1090 796 1102 ,
808 1069 950 1105 ἑρμηνεῦ-

164 1127 208 1145 σαι
237 1117 430 1152 βουληοέντες,
464 1116 704 1152 παραπεποιῆσθαι
731 1117 877 1151 ἐνόμισαν,
904 1116 950 1142 καὶ

163 1163 248 1194 οὕτως
261 1163 328 1190 αὐτὸ
338 1162 417 1194 τάξαι
427 1163 477 1189 οὐκ
487 1163 614 1198 ὤκνησαν
626 1171 633 1178 ν
647 1172 655 1188 ι
666 1162 703 1189 Οὐ
715 1163 794 1197 μόνον
805 1163 829 1188 οἱ
845 1162 950 1188 ποιοῦν-

163 1217 208 1241 τες
224 1208 311 1240 αὐτὰ,
329 1209 396 1235 ἀλλὰ
419 1209 466 1235 καὶ
489 1209 514 1234 οἱ
537 1207 760 1239 συνευδοκοῦντες
782 1209 838 1239 τοῖς
862 1208 949 1243 πράτ-

162 1263 254 1282 τουσιν
266 1263 271 1270 ·
283 1264 292 1280 ι
304 1255 348 1282 ἵνα
359 1255 451 1290 μεῖζον
492 1255 522 1281 τὸ
532 1255 639 1286 ποιεῖν,
651 1255 701 1281 καὶ
713 1254 822 1280 ἔλαττον
836 1254 865 1280 τὸ
876 1262 950 1280 συν-

163 1300 308 1328 ευδοκεῖν.
332 1301 401 1326 Ἀλλ’
413 1301 565 1336 ἠγνόησαν,
579 1301 620 1327 ὅτι
634 1300 664 1326 τὸ
683 1300 731 1336 μὲν
748 1300 884 1336 ῥᾳθυμίας
897 1297 930 1334 ἦν
941 1319 948 1332 ,

163 1346 194 1372 τὸ
212 1346 239 1372 δὲ
257 1345 457 1381 διεφθαρμένης
478 1344 604 1380 γνώμης·
621 1345 668 1371 καὶ
682 1345 712 1370 τὸ
735 1345 784 1379 μὲν
802 1344 950 1380 παραλογι-

165 1391 244 1427 σμοῦ,
258 1392 289 1419 τὸ
302 1392 330 1418 δὲ
340 1392 457 1427 κρίσεως
468 1391 516 1426 οὐχ
528 1390 633 1425 ὑγιοῦς.
651 1391 679 1417 '0
695 1391 743 1426 μὲν
753 1389 807 1425 γὰρ
821 1389 950 1425 ῥᾳθυμῶν

164 1438 212 1465 καὶ
227 1438 402 1474 ὲρυθριάσει,
420 1438 467 1464 καὶ
488 1438 528 1468 είς
546 1436 690 1472 μετάνοιαν
706 1436 770 1468 ἴσως
791 1436 948 1463 ἐλεύσεται·

163 1483 216 1510 όδὲ
226 1483 274 1519 τὴν
286 1484 390 1510 οἰκείαν
400 1483 490 1518 ψῆφον
506 1482 707 1518 συνηγοροῦσαν
723 1482 792 1517 ἔχων
805 1482 843 1517 τῷ
857 1482 948 1516 πάθει,

1035 482 1162 516 Peccare,
1179 481 1278 509 malum
1293 485 1352 515 est;
1378 481 1508 514 deterius,
1526 489 1682 517 peccantem
1701 485 1783 513 veluti

999 535 1095 555 sensus
1107 533 1245 562 expertem
1261 527 1326 554 nihil
1344 527 1454 554 moveri.
1472 528 1579 554 Atvcro
1594 529 1638 562 qui
1654 535 1784 564 corrupto

996 572 1098 607 judicio
1114 573 1148 599 de
1173 574 1253 600 rebus
1277 573 1344 600 male
1360 573 1516 606 existimat,
1539 574 1610 601 buuc
1635 576 1784 608 pessimum

999 619 1060 653 quis
1083 619 1179 646 merito
1201 619 1314 651 iudicet.
1346 618 1452 646 Primus
1470 619 1583 646 forsitan
1607 627 1721 654 peccare
1739 622 1787 648 de—

1000 664 1092 697 sinet;
1110 664 1180 691 alter
1205 672 1313 698 quoque
1332 665 1473 690 vulnerum
1494 672 1574 692 sensu
1597 671 1716 700 recepto,
1732 673 1789 693 meo

1002 709 1091 736 dicunt
1116 714 1229 744 qnmret.
1248 710 1281 736 At
1305 710 1352 744 qui
1378 710 1404 736 in
1427 709 1529 736 malitia
1557 717 1617 737 cum
1647 711 1788 745 voluptate

1001 760 1144 787 versatur,
1162 755 1243 782 etiam
1271 755 1330 782 illos
1344 754 1480 786 laudabit,
1501 755 1546 789 qni
1571 755 1645 789 paria
1671 755 1785 783 faciunt.

1001 799 1084 834 Igitur
1105 805 1179 827 tanto
1191 801 1308 827 deterior
1327 808 1372 832 eo,
1395 801 1440 835 qui
1464 801 1588 827 morbum
1615 808 1668 827 non
1692 802 1787 833 sentit,

1001 851 1030 872 ut
1048 846 1101 878 ille,
1116 847 1162 881 qui
1180 847 1206 873 in
1223 847 1318 873 morbo
1333 847 1442 879 gaudet.
1460 846 1575 881 Ideoque
1590 847 1657 874 dixit
1670 846 1787 874 Paulus:

1004 900 1012 916 ι
1029 890 1085 917 Non
1109 891 1195 918 solum
1226 891 1268 917 illa
1291 890 1413 922 faciunt,
1437 891 1484 918 sed
1507 895 1534 918 et
1547 892 1721 918 consentiunt
1748 891 1789 918 fa-

1000 937 1142 964 cientibus.
1160 945 1169 961 ι
1199 935 1325 962 Laudare
1346 936 1419 962 enim
1442 940 1470 962 et
1494 936 1643 967 assentiri,
1670 935 1789 963 deterius

1000 988 1074 1012 csse,
1091 988 1171 1015 quam
1189 980 1293 1013 facere,
1315 980 1462 1007 verisimile
1484 980 1600 1007 videtur.
1628 980 1705 1013 Quod
1729 981 1789 1014 qui-

1000 1027 1060 1053 dam
1076 1034 1128 1053 non
1153 1026 1331 1061 intelligentes
1347 1033 1408 1052 cum
1423 1025 1574 1052 voluissent
1601 1026 1788 1060 interpretari.

1001 1072 1027 1099 id
1042 1072 1193 1098 adulterare
1208 1072 1257 1099 visi
1277 1076 1358 1104 sunt,
1372 1075 1399 1098 et
1415 1071 1451 1098 ita
1464 1071 1546 1098 verba
1564 1071 1608 1098 illa
1621 1073 1790 1099 constituere

1000 1118 1057 1145 aus‘i
1074 1120 1136 1144 sunt
1150 1127 1156 1144 :
1177 1127 1185 1142 ι
1198 1117 1255 1144 Non
1275 1121 1377 1144 tantum
1396 1117 1528 1144 facientes
1545 1117 1598 1149 illa,
1618 1118 1667 1144 sed
1683 1123 1709 1144 et
1723 1125 1789 1144 con-

1000 1164 1149 1191 sentientes
1160 1163 1339 1191 facientibus:
1354 1172 1364 1189 ι
1385 1168 1414 1190 ιιι
1429 1163 1545 1191 amplius
1557 1171 1618 1190 esse
1629 1166 1787 1196 ostendant,

1001 1211 1096 1245 facere,
1111 1211 1199 1238 minus
1207 1218 1283 1243 vero,
1294 1211 1449 1238 consentire.
1464 1210 1516 1238 Sed
1531 1211 1557 1238 bi
1571 1211 1659 1238 minus
1667 1211 1789 1239 animad-

1001 1260 1109 1282 vertunt
1133 1254 1218 1289 facere
1238 1253 1411 1290 negligentiae
1428 1262 1489 1283 esse
1512 1262 1613 1290 posse;
1638 1256 1790 1283 consentire

1001 1307 1074 1332 vero,
1085 1301 1182 1328 mentis
1195 1306 1339 1335 corrupta).
1357 1301 1424 1328 Illud
1436 1306 1477 1329 est
1492 1302 1604 1328 rationis
1616 1301 1787 1334 aberrantis;

1000 1346 1051 1373 hoc
1059 1354 1122 1373 vero
1131 1347 1226 1381 judicii
1239 1352 1280 1375 est
1296 1357 1349 1375 non
1364 1349 1435 1376 sani.
1452 1347 1483 1375 Et
1495 1349 1540 1383 qui
1556 1348 1714 1383 negligendo
1725 1355 1791 1382 pce-

1000 1393 1080 1424 eavit,
1090 1393 1172 1420 etiam
1183 1394 1331 1426 erubescit,
1345 1394 1424 1429 θοι
1435 1399 1461 1421 et
1471 1395 1504 1421 ad
1518 1394 1705 1429 pwnitentiam
1721 1394 1790 1421 forte

1000 1433 1186 1466 convertetur.
1213 1439 1312 1466 Verum
1330 1441 1374 1473 qui
1394 1448 1449 1466 suae
1474 1448 1522 1474 per
1538 1440 1627 1467 omnia
1644 1440 1791 1467 sententia:

1000 1484 1150 1519 acquiescit
1174 1485 1201 1512 in
1217 1492 1247 1512 ea
1266 1485 1407 1512 alIectione
1422 1493 1454 1512 ac
1473 1485 1679 1519 perturbatione
1692 1485 1788 1515 animi.

164 1529 227 1556 οὔτε
241 1530 370 1564 ἀφέξεται
382 1531 430 1565 τῆς
443 1529 552 1563 κακίας,
567 1528 627 1555 οὕτε
642 1528 809 1564 ὲρυθριὰσει,
822 1529 889 1556 ἀλλὰ
903 1529 950 1555 καὶ

1003 1534 1107 1556 tantum
1124 1530 1215 1560 abest.
1233 1535 1261 1556 ut
1275 1530 1398 1557 discedat
1412 1538 1426 1556 ιι
1444 1530 1525 1564 malo,
1540 1535 1587 1557 aut
1606 1529 1671 1557 facti
1688 1531 1790 1565 pudore

164 1576 363 1612 ὲναὸριινεῖται.

305 1632 311 1636 ’
339 1641 397 1669 PE’.
413 1656 450 1662 --
467 1639 567 1667 θΕοΝι
585 1640 768 1675 ΕΠΙΣΚΟΠῼ.

1003 1576 1138 1609 ducatur;
1157 1576 1277 1604 utetiam
1291 1576 1317 1603 in
1332 1584 1364 1603 eo
1377 1576 1515 1611 glorietur,
1529 1584 1613 1612 seque
1623 1575 1718 1611 iactet.

1163 1641 1241 1669 CLX.
1255 1657 1290 1663 —
1311 1641 1438 1669 TIIEONI
1458 1640 1634 1668 LPISCOPO.

235 1699 288 1733 Qui
302 1699 369 1726 alio:
381 1707 397 1725 ο
413 1703 517 1732 peccato
533 1705 622 1724 arcere
637 1697 722 1728 debet,
739 1701 763 1723 et
779 1696 832 1730 ipse
849 1701 946 1730 peccat,
967 1698 1067 1731 maiore
1087 1707 1162 1733 poena
1185 1699 1289 1734 dignus.
1307 1698 1424 1734 (Confer.
1441 1699 1516 1734 epist.
1536 1698 1586 1727 l96
1601 1704 1625 1726 et
1638 1697 1717 1732 250.)

200 1764 232 1790 Et
245 1762 325 1790 παντί
343 1770 392 1789 που
407 1761 485 1796 δῆλόν
498 1761 571 1787 ἔστιν
580 1780 586 1792 ,
602 1760 640 1791 ὡς
652 1760 666 1786 ό
679 1759 814 1794 κολαστὴς
827 1759 881 1785 τῶν
897 1759 953 1786 ἁδι-

164 1809 284 1836 κοὺντων
305 1808 415 1843 μείζονα
434 1807 513 1841 δίκην
532 1805 645 1837 εἰκότως
668 1804 726 1839 δοίη
747 1805 798 1837 ἂν,
814 1806 838 1831 εί
860 1814 952 1840 φωρα-

165 1855 225 1890 θείη
246 1853 333 1881 ταῦτα
352 1853 440 1888 δρῶν,
468 1852 485 1880 ἃ
513 1851 629 1879 κωλύειν
649 1850 759 1886 ἐτέρους
781 1850 899 1886 ἐτάχθη·
925 1851 951 1877 τί

166 1899 263 1926 σαυτὸν
288 1899 462 1933 φενακίζεις,
487 1897 525 1929 ὡς
555 1896 704 1932 λησόμενος
730 1895 776 1923 τὸν
802 1896 951 1931 ἀκοίμητον

162 1944 320 1981 ὁφθαλμάνς

397 2055 478 2085 ΡΞΑν.
496 2072 530 2078 -
553 2056 596 2091 ro
615 2055 717 2091 nm.

1038 1763 1078 1795 Si.
1093 1764 1163 1798 quod
1177 1764 1303 1791 onmibus
1322 1769 1364 1791 est
1375 1769 1478 1796 notum,
1496 1764 1541 1799 qui
1559 1763 1655 1791 debeat
1669 1763 1696 1791 in
1720 1763 1790 1790 alio-

1003 1815 1062 1834 rum
1084 1807 1224 1835 malefacta
1240 1808 1467 1840 animadvertere,
1485 1808 1705 1835 malefactoribus
1724 1808 1792 1842 ipsis

1004 1853 1113 1887 gravius
1142 1853 1293 1887 puniendus
1310 1859 1362 1884 est.
1391 1854 1412 1881 si
1433 1852 1523 1880 facere
1542 1853 1725 1888 deprehensus
1745 1853 1791 1886 sit,

1002 1905 1072 1932 qnte,
1092 1905 1125 1925 ne
1149 1898 1184 1925 ab
1206 1898 1260 1925 alio
1287 1899 1393 1932 tierent,
1426 1898 1571 1933 prohibere
1596 1898 1706 1931 debuit;
1731 1905 1790 1930 cur,

1002 1950 1103 1977 quaso,
1117 1943 1163 1971 tibi
1179 1944 1228 1979 ipsi
1243 1944 1386 1977 blandiris,
1403 1948 1532 1979 tanquam
1545 1944 1671 1979 eﬂ'ngeris
1683 1943 1789 1979 vigilem

1002 1990 1047 2017 Dei
1064 1990 1187 2017 oculum?

1253 2052 1348 2082 'CLXI.
1365 2069 1400 2076 -—
1412 2054 1443 2082 ΕΙ
1449 2054 1528 2083 DEM.

536 2112 673 2139 Privatum
693 2115 775 2139 vivere
784 2115 903 2146 prastat,
919 2118 996 2145 quam
1020 2110 1137 2138 omnium
1154 2112 1296 2138 monstrari
1311 2112 1410 2146 digitis.

201 2180 247 2207 Σοὶ
263 2179 323 2216 μὲν,
338 2178 376 2210 ὡς
391 2178 543 2214 γέγραφας,
559 2178 606 2204 τοῦ
627 2177 730 2213 μηδένα
744 2177 850 2210 ἀγνοεῖν
861 2183 867 2190 ⁸
881 2175 952 2211 ἄλλῳ

163 2226 196 2254 δὲ
213 2226 279 2257 ἴσως
300 2225 347 2252 τοῦ
364 2225 416 2251 ὑπὸ
445 2224 558 2259 μηδενὸς
576 2222 747 2257 ἀγνοεῖσθαι·
766 2221 827 2256 ἐμοὶ
850 2221 878 2247 δὲ
904 2220 951 2247 τοῦ

1041 2175 1100 2202 Tibi
1129 2176 1249 2211 quidem,
1278 2180 1307 2204 ut
1333 2177 1441 2208 scribis,
1469 2173 1542 2203 cura.-
1569 2177 1620 2204 fuit
1655 2178 1789 2206 neminem

1006 2221 1141 2255 ignorare,
1170 2223 1247 2250 alteri
1266 2231 1330 2250 vcro
1354 2223 1470 2250 fortasse
1494 2231 1508 2250 a
1537 2224 1645 2251 nemine
1659 2225 1789 2260 ignorari.

164 2272 268 2309 ἀρετῆς
288 2270 459 2306 ἀντέχεσθαι,
479 2271 503 2297 εί
523 2270 569 2296 καὶ
586 2269 678 2304 μηδεὶς
692 2267 843 2303 ἀνθρώπιον
858 2267 950 2301 γνοίη,

1006 2267 1068 2294 Mibi
1101 2275 1164 2294 vero
1194 2268 1282 2302 placet
1309 2268 1436 2294 virtutem
1460 2268 1510 2295 etsi
1527 2269 1652 2296 omnibus
1672 2270 1790 2304 ignotam

166 2318 335 2353 μεμέληκεν.
351 2317 469 2351 Πότερος
484 2314 529 2343 οὖν
549 2315 627 2350 ἡμῶν
642 2314 703 2340 νοῦν
719 2314 774 2349 ἔχει
796 2313 895 2348 μᾶλλον
908 2313 953 2347 se.

165 2363 308 2398 ῥωμένον,
334 2363 390 2393 τοῖς
409 2360 601 2395 ἐντυγχάνουσι
619 2358 823 2392 καταλελείφοω
839 2358 952 2392 κρίνειν.

322 2462 401 2490 PZB'.
419 2476 451 2482 —
465 2459 628 2495 Apnoxpa
643 2458 797 2493 ΣΟΦΙΣῚᾙ.

1007 2313 1106 2346 colere,
1122 2322 1203 2347 quant
1221 2322 1316 2341 omnes
1332 2322 1420 2346 nosse,
1433 2319 1459 2341 et
1472 2315 1596 2342 omnibus
1612 2321 1702 2343 notum
1720 2324 1790 2344 esse.
1845 2324 1847 2326 '

1008 2357 1073 2385 Uter
1087 2359 1168 2392 igitur
1191 2365 1312 2387 nostrum
1334 2360 1429 2387 melius
1450 2360 1563 2393 indicet.
1581 2361 1668 2390 cuivis
1692 2361 1793 2397 dijudi-

1006 2403 1120 2430 candum
1140 2404 1270 2438 relinquo.

1108 2458 1209 2487 CLXII.
1223 2472 1259 2479 --
1274 2459 1471 2488 IIARPOCRE
1489 2460 1681 2491 SOPIIIS’I‘IE.

160 2511 208 2538 De
225 2511 308 2538 tribus
325 2510 385 2535 υἱιω
401 2507 740 2543 Christiamrinet‘essariis,
755 2506 883 2543 oratione,
900 2506 1005 2538 uirtute,
1024 2514 1055 2533 ac
1068 2506 1129 2543 ﬁde,
1143 2512 1174 2543 ut
1186 2515 1263 2539 opera
1282 2516 1374 2535 cornus
1394 2514 1470 2536 sum:
1485 2509 1561 2543 ﬁdes,
1579 2510 1686 2540 anima;
1704 2509 1789 2536 oratio

206 2553 262 2572 vero
289 2549 408 2570 ornatus.
436 2543 474 2568 Ad
488 2544 541 2568 duo
559 2541 636 2568 Pauli
655 2543 711 2567 [ora
726 2550 735 2568 :
756 2550 764 2566 ι
782 2541 848 2567 Μαίη
868 2546 891 2567 et
915 2549 1041 2568 sermone.
1059 2551 1067 2567 ι
1087 2540 1129 2575 (II
1155 2541 1217 2569 Car.
1241 2550 1286 2575 νη,
1308 2543 1334 2569 8.

1339 2543 1348 2578 )
1371 2542 1426 2578 Et:
1445 2552 1454 2568 α
1476 2542 1558 2578 Opere
1583 2548 1607 2570 et
1633 2551 1759 2570 sermone.
1776 2553 1787 2569 ι

206 2579 247 2615 (II
263 2579 353 2606 Thess.
371 2586 401 2610 ιι,
418 2578 474 2612 I7.)
491 2577 522 2603 Et
542 2577 628 2604 illud:
646 2586 654 2602 ι
671 2575 750 2603 Fides
766 2577 821 2603 sine
833 2577 953 2609 operibus
966 2580 1069 2602 mortua
1083 2581 1132 2604 est.
1154 2586 1164 2602 ι
1181 2576 1251 2612 (Jac.
1268 2586 1298 2609 ιι,
1313 2577 1351 2613 7.)
1367 2577 1446 2613 Conf.
1461 2575 1537 2613 epist.
1550 2579 1614 2607 281.

204 2643 279 2670 Θεῖον
302 2642 351 2677 μὲν
365 2651 406 2668 τοι
422 2641 516 2676 χρῆμα
531 2642 545 2667 ὁ
563 2640 641 2674 λόγος
652 2649 658 2656 ·
679 2640 749 2667 οεῖον
764 2640 818 2675 γάρ
832 2641 886 2666 ἐστι
903 2639 949 2665 δῶ-

154 2696 232 2724 ρον,
247 2688 294 2714 καὶ
316 2688 346 2713 ἐκ
367 2685 479 2720 λογικῆς
498 2684 657 2720 τικτόμενον
680 2685 784 2719 ψυχῆς,
807 2684 841 2710 δι’
857 2684 889 2718 ἦν
906 2683 953 2710 καὶ

149 2734 246 2767 λόγος
269 2733 406 2759 καλεῖται·
425 2731 512 2765 ψυχῆς
528 2731 582 2766 γὰρ
604 2730 717 2765 λογικῆς
741 2731 798 2756 ὲστι
824 2729 923 2760 σκοπὸς
939 2729 954 2755 ὸ

148 2778 258 2811 λόγος.
281 2777 326 2803 Διὺ
342 2776 388 2802 καὶ
403 2775 457 2801 τῶν
472 2775 558 2802 ἄλλων
573 2774 650 2806 ζώων
665 2774 895 2809 πλεονεκτοῦμεν
916 2773 954 2806 ὠς

149 2824 225 2854 τοῖς
237 2831 268 2857 γε.
282 2822 447 2857 σωματικοῖς
460 2821 675 2856 πλεονεκτήμασι
690 2821 737 2847 καὶ
750 2820 851 2856 σφόδρα
865 2819 954 2846 αὐτῶν

148 2868 318 2903 λειπόμεῦα
339 2868 386 2894 καὶ
406 2868 500 2902 τάχει,
516 2867 563 2893 καὶ
588 2866 684 2903 ῥώμῃ,
699 2869 744 2894 καὶ
759 2867 886 2903 μεγέθει,
908 2867 955 2893 καὶ

331 2915 466 2944 ΡΑτιιοι..
483 2913 542 2944 Gn.
560 2914 724 2945 LXXVIII.

1042 2641 1137 2669 Divina
1151 2642 1272 2676 quaedam
1288 2650 1330 2670 res
1342 2644 1430 2671 oratio
1443 2647 1484 2670 est
1501 2652 1507 2670 :
1523 2644 1621 2670 donum
1633 2643 1703 2670 enim
1719 2643 1789 2670 divi-

1004 2695 1067 2714 nnm
1085 2692 1135 2717 est.
1163 2693 1189 2715 et
1220 2696 1253 2715 ex
1280 2690 1370 2715 anima
1391 2690 1496 2716 ratione
1516 2689 1626 2723 praedita
1650 2690 1787 2724 genitum;

1004 2732 1075 2759 unde
1091 2737 1118 2760 et
1137 2732 1218 2766 λόγος
1230 2733 1310 2759 dicta.
1325 2732 1392 2760 Nam
1405 2735 1492 2760 oratio
1503 2741 1550 2760 seu
1564 2741 1653 2759 sermo
1669 2734 1787 2760 rationa-

1004 2777 1036 2804 lis
1054 2782 1095 2806 est
1106 2779 1203 2805 anima:
1226 2779 1391 2814 explorator.
1406 2778 1493 2811 Quare
1511 2782 1538 2805 et
1561 2779 1611 2805 alia
1641 2778 1787 2806 animantia

1004 2830 1174 2858 superamus,
1189 2832 1251 2859 quae
1265 2829 1293 2852 et
1309 2825 1431 2860 corporis
1445 2832 1493 2851 nos
1502 2825 1612 2851 vincunt
1622 2823 1786 2855 conditione,

1005 2869 1135 2904 valdeque
1156 2877 1171 2897 α
1188 2874 1263 2905 tergo
1289 2878 1338 2899 nos
1365 2871 1530 2906 relinquunt,
1558 2875 1588 2898 ut.
1605 2869 1736 2904 agilitate,
1755 2876 1786 2896 ac

1589 2912 1626 2945 45
