2049 3162
190 163 258 197 ιιεδ

629 163 893 196 EPISTOLARUM
912 166 983 195 LIB-
1006 166 1038 197 ν.
1059 180 1091 183 -
1104 167 1221 198 EPIST.
1243 168 1352 198 CLXX.

309 219 389 248 μεθ’.
410 235 444 240 --
458 221 654 256 ΑΠΟΛΛΩΝΙῼ
668 223 852 257 summus.
985 228 1007 255 Α

1741 168 1808 200 1526

1132 223 1248 252 CLXlX.
1263 240 1298 245 —-
1316 223 1508 253 Al’OLLONlO
1529 223 1704 254 EPISCOPO.

190 279 319 306 Hortatur
333 283 360 306 ut
378 279 466 315 virtuti
481 279 583 306 studeat
598 279 652 306 sine
662 280 852 315 ostentatione;
869 279 1008 315 ostentatio
1021 278 1209 315 ettim_pdiunt,
1223 281 1358 307 humilitas
1373 281 1490 315 favorem
1502 281 1646 314 conciliat;
1663 290 1708 309 nec
1726 282 1808 309 uirtus

381 314 442 340 solis
456 314 540 340 instar
556 314 601 340 diu
615 315 694 340 latere
710 319 803 348 potest.
820 313 936 349 (Confer.
963 313 1070 348 σπείων.
1089 313 1214 348 Μίδωνι,
1234 323 1291 349 cap.
1308 316 1353 348 ‘24,
1373 313 1421 343 iib.
1439 317 1476 344 De
1493 315 1624 352 virginil.)

224 368 254 393 El
270 366 316 394 καί
329 374 400 397 τινες
414 366 467 393 τῶν
483 367 525 393 σο).
546 366 791 402 συνδιατριψάντων
807 367 901 394 σὸἐσαι
920 377 971 403 μου

187 413 236 448 τὴν
252 412 298 438 ἐπὶ
312 411 342 438 τὸ
357 412 508 438 ἐπιστεῖλαί
525 421 566 438 σοι
579 412 667 448 ὁρμὴν
678 412 843 448 πειρώμενοι
858 413 972 448 ἔφασαν,

187 459 225 490 ὦς
237 459 300 490 τοὺς
314 458 364 493 μὲν
382 458 578 489 κολακεύοντας
593 458 662 492 ἄγαν
678 459 776 493 τιμᾷς,
794 459 848 485 τῶν
858 460 886 486 δὲ
901 468 973 494 συμ-

187 504 368 531 ϐουλευόντων
394 505 584 538 καταφρονεῖς.
617 503 686 529 Ἀλλ’
716 504 765 539 ἐμὲ
792 505 842 530 οὐκ
870 504 902 531 ἄν
930 513 973 536 τις

188 550 318 582 πείσειεν,
335 549 373 581 ὡς
390 547 444 576 οἷόν
461 557 490 576 τε
507 549 563 584 (εδ)
583 549 710 577 τοσοῦτον
726 550 772 576 καὶ
787 551 820 585 τῇ
841 551 972 586 φρονήσει

188 596 302 627 καὶτοῖς
315 595 407 630 ἔργοις
416 595 576 630 διενεγκεῖν,
591 595 624 630 ἢν
639 596 676 631 μή
691 604 733 627 τις
749 594 803 622 τῶν
824 596 873 631 μὲν
885 596 973 632 μαθη-

187 641 246 676 τὴς,
266 641 320 668 τῶν
336 641 364 667 δὲ
378 641 526 676 ἀκροατὴς,
542 641 596 668 τῶν
611 641 639 668 δὲ
651 641 764 677 εὑρετὴς
775 642 907 678 τυγχάνῃ.
925 643 974 670 Διὰ

188 687 275 714 ταῦτα
289 687 338 722 μὲν
350 685 396 714 οὖν
405 687 548 714 ἐπέστειλα
559 696 565 702 ·
577 688 601 714 εί
614 687 643 714 δὲ
657 688 973 723 παρρησιαστικώτερον,

189 734 206 770 ἢ
223 735 247 760 oi
263 733 482 769 πεπλησιακότες
506 733 561 769 (24)
579 742 619 760 σοι
639 735 738 769 γράφω
751 754 758 766 ,
777 733 814 769 μὴ
830 733 873 760 διὰ
894 733 973 760 τοῦτο

190 779 342 815 θορηὸηοῇς
352 787 359 794 ⁶
376 779 445 806 ἀλλὰ
458 780 490 806 δι’
505 779 570 806 αὑτό
586 788 618 814 με
633 780 711 806 τοῦτο
725 778 853 811 ἀπόδεξαι
866 800 872 812 ,
888 779 929 805 ὅτι
943 779 974 806 τὸ

191 825 293 860 πρέπον
309 825 369 860 ἐμοὶ
383 825 435 860 πρὸ
448 825 494 851 τοῦ
510 825 693 860 συμφέροντος
707 824 870 859 enduriva
885 833 911 851 τι
926 822 973 852 οὖν

1062 367 1117 395 Etsi
1143 375 1237 395 eorum
1272 370 1394 403 quidam,
1420 371 1465 405 qui
1498 375 1585 399 tecttm
1610 377 1672 400 sunt
1697 372 1808 404 versati,

1026 415 1151 441 dixerunt
1165 415 1252 449 reipsa
1270 414 1339 441 idem
1356 417 1470 450 experti,
1485 417 1617 451 restingui
1630 425 1718 444 meutn
1733 418 1765 444 ad
1783 423 1809 445 te

1024 460 1159 488 scribendi
1172 460 1313 496 itnpetum,
1327 462 1398 495 quod
1414 462 1497 488 nimio
1508 467 1692 490 assentatores
1708 463 1810 490 honore

1025 505 1139 539 aflicias,
1158 506 1300 534 consilium
1322 514 1386 534 vero
1400 515 1493 534 sanum
1512 508 1607 535 dantes
1626 513 1784 536 coutcmuas
1800 518 1807 535 :

1024 558 1105 578 nemo
1117 555 1207 578 tamen
1225 551 1290 579 mihi
1315 550 1395 579 facile
1417 552 1582 586 persuaserit
1597 553 1657 581 illos
1671 561 1751 586 posse
1767 553 1809 580 vcl

1024 595 1165 630 prudentia
1179 595 1221 622 vel
1236 595 1362 630 operibus
1376 599 1481 622 tantum
1494 595 1594 628 valere,
1607 595 1658 622 nisi
1675 595 1716 622 vel
1728 595 1810 622 disci-

1024 641 1103 676 pulus
1122 641 1164 668 vel
1178 641 1296 673 auditor,
1313 641 1354 668 vel
1370 641 1486 675 denique
1500 640 1624 667 inventor
1638 640 1727 667 fuerit.
1742 640 1808 666 Pro-

1027 690 1121 721 pterea
1134 686 1191 714 lure
1209 686 1242 713 ad
1257 691 1283 713 te
1306 685 1414 720 scripsi.
1443 685 1519 719 Quod
1542 684 1568 713 si
1587 685 1698 712 liberius
1719 685 1807 719 paulo.

1026 738 1108 767 quam
1130 731 1167 758 tui
1186 731 1334 758 familiares
1355 730 1452 769 solent,
1470 731 1504 758 ad
1534 735 1560 758 te
1574 731 1675 763 scribo,
1696 738 1730 757 ne
1747 737 1810 768 pro-

1027 782 1117 812 pterea
1130 777 1257 809 turberis,
1270 777 1317 804 sed
1335 784 1367 804 eo
1379 783 1421 804 me
1435 776 1563 811 approba,
1580 777 1650 811 quod
1666 769 1808 803 honestum

1026 830 1073 850 seu
1090 822 1217 850 decorum
1234 822 1291 849 utili
1305 830 1319 849 a
1333 830 1375 850 me
1387 823 1513 857 anteponi
1534 821 1611 850 solet.
1624 822 1698 855 Quod
1719 822 1809 855 itaque

191 870 320 905 βούλομαι
341 871 439 902 εἰπεῖν,
466 870 564 896 αὐτίκα
589 869 661 905 μάλα
683 870 841 905 εἰρήσεται·
866 870 895 896 οὺ
919 871 973 906 γὰρ

1028 876 1148 896 censeant
1166 868 1320 901 dicendum,
1334 868 1408 896 brevi
1429 869 1581 903 expediam.
1593 867 1650 896 Non
1665 869 1735 896 enim
1750 876 1809 896 ver-

190 915 418 951 προκατασκευῆς
433 915 538 941 δέονται
550 915 575 941 οἱ
592 915 680 950 σοφοὶ,
694 915 761 942 ἀλλὰ
777 915 807 942 τὺ
820 915 902 941 καλὸν
916 916 973 942 ἁτε-

189 960 260 995 χνῶς
282 960 451 995 ἐπιτηδεύειν
466 959 603 987 εἰώθασιν.
620 960 650 986 El
666 960 716 995 τὴν
735 961 835 996 ἀρετὴν
859 960 974 994 ἀσκεῖς,

192 1007 230 1042 μὴ
247 1005 286 1041 τῷ
309 1005 511 1032 ἐπιδείκνυσθαι
533 1005 675 1040 ἀμαυροῦν
696 1005 727 1032 τὺ
750 1006 850 1040 ταύτης
875 1006 972 1038 κάλλος

190 1052 298 1086 ἀνέχου.
315 1051 394 1085 Μέγα
413 1051 461 1086 μὲν
478 1050 532 1086 γὰρ
554 1050 651 1086 ἀρετὴ,
677 1051 733 1077 ἀλλ’
749 1051 814 1078 ὅταν
828 1052 910 1087 ἑαυτῇ
938 1051 976 1087 μὴ

193 1099 330 1134 μαρτυρῇ,
361 1096 462 1132 μείζων
491 1097 538 1124 καὶ
562 1097 715 1132 ὡραιοτέρα
743 1098 798 1128 τοῖς
823 1097 977 1133 ἀνθρώποις

190 1143 326 1170 δείκνυται
342 1142 408 1177 (25),
427 1142 458 1168 Et
473 1141 501 1168 δὲ
516 1141 634 1176 νομίζεις
657 1141 796 1176 λήσεσθαι,
818 1143 841 1168 εί
863 1142 900 1177 μὴ
915 1143 976 1168 ἐπι-

191 1182 290 1221 δείξαιο
302 1210 309 1221 ,
335 1187 488 1214 τούναντίον
512 1187 616 1222 νόμιζε,
635 1187 675 1214 ὅτι
689 1187 749 1214 τότε
764 1187 893 1223 λάμψεις,
911 1189 975 1216 ὃταν

193 1234 230 1270 μὴ
255 1233 408 1265 ἐπιδείξαιο.
441 1233 591 1259 Φιλόνεικον
617 1233 671 1268 γάρ
702 1241 761 1264 πως
783 1233 812 1259 τὸ
838 1233 892 1259 τῶν
928 1234 976 1260 ἀν-

192 1279 308 1316 θρώπων
338 1279 416 1313 γένος
439 1278 510 1305 ἐστί’
532 1278 580 1304 καὶ
602 1278 669 1313 πρὸς
688 1278 736 1313 μὲν
754 1279 816 1309 τοὺς
842 1278 978 1313 μεγαλαυ-

191 1326 305 1363 χοῦντας
322 1324 576 1360 ὰντιστρατεύεται,
604 1325 659 1354 τοῖς
686 1324 714 1350 δὲ
741 1323 885 1350 ταπεινοῦν
913 1324 977 1350 ἐαυ-

191 1373 254 1404 τοὺς
283 1371 462 1403 σπουδάζουσι
502 1369 560 1404 μεθ’
589 1369 686 1404 ἡδονῆς
724 1370 857 1404 ἡττᾶται·
888 1370 979 1396 κάκεί-

192 1427 247 1451 νοις
277 1419 325 1454 μὲν
346 1417 506 1445 ἁναστέλλον
532 1416 621 1444 αὐτῶν
649 1416 679 1442 τδ
701 1416 852 1451 φιλότιμον,
881 1416 979 1443 καὶτὰ

193 1464 232 1500 μὴ
258 1463 392 1499 προσόντα
418 1462 611 1499 προστρίϐεται
636 1462 728 1489 κακά·
754 1461 860 1493 τούτοις
881 1462 910 1488 δὲ
931 1462 978 1489 καὶ

192 1511 226 1538 τὰ
248 1511 285 1546 μὴ
303 1510 439 1545 προσόντα
458 1509 620 1544 ἑπιφημίζει
646 1508 726 1535 καλά.
745 1508 850 1540 Ἀλλως
867 1508 896 1535 δὲ
915 1508 976 1535 οὐδὲ

193 1538 292 1592 ἀρετὴν
306 1538 362 1582 οίόν
376 1564 406 1582 τε
422 1538 522 1586 λαϐεῖνζ
538 1538 605 1581 3m
623 1554 674 1580 κᾶν
691 1553 759 1589 πρὸς
776 1538 866 1588 ὀλίγον
889 1553 978 1589 φθόνῳ
992 1538 1013 1567 C'

194 1600 369 1635 ὲπισκιασοῇ,
386 1598 464 1631 αὖθις
477 1598 632 1633 ἀναλάμπει
644 1620 650 1630 ,
669 1598 715 1624 καὶ
733 1598 786 1624 τῶν
804 1599 979 1626 ἐπισκιασάν-

193 1654 246 1672 των
252 1645 464 1681 κρατεῖ.Ὣσπερ
472 1644 526 1680 γὰρ
533 1643 563 1670 τὸ
570 1643 627 1678 φῶς
637 1643 685 1678 οὐχ
691 1642 746 1669 οἷόν
753 1652 782 1670 τε
790 1642 979 1676 λαθεῖν,οὖτως

193 1691 253 1717 οὐδὲ
276 1690 324 1726 τὴν
339 1690 440 1725 ἀρετήν
451 1698 457 1705 ·
474 1690 521 1715 καὶ
536 1688 622 1715 ταῦτα
639 1688 686 1722 μὲν
710 1687 829 1723 λελέχθω
851 1689 915 1724 περὶ
928 1689 978 1723 τῆς

193 1737 247 1765 τῶν
262 1737 412 1773 ἀνθρώπων
424 1736 525 1771 ψήφου.
550 1735 582 1762 El
603 1735 631 1761 δὲ
650 1735 697 1761 καὶ
711 1735 760 1769 τὴν
777 1734 852 1761 θείαν
877 1734 979 1766 ἐθέλεις

195 1783 301 1818 μαθεῖν,
318 1782 390 1817 ἔχεις
403 1783 430 1808 ὲν
442 1783 496 1813 τοῖς
513 1780 595 1812 θείοις
608 1779 785 1814 Εὐαγγελίοις
796 1780 830 1807 τὰ
846 1780 916 1807 κατὰ
932 1781 979 1808 τὸν

193 1829 340 1864 Φαρισαῖον
360 1828 407 1856 καὶ
426 1828 471 1856 τὸν
493 1826 614 1862 τελώνην
637 1826 771 1863 λαμπρῶς
788 1826 979 1863 στηλογραφη-

195 1874 284 1901 θέντα.

430 1971 491 1998 po’.
512 1985 546 1991 —
562 1971 721 2008 ΤΙΜΟΘΕῼ.

1027 912 1122 940 borum
1142 913 1278 948 sapientes
1294 914 1413 949 indigent
1435 919 1579 949 apparatu,
1597 915 1644 941 sed
1666 913 1808 941 honestum

1028 959 1088 986 sine
1107 958 1172 986 fuco
1184 961 1338 987 consectari
1353 965 1562 988 consueverunt.
1583 959 1664 995 605
1679 960 1707 987 Si
1723 960 1810 986 virtu-

1030 1009 1081 1032 tem
1093 1011 1213 1037 exerces.
1227 1012 1260 1032 ne
1271 1005 1329 1040 ejus
1339 1005 1475 1034 obscurari
1487 1005 1710 1040 pulchritudinem
1719 1010 1810 1033 osten-

1029 1051 1129 1078 tatlone
1153 1050 1300 1078 sustineas.
1326 1050 1419 1087 Magna
1449 1051 1559 1086 quidem
1574 1058 1619 1079 res
1645 1051 1733 1079 virtus
1755 1056 1808 1084 est,

1027 1096 1075 1123 sed
1089 1097 1198 1130 quando
1212 1096 1262 1123 sibi
1275 1097 1381 1124 laudem
1401 1104 1455 1124 non
1467 1096 1619 1131 impertitur
1637 1097 1704 1132 ipsa,
1723 1097 1810 1132 major

1030 1143 1057 1168 et
1075 1141 1216 1169 venustior
1245 1146 1357 1176 apparet
1380 1142 1544 1170 hominibus.
1581 1141 1610 1169 Si
1635 1149 1700 1169 vero
1731 1146 1809 1176 putas

1027 1187 1159 1214 occultam
1182 1187 1250 1219 fore,
1267 1186 1318 1214 nisi
1334 1191 1493 1220 ostentelur,
1505 1187 1670 1214 contrarium
1686 1187 1732 1214 tibi
1747 1194 1809 1222 per-

1028 1233 1121 1265 suade,
1146 1234 1217 1267 quod
1243 1237 1306 1259 tunc
1335 1232 1417 1260 etiam
1450 1233 1614 1267 splendebis,
1637 1241 1697 1260 cum
1714 1240 1766 1260 non
1784 1237 1810 1260 te

1027 1278 1185 1306 ostentabis.
1202 1278 1309 1305 Etenim
1328 1278 1473 1306 humanum
1489 1285 1573 1313 genus
1583 1278 1731 1305 animosius
1745 1285 1810 1306 cou-
1848 1294 1858 1302 ι

1029 1324 1225 1358 tentiosiusque
1236 1328 1288 1356 est,
1301 1328 1328 1351 et
1339 1323 1572 1358 arrogantioribus
1588 1325 1695 1358 quidem
1714 1325 1809 1352 adver—

1029 1376 1115 1403 satur,
1129 1378 1158 1398 se
1172 1378 1236 1398 vero
1250 1369 1394 1397 ltutniliare
1407 1370 1578 1405 cupientibus
1598 1378 1658 1397 cum
1676 1370 1811 1404 voluptate

1029 1415 1109 1443 cedit.
1139 1415 1171 1442 Et
1187 1414 1239 1442 illis
1264 1416 1370 1450 quidem
1393 1416 1580 1450 arrogantibus
1609 1415 1702 1449 objicit
1725 1416 1812 1443 laudis

1029 1461 1147 1488 studium
1166 1461 1289 1492 nimium,
1308 1468 1421 1495 quaeque
1435 1460 1553 1488 nondum
1568 1462 1609 1488 eis
1630 1462 1727 1488 adsunt
1741 1461 1810 1488 mala

1029 1507 1154 1534 attribuit
1172 1515 1178 1533 :
1203 1506 1350 1534 humilibus
1370 1513 1435 1534 vero
1457 1507 1538 1533 etiam
1567 1514 1626 1541 quze
1643 1514 1695 1534 non
1715 1507 1812 1534 adsunt

1030 1553 1110 1586 bona,
1128 1559 1240 1587 quaeque
1257 1552 1403 1580 obscurare
1421 1555 1564 1585 conantur,
1580 1552 1702 1580 celebrat
1717 1560 1724 1578 :
1741 1559 1811 1586 pra:-

1029 1598 1123 1627 scrlitn
1134 1607 1195 1626 cum
1209 1599 1295 1627 virtus
1308 1599 1391 1626 latere
1404 1603 1528 1634 nequeat,
1549 1603 1576 1626 et
1588 1599 1698 1632 invidia,
1716 1605 1814 1633 quam-

1029 1645 1070 1672 vis
1083 1646 1117 1672 ad
1133 1649 1249 1679 tempus,
1272 1645 1415 1672 obscurata
1436 1645 1534 1673 iterum
1549 1645 1694 1677 eiucescat,
1709 1645 1813 1672 nubila-

1028 1697 1082 1724 que
1111 1689 1234 1724 dissipet.
1257 1689 1488 1722 Quemadmodum
1511 1689 1584 1716 cnim
1613 1689 1713 1722 lumen,
1732 1689 1768 1716 ita
1787 1695 1814 1716 et

1028 1735 1155 1762 virtutem
1172 1734 1257 1763 latere
1272 1734 1439 1769 impossibile
1461 1739 1512 1762 est.
1531 1733 1621 1768 Atque
1639 1734 1696 1761 hac
1706 1734 1813 1768 quidem

1028 1779 1062 1808 de
1079 1779 1234 1807 hominibus
1246 1787 1306 1807 cum
1320 1779 1423 1815 judicio
1438 1779 1492 1807 sint
1519 1780 1602 1807 dicta.
1621 1779 1649 1807 Si
1666 1787 1729 1806 vero
1743 1779 1813 1807 divi-

1029 1833 1092 1853 num
1108 1833 1215 1860 qttoque
1234 1826 1275 1853 vis
1299 1825 1431 1853 calculum
1450 1829 1477 1852 et
1493 1824 1660 1860 sulfragium,
1683 1825 1765 1852 babes
1786 1824 1812 1851 in

1029 1879 1108 1899 sacro
1123 1870 1267 1907 Evangelia
1282 1871 1304 1887 “
1320 1871 1353 1899 de
1371 1862 1508 1899 Pltai'ismo
1533 1875 1559 1898 et
1582 1870 1726 1906 publicano
1742 1869 1814 1898 clare

1030 1917 1190 1953 perscripta.

1242 1974 1344 2002 CLXX.
1360 1990 1391 1996 —
1415 1974 1603 2004 TIMOTIIEO.

442 2017 558 2045 Gloriam
572 2020 694 2054 temporis
709 2019 844 2053 longitudo
861 2027 912 2047 non
929 2019 1124 2054 imminuit,sed
1139 2021 1205 2048 venit
1224 2029 1253 2048 ea
1269 2027 1307 2048 sal
1323 2023 1385 2054 cito,
1399 2022 1422 2049 si
1435 2026 1476 2049 sat
1492 2023 1564 2050 bene.

234 2073 346 2104 Ἔοικας
360 2072 517 2106 δεδοικέναι,
536 2066 573 2107 μὴ
592 2072 641 2108 τὴν
649 2072 727 2105 δόξαν
741 2074 788 2100 τοῦ
802 2074 980 2110 κατορθώμα-

195 2127 240 2149 τος
255 2118 285 2144 τὸ
299 2118 385 2153 μῆκος
399 2117 539 2153 ἐλαττώσῃ
558 2117 606 2145 τοῦ
628 2119 723 2154 χρόνου
733 2127 740 2134 ·
759 2119 826 2146 ἀλλὰ
841 2121 893 2156 χρὴ
911 2121 980 2148 εἰδέ-

1068 2076 1186 2103 Metuere
1213 2076 1277 2103 mihi
1295 2077 1368 2104 visus
1394 2085 1434 2109 es,
1462 2085 1495 2104 ne
1516 2082 1588 2104 recte
1605 2076 1738 2105 factorum
1757 2077 1815 2112 glo-

1033 2122 1100 2148 riam
1128 2123 1256 2156 temporis
1271 2122 1412 2149 itnminuat
1430 2122 1620 2156 longinquitas.
1636 2121 1712 2149 Scito
1725 2122 1816 2156 itaque
1837 2142 1840 2146 λ

196 2172 251 2195 ναι,
267 2164 308 2190 ὅτι
324 2163 370 2190 τοῦ
385 2164 455 2199 μετὰ
470 2164 569 2198 τάχους
585 2164 737 2200 σφαλεροῧς
750 2165 780 2192 τὸ
800 2166 869 2200 μετὰ
884 2166 977 2202 βραδυ-

1031 2166 1110 2201 longe
1123 2166 1148 2193 id
1162 2174 1222 2194 esse
1237 2167 1339 2199 utilius,
1356 2167 1426 2201 quod
1441 2173 1537 2194 secure
1553 2167 1691 2201 peragitur
1701 2174 1733 2194 ac
1746 2172 1815 2195 tuto.

195 2209 275 2244 τῆτες
289 2209 408 2242 ἀσφαλὲς
429 2209 660 2245 λυσιτελέστερον.
677 2211 732 2246 Οὐχ
746 2209 829 2247 ἦττον
842 2211 896 2248 γὰρ
912 2213 980 2240 ἀλλὰ

196 2255 243 2281 καὶ
267 2255 366 2289 μᾶλλον
390 2254 576 2292 εὐκλεέστεροι
600 2256 671 2283 κατὰ
693 2257 774 2291 τάχος
800 2257 934 2294 λαμπρῶν
953 2259 979 2285 οι

197 2300 304 2326 συνέσει
320 2301 366 2328 καὶ
381 2301 525 2337 βραδυτῆτι
535 2302 568 2329 τὰ
581 2302 625 2329 ίσα
641 2302 803 2338 πράξαντες.
819 2304 851 2330 Οἱ
865 2305 913 2339 μὲν
926 2305 980 2341 γὰρ
1002 2306 1004 2308 ’

196 2346 242 2372 καὶ
259 2346 387 2381 χρήματα
409 2348 456 2373 καὶ
473 2348 585 2382 σώματα
600 2348 786 2381 ἀναλώσαντες
799 2351 972 2385 νενικηκέναι

196 2391 329 2419 δοκοῦσιν·
347 2393 370 2418 oi
389 2393 417 2419 δὲ
431 2393 495 2420 ἄνευ
515 2393 615 2430 ζημίας
627 2394 676 2430 τὴν
692 2395 770 2430 νίκην
790 2396 978 2430 καρποῦνταιο

197 2437 244 2463 καὶ
257 2437 282 2463 οἱ
298 2438 347 2472 μὲν
362 2438 412 2465 οὐκ
429 2438 520 2473 ἔχουσι
543 2439 666 2475 καθαρὰν
689 2440 806 2475 ἀθυμίας
825 2441 931 2477 ἡδονὴν,
957 2443 980 2469 οἱ

197 2481 226 2508 δὲ
241 2481 374 2517 εἰλικρινῆ
391 2483 559 2518 καρποῦνται
576 2483 625 2519 τὴν
641 2484 820 2520 εὐφροσύνην,

212 2606 235 2622 ²⁸
254 2605 319 2633 Luc.
336 2614 432 2640 xxvtn,
451 2606 496 2636 l0.

1034 2211 1126 2248 Neque
1140 2212 1228 2239 minus
1241 2212 1306 2240 clari
1325 2216 1397 2244 sunt,
1411 2211 1532 2247 quinitno
1549 2212 1708 2241 illustriores
1723 2214 1815 2247 etiam,

1033 2255 1079 2291 qui
1103 2260 1206 2284 mature
1227 2261 1254 2284 ct
1278 2256 1352 2284 lente
1373 2256 1471 2284 similia
1495 2263 1576 2291 opera
1590 2257 1816 2291 praestiteruutiis

1034 2302 1079 2336 qui
1095 2302 1129 2330 ob
1147 2302 1313 2330 celeritatem
1328 2301 1509 2336 celebrantur,
1527 2307 1555 2330 et
1573 2303 1723 2331 lentitudini
1740 2305 1815 2338 paria

1033 2348 1146 2375 faciunt.
1163 2348 1203 2375 llli
1227 2349 1335 2383 quidem
1360 2349 1429 2376 bona
1455 2356 1503 2376 sua
1529 2353 1612 2384 atque
1631 2350 1699 2378 adeo
1719 2358 1816 2385 corpus

1031 2394 1216 2429 impendentes
1231 2394 1328 2422 vicisse
1352 2393 1490 2427 videntur;
1506 2394 1532 2422 bi
1547 2402 1610 2422 vero
1634 2395 1693 2422 sine
1716 2396 1815 2422 damno

1032 2440 1170 2468 victoriam
1188 2440 1346 2475 decerpunt.
1366 2440 1400 2468 Et
1423 2440 1459 2468 illi
1486 2440 1594 2475 quidem
1620 2441 1752 2476 impuram
1771 2448 1815 2467 so-

1031 2485 1130 2512 cordiae
1144 2486 1254 2520 capiunt
1264 2486 1444 2520 voluptatem;
1457 2480 1483 2514 lii
1492 2487 1698 2515 verosincerum
1713 2485 1814 2514 lwtitiae

1034 2532 1142 2568 capiunt
1151 2532 1276 2560 fructum.

749 2681 865 2709 VARUE
886 2682 1077 2711 LECTIONES
1097 2684 1142 2712 ET
1161 2685 1277 2720 NOTIE.

235 2760 294 2795 (23)
316 2760 367 2787 Pro
391 2758 489 2787 οἷόντε
511 2759 588 2787 codd.
614 2760 671 2787 Vat.
689 2758 742 2787 650
762 2764 789 2786 et
806 2759 859 2786 Alt.
886 2759 985 2788 habent

198 2795 308 2822 οἴονται.
329 2796 431 2822 Possm.

236 2830 290 2864 (‘24)
304 2830 356 2857 Pro
371 2831 586 2866 πεπλησιακότες
604 2830 682 2857 iidem
695 2830 816 2857 scribunt
835 2830 984 2866 πεπλησια-

201 2865 332 2898 στικότες,
349 2865 462 2894 fortasse
479 2866 605 2894 mendose
615 2885 623 2900 ,
638 2867 684 2893 sed
701 2866 770 2900 quod
794 2869 873 2900 queat
887 2865 983 2900 iuvare

1034 2761 1216 2794 conjecturam
1233 2764 1266 2790 ad
1282 2764 1474 2792 divinationem
1488 2772 1556 2792 verte
1572 2764 1706 2792 lectionis.
1723 2763 1762 2792 In.

1070 2797 1280 2859 (25)¹Δείκνυται
1296 2799 1375 2827 iidem
1393 2800 1472 2827 ambo
1494 2800 1572 2827 codd.
1592 2804 1696 2827 mutant
1711 2799 1735 2827 in
1753 2800 1815 2834 eut-

1070 2840 1116 2859 ται.
1147 2841 1172 2859 D.

1033 2840 1116 2859 νεῖαι.
1134 2840 1172 2860 Π).
