2049 3162
236 139 299 171 1431

842 144 872 182 S.
893 143 1039 173 ISIDORI
1058 141 1278 174 ΡΕιυΞΙῦΤιΕ

1792 137 1861 171 1439

237 200 265 223 et
291 195 371 223 veluti
385 195 412 223 iu
431 195 574 230 sacrilegio
598 196 794 231 deprehensum
816 198 905 232 puniri
919 197 1021 225 volunt.

1075 197 1166 232 Ταῦτα
1182 192 1218 224 δὲ’
1226 196 1344 232 δρῶντες
1369 195 1601 231 δυσχεραίνουσιν,
1615 193 1655 221 ὅτι
1677 193 1743 229 παρ’
1765 192 1861 230 Ἑλλή-

233 240 316 277 608
336 241 471 274 Ejusmodi
487 247 551 268 vero
565 245 715 275 pati-antes,
732 241 802 275 quod
818 250 832 268 a
847 243 973 277 gentibus
989 250 1020 270 ac

233 285 331 313 Judieis
347 286 557 318 subsannentur,
573 286 693 320 graviter
713 287 895 321 indignantur.
911 287 949 314 Te
964 287 1022 322 qui-

212 336 217 340 ”
236 334 296 361 dein
315 337 344 359 ut
358 332 537 360 fabulatorem
560 334 759 368 reprehendere
774 343 826 362 non
847 343 968 370 possum;
986 335 1019 362 li-

234 378 329 404 benter
348 385 412 405 vero
428 385 485 411 eos,
500 379 544 413 qui
569 379 631 405 talia
648 380 819 406 committunt
834 380 932 415 (neque
948 381 1020 407 enim

232 424 265 450 de
280 423 406 451 omnibus
431 423 470 451 fas
487 429 529 451 est
544 425 580 450 ita
597 424 729 458 judicare)
747 425 955 459 interrogarem,
970 433 1019 452 cur

232 473 325 496 contra
342 474 423 504 alque
436 471 533 503 dicitis,
548 470 604 497 haec
618 470 708 498 Iacitis
719 471 730 498 ’ἰ
740 471 809 504 Quid
824 471 895 499 aliud
911 472 1018 505 docere,

235 513 309 541 aliud
334 513 424 542 facere
449 514 591 542 instituitis
604 515 783 542 "'IGcntiuiu
810 523 842 543 ac
867 515 1019 543 Iudaeorum

233 557 350 593 linguam
383 560 558 593 quamobrem
583 560 691 593 acuitis,
715 565 742 588 et
763 561 789 588 in
815 566 1018 588 sacrosanctam

234 603 388 638 religionem
410 613 458 632 vos
476 605 601 638 armatis,
619 613 679 633 cum
705 607 804 634 virtute
826 607 914 641 potius
938 614 1019 642 quam

233 651 353 685 potentia
376 651 472 679 deceat
496 653 657 680 antecellere
669 653 680 680 1'
693 653 860 680 Cessandum
878 654 968 688 itaque
985 653 1018 681 ab

233 697 285 730 bis,
308 702 335 724 et
351 698 383 725 de
402 698 553 726 malefactis
574 708 623 727 nos
641 700 715 735 prius
730 707 811 734 quam
834 700 900 731 alios
923 707 1017 734 repre-

233 742 393 770 henilamus.

364 788 524 817 CLXXVIII.
540 805 574 810 —
590 789 704 818 HELLE
729 790 887 819 DIACONO.

1059 241 1127 271 Δνων
1144 252 1172 270 τε
1189 243 1236 269 καὶ
1258 241 1393 269 Ἰουδαίων
1408 240 1613 276 κωμῳδοῦνται.
1632 239 1724 274 Σὲμὲν
1740 239 1861 275 ἐλέγχειν

1073 289 1112 320 ὡς
1132 288 1277 323 λογοποιδν
1289 287 1339 314 οὐκ
1353 287 1418 322 ἔχω·
1432 286 1516 321 ἡδέως
1529 286 1556 312 δὲ
1567 285 1631 317 τοὺς
1641 284 1727 310 ταῦτα
1741 283 1861 318 δρῶντας

1075 335 1084 368 (
1092 334 1151 360 οὐδὲ
1166 333 1220 368 γὰρ
1235 333 1306 359 κατὰ
1323 332 1432 359 πάντων
1447 331 1497 366 τὴν
1512 331 1602 366 ψῆφον
1619 328 1761 363 ἐνεκτέον)
1789 327 1860 364 ὲροί-

1073 388 1127 414 μην
1139 387 1146 394 ·
1169 379 1201 405 Τί
1216 379 1246 413 δή
1265 387 1330 404 ποτε
1355 377 1485 404 τάναντία
1509 373 1546 402 ὧν
1563 383 1629 409 φατε
1645 373 1859 409 διαπράττεσθε;

1074 423 1106 450 Τί
1120 423 1187 450 ἄλλα
1201 423 1251 458 μὲν
1273 423 1422 454 διδάσκειν,
1435 421 1504 448 ἄλλα
1526 421 1555 447 δὲ
1573 421 1660 447 ποιεῖν
1676 420 1858 454 ὲπιχειρεῖτε;

1071 469 1104 495 Τί
1126 469 1260 504 Ἐλλήνων
1277 477 1306 495 τε
1318 468 1365 495 καί¹
1383 467 1516 494 Ἰουδαίων
1532 466 1580 501 τὴν
1595 465 1719 499 γλῶτταν
1736 465 1859 496 ἀκονᾶτε.

1071 514 1204 542 καὶκατὰ
1227 515 1275 549 τῆς
1299 514 1442 548 θειοτάτης
1460 513 1610 548 θρησκείας
1625 510 1785 542 ὁπλίζεσθαι
1807 519 1860 538 πα-

1076 559 1267 595 ρασκευάζετε,
1296 558 1342 590 οὒς
1373 559 1459 593 ἀρετῇ
1486 556 1551 592 χρὴ,
1579 554 1637 582 ἀλλ’
1657 554 1688 581 οὺ
1718 553 1861 588 δυναστείᾳ

1074 605 1252 641 χειρωθῆναι;
1273 605 1308 631 Ἦ
1325 602 1372 631 οὖν
1387 603 1524 630 παυστέον
1539 600 1643 628 τούτων
1653 599 1709 626 τῶν
1723 599 1859 632 πράξεων,

1073 651 1088 687 ἢ
1117 651 1222 687 μηδένα
1245 650 1373 677 τοσοῦτον
1398 648 1536 676 αἰτιατέον
1559 646 1608 674 τοῦ
1634 645 1723 673 πάντα
1754 643 1859 679 φαύλως

1071 697 1153 733 ἔχειν,
1170 696 1187 732 ἢ
1202 697 1276 732 ἡμᾶς
1291 695 1403 727 αὐτούς.

1255 785 1341 813 PUll’.
1363 800 1399 806 —
1415 785 1499 820 nam
1523 783 1685 817 ΔΙΑΚΟΝῼ.

237 833 290 865 Qui
303 833 392 867 palam
407 841 514 869 peccare
536 835 624 868 audet,
640 835 661 862 ie
674 843 719 862 nec
735 837 854 870 privatim
881 839 938 864 sine
962 841 1025 863 teste
1039 842 1146 867 peccare
1167 833 1317 870 eereﬁitur.‘
1344 836 1369 859 ει
1392 831 1436 864 (Ilii
1455 838 1471 857 α
1491 829 1638 856 Μίνεονίθίη
1659 835 1713 854 ¹⁸⁰¹¹
1738 824 1863 860 ¹⁶’¹Ψ⁶¹’⁴²⁸⁵

836 873 961 906 peccatis,
975 879 1021 898 nec
1035 871 1138 904 majora
1152 869 1253 896 uitabit.

269 922 397 957 Quisquis
419 923 560 950 manifesta
578 923 665 958 palam
683 924 751 951 mala
765 925 920 959 committit,
936 933 1022 961 neque
1037 921 1059 949 Β

234 969 372 996 erubescit
402 968 531 1003 profecto,
557 977 616 1004 qua:
634 970 703 997 clam
731 971 788 998 fore
810 976 913 1006 sperat,
934 979 1020 1006 neque

182 1037 185 1038 ν
236 1012 386 1047 evulganda
410 1013 518 1041 audebit
548 1020 667 1048 patrare,
691 1016 849 1052 tnajoraque
879 1024 1022 1052 aggressus

240 1059 343 1086 minora
358 1059 471 1094 impigre
484 1059 631 1094 delinquci.
642 1061 731 1098 Atqui
745 1070 826 1097 parva
838 1067 938 1095 servat,
954 1061 1023 1090 veri-

237 1103 327 1132 simile
343 1108 384 1132 est
397 1109 424 1132 et
440 1105 557 1132 maxima
573 1106 698 1141 religiose
711 1110 891 1134 servaturum.

359 1202 500 1231 CLXXIX.
519 1218 556 1223 —
568 1203 706 1233 ISIDORO
723 1204 898 1233 EPISCOPO.

1113 924 1144 951 '0
1161 922 1196 950 τὰ
1212 922 1334 958 πρόδηλα
1348 920 1422 948 κακὰ
1437 919 1564 955 φανερῶς
1580 916 1663 953 δρῶν,
1681 915 1729 942 καὶ
1743 914 1782 950 μὴ
1799 914 1862 949 ἐρυ-

1073 970 1169 1006 θριῶν,
1194 965 1273 1000 οὗτος
1295 967 1376 1003 δῆλον
1392 967 1433 994 ὃτι
1457 965 1596 992 λανθάνων
1613 962 1690 989 οὐδὲν
1705 961 1759 987 τῶν
1775 961 1863 995 ἀπορ-

1072 1017 1161 1052 ρήτων
1171 1014 1312 1049 ἄπρακτον
1325 1013 1410 1040 ὲάσευ
1425 1012 1472 1038 καὶ
1487 1012 1543 1043 τοῖς
1559 1010 1697 1046 μεγίστοις
1712 1007 1860 1052 ἐγχειρῶν,

1071 1051 1121 1088 οὐκ
1138 1060 1170 1087 ἂν
1189 1060 1274 1095 δήπου
1299 1059 1364 1093 περὶ
1378 1058 1412 1085 τὰ
1429 1056 1607 1091 εὐτελέστερα
1622 1053 1748 1089 ὀκνηρῶς
1759 1051 1863 1079 διακεί-

1072 1114 1165 1133 σεται·
1184 1107 1198 1132 ὁ
1216 1105 1245 1132 δὲ
1270 1105 1305 1131 τὰ
1326 1104 1412 1140 μικρὰ
1437 1102 1650 1137 φυλαττόμενος,
1675 1099 1723 1126 καὶ
1746 1097 1782 1124 τὰ
1813 1096 1863 1132 μέ-

1071 1161 1163 1189 γιστα,
1181 1152 1219 1184 ῶς
1233 1152 1318 1184 εἰκὸς,
1339 1149 1497 1185 φυλάξεται.

1226 1207 1310 1234 ΡυΘ’.
1329 1221 1364 1226 ——
1380 1204 1509 1239 ΙΣΙΔΩΡῼ
1528 1203 1714 1238 ΕΠΙΣΚΟΠῼ.

460 1249 497 1277 De
510 1252 714 1283 resurrectione;
730 1259 839 1287 qumque
857 1253 953 1280 animm
970 1254 1002 1280 sit
1023 1261 1093 1281 more
1108 1238 1131 1281 et
1148 1253 1313 1280 resurrectio.
1332 1251 1451 1286 (Confer.
1469 1249 1547 1285 epist.
1563 1249 1639 1283 550.)

274 1303 378 1331 Anime
399 1303 425 1330 in
443 1304 561 1338 peccalis
578 1309 691 1332 mortua:
705 1306 868 1333 resurrectio
888 1306 950 1334 inde
964 1307 1025 1341 qui-

239 1350 299 1377 dem
317 1349 465 1384 perﬁcitur,
482 1357 543 1376 cum
565 1350 597 1376 ad
614 1351 694 1377 vitam
714 1350 826 1384 justitize
842 1352 968 1386 operibus
984 1361 1027 1380 re-

239 1399 361 1424 vocatur.
384 1394 457 1422 Mors
471 1396 543 1422 enim
561 1396 657 1423 animai
679 1397 856 1424 existimanda
877 1403 918 1424 est
931 1398 1028 1432 iniqui-

1118 1309 1150 1335 'H
1179 1308 1229 1343 μὲν
1259 1308 1320 1338 ταῖς
1353 1305 1503 1342 ἁμαρτίαις
1539 1303 1747 1339 νενεκρωμένης
1776 1301 1864 1336 ψυχῆς

1079 1354 1228 1385 ἀνάστασις
1247 1352 1364 1380 ἐνταῦθα
1381 1353 1510 1384 τελεῖται,
1526 1351 1590 1377 ὅταν
1606 1350 1667 1380 ταῖς
1691 1348 1742 1383 τῆς
1764 1347 1866 1374 δικαιο-

1080 1399 1164 1433 σύνης
1184 1399 1314 1434 πράξεσιν
1333 1399 1373 1429 είς
1387 1397 1460 1432 ζωὴν
1477 1395 1703 1430 ἁναστοιχειωθῇ.
1724 1393 1866 1427 Νέκρωσιν

241 1445 292 1474 tas,
319 1448 371 1468 non
395 1447 485 1468 tamen
505 1441 527 1468 si
551 1449 610 1469 esse
631 1442 747 1470 desinat.
765 1442 854 1475 Quare
874 1448 900 1470 et
919 1443 952 1470 de
973 1444 1024 1471 ﬁlio

1080 1445 1109 1472 δὲ
1124 1445 1177 1480 χρὴ
1192 1445 1262 1471 νοεῖν
1279 1443 1368 1478 ψυχῆς
1378 1443 1428 1477 τὴν
1448 1441 1650 1477 κακοπραγίαν,
1670 1439 1700 1466 οὺ
1718 1439 1764 1465 τὸν
1783 1439 1823 1469 είς
1836 1438 1866 1464 τὸ

240 1487 351 1521 prodigo
368 1486 456 1513 adhuc
470 1487 590 1520 spirante
605 1487 706 1514 dictum
720 1495 727 1513 :
748 1497 757 1513 ι
777 1487 897 1516 Mortuus
917 1494 987 1522 erat,
1001 1494 1024 1517 et

1082 1491 1120 1526 μὴ
1135 1489 1205 1518 εἶναι
1220 1489 1383 1524 ἀφανισμόν.
1397 1489 1443 1515 Διὸ
1456 1489 1504 1515 καὶ
1520 1486 1641 1522 περὶτοῦ
1655 1485 1762 1512 ἀσώτου
1774 1483 1866 1515 παιδὸς

242 1531 342 1558 revixit
358 1531 392 1558 ³³.
407 1541 417 1558 ›
431 1531 464 1558 Et
483 1533 516 1559 de
541 1537 652 1567 peccato
675 1538 780 1561 mortuo
806 1541 838 1561 ac
858 1535 961 1568 sepulto
989 1536 1024 1563 di-

1081 1537 1121 1564 ἔτι
1139 1537 1239 1569 ζῶντος
1251 1535 1366 1572 ὲῤῥέῦη·
1386 1545 1395 1561 ι
1406 1535 1512 1569 Νεκρδς
1530 1532 1564 1570 ἦν
1578 1534 1624 1560 καὶ
1642 1533 1771 1578 ἀνέζησε.
1788 1541 1797 1557 ι
1812 1531 1866 1578 Ῐςαὶ

239 1577 312 1604 citur
324 1577 357 1604 ab
368 1576 495 1611 Apostolo
509 1586 519 1605 ι
536 1587 545 1604 ι
563 1577 649 1612 Surge
672 1578 717 1612 qui
746 1579 858 1611 dormis,
873 1585 900 1606 et
915 1587 1024 1614 exsurge

1080 1583 1121 1618 τῷ
1145 1583 1198 1609 ὑπὸ
1214 1582 1265 1616 τῆς
1291 1581 1390 1612 κακίας
1420 1579 1594 1615 νεκρωθέντι,
1620 1579 1668 1605 καὶ
1692 1577 1806 1611 ταφέντι
1823 1576 1867 1611 Ep.

239 1630 255 1649 ι
271 1623 394 1656 mortuis,
405 1627 431 1649 et
444 1623 605 1651 illuminabit
623 1630 649 1651 te
661 1623 785 1652 Christus
806 1625 838 1652 ³’.
855 1635 864 1652 ι
882 1625 932 1659 Qui
947 1619 1024 1653 'enim

1082 1627 1147 1663 ρἐη
1156 1634 1163 1642 ⁸
1183 1625 1323 1661 «Ἐγειραι
1337 1626 1352 1651 ό
1369 1624 1517 1655 καθεύδων,
1529 1624 1576 1650 καὶ
1589 1623 1693 1649 ἀνάστα
1709 1622 1742 1648 ὲκ
1756 1620 1810 1647 τῶν
1826 1627 1868 1646 νε-

242 1673 354 1702 peccato
371 1668 521 1696 exstinctus
536 1669 692 1704 pcenitentia
707 1677 855 1698 concussus
869 1677 920 1704 est,
937 1680 1024 1699 verum

1082 1673 1168 1708 κρῶν,
1191 1673 1239 1699 καὶ
1252 1671 1398 1706 ἐπιφαύσει
1416 1679 1457 1697 σοι
1483 1671 1498 1696 ό
1514 1669 1664 1705 Χριστός.»
1682 1667 1731 1703 Τῷ
1753 1668 1807 1703 γὰρ
1822 1667 1865 1694 τὸν

243 1714 265 1740 is
289 1713 383 1748 recipit
405 1713 505 1742 lumen.
532 1715 659 1750 Corporis
686 1723 750 1744 vero
774 1719 939 1745 resurrectio
976 1719 1024 1746 illic

1083 1718 1197 1745 θάνατον
1211 1717 1259 1752 τῆς
1285 1715 1421 1751 ἁμαρτίας
1435 1715 1479 1742 διὰ
1495 1714 1640 1750 μετανοίας
1659 1712 1866 1748 ἀποσεισαμένῳ

242 1763 387 1794 peragetur
401 1760 521 1787 omnium
533 1761 641 1795 quidem
655 1761 805 1796 mqualiter,
818 1763 906 1797 quoad
918 1764 1024 1791 immor-

1075 1763 1105 1790 τὸ
1122 1762 1180 1797 φῶς
1202 1762 1233 1788 τὸ
1257 1761 1383 1795 ἀληθινὸν
1410 1760 1553 1788 ἀνατελεῖ·
1581 1760 1598 1794 ἡ
1618 1758 1646 1784 δὲ
1674 1757 1722 1784 τοῦ
1741 1756 1864 1789 σώματος

245 1803 387 1836 talitatem,
411 1812 464 1831 non
489 1812 552 1833 vero
575 1806 662 1839 quoad
692 1807 816 1841 gloriam.
839 1808 930 1835 Gloria
958 1810 1024 1836 enim

1076 1809 1166 1835 ἐκεῖσε
1191 1807 1394 1840 τελεσθήσεται,
1423 1806 1531 1832 πάντων
1555 1804 1604 1839 μὲν
1626 1802 1731 1838 ὁμοίως
1754 1802 1799 1828 διὰ
1814 1801 1860 1836 τὴν

244 1857 278 1877 ex
298 1851 472 1884 proportione
492 1856 628 1886 gestorum
652 1852 678 1879 in
697 1853 753 1879 vita
770 1853 914 1889 unicuique
932 1855 1019 1882 tribue

1076 1852 1235 1883 ἀθανασίαν,
1253 1851 1284 1877 οὺ
1308 1851 1415 1877 πάντων
1436 1850 1464 1876 δὲ
1488 1848 1590 1884 ὁμοίως
1604 1847 1648 1873 διὰ
1668 1846 1717 1881 τὴν
1731 1845 1863 1872 εὔκλειαν.

244 1899 301 1928 tur,
315 1900 343 1922 ut
355 1903 416 1924 vere
424 1903 501 1923 sacra
515 1901 628 1924 testatur
648 1897 790 1932 Scriptura
805 1899 838 1925 ³³.

365 2041 493 2069 CLXXX.
507 2056 541 2062 —
560 2042 710 2071 LEONTIO
728 2043 904 2072 EPISCOPO.

1082 1897 1115 1923 Ἢ
1136 1897 1189 1932 γὰρ
1211 1895 1273 1928 δόξα
1292 1896 1431 1929 ἀναλόγως
1447 1896 1502 1925 τοῖς
1521 1893 1640 1920 ἐνταῦθα
1657 1892 1860 1927 πεπραγμένοις

1081 1944 1187 1978 ἑκάστῳ
1199 1942 1458 1978 πρυτανευθήσεται,
1470 1939 1561 1971 καθὼς
1575 1939 1609 1966 τὰ
1620 1938 1723 1974 ἀψευδῆ
1737 1938 1787 1972 τῆς
1804 1937 1869 1971 Γρα-

1083 1990 1136 2025 φῆς
1149 1990 1271 2025 περιέχει
1287 1990 1374 2023 λόγια.

1236 2044 1300 2070 Ριιι.
1312 2059 1348 2064 -
1362 2043 1511 2078 ΛΕΟΝΤΙῼ
1528 2042 1714 2077 animone.

606 2088 644 2116 De
655 2091 704 2121 ira.
720 2097 778 2124 quin
792 2090 940 2117 uoluntaria
954 2094 992 2117 ut
1009 2090 1126 2120 insania,
1150 2090 1268 2116 oratione
1283 2089 1356 2116 molli
1372 2089 1499 2116 sedanda.

280 2141 419 2171 Madet-alo
429 2150 461 2170 ac
472 2143 593 2171 suasibili
606 2151 730 2171 sermone
747 2152 862 2179 arguere
877 2150 921 2171 aut
938 2145 1028 2179 potius

1115 2145 1221 2180 Εὐηνίῳ
1237 2145 1285 2171 καὶ
1305 2144 1410 2179 πιθανῷ
1425 2144 1497 2179 λόγῳ
1525 2144 1649 2176 κολάσαι,
1670 2143 1770 2178 μᾶλλον
1787 2143 1813 2169 δὲ
1827 2143 1864 2169 δι-

246 2189 343 2216 docere
354 2190 481 2216 convenit
499 2197 545 2217 eos
563 2190 607 2224 qui
625 2190 789 2225 implacabili
813 2195 877 2218 sunt
898 2191 949 2224 ira,
966 2195 993 2217 ut
1013 2198 1024 2216 a

1079 2177 1170 2222 55:51!
1262 2190 1326 2221 τοὺς
1343 2177 1500 2224 ⁴ἀμειλίκτῲ
1522 2189 1591 2224 ὀργῇ
1616 2177 1788 2224 χρωμένους.
1818 2187 1865 2221 τῆς

247 2234 397 2262 voluntaria
408 2236 510 2262 insania
524 2236 666 2264 absistam.
680 2236 848 2264 Tumescens
857 2237 929 2263 enim
946 2238 985 2263 ira
1003 2237 1027 2262 in

249 2278 421 2306 homicidium
434 2280 544 2308 desinit.
686 2276 690 2280 '

306 2330 447 2359 CLXXXI.
466 2348 501 2353 -——
518 2334 666 2364 HYPATIO
684 2336 787 2364 REMP.
807 2335 966 2362 GERENTI.

1082 2235 1205 2261 ἑκουσίου
1227 2235 1323 2270 μανίας
1339 2234 1560 2262 ἀποπαύσασθαι.
1580 2234 1737 2260 Ἀνοιδοῦσα
1761 2234 1815 2268 γὰρ
1828 2234 1866 2264 είς

1082 2282 1258 2316 ἀνδροφονίαν
1272 2282 1395 2317 τελευτᾷ.

1184 2338 1270 2364 ΡΠΑν.
1287 2352 1322 2357 ——
1335 2337 1462 2373 ΥΠΑΤΙῼ
1480 2337 1764 2370 ΠΟΛΙΤΕΥΟΜΕΝῼ.

248 2376 374 2404 Ανατὶιὶιιν
387 2379 491 2405 morbus
505 2381 636 2407 curandus
663 2382 792 2408 remediis.
815 2381 854 2406 Ad
880 2381 945 2407 illud
1069 2389 1117 2442 “is
1131 2381 1193 2451 )33:
1210 2391 1219 2407 ι
1238 2381 1408 2417 Eleemoxyim
1433 2382 1574 2416 exstinguit
1595 2387 1741 2416 peccatum.
1758 2389 1767 2405 ι
1791 2378 1865 2412 {Vide

974 2425 986 2441 ρ
1016 2425 1027 2442 s
1044 2437 1050 2444 .
1103 2435 1128 2443 ...

974 2425 1037 2444 (IIIS!
1044 2437 1050 2444 .
1069 2425 1128 2443 l-IZ.

284 2467 334 2501 Qui
349 2468 522 2503 exstinguere
535 2469 626 2496 volunt
642 2470 742 2504 ignem,
757 2478 811 2498 non
828 2471 930 2498 aridam
947 2471 1031 2506 609

249 2513 392 2546 quamdam
408 2515 548 2541 materiam
561 2516 712 2548 lmponunt,
728 2523 814 2550 neque
837 2517 908 2543 aliud
927 2517 1030 2544 fomen-

251 2563 305 2585 tum
319 2559 449 2594 prinbent,
465 2568 519 2596 quo
536 2561 606 2595 ignis
627 2567 764 2597 augescat,
787 2562 885 2597 ﬁatque
906 2563 1030 2590 indoma-

1119 2470 1150 2496 υἱ
1168 2470 1223 2505 πῦρ
1240 2470 1334 2496 σϐέσαι
1351 2470 1518 2505 βουλόμενοι,
1539 2470 1588 2505 οὐχ
1608 2469 1674 2504 ὕλην
1691 2468 1862 2502 εὐκατάπρη-

1085 2524 1146 2542 στου
1161 2516 1363 2551 προστιθέασιν,
1386 2515 1446 2542 οὐδὲ
1468 2515 1572 2550 τροφὴν
1594 2514 1678 2550 ἄλλην
1705 2513 1863 2548 παρέχουσ;ν

1084 2563 1167 2598 αὐτῷ,
1181 2563 1212 2589 δι’
1229 2561 1260 2598 ἧς
1275 2562 1384 2594 αὔξεταί
1399 2571 1428 2588 τε
1450 2562 1498 2588 καὶ
1512 2560 1660 2596 ἁχείρωτον
1674 2560 1790 2594 γίνεται,
1803 2557 1864 2585 sm

286 2636 307 2651 ³⁰
322 2636 415 2663 Matth.
431 2645 507 2669 xxiii,
523 2637 549 2664 '5.
587 2637 607 2653 ⁸¹
626 2638 690 2665 an.
706 2646 750 2671 xv.
771 2639 816 2666 24.
855 2640 876 2655 ³¹
897 2640 995 2675 Ephes.
1017 2647 1024 2664 ι

1081 2640 1108 2666 ι.
1147 2641 1168 2655 ⁵³
1188 2640 1279 2666 Matth.
1303 2648 1359 2672 xvi,
1379 2640 1420 2666 I7.

791 2717 909 2745 VARLE
927 2717 1119 2745 LECTIONES
1141 2718 1182 2745 ET
1203 2717 1317 2745 NOTAE.

251 2789 360 2829 οσιώσει
374 2789 407 2829 II._
421 2791 574 2829 Stephanus
590 2792 614 2818 in
635 2792 766 2829 Thesauro
783 2792 812 2819 L.
828 2792 876 2820 Gr.
892 2798 919 2821 et
933 2794 1035 2829 Dimiy-
1089 2803 1158 2822 sum.
1181 2794 1298 2822 Scnn'r'r.

251 2828 307 2853 eius
319 2825 442 2853 Petavius
457 2827 488 2852 ad
507 2827 680 2861 lapipiianiiun
697 2827 790 2855 Latine
802 2837 835 2862 qu
846 2836 907 2863 ique
920 2825 1032 2856 conver-
