2049 3162
186 170 252 203 1441

578 173 845 205 EPISTULARUM
866 174 938 204 LIB.
959 175 992 205 V.
1013 188 1046 192 —
1060 177 1176 208 EPIST.
1195 179 1372 212 CLXXXVI.

1739 183 1806 216 14122

182 238 247 261 τους
266 228 439 264 παραίνεσιν,
452 230 501 264 οὐχ
519 230 611 262 ἁπλῶς
624 231 782 266 εἰρημένην,
797 231 856 257 οὐδὲ
872 230 970 266 ῥᾳδίως

1022 232 1182 266 simpliciter
1206 235 1349 269 prolatam,
1377 243 1463 271 neque
1482 237 1515 264 ad
1543 237 1716 267 refellendum
1745 242 1812 269 t'aci-

184 274 381 310 ἐλεγχομένην,
401 275 467 301 ἀλλὰ
484 277 515 310 τῇ
535 275 648 311 ἀληθείᾳ
671 275 866 311 ὠχυρωμένην.
884 276 969 303 Πλοῦ-

182 329 227 351 τος
254 320 282 346 δὲ
307 320 405 352 κακίας
436 321 536 355 μᾶλλον
558 321 575 356 ἢ
597 321 798 355 καλοκαγαθίας
831 322 971 356 ὑπηρέτης

181 365 273 392 ἐστίν·
303 365 427 397 ἐξουσίαν
454 366 504 399 μὲν
529 367 562 401 τῇ
593 366 713 401 ῥαθυμίᾳ
740 367 968 400 παρασκευάζων,

182 411 229 437 ἐπὶ
250 411 279 437 δὲ
293 411 343 442 τὰς
365 411 461 446 ἡδονὰς
483 411 545 443 τούς
571 412 648 442 νέους
671 412 848 445 παρακαλῶν·
863 421 872 437 ι
893 412 924 437 Εἰ
942 411 968 437 δὲ

181 458 238 488 τοῖς
250 457 358 488 πολλοῖς
368 457 523 483 τούναντίον
539 457 622 489 δοκεῖ,
641 457 683 483 διὰ
707 457 737 484 τὸ
762 459 811 491 τὴν
838 456 968 483 δοκοῦσαν

183 503 229 528 καὶ
243 502 274 527 οὐ
288 501 337 536 τὴν
357 499 439 528 οὖσαν
467 502 619 536 εὐπραγίαν
646 501 888 536 περιεργάζεσθαι,
904 502 968 528 θαυ-

184 546 285 581 μαστὸν
303 546 389 572 οὐδέν.
409 546 441 572 Οἳ
453 555 484 572 τε
501 547 554 581 γὰρ
568 546 643 580 παρὰ
656 546 705 581 τὴν
723 546 803 578 ἀξίαν
821 546 967 573 πλουτοῦν-

181 601 237 623 τες,
265 591 340 627 αὐτῷ
366 591 453 627 τούτῳ
482 591 520 627 τῷ
554 593 620 627 παρ’
651 592 730 623 ἀξίαν
764 592 967 628 γνωριμώτεροι

185 637 363 664 καθίστανται
375 645 382 652 ⁸
400 638 424 663 οἱ
440 637 468 663 δὲ
484 637 595 669 εἰκότως
610 638 819 673 εὐημεροῦντες,
839 638 913 673 αὐτῷ
929 638 967 673 τῷ

182 684 293 715 εἰκότως
306 683 452 719 εὐημερεῖν
472 684 502 709 οὐ
518 685 671 719 παρέχουσι
686 693 738 711 τινι
755 684 914 718 θαυμάζειν.
931 685 967 710 Τὸ

181 731 235 764 γὰρ
252 729 412 764 παράδοξον,
429 729 513 755 πλείω
526 731 599 756 ποιεῖ
613 730 658 756 τὸν
680 730 750 765 ὑπὲρ
765 730 862 756 ἑαυτοῦ
877 730 965 763 λόγον.

183 774 232 800 Διὰ
259 774 329 800 τοῦτ’
347 774 411 804 ἴσως
436 774 562 805 ἐλάττους
578 775 654 806 ὄντες
672 775 696 800 ot
721 774 795 809 παρᾶ
818 774 867 809 ¹τὴν
889 774 967 807 ἀξίαν

183 821 367 857 εὐφερόμενοι,
386 822 435 857 τὴν
447 821 494 848 τοῦ
510 822 631 853 πλείονος
654 820 724 848 εἶναι
741 822 819 855 δόξαν
844 822 967 857 ἀπηνέγ-

183 876 273 894 καντο.
301 868 397 901 Θῶμεν
424 867 513 893 τοίνυν
548 868 610 902 (χρὴ
629 868 683 903 γὰρ
708 868 755 894 καὶ
776 867 829 894 ἀπὸ
856 867 968 902 συγκρί-

1022 275 1085 308 lem,
1110 278 1156 303 sed
1179 278 1291 305 veritate
1316 280 1445 306 munitam
1462 289 1469 308 :
1487 290 1496 306 ι
1511 280 1626 315 Βὶνίῑίιῐξ,
1645 283 1742 318 inquit,
1765 286 1807 313 vi-

1023 320 1120 346 tiorutu
1138 322 1228 355 potius
1240 331 1320 356 quam
1340 325 1447 352 virtutis
1465 326 1669 363 honestatisque
1685 335 1746 356 sunt
1760 332 1808 358 ad-

1021 367 1162 394 ministrze.
1187 369 1227 395 Ad
1249 372 1400 397 socordiam
1425 373 1495 400 enim
1519 374 1589 401 viam
1606 380 1741 408 sternunt,
1761 377 1806 410 ju-

1022 420 1157 447 renesque
1174 414 1205 440 ad
1221 414 1384 448 voluptatem
1404 417 1528 446 invitant.
1546 429 1554 445 ι
1575 421 1649 453 Quod
1671 423 1692 448 si
1713 424 1807 456 pleris-

1021 466 1074 492 que
1089 464 1181 486 contra
1202 460 1335 492 videatur,
1353 462 1397 495 qui
1417 463 1452 489 ob
1474 472 1525 490 non
1542 473 1603 492 vcre
1619 468 1805 500 exsislentem,

1020 505 1067 531 sed
1088 510 1261 538 apparentem
1286 507 1490 540 prosperitatcm
1512 509 1668 543 elaborent,
1695 514 1805 541 minime

1020 549 1183 576 mirandum.
1210 550 1260 582 Qui
1286 557 1350 577 vero
1378 550 1512 578 iuuncrito
1541 553 1638 585 diluti,
1666 555 1716 581 hoc
1747 556 1806 589 ipso

1020 595 1092 629 quod
1105 595 1159 622 silit
1172 595 1269 623 divites
1282 601 1380 630 prmter
1399 597 1524 623 meritum
1538 598 1708 625 admirationi
1726 606 1804 632 sunt;

1019 643 1046 666 at
1061 640 1105 674 qui
1116 639 1188 673 justc
1202 640 1337 667 secundos
1351 636 1451 667 habent
1462 648 1614 674 successus,
1628 643 1698 676 quod
1711 645 1806 670 merito

1019 685 1136 713 feliciter
1150 691 1241 720 agant,
1260 694 1338 713 nemo
1352 687 1501 713 admiratur
1516 696 1522 714 :
1537 688 1606 722 quod
1628 689 1698 715 enim
1718 689 1806 724 inopi-

1019 736 1111 759 natum
1128 737 1179 765 est,
1196 732 1228 758 de
1243 740 1275 759 eo
1297 733 1410 767 amplius
1426 733 1481 760 fere
1496 733 1641 768 loquimur.
1661 734 1804 769 Propterea

1018 777 1134 805 fortasse
1154 784 1248 813 putant
1271 779 1316 805 isti
1340 779 1474 810 homines,
1494 780 1540 814 qui
1565 785 1662 813 praeter
1679 782 1804 808 meritum

1018 829 1146 856 prospera
1167 821 1334 848 extolluntur
1350 822 1468 855 fortuna,
1485 824 1555 857 quod
1575 823 1703 857 majorem
1722 832 1805 858 quam

1020 868 1094 902 probi
1119 867 1168 894 viri
1191 867 1304 901 gloriati]
1328 868 1455 901 consequi
1478 869 1611 896 videntur.
1629 869 1728 897 Demus
1752 871 1805 896 ita-

182 922 250 946 σεως
273 913 304 940 τὺ
326 913 385 940 δέον
412 913 569 948 σκοπῆσαι)
593 913 667 945 ἴσους
692 914 791 945 αὐτοὺς
804 911 872 940 εἶναι
886 921 893 928 ·
920 913 967 940 καὶ

1020 919 1072 947 que
1089 912 1174 947 (paria
1189 912 1262 939 enim
1277 913 1459 946 comparando
1478 919 1540 939 sunt
1555 914 1710 949 spectanda)
1725 921 1806 948 pares

182 959 354 994 σκεψώμεθα,
368 960 481 994 πότερον
495 960 605 994 ἄμεινον
622 961 679 994 μετ’
700 960 800 995 ἀρετῆς
814 960 827 985 ὁ
840 959 965 991 πλοῦτος,

181 1004 198 1039 ἣ
213 1005 273 1032 καθ’
288 1005 393 1032 ἑαυτόν.
422 1005 477 1032 Καὶ
500 1005 553 1040 μὴν
573 1006 587 1031 ό
604 1005 652 1040 μὲν
668 1005 718 1039 τῆς
737 1005 888 1040 εὐημερίας
904 1005 966 1031 ἑπι-

182 1050 336 1085 λειπούσης,
367 1050 406 1085 τῷ
422 1051 541 1085 κτήματι
560 1050 609 1084 τῆς
630 1050 732 1085 ἀρετῆς
754 1050 810 1085 ἔχει
832 1050 944 1086 θαρρεῖν
958 1058 964 1065 ·

181 1096 225 1122 τὸν
253 1096 281 1122 δὲ
312 1096 456 1131 οἰχομένης
481 1096 530 1130 τῆς
556 1096 708 1131 εὐπραγίας
736 1095 833 1130 ἄτιμον
857 1096 964 1130 ἀνάγκη

181 1141 298 1169 κεῖσθαι.
317 1140 496 1176 Ύποθώμεθα
508 1141 537 1167 δὲ
552 1142 642 1168 πᾶσαν
659 1140 794 1176 ῥᾳθυμίας
805 1140 864 1166 ὁδὸν
884 1140 964 1166 ἐκκό-

181 1190 302 1218 πτοντες,
321 1186 367 1213 καὶ
382 1186 547 1222 κεχωρίσθαι
564 1186 652 1213 ταῦτα
669 1187 702 1221 τῇ
720 1185 809 1220 φύσει,
836 1185 883 1212 καὶ
907 1187 965 1217 τοῖς

183 1233 231 1268 μὲν
246 1233 294 1268 τὴν
306 1232 415 1268 ἀρετὴν,
432 1234 489 1264 τοῖς
506 1233 534 1259 δὲ
554 1232 600 1259 τὸν
618 1232 731 1258 πλοῦτον
755 1231 966 1267 μεμερισμένως

182 1278 377 1313 περιγίνεσθαι,
403 1278 449 1305 καὶ
475 1278 512 1313 μὴ
526 1278 707 1313 μεταπίπτειν
728 1277 778 1313 τὴν
802 1277 963 1313 εὐημερίαν,

181 1324 275 1358 ὥσπερ
291 1323 340 1358 τὴν
357 1324 485 1358 Κροίσου.
504 1323 551 1354 Τίς
565 1321 611 1349 οὖν
631 1324 681 1349 οὐκ
703 1323 736 1349 ἂν
753 1323 840 1349 εἵλετο
863 1322 964 1358 μᾶλλον

181 1369 269 1395 Σόλων
284 1367 354 1395 εἶναι
370 1369 385 1404 ἢ
404 1370 536 1404 Κροῖσοςς
554 1370 601 1400 Τίς
617 1369 645 1395 δὲ
660 1369 721 1403 οὐχὶ
736 1368 858 1400 Πλάτων,
873 1369 889 1403 ἢ
906 1369 964 1394 Διο-

182 1415 291 1446 νύσιοςς
316 1414 358 1446 τίς
382 1415 409 1440 δὲ
424 1415 454 1441 οὐ
473 1414 621 1449 Σωκράτης
635 1414 745 1449 μᾶλλον,
761 1414 777 1449 ἢ
801 1414 963 1449 Ἀρχέλαος;

182 1461 228 1487 καὶ
246 1461 272 1487 τί
284 1460 325 1487 δεῖ
338 1460 449 1493 πολλοὺς
465 1460 625 1495 φιλοσόψους
641 1460 811 1495 καταλέγειν,
837 1461 883 1487 καὶ
900 1468 965 1494 συγ-

183 1507 283 1541 κρίνειν
296 1508 446 1542 τυράννοις,
463 1503 500 1533 ὦν
517 1507 565 1534 καλ¹
587 1507 604 1541 ἡ
633 1507 726 1542 μνήμη
743 1506 775 1533 ἂν
796 1506 923 1541 ἐσϐέσθη,
939 1507 963 1532 εἰ

184 1552 222 1588 μὴ
239 1553 282 1579 διὰ
292 1552 341 1588 τὴν
358 1553 468 1579 ἐκείνων
493 1553 593 1588 ἀρετήν
612 1561 639 1579 τε
657 1552 703 1579 καὶ
721 1553 835 1587 σοφίαν,
862 1552 901 1578 διὸ
916 1552 964 1578 καὶ
978 1567 1000 1596 C

182 1599 291 1630 τούτους
305 1599 413 1633 παρεὶς,
428 1598 475 1624 ἐπὶ
492 1599 537 1624 τὸν
551 1598 779 1633 συμϐουλευτικὸν
799 1598 899 1633 τρόπον
919 1598 964 1624 τὸν

182 1644 259 1678 λόγον
276 1643 419 1678 τρέψαιμι.
433 1644 462 1670 Εἰ
475 1643 565 1669 τοίνυν
580 1643 666 1678 ἀρετὴ
687 1642 736 1677 μὲν
750 1643 881 1678 κρείττων
896 1652 964 1678 χρη-

184 1691 315 1725 μάτων.ἡ
338 1690 366 1716 δὲ
393 1689 528 1724 εὐημερία
552 1689 568 1723 ή
589 1688 692 1723 ἀληθὴς
715 1689 771 1720 τοῖς
806 1689 962 1720 σπουδαίοις

182 1735 332 1766 ἀκολουθεῖ,
355 1735 402 1761 καὶ
415 1736 432 1770 ἡ
452 1734 567 1761 δοκοῦσα
584 1734 613 1760 δὲ
636 1734 727 1764 αὐτοῖς
741 1734 855 1760 ἕπεται·
876 1734 901 1760 εῑ
918 1734 966 1760 καὶ

181 1780 224 1807 διὰ
237 1780 267 1806 τὸ
277 1779 389 1810 εἰκότως
407 1779 561 1813 εὐδοκιμεῖν
580 1779 610 1805 οὐ
635 1778 783 1813 παρέχουσι
803 1778 964 1813 θαυμάζειν,

181 1826 235 1852 τῶν
250 1825 358 1860 φαύλων
375 1824 420 1851 διὰ
433 1825 462 1851 τὺ
477 1825 540 1860 παρ’
560 1824 637 1857 ἀξίαν
650 1824 774 1850 πλουτεῖν
791 1824 966 1860 γνωριμωτέ-

184 1880 236 1907 ρων
257 1871 453 1902 καθεστώτων.
480 1870 527 1897 καὶ
551 1870 681 1897 πλειόνων
703 1869 862 1897 δοκούντων.
889 1870 920 1896 Εἰ
937 1870 965 1896 δὲ

182 1917 228 1943 καὶ
242 1917 295 1943 [σοι
311 1914 365 1942 εἷεν
377 1916 415 1951 τῷ
439 1915 559 1950 ἀριθμῷ,
584 1915 712 1950 ἀμείνους
734 1915 759 1941 οἱ
785 1914 843 1949 μετ’
865 1915 965 1950 ἀρετῆς

181 1962 389 1998 εὐημεροῦντες.
403 1963 433 1989 El
447 1962 475 1989 δὲ
492 1962 538 1988 καὶ
557 1961 709 1996 κεχώριστο
722 1960 809 1987 ταῦτα
825 1962 857 1996 τῇ
874 1961 964 1995 φύσει,

181 2009 230 2043 τὴν
259 2007 358 2043 ἀρετὴν
384 2008 436 2043 πρὸ
460 2008 511 2043 τῆς
535 2007 684 2042 εὐημερίας
708 2007 848 2042 αἱρετέον’
867 2007 893 2033 τί
917 2016 966 2034 κα-

181 2053 411 2088 ταρῤᾳθυμοῦμεν
433 2053 478 2079 τὸν
505 2053 555 2088 τῆς
578 2053 679 2089 ἀρετῆς
709 2053 879 2088 προδιδόντες
907 2054 966 2080 στέ-

182 2108 281 2133 φανον;
295 2099 403 2126 Τούτων
422 2099 470 2134 μὲν
487 2097 534 2126 οὖν
548 2099 594 2125 καὶ
605 2099 692 2125 ἄλλων
708 2099 813 2125 πολλῶν
826 2099 927 2132 ἕνεκεν,
944 2097 966 2126 ὧ

183 2146 278 2176 παῖδες
294 2146 326 2172 ὲκ
337 2145 399 2177 νέας
414 2145 522 2180 ἡλικίας
540 2145 593 2180 χρὴ
609 2145 658 2180 τὴν
672 2145 772 2180 ἀρετὴν
788 2145 881 2171 ἀσκεῖν
891 2153 898 2160 ο
916 2146 965 2180 οὐχ

182 2191 283 2225 ἥκιστα
295 2190 334 2222 δὲ,
356 2190 423 2217 ἀλλὰ
446 2190 494 2216 καὶ
515 2190 632 2224 μάλιστα
653 2188 700 2216 τοῦ
727 2189 931 2225 ῥηθησομένου’
952 2191 966 2216 ὁ

1020 958 1134 984 invicem
1162 965 1233 991 esse,
1258 963 1284 984 et
1309 962 1398 984 utrum
1426 963 1563 992 praestent,
1590 960 1803 991 consideremus,

1019 1011 1080 1030 cum
1099 1003 1198 1030 virtute
1210 1004 1366 1035 divitim,‘an
1381 1011 1428 1037 per
1440 1011 1479 1030 se.
1493 1004 1538 1031 Ille
1552 1005 1683 1037 siquidem
1696 1005 1803 1032 fortuna

1017 1053 1044 1075 et
1059 1049 1230 1083 possessione
1245 1049 1388 1076 deficiente
1404 1050 1494 1082 habet,
1511 1050 1554 1077 cui
1571 1051 1644 1081 fidat,
1658 1051 1802 1084 virtutem;

1018 1095 1061 1122 hic
1069 1102 1134 1122 vero
1147 1094 1287 1123 deficiente
1298 1103 1425 1130 prospero
1436 1103 1562 1122 successu
1575 1096 1704 1134 inglorius
1718 1098 1803 1128 vivat,

1018 1148 1127 1168 necesse
1145 1145 1196 1168 est.
1213 1140 1349 1168 Ponamus
1362 1141 1473 1175 itaque;
1491 1140 1621 1175 pratelusa
1636 1141 1804 1176 negligentia:

1017 1186 1070 1218 via,
1086 1187 1123 1214 rei
1138 1192 1232 1214 natura
1244 1186 1376 1217 accidere,
1390 1191 1418 1213 ut
1434 1186 1495 1213 aliis
1511 1186 1618 1221 quidem
1635 1187 1730 1217 virtus,
1744 1187 1804 1214 aliis

1017 1240 1081 1259 vero
1097 1233 1195 1259 divitize
1215 1237 1288 1260 sorte
1307 1233 1458 1266 obtingant,
1481 1240 1531 1260 nec
1549 1232 1674 1260 recedere
1694 1241 1805 1268 prospe-

1017 1285 1072 1305 ram
1086 1278 1219 1305 fortunam
1237 1288 1243 1305 :
1261 1283 1288 1304 ut
1303 1278 1398 1305 Croeso
1413 1278 1520 1305 accidit.
1538 1278 1636 1312 Ecquis
1656 1278 1737 1311 igitur
1749 1287 1801 1306 non

1017 1322 1093 1349 malit
1111 1322 1192 1349 Solon
1208 1324 1297 1357 potius
1314 1330 1375 1351 esse
1389 1331 1469 1358 quam
1486 1324 1613 1350 Criesus?
1628 1323 1703 1350 Plato
1714 1325 1803 1358 potius

1016 1375 1097 1402 quam
1115 1368 1276 1402 Dionysius?
1291 1373 1318 1395 et
1332 1368 1459 1395 Socrates
1476 1377 1557 1403 quam
1577 1369 1745 1396 Archelaus?
1756 1371 1803 1397 sed

1016 1414 1079 1447 quid
1096 1413 1185 1447 plures
1210 1421 1423 1440 commemorare
1445 1414 1618 1448 philosophos
1641 1415 1755 1441 attinet?
1772 1423 1803 1442 ac

1017 1466 1093 1493 reges
1110 1466 1272 1493 componere
1289 1460 1353 1493 quid
1368 1460 1500 1486 necesse?
1520 1459 1639 1492 Quorum
1655 1460 1727 1487 fama
1748 1461 1804 1495 qui-

1016 1506 1075 1532 dem
1097 1505 1233 1532 exstincta
1254 1509 1306 1537 est,
1327 1512 1378 1531 non
1403 1512 1507 1536 eorum,
1524 1505 1567 1538 qui
1587 1505 1686 1532 virtute
1708 1510 1736 1532 et
1759 1513 1804 1532 sa—

1017 1551 1116 1585 pientia
1134 1551 1299 1577 claruerunt.
1320 1549 1500 1583 Quamobrem
1519 1551 1578 1577 istis
1601 1551 1691 1578 valere
1709 1552 1802 1585 jussis,

1017 1604 1168 1624 sermonem
1194 1597 1227 1623 ad
1255 1596 1396 1623 consiliqu
1423 1596 1595 1623 transferam.
1618 1597 1684 1623 (lum
1712 1598 1804 1632 itaque

1017 1643 1103 1669 virtus
1121 1642 1223 1669 divitiis
1237 1643 1272 1669 sit
1287 1643 1384 1676 potior,
1403 1650 1465 1669 vera
1481 1643 1596 1670 felicitas
1615 1644 1686 1670 viros
1705 1645 1803 1678 probos

1016 1687 1147 1721 sequitur,
1162 1693 1389 1721 appareusauteut
1404 1688 1540 1722 improbos
1551 1689 1696 1716 comitatur
1713 1700 1718 1717 :
1734 1697 1803 1717 tam-

1017 1731 1067 1757 etsi
1099 1730 1163 1757 illud
1187 1732 1256 1764 quod
1284 1732 1381 1758 merito
1409 1733 1486 1766 probi
1510 1733 1661 1760 habeantur
1680 1735 1802 1762 admira-

1017 1778 1117 1805 tionem
1139 1785 1191 1803 nou
1216 1778 1312 1812 pariatl
1336 1785 1395 1804 cum
1420 1779 1545 1813 improbi,
1573 1779 1645 1813 quod
1668 1780 1802 1809 immerito

1016 1823 1145 1856 ditentur,
1159 1823 1242 1859 614
1253 1824 1371 1851 notiores
1389 1823 1455 1850 fiant
1471 1824 1608 1859 plurisque
1623 1826 1802 1854 restituentur.

1016 1868 1093 1901 Quod
1106 1869 1127 1895 si
1144 1876 1222 1901 pares
1238 1876 1348 1896 numero
1360 1869 1472 1901 fuerint,
1488 1870 1614 1898 meliores
1630 1871 1723 1905 utique
1736 1872 1800 1904 sint,

1016 1914 1061 1947 qui
1077 1921 1137 1940 cum
1158 1914 1257 1941 virtute
1271 1914 1403 1941 secundos
1422 1915 1573 1942 sortiantur
1587 1920 1711 1944 eventus.
1724 1917 1801 1950 Quod

1016 1959 1039 1986 si
1064 1965 1161 1986 natura
1185 1960 1243 1987 haec
1272 1966 1448 1993 concurrant,
1475 1961 1562 1988 virtus
1589 1969 1656 1989 sane
1680 1961 1800 1990 felicitati

1016 2012 1096 2040 opum
1118 2007 1314 2040 anteponenda.
1329 2006 1397 2040 Quid
1421 2006 1511 2041 itaque
1532 2008 1638 2035 virtutis
1656 2009 1800 2042 prodentes

1016 2059 1145 2078 coronam
1162 2060 1210 2086 per
1224 2046 1354 2079 incuriam
1375 2053 1544 2080 amittimus?
1563 2052 1663 2080 Horum
1678 2054 1758 2088 igitur
1773 2060 1800 2082 et

1016 2096 1129 2123 aliarum
1152 2105 1240 2124 rerum
1254 2097 1370 2131 plurium
1392 2105 1483 2130 causa,
1499 2105 1515 2125 ο
1529 2097 1654 2132 juvenes,
1669 2106 1683 2125 a
1699 2099 1799 2126 teneris

1016 2142 1102 2169 virtus
1117 2146 1158 2169 est
1177 2143 1338 2174 exercenda.
1357 2150 1409 2169 non
1437 2143 1537 2175 minus,
1555 2143 1609 2170 imo
1630 2151 1694 2171 vero
1716 2145 1800 2179 magis

1015 2188 1050 2215 ob
1061 2196 1104 2220 ea,
1118 2195 1178 2222 quae
1191 2196 1252 2215 mox
1269 2188 1475 2215 declarabimus.
1490 2188 1540 2222 Qui
1556 2189 1627 2216 enim
1644 2197 1724 2216 senex
1742 2190 1799 2224 jam

184 2236 234 2271 μὲν
251 2236 305 2270 γὰρ
328 2236 356 2262 ἐν
373 2237 447 2271 γήρᾳ.
475 2235 574 2270 ταύτην
602 2235 805 2270 ἀσπασάμενος,
826 2235 885 2262 ὅλον
899 2236 965 2262 ἀνα-

1019 2233 1144 2260 virtutem
1163 2233 1360 2268 complectitur,
1385 2240 1465 2260 omne
1482 2234 1613 2267 reliquum
1633 2236 1801 2270 consumpsit

182 2282 270 2309 λίσχει
282 2282 327 2308 τὸν
345 2282 483 2307 ἐπίλοιπον
500 2281 604 2316 χρόνον,
618 2281 661 2307 ἵνα
674 2281 774 2317 δυνηθῇ
793 2281 827 2308 τὰ
840 2282 966 2316 ἁμαρτη-

182 2328 263 2355 θέντα
291 2327 365 2362 αὐτῷ
385 2328 455 2354 κατὰ
479 2328 528 2362 τὴν
553 2327 665 2362 πρώτην
692 2328 741 2353 καὶ
766 2327 895 2362 δευτέραν
920 2327 966 2353 καὶ

182 2372 277 2408 τρίτην
304 2372 415 2407 ἡλικίαν
438 2371 650 2407 ἀποτρίψασθαι,
680 2372 726 2398 καὶ
755 2373 829 2398 πᾶσα
856 2372 965 2407 αὐτῷή

182 2417 284 2452 σπουδὴ
299 2418 339 2448 είς
356 2417 436 2443 τοῦτο
453 2417 617 2444 δαπανᾶται.
636 2416 691 2443 Καὶ
712 2417 765 2443 οὐδ’
782 2416 853 2443 οὕτω
868 2416 966 2443 πολλά-

182 2471 225 2494 κις
249 2463 344 2498 ἀρκεῖ·
374 2462 431 2496 εῑγε
459 2462 638 2497 ἀσύγγνωστα
654 2462 707 2496 εἰη.
734 2463 780 2488 καὶ
803 2462 907 2497 μεγάλα
932 2462 967 2489 τὰ

181 2507 362 2542 ἐπταισμένα,
386 2507 443 2534 ἀλλ’
470 2508 648 2534 ἀπελεύσεται
672 2507 739 2542 πρὸς
758 2508 803 2534 τὸν
820 2508 965 2534 ἀδέκαστον

182 2553 289 2588 κριτὴν,
301 2553 415 2587 λείψανα
430 2553 484 2579 τῶν
495 2553 658 2588 τραυμάτων
673 2553 878 2588 ἐπιφερόμενος.
896 2553 925 2579 '0
938 2553 966 2579 δὲ

183 2598 214 2624 ἐκ
230 2599 293 2629 νέας
316 2597 424 2633 ἡλικίας
446 2598 495 2634 τὴν
515 2598 615 2633 ἀρετὴν
638 2599 871 2634 περιπτυξάμενος
885 2620 892 2632 ,
915 2600 965 2626 οὐκ

182 2645 220 2676 εὶς
228 2645 308 2671 τοῦτο
317 2645 455 2671 ἀναλίσκει
464 2645 509 2671 τὸν
522 2646 628 2680 χρόνον,
638 2645 697 2671 οὐδὲ
708 2645 825 2680 κάθηται
837 2646 964 2682 ὥσπερέν

183 2691 303 2726 ίατρείῳ,
313 2690 424 2717 δυσίατα
437 2691 502 2726 ἕλκη
515 2691 683 2727 θεραπεύων,
692 2691 739 2718 καὶ
750 2691 825 2727 παρὰ
834 2692 887 2718 τῶν
896 2701 966 2728 παρ-

181 2736 327 2762 οδευόντων
334 2735 424 2767 ἄθλιος
432 2731 501 2763 εἶναι
511 2736 698 2771 νομιζόμενος·
709 2737 765 2764 ἀλλ’
775 2739 806 2764 ὲκ
815 2739 964 2774 προοιμίων

180 2781 295 2817 λαμπρὰ
307 2781 415 2816 δέχεται
432 2782 465 2808 τὰ
481 2782 611 2817 βραϐεἶα·
630 2783 755 2815 κάκεῖνος
777 2784 825 2819 μὲν
844 2785 962 2820 στέργει,

180 2829 225 2853 καὶ
239 2826 381 2861 ἀγαπητὸν
397 2827 514 2861 ἡγεῖται,
531 2826 563 2861 ἢν
581 2826 629 2858 τὰς
641 2827 726 2862 ἥττας
738 2828 963 2863 ἀναμαχέσασθαι

180 2872 270 2904 πάσας
281 2871 393 2907 δυνηθῇ.
410 2868 493 2904 Οὗτος
504 2872 532 2900 δὲ
546 2872 579 2899 ἒκ
592 2871 715 2907 βαλϐίδος
729 2873 811 2908 αὐτῆς
823 2874 963 2907 τροπαίοις

1016 2279 1137 2313 elapsum
1162 2283 1281 2313 tempus,
1298 2286 1362 2313 .quo
1387 2279 1472 2312 possit
1493 2279 1518 2305 in
1550 2280 1657 2314 prima,
1682 2281 1798 2307 secunda

1017 2326 1150 2360 tertiaque
1170 2330 1249 2351 mtate
1273 2325 1306 2351 ab
1329 2325 1386 2359 ipso
1409 2325 1553 2352 commissa
1577 2326 1672 2352 delicta
1697 2327 1800 2354 abster-

1016 2371 1102 2405 geudo
1116 2371 1229 2402 diluere,
1256 2375 1337 2404 atque
1361 2378 1440 2398 omne
1465 2372 1581 2398 studium
1606 2372 1631 2398 iu
1649 2379 1681 2398 eo
1704 2379 1800 2399 consu.

1017 2417 1114 2444 mendo
1136 2417 1237 2452 posuit,
1254 2425 1285 2443 ac
1304 2424 1336 2443 ne
1352 2417 1377 2443 id
1399 2417 1507 2452 quidem
1533 2425 1719 2452 saepenumero
1733 2419 1800 2445 satis

1016 2468 1067 2491 est.
1084 2463 1158 2496 Quod
1172 2464 1194 2490 si
1211 2464 1303 2498 gravia
1322 2464 1387 2496 sint,
1403 2468 1427 2491 et
1448 2464 1545 2498 quibus
1560 2465 1661 2499 ignosci
1680 2472 1733 2491 nou
1752 2465 1799 2492 de-

1016 2510 1090 2541 beat,
1112 2508 1209 2536 delicta
1223 2528 1230 2540 ,
1248 2509 1359 2536 sistetur
1373 2514 1461 2537 tamen
1475 2510 1630 2544 incorrupto
1641 2509 1737 2544 judiei,
1753 2510 1798 2544 qui

1015 2553 1157 2580 vulnerum
1186 2558 1275 2587 gestat
1300 2554 1451 2581 cicatrices.
1482 2554 1532 2587 Qui
1557 2561 1620 2581 vero
1650 2555 1684 2581 ab
1710 2554 1800 2581 adole-

1016 2597 1121 2624 scentia
1138 2597 1264 2623 virtutem
1279 2598 1314 2624 sit
1329 2598 1493 2632 complexus,
1512 2606 1564 2625 non
1579 2598 1614 2624 ita
1631 2599 1720 2632 perdit
1732 2603 1799 2626 tem-

1016 2650 1079 2677 pus,
1110 2649 1197 2676 neque
1219 2642 1354 2669 decumbit
1382 2643 1465 2670 veluti
1500 2643 1525 2670 in
1552 2643 1649 2670 medici
1674 2643 1797 2675 ofﬁcina,

1016 2692 1112 2714 curatu
1139 2687 1292 2715 difﬁcilibus
1313 2688 1473 2716 medicinam
1498 2688 1629 2716 adhibens
1654 2689 1797 2721 ulceribus,

1016 2739 1042 2761 et
1057 2742 1070 2760 a
1084 2734 1410 2768 pratereuutibusmiiser
1420 2734 1595 2761 mstimandus
1610 2743 1617 2760 :
1631 2735 1694 2769 quin
1711 2736 1799 2769 potius

1016 2789 1030 2808 a
1052 2781 1113 2807 vita:
1137 2780 1248 2807 exordio
1279 2779 1393 2805 illustria
1419 2779 1516 2813 accipit
1537 2779 1660 2813 pranuia,
1678 2784 1705 2806 et
1727 2785 1799 2807 amat

1016 2827 1124 2862 quidem
1140 2827 1197 2859 ille,
1211 2826 1378 2859 charumque
1400 2823 1484 2856 ducit,
1499 2823 1521 2851 si
1542 2824 1709 2852 calamitates
1725 2833 1800 2852 aver-

1017 2881 1132 2901 runcare
1152 2877 1233 2907 queat
1252 2872 1400 2899 universas.
1422 2871 1467 2898 llic
1492 2878 1506 2896 a
1523 2878 1619 2897 cursus
1645 2871 1723 2898 initio
1744 2877 1799 2898 tro—
