2049 3162
238 146 306 178 1423

839 148 870 178 S.
891 147 1038 178 ISIDORI
1058 144 1278 176 PELUSlOT/E

1813 142 1877 174 Hii

239 204 304 238 pta-is
324 209 356 230 ac
375 203 519 238 praeconiis
534 203 664 236 exsultat,
683 203 964 240 victoriasquejungit
988 203 1030 231 vi-

1092 202 1127 229 ιαὶ
1152 201 1337 237 ὰναρῤήσεσιν
1364 199 1530 235 ἀγάλλεται,
1556 201 1603 228 καὶ
1635 201 1713 233 νίκας
1746 191 1876 230 συνᾶπτει

239 249 346 276 ctoriis.
383 247 417 275 Et
441 247 514 276 velut
536 255 552 276 a
579 248 650 276 linea
675 248 862 285 Olympionica
890 249 977 277 victor
1002 249 1036 276 ad

239 294 382 330 praemium
398 301 458 321 cum
470 293 552 322 laude
564 295 706 323 contendit
719 304 726 322 :
739 295 776 323 ita
789 296 822 322 ad
835 296 1034 325 munerarium.

239 341 286 374 qui
313 340 484 368 certantibus
511 341 621 375 pra'mia
648 341 774 377 largitur,
798 342 930 376 sedetque
952 341 1036 376 judex

240 385 335 413 talium
348 387 544 419 certaminum,
558 388 693 422 perveniet
707 388 790 415 variis
801 388 937 422 clarisque
948 392 1030 421 caput

239 432 350 460 corollis
371 433 523 460 redimitus.
544 433 610 460 Esse
629 439 695 459 Vero
714 438 775 468 post
796 433 867 460 hanc
885 434 948 460 vitm
964 433 1036 459 viam

239 477 361 504 divinum
385 477 504 505 tribunal
529 485 582 505 non
614 486 658 506 res
679 478 759 505 modo
787 484 878 512 gemas
902 482 931 505 et
955 478 1037 505 verba

240 523 382 557 cujusque,
401 523 447 550 sed
466 528 492 550 et
515 523 698 558 cogitationes
716 528 844 550 accurate
865 523 1037 562 exatninans,

241 568 375 602 spondent
392 573 578 603 testanturqne
589 569 671 596 etiam
687 569 852 604 philosophi,
867 569 1037 596 fabularum-

243 622 296 649 que
325 615 485 649 scriptores,
501 620 598 649 pecten,
635 620 757 642 oratores
785 620 867 649 atque
896 615 1031 648 historici,

242 667 359 694 quorum
375 660 446 686 dicta
459 667 491 686 ac
510 660 662 687 testimonia
679 660 741 687 huic
756 659 876 692 adjicere
887 660 1037 694 potuissem

245 705 415 738 hartationi,
451 705 502 732 nisi
535 709 642 740 turpem
672 705 818 732 oblivionis
846 711 937 732 notam
962 705 1040 734 vobis

245 750 315 777 inuri
333 755 456 784 putarem
483 758 575 778 eorum
601 751 790 784 scientiarum,
817 759 886 786 quas
906 753 1038 779 memoria

245 796 354 823 tenetis.
374 796 402 823 Si
420 802 510 824 autem
531 797 665 832 judicium
690 803 731 825 e5t
751 799 884 831 futurum,
902 803 931 826 ut
947 807 1039 826 verum

243 846 296 874 est,
311 842 398 870 virtus
414 850 478 877 ergo
497 845 659 871 exercenda.
677 844 752 877 Quod
774 845 796 871 si
815 844 953 872 nonnullis
969 844 1039 871 dim-

1086 248 1175 279 νίκαις
1187 255 1195 263 ⁸
1211 247 1258 274 καὶ
1273 246 1397 282 καθάπερ
1414 246 1624 282 Ὀλυμπιονίκης
1636 247 1690 274 ἀπὸ
1699 247 1838 283 γραμμῆς
1848 248 1879 275 δι’

1086 293 1265 328 ἀναρρήσεων
1280 292 1326 319 επὶ
1343 292 1374 318 τὸ
1388 292 1473 328 γέρας
1487 293 1596 326 ὁδεύων,
1621 293 1710 325 οὕτως
1724 293 1880 320 ἀτ-,ελεῦσε-

1086 347 1132 364 ται
1149 337 1217 373 πρὸς
1239 338 1285 364 τὸν
1297 338 1469 373 ἀγωνοθέτην
1489 339 1536 366 καὶ
1554 339 1652 374 κριτὴν
1673 340 1729 366 τῶν
1752 340 1881 366 τοιούτω)

1088 384 1296 419 παλαισμάτων,
1323 384 1431 416 πολλοῖς
1453 384 1501 411 καὶ
1520 384 1658 420 λαμπροῖς
1683 386 1734 420 τὴν
1759 385 1881 421 κεφαλὴν

1087 431 1292 466 ἀναδησάμενος
1315 431 1468 465 στεφάνοις.
1487 431 1549 458 Ὀτι
1576 432 1630 466 γὰρ
1644 432 1719 457 ἔστιν
1745 431 1818 465 μετὰ
1835 432 1883 466 τὴν

1088 477 1214 503 ἐντεῦθεν
1238 477 1394 512 ἀποδημίαν
1418 477 1491 504 θεῖον
1518 476 1704 512 δικαστήριον,
1736 477 1767 504 οὐ
1802 477 1883 512 μόνον

1090 523 1269 559 πραγμάτων,
1288 523 1349 549 οὐδὲ
1371 524 1519 558 ῥημάτων,
1544 523 1613 550 ἀλλὰ
1634 525 1681 550 καὶ
1706 523 1820 550 ἐννοιῶν
1842 523 1882 556 ἐξ·

1089 569 1243 602 εταστικδν,
1256 570 1303 596 καὶ
1315 569 1465 604 φιλόσοφοι,
1476 569 1523 596 καὶ
1539 569 1687 603 λογοποιοὶ,
1700 570 1746 596 καὶ
1757 571 1880 605 ῥήτορες,

1089 616 1136 642 καὶ
1151 615 1264 650 ποιηταὶ
1273 636 1280 647 ,
1298 615 1346 642 καὶ
1357 617 1526 650 συγγραφεῖς
1537 616 1702 649 ἐγγυῶνται.
1716 612 1768 641 Ὧν
1779 616 1881 648 καὶτὰς

1091 660 1186 695 ῥήσεις
1210 660 1372 695 παρεθέμην
1398 660 1430 686 ἂν
1456 660 1520 695 τῇδε
1535 661 1567 695 τῇ
1594 660 1770 694 παραινέσει,
1793 660 1816 686 εί
1843 661 1878 695 μή

1089 704 1200 740 λεληθὸς
1214 705 1316 736 ὄνειδος
1343 705 1423 740 ᾤμην
1448 705 1512 740 ὑμῖν
1533 705 1763 740 προστρίϐεσθαι,
1785 705 1879 732 ἔναυλα

1091 750 1182 785 ἔχουσι
1196 751 1229 777 τὰ
1243 750 1403 786 μαθήματα,
1416 751 1447 777 Et
1461 751 1489 777 δὲ
1505 751 1597 786 κρίσις
1614 751 1699 783 ἐστὶν,
1726 751 1824 785 ὥσπερ
1837 749 1880 777 οὖν

1091 797 1138 824 καὶ
1155 797 1223 830 ἐστι,
1235 797 1284 832 τὴν
1296 796 1399 832 ἀρετὴν
1410 795 1544 831 ἀστὶητέον
1554 805 1561 812 ο
1573 798 1597 823 εί
1612 798 1639 824 δὲ
1651 798 1697 824 καί
1713 805 1787 823 τισιν
1810 795 1880 823 εἶναι

1090 843 1224 879 δυσχερὴς
1255 843 1338 875 δοκεῖ,
1365 844 1445 878 ῥᾳδία
1469 843 1534 878 ὑμῖν
1556 843 1642 874 ἔσται,
1665 844 1690 869 εἰ
1715 843 1831 878 φύγοι-τε
1851 842 1883 869 τὶ

245 888 297 915 cile
315 896 347 915 ac
367 889 511 916 molestum
528 890 675 922 videbitur,
694 890 769 918 vobis
786 898 853 917 sane
871 890 951 918 facile
970 891 1034 924 erit,

1092 888 1192 924 θέατρα
1209 889 1330 921 καὶτοὺς
1342 888 1539 924 ἱπποδρόμους,
1555 889 1606 924 τὴν
1619 889 1711 924 κοινὴν
1729 888 1782 924 τῆς
1793 890 1883 915 οἰκου-

246 934 269 960 si
296 934 399 961 theatra
429 940 510 969 atque
534 935 738 970 hippodromos,
762 936 925 971 curnlesque
952 937 1047 969 ludos,

248 981 300 1007 hoc
315 984 369 1014 est,
387 987 559 1008 communem
580 982 701 1009 universi
723 981 806 1009 totius
828 987 930 1017 pestem
952 981 1039 1017 fngie-

248 1025 281 1052 tis
298 1025 406 1052 :dicam
436 1026 570 1059 amplius,
598 1035 650 1053 non
675 1027 794 1054 universi
821 1028 914 1060 modo,
938 1028 986 1055 sed
1013 1032 1040 1054 et

247 1071 366 1104 urbium,
379 1071 404 1099 iu
421 1072 518 1106 quibus
532 1079 563 1099 ca
577 1073 741 1100 exhibentur
753 1074 906 1108 spectacula
920 1082 927 1100 :
940 1081 971 1101 ac
987 1081 1039 1100 non

248 1123 352 1145 tantum
370 1119 476 1145 urbium
492 1119 643 1151 interitum,
662 1120 708 1147 sed
725 1120 815 1154 potius
840 1120 873 1147 iis
888 1120 1039 1147 deditorum

246 1165 280 1190 ad
299 1164 470 1195 hocrmalum
493 1165 634 1192 hominum
652 1166 748 1200 gignit.
762 1165 876 1193 Cunctis
893 1174 959 1201 ergo
975 1166 1040 1192 viri-

248 1207 297 1235 bus
319 1208 351 1236 ad
378 1208 486 1236 virtutis
514 1213 555 1236 est
572 1214 710 1237 certamen
735 1211 965 1237 contendendum.
989 1209 1040 1243 Qui

246 1254 330 1281 claris
344 1254 396 1281 orti
413 1256 574 1288 parentibus
585 1255 710 1283 dedecori
723 1263 758 1283 ne
770 1256 825 1283 sint
842 1256 918 1290 stirpi
932 1255 1041 1290 generis

247 1299 300 1326 sui.
319 1299 369 1333 Qui
392 1307 457 1327 vero
478 1301 573 1327 humili
592 1305 656 1328 sunt
673 1300 733 1328 loco
748 1301 815 1333 nati,
831 1305 959 1336 parentes
978 1307 1042 1328 suos

253 1346 401 1373 illustrant.
430 1346 532 1373 Divites
557 1346 666 1380 quidem
696 1347 825 1373 ntuudum
850 1351 1041 1381 ornatumque,

250 1391 346 1426 inopes
359 1398 424 1417 vero
447 1396 554 1426 portqu
578 1391 784 1426 perfugiumque
806 1392 908 1418 virtute
933 1398 1044 1425 compa-

251 1439 352 1463 rantes.
377 1434 423 1462 Sic
445 1436 501 1468 llet,
527 1442 555 1463 lll.
573 1441 700 1470 parentes
722 1443 769 1463 vos
793 1437 943 1464 honoretis.
959 1436 1042 1472 615

251 1482 301 1515 Qui
316 1489 380 1509 vero
397 1486 546 1516 sequentur
568 1481 658 1513 liberi,
680 1488 822 1516 parentum
845 1490 893 1509 vos
909 1483 970 1510 loco
987 1484 1043 1510 sint

251 1528 380 1559 habituri,
411 1535 443 1554 ac
472 1527 594 1554 divinum
619 1528 695 1554 vobis
719 1528 827 1554 cmlitus
854 1526 917 1556 Jesu
943 1528 1043 1555 Christi

251 1573 341 1600 lumen
359 1571 508 1606 an‘ulgebit.
537 1572 582 1600 Sic
609 1572 682 1600 enim
710 1573 788 1600 vobis
813 1579 869 1599 rem
887 1573 1044 1608 gerentibus

251 1619 351 1646 claram
367 1618 473 1646 virtutis
485 1618 607 1653 lampada
620 1619 768 1646 accendent
784 1618 811 1645 in
829 1618 933 1646 caelesti
949 1626 1042 1653 regno,

252 1670 279 1693 et
294 1672 430 1693 summam
445 1665 471 1692 in
488 1672 520 1692 eo
539 1664 681 1692 beatorum
702 1663 871 1698 maiestatem
893 1671 1045 1698 conseque--

252 1720 329 1739 1111111.

251 1765 428 1794 CLXXXVII.
448 1781 483 1786 ——
506 1765 658 1793 EGYPTO
678 1764 916 1794 PRESBYTERO.
944 1764 1044 1799 (Forte

445 1801 582 1834 ALYPlO,
601 1802 644 1829 cui
662 1809 733 1836 saape
750 1802 851 1836 alias.)

1091 934 1174 970 μένης
1190 934 1296 970 λύμην·
1312 934 1412 969 μᾶλλον
1440 934 1469 961 δὲ
1491 934 1522 960 οὐ
1548 935 1598 970 τῆς
1613 935 1792 969 οἰκουμένης,
1816 935 1884 961 ἀλλὰ

1089 980 1143 1006 τῶν
1159 980 1264 1006 πόλεων
1279 981 1333 1006 τῶν
1350 980 1469 1014 ἐχουσῶν
1481 980 1636 1007 τὰτοιαῦτα
1655 981 1783 1015 θεάματα
1794 989 1801 995 ·
1817 981 1885 1015 μᾶλ-

1090 1027 1135 1053 λον
1148 1026 1177 1053 δὲ
1191 1026 1252 1052 οὐδὲ
1265 1026 1323 1052 τῶν
1337 1026 1452 1057 πόλεων,
1468 1026 1536 1052 ἀλλὰ
1547 1026 1601 1052 τῶν
1624 1026 1806 1061 βουλομένων,
1836 1028 1882 1053 καὶ

1091 1072 1383 1107 ὑποκατακλινομένων
1397 1073 1453 1104 τοῖς
1463 1071 1594 1103 τοιούτοις
1609 1073 1713 1103 κακοῖς.
1730 1073 1819 1098 Παντὶ
1830 1073 1885 1098 τοί-

1090 1117 1223 1152 νυνΘυμῷ
1239 1117 1306 1153 πρὸς
1319 1117 1382 1148 τοὺς
1395 1117 1445 1152 τῆς
1458 1117 1557 1151 ἀρετῆς
1570 1117 1667 1148 ἄθλους
1684 1117 1850 1156 ἀποξυτέοψ
1860 1118 1883 1143 οι

1093 1164 1142 1198 μὲν
1159 1164 1191 1189 ἐκ
1203 1163 1337 1198 λαμπρῶν
1349 1163 1450 1196 γονέων
1462 1162 1615 1198 τεχθέντες,
1636 1163 1674 1197 μὴ
1687 1163 1884 1197 καταιηὺνον-

1091 1218 1137 1241 τες
1151 1209 1182 1235 τὸ
1198 1209 1277 1243 γένος
1288 1216 1295 1223 ⁸
1318 1210 1343 1235 οἱ
1359 1209 1387 1235 δὲ
1402 1209 1434 1235 ὲκ
1455 1208 1592 1235 ταπεινῶν
1616 1209 1727 1243 φύντες,
1753 1209 1882 1244 λαμπρύ-

1092 1264 1183 1287 νοντες
1194 1255 1258 1287 τοὺς
1273 1255 1403 1286 τεκόντας
1416 1263 1422 1269 ·
1439 1255 1463 1281 οἱ
1476 1255 1525 1290 μὲν
1540 1254 1662 1281 πλούσιοι
1680 1255 1796 1290 κόσμον,
1817 1257 1841 1282 οἱ
1855 1255 1883 1281 at

1092 1303 1210 1337 πένητες
1240 1302 1324 1337 ὅρμον
1349 1301 1600 1333 κατασκευάζοντες
1630 1302 1746 1332 ἑαυτοῖς·
1785 1302 1810 1326 οἱ
1837 1302 1883 1334 μὶν

1094 1347 1221 1383 ὑμέτεροι
1241 1347 1358 1382 πατέρες
1385 1347 1456 1382 ὑμᾶς
1470 1346 1669 1373 αἰδείσοωσαν·
1691 1347 1717 1372 οἱ
1736 1346 1764 1372 δὲ
1787 1346 1885 1381 ἐτέρω-

1094 1395 1139 1421 θεν
1149 1394 1263 1428 ἥκοντες
1275 1393 1378 1425 παῖδες,
1391 1392 1514 1428 πατέρας
1524 1393 1596 1428 ὑμᾶς
1606 1392 1792 1426 ἡγείσθωσαν.
1805 1393 1883 1419 Οὖτω

1093 1441 1148 1476 γὰρ
1163 1441 1227 1475 ὑμῖν
1256 1440 1486 1474 πολιτευομένοις,
1511 1438 1559 1466 καῖ
1583 1439 1715 1474 λαμπρὰν
1734 1439 1885 1466 ἀνάπτουςι

1093 1485 1143 1520 τῆς
1160 1486 1260 1522 ἀρετῆς
1271 1485 1320 1521 τὴν
1335 1485 1476 1521 λαμπάδα,
1503 1485 1550 1511 καὶ
1579 1485 1609 1511 τὸ
1625 1485 1697 1511 θεῖον
1713 1485 1778 1519 ὑμῖν
1802 1485 1881 1519 οὖρα-

1095 1529 1172 1556 νὸΟεν
1195 1529 1243 1556 τοῦ
1277 1530 1397 1565 Χριστοῦ
1422 1531 1595 1564 ὲπιφανεῖται
1621 1531 1668 1556 καὶ
1700 1529 1881 1556 ἐπισπάσεται

1097 1575 1165 1610 πρὸς
1180 1575 1260 1601 ἑαυτὸ
1277 1575 1370 1607 σέλας,
1386 1575 1579 1602 ἀποκαλύπτον
1605 1576 1672 1610 ὑμῖν
1685 1575 1734 1602 καὶ
1763 1576 1813 1610 τὴν
1833 1575 1884 1601 τῶν

1097 1621 1218 1656 οὐρανῶν
1245 1621 1393 1656 βασιλείαν,
1424 1621 1472 1648 καὶ
1497 1622 1548 1657 τὴν
1577 1622 1606 1648 ὲν
1628 1622 1699 1656 αὐτῇ
1726 1621 1783 1648 τῶν
1803 1621 1885 1655 ἁγίων

1098 1666 1294 1702 ὑπέρλαμπρον
1305 1666 1393 1700 ἀξίαν.

1148 1792 1155 1801 ,
1203 1771 1287 1796 Ριηι.
1310 1785 1344 1789 -
1359 1770 1510 1806 ΑΙΓΥΠΤῼ
1530 1769 1768 1806 ΠΡΕΣΒΥΤΕΡῼ.

462 1856 498 1884 De
514 1862 609 1883 natura
625 1857 722 1884 animo:
737 1857 889 1892 qua-situm,
908 1856 1040 1890 quomodo
1059 1855 1150 1882 divina
1163 1855 1276 1882 essentia
1293 1855 1406 1882 dicatur.
1425 1855 1501 1891 (Max
1513 1856 1589 1890 epist.
1606 1855 1681 1891 191.)

289 1911 412 1938 Divinam
429 1911 554 1945 equidem
565 1919 626 1939 esse
644 1911 725 1938 credo
740 1911 870 1943 animam,
884 1918 937 1938 non
954 1915 1044 1937 tamen

255 1956 407 1984 divinitatis
431 1956 564 1990 regimque
591 1962 694 1991 partem
716 1961 840 1991 naturae;
863 1956 1044 1983 immortalem

255 2009 374 2035 quoque,
391 2008 486 2027 verum
503 2001 637 2036 principio
659 2010 712 2029 non
736 2007 874 2031 carentem
891 2001 1047 2036 ejusdemve

255 2052 318 2071 cum
341 2045 495 2072 Conditoris
519 2050 615 2072 natura
643 2047 818 2074 substantiae.
841 2047 870 2074 Si
898 2048 972 2074 enitn
997 2045 1046 2074 Dei

256 2089 400 2118 ineffabilis
421 2090 492 2118 foret
521 2098 595 2125 pars,
619 2099 757 2127 nunquam
782 2097 922 2127 peccasset
943 2093 1046 2126 anima,

255 2145 287 2164 ac
310 2137 480 2172 nejudicata
497 2143 570 2166 esset
597 2146 724 2172 unquam.
745 2139 821 2173 Quod
839 2147 900 2167 cum
924 2139 962 2166 illi
981 2147 1048 2167 con-

1134 1909 1216 1937 Θείαν
1232 1910 1281 1944 μὲν
1293 1910 1436 1946 ἡγούμεθα
1451 1908 1522 1937 εῖναι
1541 1911 1592 1946 τὴν
1606 1911 1708 1946 ψυχὴν,
1725 1911 1757 1938 οὗ
1775 1911 1828 1947 μὴν
1841 1911 1885 1944 τῆς

1099 1957 1242 1991 θειοτάτης
1263 1957 1310 1983 καὶ
1335 1956 1552 1992 βασιλικωτάτης
1577 1958 1687 1992 φύσεως
1709 1958 1826 1993 μοῖραν·
1843 1958 1886 1983 καὶ

1096 2001 1241 2035 ἀθάνατον,
1255 2002 1313 2029 ἀλλ’
1324 2003 1355 2028 οὐ
1368 2002 1419 2037 τῆς
1431 2002 1550 2038 ἀνάρχου
1564 2002 1610 2029 καὶ
1623 2003 1772 2037 ποιητικῆς
1784 2002 1888 2037 φύσεως

1096 2047 1252 2082 ὁμοούσιον.
1275 2048 1307 2074 Et
1322 2049 1376 2084 γὰρ
1392 2048 1500 2082 ἐκείνης
1527 2048 1577 2083 τῆς
1596 2049 1717 2084 ἀρρήτου
1741 2046 1777 2084 ἦν
1796 2048 1886 2084 μέρος,

1096 2094 1147 2120 οὐκ
1166 2093 1199 2120 ἂν
1212 2094 1347 2130 ἥμαρτεν,
1369 2094 1429 2120 οὐδὲ
1445 2094 1541 2130 ὲκρίοη
1555 2102 1561 2108 ·
1583 2095 1608 2120 εἰ
1623 2093 1752 2121 δὲταῦτα
1771 2094 1887 2128 mium,

1097 2139 1147 2174 τῆς
1162 2139 1294 2166 ἀνωτάτω
1307 2138 1401 2170 οὐσίας
1415 2139 1522 2174 ποίημα
1538 2138 1652 2171 δικαίως
1666 2139 1700 2166 ἂν
1717 2138 1888 2172 πιστευθείη,

257 2184 353 2218 tigerit
367 2185 552 2216 c0ntlcmnari,
574 2185 673 2212 divinze
693 2193 862 2221 summaeque
887 2185 1041 2214 substantia

1101 2185 1132 2212 οὐ
1153 2185 1251 2220 μέρος·
1279 2185 1323 2212 ενα
1344 2186 1381 2220 μὴ
1403 2185 1502 2221 ἑαυτὴν
1518 2187 1535 2220 ἡ
1551 2185 1618 2219 Ιθεία
1643 2186 1724 2220 φύσις
1749 2186 1887 2222 κρίνουσα,

255 2237 323 2264 opus
343 2237 395 2256 non
416 2237 479 2264 pars
495 2237 557 2257 esse
581 2230 678 2258 merito
705 2231 890 2258 credendum:
909 2238 943 2258 ne
957 2232 1048 2259 divina

258 2275 300 2302 vis
323 2275 460 2310 iudicasse
487 2276 603 2310 seipsam
632 2276 860 2311 deprehendatur,
889 2278 930 2304 vel
958 2278 1047 2313 potius

257 2321 454 2348 condemnasse
468 2321 601 2348 videatur.

257 2374 443 2405 CLXXXVIII.
469 2375 728 2413 :__r;vathaLto
761 2378 918 2406 nmcono.
949 2378 1047 2413 (Lego

476 2409 672 2444 EVANGELO,
686 2421 715 2440 ut
729 2415 803 2441 alibi.
819 2414 828 2448 )

1103 2231 1205 2266 μᾶλλον
1220 2231 1248 2257 δὲ
1266 2231 1468 2267 κατακρίνουσα
1483 2231 1636 2266 φωραθείη.

1236 2379 1324 2406 ΡΠΗ¹.
1343 2393 1377 2398 --
1395 2378 1585 2414 ΕΥΛΓΓΕΛΙῼ
1607 2379 1768 2414 ΔΙΛΚΟΝῼ.

261 2458 393 2486 Virtutem
405 2457 432 2484 in
450 2456 631 2485 mediocritate
643 2460 794 2488 consistere.
818 2460 908 2488 Virtus
922 2466 959 2488 est
983 2461 1097 2488 medium
1113 2461 1246 2493 vitiorum,
1270 2466 1322 2487 etc.
1341 2458 1473 2493 (Ilortat.,
1487 2459 1533 2486 lib.
1551 2466 1558 2486 l
1577 2459 1651 2492 epist.
1672 2459 1715 2490 18,
1731 2467 1765 2486 ea:
1783 2459 1886 2487 Aristot.

1003 2497 1153 2528 sententia.)

294 2546 330 2574 Ut
348 2546 570 2580 praestantissimi
594 2547 718 2574 statuarii
743 2548 775 2574 ad
797 2549 927 2577 amussim
946 2550 1049 2577 exami-

260 2594 327 2617 nant
345 2590 437 2624 operis
455 2591 667 2625 proportionem,
685 2593 711 2619 in
732 2599 785 2621 oua
810 2594 907 2622 artifex
929 2603 1049 2622 svmme—

262 2635 339 2663 triam
356 2644 408 2664 non
426 2637 543 2671 excedit,
562 2638 598 2666 ita
614 2643 642 2666 et
661 2639 754 2667 virtuti
774 2639 857 2668 dediti
873 2641 1048 2669 mediocrita-

1139 2549 1246 2584 ’Ὁστιερ
1259 2549 1284 2575 οἱ
1304 2549 1410 2584 ἄριστοι
1424 2548 1478 2574 τῶν
1496 2548 1726 2584 ἀγαλματοποιῶν
1749 2549 1887 2585 σταθμῶν-

1103 2604 1148 2622 ται
1163 2595 1211 2630 τὴν
1233 2595 1417 2631 συμμετρίαν,
1441 2595 1484 2629 ἐφ’
1498 2591 1531 2630 ἧς
1548 2595 1564 2630 ἡ
1579 2594 1746 2630 δημιουργία
1761 2596 1812 2630 τὴν
1829 2604 1890 2629 συμ-

1104 2642 1218 2677 μετρίαν
1241 2641 1295 2677 (54)
1323 2641 1476 2669 διαϐαίνειν
1505 2641 1576 2668 οὕτω
1595 2641 1641 2668 καὶ
1671 2642 1696 2668 oi
1717 2643 1767 2678 τῆς
1793 2642 1888 2677 ἀρετῆς

810 2725 927 2754 VARIIE
946 2726 1142 2756 LEC'l‘lONES
1161 2728 1204 2756 ET
1224 2727 1342 2756 ΝΟΤᾸΞ.

297 2800 352 2836 (5‘)
366 2801 419 2840 illa
437 2803 519 2840 verba
538 2803 588 2839 τὴν
603 2804 774 2840 συμμετρίαν
797 2805 897 2832 absunt
921 2805 954 2832 ab
975 2811 1049 2833 ntro-

261 2842 314 2872 que
324 2838 381 2866 cod.
399 2837 456 2866 Vat.
473 2839 525 2867 650
541 2837 571 2868 et
579 2837 673 2868 Altfin
685 2837 784 2875 qtiibus
803 2839 862 2868 sine
878 2840 931 2868 ullo
948 2841 1046 2869 indicio

1104 2806 1193 2835 hiatus
1205 2807 1370 2843 δημιουργία
1391 2808 1565 2836 continuatur
1582 2816 1642 2837 cum
1665 2808 1810 2835 διαϐαίνει.
1826 2807 1888 2835 Pos-
