2049 3162
170 147 237 180 1445

622 150 888 182 EPISTOLARUM
906 150 980 181 LIB.
1000 131 1086 181 γί-
1104 151 1222 181 EPIST.
1249 151 1347 182 CXCI.

1727 148 1795 180 1446

165 201 329 239 δημιουργοὶ
355 201 404 238 τὴν
431 202 604 238 συμμετρίαν
630 203 766 230 ὲκὸαίνειν
783 203 832 229 οὐκ
850 202 882 230 ἂν
901 200 957 229 εἷεν

1017 210 1064 230 em
1092 203 1226 231 excedere
1258 203 1335 232 nefas
1367 204 1480 232 ducunt.
1508 203 1696 232 Circumstant
1723 207 1796 232 enim

165 249 266 277 δίκαιοι
278 257 284 263 ·
298 249 531 284 παρυφεστήκασι
544 250 597 285 γὰρ
610 249 782 285 ἑκατέρωθεν
794 248 889 276 κακίαι
899 249 960 280 ταῖς

155 294 289 330 γὰρεταῖς,
302 294 441 330 ἀπατῆσαι
453 295 498 321 τὸν
511 295 655 332 φιλάρετον
667 296 871 332 μηχανώμεναι.
885 293 958 329 Οἷον,

167 341 184 375 ὴ
200 340 331 367 εὐσέϐειά
346 341 420 367 ἐστιν
447 342 464 376 ἡ
481 341 604 377 κεφαλὴ,
626 342 674 369 καὶ
689 343 703 368 ὁ
720 343 842 378 θεμέλιος
857 364 864 376 ,
883 345 928 370 καὶ
943 343 959 378 ἠ

168 387 272 422 κρηπὶς
296 387 352 414 τῶν
374 387 485 414 καλῶν·
511 388 579 415 ἀλλὰ
603 388 692 425 ταύτῃ
714 390 883 423 ἑκατέρωθεν
910 390 960 424 ἐφ-

169 433 275 468 εδρεύει
290 433 403 460 ἀσέόειά
419 442 449 460 τε
466 434 512 460 καὶ
524 434 728 470 δεισιδαιμονία·
746 436 761 470 ἡ
777 435 826 470 μὲν
840 436 900 462 κατ’
916 435 959 461 ἕλ-

167 478 266 513 λειψιν,
278 479 332 514 ἡδὲ
344 479 404 505 καθ’
414 479 566 516 ὑπερϐολὴν
575 480 615 506 τὺ⁴
625 480 654 506 δὲ
666 480 864 515 ἀφαιρουμένη·
877 481 921 507 καὶ
928 481 960 516 τῇ

168 524 282 559 ἀνδρείᾳ
306 524 448 560 θρασύτης
473 525 522 551 καὶ
544 525 629 552 δειλία
655 526 905 561 παρυφιστήκασι,
931 526 962 552 τὸ

170 569 235 596 αὐτὸ
246 570 347 604 δρᾶσαι
365 569 527 605 βουλόμεναι
540 577 547 583 ·
565 571 604 597 διὸ
619 571 673 606 χρὴ
685 571 730 597 τὸν
747 570 890 605 εὐδόκιμον
911 570 960 602 τὰς

172 615 273 647 κακίας
289 616 462 650 ἀτιμάσαντα
473 636 479 648 ,
497 617 546 647 τὰς
568 617 670 652 ἀρετὰς
688 616 840 652 αἱρεῖσθαι,
857 617 903 643 καὶ
923 616 960 652 μὴ

169 661 203 695 τῇ
215 661 352 697 φαντασίᾳ
363 661 417 689 τῶν
427 661 531 696 ἀρετῶν
541 663 582 694 εἰς
592 663 641 695 τὰς
652 663 849 699 ἐφεδρευούσας
862 663 961 694 κακίας

171 706 324 734 ἐκπίπτειν.

426 763 512 791 Ριιθι.
529 778 563 783 -
580 763 693 799 uuam.

1012 247 1144 282 utrinque
1162 248 1291 276 virtutem
1305 249 1369 276 vitia
1379 270 1386 282 ,
1400 257 1460 285 quae
1479 249 1573 277 fallere
1586 249 1686 277 virtute
1700 251 1798 285 praedi-

1010 296 1066 319 tum
1084 291 1164 320 facile
1178 299 1301 328 possunt.
1322 294 1401 321 Verbi
1422 295 1524 330 .gratia,
1538 295 1625 331 pictas
1645 299 1725 330 caput
1743 301 1796 328 est,

1011 337 1084 364 basis
1106 345 1153 365 seu
1177 338 1382 366 fundamentum
1405 345 1432 367 ct
1454 342 1563 376 crepido
1583 342 1733 369 honestatis
1751 351 1756 368 :
1771 349 1798 368 at

1013 383 1144 417 utrinque
1176 383 1368 418 circumstant,
1391 385 1456 412 hinc
1475 386 1620 420 impietas,
1655 387 1719 415 inde
1750 395 1797 414 su-

1010 429 1134 465 perstitio
1159 438 1167 456 :
1190 429 1235 456 illa
1256 430 1363 464 quidem
1390 431 1516 463 defectu,
1544 433 1593 459 bac
1616 440 1680 460 vero
1701 433 1798 461 nimie-

1013 481 1066 503 tate
1082 480 1235 510 peccantes.
1255 475 1302 503 Sic
1321 479 1348 502 et
1365 476 1549 504 fortitudinem
1564 479 1689 505 ambiunt
1709 480 1798 506 utrin-

1012 530 1079 557 que.
1097 522 1234 549 temeritas
1254 521 1327 553 hinc,
1345 521 1417 548 illinc
1435 522 1564 549 timiditas
1581 532 1588 549 :
1604 531 1664 557 qua:
1690 524 1798 552 fortiter

1011 576 1092 603 agerc
1103 568 1201 595 frustra
1218 568 1348 594 nituntur.
1365 567 1523 602 Qtricmnque
1541 569 1622 602 igitur
1635 569 1724 598 clarus
1744 571 1800 598 vult

1011 613 1116 647 haberi,
1137 613 1264 640 virtutem
1295 613 1366 639 colat
1398 619 1509 640 necesse
1531 617 1573 640 est
1590 622 1596 640 ι
1612 614 1677 640 vitia
1706 620 1799 642 contra

1013 659 1088 691 vitet,
1103 666 1169 685 neve
1185 658 1316 685 virtutum
1333 658 1423 692 spccic
1445 659 1471 685 in
1491 659 1578 686 vicina
1594 659 1720 693 utrinque
1733 660 1798 687 vitia

1015 704 1155 740 impingat.

1232 759 1398 787 CLXXXIX.
1414 775 1450 780 ——
1464 758 1576 787 lSAl/E.

527 808 729 840 Moderandum,
749 815 779 834 ne
794 808 922 834 rationem
939 806 1100 840 exstinguas.
1118 803 1207 832 Furor
1222 805 1290 831 enim
1307 805 1388 832 breuis
1404 810 1452 832 est.

206 862 262 889 Καὶ
278 861 364 898 θυμοῦ
385 863 433 890 καὶ
450 863 623 898 φρονήματος
652 864 751 899 μεστὸν
770 862 841 890 εἶναί
860 863 890 890 σέ
909 872 962 897 φα-

1049 860 1189 888 lracundia
1213 860 1292 888 simul
1310 865 1336 888 et
1357 860 1500 894 prudentia
1531 860 1670 895 praeditum
1698 865 1723 888 te
1741 868 1802 889 esse

174 917 216 935 σιν
235 909 259 934 οἱ
275 909 520 943 συνδιατρίϐοντες.
539 909 570 935 Εἰ
585 909 675 936 τοίνυν
698 909 774 937 ταῦθ’
788 909 876 941 οὕτως
890 909 956 945 ἔχει,

175 953 279 987 ἔμϐαλε
298 954 377 988 ἡνίαν
392 954 431 989 τῷ
450 954 539 990 θυμῷ,
560 955 604 981 ἵνα
625 955 661 990 μὴ
682 955 829 990 προπηδῶν
845 956 891 982 τοῦ
911 955 957 981 λο-

172 997 272 1034 γισμοῦ
286 998 368 1034 σόέσῃ
380 999 427 1025 καὶ
441 999 472 1025 τὸ
485 999 621 1034 φρόνημα·
633 999 673 1025 διὸ
689 1000 736 1026 καὶ
747 1000 796 1035 τὴν
811 999 906 1035 ὀφρὺν,
920 998 958 1030 ὣς

173 1050 250 1076 φασι,
264 1042 373 1076 γείτονα
384 1043 529 1078 κροτάφων
544 1043 676 1078 ἐπαίρεις.

428 1106 487 1139 py.
503 1121 538 1125 —
553 1106 597 1141 re
614 1106 715 1142 ΛΥΤῼ.

1015 908 1166 943 pradicant
1191 908 1229 934 tui
1253 907 1412 935 familiares.
1439 908 1466 935 Si
1492 908 1577 943 igitur
1603 916 1667 936 vera
1693 909 1801 940 dicunt,

1015 953 1162 981 iracundia:
1185 957 1237 980 tum
1258 953 1362 980 frenum
1390 954 1509 988 impone,
1525 962 1559 981 ne
1572 955 1703 982 rationem
1725 955 1800 982 inva-

1014 998 1082 1026 dens
1095 998 1252 1033 exstinguat
1274 999 1354 1026 etiam
1368 1000 1561 1033 prudentiam;
1578 1000 1690 1034 ideoque
1711 1005 1736 1028 ct
1758 1009 1802 1027 sn-

1014 1043 1158 1079 percilium
1181 1049 1278 1071 natura
1297 1045 1464 1080 temporibus
1478 1046 1576 1080 capitis
1594 1046 1712 1073 vicinum
1730 1053 1800 1074 esse.

1279 1106 1357 1134 CXC.
1375 1123 1411 1127 —
1429 1107 1542 1135 EIDEM.

176 1149 305 1178 Hortatur
316 1156 343 1178 ut
357 1150 405 1183 illi,
416 1159 490 1186 quem
501 1152 600 1185 iudicio
609 1157 757 1186 superarat,
769 1153 951 1180 Immanilerse
962 1157 1066 1180 excuset
1078 1152 1246 1187 animumque
1257 1151 1313 1186 ejus
1323 1151 1418 1187 placet.
1436 1152 1552 1188 (Confer.
1566 1154 1640 1185 epist.
1655 1153 1716 1186 129,
1729 1153 1801 1188 195.)

215 1214 324 1249 Ἐπειδὴ
354 1214 529 1249 νενικημένος
549 1216 562 1241 ὸ
587 1215 684 1251 πρώην
707 1225 753 1242 σου
769 1216 897 1249 ὃιάδικος,
916 1217 960 1250 ὑφ’

175 1257 212 1287 ὧν
227 1260 371 1293 πέπονθεν,
392 1260 469 1287 οὔπω
494 1261 638 1296 νενίκηκεν
658 1263 753 1288 ἑαυτὸν
769 1263 808 1294 εἰς
821 1263 850 1289 τὸ
866 1262 964 1298 χρῆναι

177 1305 390 1341 θεραπευθῆναι,
408 1306 445 1341 μὴ
473 1305 593 1332 παύσαιο
609 1306 652 1333 διὰ
675 1307 849 1342 γραμμάτιον
867 1307 966 1333 ἀπολο-

175 1350 325 1386 γούμενος·
341 1349 371 1377 εὖ
387 1351 440 1386 γὰρ
457 1353 554 1383 ποιεῖς,
573 1351 609 1378 τὰ
626 1352 717 1383 κακῶς
732 1352 862 1387 γινόμενα
876 1352 966 1384 καλῶς

178 1395 302 1431 ἰώμενος.
319 1396 374 1423 Καὶ
394 1397 475 1431 ἡμεῖς
493 1397 548 1432 γὰρ
569 1397 793 1429 καταντλοῦντες,
812 1397 904 1432 ἡπίοις
921 1397 965 1424 λό-

175 1449 235 1475 γοις
247 1441 278 1468 τὸ
292 1441 379 1474 πάθος
392 1441 553 1478 πειρώμεθα
568 1442 650 1469 αὑτοῦ
667 1443 804 1470 ἰάσασθαι.

263 1543 337 1575 pum
352 1557 387 1562 --
402 1542 553 1578 ΔΩΡΟΘΕῼ
572 1541 723 1577 ΔΙΑΚΟΝῼ
738 1542 850 1578 ΙΑΤΡῼ.

1050 1216 1272 1250 Quandoquidem
1297 1215 1343 1250 qui
1369 1220 1457 1243 tecum
1482 1223 1565 1251 nupcr
1586 1215 1689 1250 judicio
1715 1217 1802 1244 disce-

1013 1261 1119 1296 ptabat,
1141 1262 1229 1289 victus
1248 1266 1300 1293 est,
1316 1269 1330 1288 a
1352 1261 1408 1288 suis
1425 1266 1504 1289 antea
1523 1267 1666 1297 superatus
1682 1262 1802 1290 aﬂ'cclio-

1015 1308 1096 1335 uihus
1114 1308 1233 1341 seipsum
1255 1308 1374 1335 nondum
1395 1307 1492 1334 vicerit
1506 1308 1532 1335 in
1548 1308 1698 1335 adhibenda
1719 1309 1804 1335 medi-

1015 1354 1087 1384 cina,
1112 1361 1146 1380 ne
1169 1354 1279 1381 desinas
1298 1361 1346 1388 per
1364 1353 1448 1389 616
1461 1354 1564 1381 litteras
1586 1354 1702 1388 placare.
1721 1354 1805 1381 Recte

1015 1399 1086 1426 enim
1101 1397 1181 1430 facis,
1198 1398 1268 1432 quod
1287 1406 1347 1432 qua:
1361 1399 1428 1425 male
1443 1402 1517 1433 gesta
1535 1403 1610 1430 sunt,
1627 1403 1699 1426 recte
1715 1406 1801 1426 cures.

1015 1444 1070 1472 Nos
1087 1445 1188 1479 pariter
1210 1444 1298 1470 oleum
1326 1444 1488 1471 aﬂ'undendo
1503 1444 1593 1471 verbis
1614 1444 1739 1478 benignis
1758 1452 1803 1472 co-

1016 1491 1142 1518 nabimur
1154 1489 1214 1525 ejus
1234 1490 1316 1517 animi
1332 1490 1526 1524 perturbationi
1544 1490 1676 1517 medelam
1696 1490 1803 1518 aﬂ'crrc.

1076 1545 1167 1573 CXC].
1183 1560 1219 1565 —-
1235 1543 1418 1572 DOROTHEO
1441 1544 1588 1572 DIACONO
1607 1545 1745 1574 MEDICO.

179 1598 323 1631 Quartioui
337 1601 471 1634 respondet
491 1601 641 1634 propositae,
658 1607 705 1626 cur
722 1600 873 1670 incorporati
897 1603 982 1670 n;inus
1005 1603 1169 1664 passi‘aérjibus
1191 1603 1406 1638 corruptioniqu
1420 1602 1543 1635 obnoxia,
1566 1610 1644 1637 quam
1667 1610 1803 1637 corporea.

864 1635 906 1662 Ion
922 1645 958 1662 er.
976 1639 1051 1670 epist.
1124 1639 1144 1670 .)

864 1644 958 1670 .onler.
976 1644 1051 1671 epist.
1069 1644 1130 1664 ιδλ.

220 1689 329 1724 Ἐπειδὴ
344 1690 438 1725 χρῆμα
456 1690 541 1725 σαφὲς
554 1691 601 1717 καὶ
616 1690 832 1726 ὁμολογούμενον
845 1692 892 1717 καὶ
905 1692 964 1722 ταῖς

185 1735 271 1771 ἱεραῖς
282 1736 414 1771 Γραφαῖς,
427 1736 474 1762 καὶ
486 1737 718 1772 τοῖςσοφωτέροις
729 1738 782 1764 τῶν
798 1737 907 1770 ἔξωθεν,
921 1737 965 1764 διὰ

179 1781 410 1816 παραδειγμάτων
431 1781 566 1816 ἠθέλησας
587 1782 692 1817 μαθεῖν,
711 1782 748 1813 ὡς
764 1781 797 1808 ἂν
813 1779 868 1813 οἷός
881 1790 911 1807 τε
932 1778 965 1814 ὧ,

183 1825 270 1852 πολλὰ
297 1826 331 1852 δι’
345 1826 443 1860 ὀλίγων
460 1827 562 1862 φράσαι
586 1828 762 1862 πειράσομαι.
787 1827 863 1853 Ἐπεὶ
879 1827 966 1853 τοίνυν

180 1868 266 1905 ἔφης·
281 1870 368 1897 Πόθεν
390 1871 479 1906 δῆλον,
493 1872 534 1898 ὅτι
557 1872 591 1898 τὰ
609 1873 743 1907 ἀσώματα
762 1872 815 1898 τῶν
834 1871 966 1907 σωμάτων

181 1915 254 1941 ἐστὶν
274 1915 450 1952 ἀπαθέστερα
474 1917 522 1943 καὶ
548 1916 729 1952 ἰσχυρότεραι
748 1917 820 1952 φημὶ
833 1937 840 1947 .
857 1917 912 1952 ὅσῳ
930 1917 964 1943 τὰ

182 1962 267 1996 ἔγγὺς
292 1962 342 1997 τῆς
366 1963 577 1998 ἀσωματότητος
600 1962 713 1998 σώματα
736 1963 898 1998 ἰσχυρότερα
922 1963 968 1989 καὶ

181 2007 356 2041 ἀπαθέστερά
370 2008 439 2041 ἐστι,
455 2009 508 2035 τῶν
519 2009 680 2044 παχυτέρων
695 2009 839 2044 σωμάτων,
851 2008 969 2043 τοσούτῳ

184 2053 232 2079 καὶ
248 2053 284 2079 τὰ
299 2053 434 2088 ἀσώματα
450 2055 480 2080 οὐ
496 2054 576 2090 μόνον
585 2055 640 2081 τῶν
654 2055 828 2090 παχυτάτων,
843 2054 912 2082 ἀλλὰ
922 2055 969 2081 κα)⁸

182 2098 239 2125 τῶν
260 2098 435 2126 λεπτοτάτων
458 2100 533 2127 ἐστὶν
557 2100 741 2136 ἀπαθέστεροι.
767 2099 828 2128 οἷον
847 2101 863 2136 ἠ
883 2101 969 2136 πέτρα

183 2144 231 2171 τοῦ
252 2144 348 2177 ὕδατός
365 2146 424 2172 ἐστι
452 2147 611 2182 παχυτέρα,
633 2147 672 2174 διὸ
696 2147 853 2183 ῥηγνυμένη
878 2148 969 2174 οὐκέτι

185 2190 362 2224 συνάπτεται,
379 2191 410 2218 τὸ
433 2192 461 2218 δὲ
481 2193 552 2227 ὓδωρ
570 2193 717 2228 διαιρεθὲν,
737 2193 819 2220 πάλιν
834 2193 970 2227 συναφθὲν

185 2236 239 2271 (55)
259 2236 377 2264 ἑνοῦται.
393 2237 468 2273 Ὂσῳ
488 2238 542 2274 γὰρ
565 2239 736 2272 λεπτότερον,
759 2239 878 2274 τοσούτῳ
898 2240 970 2266 ἀττα-

185 2281 323 2318 θέστερον.
346 2283 375 2310 Ὀ
393 2283 421 2310 δὲ
440 2283 493 2320 ἀὴρ
510 2285 581 2320 (χρὴ
600 2285 653 2320 γὰρ
680 2285 725 2310 ἐπὶ
744 2284 904 2320 λεπτότερον
921 2284 970 2319 βα,-

186 2328 260 2356 δίσαι
291 2330 491 2365 παράδειγμα)
517 2331 578 2357 οὐδὲ
601 2331 742 2366 διαστῆναι
767 2330 895 2358 δύναταιε
921 2330 970 2356 ἐὰν
985 2322 1007 2351 D

186 2373 250 2407 γοῦν
267 2374 283 2410 ἢ
303 2376 342 2407 εἰς
361 2375 492 2410 κέραμον,
506 2375 523 2411 ἣ
537 2376 577 2407 είς
591 2375 678 2402 ἀσκὸν
691 2375 883 2411 ἀποκλεισθείη
896 2396 903 2407 ,
925 2375 971 2402 καὶ

188 2420 228 2451 είς
251 2419 331 2455 βυθὸν
349 2421 453 2456 ριφείη,
469 2421 520 2448 οὐκ
531 2420 668 2456 ἀνέχεται,
678 2421 734 2448 ἀλλ’
750 2421 909 2453 ἐπιπολάζει
925 2421 972 2448 καὶ

187 2466 347 2501 ἐπινήχεται
360 2487 367 2499 ,
381 2466 427 2493 καὶ
448 2467 497 2501 τὴν
509 2466 670 2501 ἐπιφάνειαν
687 2466 779 2501 ζητεῖ,
799 2467 844 2492 καλ¹
860 2465 891 2492 τὸ
906 2474 972 2499 συγ-

186 2511 264 2544 γενὲς
279 2512 410 2547 (θηρᾶται.
432 2512 464 2538 Εἰ
488 2512 579 2539 τοίνυν
594 2512 608 2538 ὁ
627 2512 675 2547 μὲν
688 2512 743 2546 ἀὴρ
759 2511 806 2537 τοῦ
822 2511 927 2542 ὓδατος,
944 2511 974 2536 τὸ

187 2556 216 2583 δὲ
236 2557 308 2593 ὕδωρ
328 2558 379 2592 τῆς
400 2558 503 2593 πέτρας
518 2558 576 2584 ἐστὶ
588 2558 763 2591 λεπτότερον,
778 2557 818 2583 διὸ
835 2557 881 2583 καὶ
900 2557 972 2583 ἁπα-

187 2601 324 2638 θέστερον·
350 2603 377 2630 τί
391 2603 553 2638 θαυμάζεις,
568 2605 593 2630 εἰ
612 2604 658 2630 καὶ
673 2603 707 2630 τὰ
720 2603 851 2637 ἀσώματα
867 2604 974 2639 ἰσχυρό-

187 2648 255 2683 τερά
266 2649 340 2675 ἐστιν
354 2657 361 2681 ;
379 2649 431 2675 Ἴδε
452 2646 499 2675 οὖν
515 2649 563 2675 καὶ
580 2648 630 2684 τὴν
645 2648 735 2684 ψυχὴν
754 2648 791 2684 μὴ
807 2648 972 2683 φαινομένην

190 2692 239 2726 μὲν
253 2693 385 2729 (ἀόρατος
407 2695 461 2730 γάρ
477 2694 576 2729 ἐστιν),
601 2694 678 2730 ἰσχὺν
692 2694 721 2720 δὲ
739 2693 776 2728 τῷ
801 2693 907 2728 σώματι
926 2694 972 2720 καὶ

1051 1693 1164 1725 Quando
1186 1700 1242 1720 rem
1265 1692 1366 1720 claram
1396 1697 1476 1726 atque
1500 1699 1659 1719 concessam
1689 1700 1749 1720 cum
1777 1694 1803 1720 in

1017 1737 1105 1763 sacris
1121 1736 1243 1768 Litteris.
1260 1741 1314 1763 tum
1334 1737 1359 1763 in
1377 1737 1497 1764 externis
1509 1737 1687 1770 philosophis,
1702 1739 1805 1766 discere

1017 1789 1030 1807 a
1043 1788 1085 1808 me
1104 1781 1236 1815 exemplis
1256 1781 1375 1813 voluisti,
1392 1788 1464 1808 nunc
1480 1780 1567 1814 quoad
1583 1781 1641 1814 ujtis
1656 1781 1713 1808 fieri
1729 1789 1744 1808 a
1763 1789 1805 1809 uie

1017 1830 1116 1860 potest,
1131 1825 1214 1852 multa
1231 1826 1323 1860 paucis
1335 1825 1509 1861 complectar.
1527 1825 1630 1859 Quaeris
1648 1826 1719 1852 enim
1733 1827 1804 1853 unde

1019 1876 1123 1899 constet
1140 1872 1300 1906 incorporea
1321 1872 1479 1906 corporibus
1496 1878 1557 1898 esse
1573 1872 1658 1905 magis
1682 1873 1803 1906 expertia

1019 1918 1191 1945 alfectionum
1222 1922 1302 1952 atque
1329 1917 1490 1952 potentiora.
1522 1917 1700 1952 Rcspoudeo,
1731 1919 1803 1953 quod

1019 1968 1151 1998 quantum
1169 1970 1283 1998 corpora
1308 1964 1388 1990 rebus
1402 1963 1568 1998 iucorporeis
1584 1964 1715 1990 viciniora
1730 1970 1804 1995 sunt,

1020 2008 1071 2036 hoc
1094 2007 1207 2035 fortiora
1235 2013 1261 2035 et
1285 2008 1459 2036 all'ectionum
1482 2008 1568 2042 magis
1590 2009 1711 2043 expertia
1731 2014 1804 2040 sunt,

1019 2062 1100 2089 quam
1117 2061 1231 2089 corpora
1244 2054 1402 2086 crassiora;
1420 2059 1523 2081 tantum
1541 2054 1622 2081 etiam
1645 2055 1805 2089 incorporea

1020 2109 1073 2129 non
1090 2102 1169 2128 modo
1183 2100 1371 2131 crassissimis,
1384 2100 1429 2127 scd
1443 2099 1523 2127 etiam
1541 2099 1706 2127 tenuissimis
1720 2100 1807 2135 magis

1020 2154 1080 2175 esse
1102 2146 1273 2181 impatibilia.
1300 2145 1380 2173 Verbi
1404 2146 1509 2180 gratia,
1532 2146 1600 2179 lapis
1625 2146 1744 2173 crassior
1765 2151 1806 2173 cst

1021 2200 1102 2227 quam
1125 2199 1212 2227 aqua;
1232 2191 1293 2219 ideo
1320 2190 1421 2218 fractus
1446 2198 1498 2217 non
1525 2190 1639 2225 amplius
1664 2191 1802 2218 coalescit.

1021 2238 1097 2273 Aqua
1116 2245 1180 2265 vero
1202 2241 1342 2273 segregata
1363 2243 1469 2263 rursum
1487 2235 1557 2263 uniri
1584 2240 1680 2270 potest.
1698 2235 1806 2269 Quanto

1021 2284 1093 2311 enim
1121 2283 1244 2315 tenuior,
1277 2286 1354 2310 tanto
1383 2287 1424 2309 est
1454 2281 1635 2316 impatibilior.
1662 2281 1717 2309 Aer
1742 2290 1809 2309 vero

1023 2329 1187 2363 (exemplum
1210 2328 1283 2355 enim
1310 2327 1497 2354 tenuissimum
1520 2326 1618 2354 all'erre
1642 2327 1667 2354 in
1689 2328 1806 2355 medium

1021 2374 1157 2409 convenit)
1182 2373 1318 2408 segregari
1344 2380 1396 2400 non
1420 2378 1518 2408 potest.
1546 2372 1575 2400 Si
1603 2374 1675 2401 enim
1701 2374 1727 2401 in
1759 2381 1809 2401 vas

1022 2421 1105 2449 fictile
1118 2420 1161 2448 vel
1185 2421 1211 2448 in
1228 2426 1313 2448 utrem
1330 2420 1462 2452 includas,
1477 2425 1505 2446 et
1517 2419 1543 2447 in
1561 2420 1724 2454 profundum
1744 2422 1807 2448 mit-

1022 2471 1073 2498 tas,
1088 2474 1140 2493 non
1155 2466 1296 2500 mergitur,
1309 2466 1356 2493 sed
1371 2473 1517 2499 assurgens
1531 2473 1623 2500 supra,
1636 2470 1806 2500 supernatat,

1023 2513 1176 2547 gaudetque
1192 2512 1323 2546 conspici,
1348 2517 1376 2539 et
1398 2512 1488 2539 locum
1510 2517 1630 2540 sectatur
1646 2512 1805 2539 naturalem.

1023 2557 1106 2590 Igitur
1122 2557 1145 2584 si
1161 2564 1209 2584 aer
1222 2565 1301 2592 quam
1316 2564 1396 2592 aqua,
1415 2562 1442 2585 et
1455 2565 1524 2592 aqua
1540 2565 1621 2592 quam
1635 2557 1704 2591 lapis
1718 2557 1806 2584 subti-

1022 2602 1075 2629 lior
1096 2601 1213 2634 exsistit,
1228 2606 1308 2636 atque
1329 2602 1396 2630 adeo
1411 2601 1582 2629 aliectionum
1605 2601 1695 2628 minus
1707 2607 1804 2635 capax.

1023 2649 1098 2683 quid,
1112 2656 1170 2681 oro,
1183 2648 1327 2675 admiraris
1339 2648 1421 2675 etiam
1436 2648 1592 2680 incorporea
1608 2646 1718 2673 fortiora
1730 2646 1807 2673 esse?

1023 2694 1169 2722 Considera
1185 2694 1277 2728 itaque
1296 2698 1324 2721 ut
1342 2693 1442 2726 anima,
1457 2700 1516 2727 quae
1534 2693 1584 2720 sub
1601 2696 1739 2727 aspectum
1751 2698 1808 2719 non

756 2773 871 2801 VARIE
890 2771 1082 2800 LECTIONES
1102 2772 1147 2801 ET
1166 2772 1282 2800 NOTAE.

224 2851 279 2886 (35)
293 2851 345 2879 Pro
357 2851 490 2886 συναφθὲν
503 2852 582 2880 codd.
604 2852 663 2880 Vat.
676 2852 727 2880 650
742 2857 768 2880 ct
784 2852 836 2880 Alt.
851 2852 966 2881 scribunl

1017 2851 1118 2886 ιναφέν.
1139 2851 1177 2879 In.
