2049 3162
171 147 237 180 1449

615 147 879 178 EPISTOLARUM
897 147 970 176 LIB.
991 148 1025 177 V.
1040 160 1072 164 -
1093 147 1208 177 EPIST.
1230 147 1364 178 CXCVII.

1720 141 1787 175 1450

171 202 291 237 τοσούτῳ
305 201 473 237 πειράσομαι
493 202 555 234 τοὺς
570 202 679 234 λοιποὺς
694 203 786 238 εὐνοίᾳ
805 202 860 238 (56)
879 210 950 237 παρ-ι

1006 202 1098 235 etipse
1115 202 1220 229 caeteris
1245 203 1312 229 inte
1337 200 1448 228 colendo
1474 198 1635 227 antccellere
1657 199 1786 226 conabor.

169 247 300 281 ενεγκεῖν.
320 246 374 272 Καὶ
388 246 442 281 γὰρ
455 246 566 280 ἄτοπον,
577 247 629 282 πρὸ
645 247 695 282 μὲν
708 248 762 274 τῶν
773 247 859 274 ἄλλων
873 245 950 280 παρὰ

170 292 211 319 σοὶ
230 291 375 326 τετάχθαι,
393 290 462 325 μετὰ
477 291 505 318 δὲ
519 291 572 318 τῶν
591 293 640 327 οὐχ
654 292 725 320 οὕτω
747 292 909 328 τιμωμένων
923 292 953 318 ὲν

168 339 224 368 τοῖς
241 337 296 367 σοῖς
311 336 458 371 σιωπῆσαι.
477 336 553 364 Ἐπεὶ
564 337 654 364 τοίνυν
672 338 826 373 γέγραφας,
842 337 879 369 ὡς
897 336 950 363 Εὐ-

169 381 256 412 σέὃιος
273 381 287 406 6
302 380 449 412 ἐπίσκοπος
464 380 511 407 τοῦ
533 381 683 416 Πηλουσίου
699 382 746 408 καὶ
770 382 839 417 πρὸς
864 381 952 416 ὁρμήν

168 429 242 454 ἐστιν
258 425 409 462 ὀξύρροπος
419 446 427 458 ,
443 427 491 453 καὶ
507 427 575 462 πρὸς
595 426 722 462 ἁρπαγὴν
736 427 790 453 τῶν
806 426 952 460 ἀλλοτρίων

167 473 286 508 ἕτοιμος,
302 472 348 499 καὶ
362 472 430 508 πρὸς
444 472 475 499 τὸ
495 472 695 509 παροξυνθῆναι
712 471 807 507 ταχὺς,
823 471 870 498 καὶ
884 471 952 506 προς

168 518 217 550 τὰς
238 517 356 552 ἀμοιϐὰς
372 517 427 544 τῶν
451 517 564 544 δεόντων
591 517 711 554 βραδύς·
727 518 774 544 καὶ
802 516 952 551 συλλήϐδην

169 564 266 596 εἰπεῖν,
280 563 388 590 πάντων
404 562 457 589 τῶν
475 563 661 599 ἀνελευθέρων
678 562 773 589 παθῶν
783 562 905 597 ἀκρατής
923 570 951 587 τε

168 609 215 635 καὶ
231 607 288 634 ἔστι
303 608 350 635 καὶ
365 607 515 643 νομίζεται·
532 608 611 640 αὐτὸς
628 609 684 642 εἴγε
696 607 872 642 εὐδοκιμῆσαι
888 607 952 641 βού-

167 654 218 684 λει.
234 653 287 680 τῶν
301 652 428 679 τοιούτων
442 653 553 680 ὀνειδῶν
566 653 698 689 ἄχραντον
710 653 807 680 σαυτὸν
821 652 952 688 διατήρη-

170 708 225 726 σον.
241 699 358 725 Ἄτοπον
373 698 427 733 γάρ
443 707 471 725 σε
491 699 594 725 ἁλῶναι
608 700 663 730 τοῖς
683 699 785 731 αὐτοῖς,
802 696 842 730 οἷς
858 698 953 732 ἕτερον

169 744 396 781 περιπεπτωκότα
411 745 501 780 αἰτιᾷ·
516 744 563 771 καὶ
575 745 666 780 ἰατρὸν
681 745 735 780 (57)
748 744 827 771 ἄλλου
850 743 952 770 ἐθέλειν

170 789 239 817 εἶναι
255 790 301 817 τὸν
329 790 433 817 ἕλκεσι
455 790 599 824 βρύοντω
617 790 664 817 καὶ
691 791 822 826 πράττειν
835 789 930 816 ἐκεῖνα
944 808 952 822 ,

171 833 208 863 ὧν
224 836 321 872 πικρὸς
337 836 481 871 τυγχάνεις
498 836 658 871 κατήγορος.

335 937 412 970 ΡιιΖν.
431 952 466 958 -
482 936 611 972 ῐΣΙΔΩΡῼ
625 935 785 972 ΔΙΛΚΟΝῼ.

1003 247 1157 273 Absurdum
1174 247 1246 273 enim
1263 247 1344 274 fuerit
1356 254 1397 274 me
1412 247 1460 274 abs
1474 251 1500 273 te
1521 245 1628 274 caeteris
1647 245 1787 277 anteferri,

1003 299 1063 319 cum
1086 291 1118 318 iis
1131 296 1230 321 tamen.
1247 292 1291 325 qui
1309 300 1360 319 non
1379 292 1490 326 perinde
1517 292 1685 319 cohonestati
1712 296 1785 323 Sunt,

1002 337 1034 364 de
1048 341 1072 364 te
1089 336 1193 370 tuisque
1208 336 1288 363 rebus
1303 337 1392 363 silere.
1415 337 1481 363 Cum
1506 338 1596 371 itaque
1610 337 1641 363 ad
1661 344 1703 364 me
1720 337 1787 363 scri-

1002 381 1050 410 bas
1070 382 1217 409 Eusebium
1233 381 1387 416 episcopum
1402 382 1499 410 Pelusii
1523 383 1579 410 suis
1599 382 1786 409 affectionibus

1003 427 1057 454 cito
1082 433 1142 454 esse
1181 425 1357 458 mutabilem,
1383 427 1470 454 aliena
1496 435 1590 462 rapere
1622 433 1785 466 promptum.

1002 473 1092 500 animo
1110 472 1224 500 celerem
1243 471 1416 505 exaeerbato,
1437 472 1538 499 lentum
1556 479 1648 500 contra
1669 475 1787 500 tardum-

1002 527 1054 553 que
1070 519 1096 546 in
1110 518 1208 546 debilis
1225 517 1394 545 exsolvendis
1412 525 1419 542 :
1450 522 1478 543 ut
1499 518 1590 552 paucis
1612 519 1785 552 complectar.

1002 569 1029 592 ct
1048 572 1109 591 esse
1134 568 1161 591 et
1185 563 1278 591 haberi
1304 563 1478 598 impotentem
1503 562 1537 589 ad
1570 562 1787 597 perturbationes

1003 609 1087 637 malas
1107 609 1273 644 servilesque
1287 608 1461 636 edomandas.
1480 606 1569 640 Quare
1582 608 1604 634 si
1621 607 1720 641 probus
1739 608 1786 633 ba-

1003 655 1059 682 bcri
1076 654 1162 688 cupis,
1178 654 1265 681 abhis
1278 653 1390 681 maculis
1405 660 1502 688 purum
1521 658 1546 680 te
1562 652 1620 687 ipse
1632 659 1786 679 conserves.

1002 699 1085 735 618
1108 699 1259 726 Absurdum
1284 699 1357 726 enim
1390 698 1463 725 vitiis
1490 697 1636 725 obnoxium
1656 705 1715 724 esse
1740 697 1790 723 ali-

1002 752 1094 779 quem,
1114 751 1228 779 quorum
1245 748 1352 771 accuset
1366 743 1448 770 alium
1467 751 1474 770 :
1491 751 1523 770 ac
1550 743 1696 774 medicum,
1715 743 1786 777 quod

1003 789 1088 821 aiunt.
1107 796 1168 816 esse
1192 789 1319 821 aliorum,
1343 789 1387 822 qui
1414 787 1543 814 ulceribus
1568 792 1676 820 scaleat,
1698 787 1786 814 velle:

1003 843 1034 862 ea
1054 835 1169 870 denique
1196 835 1367 861 committere
1389 839 1477 869 turpe,
1499 841 1559 870 qua:
1579 834 1674 861 acerbe
1697 840 1789 868 repre-

966 888 987 914 Β
1002 880 1110 907 hendat.

1151 933 1275 961 CXCVII.
1294 948 1329 954 -
1340 933 1476 962 ιειῡῡιιο
1492 933 1647 962 DIACONO.

171 982 307 1014 Quomodo
319 986 344 1008 et
357 990 438 1017 quare
450 982 539 1010 Judwi
551 982 601 1016 ﬁlii
613 983 640 1009 in
654 982 796 1016 Scriptura
812 981 985 1016 appellentur.
1007 980 1046 1042 ΒΞ
1057 979 1196 1014 adoptione
1211 986 1301 1007 nostra
1324 988 1370 1015 per
1386 980 1529 1014 Christum,
1544 985 1568 1007 cI
1585 984 1682 1015 quanto
1702 981 1789 1008 studio

887 1023 1026 1042 conservat:
1048 1024 1074 1041 a.

887 1023 1074 1043 conservantur.

211 1070 318 1105 Ἐπειδὴ
334 1070 456 1106 γέγραφὲ
471 1071 547 1106 σουὴ
571 1070 692 1103 σύνεσις,
714 1071 754 1098 ὅτι
777 1071 824 1098 καὶ
836 1071 860 1097 οἱ
883 1071 950 1097 Ἰου-

168 1116 237 1142 δαῖοι
251 1113 322 1150 εἶχον
335 1114 366 1141 τὸ
376 1115 427 1150 τῆς
440 1115 575 1146 υἱοθεσίας
585 1115 692 1151 ἀξίωμα
706 1115 872 1152 (γέγραπται
885 1115 949 1151 γάρ·

172 1170 181 1186 ‹
202 1161 281 1192 Υἱοὺς
298 1159 432 1195 ἐγέννησα
447 1160 494 1186 καὶ
514 1159 610 1195 ὕψωσα
624 1181 631 1192 ,
649 1161 726 1187 αὐτοὶ
745 1161 773 1188 δέ
791 1169 825 1196 με
850 1160 951 1196 ἠθέτη-

170 1214 229 1233 σαν·
248 1215 258 1232 ›
272 1205 330 1237 καὶ,
351 1214 360 1231 ι
371 1205 437 1232 Θεὸν
450 1205 496 1232 τὸν
511 1206 678 1240 γεννήσαντα
689 1215 718 1232 σε
729 1206 906 1241 ἐγκατέλιπες
915 1206 952 1242 ›).

170 1252 250 1287 φημὶ,
267 1251 368 1286 ὃτιοὺχ
382 1251 502 1286 εὑρίσκω
515 1250 583 1283 ὅλως
595 1252 624 1285 ἐξ
640 1249 677 1279 ὧν
693 1253 866 1288 προήνεγκας
883 1260 954 1287 μαρ-

170 1297 269 1332 τυριῶν
281 1296 491 1333 ἀπολελυμένην,
507 1297 567 1323 οὐδὲ
582 1297 704 1333 καθαρὰν
713 1298 763 1333 τὴν
781 1297 875 1333 τιμὴν,
888 1298 956 1325 ἀλλὰ

175 1343 207 1376 τῇ
227 1341 380 1377 κατηγορίᾳ.
399 1342 658 1378 συμπεπλεγμένην.
683 1343 764 1369 Ὥστε
779 1344 803 1370 εί
830 1343 867 1378 μὴ
889 1351 956 1370 κατ’

173 1387 308 1422 ηγορῆσαι
323 1388 411 1414 αὐτῶν
425 1388 567 1424 ἠθέλησεν,
584 1388 634 1414 οὐκ
648 1388 681 1415 ἂν
695 1389 727 1423 ἥν
747 1388 800 1424 φὴς
812 1389 895 1424 τιμῂν
907 1389 955 1416 ἁν-

142 1444 152 1457 \
171 1433 316 1469 εκήρυξεν.
331 1435 363 1461 Εἰ
380 1435 416 1470 μὴ
428 1434 568 1467 ἔπταισαν,
587 1434 637 1461 οὐκ
653 1435 686 1461 ἂν
701 1434 797 1469 ἔτυχον
820 1435 885 1467 ἴσως
904 1436 954 1470 τῆς

171 1479 356 1515 προσηγορίας
367 1489 373 1495 ·
388 1480 446 1506 ἀλλ’
461 1481 502 1512 εἰς
518 1480 643 1516 μείζονος
662 1480 831 1516 κατηγορίας
853 1480 952 1508 ὑπόθε-

172 1530 214 1548 σιν
223 1522 272 1558 τὴν
290 1522 373 1558 τιμὴν
387 1524 420 1558 τῇ
443 1523 546 1558 μέμψει
566 1524 725 1558 συνέζευξε·
745 1524 951 1559 καθαπτόμενος

171 1567 225 1602 γὰρ
240 1567 329 1594 αὐτῶν
345 1568 392 1594 καὶ
406 1568 596 1604 ὲκπομπεῦσαι
615 1570 664 1604 τὴν
682 1570 861 1604 ἀναισθησίαν
890 1570 952 1600 βου-

170 1612 293 1648 λόμενος,
309 1614 343 1649 τῇ
361 1613 479 1640 αἰτιάσει
493 1614 542 1650 τὴν
556 1614 638 1650 τιμὴν
657 1615 812 1650 παρέπλεξε
825 1623 832 1630 ·
853 1615 953 1650 μᾶλλον

170 1659 200 1685 δὲ
210 1659 243 1685 ἐκ
259 1659 308 1693 τῆς
323 1659 405 1694 τιμῆς
419 1659 468 1694 τὴν
483 1660 652 1695 κατηγορίαν
666 1660 777 1694 μείζονα
789 1660 954 1695 συγγνώμης

172 1704 305 1739 ἀπέφηνε,
318 1705 382 1739 περὶ
397 1705 424 1731 δὲ
439 1705 493 1732 τῶν
502 1706 531 1732 ὲν
542 1707 574 1741 τῇ
590 1706 681 1741 χάριτι
693 1706 742 1741 βοᾷ
752 1707 766 1733 6
780 1706 830 1740 τῆς
841 1706 956 1741 βροντῆς

172 1748 230 1779 υἱός
243 1757 250 1763 υ
270 1757 280 1774 t
306 1749 381 1775 Ὅσοι
403 1749 431 1776 δὲ
448 1749 542 1776 ἔλαϐον
553 1750 644 1782 αὑτὸν,
660 1750 760 1777 ἔδωκεν
773 1751 865 1782 αὐτοῖς
882 1749 957 1783 ἐξου-

174 1793 234 1820 σίαν
253 1794 334 1821 τέκνα
348 1794 416 1821 Θεοῦ
432 1795 572 1829 γενέσθαι.
591 1805 599 1821 ι
627 1797 692 1823 Ἰδοὺ
708 1796 772 1823 ἄνευ
790 1797 957 1832 κατηγορίας

174 1840 252 1875 τιμήο
268 1840 326 1867 ἰδοὺ
337 1841 386 1875 τῆς
406 1840 543 1873 υἱοθεσίας
559 1842 589 1868 τὺ
602 1842 711 1877 ἀξίωμα
722 1851 729 1857 ·
742 1843 795 1869 ἰδοὺ
812 1843 861 1877 τῆς
874 1843 958 1877 ὑπερ-

173 1885 288 1920 κοσμίου
313 1886 464 1921 συγκλήτου
480 1887 511 1913 τὸ
528 1886 662 1922 σύνθημα.
683 1888 716 1913 “U
740 1888 796 1915 ἄνω
810 1888 856 1915 καὶ
883 1887 958 1914 κάτω

175 1931 321 1967 προφέρων
335 1933 349 1959 6
364 1932 459 1968 Σωτὴρ
478 1932 581 1967 ἔλεγεν·
600 1942 609 1958 ι
630 1933 725 1966 Ὅπως
739 1934 855 1969 γένησθε
870 1934 958 1968 ὅμοιοι

173 1977 220 2003 τοῦ
233 1977 338 2013 [ἰατρὸς
347 1978 424 2012 ὑμῶν
438 1978 484 2005 τοῦ
500 1979 528 2004 ὲν
541 1979 595 2010 τοῖς
610 1979 760 2014 οὐρανοῖς-ι
777 1980 835 2012 καὶ,
854 1988 864 2005 ‹
880 1976 958 2006 Οἶδεν

175 2022 189 2047 6
207 2021 301 2056 Πατὴρ
318 2021 395 2057 ὑμῶν
409 2022 423 2048 6
437 2023 571 2058 οὐράνιος,
583 2018 619 2049 ὧν
635 2023 729 2058 χρείαν
744 2023 830 2058 ἔχετε,
842 2023 895 2059 πρὸ
910 2023 957 2050 τοῦ

174 2067 337 2102 αἰτήσασθαι
359 2067 451 2095 αὐτόν.
475 2068 561 2099 Αὐτὸς
577 2068 627 2103 μὲν
649 2066 696 2094 οὖν
718 2070 731 2095 6
755 2069 804 2104 τῆς
823 2069 959 2101 υἱοθεσίας

175 2112 261 2144 αἴτιος
276 2113 307 2139 τὸ
325 2112 433 2148 ἀξίωμα
456 2113 595 2149 πανταχοῦ
615 2113 808 2149 ὰνακηρὺττει.
830 2114 859 2140 '0
880 2114 908 2141 δὲ
929 2114 959 2147 ὲξ

182 2158 329 2203 Ἰουδαϊκῆς
351 2158 487 2190 ὲπὰλξεως
508 2159 684 2193 εὐαγγελικὸν
706 2160 855 2195 μηχάνημα
878 2168 958 2195 γεγο-
974 2177 996 2203 D

175 2201 237 2235 νὼς,
250 2203 357 2234 δεικνὺς
375 2203 425 2239 τὴν
439 2203 520 2238 τιμὴν
535 2203 636 2238 ταύτην
656 2204 729 2239 ἔργῳ
750 2204 957 2239 βεΰαιωθεῖσαν,

175 2248 225 2283 ἔφη
242 2256 248 2262 ·
268 2257 277 2274 ι
296 2249 333 2275 Οὐ
348 2248 402 2282 γὰρ
430 2249 541 2275 ἐλάϐετε
565 2249 674 2285 πνεῦμα
688 2250 809 2282 δουλείας
825 2251 905 2278 πάλιν
920 2251 960 2282 είς

174 2293 265 2326 φόῦον,
280 2293 349 2320 ἀλλὰ
358 2293 468 2328 πνεῦμα
478 2293 622 2327 υἱοθεσίας,
639 2295 667 2320 ἐν
678 2291 700 2328 ᾧ
710 2295 857 2330 κράζομεν,
873 2295 959 2322 ’Δὸϐᾶ

175 2339 189 2364 ὁ
204 2339 297 2374 Πατήρ
310 2347 318 2354 ·
333 2339 398 2366 αὐτὸ
413 2339 445 2366 τὺ
471 2339 580 2373 πνεῦμα
602 2344 793 2375 συμμαρτυρεῖ
812 2341 852 2375 τῷ
876 2341 957 2367 πνεύ-

176 2393 243 2418 ματι
257 2384 348 2419 ἡμῶν,
371 2385 412 2411 ὅτι
428 2385 512 2420 ὲσμὲν
528 2385 610 2412 τέκνα
625 2386 693 2412 Θεοῦ
707 2394 713 2401 '
732 2387 756 2412 εἰ
769 2386 798 2412 δὲ
811 2386 893 2413 τέκνα
911 2387 957 2412 καὶ

174 2429 351 2464 κληρονόμοι·
374 2430 536 2465 κληρονόμοι
558 2431 607 2465 μὲν
630 2431 718 2462 Θεοῦ,
744 2430 958 2466 συγκληρονόμοι

175 2474 203 2500 δὲ
219 2475 348 2509 Χριστοῦ.
368 2485 377 2502 ι
389 2476 475 2503 Βαὸαὶ
489 2477 540 2511 τῆς
552 2477 652 2512 τιμῆςί
671 2476 733 2508 Πῶς
756 2476 812 2512 (38)
833 2477 888 2504 ἄνω
909 2478 957 2504 ἁν-

1039 1070 1181 1097 Scribente
1204 1074 1247 1096 tua
1267 1070 1427 1105 prudentia,
1459 1071 1611 1105 adoptionis
1627 1071 1787 1106 dignitatem

1006 1114 1107 1143 Judaeis
1124 1115 1205 1143 etiam
1223 1115 1376 1148 obvenisse,
1388 1117 1449 1151 quia
1467 1117 1597 1151 scriptum
1608 1117 1643 1144 sit
1659 1125 1666 1144 :
1684 1126 1693 1142 ι
1705 1116 1790 1144 Filios

1007 1161 1123 1188 enutrivi
1139 1165 1167 1188 et
1180 1161 1307 1194 exaltari,
1325 1161 1375 1196 ipsi
1392 1167 1481 1190 autem
1497 1167 1656 1198 spreverunt
1675 1163 1757 1190 me".
1776 1172 1787 1188 ι

1009 1206 1044 1234 Ει
1060 1206 1122 1234 alibi
1139 1214 1146 1232 :
1171 1215 1180 1232 ι
1209 1206 1304 1240 Deum,
1321 1207 1365 1241 qui
1389 1211 1416 1235 te
1429 1208 1530 1242 genuit,
1544 1208 1760 1242 dereliquisti”;
1778 1217 1787 1234 ι

1009 1251 1070 1280 dico
1097 1260 1149 1279 non
1174 1252 1294 1286 reperire
1321 1260 1363 1282 me
1386 1254 1497 1281 omnino
1521 1261 1554 1280 ex
1571 1254 1615 1285 iis,
1638 1260 1697 1288 qua:
1719 1257 1790 1280 attu-

1005 1297 1069 1328 listi,
1084 1297 1246 1324 testimoniis
1263 1297 1416 1325 absolutum
1433 1303 1514 1333 atque
1537 1306 1633 1333 purum
1647 1298 1788 1330 honorem,

1003 1344 1050 1371 sed
1076 1343 1281 1377 reprehensioni
1309 1344 1435 1376 mistum,
1462 1344 1498 1371 ita
1530 1349 1559 1371 ut
1589 1344 1640 1372 nisi
1667 1344 1788 1379 prolapsi

1002 1389 1086 1417 Judaei
1098 1393 1198 1422 essent,
1219 1389 1292 1423 ipsos
1302 1390 1449 1417 honoriﬁce
1461 1397 1514 1417 non
1529 1390 1729 1424 compellasset,
1742 1389 1788 1418 sed

1003 1435 1029 1463 in
1057 1435 1169 1470 majoris
1199 1437 1421 1471 reprehensionis
1443 1441 1630 1471 argumentum
1659 1437 1790 1463 honorem

1003 1481 1173 1510 contumelia
1190 1481 1340 1516 conjunxit.
1357 1482 1485 1516 Tangeris
1504 1482 1576 1510 enim
1593 1482 1664 1515 illos,
1681 1487 1708 1509 et
1738 1482 1789 1508 du-

1004 1528 1095 1555 ritiam
1109 1528 1170 1555 aliis
1191 1528 1344 1562 patefacere
1369 1528 1492 1563 cupiens,
1518 1527 1683 1555 accusationi
1706 1527 1792 1554 hono-

1004 1581 1060 1601 rem
1084 1573 1241 1605 admiscuit,
1266 1578 1312 1601 aut
1330 1574 1421 1601 verius
1443 1573 1544 1601 honore
1569 1572 1662 1600 habito
1681 1579 1792 1600 accusa-

1006 1618 1106 1645 tionem
1122 1617 1200 1645 venia
1215 1618 1352 1652 indignam
1370 1625 1430 1645 esse
1445 1617 1573 1645 ostendit.
1588 1618 1626 1644 De
1649 1617 1682 1644 iis
1704 1617 1789 1650 enim,

1007 1662 1051 1695 qui
1070 1662 1095 1688 in
1107 1662 1192 1696 gratia
1210 1666 1272 1689 sunt
1290 1662 1348 1694 Dei,
1366 1662 1466 1689 clamat
1486 1662 1598 1689 tonitrui
1621 1661 1692 1688 ﬁlius
1708 1661 1790 1689 Joan-

1007 1714 1055 1734 nes
1071 1715 1078 1733 :
1096 1715 1106 1732 ‹
1123 1706 1260 1741 Quotquot
1273 1711 1362 1733 autem
1384 1710 1542 1740 receperunt
1565 1713 1638 1738 eum,
1662 1706 1732 1732 dedit
1751 1705 1791 1733 eis

1007 1756 1166 1787 potestatem
1184 1752 1253 1779 [ilios
1274 1752 1320 1779 Dei
1336 1751 1439 1778 ﬁeri".
1462 1761 1471 1777 ι
1495 1751 1566 1779 Ecce
1580 1752 1682 1785 absque
1707 1751 1791 1778 casti-

1008 1798 1114 1832 gatione
1140 1797 1267 1825 honorem
1293 1797 1378 1825 :vide
1404 1797 1555 1832 adoptionis
1586 1797 1667 1824 decus
1695 1805 1702 1823 :
1729 1797 1791 1824 vide

1009 1844 1127 1871 caelestis
1139 1843 1260 1870 ordinem
1275 1842 1441 1870 vocationis?
1459 1841 1536 1875 Quod
1545 1841 1628 1869 semel
1638 1841 1792 1874 iterumque

1011 1891 1140 1917 Servator
1156 1889 1298 1924 proferens
1314 1889 1351 1917 ait
1365 1897 1372 1915 τ
1390 1898 1400 1914 ι
1416 1888 1451 1916 Ut
1464 1888 1522 1916 sitis
1536 1886 1582 1915 filii
1595 1887 1682 1914 Patris
1696 1887 1790 1918 vestri.

1009 1936 1054 1970 qui
1069 1936 1097 1963 in
1117 1935 1194 1963 caelis
1216 1938 1258 1962 est
1269 1934 1303 1962 ⁸ο.
1323 1943 1331 1960 ι
1349 1933 1381 1961 Ει
1403 1938 1465 1968 post
1480 1941 1533 1960 non
1559 1933 1639 1968 longe
1666 1941 1674 1960 :
1706 1941 1716 1958 I
1734 1931 1792 1959 Scit

1009 1980 1088 2007 Pater
1100 1984 1190 2007 vester
1207 1979 1326 2006 cmlestis
1345 1979 1444 2013 quibus
1464 1978 1618 2013 indigeatis,
1644 1981 1791 2012 antequam

1010 2025 1107 2060 petatis
1117 2025 1150 2053 “.
1167 2034 1177 2051 ι
1197 2025 1257 2059 lpse
1279 2025 1361 2059 igitur
1385 2023 1537 2058 adoptionis
1563 2028 1658 2050 auctor
1675 2023 1789 2057 dignita-

1010 2075 1061 2098 teut
1077 2073 1136 2106 ejus
1157 2071 1257 2105 ubique
1285 2070 1455 2104 depraedicat.
1472 2069 1522 2102 Qui
1545 2076 1608 2096 vero
1621 2076 1655 2096 ex
1676 2068 1792 2096 Judaico

1010 2115 1116 2150 fastigio
1142 2114 1279 2148 Evangelii
1302 2114 1390 2142 factus
1406 2119 1448 2142 est
1469 2121 1528 2146 vas,
1542 2113 1688 2141 ostendens
1705 2114 1792 2142 hono-

1011 2169 1066 2188 rem
1096 2161 1167 2187 hunc
1182 2167 1264 2194 opere
1282 2160 1483 2192 conﬁrmatum,
1509 2159 1597 2188 dicit:
1625 2167 1635 2185 ι
1667 2158 1724 2187 Non
1751 2167 1793 2187 ac-

1011 2206 1119 2239 cepistis
1130 2205 1254 2239 spiritum
1281 2204 1420 2231 servitutis
1444 2204 1540 2231 iterum
1562 2203 1588 2231 in
1609 2204 1716 2237 timore,
1744 2204 1791 2232 sed

1010 2250 1150 2283 accepistis
1177 2249 1300 2284 spiritum
1325 2249 1485 2284 adoptionis,
1509 2250 1535 2276 in
1561 2256 1617 2284 quo
1629 2249 1789 2282 clamamus,

1011 2295 1097 2328 Abba,
1118 2294 1208 2321 Pater.
1224 2294 1283 2328 ipse
1301 2294 1418 2329 Spiritus
1430 2294 1611 2321 testimonium
1625 2294 1712 2322 reddit
1735 2296 1792 2330 spi-

1008 2340 1071 2367 ritui
1086 2345 1190 2372 nostro,
1210 2340 1281 2374 quod
1300 2348 1391 2366 sumus
1404 2339 1450 2367 lilii
1464 2340 1520 2367 Dei.
1537 2340 1564 2367 Si
1581 2345 1670 2367 autem
1687 2340 1745 2373 ﬁlii,
1763 2346 1790 2366 et

1009 2385 1128 2412 Itan-cdes
1153 2386 1298 2412 :ltatredes
1309 2385 1416 2420 quidem
1443 2385 1500 2417 Dei,
1522 2386 1675 2413 coltteredes
1700 2390 1789 2412 autem

1007 2433 1108 2459 tjbristi
1120 2433 1152 2457 ι’.
1172 2440 1182 2457 ›
1197 2431 1220 2459 0
1241 2432 1375 2466 ingentem
1394 2431 1539 2458 ltonoreml
1562 2431 1646 2464 Quam
1659 2431 1712 2458 alte
1731 2438 1793 2457 ere-

1008 2478 1046 2504 xit
1058 2477 1130 2504 humi
1145 2477 1313 2511 prostratos!
1334 2476 1433 2504 Eadem
1448 2478 1520 2504 enim
1534 2485 1613 2512 opera
1640 2482 1668 2504 et
1685 2476 1791 2506 ludam-

209 2553 230 2570 "
247 2553 300 2581 lsa.
319 2562 338 2584 I.
354 2554 382 2582 2.
421 2554 443 2571 ³⁸
457 2555 535 2582 Deut.
552 2562 639 2588 χχχιι,
655 2557 698 2582 18.
722 2554 936 2587 '°'Joan.t,12.

1016 2553 1112 2581 Matth.
1125 2553 1206 2588 v,45.
1245 2554 1263 2569 “
1275 2553 1369 2581 Matth.
1380 2561 1418 2586 vt,
1433 2555 1460 2582 8.
1495 2554 1518 2571 δ’
1533 2554 1610 2582 Rom.
1623 2561 1680 2587 vttt,
1693 2553 1787 2581 15-17.

725 2622 841 2650 νΑΙίΙᾸΕ
861 2622 1055 2650 LECTIONES
1073 2622 1116 2650 ET
1134 2621 1249 2650 NOTAE.

211 2688 266 2724 (56)
282 2689 501 2726 Εὐνοίᾳγπιυιοηι
517 2690 543 2726 in
565 2690 670 2722 εὐνοίας
691 2690 769 2726 ambo
785 2689 864 2726 iid_em
878 2689 958 2715 codd.

176 2728 202 2749 et
216 2724 402 2760 maxime},
417 2732 465 2758 pro
477 2725 564 2760 ὁρμὴν
584 2725 676 2760 legunt
695 2725 794 2760 ὁρμήν.
814 2724 920 2760 Possm.

192 2758 267 2798 ’(57)
293 2758 469 2787 Proverbialis
489 2758 567 2787 este
595 2758 686 2787 vetere
711 2758 847 2794 'trapmdia
881 2765 959 2785 serta-

178 2801 231 2820 rtus
247 2801 255 2820 2

180 2838 279 2866 "Anan;
296 2839 398 2874 ἰατρλις,
413 2840 493 2871 αὐτὸς
505 2840 595 2866 ἕλκεσι
612 2840 714 2876 βρύων,

332 2884 467 2916 ΡΑτιιοι,
490 2887 546 2916 nu.
572 2887 726 2917 LXXVIII.

1012 2687 1080 2714 Aliis
1098 2689 1215 2720 medens,
1233 2692 1260 2714 at
1279 2688 1361 2722 ipsius
1379 2689 1507 2714 utcertbus
1522 2693 1633 2714 scatens.

1012 2733 1103 2768 Utitur
1117 2737 1145 2760 et
1155 2732 1300 2767 Gregorius
1314 2733 1465 2768 Theologus
1477 2733 1604 2767 Apologia
1618 2733 1650 2759 de
1659 2740 1706 2759 suo
1715 2732 1789 2767 fuga,

1009 2772 1036 2828 est
1051 2767 1172 2794 Plutarc.
1196 2767 1242 2795 lib.
1268 2767 1304 2795 De
1328 2767 1442 2795 utilitaie
1464 2776 1496 2794 ex
1520 2768 1633 2794 inimicis
1652 2767 1788 2802 cupienda.

1030 2810 1128 2831 ouorr.

1047 2837 1102 2872 (’58)
1122 2836 1225 2865 Mutant
1241 2837 1320 2866 iidem
1336 2837 1394 2870 πῶς
1408 2835 1434 2865 in
1451 2837 1512 2864 ποῦ.
1528 2836 1633 2864 Possm.

1578 2883 1613 2914 46
