2049 3162
316 268 373 308 EQ’.
402 285 434 288 —
454 269 566 304 ΠΕΤΡῼ
590 269 820 303 ΣΧΟΛΑΣΤΙΚῼ.

622 211 888 243 EPISTOLARUM
907 211 978 240 LIB.
1002 211 1033 239 ν.
1055 223 1088 227 -
1104 211 1221 240 EPIST.
1241 210 1352 240 CCXI].

1745 204 1812 239 1.168

1137 265 1229 293 CCIX.
1250 282 1284 287 —
1307 266 1421 294 PE'i‘IiO
1441 264 1692 294 SCIIOLASTICO.

750 325 811 352 Non
829 329 923 350 (mure
938 323 969 349 de
990 322 1043 348 alio
1061 321 1246 356 judicandum.

213 381 284 416 Ἐγὼ
304 382 334 408 ού
357 381 602 417 καταψηφιοῦμαι,
630 381 691 408 οὕτε
713 379 959 414 καταποφανοῦμαι

171 427 277 461 ἀνδρὸς,
292 425 323 454 οὗ
340 427 408 462 μήτε
425 427 562 462 ἀκροατὴς
578 427 721 462 ἐγενόμην,
737 426 805 462 μήτε
822 424 962 458 δικαστής·

171 474 196 500 εἰ
216 473 245 499 δὲ
261 473 418 508 κρινόμενος
442 473 517 509 ἁλοίη
528 493 535 506 ,
551 473 581 500 τὸ
595 473 745 508 τηνικαῦτα
800 472 860 498 κατ’
877 468 960 496 αὑτοῦ

173 518 377 554 ἐξενεχθήσετεὶι
397 519 494 554 ψῆφος.
553 554 567 560 κ

312 575 361 600 Σιι.
382 588 418 594 -
435 574 560 610 ΖΩΣΙΜῼ
580 573 816 609 ΠΡΕΣΒΥΤΕΡῼ.

1056 377 1184 411 Equidem
1217 386 1303 412 neque
1328 381 1489 407 sententiam
1516 380 1589 412 fero,
1615 387 1700 414 neque
1727 378 1808 414 622

1018 428 1111 451 contra
1126 424 1223 456 virum,
1234 432 1312 458 quem
1329 433 1378 451 uou
1395 427 1536 458 audierim,
1555 427 1697 460 pronuntio
1722 433 1808 459 neque

1017 469 1097 496 sedeo
1115 469 1172 503 ejus
1188 469 1281 503 judex.
1302 470 1329 497 Si
1348 478 1414 497 vero
1432 473 1564 498 sententia
1580 472 1629 497 lata
1646 473 1810 498 conicmne—

1016 519 1070 546 tur,
1086 520 1178 541 contra
1194 515 1268 542 illum
1286 520 1349 542 tunc
1362 515 1494 549 judicium
1513 516 1625 542 feretur.

1144 570 1223 598 CCX.
1243 586 1277 591 —
1295 570 1422 598 ZOSUIO
1440 570 1679 598 PRESBYTERO.

173 621 306 653 Quantum
317 620 401 647 scelus
409 628 552 654 pauperum
560 621 724 648 intervenere
733 621 917 653 elcemosynas,
929 620 1005 650 elper
1014 614 1200 645 luxttrt‘nmeas
1213 618 1365 653 abligurire.
1379 617 1496 653 (Con/er.
1507 619 1581 652 epist.
1593 618 1651 648 133,
1664 618 1725 649 501,
1736 617 1808 655 169.)

207 674 238 700 Εἰ
259 673 289 700 οὐ
315 673 406 708 βούλει
425 673 589 709 θεραπεύειν
610 684 653 707 τι,
673 675 721 701 καὶ
741 673 887 705 ἐπιτείνεις
902 672 964 699 νεῶν

173 720 295 754 πενήτων
308 719 342 745 τὰ
362 719 525 754 τραύματα,
545 720 570 746 τί
590 721 646 752 τοῖς
666 720 830 755 μαχομένοις
851 719 889 753 τῷ
902 718 963 744 δυσ-

173 765 326 800 νουθετήτῳ
344 764 391 790 καὶ
410 764 540 800 δυσμάχῳ
552 765 600 800 τῆς
619 765 755 800 πτωχείας
779 764 864 800 Θηρίῳ
883 763 964 799 χαλεο

1050 674 1078 701 Si
1097 674 1166 701 ferre
1181 673 1242 701 aliis
1252 681 1330 708 opem
1346 680 1398 700 uon
1408 673 1459 704 vis,
1474 673 1538 707 quin
1554 672 1643 706 potius.
1656 679 1803 704 pauperum

1014 723 1131 756 adauges
1146 721 1268 752 vulnera,
1283 719 1348 754 quid
1364 727 1424 746 cum
1440 718 1542 753 ingenti
1556 722 1636 752 atque
1655 721 1807 751 expugnati:

1017 768 1115 796 dilIicili
1133 767 1187 794 fera
1201 766 1372 793 mendicitate
1388 771 1502 799 pugnam
1516 763 1604 790 reddis
1616 762 1805 794 diliiciliorem,

175 810 295 845 πώτερον
317 810 530 842 κατασκευάζεις
546 810 591 837 τὸν
613 810 722 844 ἀγῶνα,
745 810 790 837 τὸν
812 810 886 845 παρὰ
909 809 963 836 τῶν

1017 815 1079 842 dum
1095 821 1154 848 quae
1172 820 1186 839 a
1203 812 1253 847 piis
1269 807 1422 838 hominibus
1438 809 1636 836 in.alimoniam
1656 816 1801 842 pauperum

175 855 327 890 ὲλεημόνων
351 856 441 886 αὐτοῖς
463 856 503 886 εἰς
525 855 627 890 τροφὴν
660 856 845 890 παρεχόμενον
869 855 963 890 ἔρανον

1018 864 1079 888 sunt
1100 858 1209 889 relicta,
1225 864 1257 884 ea
1281 855 1444 883 assumendo
1468 859 1542 880 tuum
1573 854 1599 879 iu
1615 853 1722 887 epulum
1739 861 1805 879 con-

176 900 418 936 σφετεριζὸμενο;;
444 901 476 926 Τί
497 901 528 927 ἐκ
551 900 678 927 τοιούτων
703 901 806 936 κερδῶν
823 901 872 936 τὴν
897 901 962 928 ἀκό-

1016 905 1093 938 ncisi
1112 903 1182 937 Quid
1196 901 1327 937 ejusmodi
1346 899 1428 926 lucris
1446 898 1631 932 inexplebilem
1650 903 1722 924 tuum
1741 905 1806 923 ch-

177 954 273 980 ρεστον
299 946 398 972 σαυτοῦ
421 946 566 981 ἐμπιπλῶν
587 947 724 982 γαστέρα,
751 946 869 982 νομίζεις
894 948 960 974 ἁπο-

172 992 284 1024 λαύειν;
301 992 449 1027 Διάϐλεψον
472 993 568 1028 μικρὸν
585 992 740 1026 ἀνενεγκὼν
758 993 790 1019 ἐκ
804 993 853 1028 τῆς
869 992 961 1019 τοιαύ-

172 1046 221 1071 της
233 1036 437 1072 παραπληξίας.
459 1037 528 1063 Εἰπὲ
541 1037 610 1072 πρὸς
623 1037 718 1064 ἑαυτόν
731 1045 739 1052 ·
754 1039 778 1064 si
794 1038 808 1064 ὁ
829 1038 863 1065 τὰ
875 1038 962 1064 οἰκεῖα

173 1083 212 1114 εἰς
233 1081 417 1117 ἐλεημοσύνην
441 1081 477 1117 μὴ
499 1082 661 1117 προϊέμενος
674 1102 682 1114 ,
717 1083 756 1114 εἰς
776 1083 821 1109 τὸν
840 1083 961 1117 ποταμὸν

173 1127 312 1162 πέμπεται
332 1127 378 1154 τοῦ
399 1127 503 1162 πυρὸς,
524 1127 656 1163 ἀφόρητατ
677 1128 960 1163 βασανισοησόμενος”

173 1173 187 1198 ὁ
207 1171 253 1198 καὶ
268 1170 301 1197 τὰ
316 1171 370 1197 τῶν
390 1172 513 1206 πενήτων
529 1171 756 1207 ἰδιοποιούμενος,
773 1173 799 1199 τί
818 1173 960 1207 πείσεται;

175 1217 204 1242 Εἰ
218 1217 232 1242 ὁ
244 1217 277 1242 τὰ
295 1216 392 1243 ἑαυτοῦ
408 1216 445 1252 μὴ
457 1217 545 1249 διδοὺς
567 1218 597 1244 οὑ
615 1218 856 1254 συγγνωσθήσεται
868 1239 874 1251 ,
891 1220 904 1245 ὁ
917 1219 963 1245 καὶ

173 1261 207 1288 τὰ
218 1261 345 1296 διδόμενα
357 1262 501 1289 ἁποσυλῶν
511 1263 563 1289 ποῦ
575 1263 714 1298 χωρήσει;
731 1264 762 1290 Εἰ
778 1265 826 1299 μὲν
840 1264 894 1300 γὰρ
911 1265 962 1291 ὑπὸ

175 1308 271 1338 πενίας
285 1307 505 1343 ἀναγκαζόμενος
525 1309 574 1344 τὴν
593 1309 688 1345 καινὴν
706 1309 807 1346 ταύτην
824 1311 961 1346 λῃστείαν,

176 1353 276 1387 μᾶλλον
296 1353 325 1380 δὲ
352 1354 545 1390 τυμϐωρυχίας
572 1355 682 1391 χείρονα
713 1357 880 1392 κακουργίαν
911 1358 960 1384 ἐπ-

174 1399 299 1434 ενόησας,
316 1398 349 1436 ἦν
362 1401 393 1428 ἄν
408 1410 448 1427 σοι
462 1401 510 1428 καὶ
525 1401 596 1436 ἴχνος
613 1402 792 1438 ἀναισχύντου
804 1404 961 1438 ἀπολογίας.

180 1445 290 1481 Ἐπειδὴ
306 1446 335 1472 δὲ
348 1447 460 1481 τρυφῶν
473 1447 520 1474 καὶ
533 1447 662 1483 σκιρτῶν,
677 1448 725 1480 τὰς
740 1449 883 1484 ἀλλοτρίας
896 1458 964 1485 συμ-

174 1491 260 1526 φορὰς
284 1491 343 1518 δέον
365 1493 563 1527 ἐπικουφίζειν,
583 1494 751 1529 ὲπιτρίϐεις,
773 1495 836 1521 ποία
858 1504 898 1521 σοι
919 1495 964 1522 λε-

174 1536 296 1571 λείψεται
326 1537 472 1572 ἀπολογία;
505 1538 554 1570 Τίς
583 1539 676 1571 ἕ).εος;
707 1540 770 1566 ποία
797 1540 961 1576 συγγνώμης

1015 960 1083 983 trem
1101 948 1233 985 explendo
1248 947 1413 981 voluptatem
1429 945 1520 979 capis?
1540 943 1686 971 Considera
1711 943 1804 977 paulu-

1015 1001 1069 1028 lum
1087 1003 1113 1026 te
1131 997 1188 1031 ipse
1204 994 1334 1027 colligens
1350 992 1383 1019 ab
1396 991 1441 1018 illa
1456 989 1564 1017 vesania
1576 1009 1584 1021 ,
1603 993 1689 1016 tecum
1707 988 1745 1015 sic
1766 997 1803 1014 ra-

1016 1043 1168 1073 tiocinando
1181 1050 1194 1068 :_
1216 1040 1245 1066 Si
1271 1038 1323 1072 qui.
1343 1045 1389 1064 sua
1415 1036 1525 1071 pauperi
1550 1043 1604 1062 non
1617 1035 1756 1062 distribuit
1775 1035 1801 1061 in

1015 1091 1228 1123 eleemosyuam,
1247 1085 1273 1111 in
1290 1083 1392 1118 ignium
1406 1087 1540 1108 torrentes
1552 1081 1727 1107 intolerandis
1744 1081 1805 1106 tuit-

1017 1136 1082 1164 litur
1101 1131 1299 1162 excruciandus
1317 1128 1396 1164 epulo
1417 1127 1588 1162 evangelicus
1613 1126 1751 1160 suppliciis
1762 1126 1803 1158 ης

1016 1183 1061 1218 qui
1076 1188 1136 1215 qua:
1151 1182 1213 1206 sunt
1230 1183 1377 1211 pauperum
1393 1174 1445 1200 sibi
1462 1181 1508 1208 per
1523 1171 1600 1199 nefas
1617 1176 1727 1206 usurpat
1738 1192 1744 1202 .
1760 1179 1804 1199 ec-

1016 1228 1079 1263 quid
1102 1223 1240 1261 patietur?
1281 1221 1308 1248 Si
1327 1220 1372 1255 qui
1395 1227 1443 1247 sua
1467 1227 1518 1246 non
1546 1218 1674 1253 largitur,
1701 1218 1724 1244 ei
1752 1226 1803 1244 non

1017 1271 1174 1308 ignoscitur,
1195 1275 1248 1304 quo
1264 1267 1370 1294 tandem
1389 1265 1488 1297 abibit,
1503 1264 1548 1298 qui
1573 1264 1605 1291 ab
1622 1264 1680 1291 aliis
1693 1264 1756 1290 data
1778 1263 1802 1289 in

1015 1319 1213 1353 cleemosynam
1228 1312 1382 1348 exspoliat?
1402 1311 1430 1338 Si
1445 1311 1516 1338 enim
1531 1310 1618 1344 inopia
1635 1311 1745 1337 adactus
1761 1318 1805 1336 no-

1016 1372 1078 1391 vum
1097 1364 1146 1390 hoc
1169 1359 1341 1388 latrocinium
1357 1358 1398 1386 vel
1417 1357 1506 1392 potius
1521 1357 1704 1391 sepulcrorum
1721 1356 1803 1383 viola-

1018 1409 1092 1436 tione
1116 1407 1204 1434 scelus
1231 1404 1352 1432 deterius
1380 1403 1554 1433 inclioasses,
1581 1405 1653 1427 eiset
1678 1401 1802 1428 omnibus

1016 1453 1097 1481 etiam
1108 1454 1294 1486 argumentum
1306 1447 1471 1482 impudentis
1484 1445 1647 1473 defensionis
1659 1446 1803 1483 reliquum.

1016 1500 1083 1527 Cum
1098 1506 1161 1525 vero
1174 1496 1247 1523 luxui
1261 1494 1402 1528 indulgens
1423 1497 1504 1527 atque
1520 1492 1685 1520 insolescens
1701 1493 1804 1519 alienas

1017 1545 1183 1572 calamitates
1214 1549 1281 1576 quas
1311 1539 1455 1567 sublevare
1481 1538 1593 1564 dcb'eres
1622 1539 1729 1564 easdem
1759 1546 1804 1572 ag—

176 1583 268 1609 Ταῦτα
283 1583 398 1619 δάκρυσι
409 1584 501 1619 σχεδὸν
524 1585 644 1620 κεράσας
654 1585 684 1611 τὸ
699 1586 793 1620 μέλαν,
803 1586 961 1614 ἀπέστειλα.

1016 1599 1121 1628 graves,
1138 1597 1222 1624 ecqua
1235 1588 1281 1615 tibi
1296 1586 1390 1614 relicta
1402 1583 1540 1612 defensio?
1554 1591 1612 1618 qum
1624 1585 1804 1617 exspectanda

176 1628 252 1664 Τάχα
267 1638 324 1661 πως
347 1629 445 1657 σαυτὸν
464 1630 513 1665 μὲν
528 1630 621 1665 γνοίης
634 1650 640 1662 ,
655 1631 718 1662 τοὺς
735 1631 763 1657 δὲ
777 1631 896 1667 πένητας
909 1633 965 1658 ἀδι-

177 1674 233 1701 κῶν
255 1675 420 1710 ἀποσταίης,
437 1676 482 1702 τὸν
498 1676 527 1702 δὲ
548 1675 645 1710 κριτὴν
666 1675 820 1710 ἐξιλάσαιο,
847 1679 919 1712 ἡμᾶς
936 1688 965 1705 τε

176 1719 222 1746 ὲπ),
236 1721 269 1755 τῇ
288 1719 385 1746 σαυτοῦ
408 1720 535 1756 μετανοίᾳ
555 1719 724 1755 εὐφροσύνης
740 1719 883 1756 ἐμπλήσας
898 1721 964 1757 (44).

297 1868 368 1896 ΣΙΑ’.
384 1883 419 1889 -
433 1869 596 1905 ΘΕΟΔΟΣΙῼ
612 1869 844 1907 ΠΡΕΣΒΥΤΕΡῼ.

1017 1634 1226 1664 misericordia?
1250 1641 1309 1667 qua:
1332 1631 1448 1664 denique
1467 1628 1568 1656 venia?
1592 1628 1655 1655 lla-,c
1678 1629 1806 1664 lacrymis

1017 1681 1211 1717 propemodum
1229 1679 1347 1705 miscens
1361 1680 1543 1703 atramentum
1559 1675 1592 1701 ad
1608 1679 1633 1701 te
1646 1675 1804 1710 conscripsi.

1018 1733 1047 1754 ul
1062 1727 1170 1754 tandem
1185 1725 1299 1760 leipsum
1314 1722 1436 1752 noveris,
1449 1721 1519 1747 etab
1531 1719 1627 1752 injuria
1643 1720 1806 1753 pauperibus

1017 1771 1158 1799 inferenda
1170 1777 1270 1801 cesses,
1279 1776 1310 1796 ac
1321 1767 1438 1803 judieem
1452 1766 1534 1793 Deum
1546 1765 1681 1800 placatum
1695 1766 1802 1798 reddas,

1018 1825 1122 1852 nosque
1137 1822 1183 1844 tua
1201 1813 1388 1849 resipiscenlia
1405 1812 1503 1847 gaudio
1518 1811 1662 1844 compleas.

1105 1871 1195 1900 CCXI.
1214 1885 1250 1890 —
1270 1865 1465 1896 THEODOSIO
1482 1864 1723 1894 PBESBYTERU.

485 1914 574 1942 Virum
590 1915 740 1950 religiosum
756 1918 962 1951 peregrinantem
977 1919 1152 1950 cammendut,
1171 1923 1197 1944 ut
1216 1915 1326 1950 hospitio
1345 1915 1502 1950 excipialur.

218 1967 300 2003 ’Δνὴρ
322 1967 503 2004 διαφερόντως
516 1971 549 2004 τῇ
571 1969 696 2006 Θειοτάτῃ
714 1970 845 2006 θρησκείᾳ
859 1972 968 1998 ἀνακεί-

179 2022 268 2049 μενος,
281 2014 328 2040 xui.
341 2015 395 2046 τοῖς
406 2014 440 2041 τὰ
452 2014 521 2041 αὑτά
534 2015 606 2050 αὐτῷ
621 2015 758 2050 μετιοῦσιν
769 2017 889 2052 ἐντυχεῖν
905 2018 969 2053 περὶ

178 2059 276 2086 πολλοῦ
293 2059 463 2095 ποιούμενος,
481 2061 593 2088 κάκεῖσε
610 2062 732 2096 ἀφῖκται.
749 2063 865 2096 Ξεναγδς
880 2064 968 2090 τοίνυν

179 2105 280 2139 ἀγαθὸς
302 2105 377 2141 αύτῷ
396 2106 486 2140 γενοῦ·
504 2107 546 2133 ’ίνα
571 2107 600 2133 σέ
621 2116 650 2133 τε
676 2108 723 2135 καὶ
745 2108 794 2139 τὰς
818 2108 900 2140 ἄλλας
918 2110 967 2144 τῆς

1055 1972 1103 2000 Hic
1117 1972 1158 1999 vir
1174 1970 1269 1998 divina:
1285 1970 1440 2004 religionis,
1462 1975 1491 1997 ut
1516 1970 1618 1997 incidat.
1643 1969 1669 1997 in
1681 1978 1727 1997 eos
1738 1991 1744 2002 ,
1761 1971 1805 2004 qui

1019 2019 1141 2046 eamdem
1156 2021 1263 2048 tenent,
1288 2017 1320 2043 ad
1345 2023 1392 2043 vos
1414 2016 1605 2050 proﬁciscitur.
1633 2016 1699 2043 Esto
1716 2016 1806 2050 itaque

1019 2066 1106 2092 bonus
1120 2064 1156 2091 illi
1169 2071 1200 2090 ac
1214 2062 1344 2096 benignus
1357 2063 1466 2096 hospes,
1481 2067 1510 2089 nt
1524 2066 1549 2089 le
1564 2067 1678 2097 tuasque
1693 2062 1805 2089 intuitus

1020 2111 1134 2138 virtutes
1151 2116 1242 2136 amore
1258 2107 1460 2142 complectatur.

178 2152 279 2187 ἀρετῆς
301 2151 468 2188 Θεασάμενος
483 2153 609 2187 εἰκόνας,
637 2154 764 2190 ἐμπλήσῃ
795 2154 840 2181 τὸν
869 2156 969 2182 οἰκεῖον

179 2197 277 2232 ἔρωτα.

300 2253 370 2280 ΣΙΒ¹.
390 2268 424 2272 --
437 2253 585 2289 ᾹΥΣΟΝῙῼ
598 2254 829 2282 ΚΟΡΡΗΚΤΩΡΙ.

1131 2254 1230 2281 CCXII.
1253 2269 1284 2273 υ-
1304 2253 1453 2280 AUSOMO
1468 2253 1698 2281 CURREC'I’QN’.

423 2299 521 2327 Rustici
535 2309 645 2327 causam
660 2302 834 2335 commendat,
846 2310 922 2338 quem
937 2301 1030 2328 rabula
1046 2302 1153 2336 quidam
1171 2309 1230 2327 rure
1246 2301 1279 2326 ad
1292 2300 1378 2333 [orum
1398 2305 1561 2328 extraxerat.

221 2361 328 2396 Ἐπειδὴ
348 2361 419 2397 ἀνήρ
434 2370 475 2393 τις
499 2363 625 2397 ἀγοραῖος
643 2363 698 2398 (45)
711 2383 718 2395 ,
732 2364 883 2399 πράγματα
903 2364 963 2399 βου-

1053 2363 1165 2396 Quando
1188 2362 1341 2390 causidicus
1365 2361 1474 2395 quddam
1501 2362 1639 2396 negotium
1670 2361 1807 2390 favescere

181 2406 289 2441 λόμενος
306 2408 456 2442 παρασχεῖν
470 2407 606 2443 ἀνθρώπῳ
622 2409 821 2445 ἀπραγμοσύνῃ
838 2409 963 2442 συζῶν-τι,

1019 2408 1132 2435 studens
1145 2408 1235 2443 quiete
1251 2414 1282 2435 ac
1298 2406 1443 2441 tranquille
1454 2406 1563 2441 degenti
1587 2407 1612 2434 in
1624 2407 1668 2440 jus
1681 2415 1741 2434 eum
1756 2414 1806 2434 ex-

180 2452 304 2478 e'ﬁ.xucev
320 2453 401 2479 αὐτὸν
418 2453 457 2484 είς
476 2453 660 2489 δικαστήριον·
676 2454 854 2487 καταξίωσον,
870 2455 963 2482 θᾶττον

1018 2455 1154 2487 traxerit,
1181 2454 1301 2489 digneris
1326 2461 1406 2488 quam
1436 2453 1553 2487 primum
1581 2453 1665 2487 ipsius
1694 2453 1806 2487 injurias

182 2496 232 2530 μὲν
255 2497 375 2524 κωλύσαι
391 2498 485 2525 τοῦτον
498 2498 634 2534 ἀδικῆσαι·
654 2501 735 2535 χαριῇ
751 2499 805 2535 γὰρ
819 2500 901 2535 αὐτῷ’
923 2500 963 2526 τὸν

1016 2508 1152 2529 coercere.
1174 2500 1287 2528 Gratum
1311 2499 1336 2526 id
1351 2499 1423 2527 enim
1451 2499 1488 2525 illi
1506 2499 1620 2526 accidet.
1651 2498 1727 2526 llunc
1741 2506 1807 2525 vero

180 2541 208 2568 δὲ
226 2543 266 2574 εις
281 2543 331 2578 τὴν
352 2543 496 2579 ἀγροικίαν
515 2544 631 2579 πέμψαι,
655 2546 705 2580 τῆς
731 2545 809 2580 φίλης
833 2545 963 2582 γεωργίας

1019 2555 1066 2575 rus
1078 2548 1169 2579 mitte,
1194 2545 1346 2582 gramipsi
1359 2545 1531 2581 agriculturae
1557 2545 1805 2573 remunerationem

182 2587 230 2623 τὴν
249 2589 382 2616 ἀντίδοσιν
398 2590 598 2626 ἀσπασόμενον.

1019 2597 1202 2628 accepturum.

219 2677 243 2692 ⁸⁵
256 2677 320 2704 Luc.
339 2685 396 2710 xvt,
408 2678 452 2705 ‘25.

730 2734 847 2762 \‘Alil/E
869 2735 1060 2764 LECTIONES
1079 2736 1121 2763 ΕΤ
1139 2737 1256 2764 ΝΟΤΑΕ.

222 2811 277 2846 (Μ)
295 2810 347 2838 Pro
378 2811 520 2847 ἐμπλήσας
546 2812 625 2840 iidem
649 2813 755 2848 legunt,
787 2814 963 2849 ἐμπλήσειας.

1023 2815 1082 2849 quis
1104 2816 1171 2843 alius
1191 2820 1286 2843 auctor
1301 2821 1364 2843 est:
1387 2817 1527 2851 Ἀγόραιος
1549 2816 1676 2851 σημαίνει
1690 2815 1736 2842 τὸν
1757 2825 1808 2842 πο-

186 2846 310 2887 Ροξξξῇιη
346 2881 362 2887 __
396 2846 399 2847 ν
422 2883 428 2887 _
459 2846 467 2887 ς
676 2846 687 2848 ’
737 2884 752 2887 __
804 2846 810 2848 ⁷
841 2883 856 2887 _
873 2846 879 2849 ’
911 2884 916 2887 Δ
1023 2846 1109 2887 νηρὸν
1123 2851 1151 2877 ὲν
1167 2851 1255 2887 ἀγορᾷ
1268 2846 1459 2886 κεσχαμμένον
1474 2851 1506 2887 (ἳ)
1518 2846 1527 2866 λ
1541 2846 1668 2887 ἀγδραιος
1677 2851 1705 2877 δὲ
1720 2851 1766 2877 τὸν
1780 2853 1809 2877 ἐν

224 2881 278 2920 μδ)
294 2881 389 2929 §cribti
406 2882 554 2923 ἀγόραφς,
568 2891 632 2929 ¹ιιοη
660 2888 689 2910 ιιι
711 2884 811 2929 editum
905 2884 963 2924 ἀγοί

1023 2881 1112 2920 ἀγορᾷ
1122 2881 1286 2924 τιμώμενον.
1295 2881 1390 2929 Ιξξςιῖἱί
1403 2881 1578 2929 ηοηΜξιῖιίειηί·
1590 2881 1691 2929 servari
1706 2891 1808 2922 neque-

191 2917 272 2951 ρλῐιις.
291 2917 446 2945 Ammonius
472 2918 542 2945 cnim
559 2919 590 2945 de
607 2927 700 2946 vocmn
724 2918 890 2951 dill‘crcutiis,
913 2917 970 2947 sive
1024 2917 1276 2956 quaiﬁmfutépist.
1293 2921 1352 2954 185,
1377 2930 1435 2957 pag.
1451 2922 1492 2954 96,
1512 2923 1591 2949 v.15.
1610 2921 1726 2949 Scuurr.
1747 2917 1754 2941 ί
