2049 3162
264 183 333 220 1459
845 188 873 217 S.
895 187 993 217 ISII)0

315 239 396 275 623
429 238 542 266 CCXIII.
557 255 592 260 --
612 238 738 267 ZOSIMO
756 239 993 268 PRESBYTERO.

845 188 873 217 S.
895 188 907 216 Ι
911 187 1039 217 SIDORI
1059 187 1277 218 PELUSIOT/E

1818 182 1885 215 1460

1235 239 1305 266 Σιιν.
1325 253 1359 258 -
1376 238 1501 274 znxtMo
1518 236 1749 273 ΠΡΕΣΒΥΤΕΡῼ.

574 295 709 331 Exemplis
725 297 811 331 potius
826 305 904 331 quam
922 297 1004 324 verbis
1019 297 1192 324 suadendum.
1211 297 1329 332 (Confer.
1348 297 1423 330 epist.
1436 295 1501 326 ‘255,
1518 294 1593 326 508.)

299 351 357 379 Non
372 352 470 384 verbis,
483 352 553 379 bone
566 353 617 385 vir,
631 352 768 380 inescandi
781 353 928 383 auditores.
943 354 990 380 sed
1003 361 1046 380 re-

264 397 322 431 ipsa
339 401 364 424 et
386 396 531 431 exemplis,
544 397 589 431 qui
606 405 654 424 uos
668 401 782 425 cernunt
804 398 940 425 trahendi.
962 398 1050 425 Mores

264 442 338 470 enim
359 443 545 476 persuadentis
557 444 702 470 venerandi
720 448 801 477 sunt,
820 452 873 472 non
888 445 985 472 oratio.
1008 445 1048 472 Illi

264 487 335 515 enim
350 492 502 523 spectantes
513 488 634 521 ﬂectunt,
649 489 706 516 haec
717 496 782 516 vero
794 489 930 516 auditores
945 489 1047 524 fatigat.

265 533 359 567 igitur,
377 533 449 567 quod
471 533 563 560 dicere
584 533 703 561 volebam
717 553 726 567 ,
751 541 822 561 nunc
843 533 966 562 efferam.
1000 533 1048 562 Vir

264 577 373 610 quidam
387 578 485 606 virtute
497 583 608 606 ornatus
623 578 701 605 valde
718 579 763 606 tibi
787 579 951 614 indignatur,
964 580 1047 607 multa

264 624 372 658 quidem
393 624 514 651 referens
525 644 532 655 ,
553 632 635 651 unum
649 632 713 652 vero
726 624 865 652 admirans
875 644 882 656 ,
899 626 1046 659 quomodo,

264 676 324 695 cum
335 668 463 696 Ecclesiae
474 669 512 695 sis
532 670 659 703 probrum
674 688 680 700 ,
693 669 776 696 vitam
800 669 1000 696 immaculatam
1013 677 1046 697 ex

264 714 433 742 orationibus
445 714 573 741 aestimari
597 714 743 741 sustineas.
778 714 805 741 Si
825 715 896 741 enim
917 723 977 750 quae
999 723 1048 742 sua

264 763 346 792 sunt,
360 759 464 794 inquit,
475 759 601 792 confert,
616 763 689 794 petat
704 767 711 792 ;
728 760 750 787 si
763 767 827 787 vero
838 764 866 787 et
878 761 944 788 alios
959 760 1048 795 inqui-

264 813 328 834 nare
353 813 385 832 ex
411 805 533 838 turpibus
550 805 606 832 suis
629 808 716 838 potest
739 804 913 836 actionibus.
938 813 991 839 qua
1016 806 1048 833 de

263 857 344 877 causa
358 850 383 877 id
395 854 471 885 optat
484 849 630 895 consequi,
646 850 716 884 quod
735 850 835 878 habere
850 851 939 878 nolit?
961 851 1045 886 Equi-
1063 867 1084 895 Β

263 897 322 921 dum
347 895 445 922 rubore
465 894 640 922 sulfundebar
653 895 767 922 audiens
779 915 786 928 ,
804 899 959 930 terramque
975 897 1048 931 aspl-

262 940 383 972 ciebam,
395 947 427 967 ac
445 947 518 968 neos
534 940 641 974 quidem
661 941 766 975 aperire
780 946 912 975 poteram.
934 941 1046 976 Verum,

262 987 308 1020 qui
331 986 555 1019 aderant,claris
577 986 650 1013 illum
670 986 844 1021 applausibus
865 987 1046 1020 honorabant,

261 1039 344 1060 unum
358 1031 479 1064 causati,
492 1040 544 1059 non
563 1032 683 1067 potuisse
694 1032 829 1059 inscitiam
843 1037 914 1059 luam
929 1030 977 1067 pro
990 1040 1046 1060 me-

262 1079 315 1105 rito
342 1077 546 1113 deprazdicare:
574 1082 603 1105 tu
626 1078 716 1113 itaque
737 1078 842 1112 videto,
864 1085 917 1113 qua
941 1079 1045 1106 ratione

262 1124 331 1151 banc
347 1123 586 1158 reprehensionem
605 1123 732 1158 depellas.

373 1176 486 1205 CCXIV.
503 1192 538 1197 --
554 1176 669 1205 PAULO
687 1177 927 1206 PRESBYTERO.

1137 353 1173 380 υῡ
1194 354 1227 388 τῇ
1245 352 1344 388 φράσει
1367 351 1438 386 χρὴ,
1462 347 1485 376 ὦ
1509 349 1644 384 βέλτιστε,
1673 347 1888 380 καταγοητεύειν

1100 400 1163 430 τοὺς
1180 399 1387 434 ἀκροωμένους,
1403 396 1471 423 ἀλλὰ
1485 396 1518 430 τῇ
1536 394 1635 430 πράξει
1649 393 1807 429 χειροῦσθαι
1824 393 1889 424 τοὺς

1093 444 1268 479 ⁴θεωμένους·
1282 445 1296 470 ὁ
1317 443 1416 478 τρόπος
1430 441 1484 476 γάρ
1497 442 1555 467 ὲστι
1569 439 1616 467 τοῦ
1630 439 1768 470 πείθοντος
1784 440 1798 465 ό
1814 438 1890 464 αιδέ-

1102 498 1195 524 σιμος.
1216 490 1264 524 οὐχ
1281 490 1294 515 ὀ
1311 488 1400 522 λόγος.
1425 486 1455 514 '0
1470 485 1519 521 μὲν
1534 486 1588 520 γὰρ
1601 485 1737 516 δυσωπεῖ,
1757 483 1771 509 ὁ
1792 483 1820 510 δὲ
1846 483 1890 508 ὲν-

1099 535 1183 570 οχλεῖ.
1199 535 1230 560 Τί
1245 534 1335 560 τοίνυν
1353 533 1483 569 βούλομαι
1501 532 1600 562 εἰπεῖν,
1615 530 1722 565 φράσω·
1747 529 1830 563 Ἀνήρ
1845 537 1890 558 τις

1097 580 1150 608 τῶν
1170 581 1254 615 ἀρετῇ
1273 578 1506 614 κεκοσμημένων,
1527 576 1611 608 πολὺς
1629 575 1704 611 ερρει
1729 573 1802 601 κατὰ
1822 573 1888 605 σοῦ,

1098 626 1181 653 πολλὰ
1205 625 1255 660 μὲν
1278 625 1407 660 φράζων,
1435 623 1464 650 ἓν
1488 623 1517 649 δὲ
1533 621 1701 657 θαυμάζων,
1729 619 1787 651 πῶς
1809 618 1890 653 κηλὶς

1101 671 1138 698 ὢν
1156 671 1206 705 τῆς
1229 670 1403 704 Ἐκκλησίας,
1418 667 1584 704 ἀκηλίδωτον
1603 666 1660 701 βίον
1677 666 1705 691 ὲν
1720 665 1780 695 ταῖς
1795 664 1890 698 εὐχαῖς

1097 716 1189 743 λαόεῖν
1217 715 1312 748 ἀξιοῖς.
1329 715 1360 741 Et
1389 714 1438 750 μὲν
1454 714 1508 749 γὰρ
1533 713 1567 739 τὰ
1585 712 1650 746 παρ’
1671 710 1781 740 ἑαυτοῦ,
1794 709 1888 743 φησὶν,

1097 763 1238 797 εἰσφέρει,
1264 762 1388 788 αἰτείτωι
1414 759 1469 786 εἰδὲ
1487 759 1533 786 καὶ
1547 758 1645 789 ἄλλους
1665 757 1760 792 μιᾶναι
1777 756 1810 781 ὲκ
1833 755 1890 781 τῶν

1097 808 1243 842 αἰσχίστων
1259 806 1341 833 αὐτοῦ
1359 805 1487 841 πράξεων
1499 802 1555 836 οἷός
1569 804 1598 830 τὲ
1616 804 1675 829 ἔστι
1685 822 1692 834 ,
1706 802 1738 828 δι’
1751 803 1784 836 ῆν
1798 801 1890 827 αἰτίαν

1096 852 1175 880 τοῦτο
1191 852 1299 887 εὔχεται
1314 851 1416 883 λαϐεῖν,
1433 850 1447 876 ὃ
1461 849 1534 884 ἔχειν
1549 848 1579 874 οὐ
1592 847 1678 879 θέλεις
1696 846 1767 880 Ἐγὼ
1781 845 1831 880 μὲν
1842 843 1890 871 οὖν

1100 897 1238 933 ἠρυθρίων
1258 897 1363 924 ἁκούων
1374 915 1382 926 ,
1398 895 1446 922 καὶ
1460 895 1603 930 προσεῖχον
1618 894 1658 924 εἰς
1671 891 1724 926 γῆν
1737 912 1744 924 ,
1761 892 1808 917 καὶ
1827 890 1890 916 οὐδὲ

1096 944 1188 980 διᾶραι
1198 943 1229 970 τὸ
1241 944 1327 979 στόμα
1341 943 1432 977 (exro
1444 948 1451 956 '
1463 941 1488 967 οἱ
1499 941 1527 967 δὲ
1541 939 1674 975 παρόντες
1691 937 1797 972 κρότοις
1815 936 1891 962 ἐκεῖ·

1095 998 1141 1017 νον
1158 991 1321 1024 ἐστεςξάνουν
1343 989 1494 1024 λαμπροῖς,
1514 987 1543 1013 ἐν
1562 986 1642 1021 μόνον
1667 983 1844 1018 αἰτιώμενοι,
1859 981 1892 1008 τδ

1099 1036 1136 1072 μὴ
1157 1036 1316 1072 δεδυνῆσθαι
1333 1035 1453 1067 ἐπαξίως
1476 1034 1527 1068 τῆς
1547 1032 1596 1067 σῆς
1616 1030 1796 1061 ἀπαιδευσίας
1816 1028 1891 1064 φρά-

1099 1091 1143 1109 σαι
1155 1091 1161 1097 ·
1179 1081 1264 1113 Αὐτὸς
1281 1079 1327 1112 οὖν
1344 1081 1459 1112 σκόπει,
1475 1080 1549 1110 ὅπως
1563 1077 1665 1112 ταύτην
1679 1076 1819 1112 ἀποτρίψῃ
1838 1075 1891 1110 τὴν

1098 1127 1255 1163 κωμῳδίαν.
1491 1148 1494 1151 .

1238 1181 1307 1208 ΣῐΔ’.
1325 1196 1360 1201 —
1379 1181 1495 1215 ΠΑΥΛῼ
1512 1177 1743 1212 ΠΡΕΣΒΥΤΕῙᾮ.

262 1221 323 1250 Non
337 1223 370 1250 de
383 1222 480 1250 levibus
496 1221 669 1258 [alitibusque
694 1224 769 1251 rebus
791 1224 928 1251 contiones
946 1223 1081 1287 habendi.
1097 1227 1186 1296 (Csmf.
1200 1228 1277 1262 epist.
1296 1226 1358 1259 H9,
1378 1225 1428 1254 201
1443 1230 1467 1252 et
1489 1224 1552 1252 255.
1567 1224 1600 1251 In
1624 1225 1752 1258 loquendo
1767 1221 1886 1249 conside-

1007 1268 1054 1286 run
1077 1269 1130 1289 um.

1007 1268 1130 1289 mnuum.

295 1310 367 1338 Cave
389 1310 468 1338 exilia
488 1309 618 1345 falsaque,
637 1311 684 1338 sed
703 1311 790 1346 potius
803 1319 863 1346 quo:
878 1311 951 1339 dictu
963 1311 1044 1347 digna

260 1361 342 1390 sunt,
364 1356 465 1391 passim
485 1363 589 1384 narres.
610 1355 735 1391 Plerique
748 1357 819 1384 enim
837 1357 931 1392 nugari
954 1363 980 1385 te
994 1365 1044 1393 pu-

261 1408 365 1434 tantes,
387 1406 416 1429 et
434 1402 489 1430 cito
503 1403 623 1435 abeunt,
643 1407 670 1429 et
692 1402 769 1430 facile
783 1403 913 1437 culpant,
938 1403 1045 1438 citoque

261 1448 436 1481 persuadent.

364 1499 467 1528 CCXV.
483 1515 516 1520 ——
536 1498 673 1526 DANIELI
694 1499 936 1528 PRESBYTERO.

1135 1314 1180 1350 Μὴ
1199 1314 1264 1349 περὶ
1284 1313 1391 1350 μικρῶν
1408 1313 1455 1340 καὶ
1476 1313 1602 1348 φαύλων,
1620 1312 1688 1339 ἀλλὰ
1703 1311 1768 1346 περὶ
1787 1307 1825 1337 ὧν
1842 1310 1886 1335 λέ-

1100 1367 1159 1394 γειν
1179 1359 1252 1393 ἄξιον
1270 1361 1327 1392 τοῖς
1344 1359 1538 1394 ἐντυγχάνουσι
1563 1358 1662 1394 φράζε.
1686 1357 1818 1391 Φλυαρεῖν
1834 1354 1886 1390 γάρ

1101 1412 1131 1431 σε
1150 1405 1305 1439 νομίζοντες
1327 1405 1434 1437 πολλοὶ,
1454 1402 1502 1431 καὶ
1516 1403 1683 1438 ἀποφοιτῶσι
1699 1403 1820 1437 ταχέως,
1841 1401 1886 1427 καὶ

1100 1449 1239 1477 αἰτιῶνται
1257 1450 1366 1485 ῥᾳδίως,
1382 1451 1429 1477 καὶ
1444 1449 1583 1476 πείθουσιν
1600 1448 1694 1482 ὀξέως.

1225 1505 1294 1531 ΣΙΕ’.
1315 1519 1350 1523 -
1368 1504 1499 1531 ΔΑΝΙΗΛ
1523 1503 1756 1538 ΠΡΕΣΒΥΤΕΡῼ.

261 1557 303 1584 Ne
319 1557 446 1584 malorum
462 1557 586 1590 felicitate
603 1557 629 1583 in
650 1557 697 1584 hoc
714 1559 810 1584 sa'culo
826 1558 985 1592 oﬂ'endatur,
999 1559 1046 1621 ἧς,

1098 1569 1131 1623 rit?5
1142 1562 1325 1631 ﬁertitudinem
1341 1563 1451 1589 extremi
1469 1560 1567 1594 judicit’
1580 1561 1681 1587 credat.
1706 1558 1795 1595 (Cc-Mf.
1808 1560 1884 1593 epiat.

478 1609 480 1613 ι
910 1624 913 1627 l
1004 1609 1063 1628 ιυυ,
1080 1609 1141 1623 νιιυ.

295 1644 334 1673 Ne
349 1650 373 1673 te
389 1653 404 1672 a
422 1650 510 1680 ccepto
524 1645 632 1673 virtutis
643 1666 651 1676 ,
665 1653 682 1673 o
697 1647 767 1674 bone
786 1647 837 1678 vir.
858 1653 963 1676 avertat
989 1652 1046 1676 tra-

1134 1651 1179 1686 Μή
1203 1660 1269 1684 σου,
1292 1649 1314 1678 ὦ
1341 1651 1477 1687 μακάριε,
1503 1651 1549 1678 τὸν
1570 1652 1610 1683 εἰς
1630 1650 1679 1686 τὴν
1706 1649 1805 1685 ἀρετὴν
1824 1649 1885 1684 δρό-

261 1694 342 1724 mite,
363 1692 435 1727 quod
458 1691 583 1719 Zosimus
606 1692 728 1726 impurus
746 1693 854 1728 Deoque
877 1695 994 1729 invisus,
1017 1700 1045 1723 ut

259 1737 357 1764 scribis
368 1756 376 1770 ,
391 1736 478 1764 sacris
502 1736 603 1764 initiari
625 1744 708 1764 ausus
721 1736 818 1769 fuerit,
834 1739 875 1766 vel
889 1740 1045 1768 sacriﬁcare

259 1783 374 1810 audeat:
397 1782 462 1817 quin
485 1783 572 1817 potius
595 1784 644 1810 hoc
655 1784 689 1810 ad
706 1784 918 1812 conﬁrmandum
935 1786 985 1814 fide
1000 1794 1046 1814 va-

260 1829 314 1855 leat
326 1827 444 1855 futurum
458 1829 567 1856 omnino
577 1828 719 1863 judicium,
733 1837 786 1864 quo
799 1830 947 1857 secundum
963 1838 1044 1865 opera

260 1875 358 1910 cuique
372 1875 510 1902 reddetur.
533 1876 560 1902 Si
573 1877 645 1902 enim
665 1876 708 1903 hic
720 1885 814 1904 omnes
839 1878 986 1912 promerita
1000 1886 1045 1905 ac-

260 1921 398 1954 ciperent.
421 1921 495 1955 impii
509 1922 617 1956 quidem
638 1929 748 1956 pmuas,
772 1922 839 1957 justi
859 1930 922 1949 vero
934 1923 1044 1957 pnetnia

260 1965 379 1997 virtutis,
394 1972 622 1999 supervacaneum
635 1972 706 1995 esset
724 1968 866 2001 judicium.
890 1968 918 1996 Si
937 1969 1044 2003 quidem

261 2009 337 2036 umlti
359 2009 423 2036 mali
447 2010 474 2037 in
498 2010 550 2038 hoc
567 2012 665 2038 nrrtudo
677 2016 768 2047 aguut'
783 2013 897 2041 feliciter
920 2023 926 2040 :
950 2019 1044 2041 contra

260 2062 326 2082 vero
339 2055 405 2090 justi
426 2063 497 2091 saepe
514 2057 635 2084 adversis
649 2057 850 2086 conflictantur.
875 2059 903 2086 Id
927 2059 992 2093 ipsis
1007 2064 1045 2086 tu-

262 2100 373 2128 multum
388 2101 514 2135 concitat,
528 2103 599 2136 quod
616 2103 720 2130 turbam
740 2104 937 2139 tumultumque
951 2105 1044 2131 tollere

260 2145 370 2173 deberet
382 2146 487 2180 merito,
500 2147 570 2181 quod
583 2155 632 2182 pro
644 2148 741 2174 merito
753 2149 850 2183 cuique
861 2149 1042 2176 distribuitur.

258 2192 354 2227 Neque
365 2193 436 2221 enim
458 2194 547 2228 justus
558 2194 628 2222 foret
648 2195 728 2228 Deus,
741 2196 786 2230 qui
806 2196 861 2222 lucc
873 2195 962 2222 futura
981 2204 1044 2230 pro-

260 2237 373 2269 viderit,
396 2238 447 2265 nisi
458 2239 619 2271 verborum,
635 2241 786 2273 actionum,
804 2246 885 2274 atque
902 2242 1044 2275 rogitatio-

260 2288 322 2307 num
348 2281 479 2308 rationem
502 2288 594 2316 postea
615 2284 804 2316 redderemus,
823 2289 850 2311 et
873 2285 915 2312 his
935 2285 1041 2317 quidem

259 2326 385 2360 praemia,
402 2326 454 2354 illis
471 2335 535 2355 vero
550 2336 644 2363 pmnas
660 2329 827 2357 decerneret.

365 2380 481 2408 CCXVI.
497 2396 531 2402 —
548 2381 743 2410 STRATEGIO
759 2383 934 2411 MONACIIO.

1099 1705 1150 1732 μον
1163 1697 1218 1732 (46)
1234 1697 1264 1724 τὸ
1277 1697 1374 1733 μιαρὸν
1391 1697 1436 1724 καὶ
1453 1697 1566 1732 θεομισῆ
1580 1719 1586 1729 ,
1604 1697 1641 1728 ὡς
1653 1696 1795 1730 γέγραφας
1806 1715 1813 1726 ,
1831 1694 1884 1720 Ζώ-

1099 1751 1177 1778 σιμον
1196 1743 1320 1779 ἱερᾶσθαι
1334 1743 1437 1778 τολμᾷν
1448 1750 1454 1756 ·
1470 1743 1528 1770 ἀλλ’
1549 1742 1614 1769 αὐτὸ
1630 1741 1709 1768 τοῦτό
1734 1749 1764 1767 σε
1787 1740 1883 1774 μᾶλλον

1099 1788 1226 1823 ρωννύτω
1239 1789 1280 1820 είς
1294 1789 1323 1816 τὺ
1339 1788 1475 1815 πιστεύειν
1494 1788 1601 1819 πάντως
1617 1785 1686 1813 εἶναι
1702 1787 1807 1822 κρίσιν,
1823 1786 1849 1811 ἐν

1098 1834 1205 1869 ἑκάστῳ
1223 1834 1252 1861 τὸ
1267 1835 1420 1870 πρόσφορον
1433 1834 1681 1869 ἀπονεμηϐήσεται.
1699 1833 1729 1859 Εἰ
1746 1833 1800 1866 γὰρ
1819 1832 1882 1858 πάν-

1097 1887 1142 1911 τες
1165 1879 1281 1905 ἐνταῦθα
1304 1879 1494 1914 ἀπελάμϐανον
1522 1879 1555 1905 τὰ
1580 1879 1770 1914 προσήκοντα,
1795 1879 1818 1903 οἱ
1837 1878 1880 1911 μὲν

1098 1923 1147 1954 τὰς
1171 1924 1304 1957 ἀμοιϐὰς,
1326 1926 1350 1950 οι
1372 1925 1401 1951 δὲ
1424 1925 1588 1959 τάπίχειρα,
1605 1923 1731 1959 περιττὸς
1747 1921 1781 1958 ἦν
1800 1924 1814 1949 ὁ
1835 1923 1878 1955 τῆς

1098 1969 1214 2004 κρίσεως
1228 1969 1316 2003 λόγος.
1339 1970 1446 2005 Ἐπειδὴ
1462 1970 1496 1998 δὲ,
1504 1970 1593 1996 πολλοὶ
1610 1969 1658 2004 μὲν
1670 1969 1767 2002 φαῦλοι
1784 1968 1878 2001 εὑημε-

1099 2015 1175 2049 ροῦσι
1186 2034 1192 2045 ,
1213 2015 1306 2041 πολλοὶ
1325 2015 1353 2041 δὲ
1371 2015 1509 2041 σπουδαῖοι
1530 2014 1803 2050 παρευημεροῦνται,
1820 2013 1880 2040 αὐτὸ

1097 2060 1176 2086 τοῦτο
1186 2060 1200 2086 ὃ
1210 2060 1256 2086 τὸν
1272 2061 1384 2095 θόρυϐον
1394 2062 1474 2093 ποιεῖ,
1489 2061 1535 2087 τοῦ
1548 2060 1662 2096 θορύόου
1679 2061 1725 2086 καὶ
1739 2060 1788 2094 τῆς
1802 2067 1879 2094 ταρα-

1097 2106 1147 2140 χῆς
1163 2106 1263 2140 ὀφείλει
1279 2104 1348 2132 εἶναι
1373 2107 1560 2142 ἀναιρετικὸν,
1581 2107 1621 2133 ὅτι
1642 2106 1749 2140 ἑκάστῳ
1763 2107 1794 2131 τὸ
1817 2104 1880 2140 πρέη-

1097 2159 1147 2177 πον
1168 2151 1376 2187 ἀποδοθήσεται.
1399 2153 1436 2179 Οὐ
1463 2152 1515 2188 γὰρ
1540 2152 1573 2179 ἂν
1594 2152 1699 2178 δίκαιος
1722 2151 1759 2178 ὣν
1783 2152 1797 2177 ὁ
1820 2150 1882 2181 Θεὸς

1096 2196 1181 2222 ταῦτα
1198 2197 1316 2230 περιεῖδε
1340 2197 1486 2231 γινόμενα,
1510 2198 1534 2224 εί
1553 2197 1590 2232 μὴ
1611 2197 1706 2232 ἔμελλε
1733 2197 1782 2222 καὶ
1799 2196 1884 2229 λόγων

1097 2240 1144 2266 καὶ
1172 2239 1298 2275 πράξεων
1329 2241 1376 2268 καὶ
1407 2241 1515 2268 ἐννοιῶν
1546 2242 1614 2276 μετὰ
1641 2240 1729 2267 ταῦτα
1760 2241 1883 2266 ἀπαιτεῖν

1096 2286 1211 2318 εὐθύνας
1221 2295 1227 2302 ”
1246 2287 1361 2318 καὶτοῖς
1376 2287 1425 2322 μὲν
1442 2288 1524 2322 τιμὰς
1535 2308 1542 2320 ,
1561 2289 1618 2319 τοῖς
1632 2288 1659 2314 δὲ
1674 2289 1811 2323 τιμωρίας
1827 2288 1881 2323 ὁρί-

1057 2340 1081 2369 ι)
1095 2333 1161 2365 ζειν.

1201 2388 1280 2420 Σιςι.
1297 2402 1333 2407 ——
1350 2387 1540 2424 ΣΤΡΑΤΗΙΊῼ
1556 2388 1770 2417 MONAZONTI.

595 2426 731 2454 Promittit
746 2437 772 2454 se
784 2429 926 2455 invisurum
943 2429 1040 2456 amicos
1054 2431 1081 2457 in
1097 2433 1264 2459 monasterio.
1281 2432 1364 2467 (lnfr.
1378 2435 1453 2466 epist.
1471 2433 1546 2468 494.)

292 2482 353 2510 .Iam
365 2489 418 2514 me,
432 2489 492 2509 cum
508 2483 577 2509 bono
591 2483 644 2509 Deo
655 2484 758 2515 dicam,
773 2486 798 2511 iu
814 2486 977 2512 monasterio
992 2494 1039 2513 ex-

258 2533 359 2561 specta.
389 2527 522 2555 Accedam
536 2528 607 2555 enim
618 2547 626 2560 ,
645 2533 673 2555 ut
688 2534 766 2556 antea
778 2538 884 2558 omnem
899 2531 982 2567 624
996 2532 1040 2559 Dei

261 2573 359 2599 cultum
378 2573 538 2607 inspiciam,
552 2579 578 2600 et
593 2581 640 2607 per
653 2575 742 2602 omnia
754 2576 941 2603 admirandum
954 2577 1043 2605 Theo-

260 2618 365 2645 dosium
376 2618 431 2653 jam
444 2619 546 2653 pridem
560 2620 674 2647 amicum
687 2620 798 2654 factum,
810 2622 914 2650 honore
925 2625 1043 2650 ruaximo

260 2663 457 2699 complexurus.
516 2656 520 2660 ’

1131 2488 1199 2523 Ἤδη
1223 2497 1273 2523 με,
1291 2489 1339 2515 σὺν
1355 2489 1415 2524 Θεῴ
1434 2490 1463 2516 δὲ
1488 2489 1627 2524 εἰρήσθω,
1651 2490 1840 2526 προσδόκησον
1855 2491 1880 2516 ἐν

1095 2533 1134 2568 τῷ
1150 2535 1323 2570 μοναστηρίῳ
1336 2543 1342 2549 ·
1363 2535 1422 2570 ἥξω
1442 2535 1496 2570 γὰρ
1511 2536 1559 2571 τὴν
1583 2535 1631 2571 σὴν
1652 2537 1706 2571 πρό
1721 2545 1754 2570 γε
1776 2537 1879 2563 πάντων

1094 2578 1226 2613 ὀψόμενος
1241 2579 1410 2610 θεοσέϐειαν,
1427 2580 1474 2606 καὶ
1493 2580 1538 2606 τὸν
1554 2580 1598 2606 διὰ
1617 2580 1709 2607 πάντα
1732 2580 1878 2616 θαυμάσιον

1093 2624 1249 2658 Θεοδόσιον,
1266 2625 1310 2651 διὰ
1324 2625 1430 2660 μακροῦ
1450 2625 1506 2659 (47)
1529 2625 1604 2659 φίλον
1618 2626 1700 2658 ὅντα,
1719 2626 1768 2653 καὶ
1782 2626 1877 2661 σφόδρα

1094 2670 1158 2704 ἡμῖν
1174 2670 1372 2707 τετιμημένον,
1391 2671 1633 2706 περιπτυξόμενος.
1719 2671 1721 2675 ’

806 2753 922 2783 νΑιιιΑε
942 2757 1131 2785 LECTIONES
1149 2757 1194 2784 ΕΤ
1214 2757 1328 2785 NOTAE.

295 2829 350 2866 (-56)
363 2830 433 2858 Inter
448 2831 546 2866 δρόμον
567 2837 594 2861 et
610 2833 639 2859 τὸ
655 2833 777 2860 inserunt
796 2833 876 2861 ambo
896 2834 973 2862 codd.
990 2835 1037 2862 tx-

261 2865 391 2893 κοπτέτω.
407 2865 509 2895 Possm.

1128 2835 1186 2872 (l7)
1199 2834 1251 2872 Pro
1267 2835 1311 2862 διὰ
1324 2836 1435 2872 μακροῦ
1451 2837 1529 2866 codd.
1550 2836 1612 2865 Vat.
1631 2836 1684 2865 650
1699 2842 1728 2866 et
1741 2837 1795 2866 Alt.
1811 2837 1871 2866 scri-

1093 2869 1161 2898 bunt
1177 2870 1221 2897 διὰ
1239 2869 1346 2906 μικροῦ.
1365 2869 1402 2898 lo'.
