2049 3162
155 189 218 222 1461

309 246 378 272 ΣΙΖ’.
401 261 433 265 -
453 245 615 279 ΛΡΙΙΟΚΡᾼ
633 246 788 280 ΣυειῚΣΊᾘ.

614 190 880 220 EPISTOLARUM
901 191 972 220 LIB.
995 192 1028 222 V.
1049 204 1083 208 —
1099 192 1216 222 EPIST.
1237 192 1361 222 CCXIX.

1721 188 1787 222 H62

1093 246 1218 273 CCXVII.
1235 262 1269 268 —
1287 245 1485 274 HAltl’OCRzE
1503 243 1693 273 SOPHISTIE-

520 302 559 329 De
575 303 654 330 variis
671 304 802 330 rhetorum
819 304 921 331 dicendi
941 303 1089 338 generibus.
1107 303 1225 339 (Confer.
1244 309 1320 339 epist.
1344 304 1417 339 HS.)

188 355 248 382 Τῶν
278 353 458 390 συγγραφέων
484 354 510 380 οι
538 354 587 389 μὲν
610 355 722 390 αἰσχρὸν
747 355 877 390 ἡγοῦνται
906 357 942 392 μὴ

152 401 238 436 σαφὲς
263 401 369 434 εἰπεῖν,
397 401 422 427 ot
438 400 468 428 δὲ
490 402 519 428 ὲν
544 402 578 436 τῇ
601 401 722 438 ἀσαφείᾳ
749 403 868 430 τίθενται
895 404 944 438 τὴν

153 448 231 483 ἰσχὺν
242 466 250 480 ,
273 447 321 474 καὶ
335 448 359 474 οἱ
376 447 427 483 μὲν
441 447 543 482 τιμῶσι
556 448 587 475 τὸ
600 448 710 484 μέτριον
720 468 727 481 ,
743 450 767 475 οἱ
780 449 810 475 δὲ
827 448 880 481 ἔξω
897 449 944 484 φέ-

153 503 246 531 ρονται
259 495 314 522 τῶν
333 495 438 531 καιρῶν
449 503 456 510 ·
470 496 494 521 οἱ
509 495 558 531 μὲν
577 495 632 522 τῶν
650 495 849 532 ἠκριϐωμένων
865 496 943 524 ὢτων

153 541 347 576 στοχάζονται,
366 541 422 572 τοῖς
437 540 465 567 δὲ
481 541 562 576 ἀρκεῖ
577 542 610 568 τὰ
629 541 758 577 μειράκια
775 542 880 569 σεῖσαι·
896 541 943 568 καὶ

151 587 176 613 οἱ
193 586 242 622 μὲν
254 585 395 621 ἀμείνονες
406 586 447 618 είς
460 586 603 621 προοιμίου
618 586 757 622 χρείαν,οἱ
767 586 794 613 δὲ
810 587 838 614 ὲν
854 595 942 622 παρα-

151 631 296 667 δείγμασιν
319 632 374 658 εισι
397 632 535 658 πλούσιοι·
569 632 594 658 οἱ
625 632 674 667 μὲν
701 631 790 659 οἶκτον
814 632 942 667 ἐμϐαλεῖν

151 677 250 710 δεινοὶ,
263 677 288 704 oi
301 677 330 704 δὲ
343 677 427 713 θυμόν
437 685 445 694 ο
456 677 511 704 τῶν
526 677 574 713 μὲν
589 678 619 704 τὸ
637 677 720 713 βραδὺ
736 678 872 713 λυπηρὸν,
889 677 944 705 τῶν

151 722 181 748 δὲ
204 723 235 749 τὸ
257 722 326 758 ταχὺ
340 722 456 759 τερπνόν
469 731 476 738 '
492 723 517 749 οἱ
541 722 591 758 μὲν
605 722 688 749 ὕπνον
713 722 873 758 ἐμποιοῦσι,
893 723 942 758 μιᾷ

153 767 362 803 καταχρώμενοι
380 767 448 804 ἰδέᾳ,
467 769 491 794 οἱ
506 767 534 794 δὲ
550 768 596 794 καὶ
615 767 762 803 ἀφαιροῦσι
778 769 837 799 ταῖς
858 776 942 802 μετα-

153 812 255 844 ϐολαῖς.
282 811 343 848 Χρὴ
370 812 463 840 τοίνυν
488 813 535 840 τὸν
564 812 709 848 βασανίσαι
737 813 942 848 συγγράμματα

152 858 249 892 δεινὸν,
265 858 355 894 πάσης
366 859 413 886 καὶ
428 859 539 897 χόιριτος
552 859 599 887 καὶ
608 858 756 894 ἀπεχθείας
770 858 835 885 ὄντα
850 858 941 894 κρείτ-

151 912 233 936 τονα,
251 903 366 931 ἑκάστου
385 904 567 940 συγγραφέως
589 904 636 931 καὶ
651 904 701 939 τὴν
716 904 814 931 κακίαν
831 905 877 930 καὶ
892 904 941 939 τὴν

1033 358 1202 393 Scriptorum
1218 358 1412 394 rhetorumque
1426 359 1454 386 hi
1467 360 1576 394 quidem
1595 364 1672 394 turpe
1685 361 1788 388 ducunt

996 403 1113 430 obscure
1125 403 1216 431 dicere
1230 411 1236 429 :
1255 402 1299 430 alii
1319 403 1345 430 in
1357 403 1520 431 obscuritate
1533 405 1615 432 decus
1628 405 1762 433 collocant
1777 415 1783 438 ;

997 452 1023 475 et
1037 447 1082 475 alii
1105 447 1222 475 medium
1236 452 1350 481 tenent;
1369 448 1412 475 atii
1429 449 1536 476 modum
1551 450 1696 478 excedunt.
1721 450 1788 484 Qui-

997 495 1058 521 dam
1074 494 1163 522 acutis
1173 494 1287 521 audiunt
1302 494 1430 527 auribus;
1453 495 1498 522 alii
1511 497 1629 524 contenti
1645 501 1708 524 sunt
1722 498 1788 524 ado-

997 538 1128 568 lcscentes
1149 540 1276 568 movisse.
1310 538 1436 567 Nonnulli
1452 541 1572 569 exordiis
1588 547 1695 570 utentes
1718 551 1788 578 pne-

996 589 1086 618 staut,
1101 585 1232 620 exemplis
1254 585 1300 612 alii
1322 585 1474 614 abundant.
1513 584 1787 616 Commiserationem

996 631 1105 666 quidam
1124 635 1224 658 norunt
1245 630 1368 658 incutere
1381 650 1388 662 .
1407 631 1475 658 iratn
1490 631 1546 658 alii.
1571 632 1687 665 Quidam
1703 634 1787 660 tardi-

1000 681 1054 704 tate
1066 677 1228 712 displicent,
1253 676 1299 704 alii
1323 676 1463 704 celeritate
1488 677 1605 712 placent.
1635 678 1688 704 Alii
1708 679 1788 705 unica

997 722 1105 750 dicendi
1127 721 1216 749 forma
1241 729 1366 749 somnum
1386 722 1533 750 conciliant
1548 745 1555 756 ,
1581 723 1624 750 alii
1649 724 1790 751 celeritate

997 768 1122 795 eumdem
1136 768 1288 796 excutiunt.
1315 767 1396 796 Decet
1418 768 1508 804 itaque
1527 777 1606 802 eum,
1623 770 1668 804 qui
1689 770 1788 804 Scripta

998 813 1111 842 aliorum
1133 813 1389 849 sitexploralurns,
1405 822 1498 843 amore
1519 820 1600 850 atque
1613 815 1715 842 invidia
1735 823 1788 843 non

997 860 1137 894 superari,
1157 860 1284 894 omnique
1309 860 1377 888 adeo
1395 861 1520 895 seriptori
1533 861 1628 888 vitium
1653 861 1730 895 juxta
1756 869 1789 888 ac

996 905 1081 932 virtus
1092 906 1279 939 cognoscenda
1294 915 1301 933 :
1329 906 1398 934 hanc
1413 907 1522 941 quidem
1545 907 1694 942 laudando,
1716 907 1789 935 illam

151 949 254 984 ἀρετὴν
268 949 384 977 εἰδέναι·
401 950 450 977 καὶ
462 951 494 986 τῇ
513 950 562 985 μὲν
577 949 763 986 ψηφίσασθαι,
776 951 810 986 τῇ
825 949 853 977 δὲ
869 949 941 985 μέμ-

998 958 1058 979 vero
1075 951 1264 987 vituperando.

153 995 267 1030 ψασθαι.

394 1050 468 1077 ΣιΗι.
489 1064 523 1070 -
541 1050 697 1086 amoma.

1197 1053 1336 1081 CCXVIII.
1355 1068 1387 1074 —
1404 1053 1592 1082 APHTONIO.

192 1095 337 1130 Virginitar
353 1100 376 1122 et
388 1095 528 1130 farm'catio
543 1096 596 1123 duo
608 1101 737 1129 extrema,
753 1097 904 1132 confugium
918 1098 1043 1132 medium,
1069 1099 1115 1126 sed
1137 1098 1287 1134 virginitate
1307 1099 1429 1133 inferius.
1449 1098 1566 1134 (Confer.
1583 1101 1659 1134 epist.
1675 1100 1751 1134 253).

187 1149 243 1176 Καὶ
260 1149 439 1185 ὴπαρθενία,
461 1146 485 1177 ὦ
510 1149 651 1185 βέλτιστε,
674 1150 721 1177 καὶ
739 1151 756 1185 ἠ
776 1150 888 1186 πορνεία
909 1150 944 1177 τὰ

154 1195 242 1231 μέτρα
256 1195 305 1222 τοῦ
330 1195 414 1230 νόμου
436 1195 587 1231 ἐξέϐησαν,
605 1196 661 1223 ἀλλ’
682 1196 733 1223 οὐκ
755 1197 801 1223 ἐπὶ
822 1198 878 1229 τοῖς
893 1197 944 1223 αὺ-

151 1241 218 1272 τοῖς,
237 1240 269 1267 Ἡ
285 1240 336 1275 μὲν
351 1240 405 1276 γὰρ
417 1241 569 1276 ὕπερέπτη,
583 1242 600 1276 ἡ
613 1241 641 1268 δὲ
659 1241 778 1278 παρέϐη.
795 1242 849 1268 Καὶ
863 1243 880 1276 ἡ
894 1242 944 1277 μὲν

151 1286 187 1314 τὰ
203 1286 292 1321 κοῦφα
306 1287 354 1314 καὶ
370 1288 498 1322 ἀνωφερῆ
510 1307 517 1319 ,
534 1288 582 1314 καὶ
597 1288 643 1314 τὸν
661 1288 775 1323 οὐρανὸν
792 1287 924 1315 πολοῦντα
936 1307 943 1320 ,

151 1334 169 1369 ὴ
188 1333 217 1360 δὲ
236 1333 271 1360 τὰ
288 1333 434 1369 κατωφερῆ
455 1334 502 1360 καὶ.
526 1333 612 1370 βαρέα
630 1333 746 1369 σώματα
768 1334 924 1369 ἐμιμήσατο
936 1342 942 1348 ·

153 1379 170 1414 ἠ
189 1379 237 1414 μὲν
255 1378 348 1406 διώκει
364 1379 398 1406 τὰ
415 1379 566 1415 μεταϐολῆς
580 1380 737 1414 κρείττονα,
761 1381 777 1415 ἠ
792 1379 820 1406 δὲ
837 1380 943 1412 ἐκεῖνα,

152 1420 190 1451 ὧν
204 1425 220 1460 ἡ
238 1424 374 1460 μεταϐολὴ
389 1425 533 1461 συμφυὴς,
557 1425 606 1452 καὶ
620 1425 636 1460 ἡ
653 1425 763 1457 κόλασις
778 1425 927 1461 σύντροφος
937 1433 943 1439 ’

152 1470 168 1496 ό
180 1470 208 1497 δὲ
219 1470 310 1506 τίμιος
323 1472 412 1507 γάμος
424 1471 526 1498 τούτων
540 1470 680 1506 ἑκατέρων
696 1471 778 1506 μέσος
790 1471 944 1506 τυγχάνων,

1034 1151 1199 1188 Virginitas,
1214 1153 1283 1181 bone
1295 1153 1347 1186 vir,
1361 1160 1393 1180 ac
1406 1151 1553 1181 fornicatio
1567 1153 1634 1189 legis
1653 1154 1789 1182 excedunt

998 1199 1107 1226 modum
1123 1219 1130 1232 ,
1154 1199 1206 1226 etsi
1231 1206 1284 1226 non
1300 1198 1395 1226 eodem
1417 1199 1508 1226 modo.
1541 1198 1586 1225 llla
1603 1200 1674 1226 enim
1696 1208 1791 1234 super-

998 1245 1136 1280 graditur;
1162 1246 1219 1273 haec
1232 1245 1440 1280 transgreditur.
1470 1245 1516 1272 Illa
1529 1265 1536 1277 ,
1554 1250 1584 1272 ut
1602 1245 1669 1273 levia
1689 1246 1790 1279 solent,

999 1297 1107 1318 sursum
1123 1290 1219 1322 fertur,
1245 1291 1271 1318 in
1288 1290 1440 1326 caelumque
1455 1291 1541 1318 tendit
1558 1298 1565 1319 :
1591 1291 1647 1319 haec
1663 1292 1789 1319 deorsum

1000 1335 1114 1369 rapitur,
1136 1335 1227 1369 gravia
1245 1335 1355 1363 imitans
1373 1343 1497 1370 corpora.
1530 1335 1578 1363 illa
1595 1340 1714 1363 sectatur
1731 1345 1790 1363 mu.

1001 1381 1093 1408 talioni
1116 1388 1168 1408 non
1186 1381 1302 1408 obnoxia
1315 1402 1323 1414 ,
1352 1382 1409 1409 hinc
1436 1381 1577 1409 mutationi
1594 1387 1732 1416 cognata,
1755 1390 1786 1409 ac

999 1427 1088 1462 potius
1124 1427 1251 1454 obnoxia.
1269 1425 1468 1454 Matrimonium
1499 1428 1541 1455 his
1565 1428 1670 1455 duobus
1702 1430 1789 1458 inter-

995 1471 1096 1506 jectum
1111 1480 1118 1504 ;
1134 1471 1187 1499 alio
1201 1471 1310 1506 quidem
1330 1471 1446 1499 inferius
1459 1477 1511 1506 est,
1525 1473 1611 1499 altero
1627 1480 1690 1500 vero
1705 1475 1789 1501 subii-

152 1515 204 1551 τῆς
227 1515 277 1551 μέν
301 1517 360 1543 ἐστι
388 1516 544 1552 κατώτερος
567 1516 672 1551 πολλῷ,
688 1517 737 1552 τῆς
760 1516 788 1543 δὲ
811 1516 945 1552 ἀνώτερος

999 1517 1079 1544 mins.
1095 1516 1258 1552 Virginitate
1270 1516 1343 1544 enim
1361 1516 1514 1552 conjugium
1532 1518 1622 1545 minus
1639 1523 1680 1545 est
1694 1524 1720 1546 et
1737 1520 1787 1546 hu-

152 1561 251 1595 πλέον,
267 1561 283 1597 ἥ
300 1562 362 1589 ὅσον
378 1562 459 1594 αὐτὸς
481 1562 531 1597 τῆς
549 1562 698 1597 παρθενίας
713 1563 771 1589 ἐστὶ
789 1562 945 1589 ταπεινότε-

154 1615 210 1643 ρος.
231 1607 277 1635 Διο
293 1608 341 1634 καὶ
361 1608 412 1643 τῆς
428 1607 478 1643 μὲν
492 1608 723 1643 στεφανουμένης,
747 1608 797 1642 τῆς
812 1608 840 1634 δὲ
861 1616 944 1635 κατα-

152 1652 333 1688 κρινομένης,
348 1649 426 1684 οὗτος
442 1652 600 1688 σύμμετρον
617 1652 673 1687 ἔχει
689 1652 720 1678 τὸ
734 1652 881 1688 ἐγκώμιον.

311 1707 381 1734 ste.
401 1722 434 1728 -
451 1706 603 1742 ΘΕΟΔΩΡῼ
621 1707 783 1742 ΔΙΛΚΟΝῼ.

1001 1561 1100 1588 mitius.
1120 1561 1182 1590 llae'
1196 1561 1268 1589 enim
1281 1566 1430 1593 coronata,
1445 1566 1472 1588 et
1490 1560 1670 1589 fornicatione
1684 1562 1787 1596 judicio

999 1607 1200 1638 condemnata.
1231 1607 1434 1634 matrimonium
1465 1615 1541 1634 suam
1567 1609 1649 1634 etiam
1681 1609 1786 1636 laudem

1000 1652 1183 1686 consequitur.

1118 1706 1233 1734 CCXIX.
1253 1723 1286 1727 —
1306 1707 1493 1735 TlIEODORO
1509 1707 1667 1736 Dl.\CO.\‘0.

152 1753 220 1782 Cum
233 1763 296 1782 suas
317 1759 405 1788 partes
419 1753 499 1788 egerit
515 1753 542 1780 in
555 1752 662 1780 Zosimo
683 1753 870 1786 sodalibusque
892 1753 949 1786 ejus
966 1751 1151 1788 admonendis,
1172 1752 1295 1788 iniquum,
1309 1760 1366 1779 esse
1383 1751 1475 1785 probat
1494 1753 1544 1780 sibi
1568 1754 1704 1788 imputari,
1720 1756 1789 1788 quod

479 1789 704 1815 admonitionibus
721 1796 772 1814 non
789 1788 821 1814 sit
838 1788 945 1815 relictus
966 1788 1048 1814 locus.
1065 1786 1183 1822 (Confer.
1196 1789 1270 1822 epist.
1284 1787 1318 1814 20
1335 1793 1358 1814 et
1378 1787 1455 1822 220.)

190 1844 222 1872 El
243 1844 340 1879 λόγους
354 1843 474 1879 ἔφασκον
491 1842 564 1878 ἔχειν
579 1842 670 1878 πάσης
692 1841 790 1874 κακίας
806 1842 944 1878 ἀναιρετι-

155 1891 237 1924 κοὺς,
264 1890 376 1922 εἰκότως
391 1889 424 1916 ἂν
450 1887 523 1924 εἶχον
548 1888 707 1921 ἀλαζονείας
732 1888 832 1916 αἰτίαν.
864 1888 895 1914 Ei
917 1887 946 1914 δὲ

153 1937 232 1964 τοῦτο
251 1936 368 1972 μάλιστα
383 1936 491 1962 πάντων
507 1935 658 1970 ἐπίσταμαι
668 1955 675 1967 ,
693 1935 734 1961 ὅτι
747 1934 794 1961 τοῦ
810 1933 860 1970 μὲν
874 1943 946 1970 παρ-

153 1982 292 2016 αινοῦντός
319 1984 378 2010 ἐστι
404 1983 435 2009 τὸ
468 1983 555 2009 εἰπεῖν
580 1982 615 2008 τὰ
646 1981 793 2016 βέλτιστα·
830 1981 877 2008 τοῦ
912 1980 941 2008 δὲ

155 2028 409 2064 συμϐουλευομένου
430 2027 461 2054 τὸ
479 2026 635 2062 πεισθῆναι.
659 2027 689 2053 'O
706 2026 755 2062 μὲν
771 2026 825 2062 γὰρ
840 2026 886 2053 τοῦ
901 2026 946 2053 λέ-

155 2082 229 2108 γειν,
251 2075 265 2100 6
287 2074 315 2100 δὲ
340 2073 388 2100 τοῦ
414 2073 543 2109 πράττειν
565 2072 666 2107 Κύριός
691 2073 748 2098 ἐστι
763 2080 769 2087 ·
795 2071 821 2098 τί
849 2072 948 2107 παρεὶς

155 2119 374 2155 συγγινώσκειν,
395 2119 453 2154 εῐγε
476 2118 656 2151 ἀποδέξασθαι
675 2118 711 2154 μὴ
731 2118 850 2154 βούλοιο,
872 2119 946 2154 αἰτιᾷ
963 2136 985 2164 D

153 2166 199 2193 τὸν
219 2165 282 2200 τόγε
296 2165 379 2192 αὐτοῦ
392 2164 476 2200 μέρος
488 2163 701 2199 κατορθώσαντα
712 2171 719 2196 ;
732 2163 756 2190 εἰ
768 2163 795 2190 δὲ
804 2163 865 2199 μηδ’
875 2163 947 2190 οὕτω

155 2211 294 2248 καταδέχῃ
306 2231 313 2245 ,
336 2209 395 2246 ὦρα
411 2219 441 2236 σε
459 2209 506 2236 καὶ
527 2209 576 2244 τὴν
597 2208 717 2245 ἆρῤητον
743 2209 841 2244 σοφίαν
856 2209 947 2236 αἰτιά-

156 2257 265 2290 σασθαι,
285 2257 336 2292 τὴν
353 2257 422 2292 μήτε
447 2256 510 2287 τοὺς
528 2255 771 2290 ἀποπατήσαντας
791 2255 945 2288 Ἰουδαίους,

157 2304 226 2339 μήτε
240 2302 286 2330 τὸν
301 2303 436 2339 προδότην
449 2303 590 2329 πείσασαν.
606 2301 743 2328 Τοσοῦτον
753 2301 808 2337 γὰρ
825 2302 946 2337 ἀπέσχον

155 2349 202 2376 τοῦ
222 2349 385 2384 πεισθῆναι,
400 2350 442 2376 ὄτι
465 2350 479 2376 ὁ
497 2349 545 2385 μὲν
560 2347 717 2384 προῦδωκεν
730 2367 737 2380 ,
760 2348 785 2374 oi
802 2348 830 2374 δὲ
853 2347 947 2374 ἐσταύ-

157 2405 258 2432 ρωσαν.
276 2397 308 2423 Et
328 2396 355 2423 δὲ
377 2397 424 2423 καὶ
441 2396 478 2432 μὴ
506 2395 624 2422 πείσασα
641 2394 688 2421 καὶ
714 2393 843 2426 σώσασα,
872 2394 946 2429 παρὰ

156 2443 265 2469 πάντων
283 2442 501 2477 ἀνακηρύττεται
511 2449 518 2456 υ
532 2441 586 2468 ἀπὸ
602 2440 657 2475 γὰρ
671 2441 720 2476 τῆς
739 2440 925 2475 προαιρέσεως
937 2459 944 2471 ,

155 2488 207 2514 οὐκ
220 2487 276 2513 ἀπὸ
297 2487 347 2522 τῆς
373 2486 514 2517 ἐκϐάσεως
532 2485 567 2512 τὰ
588 2485 741 2521 πράγματα
757 2484 880 2520 κρίνεται
893 2493 899 2500 ·
919 2484 945 2511 τί

156 2533 231 2568 αἰτιᾷ
250 2533 295 2559 τὸν
309 2532 428 2559 τοσαῦτα
452 2531 640 2567 πεποιηκότα,
666 2530 714 2557 καὶ
735 2530 772 2566 μὴ
796 2529 947 2565 δυνηθέντα

157 2580 250 2605 πεῖσαι
264 2578 448 2615 Μαρτινιανόν
463 2587 493 2604 τε
511 2578 559 2605 καὶ
578 2577 701 2612 Ζώσιμον
711 2596 719 2608 ,
734 2576 782 2603 καὶ
804 2576 926 2611 Μάρωνα
939 2596 947 2608 ,

158 2625 202 2651 καὶ
228 2624 377 2651 Εὑστάθιον
403 2624 570 2659 ἀποσχέσθαι
592 2623 711 2655 κακίας;
735 2621 868 2649 Τοσοῦτον
894 2622 948 2657 γὰρ

156 2671 251 2705 ἀπέχω
264 2671 311 2697 τοῦ
323 2670 453 2706 ὲρυθριᾷν
464 2671 510 2697 ἐπὶ
518 2670 606 2706 τούτῳ
624 2669 732 2705 (καίτοι
747 2668 876 2704 ὲρυϐριᾷν
891 2668 947 2704 (48)

159 2715 257 2748 παντὸς
278 2716 378 2752 μᾶλλον
389 2737 395 2748 ,
410 2716 447 2748 ὥς
463 2725 495 2750 γε
507 2715 635 2752 ὲμαυτὸν’
645 2735 653 2748 ,
663 2716 691 2742 ὲν
708 2712 748 2747 οἷς
765 2715 795 2741 τὸ
811 2714 941 2750 ὲρυθριᾷν

1011 1865 1015 1871 ,
1036 1840 1064 1868 Si
1078 1848 1219 1869 sermones
1235 1841 1335 1869 habere
1345 1849 1386 1869 me
1400 1842 1528 1870 dixissent
1543 1843 1788 1871 malitiamonmem

999 1887 1135 1920 tollentes,
1154 1886 1249 1914 merito
1265 1887 1397 1922 gloriandi
1413 1895 1506 1915 ansam
1523 1888 1661 1916 haberem.
1679 1889 1707 1916 Si
1727 1897 1789 1917 vero

999 1931 1064 1959 illud
1081 1931 1205 1959 omnium
1227 1932 1285 1967 ipse
1302 1931 1385 1967 probe
1401 1933 1479 1966 novi,
1494 1933 1666 1962 adhortantis
1679 1936 1788 1969 quidem

999 1985 1059 2006 esse
1080 1977 1182 2012 optima
1204 1978 1317 2012 dicere;
1345 1978 1403 2013 ejus
1427 1987 1508 2012 vero,
1529 1980 1572 2007 cui
1597 1982 1789 2015 persuadetur,

999 2031 1078 2051 aures
1094 2025 1301 2051 accommodare
1325 2030 1352 2052 et
1378 2025 1490 2053 reddere
1506 2034 1513 2053 :
1539 2033 1624 2061 quare
1641 2027 1663 2053 si
1681 2029 1790 2061 quando

999 2068 1111 2096 laudare
1128 2068 1223 2101 nolles,
1240 2068 1335 2096 saltem
1351 2069 1492 2104 ignoscere
1507 2071 1630 2098 deberes.
1647 2071 1790 2106 Vituperas

999 2114 1070 2141 enim
1083 2121 1144 2141 eum
1161 2115 1207 2148 qui
1225 2123 1286 2150 quae
1304 2123 1416 2143 suarum
1431 2122 1509 2144 erant
1526 2118 1645 2151 partium
1659 2118 1788 2153 explevit.

1000 2159 1028 2187 Si
1044 2160 1114 2187 enim
1133 2168 1182 2187 nec
1199 2161 1247 2188 hoc
1260 2160 1367 2194 fateris,
1384 2161 1440 2196 jam
1455 2168 1481 2190 et
1501 2163 1663 2191 ineffabilem
1682 2165 1728 2192 Dei
1746 2174 1790 2193 sa-

1001 2206 1128 2240 pientiatu
1139 2207 1338 2241 reprehendere
1355 2208 1469 2242 poteris,
1485 2217 1546 2244 quae
1561 2218 1610 2238 nec
1625 2212 1788 2245 apostatami

1000 2253 1071 2286 genti
1084 2251 1215 2286 Iudaicae,
1233 2260 1281 2280 nec
1296 2252 1375 2281 Judte
1389 2255 1519 2289 proditori
1538 2257 1685 2291 persuasit.
1707 2257 1789 2293 625

1000 2297 1116 2324 Tantum
1131 2299 1203 2326 enim
1219 2299 1313 2326 aberat
1328 2305 1358 2326 ut
1378 2301 1561 2334 persuaserit,
1577 2307 1606 2329 ut
1621 2302 1664 2330 hic
1679 2304 1787 2338 quidem

1001 2345 1170 2377 vendiderit.
1195 2344 1239 2372 illa
1257 2352 1320 2372 vero
1341 2346 1415 2374 natio
1429 2347 1503 2375 cruci
1526 2348 1654 2376 allixerit.
1681 2348 1709 2376 Si
1725 2357 1788 2377 vero

999 2390 1088 2417 divina
1108 2391 1152 2418 illa
1170 2391 1304 2426 sapientia
1327 2399 1386 2426 quae
1400 2400 1488 2427 neque
1504 2393 1558 2421 illis
1574 2396 1727 2429 persuasit,
1743 2403 1788 2422 ne-

998 2443 1051 2470 que
1071 2444 1118 2464 eos
1138 2435 1272 2470 salvavit,
1297 2439 1332 2466 ab
1345 2438 1470 2467 omnibus
1490 2439 1614 2467 laudetur
1631 2440 1656 2475 (τι
1675 2441 1788 2467 consilio

998 2482 1080 2514 enim,
1101 2490 1152 2510 non
1170 2482 1204 2510 ab
1216 2489 1312 2510 eventu
1329 2491 1372 2513 res
1386 2485 1566 2520 iudicantur),
1585 2486 1649 2520 quid
1669 2493 1780 2512 accusas

999 2533 1142 2556 conantem
1161 2533 1187 2556 et
1205 2537 1256 2557 non
1276 2529 1410 2558 valentem
1429 2533 1594 2566 persuadere
1610 2531 1785 2562 Martiniano,

997 2575 1115 2607 Zosimo,
1134 2579 1161 2601 et
1186 2575 1288 2603 Maroni
1306 2581 1387 2612 atque
1403 2577 1556 2609 Eustathio,
1592 2581 1620 2603 ut
1635 2578 1670 2604 ab
1685 2577 1786 2611 improc

997 2620 1081 2647 bitale
1097 2621 1252 2649 desistant?
1266 2622 1382 2650 Tantum
1399 2623 1493 2650 absum
1515 2628 1542 2649 ut
1565 2628 1707 2657 propterea
1723 2630 1785 2648 eru-

999 2666 1106 2694 bescam
1129 2667 1214 2702 magis
1231 2675 1311 2702 quam
1332 2668 1475 2704 quisquam
1492 2668 1559 2694 alius
1572 2687 1579 2699 ,
1605 2668 1626 2695 si
1650 2667 1714 2694 iniiti
1735 2667 1784 2701 ipsi

1000 2719 1051 2738 non
1065 2711 1241 2746 persuadeant
1254 2712 1308 2744 illa.
1321 2713 1347 2740 in
1359 2713 1456 2747 quibus
1464 2712 1626 2739 erubescere
1643 2710 1784 2745 pulchrum

158 2759 255 2794 καλὸν,
283 2759 490 2796 ἐπιστάμενος),
504 2761 545 2787 ὅτι
570 2760 617 2787 καὶ
641 2759 809 2796 σεμνύνομαι
833 2759 879 2786 ἐπὶ
902 2758 940 2794 τῷ

998 2765 1056 2786 esse
1072 2759 1139 2792 scio,
1158 2764 1188 2787 ut
1205 2759 1287 2787 etiam
1310 2759 1407 2795 glorier
1423 2758 1449 2786 iu
1468 2758 1529 2791 hoc,
1545 2761 1575 2784 ut
1590 2764 1622 2784 ex
1651 2761 1726 2792 parte
1741 2755 1792 2783 sal-

717 2826 832 2854 VARIKE
860 2826 1051 2855 LECTIONES
1067 2825 1110 2853 ET
1129 2825 1234 2854 NOTIF.

195 2908 250 2943 (48)
268 2907 317 2935 1³ιό
335 2907 462 2943 ὲρυθριᾷν
484 2908 555 2936 solus
575 2909 633 2936 cod.
657 2907 710 2934 λιι.
732 2907 836 2939 scribit,
860 2905 941 2941 ἐρυορ

1004 2904 1044 2932 ἄν.
1060 2905 1165 2932 Possm.
