2049 3162
259 172 329 206 1463
365 164 367 169 ’

843 176 873 206 ὃ.
891 174 1038 206 ISIDORI
1057 172 1276 206 PELUSIOT.E

1821 177 1886 210 1464

259 235 312 258 tem
325 229 587 264 passionumCln-isti
602 230 706 258 Domini
718 231 818 266 possim
827 238 887 258 esse
894 236 1042 266 particeps.

1103 232 1147 258 ιᾶν
1170 232 1201 258 ἐκ
1224 231 1325 267 μέρους
1335 233 1393 264 τοῖς
1410 233 1588 265 Δεσποτικοϊς
1606 216 1704 260 πάθεσι
1721 242 1886 268 κεκοινωνη-

416 332 494 360 CCX.
506 349 540 354 —
557 331 708 360 EUTONIO
727 331 885 360 DlACONO.

1101 278 1188 305 κέναι.

1257 332 1320 360 ΣΚ¹.
1337 347 1373 353 -‹
1395 334 1544 366 ΕΥΤΟΝΙΩ
1560 334 1722 370 ΔΙΔΚΟΝῼ.

292 389 332 416 De
347 389 446 416 Zosimi
466 394 489 417 et
508 389 626 417 Maronis
638 390 707 416 vitiis
721 390 825 422 iterum,
841 393 866 416 et
879 390 911 416 de
926 389 1042 416 Jtulaica
1057 390 1180 424 perﬁdia.
1199 390 1280 427 (Vide
1296 399 1355 426 sup.
1367 397 1390 419 et
1406 392 1482 424 epist.
1495 392 1541 424 20,
1557 392 1594 418 De
1608 391 1681 420 Judu
1694 391 1852 423 proditore.)

293 443 321 471 Si
339 444 451 479 quodvis
475 443 606 479 supplicio
624 444 734 479 dignum
756 443 845 471 scelus
857 444 1045 476 eonnnittunt,

234 485 238 489 “
259 494 286 516 et
311 490 415 524 impura
446 496 559 524 qumque
589 489 671 517 verba
704 489 846 524 proferunt
872 489 994 516 Zosimus
1019 493 1047 516 et

261 535 365 570 Maron,
396 539 477 570 atque
510 535 536 563 in
559 535 689 570 optimum
718 541 853 569 quemque
883 535 1045 561 incurrunt:

261 589 319 614 quae
333 587 420 615 neque
430 580 552 614 dicenda,
565 587 652 615 neque
666 587 695 607 re
707 581 761 608 sint
773 580 943 614 exsequenda
961 580 1050 606 dicen-

261 633 302 654 tes
316 627 417 661 pariter
440 630 467 653 et
485 630 596 660 agentes
612 634 619 653 :
635 626 687 653 noli
707 626 865 653 existimare
889 625 1017 652 ultionem
1034 632 1049 652 a

264 674 317 700 Deo
341 672 449 707 negligi,
469 672 569 699 mirare
597 672 686 706 potius
710 671 940 706 longanimitatent
966 671 1050 698 divini

262 718 381 745 numinis
400 718 432 744 ad
447 716 632 752 paenitentiam
649 717 721 751 ipsos
738 716 906 749 invitantem,
924 720 951 742 et
967 723 1048 743 excu-

262 763 394 791 sationem
415 762 567 798 pracisant,
586 769 679 789 verum
700 761 839 789 enimvero
862 765 923 796 post
937 769 990 788 non
1005 761 1049 788 diu

263 810 303 837 vel
319 810 345 836 in
362 809 413 836 hac
427 808 493 842 vita,
508 808 548 836 vel
568 809 594 836 in
618 808 700 835 altera
715 808 789 843 gravi
804 815 851 835 eos
865 807 996 842 supplicio
1012 807 1050 834 in-

263 861 432 892 sequentem.
458 854 486 883 Si
515 855 587 882 enim
613 855 661 890 qtti
694 860 757 882 ante
781 854 910 882 diluvium
935 854 1049 881 nefanda

264 906 399 936 [latrantes
409 900 446 933 ",
460 902 500 928 vel
526 901 552 927 in
570 899 693 927 Sodomis
720 900 836 926 immane
863 904 1004 934 peccantes
1018 898 1050 931 ⁸⁷,

263 952 309 974 aut
322 947 344 975 si
359 947 385 974 in
409 946 550 974 Dominum
566 946 732 973 insanientes
747 945 820 972 rabie
831 945 915 973 Judaei
929 944 1051 979 nnpuniti

262 993 412 1024 abierunt,
452 991 564 1019 abibunt
594 996 620 1018 et
645 991 698 1018 isti.
725 990 753 1018 Si
780 998 844 1018 vero
876 990 981 1018 illorum
1008 989 1052 1017 alii

263 1042 326 1065 sunt
354 1036 480 1064 (luctibus
503 1036 613 1069 obruti,
638 1035 682 1062 alii
708 1035 761 1070 igni
785 1043 816 1063 ac
838 1035 910 1062 bello
925 1034 1052 1062 exstincti

263 1083 411 1117 perierunt,
431 1087 558 1110 ulomnes
571 1089 632 1109 eum
646 1082 751 1116 priores
763 1086 817 1108 tum
831 1081 935 1108 futuras
949 1085 1051 1116 tragus-

263 1129 320 1157 dias
333 1128 516 1161 obscurarint,
532 1128 614 1155 etiam
640 1127 683 1154 hic
709 1127 818 1154 ultimas
840 1128 888 1154 bas
902 1126 1050 1162 patientur,

264 1180 369 1207 poenas.
382 1173 437 1200 Cur
447 1172 529 1207 igitur
540 1172 606 1199 nihil
617 1172 641 1199 id
662 1172 739 1204 iacis,
753 1172 830 1207 quasi
841 1172 893 1199 sint
907 1172 1054 1207 impuniti?

264 1219 303 1246 ibi
311 1218 383 1246 enim
395 1225 491 1253 poenas
503 1218 615 1245 daturos
632 1221 736 1251 notum,
751 1219 864 1245 veritate
878 1219 913 1246 ita
930 1226 1052 1253 pronun—

264 1265 368 1292 tiante:
397 1272 406 1289 ι
429 1262 609 1291 Tolerabilius
641 1264 694 1290 erit
721 1268 799 1291 terrm
822 1263 999 1291 Sodomorum
1026 1269 1054 1291 et

263 1310 499 1338 Gomorrhteorum
516 1310 541 1336 in
558 1309 602 1341 die
613 1309 706 1345 judicii
717 1329 725 1341 ,
742 1317 821 1344 quam
838 1310 941 1337 civitati
957 1311 994 1337 illi
1006 1310 1029 1327 ⁸⁸
1044 1319 1050 1338 :

264 1357 328 1390 quia
354 1355 504 1384 Jerusalem
526 1361 667 1390 persecuta
686 1360 728 1383 est
749 1356 872 1383 veritatis
904 1364 1050 1391 prmeooes.

263 1402 326 1430 Haec
336 1402 395 1428 ideo
409 1401 499 1435 retuli,
518 1406 645 1436 tanquatn
661 1401 716 1428 sint
737 1401 772 1428 illi
790 1402 897 1436 gravius
912 1401 1051 1436 puniendi,

266 1447 412 1475 Sodomita:
421 1454 486 1475 vero
504 1447 644 1474 remissius
657 1454 689 1474 ac
705 1447 806 1478 mitius,
823 1454 874 1473 non
892 1447 970 1473 modo
990 1447 1052 1481 quia

265 1494 292 1520 in
305 1493 354 1521 hac
368 1493 422 1520 vita
438 1500 534 1528 poenas
559 1492 764 1526 pependerunt,
779 1491 826 1518 sed
837 1496 863 1518 et
879 1492 943 1526 quia
957 1496 1052 1519 contra

1135 446 1167 472 Εἰ
1190 445 1272 481 μηδὲν
1297 446 1356 480 μετ’
1382 445 1529 477 ἀκολασίας
1554 444 1608 480 (49)
1628 443 1709 480 ἔργον
1730 444 1890 478 ἄπρακτον,

1102 491 1170 526 μήτε
1180 491 1258 524 λόγον
1269 491 1381 526 αἰσχρὸν
1392 491 1520 527 ἄρρητον,
1533 490 1570 522 ὡς
1582 489 1646 525 φὴς,
1659 489 1893 525 παραλελοιπότες

1101 534 1226 569 Ζώσιμός
1242 543 1271 560 τε
1287 535 1334 561 καὶ
1355 535 1472 571 Μάρων,
1492 535 1532 561 ἐτι
1546 535 1593 560 καὶ
1615 534 1687 561 κατὰ
1702 533 1756 560 τῶν
1771 533 1892 568 ἀρίστων

1103 579 1280 614 ἐπιφύονται,
1299 579 1317 606 ἃ
1333 583 1402 616 μήτε
1418 580 1490 615 λόγῳ
1506 579 1593 616 ῥητὰ,
1615 580 1683 614 μήτε
1697 579 1769 614 ἔργῳ
1786 577 1894 613 φορητὰ

1103 627 1150 654 καὶ
1166 626 1317 662 φράζοντες
1330 627 1377 653 καὶ
1395 626 1576 662 πράττοντες·
1597 626 1634 662 μὴ
1653 626 1704 661 τῆς
1723 625 1798 656 Θείας
1814 625 1894 660 δίκης

1102 673 1233 709 ἀμέλειαν
1245 673 1435 709 καταψηφίσῃ,
1458 673 1527 700 ἀλλὰ
1544 671 1667 708 θαύμαζε
1679 673 1765 708 αὐτῆς
1777 672 1826 708 τὴν
1840 681 1894 707 tu»

1103 720 1266 756 κροουμίαν,
1281 719 1329 755 τὴν
1341 719 1389 746 νῦν
1403 720 1453 755 μὲν
1468 721 1509 751 εἰς
1523 720 1669 755 μετάνοιαν
1682 719 1782 750 αὐτοὺς
1796 717 1895 745 κα)ιοῦ-

1103 774 1153 792 σαν
1163 786 1170 798 ,
1190 766 1237 792 καὶ
1253 765 1302 800 τὴν
1317 765 1465 800 ἀπολογίαν
1485 765 1709 800 ἀποτεμνομένην
1719 785 1726 796 ,
1750 764 1850 800 μικρὸν
1867 763 1895 790 δὲ

1104 812 1218 848 ὕστερον
1233 813 1249 849 ἦ
1272 811 1398 842 ἐνταῦθα,
1417 812 1433 847 ἢ
1451 813 1509 838 ἐκεῖ
1529 812 1639 838 κολάσει
1657 810 1826 846 σφοδροτάτῃ
1843 809 1896 836 αὖ·

1102 858 1165 889 τοὺς
1189 857 1433 892 μετελευσομένην.
1450 857 1480 883 Εί.
1493 857 1543 892 μὲν
1558 857 1612 891 γὰρ
1635 857 1659 883 οἱ
1674 856 1726 891 πρὸ
1741 856 1788 882 τοῦ
1807 864 1896 882 κατα-

1104 902 1226 938 κλυσμοῦ
1241 902 1259 930 ἃ
1277 902 1314 939 μὴ
1330 902 1408 937 Θέμις
1421 902 1582 939 δράσαντες,
1592 902 1609 937 ἢ
1624 902 1653 928 ὲν
1667 902 1797 937 Σοδόμοις
1808 902 1896 935 ὑπερ-

1103 950 1166 985 όρια
1185 949 1366 981 πταίσαντες,
1383 949 1400 984 ἦ
1418 949 1443 976 οί
1459 949 1531 976 κατὰ
1552 948 1598 975 τοῦ
1623 949 1759 975 Δεσπότον
1782 948 1895 974 ἑπιλυτ-

1103 995 1237 1030 τήσαντες
1250 993 1371 1020 Ἰουδαῖοι
1381 994 1550 1030 ἀτιμώρητοι
1558 994 1696 1028 διέφυγον,
1703 993 1896 1028 διαφεύξονται

1103 1039 1150 1064 καὶ
1163 1036 1246 1066 οὗτοι.
1260 1038 1291 1065 Εἰ
1305 1039 1334 1065 δὲ
1348 1038 1459 1066 ἐκείνων
1473 1038 1590 1065 ἐνταῦθα
1604 1039 1629 1065 oi
1646 1038 1694 1073 μὲν
1706 1038 1895 1073 κατεκλὺσθη-

1105 1091 1153 1110 σαν
1165 1103 1173 1114 ,
1190 1084 1215 1109 οἱ
1230 1083 1260 1110 δὲ
1277 1083 1365 1119 πυρὸς
1377 1103 1384 1116 ,
1400 1083 1425 1110 οί
1439 1083 1467 1109 δὲ
1483 1083 1603 1118 πολέμου
1618 1083 1699 1118 ἔργον
1713 1083 1893 1118 γεγένηνται,

1103 1129 1141 1161 ὡς
1160 1129 1253 1162 πάσας
1271 1129 1319 1157 καὶ
1336 1130 1386 1161 τὰς
1406 1129 1561 1166 ἔμπροσθεν
1571 1149 1580 1163 ,
1594 1131 1642 1157 atat
1655 1130 1705 1162 τὰς
1722 1129 1793 1165 μετὰ
1806 1129 1895 1156 ταῦτα

1103 1175 1262 1211 ἀποκρύψαι
1280 1175 1444 1211 τραγῳδίας,
1461 1176 1572 1202 κάκεῖσε
1588 1175 1616 1202 δὲ
1635 1175 1685 1206 τὰς
1701 1175 1819 1209 ἐσχάτας
1833 1174 1894 1201 mi-

1104 1230 1194 1248 σονται
1213 1222 1348 1257 τιμωρίας
1360 1229 1366 1236 '
1391 1221 1424 1248 δι’
1439 1221 1473 1256 ἢν
1492 1221 1582 1249 αἰτίαν
1597 1221 1756 1256 ὀλιγωρεῖς,
1778 1221 1817 1253 ὡς
1833 1222 1894 1247 ἀτι-

1105 1269 1240 1303 μωρήτων
1263 1268 1366 1295 τούτων
1387 1268 1489 1301 ὄντων,
1510 1267 1573 1295 Ὀτι
1596 1267 1651 1302 γὰρ
1675 1268 1757 1295 κάκεῖ
1776 1267 1893 1293 δώσουσι

1103 1317 1199 1351 δίκην,
1228 1316 1325 1351 δῆλον,
1353 1316 1386 1343 ὲκ
1417 1315 1464 1342 τοῦ
1494 1316 1544 1351 τὴν
1577 1315 1706 1350 ἀλήθειαν
1735 1315 1891 1349 εἰρηκέναι.

1106 1373 1116 1388 ‹
1140 1362 1329 1398 Ἀνεκτότερον
1347 1361 1423 1389 ἔσται
1445 1363 1482 1397 γῇ
1498 1361 1622 1396 Σόδομων
1638 1361 1685 1387 καὶ
1700 1360 1860 1395 Γομόρρων,
1877 1359 1892 1393 ἢ

1103 1409 1136 1443 τῇ
1157 1407 1232 1435 πόλει
1254 1407 1362 1444 ἐκείνῃ,
1387 1417 1397 1433 ι
1423 1409 1456 1442 τῇ
1473 1406 1593 1441 διωξάσῃ
1615 1406 1737 1440 δηλονότι
1759 1406 1823 1436 τοὺς
1844 1405 1892 1438 τῆς

1103 1454 1233 1489 ἀληθείας
1251 1454 1392 1489 κήρυκας·
1410 1453 1490 1479 τοῦτο
1504 1453 1532 1479 δὲ
1545 1451 1638 1485 εἶπεν,
1660 1451 1698 1483 ὼς
1716 1451 1830 1477 ἐκείνων
1846 1450 1892 1485 μὲν

1103 1498 1314 1534 ἀργαλεωτέραν
1327 1497 1468 1525 δωσόντων
1484 1497 1564 1532 δίκην
1575 1518 1582 1530 ,
1603 1495 1757 1531 Σοδομιτῶν
1778 1495 1808 1522 δὲ
1823 1496 1891 1530 ἡμε-

266 1544 389 1566 nalnram
406 1539 469 1566 vino
490 1545 523 1566 ac
550 1537 661 1565 libidine
683 1542 746 1564 sunt
770 1537 940 1564 drbacchati.
965 1536 1049 1565 Jud:ei

1103 1545 1236 1581 ρωτέραν,
1254 1544 1283 1570 οὔ
1300 1543 1381 1578 μόνον
1393 1543 1437 1569 διὰ
1450 1542 1481 1569 τὸ
1497 1541 1637 1570 κάνταῦθα
1650 1541 1809 1571 δεδωκέναι,
1827 1539 1895 1566 ἀλλὰ

266 1592 331 1612 vero
345 1584 476 1613 adversus
485 1589 587 1612 natura:
599 1583 742 1611 Dominum
755 1583 936 1618 deliquerunt.

515 1735 629 1764 CCXXI.
647 1751 682 1758 ν-
695 1735 810 1765 ΕΙΟΕΜ.

1103 1592 1151 1618 καὶ
1176 1590 1220 1617 διὰ
1235 1590 1266 1616 τὸ
1288 1589 1352 1621 τοὺς
1374 1589 1424 1624 μὲν
1442 1589 1514 1615 κατὰ
1528 1588 1587 1622 τῆς¹
1601 1588 1709 1622 φύσεως
1727 1594 1890 1621 πεπαρῳνη-

1104 1637 1192 1669 κέναι,
1203 1636 1267 1668 τοὺς
1278 1636 1306 1663 δὲ
1321 1635 1392 1663 κατὰ
1405 1634 1452 1662 τοῦ
1465 1635 1601 1661 Δεσπότου
1615 1634 1665 1669 τῆς
1676 1633 1786 1668 φύσεως
1801 1632 1890 1658 λελυτ-

1104 1683 1226 1718 τηκέναι.

1334 1737 1420 1763 ΣΚΑ’.
1439 1752 1474 1758 --
1494 1736 1538 1771 Τῼ
1557 1736 1659 1770 ΑΥΤῼ.

422 1793 461 1821 De
474 1801 550 1829 paena
564 1794 643 1829 Itujus
658 1799 681 1821 et
699 1794 808 1822 alterius
822 1795 889 1821 vitw.
907 1793 961 1829 (Ea;
979 1794 1027 1822 hac
1044 1801 1067 1823 et
1085 1797 1218 1831 superiore
1231 1797 1305 1832 epist.
1326 1796 1440 1830 con/lata
1453 1795 1528 1831 epist.
1544 1794 1609 1829 '203,
1624 1795 1670 1821 lib.
1689 1794 1745 1829 tn.)

302 1855 387 1888 Scito,
406 1856 475 1884 bone
490 1856 541 1888 vir,
554 1857 627 1891 quod
637 1857 659 1884 si
673 1856 768 1884 leviter
781 1864 813 1884 ac
828 1857 958 1885 tolerabili
973 1858 1053 1886 modo

267 1906 418 1936 euratuque
437 1901 517 1928 facile
537 1902 717 1936 peccavimus,
733 1903 846 1937 ideoque
863 1903 970 1931 adversi
989 1905 1052 1938 quid

268 1947 402 1982 patimur,
427 1952 491 1974 tunc
515 1947 629 1974 crimina
658 1947 832 1983 detergimtts.
865 1947 962 1975 Gravia
988 1956 1053 1977 vero

268 1997 349 2027 atque
377 1992 520 2019 immodica
547 1997 696 2027 patrantes,
721 1993 749 2020 in
768 1994 861 2021 altera
890 1995 971 2021 etiam
999 1995 1052 2021 vita

268 2038 382 2065 luemus.
397 2037 480 2073 626
496 2037 595 2065 Levius
619 2043 709 2066 tamen
725 2040 873 2072 aemilius,
892 2040 914 2067 si
929 2040 992 2074 quid
1011 2040 1054 2068 hie

267 2084 386 2120 patimur
406 2084 530 2116 adversi;
552 2084 661 2117 gravius
681 2091 762 2119 vero,
787 2085 811 2113 si
832 2086 900 2113 nihil
917 2087 960 2114 hic
982 2087 1053 2121 passi

266 2129 320 2156 vita
336 2129 501 2157 decedimus.
515 2127 615 2156 Verum
632 2137 666 2157 ne
687 2137 728 2158 me
743 2130 818 2158 dicas
836 2130 917 2158 veluti
929 2138 1053 2165 narrare,

267 2183 299 2203 ac
309 2183 363 2203 non
381 2168 581 2208 demonstrare,
598 2177 711 2204 testibus
725 2177 853 2205 utendum
868 2183 910 2205 est
927 2185 1053 2205 necessa-

268 2222 330 2249 riis.
349 2221 461 2249 Divinus
483 2222 572 2256 itaque
594 2222 693 2250 Paulus
711 2223 744 2249 de
766 2223 810 2256 iis,
824 2223 868 2258 qui
887 2224 931 2250 hic
955 2224 1052 2251 delicta

269 2267 357 2299 luunt,
367 2267 443 2295 testis
452 2269 524 2295 omni
536 2269 696 2303 exceptione
709 2268 805 2303 major,
818 2269 983 2303 redarguens
996 2277 1052 2302 eos,

268 2313 315 2347 qui
329 2313 438 2348 indigne
454 2320 622 2341 sacramenta
638 2319 832 2349 perceperant:
846 2323 855 2340 ι
870 2313 939 2346 Ideo,
955 2314 1053 2349 inquit,

269 2360 340 2386 inter
351 2366 400 2387 vos
419 2359 495 2386 multi
513 2359 611 2386 inﬁrmi
634 2366 661 2387 et
682 2360 848 2393 imbecilles,
872 2365 898 2387 et
919 2361 1056 2388 dormiunt

271 2405 359 2432 multi.
384 2404 461 2438 Quod
491 2405 513 2432 si
538 2407 718 2439 nosmetipsos
743 2406 974 2440 diiudicaremus,
1002 2414 1054 2433 non

270 2451 361 2486 utique
367 2451 560 2485 iudicaremur.
571 2450 636 2477 Dum
645 2451 905 2485 iudieamnraulem.
918 2459 931 2478 a
942 2450 1054 2478 Domino

270 2497 443 2531 corripimttr,
461 2501 489 2523 ut
504 2503 554 2522 non
567 2503 627 2523 cum
642 2497 692 2523 hoc
706 2497 805 2523 mundo
824 2497 985 2525 damnentur
997 2498 1049 2524 ".i

273 2541 337 2568 Illud
351 2541 432 2568 etiam
458 2541 510 2575 igni
534 2541 688 2568 excruciata
709 2540 783 2568 diviti
802 2543 903 2569 dictum
917 2544 950 2568 ab
966 2543 1052 2569 Abra-

271 2589 352 2615 hamo
361 2587 455 2615 eodem
468 2587 583 2621 pertinet
600 2596 607 2614 :
624 2595 633 2612 ί
645 2586 707 2619 Fili,
720 2589 861 2615 recordare
873 2589 936 2622 quia
951 2588 1055 2622 recepi-

272 2634 306 2661 sti
323 2634 392 2662 bona
415 2634 440 2661 in
465 2634 518 2661 vita
543 2639 597 2662 tua.
615 2633 735 2662 Lazarus
759 2634 883 2662 similiter
907 2635 976 2662 mala
992 2635 1026 2662 '“.
1044 2645 1053 2659 ι

310 2719 333 2735 ⁸⁸
343 2718 410 2746 Gen.
425 2728 460 2752 γι,
475 2721 485 2747 l
500 2728 576 2755 seqq.

1144 1860 1226 1892 Ἴσθι.
1251 1858 1275 1887 ὦ
1297 1860 1401 1895 ἀγαθὲ,
1428 1861 1471 1887 ὅτι
1497 1860 1522 1886 εί
1545 1860 1623 1886 οἰστὰ
1643 1859 1693 1886 καὶ
1718 1858 1825 1894 φορητὰ
1848 1857 1890 1884 καὶ

1106 1907 1202 1934 εὐΐατα
1218 1907 1398 1942 πταίσοιμεν,
1412 1906 1458 1932 καὶ
1474 1905 1608 1941 πάθοιμεν
1624 1914 1649 1931 τι
1665 1904 1787 1932 ἐνταῦθα
1800 1904 1889 1934 δεινὸν,

1105 1951 1311 1987 ἀπο-τριϐόμεθα
1326 1950 1360 1977 τὰ
1380 1950 1540 1984 πταίσματα
1552 1959 1558 1965 ·
1576 1950 1600 1976 εἰ
1614 1949 1642 1975 δὲ
1662 1948 1836 1984 ἀπάνθρωπα
1846 1948 1890 1974 καὶ

1105 1997 1200 2030 δεινὰ,
1216 1997 1327 2024 κάκεῖσε
1350 1995 1617 2031 τιμωρηθησόμεθα,
1639 1995 1807 2031 κουφότερον
1835 1995 1890 2029 μὲν,

1102 2045 1127 2071 εί
1139 2043 1281 2071 κάνταῦθά
1301 2051 1327 2070 τι
1346 2042 1481 2078 πάθοιμεν
1493 2062 1500 2074 ,
1517 2042 1668 2078 βαρύτερον
1683 2042 1722 2075 δὲ,
1742 2042 1767 2069 εξ
1781 2042 1890 2072 ἀπαθεῖς

1102 2088 1267 2123 ἁπέλθοιμεν
1278 2096 1285 2102 ·
1301 2087 1358 2115 ἀλλ’
1375 2088 1419 2114 ῖνα
1434 2088 1472 2122 μὴ
1491 2087 1580 2121 λέγειν
1593 2087 1666 2122 ἔχοις
1687 2087 1725 2118 ὡς
1741 2087 1812 2122 αὕτη
1829 2088 1892 2114 ἀπό-

1103 2134 1184 2168 φασίς
1202 2135 1261 2160 ἐστι
1282 2134 1330 2160 καὶ
1343 2134 1394 2160 οὐκ
1413 2133 1560 2166 ἀπόδειξις,
1576 2133 1621 2160 διὰ
1641 2133 1801 2168 μαρτυριῶν
1826 2133 1890 2164 ἀξιον

1103 2180 1193 2216 χρέων
1209 2179 1340 2215 βαδιεῖται
1356 2181 1370 2207 ὁ
1385 2179 1463 2214 λόγος
1473 2200 1482 2208 .
1496 2180 1563 2215 Περὶ
1573 2177 1620 2206 οὖν
1634 2179 1688 2206 τῶν
1701 2178 1822 2206 ἐνταῦθα
1836 2179 1896 2205 ἁπο-

1103 2225 1272 2261 τρισομένων
1300 2224 1335 2251 τὰ
1367 2225 1538 2260 πταίσματα,
1571 2225 1677 2260 μάρτυς
1708 2222 1890 2258 παραγραφὴν

1105 2272 1142 2308 μὴ
1164 2272 1356 2306 ἐπιδεχόμενος
1369 2273 1383 2298 ὁ
1403 2271 1546 2304 Θεσπέσιος
1570 2271 1696 2302 Παῦλος,
1717 2271 1807 2305 λέγων
1834 2269 1893 2303 περὶ

1103 2318 1157 2344 τῶν
1180 2317 1298 2348 ἀναξίως
1321 2316 1375 2343 τῶν
1397 2316 1555 2351 μυστηρίων
1571 2316 1790 2351 μετειληφότων·
1813 2324 1823 2341 ι
1847 2313 1895 2340 Διὰ

1103 2363 1183 2389 τοῦτο
1197 2363 1227 2390 ὲν
1247 2363 1311 2398 ὑμῖν
1335 2362 1429 2389 πολλοὶ
1450 2363 1572 2394 ἀσθενεῖς
1596 2363 1645 2389 καὶ
1672 2361 1830 2397 ἄρρωστοι,
1849 2360 1894 2386 καὶ

1104 2409 1254 2445 κοιμῶνται
1289 2409 1392 2436 ἱκανοί·
1421 2409 1446 2435 εί
1476 2408 1532 2443 γὰρ
1560 2408 1675 2439 eam-ob;
1702 2407 1889 2443 διεκρίνομεν,

1104 2455 1156 2481 οὐκ
1182 2454 1215 2481 ἂν
1242 2453 1424 2490 ἐκρινόμεθα·
1456 2455 1610 2488 κρινόμενοι
1637 2454 1682 2486 δὲ,
1709 2453 1763 2479 ὑπὸ
1793 2452 1891 2487 Κυρίου

1106 2500 1306 2535 παιδευόμεθα,
1332 2500 1374 2526 ἵνα
1403 2500 1442 2536 μὴ
1469 2500 1518 2526 σὺν
1541 2499 1579 2534 τῷ
1602 2499 1697 2534 κόσμῳ
1721 2497 1892 2532 κατακριθῶ-

1107 2554 1166 2580 μεν.
1183 2556 1190 2571 ι
1209 2545 1264 2571 Καὶ
1276 2545 1304 2571 τὸ
1320 2544 1465 2580 εἰρημένον
1478 2545 1507 2571 δὲ
1528 2544 1596 2580 πρὸς
1615 2544 1661 2571 τὸν
1674 2542 1873 2578 Ἀποτηγανιξό

1109 2597 1190 2623 μενον
1206 2588 1344 2620 πλούσιον,
1357 2589 1459 2624 ταύτης
1470 2588 1529 2614 ἐστὶ
1543 2589 1593 2623 τῆς
1613 2588 1730 2621 ἐννοίας,
1751 2588 1794 2614 ὅτι
1808 2597 1817 2613 ι
1829 2588 1891 2612 ’Λπ-

1109 2633 1203 2665 έλασες
1222 2635 1255 2662 τὰ
1270 2633 1360 2667 ἀγαθά
1373 2642 1421 2660 σου
1439 2635 1468 2661 ὲν
1488 2635 1520 2670 τῇ
1537 2633 1592 2669 ζωῇ
1608 2641 1654 2659 σου
1666 2653 1674 2666 ,
1691 2632 1795 2668 ὁμοίως
1809 2631 1837 2658 δὲ
1849 2631 1892 2657 καὶ

615 2721 636 2736 ⁸⁷
655 2720 724 2748 Gen.
738 2728 793 2753 xix,
815 2722 825 2748 1
840 2729 898 2756 seq.
936 2722 959 2738 δ”
974 2721 1048 2748 Μ.ιιι1

1103 2742 1117 2753 ι,
1133 2721 1173 2748 15.
1214 2722 1256 2749 ⁸³1
1277 2722 1340 2749 Cor.
1363 2730 1401 2755 χι,
1417 2721 1514 2750 50-32.
1553 2721 1576 2737 "
1596 2720 1662 2748 Luc.
1681 2720 1726 2747 xvi
1739 2740 1747 2752 ,
1762 2719 1804 2747 25.

821 2796 938 2824 VAlil/E
956 2796 1147 2825 LECTIONES
1166 2796 1210 2824 ET
1230 2797 1345 2825 NOTAE.

314 2873 365 2911 (49)
383 2874 434 2902 Pro
450 2876 507 2910 μετ’
523 2875 598 2902 ἁκολ.
616 2875 693 2903 codd.
709 2873 766 2901 Val.
784 2874 835 2902 650
852 2880 875 2902 et
894 2876 946 2904 Ait.
960 2875 1046 2904 haben

1103 2876 1143 2911 ἦτ’
1160 2877 1202 2903 ax.
1217 2876 1322 2904 Possm.
