2049 3162
201 178 269 213 1465

657 184 923 218 EPISTOLARUM
943 188 1016 219 LIB.
1035 191 1067 220 V.
1080 203 1114 208 -
1127 193 1245 223 EPIST.
1265 193 1406 225 CCXXII.

1763 190 1829 223 1468

200 236 325 272 Λάζαρος
346 238 380 265 τὰ
399 241 471 274 κακά
483 249 490 257 ·
515 251 524 267 ι
543 243 701 275 τουτέστιν,
717 244 748 270 El
764 244 926 280 πέπρακταί
944 246 986 273 σοι

1048 248 1120 280 )uasi
1142 249 1267 277 diceret?
1292 250 1319 277 Si
1345 250 1409 284 quid
1436 249 1498 277 boni
1531 249 1556 276 in
1581 248 1635 275 vita
1659 246 1831 279 iecisti,hoc

199 291 226 309 τι
242 284 360 319 χρηστὸν
370 304 377 317 ,
398 285 470 312 τοῦτ’
483 287 656 323 ἀπείληφας,
677 291 822 326 τρυφήσας
837 292 884 318 καὶ
908 291 988 327 μηδε-

201 329 267 363 μιᾶς
287 329 429 364 πειραθεὶς
451 319 613 369 μεταϐολῆς.
629 319 670 360 iiii
690 319 720 361 δέ
738 319 770 362 ’τί
794 319 915 372 κάκείνω
938 319 988 364 πε-

199 374 394 410 πλημμέληται
405 396 412 409 ,
438 378 510 404 τοῦτ’
523 379 673 415 ἀπείληφεν
681 381 710 407 ὲν
727 382 759 416 τῇ
777 381 988 418 ἀπαραμυθήτῳ

200 421 282 456 πενίᾳ
299 420 535 458 δεδαπανημένος·
557 425 622 460 περὶ
638 425 666 452 δὲ
681 419 736 453 τῶν
754 427 895 455 κάνταῦθα
908 428 989 455 δεδω-

200 467 288 494 κότων
308 467 387 504 δίκην
399 488 406 501 ,
428 470 510 497 κάκεῖ
525 471 682 506 δωσόντων,
703 473 785 505 αὐτὸς
801 474 815 500 6
834 475 934 510 κριτὴς
959 476 989 502 ὲν

200 512 380 547 Εὐαγγελίοις
406 515 584 551 ἀπεφήνατοο
611 527 621 543 ‹
639 518 830 556 Ἀνεκτότερον
852 520 929 548 ἔσται
952 523 987 558 γῇ

200 558 326 594 Σοδόμων
345 560 391 586 καὶ
403 550 558 598 Γομόρρων,
574 564 590 600 ἢ
617 566 650 600 τῇ
673 565 749 592 πόλει
776 550 877 603 ἐκείνῃ.
898 577 907 594 ι

201 611 241 630 τοι
254 604 396 632 κάνταῦθα
405 606 537 634 δεδώκασι
551 608 630 644 δίκην
646 610 694 637 καὶ
706 596 910 646 Σοδομῖταιικαὶ
929 613 991 640 Ἰου-

201 648 287 699 δαῖοι,
303 650 328 676 οἱ
346 650 395 699 μὲλν
406 652 486 699 Δπυρὶ
500 653 713 689 δαπανηθέντες,
727 656 751 682 oi
768 656 797 682 δὲ
811 656 923 693 πολέμῳ
943 658 992 686 καὶ

202 692 286 748 λιμῷ,
297 695 505 748 παραδοθέντες,
532 699 578 725 καὶ
594 699 634 730 εἰς
656 700 791 736 τοσαύτην
807 692 925 738 ἀπορίαν
943 712 993 730 κα-

203 741 368 773 ταστάντες,
384 741 422 773 ὡς
446 742 558 770 καὶτῶν
573 745 683 772 οἰκείων
699 746 850 780 γεύσασθαι
867 748 971 775 παίδων
983 756 991 764 '

204 784 311 817 πάντως
323 785 376 822 γὰρ
386 787 431 814 ὑπ’
446 788 555 821 ὀδόντας
567 789 654 817 ἐλθεῖν
663 791 679 824 ἡ
695 791 803 828 ἀνάγκη
817 792 991 825 ὲξεϐιάσατο.

437 891 523 919 ΣΚΒ’.
541 907 576 914 -
594 892 638 928 rp
657 893 759 928 ΑΥΤῼ.

1040 294 1166 328 recepisti
1176 295 1338 329 deliciando,
1348 296 1504 330 nullamque
1514 299 1656 329 exspectas
1667 293 1829 320 mercedem.

1039 339 1066 366 Si
1081 339 1145 373 quid
1164 347 1228 366 vero
1243 349 1257 366 a
1276 341 1379 367 Lazaro
1400 341 1558 368 hntuanitus
1579 343 1621 367 est
1641 337 1829 370 commissum,

1039 384 1177 418 expiatum
1195 385 1221 411 id
1246 385 1280 412 ab
1303 385 1492 412 inconsolabili
1519 385 1609 419 inopia
1638 383 1831 418 propemodum

1040 429 1191 463 absumpto.
1207 429 1244 456 De
1255 430 1289 456 iis
1298 437 1361 457 vero
1374 430 1418 465 qui
1432 430 1476 457 hic
1487 437 1581 465 pugnas
1597 430 1739 461 dederunt,
1756 427 1833 455 luent

1041 482 1106 501 vero
1126 475 1197 501 etin
1221 475 1305 502 altera
1330 475 1397 508 vita,
1424 480 1540 503 testatur
1563 481 1590 502 et
1618 476 1676 510 ipse
1698 474 1780 508 judex
1804 473 1831 500 in

1041 520 1193 556 Evangeliis
1210 530 1217 548 :
1237 531 1246 548 ι
1267 520 1448 549 Tolerabilius
1467 521 1519 548 erit
1538 525 1620 548 terrae
1648 519 1832 547 Sodomorum

1040 571 1068 595 et
1098 566 1336 596 Gomorrhaeornm
1355 588 1362 600 .
1395 573 1476 602 quam
1508 566 1612 593 civitati
1640 565 1678 592 illi
1692 566 1726 592 ιι.
1746 574 1755 590 ι
1777 563 1833 590 Etsi

1041 621 1107 640 vero
1130 613 1238 641 luerunt
1256 619 1283 641 et
1305 613 1350 641 hic
1375 612 1522 640 Sodomitas
1547 616 1628 645 atque
1663 610 1767 641 Judaei,
1797 609 1833 636 illi

1041 657 1150 692 quidem
1176 657 1281 684 caelesti
1311 657 1373 691 igne
1397 656 1567 690 consumpti;
1595 655 1620 681 hi
1638 661 1701 682 vero
1718 653 1787 680 bello
1809 656 1835 678 ‹-ι

1041 702 1112 729 fame
1129 702 1226 735 attriti,
1243 703 1276 729 ad
1287 709 1358 734 eam,
1377 699 1596 735 inquam,adacti
1612 699 1732 726 ciborum
1750 704 1834 732 penn-

1041 747 1122 780 riam,
1139 752 1169 774 ut
1188 752 1214 775 et
1234 747 1334 774 liberos
1356 747 1459 774 obsessi
1482 754 1497 772 a
1515 745 1645 772 Romanis
1666 743 1834 771 devorarinl.

1041 791 1138 819 Omnia
1153 791 1224 819 enim
1241 795 1270 819 ut
1283 791 1409 819 dentibus
1428 795 1566 823 vorarent,
1580 795 1685 817 summa
1705 785 1835 822 compulit

1042 843 1156 872 egestas.

1283 892 1411 922 CCXXII.
1425 907 1460 913 —
1472 891 1586 919 EIDEM.

544 937 583 965 De
598 938 691 966 eadem
706 947 744 972 re,
758 939 786 966 in
804 939 929 967 mercedis
949 939 1142 968 distributione.
1160 938 1241 975 (Vide
1258 940 1332 972 epist.
1351 939 1394 971 78,
1412 938 1487 973 502.)

240 999 332 1036 Ὅπερ
345 1000 443 1036 πρώην
455 1002 581 1037 περὶτῶν
594 1003 804 1039 ἁμαρτημάτων
819 1004 898 1039 ἔφην,
914 1004 993 1031 τοῦτο

1080 1004 1156 1038 Quod
1172 1012 1258 1039 nuper
1275 1004 1308 1031 de
1331 1003 1452 1038 peccatis
1474 1005 1659 1037 scripseram,
1675 999 1745 1027 idetn
1765 1006 1837 1026 nunc

204 1043 252 1071 νῦν
267 1045 331 1080 περὶ
352 1045 408 1072 τῶν
432 1047 654 1083 κατορθωμάτων
669 1049 743 1084 ὲρῶ·
769 1049 810 1075 ὅτι
837 1049 924 1085 μικρά
947 1050 995 1076 καὶ

204 1090 300 1126 εὐτελῆ
323 1091 522 1127 κατορθώσας,
550 1095 574 1120 εί
601 1094 749 1121 ἀπολαύσει
777 1095 849 1127 τινὸς
873 1095 994 1131 χρηστοῦ

204 1136 329 1169 ἐνταῦθα,
345 1138 439 1172 ἀφέξει
458 1138 503 1166 τὸν
517 1139 621 1174 μισθὸνι
634 1140 665 1167 Εἰ
679 1140 707 1166 δὲ
724 1141 831 1176 μεγάλα
846 1141 893 1168 καὶ
911 1141 995 1177 ὑπερ-

205 1183 260 1218 φυῆ
283 1184 331 1211 καὶ.
350 1184 568 1220 ἀξιοθαύμαστα,
593 1187 705 1213 κάκεῖσε
732 1187 919 1222 ἀπολήψεται,
946 1196 995 1221 με-

205 1229 287 1264 τρίως
310 1229 370 1264 μὲν,
389 1231 414 1256 εί
432 1231 571 1260 κάνταῦθα
587 1232 733 1267 ἀπείληφε.
751 1233 788 1259 Τὸ
808 1233 863 1268 γάρ
877 1232 997 1260 ἐνταῦθα

205 1275 297 1302 λαϐεῖν
320 1275 502 1311 ὑποτέμνεται
519 1277 615 1312 μισθοῦ
634 1278 718 1314 μέρος
732 1278 761 1305 οὐ
778 1278 876 1314 μικρόν
889 1287 895 1294 ·
912 1279 997 1314 ὑπερ-

205 1320 356 1354 ϐαλλόντως
372 1322 411 1355 δὲ,
437 1322 461 1348 εί
477 1323 515 1358 μὴ
535 1324 697 1359 ἀπείληφεν.
713 1325 767 1351 Καὶ
785 1325 808 1351 εί
833 1324 934 1360 βούλει,
951 1324 996 1351 διὰ

205 1367 426 1402 παραδείγματος
448 1369 590 1404 σαφηνίσω
613 1369 643 1395 τὸ
665 1369 823 1404 λεγόμενον.
853 1371 996 1397 Ἔστωσαν

206 1412 360 1444 ὑποθέσεως
382 1413 462 1449 χάριν
487 1413 533 1440 δύο
553 1413 671 1446 δίκαιοι,
697 1415 777 1450 ἄκροι
803 1415 852 1451 τὴν
876 1416 995 1450 ἀρετήν’

205 1458 263 1485 ἀλλ’
287 1460 300 1486 6
329 1459 378 1494 μὲν
397 1459 514 1486 ἐνταῦθα
539 1460 707 1493 πλουτείτω,
735 1461 749 1487 6
775 1460 804 1486 δὲ
823 1456 946 1488 πενέσθω
959 1469 965 1476 ·
983 1462 997 1488 6

208 1504 257 1539 μὲν
276 1504 446 1538 δοξαζέσθω,
462 1506 476 1531 6
493 1505 521 1531 δὲ
537 1505 708 1542 ὑϐριζέσθω·
733 1506 747 1532 6
766 1506 816 1541 μὲν
838 1505 915 1541 παρὰ
929 1507 997 1533 πάν-

206 1559 260 1577 των
282 1551 457 1582 ἐπαινείσθω,
476 1553 490 1579 ὁ
504 1552 533 1578 δὲ
556 1551 752 1587 κωμῳδείσθω.
772 1549 846 1587 τΑρα
864 1551 997 1580 ἀπελθόν-

206 1604 253 1627 τες
282 1597 341 1623 ὲκεῖ
372 1596 418 1623 τὸν
440 1595 500 1624 ἴσον
522 1597 654 1633 λήψονται
683 1598 836 1632 στέφανον;
861 1597 898 1624 Οΰ
928 1606 997 1633 φημι

207 1642 294 1677 ἔγωγε
306 1663 313 1675 ,
335 1642 424 1669 καίτοι
446 1642 521 1674 ἴσους
534 1651 566 1675 γε
582 1643 696 1674 ἑαυτοὺς
712 1642 818 1678 ἔφαμεν
841 1641 912 1669 εἶναι
928 1643 998 1670 κατὰ

207 1687 253 1714 τὸν
265 1688 314 1723 τῆς
328 1687 429 1724 ἀρετῆς
444 1687 540 1722 λόγον’
555 1687 613 1714 ἀλλ’
627 1688 643 1723 ἡ
667 1687 716 1714 τοῦ
732 1687 851 1714 ἐνταῦθα
867 1687 925 1722 βίου
951 1688 995 1714 ἀν-

174 1760 176 1762 τ
208 1733 316 1769 ωμαλία
328 1734 376 1769 τὴν
393 1734 505 1769 ἰσότητα
520 1734 569 1769 τῆς
590 1734 692 1770 ἀρετῆς
709 1734 750 1766 εἰς
763 1733 793 1760 τὸ
810 1733 902 1760 ἄνισον
912 1741 997 1760 κατα-

210 1780 319 1815 στήσει·
341 1780 372 1806 οὺ
399 1779 448 1807 τοῦ
469 1780 619 1807 ἀδεκάστου
642 1780 737 1816 κριτοῦ
762 1780 855 1807 ἄδικον
881 1779 999 1814 ψηφιου-

211 1824 302 1860 μένου,
331 1824 399 1851 ἀλλά
423 1824 462 1860 τῷ
490 1825 540 1860 μὲν
562 1825 702 1852 κάνταῦθα
725 1825 806 1852 κάκεῖ
830 1824 876 1851 τὸν
903 1824 1000 1859 μισθὸν

211 1870 487 1906 συμμετρησομένου,
505 1870 544 1905 τῷ
568 1870 596 1897 δὲ
614 1870 734 1906 ἄκρατον
758 1870 809 1906 τὴν
831 1869 1000 1905 εὐφροσύνην

211 1915 427 1952 βεϐαιώσαντος·
449 1915 552 1943 δίκαιον
577 1916 632 1952 γὰρ
654 1916 772 1942 τοσαῦτα
795 1916 845 1951 μὲν
861 1915 1002 1950 κατορθώ-

213 1971 308 1994 σαντα,
327 1963 364 1998 μὴ
386 1962 442 1989 τῶν
458 1962 549 1989 αὐτῶν
565 1962 593 1989 δὲ
608 1962 814 1993 ἀπολαύσαντα,
835 1961 938 1996 μείζονι
954 1961 1002 1987 καὶ

211 2007 394 2044 λαμπροτέρῳ
411 2008 584 2044 κοσμηθῆναι
603 2008 740 2044 στεφάνῳ.
759 2008 796 2034 Οὺ
815 2000 894 2042 μόνον
912 2006 939 2033 δὲ
955 2006 1002 2032 ἐπὶ

212 2054 266 2081 τῶν
288 2055 522 2091 κατορθωμάτων,
538 2052 561 2082 ὧ
583 2055 714 2090 μακάριε,
729 2054 797 2081 ἀλλὰ
819 2053 867 2080 καὶ
886 2054 931 2080 ἐπὶ
947 2053 1001 2080 τῶν

212 2101 418 2136 ἁμαρτημάτων
437 2101 467 2128 τὺ
488 2101 555 2128 αὐτὸ
568 2100 720 2128 ἀκολουθεῖ.
735 2101 877 2127 Ἔστωσαν
894 2099 959 2135 γὰρ,
977 2101 1002 2126 εί

212 2146 297 2178 δοκεῖ,
312 2146 359 2172 δύο
370 2147 539 2182 ἁμαρτωλοὶ,
551 2147 592 2178 είς
607 2146 691 2182 αὐτὴν
705 2146 755 2181 τῆς
769 2146 869 2177 κακίας
882 2145 1001 2180 φθάσαν-

212 2199 258 2222 τες
268 2191 317 2225 τὴν
332 2192 465 2227 κορυφὴν,
476 2192 513 2224 ὡς
531 2192 614 2228 μηδὲν
625 2192 718 2227 ἕτερον
732 2191 826 2227 ἑτέρου
842 2191 981 2226 διαφέρειν
994 2198 1001 2205 ·
1028 2221 1031 2224 ⁴

212 2232 249 2262 ὧν
260 2236 274 2262 6
288 2236 336 2272 μὲν
345 2237 504 2269 πλουτείτω,
517 2238 530 2264 ὀ
540 2238 568 2264 δὲ
580 2238 745 2273 πτωχευέτω
758 2245 763 2252 -
780 2237 794 2263 6
806 2237 855 2272 μὲν
866 2236 1002 2272 τιμάσθω,

214 2282 228 2308 6
241 2281 268 2308 δὲ
280 2282 431 2318 ὑϐριζέσθω
441 2291 449 2298 ⁸
461 2284 475 2310 ό
487 2283 536 2319 μὲν
551 2284 669 2320 ἀρχέτω,
683 2285 697 2310 6
707 2284 735 2310 δὲ
751 2283 918 2315 κολαζέσθω.
930 2280 1004 2319 τΑρα.

1046 1051 1079 1078 de
1094 1051 1171 1078 bouis
1188 1050 1276 1077 dicant
1293 1048 1414 1076 moribus
1430 1056 1437 1074 :
1455 1047 1525 1082 quod
1538 1046 1584 1081 qni
1600 1052 1682 1080 parva
1704 1049 1732 1071 et
1748 1043 1836 1070 facilia

1047 1101 1121 1124 recte
1137 1095 1263 1131 gesserit,
1287 1094 1309 1121 si
1324 1094 1390 1128 quid
1412 1098 1454 1121 est
1469 1092 1531 1119 boni
1547 1091 1677 1125 adeptus.
1695 1088 1836 1124 praemium

1046 1141 1149 1168 retttlit.
1162 1139 1196 1166 At
1212 1139 1256 1174 qui
1277 1145 1371 1173 magna
1387 1142 1414 1164 et
1428 1135 1585 1164 admiranda
1598 1134 1705 1165 fecerit,
1722 1131 1837 1166 accipiet

1047 1187 1223 1214 nihilominus
1241 1189 1268 1212 et
1289 1184 1344 1211 illic
1365 1183 1519 1210 mercedem
1532 1200 1540 1213 ,
1559 1181 1609 1208 etsi
1627 1179 1774 1207 mediocria
1794 1178 1838 1204 hic

1048 1233 1129 1261 fuerit
1144 1235 1316 1260 consecutus.
1330 1230 1381 1257 Hie
1404 1228 1477 1256 cnim
1502 1227 1581 1263 potiri
1598 1232 1640 1254 est
1657 1233 1710 1253 non
1725 1231 1836 1259 parvam

1047 1278 1183 1306 mercedis
1216 1277 1340 1311 accipere
1377 1274 1540 1310 portionem.
1567 1271 1745 1299 Abundanter
1773 1275 1838 1296 vero

1049 1324 1269 1352 remunerabitur
1280 1343 1287 1356 ,
1305 1322 1326 1349 si
1343 1321 1414 1348 nihil
1435 1319 1582 1353 acceperit.
1597 1318 1625 1344 Id
1638 1324 1687 1351 ego
1702 1314 1837 1349 exemplo.

1047 1371 1070 1397 si
1087 1370 1122 1396 ita
1137 1369 1283 1400 videbitur,
1299 1366 1461 1401 explanabo.
1485 1364 1557 1396 Sint,
1577 1362 1651 1390 verbi
1669 1362 1769 1396 gratia,
1786 1360 1839 1386 duo

1045 1415 1110 1450 justi
1135 1415 1236 1442 virtute
1262 1413 1380 1440 maxime
1403 1410 1509 1445 prmditi
1528 1419 1535 1436 ε
1556 1416 1625 1436 unus
1653 1408 1740 1439 dives,
1770 1405 1839 1432 alter

1049 1461 1138 1495 inops.
1162 1459 1209 1487 Ille
1235 1458 1353 1487 celebris
1387 1458 1445 1489 sit,
1475 1457 1519 1483 hic
1552 1454 1651 1489 injuria
1687 1456 1837 1485 prematur.

1049 1506 1185 1534 Laudetur
1209 1504 1254 1532 ille
1279 1511 1328 1539 per
1354 1503 1455 1534 omnia,
1479 1501 1524 1528 hic
1549 1498 1773 1534 reprehendatur.
1797 1496 1838 1523 An

1050 1553 1120 1580 forte
1145 1551 1208 1578 hinc
1235 1551 1368 1577 abeuntes
1394 1547 1453 1583 pari
1476 1546 1626 1573 afﬁcientur
1641 1543 1763 1571 corona?
1780 1541 1838 1568 Non

1051 1598 1178 1632 equidem
1209 1595 1362 1626 existimo,
1392 1592 1443 1621 etsi
1473 1590 1581 1618 virtutis
1617 1589 1722 1616 ratione
1762 1594 1840 1622 pares

1013 1656 1033 1685 ε
1051 1642 1185 1671 dixerim?
1201 1641 1247 1669 sed
1263 1641 1324 1667 vita:
1339 1640 1391 1666 huc
1406 1637 1535 1666 traducta:
1550 1636 1619 1663 ratio
1634 1635 1724 1669 dispar
1733 1632 1841 1660 virtutis

1051 1688 1234 1723 aequalitatem
1263 1687 1297 1713 ad
1316 1683 1527 1719 ina‘qttalitatem
1551 1681 1677 1712 adducet,
1693 1679 1784 1714 judice
1800 1679 1841 1705 iu-

1051 1737 1177 1768 corrupto
1204 1732 1325 1766 ittiqunm
1352 1730 1417 1757 nihil
1438 1732 1592 1760 statuente,
1609 1726 1657 1754 sed
1686 1727 1730 1753 ltic
1746 1730 1773 1752 et
1787 1725 1842 1752 illic

1051 1779 1190 1814 praemium
1215 1778 1313 1811 cuique
1335 1775 1490 1807 ordinante,
1522 1780 1575 1808 qno
1603 1780 1705 1799 meram
1732 1771 1842 1805 augebit

1052 1824 1182 1852 laetitiam.
1194 1823 1275 1859 627
1288 1822 1404 1855 IEqunm
1413 1821 1486 1848 enini
1501 1824 1560 1847 erat
1575 1823 1715 1853 tantopere
1726 1817 1842 1851 castiga-

1053 1876 1108 1898 tntn
1131 1869 1266 1900 moribus,
1281 1874 1368 1900 neque
1380 1867 1423 1892 hic
1436 1865 1530 1893 eadem
1545 1865 1614 1892 bona
1630 1863 1769 1897 adeptum,
1783 1869 1842 1888 ma-

1052 1915 1111 1950 jore
1130 1918 1211 1948 atque
1231 1912 1379 1940 illustriore
1401 1911 1493 1938 ornari
1514 1917 1625 1938 corona.
1638 1908 1752 1940 ldem,o
1770 1907 1840 1934 bone

1052 1962 1109 1994 vir,
1131 1968 1184 1988 non
1209 1960 1234 1987 in
1258 1959 1338 1993 justis
1367 1957 1447 1984 modo
1469 1957 1559 1990 valet,
1585 1956 1631 1983 sed
1647 1959 1675 1982 et
1691 1953 1843 1988 pcccatori~

1053 2008 1102 2034 bus
1125 2005 1261 2033 usuvenit.
1284 2004 1395 2035 Demus,
1416 2003 1438 2030 si
1452 2002 1561 2029 videtur
1574 2021 1582 2033 ,
1598 2001 1661 2028 boni
1674 1999 1779 2027 delictis
1790 1998 1844 2025 sint

1052 2052 1166 2080 obnoxii
1183 2051 1333 2084 eodemque
1347 2049 1374 2076 in
1387 2048 1471 2084 gradu
1487 2051 1659 2082 peccatorum
1686 2043 1843 2076 constituti;

1053 2097 1150 2126 neuter
1173 2104 1238 2124 vero
1263 2097 1377 2123 alterum
1404 2093 1520 2122 crimine
1542 2093 1644 2124 vincat,
1664 2097 1780 2126 quorum
1800 2089 1846 2116 hic

1054 2145 1162 2180 quidem
1197 2144 1232 2170 sit
1263 2141 1404 2176 locuples,
1432 2140 1501 2167 alter
1530 2137 1637 2172 inops?
1667 2137 1717 2163 Hic
1741 2135 1840 2170 injuria

1054 2195 1203 2226 prematur,
1233 2188 1336 2216 honore
1361 2193 1426 2214 vero
1452 2185 1497 2212 ille
1524 2183 1667 2211 adiciatur.
1694 2181 1769 2209 Uuns
1784 2187 1846 2208 cum

1055 2236 1169 2272 imperio
1192 2235 1244 2267 sit,
1267 2233 1416 2267 castigetur
1440 2231 1518 2258 alter.
1545 2230 1585 2258 An
1608 2229 1689 2265 igitur
1710 2227 1796 2255 altera
1819 2226 1846 2253 in

1055 2283 1108 2310 vita
1126 2281 1220 2309 eadem
1244 2281 1298 2308 sint
1330 2287 1411 2314 pcena
1437 2275 1592 2312 plectendi?
1621 2274 1734 2302 minime
1760 2279 1845 2303 vero,

215 2327 379 2360 ἀπελθόντες
390 2330 448 2355 ἐκεῖ
458 2329 506 2364 τὴν
518 2329 602 2365 αὐτὴν
617 2329 731 2356 δώσουσι
743 2329 821 2364 δίκην
833 2338 841 2361 ;
854 2329 903 2355 οὑκ
915 2328 997 2363 ἔγωγε

1058 2328 1165 2356 tametsi
1180 2334 1259 2362 pares
1271 2325 1375 2353 delictis
1385 2323 1511 2352 dixerim.
1525 2321 1578 2349 Sed
1591 2320 1670 2356 hujus
1682 2319 1744 2347 vitae
1758 2322 1846 2345 status

216 2370 310 2408 οἶμαι,
340 2374 429 2401 καίτοι
453 2375 525 2406 ἴσους
547 2383 579 2409 γε
603 2375 703 2406 αὐτοὺς
726 2374 830 2410 ἔφημεν
846 2372 914 2400 εἶναι
934 2373 1004 2400 κατὰ

216 2419 261 2445 τὸν
275 2419 324 2454 τῆς
343 2420 443 2451 κακίας
457 2419 553 2454 λόγον·
569 2420 627 2447 ἀλλ’
644 2421 661 2454 ἡ
681 2420 729 2447 τοῦ
752 2421 868 2447 ἐνταῦθα
885 2420 942 2456 βίου
956 2429 1005 2446 κα-

216 2465 346 2497 τάστασις
358 2465 407 2501 τὴν
424 2466 534 2501 ἰσότητα
548 2466 599 2501 τῆς
611 2467 709 2498 κακίας
724 2466 816 2494 ἄνισον
833 2467 873 2498 εἰς
890 2466 936 2492 τὸν
953 2465 1004 2500 τῆς

217 2511 391 2543 ἀναστάσεως
413 2512 559 2547 ἀποφαίνει
578 2512 684 2548 καιρὸν,
702 2512 733 2538 οὑ
753 2514 802 2547 τῆς
819 2512 897 2547 δίκης
919 2512 950 2538 τὸ
967 2511 1007 2537 δί-

219 2565 294 2583 καιον
306 2557 510 2593 παροψομένης,
524 2558 591 2585 ἀλλὰ
603 2558 642 2594 τῷ
656 2558 706 2593 μὲν
715 2558 853 2585 κάνταῦθα
866 2558 947 2585 κάκεῖ
958 2557 1007 2592 τὴν

219 2603 353 2638 τιμωρίαν
371 2604 646 2640 συμμετρησομένης,
659 2604 698 2640 τῷ
715 2604 742 2631 δὲ
756 2604 815 2631 ἐκεῖ
831 2603 885 2639 (50)
899 2604 1007 2638 ἀπαρα-

223 2649 342 2684 μύθητον
357 2650 405 2684 τὴν
421 2650 531 2677 κόλασιν
550 2651 750 2686 ψηφιουμένης.
767 2650 874 2677 Δίκαιον
892 2650 945 2685 γὰρ
961 2649 1007 2675 τὶν

1059 2374 1168 2402 malitia:
1187 2371 1370 2406 mqualitatetn
1388 2369 1451 2396 facit
1470 2369 1496 2395 in
1518 2366 1647 2402 aequalem
1673 2370 1803 2400 apparere
1819 2363 1846 2389 in

1059 2418 1259 2448 resurrectione
1288 2416 1399 2448 carnis,
1423 2423 1475 2442 non
1500 2413 1604 2447 justitia
1631 2412 1734 2447 justum
1759 2409 1847 2442 ipsum

1060 2468 1215 2500 spernente,
1244 2462 1291 2490 sed
1318 2461 1398 2495 hujus
1413 2460 1475 2487 vitae
1492 2457 1653 2493 supplicium
1679 2461 1740 2482 eum
1758 2453 1846 2479 futuro

1060 2513 1314 2540 commcnsurante;
1351 2506 1429 2533 alteri
1465 2513 1529 2532 vero
1560 2503 1595 2530 ibi
1625 2497 1846 2528 inconsolabilem

1060 2563 1167 2590 poenam
1194 2557 1340 2581 statuente.
1357 2550 1465 2579 Justum
1482 2553 1523 2577 est
1535 2548 1605 2576 enim
1628 2545 1720 2572 eadctn
1737 2541 1846 2576 quidem

1060 2602 1214 2632 facientem,
1235 2607 1287 2626 tton
1312 2591 1405 2626 eadem
1428 2601 1517 2624 tamen
1535 2598 1691 2630 perpessum
1707 2587 1849 2624 graviores

1060 2650 1124 2675 dare
1141 2646 1241 2681 ptenas.

222 2696 256 2722 τὰ
273 2696 343 2723 αὐτὰ
360 2697 409 2732 μὲν
424 2697 581 2731 δεδρακότα,
603 2697 641 2733 μὴ
664 2697 698 2724 τὰ
715 2698 784 2724 αὐτὰ
799 2697 824 2723 δὲ
844 2696 1006 2728 πεπονθότα,
1029 2694 1138 2730 μείζονα
1152 2693 1243 2720 δοῦναι
1260 2690 1349 2724 δίκην.

258 2755 279 2771 ε¹
294 2754 388 2781 Matth.
404 2763 433 2786 χ,
445 2754 492 2783 15.

772 2808 887 2836 VAlil/E
904 2806 1096 2835 LECTIONES
1115 2805 1158 2832 ET
1178 2803 1295 2832 ΝΟΤΑΕ.

263 2891 318 2923 (50)
344 2892 394 2919 Pro
414 2890 480 2926 τῷδε
500 2890 577 2918 ambo
598 2889 677 2917 iidem
702 2888 780 2916 codd.
804 2886 922 2915 scribunt
942 2885 995 2912 τῶν

1049 2885 1114 2915 ἐκεῖ,
1130 2887 1180 2910 ctt‘.
1197 2882 1303 2910 Possm.
