2049 3162
199 181 266 214 1469

340 238 433 272 xm.
451 254 486 260 --
503 239 652 275 ΟΥΡΔΝΙῼ
681 239 840 276 ΔΙΑΚΟΝῼ.

589 186 590 189 “
613 185 879 216 EPISTOLARUM
897 186 970 216 LIB.
988 187 1021 217 V.
1039 200 1072 204 -
1090 188 1209 218 EPIST.
1231 187 1391 218 CCXXVII.

1096 114 1108 129 ς

1757 186 1824 219 ιιτο

1173 241 1312 269 CCXXV].
1324 256 1360 262 ——
1375 239 1519 269 URBANO
1535 240 1694 270 DIACONO.

197 295 235 322 De
250 295 315 321 barro
333 296 520 324 tentationum.
535 296 567 323 Et
584 297 610 322 in
627 296 693 324 illud
714 297 812 325 Christi
825 305 834 325 :
849 307 859 324 ι
877 299 1007 360 οέιὲιεἸὲι
1021 305 1077 358 {ign
1103 298 1205 355 iptretis
1227 298 1256 324 in
1276 298 1443 325 tentalioncm
1462 298 1495 326 ⁶¹.
1514 307 1524 323 ι
1542 297 1662 334 (Confer.
1684 298 1759 332 epist.
1778 298 1824 332 39,

939 352 946 360 .
1000 354 1006 360 .
1032 340 1040 358 ι
1060 352 1067 359 .
1082 340 1111 359 ιι.

939 352 946 366 ,
967 340 1006 367 10,
1021 340 1067 359 ιιυ.
1082 340 1120 368 11.)

232 383 264 410 Τί
274 384 314 415 εἰς
329 383 442 415 πολλοὺς
460 385 653 420 καταφεύγεις,
670 386 729 419 ἐξὸν
745 387 783 419 εις
798 388 863 421 ἕνα,
879 387 905 414 τί
919 387 985 414 πολ-

196 430 258 461 λοὺς
293 430 466 464 κολακεύεις,
490 432 578 467 παρὸν
605 433 653 459 ἕνα
676 434 843 467 ἁντιϐολεῖν;
862 435 895 461 Τί
922 435 985 466 τοὺς

196 474 319 506 ἀσθενεῖς
339 475 384 501 ἐπὶ
409 477 567 511 συμμαχίαν
595 477 698 511 καλεῖς,
710 479 768 505 δέον
786 480 833 505 ἐπὶ
847 480 897 515 τὴν
918 480 984 515 ἀήτ-

197 529 277 554 τητον
292 520 382 551 δεξιὰν
408 522 603 556 καταφεύγειν,
630 523 677 550 καὶ
694 524 794 556 παντὸς
810 524 983 560 ἀπηλλάχθαι

198 566 368 600 πειρασμοῦ;
390 567 544 603 Πειρασμδς
559 569 612 604 γάρ
630 571 713 599 ἐστιν.
738 571 767 597 οὑ
782 571 812 597 τὸ
828 573 986 606 περιπεσεῖν

198 610 353 646 πειρασμῷ,
371 612 410 643 ὠς
422 613 486 648 ἡγῇ,
508 614 575 640 ἀλλὰ
596 616 626 641 τὸ
637 616 785 651 ἡττηθῆναι
803 617 887 652 αὐτῷ’
904 617 984 644 ὃτιδὲ

198 655 285 688 τοῦτο,
293 657 316 682 εί
328 657 373 683 καὶ
384 658 457 684 δοκεῖ
464 659 570 692 πολλοῖς
582 661 694 687 ἄπιστον
704 660 782 691 εἶναι,
791 662 983 698 ἀληθέςὲστιν,

199 700 275 734 ὀλίγα
292 703 352 729 τινὰ
366 703 399 730 ὲκ
414 704 469 730 τῶν
483 705 563 740 ἱερῶν
581 708 839 742 μεταχειρισάμενος
855 708 981 744 Γραφῶν,

199 747 277 780 δῆλον
292 749 406 783 ποιήσω.
429 750 465 776 Τὸ
481 751 529 786 μὲν
544 749 589 778 οὖν
603 753 678 787 παρὰ
691 753 736 778 τοῦ
754 753 858 781 Παύλου
874 754 958 788 ῥηθὲν
974 773 982 786 ,

205 801 213 817 ι
232 792 322 824 Οὐδεὶς
352 796 547 829 στεφανοῦται,
570 798 594 822 εί
624 798 661 833 μὴ
687 799 810 833 νομίμως
834 799 953 835 ἀθλήσῃ,
970 808 980 825 ι

201 837 347 873 ἐπειδήπερ
379 840 433 868 τισὶ
449 840 524 868 δοκεῖ
537 842 633 877 μόνους
648 843 710 875 τοὺς
724 845 773 879 τῆς
786 845 886 879 ἀρετῆς
897 845 984 872 αἰνίτ-

1074 387 1145 420 Quid
1160 387 1284 422 coniugis
1305 388 1338 415 ad
1364 388 1464 423 plures,
1488 389 1522 415 ad
1539 396 1622 416 unum
1640 396 1700 416 cum
1716 389 1804 421 possis
1815 388 1826 410 ?

1039 433 1105 468 quid
1123 433 1222 461 mullos
1233 434 1394 465 assectaris,
1419 441 1501 460 unum
1529 442 1626 469 rogare
1650 442 1711 461 cum
1730 434 1825 460 liceat?

1037 480 1093 508 Cur
1113 479 1260 507 imbecilles
1287 479 1313 505 in
1339 478 1402 505 belli
1422 479 1542 506 arcessis
1560 481 1737 511 societatem,
1762 487 1823 506 cum

1037 527 1136 554 debeas
1149 526 1182 553 ad
1197 523 1433 560 inexpugnabilem
1445 524 1491 550 Dei
1505 524 1650 552 dexteram
1667 525 1824 559 confugere,

1036 577 1062 600 et
1074 571 1222 599 tentatione
1236 572 1308 598 omni
1324 575 1349 597 te
1370 569 1519 603 expedire?
1537 570 1648 596 Tentari
1666 575 1718 601 est,
1733 578 1784 596 non
1797 575 1826 597 ιιι

1034 618 1165 651 opinaris,
1179 617 1297 645 incidere
1310 618 1336 643 in
1350 616 1536 646 tentationcm,
1547 615 1593 642 sed
1609 615 1642 641 ab
1650 623 1679 641 ea
1692 617 1824 649 superari.

1034 663 1062 690 ια
1079 671 1140 698 ego,
1159 664 1209 690 etsi
1226 663 1363 698 plerisque
1388 662 1513 689 videatur
1533 660 1702 692 incredibile,
1733 669 1827 687 rerum

1039 716 1098 736 esse
1111 709 1206 743 paucis
1220 717 1235 736 e
1252 716 1328 736 sacra
1345 708 1486 743 Scriptura
1503 707 1607 734 clarum
1619 707 1734 733 reddere
1749 713 1828 732 conn-

1039 755 1097 783 bor.
1110 754 1216 782 Dictum
1229 755 1301 782 enim
1318 762 1331 781 ο
1345 758 1438 782 sancto
1455 753 1539 780 Paulo
1553 761 1560 779 :
1581 762 1590 778 ι
1607 751 1692 778 Nemo
1712 758 1827 778 corona-

1040 806 1098 834 tur;
1120 801 1171 828 nisi
1196 802 1241 835 qni
1271 801 1389 835 legitime
1417 798 1610 827 certaverit“.
1628 807 1637 824 ι
1668 797 1735 830 Quia
1763 781 1832 823 vero‘

1040 846 1177 874 nonnullis
1203 847 1310 874 videtur
1334 846 1406 873 solos
1430 845 1541 872 virtutis
1566 844 1674 871 labores
1700 844 1826 873 iunuere,

201 883 293 910 τεσοαι
306 884 415 928 πόνους,
442 888 603 923 παραλείψω
615 909 622 921 ,
641 891 682 924 ἐφ’
699 891 794 926 ἑτέραν
815 892 843 918 δὲ
864 891 921 926 ἥξω
936 892 984 928 ῥῆ-

1040 896 1145 919 transeo
1165 891 1197 918 atl
1217 891 1286 918 aliud
1310 890 1508 917 testimonium.
1529 889 1575 916 Ait
1598 887 1648 915 Job
1663 887 1827 915 fortissimus

203 936 254 955 σιν.
283 927 366 956 Εἶπεν
392 932 406 957 ὁ
439 933 627 969 ἀνδρειότατος
673 935 742 962 ’1ώ6’
782 946 791 962 ε
817 927 984 973 Πιρατήριόν

200 973 273 1000 ἐστιν
289 975 303 1001 ό
327 975 383 1010 βίος
409 977 552 1013 ἀνθρώπου
578 980 623 1006 ἐπὶ
642 981 692 1016 τῆς
719 983 770 1017 γῆς
784 1003 790 1010 .
814 992 822 1008 ι
843 984 875 1010 Ei
895 984 983 1010 τοίνυν

200 1019 283 1050 αὐτὸς
300 1020 314 1046 ὁ
331 1020 388 1054 βίος
415 1024 591 1059 πειρατήριόν
611 1026 680 1057 ἐστι,
709 1026 767 1058 πῶς
781 1025 837 1053 οἷόν
852 1036 881 1054 τε
895 1029 941 1054 τὸν
956 1030 1005 1055 ἑνί

199 1064 238 1098 τῷ
256 1067 400 1101 πειρασμῷ
426 1067 500 1100 ὄντα,
522 1071 669 1106 πειρασμῷ
687 1073 724 1107 μὴ
754 1075 930 1108 περιπεσεῖν;
949 1075 985 1101 Τὸ

199 1110 253 1145 γὰρ
285 1111 360 1146 παρὰ
386 1113 436 1147 τῆς
466 1114 605 1150 Ἀληθείας
636 1117 738 1152 λεχθὲν,
771 1128 779 1144 ι
798 1119 985 1154 Προσεύχεσθε

201 1155 237 1189 μὴ
259 1156 387 1184 εἰσελθεῖν
404 1159 443 1188 εἰς
463 1162 633 1195 πειρασμῇν’,
647 1172 655 1188 ι
677 1163 796 1190 τοιοῦτόν
811 1165 878 1191 ἐστι·
899 1166 986 1201 Προσ-

199 1200 328 1246 ειῦχεσθε,
349 1203 393 1229 ἵνα
418 1203 454 1238 μὴ
480 1206 615 1240 ἡττηϐῆτε
639 1208 678 1242 τῷ
696 1210 852 1245 πειρασμῷ.
870 1211 907 1236 Οὐ
931 1211 986 1246 γὰρ

199 1244 284 1278 εἶπεν,
299 1247 341 1282 μὴ
357 1249 509 1283 ἐμπεσεῖν,
530 1252 598 1278 ἀλλᾶ
614 1253 657 1287 μὴ
674 1255 832 1287 εἰσελθεῖν,
852 1257 984 1288 τουτέστι,

201 1291 238 1326 μὴ
252 1293 436 1337 καταποθῆναι
459 1296 504 1322 ὑπ’
531 1297 623 1324 αὑτοῦ.
641 1299 686 1334 Μὴ
701 1300 830 1334 ἐμπεσεῖν
855 1302 904 1335 μὲν
920 1302 984 1337 γὰρ,

199 1337 248 1372 οὐχ
261 1334 316 1364 οἶόν
344 1346 385 1371 τε,
413 1339 570 1374 ἐμπεσόντα
595 1342 623 1368 δὲ
649 1334 916 1381 ἁνευρίσασθαιβά)
940 1334 987 1373 καὶ

202 1384 409 1418 στεφανωθῆναι
424 1383 479 1412 οἷόν
493 1395 533 1413 τε.
551 1387 605 1414 Καὶ
623 1389 647 1414 εἰ
671 1388 775 1423 βούλει,
799 1390 842 1417 διὰ
856 1391 986 1426 παραδεί-

200 1435 304 1461 γματος
317 1431 524 1465 συντομωτάτου
541 1432 620 1459 τοῦτο
637 1435 744 1469 ποιήσω
760 1436 855 1470 σαφές.
872 1437 988 1464 Δυνατδν

202 1472 252 1507 μὲν
275 1473 329 1509 γὰρ
356 1475 510 1510 ἐμπεσόντα
536 1478 597 1504 τινὰ
615 1479 655 1510 εἰς
673 1480 766 1507 λέοντα
788 1480 986 1517 διασωθῆναι-η

202 1517 293 1555 ῥώμῃ,
307 1520 323 1554 ἢ
337 1520 433 1557 τέχνῃ·
449 1522 496 1549 καὶ
510 1523 536 1548 τί
557 1522 628 1557 λέγω
642 1524 823 1560 διασωθῆναι;
837 1527 913 1559 Τινὲς
934 1528 988 1563 γὰρ

202 1563 248 1590 καὶ
258 1564 439 1599 ἐχειρώσαντο
455 1566 592 1599 τοιούτους
608 1568 704 1603 θῆρας.
725 1570 777 1596 Τὸν
797 1571 824 1597 δὲ
844 1573 989 1607 καταϐρω-

202 1609 283 1637 θέντα
304 1611 350 1637 καὶ
362 1612 402 1643 εἰς
421 1612 470 1647 τὴν
497 1613 599 1640 κοιλίαν
622 1615 668 1641 τοῦ
695 1615 776 1650 θηρὸς
795 1619 988 1652 γεγενημένον,

202 1653 261 1685 πῶς
275 1654 361 1680 ἔνεστι
374 1655 534 1690 διαφυγεῖνς
556 1657 641 1684 Τοῦτο
656 1659 745 1685 τοίνυν
755 1659 813 1685 ἐστὶ
825 1660 855 1686 τὸ
872 1661 923 1686 ὑπὸ
944 1661 991 1688 τοῦ

202 1699 320 1734 Χριστοῦ
339 1701 421 1735 ῥηθέν
434 1709 441 1716 ·
458 1701 499 1728 ὅτι
516 1702 645 1729 ἀδύνατον
663 1705 712 1739 μέν
741 1705 801 1730 ἐστι
824 1705 859 1741 μὴ
876 1715 990 1741 περιπε-

204 1746 260 1770 σ;ῖν
273 1745 427 1781 πειρασμῷ,
443 1747 555 1782 δυνατὸν
580 1748 608 1775 δὲ
629 1750 837 1784 περιγενέσθαι·
863 1751 910 1777 καὶ
927 1753 992 1778 ἑκα-

203 1789 281 1825 τέρου
297 1790 399 1818 τούτων
427 1792 473 1818 καὶ
495 1793 628 1828 ἐγγυηταὶ
646 1795 694 1821 καὶ
719 1795 858 1831 μάρτυρες
879 1797 903 1823 οί
919 1797 992 1831 ἅγιοι

203 1836 313 1868 πάντες,
340 1836 386 1868 οὓς
403 1838 532 1865 τοσαῦται
553 1840 662 1873 νιφάδες
691 1841 854 1876 πειρασμῶν
881 1843 991 1868 κατετό-

204 1880 312 1914 ξευσαν,
328 1882 366 1913 ὡς
398 1882 456 1908 ὅλον
484 1883 576 1918 σχεδὸν
601 1884 646 1910 τὸν
669 1885 731 1920 τῇδε
753 1885 809 1920 βίον
835 1886 988 1921 διαολῆσοιι.

204 1928 299 1959 Οὐδεὶς
319 1926 366 1956 οὖν
385 1930 474 1956 αὐτῶν
489 1931 671 1966 εἰσηκούσθη,
694 1933 759 1967 φαίη
789 1942 832 1965 τις
862 1934 905 1960 ἄν·
924 1935 988 1960 Eia-

204 1973 379 2009 ηκούσθησαν
394 1975 442 2010 μὲν
455 1973 502 2002 οὗν
517 1984 524 1991 ·
538 1976 567 2002 τὸ
579 1977 607 2003 δὲ
623 1978 834 2014 εἰσακουσθῆναι
852 1979 931 2006 τοῦτο
945 1978 990 2016 ἦν,

204 2018 234 2044 οὺ
258 2018 288 2045 τὸ
311 2019 348 2054 μὴ
377 2021 507 2055 ἐμπεσεῖν
533 2022 573 2053 εις
597 2023 759 2058 πειρασμόν·
776 2024 906 2052 ἀδύνατον
922 2026 988 2061 γάρ·

204 2063 272 2090 ἀλλὰ
286 2064 317 2090 τὸ
336 2065 491 2100 ἐμπεσόντα
503 2086 510 2099 ,
539 2067 575 2102 μὴ
593 2067 672 2100 μόνον
696 2069 839 2103 ἀϐλαϐῶς,
858 2069 926 2097 ἀλλὰ
941 2071 988 2098 καὶ

1036 935 1080 964 ille
1104 936 1205 963 athleta
1222 945 1228 963 :
1244 945 1253 961 ‹
1283 935 1408 962 Tentatio
1432 940 1473 961 est
1500 933 1554 960 vita
1579 933 1719 960 hominum
1746 939 1829 965 super

1036 987 1134 1010 terram
1155 981 1188 1008 ⁸⁵⁸.
1217 991 1226 1008 ι
1254 981 1343 1014 Quare
1369 981 1390 1007 si
1414 980 1469 1008 vita
1500 979 1654 1007 mortalium
1687 977 1827 1005 tentationi

1035 1028 1162 1061 obnoxia,
1185 1028 1317 1062 quomodo
1338 1026 1395 1053 ﬁeri
1418 1026 1513 1061 possit,
1531 1030 1561 1052 ut
1575 1024 1620 1059 qui
1635 1025 1662 1051 in
1679 1024 1827 1050 tentatione

1036 1075 1081 1108 sit,
1112 1075 1137 1101 in
1165 1074 1340 1101 teutationem
1366 1079 1418 1100 non
1442 1071 1553 1098 incidat.
1579 1070 1651 1097 Dixit
1668 1069 1742 1096 enim
1769 1069 1827 1103 ipsa

1036 1120 1142 1148 Veritas
1157 1126 1164 1145 :
1181 1127 1190 1144 ι
1209 1118 1301 1150 Orate,
1323 1123 1351 1144 ut
1364 1125 1415 1145 non
1431 1116 1538 1144 intretis
1552 1116 1578 1144 in
1602 1116 1777 1144 tentationem
1791 1123 1798 1147 ;
1816 1123 1824 1139 ι

1037 1166 1088 1193 hoc
1104 1169 1157 1198 est,
1170 1168 1245 1192 orate
1260 1171 1293 1190 tte
1304 1162 1470 1198 superemini
1486 1170 1501 1190 a
1512 1163 1670 1189 tentalione.
1684 1160 1742 1188 Non
1755 1156 1826 1186 enim

1037 1212 1084 1243 ait,
1116 1219 1147 1237 ne
1178 1209 1321 1242 incidatis,
1349 1208 1411 1239 sed,
1440 1216 1471 1235 ne
1498 1208 1622 1240 intretis,
1652 1207 1703 1234 hoc
1729 1210 1770 1233 est
1795 1212 1828 1231 ne

1037 1255 1237 1284 altsorbea‘mini
1257 1255 1291 1281 ab
1311 1253 1366 1280 illa.
1393 1253 1465 1280 Fieri
1480 1253 1552 1280 enim
1569 1260 1621 1280 non
1641 1255 1745 1287 potest.
1761 1250 1826 1285 quin

1038 1301 1199 1332 incidamus.
1224 1299 1389 1327 incidentem
1407 1306 1471 1326 vero
1492 1298 1623 1326 victorem
1639 1297 1773 1324 exsistere
1796 1303 1828 1322 ac

1038 1346 1175 1374 coronari.
1201 1345 1243 1377 Et,
1275 1345 1298 1371 si
1327 1344 1431 1379 placet,
1464 1343 1625 1371 brevissimo
1652 1341 1777 1376 exemplo
1801 1340 1827 1367 id

1037 1391 1187 1418 ostendam.
1206 1389 1298 1416 Potest
1321 1390 1392 1416 enim
1422 1389 1482 1422 quis
1509 1389 1535 1415 in
1562 1388 1665 1415 leonem
1693 1387 1826 1418 incidens,

1038 1435 1152 1466 servari,
1184 1434 1266 1469 idque
1279 1434 1320 1461 vel
1336 1434 1445 1464 robore,
1471 1433 1512 1460 vel
1527 1438 1595 1460 arte.
1623 1432 1675 1459 Sed
1690 1431 1753 1466 quid
1770 1431 1830 1458 dico

1040 1480 1164 1508 servari?
1188 1480 1302 1512 Quidam
1320 1480 1391 1506 ettim
1412 1481 1462 1506 ltas
1484 1479 1555 1506 feras
1580 1479 1772 1506 dilacerarunt.
1795 1477 1830 1503 At

1040 1527 1186 1553 devoratus
1210 1530 1237 1552 et
1259 1526 1284 1552 itt
1304 1525 1368 1552 ferte
1391 1530 1513 1552 ventrem
1528 1525 1674 1555 demissus,
1694 1523 1830 1558 quoume

1044 1569 1174 1604 eil‘ugiat?
1188 1569 1271 1605 629
1292 1569 1346 1596 lloc
1367 1569 1494 1596 nimirum
1514 1568 1639 1596 Christus
1663 1568 1701 1594 ait
1724 1567 1829 1602 impos—

1043 1617 1121 1643 sibile
1137 1616 1243 1650 quidem
1258 1623 1319 1642 esse
1330 1620 1420 1642 utnon
1437 1615 1587 1642 incidamus
1602 1614 1628 1641 in
1642 1614 1829 1646 tcutationem,

1043 1662 1099 1688 ﬁeri
1117 1669 1181 1688 vero
1203 1668 1282 1695 posse
1306 1665 1335 1687 ttt
1358 1668 1526 1695 superemus.
1553 1659 1656 1687 llorunt
1683 1664 1829 1693 utrumque

1044 1710 1178 1732 testantur
1199 1712 1296 1732 omnes
1318 1705 1400 1732 etiam
1420 1705 1505 1731 sancti
1527 1709 1671 1739 martyres.
1687 1711 1755 1737 quos
1770 1708 1829 1730 tet»

1044 1753 1175 1777 talionum
1213 1750 1338 1785 procella:
1367 1756 1578 1785 oppugnarunt,
1612 1756 1640 1777 ut
1681 1750 1736 1776 fere
1775 1753 1829 1776 tow

1043 1797 1208 1823 dercrtarint
1225 1798 1291 1823 vita.
1308 1797 1411 1823 Dixerit
1426 1796 1486 1830 quis
1503 1805 1509 1823 :
1534 1795 1618 1823 Nemo
1639 1796 1721 1830 igitur
1734 1803 1829 1822 eorum

1042 1845 1083 1869 est
1093 1842 1247 1870 exauditus.
1260 1842 1351 1868 Auditi
1365 1842 1474 1876 quidem
1485 1845 1559 1873 sunt,
1572 1845 1618 1868 seu
1634 1848 1686 1867 nou
1701 1841 1727 1867 in
1742 1848 1784 1872 eo,
1802 1845 1831 1867 ut

1043 1888 1068 1915 iit
1083 1889 1259 1915 tentalionetn
1274 1895 1325 1914 tton
1339 1888 1499 1919 inciderent,
1514 1887 1585 1922 quod
1597 1887 1654 1914 ﬁeri
1666 1894 1717 1914 non
1732 1891 1830 1920 potest,

1041 1935 1088 1962 sed
1115 1942 1176 1961 cum
1200 1933 1378 1966 incidissent,
1412 1942 1464 1960 non
1498 1934 1576 1961 modo
1606 1933 1702 1965 illmsi,
1734 1940 1828 1960 verum

1042 1979 1163 2006 coronati
1178 1987 1193 2006 e
1205 1979 1293 2006 stadio
1306 1978 1423 2005 exirent.
1436 1978 1525 2011 Quare
1540 1986 1591 2005 tton
1607 1982 1648 2005 est
1662 1979 1825 2013 optandum,

1041 2033 1094 2051 non
1112 2025 1231 2052 incidere
1246 2025 1273 2051 itt
1292 2024 1481 2057 tentationem,
1496 2025 1543 2052 sed
1559 2031 1620 2052 cum
1643 2023 1829 2056 inciderittuts,

1041 2076 1070 2097 ttt
1081 2071 1209 2098 clariores
1222 2071 1379 2098 evadamus.

206 2110 275 2145 μετὰ
294 2110 432 2144 στεφάνων
451 2112 483 2138 ἐκ
500 2113 546 2139 τοῦ
560 2114 667 2140 σταδίου
683 2114 811 2146 ἐξελθεῖν.
839 2116 885 2152 Μὴ
900 2117 989 2144 τοίνυν
1008 2116 1087 2144 τοῦτο
1097 2116 1235 2152 ζητῶμεν,
1248 2116 1279 2143 τὸ
1304 2116 1342 2152 μὴ
1377 2118 1540 2152 πειρασμοῖς
1562 2116 1748 2152 περιπίπτειν,
1764 2116 1832 2144 ἀλλὰ

204 2156 235 2184 τὺ
248 2159 441 2193 περιπεσόντες
454 2160 638 2197 λαμπρότεροι
651 2162 853 2198 ἀποφανθῆναι.

360 2213 444 2240 ΣΚΖ’.
467 2229 501 2234 -
518 2215 620 2243 ΘΕΩΝΙ
644 2216 829 2253 ΕΠΙΣΚΟΠῼ.

1161 2217 1313 2245 CCXXVII.
1330 2236 1365 2242 _
1378 2216 1509 2245 'l‘llEONI
1527 2217 1704 2245 EPlSCOl’O.

449 2261 518 2289 sti
532 2268 636 2290 nostra:
651 2264 765 2298 injurias
783 2266 957 2299 vindicamus,
975 2265 1024 2292 Dei
1045 2273 1103 2292 vero
1127 2265 1291 2300 negligimus.
1311 2265 1398 2299 (Cotti.
1416 2265 1490 2300 epist.
1509 2265 1585 2301 248.)

240 2314 321 2348 Ἶσθι,
335 2311 358 2342 ὧ
370 2315 502 2350 βέλτιστε,
517 2316 554 2348 ὼς
568 2316 625 2352 (55)
637 2318 687 2344 κὰν
701 2317 788 2353 τούτῳ
801 2317 944 2353 πταίομεν,
956 2319 992 2344 τὰ

205 2359 256 2395 μὲν
275 2361 314 2391 εις
337 2361 451 2392 ἑαυτοὺς
470 2361 598 2397 δρώμενα
622 2362 804 2394 ἐκδικοῦντες,
833 2363 868 2390 τὰ
896 2363 923 2390 δὲ
952 2364 992 2395 εἰς

203 2405 249 2432 τὸν
265 2405 330 2432 Θεὸν
347 2405 530 2443 παρορῶντες.
542 2408 626 2435 Ὅταν
649 2407 698 2444 μὲν
722 2408 776 2444 γὰρ
792 2409 872 2444 ἡμεῖς
891 2409 992 2436 ἀδικώ-

239 2495 262 2510 ¹¹
277 2493 371 2521 Mattb.
389 2501 462 2526 xxvi,
484 2495 527 2521 41.
563 2494 586 2510 ⁵³
603 2494 624 2521 11
639 2495 709 2522 Tim.
730 2503 759 2526 II.
774 2495 800 2522 5.
835 2496 858 2511 ⁵³
878 2495 929 2523 Job
942 2503 991 2527 vn,
1005 2496 1029 2522 1.

1082 2319 1166 2353 Scito,
1183 2319 1284 2354 optime
1300 2319 1351 2351 vir,
1379 2319 1405 2346 itt
1424 2319 1475 2346 hoc
1500 2326 1515 2346 a
1539 2318 1617 2345 nobis
1633 2319 1750 2352 peccari,
1770 2319 1832 2345 dum

1046 2372 1106 2399 qum
1122 2365 1147 2392 in
1162 2373 1212 2392 nos
1226 2366 1374 2393 commissa
1392 2370 1466 2396 sunt,
1484 2364 1654 2391 vindicamus
1668 2373 1675 2396 ;
1692 2371 1752 2398 quae
1771 2371 1833 2390 vero

1047 2410 1073 2436 in
1089 2408 1185 2443 Deum,
1204 2410 1374 2446 negligimus.
1387 2410 1454 2437 Cum
1471 2411 1542 2437 enim
1565 2408 1663 2438 iniuria
1679 2416 1728 2435 nos
1747 2408 1832 2434 ailici~

751 2552 868 2580 VARIIE
883 2552 1077 2580 LECTIONES
1097 2551 1140 2578 ET
1161 2550 1277 2578 ΝΟΤᾸΕ.

243 2628 296 2667 (54)
320 2630 512 2667 Ἐμπεσόντα
533 2629 568 2667 δέ
588 2630 816 2667 ἀῃιειξρίσασθαι.
838 2631 928 2657 Nudus
951 2631 993 2667 lt_ic

201 2665 232 2692 in
248 2665 368 2700 eleganti
396 2665 447 2692 hac
472 2665 585 2698 epistola
611 2665 704 2691 lsiduri
731 2667 794 2700 περὶ
823 2665 989 2700 πειρασμοῦ.

205 2701 379 2735 Coujeceram
405 2700 456 2733 leg.
481 2707 529 2733 pro
546 2700 760 2735 ἀνευρίσασοαι,
786 2700 989 2735 ἀγωνισασοαι;

206 2741 266 2769 post
281 2736 361 2762 etiam
382 2734 594 2770 ἀναρρίψασοαι,
615 2734 643 2761 ut
667 2735 844 2770 ἀναρρίπτειν
861 2735 950 2769 μάχην
974 2735 987 2770 ἢ

206 2769 337 2801 κίνδυνον,
351 2771 438 2796 subire
450 2769 564 2803 pugnam
578 2774 623 2796 aut
637 2770 793 2803 periculum.
808 2769 883 2796 Nuttc
895 2769 988 2796 ussené

206 2805 260 2832 tior
286 2806 344 2832 viro
367 2805 446 2832 docto
473 2805 611 2837 reponenti
637 2804 769 2831 ἀνεᾶσθαι
791 2805 825 2831 ab
852 2803 984 2837 ἁνευάζω,

207 2839 278 2873 quod
300 2843 350 2871 est,
375 2840 496 2865 victorem
525 2844 569 2865 aut
594 2845 711 2865 orantem
737 2839 877 2866 celebrare.
897 2838 984 2871 Supra

207 2874 285 2907 paulo
299 2880 338 2902 est
353 2874 390 2909 μὴ
407 2873 550 2900 είσελθεῖν·
571 2874 608 2901 sic
625 2875 723 2901 dictum
748 2874 872 2908 fortasse,
888 2879 915 2901 ut
931 2874 981 2902 [ριν

1049 2628 1112 2655 linis
1139 2629 1165 2654 in
1182 2628 1296 2656 studium
1315 2628 1435 2662 prodire,
1462 2627 1554 2662 autiin
1579 2634 1696 2662 scanttua
1713 2631 1831 2662 :dthttO,

1046 2664 1072 2690 in
1090 2671 1193 2690 scenam
1209 2663 1322 2694 prodire.
1336 2662 1455 2689 Scuo-rr.
1468 2677 1503 2681 ——
1513 2661 1565 2688 Pro
1577 2661 1768 2695 ἁνενρίσασθαι
1784 2668 1830 2687 so-

1046 2698 1087 2724 lus
1107 2700 1167 2725 cod.
1182 2698 1237 2724 Alt.
1255 2698 1331 2724 Itabel
1350 2696 1540 2731 dtvotpisotoOatt,
1564 2696 1634 2722 uudc
1648 2696 1716 2722 forte
1730 2695 1830 2728 gradus

1047 2733 1103 2759 fieri
1118 2733 1149 2759 ad
1161 2732 1348 2767 priutigettiaut
1365 2732 1506 2767 lectionem
1520 2731 1716 2767 usscqttettdaut
1729 2731 1825 2767 possit,

1043 2775 1122 2802 quam
1142 2765 1266 2800 suspicor
1280 2767 1361 2793 fuisse
1373 2765 1598 2802 dyappﬁaaoeat.
1611 2765 1663 2802 hoc
1674 2765 1746 2790 enim
1759 2765 1827 2792 satis

1041 2799 1103 2829 cum
1121 2799 1244 2846 sequenti
1260 2799 1464 2836 στεφανωθῆναι
1474 2799 1609 2827 convenit.
1626 2799 1731 2826 Possm.

1077 2836 1130 2846 Ιιινι
1170 2837 1203 2846 n,
1231 2841 1324 2846 ,,,,._,,.
1349 2837 1373 2846 ξ..
1398 2836 1435 2846 ει-.
1464 2835 1528 2846 ...κ-Ι]
1566 2833 1612 2846 I7..I
1650 2833 1702 2846 [EBA
1723 2841 1731 2846 ι

1075 2836 1131 2871 (55)
1160 2831 1205 2869 Ὠς
1222 2831 1327 2864 ιηιιιίιιιί
1349 2837 1375 2863 in
1397 2831 1437 2862 ὅτι
1462 2835 1539 2862 codd.
1566 2833 1624 2861 Vat.
1650 2833 1702 2862 650
1722 2838 1751 2861 et
1769 2831 1824 2860 Alt.

1038 2870 1143 2900 POSSIN.
