2049 3162
224 170 288 202 1471

803 172 832 202 8.
857 172 1003 202 ISIDORI
1023 172 1243 203 PELUSIOTJE

1784 168 1850 199 147:7.

225 233 297 258 mur,
315 225 460 253 utilissima
475 230 517 253 est
534 226 714 254 mansuetudo
730 233 761 254 ac
776 226 885 255 lenitas.
901 227 936 255 At
949 235 1010 255 cum

1074 229 1147 262 ιεθα,
1161 229 1177 263 ἡ
1193 229 1316 264 πραότης
1338 229 1536 264 χρησιμωτάτη
1549 237 1555 242 ·
1581 228 1646 255 ὅταν
1665 228 1692 255 δὲ
1716 227 1746 254 ea
1764 227 1848 260 Θεῖον,

226 270 297 299 Deus
311 270 429 303 lmditur,
440 276 468 298 ut
485 271 525 304 ﬁt,
540 279 554 298 a
567 271 630 300 vino
645 271 811 307 lasciviaque
825 273 951 306 injuriam
968 273 1010 301 in~

225 317 374 345 ferentibus
386 317 448 353 (nec
458 317 531 344 enim
548 325 632 344 unum
650 318 677 345 in
689 322 819 345 aeternum
836 318 920 346 Deum
935 326 1012 346 noxae

225 362 406 390 committitur
423 364 520 398 genus)
539 363 619 391 irasci
635 363 734 399 justius
753 364 804 397 sit,
820 372 900 399 quam
919 365 1014 392 conni-

227 415 300 436 vere.
322 407 378 435 Nos
403 413 499 436 contra
529 408 652 440 facimus,
677 409 722 443 qui
749 408 867 436 inimicis
886 410 1014 438 nolumus

227 453 369 487 ignoscere
384 461 391 480 :
414 453 449 480 iis
462 460 527 480 vero
544 453 590 488 qui
609 453 635 480 in
651 453 734 480 Deum
752 453 870 488 linguam
885 458 1012 485 exerunt,

226 498 305 525 miles
323 505 417 525 sumus
430 502 511 532 atque
526 498 646 532 benigni.
661 497 819 533 Indignatus
828 503 870 525 est
887 498 1013 533 aliquan-

226 543 260 570 do
279 543 439 570 mitissimus
460 543 548 570 Moses
562 542 702 576 Israelitis,
719 544 764 578 qui
783 540 895 571 vitulum
912 544 1015 572 conﬂa-

227 594 325 617 verant
340 590 364 606 ⁵⁸
379 598 386 622 ;
401 597 461 624 quae
474 589 515 616 ira
528 590 601 617 omni
615 590 712 617 melior
725 589 775 617 l‘uit
793 591 1011 618 mansuetudine.

228 636 302 663 Elias
315 635 468 663 idololatris
484 636 518 674 ⁸⁸,
531 640 557 663 et
571 635 689 664 Joannes
700 636 821 670 Baptista
833 635 931 663 Herodi
941 637 976 670 ",
990 642 1018 665 et

228 682 328 709 Paulus
343 681 446 717 Etyma:
469 674 567 714 iratus,
591 689 644 709 non
670 689 760 713 suam,
781 682 828 709 sed
849 682 1017 710 vindicantes

230 727 314 755 divini
335 728 456 755 numinis
471 727 598 762 iniuriam
611 727 635 743 ⁸⁸
651 735 658 754 :
673 727 744 762 quod
754 727 806 754 etsi
822 727 874 755 sibi
889 727 1016 760 suﬂiciat.

228 773 360 800 bonorum
381 777 471 800 tamen
488 773 515 800 in
530 773 593 800 vitia
609 773 701 800 odium
727 773 928 808 complectitur,
949 774 1019 808 inju-

229 819 284 845 rias
302 826 366 846 vero
381 819 432 846 sibi
453 819 542 846 illatas
557 820 731 853 spernebant.
750 818 826 846 lianc
842 819 916 846 enim
932 819 1017 846 virtu-

231 869 285 892 tem
303 872 335 891 ac
350 865 549 899 philosophiam
570 872 664 892 veram
682 865 886 892 existimabant.

303 918 464 947 CCXXVIII.
482 935 516 939 —
537 919 691 947 AUSONIO
710 919 943 947 CORRECTORI.

1061 274 1125 308 τόγε
1142 274 1197 300 τῶν
1212 274 1413 310 παροινούντων
1437 274 1519 310 μέρος
1537 274 1663 310 (οὐδεμία
1676 274 1731 309 γὰρ
1745 274 1785 306 είς
1804 274 1851 309 τὴν

1063 320 1202 355 ἀκήρατον
1216 320 1324 356 ἐκείνην
1338 320 1418 354 φύσιν
1432 321 1566 348 διαϐαίνει
1581 319 1691 355 βλάϐη),
1707 321 1756 355 τῆς
1768 320 1853 346 ἐπιει-

1064 367 1142 398 κείας
1163 366 1178 392 ὁ
1210 366 1296 401 Θυμδς
1320 367 1503 403 ὡραιότερος·
1526 367 1607 402 ἡμεῖς
1631 366 1660 393 δὲ
1697 365 1853 392 τούναντίον

1063 411 1183 448 δρῶμεν,
1206 412 1263 444 τοῖς
1284 412 1333 447 μὲν
1356 412 1502 449 ἡμετέροις
1526 412 1633 447 ὲχοροῖς
1655 411 1853 445 ἀσύγγνωστοι,

1064 458 1121 488 τοῖς
1137 457 1165 484 δὲ
1183 457 1254 484 κατά
1267 458 1314 484 τοῦ
1333 457 1401 485 Θεοῦ
1425 457 1567 490 ὀπλίζουσι
1587 457 1636 491 τὴν
1650 456 1774 490 γλῶτταν
1786 456 1855 491 ἦμε-

1067 511 1109 538 ροι
1132 502 1209 535 ὄντες
1239 503 1288 530 καὶ
1321 503 1520 539 φιλάνθρωποι.
1557 501 1748 537 Ἦγανάκτησέ
1790 510 1855 528 ποτε

1065 549 1186 584 Μωϋσῆς
1208 549 1222 575 ὁ
1248 549 1404 585 πραότατος
1426 549 1497 576 κατὰ
1517 548 1571 576 τῶν
1596 548 1856 583 μοσχοποιησάντων

1067 594 1254 630 ἀγανάκτησιν
1294 595 1384 630 πάσης
1419 594 1572 630 πραότητος
1605 593 1770 629 κρείττονα,
1811 593 1859 618 καὶ

1067 640 1162 672 Ἠλίας
1177 640 1249 667 κατὰ
1263 641 1318 668 τῶν
1342 640 1544 676 είδωλολατρῶν
1561 661 1568 673 ,
1584 640 1632 666 καὶ
1655 639 1783 674 Ἰωάννης
1797 637 1859 664 καθ’

1074 685 1215 720 Ἡρώδου,
1250 686 1298 713 καὶ
1324 686 1432 718 Παῦλος
1461 686 1531 713 κατᾶ
1570 685 1618 712 τοῦ
1659 684 1782 719 Ἐλύμα·
1811 684 1860 719 οὐχ

1069 730 1192 762 ἑαυτοὺς,
1222 731 1290 757 ἀλλὰ
1320 731 1352 757 τὺ
1376 731 1454 758 Θεῖον
1481 731 1663 763 ἐκδικοῦντες,
1687 729 1790 766 ἀρκοῦν
1813 729 1860 764 μὲν

1069 775 1171 811 ἑαυτῷ,
1197 775 1248 811 τὴν
1265 776 1294 803 δὲ
1317 776 1372 803 τῶν
1389 776 1543 811 φιλαρέτων
1569 776 1769 811 μισοπονηρίαν
1793 775 1860 801 ἀπο-

1068 820 1214 856 δεχόμενον
1227 821 1294 857 (56)’
1309 822 1359 854 τὰς
1369 821 1397 848 δὲ
1411 823 1451 854 είς
1463 821 1576 853 ἑαυτοὺς
1590 821 1685 856 ὕϐρεις
1696 819 1860 856 παρεώρων·

1069 867 1172 903 ταύτην
1189 868 1242 904 γὰρ
1257 869 1359 904 ἀρετὴν
1375 866 1445 895 εἶναι
1459 868 1584 903 ἐνόμιζον
1604 868 1651 894 καὶ
1663 866 1832 901 φιλοσοφίαν.

1185 923 1273 949 ΣΚΗ’.
1295 938 1330 942 -
1347 922 1496 958 ΑΥΣΟΝΙῼ
1511 921 1748 949 ΚΟΡΡΗΚΤΩΡΙ.

806 968 847 993 Ad
862 967 995 1001 justitiam
1008 967 1163 1001 utjudicem
1179 969 1285 997 inuitat.

267 1021 465 1049 Fortitudinem
484 1026 556 1048 tuam
572 1021 660 1057 legum
676 1022 775 1049 robore
791 1026 925 1048 armatam
942 1023 1021 1049 dccct

232 1075 340 1101 cogere,
357 1073 386 1095 ut
401 1067 435 1094 ab
450 1067 548 1102 injuria
572 1067 608 1094 illi
625 1067 780 1095 abstineant
802 1073 941 1095 armantes
956 1069 1023 1095 dex-

234 1117 320 1140 teram
342 1119 418 1140 suam
440 1118 534 1140 contra
558 1112 771 1144 imbecilliores,
793 1113 857 1140 dum
876 1114 947 1142 unde
966 1122 1018 1141 non

233 1162 351 1193 oportet,
367 1157 471 1185 lucrum
492 1158 582 1186 facere
596 1164 739 1186 conantur.

368 1212 508 1241 CCXXIX.
524 1228 556 1233 —
571 1212 701 1241 ,ΙΗΣΟΒο
721 1213 880 1241 LECTORI.

1110 1023 1216 1058 Πρέπει
1228 1025 1261 1059 τῇ
1278 1024 1311 1058 σῇ
1334 1023 1441 1059 ἀνδρίᾳ,
1457 1024 1490 1059 τῇ
1519 1023 1574 1050 τῶν
1590 1022 1680 1058 νόμων
1705 1021 1866 1057 ὡπλισμένῃ

1075 1067 1148 1103 ίσχύῐ
1165 1068 1233 1103 (57),
1254 1069 1421 1102 ἀναγκάζειν
1433 1067 1584 1103 ἀπέχεσθαι
1600 1066 1646 1093 τοῦ
1664 1067 1785 1098 ἀδικεῖν,
1804 1065 1867 1096 τοὺς

1072 1111 1134 1138 ὅθεν
1161 1112 1192 1139 οὐ
1217 1112 1269 1148 χρὴ
1299 1113 1453 1148 κερδαίνειν
1482 1112 1689 1146 ἐπιχειροῦντας
1714 1111 1787 1137 κατὰ
1811 1109 1866 1136 τῶν

1072 1157 1275 1194 ἀσοενεστέρων
1291 1158 1452 1190 όπλίζοντας
1475 1158 1524 1194 τὴν
1543 1158 1645 1191 δεξιάν.

1193 1215 1279 1243 ΣΚΘ’.
1310 1230 1346 1235 -
1376 1215 1502 1249 ΙΑΚΩΒῼ
1527 1213 1747 1248 namnam.

609 1259 711 1292 Virtus,
725 1260 772 1287 etsi
790 1260 932 1293 laboriosa,
943 1261 1000 1296 ipsa
1018 1265 1105 1294 tamen
1125 1262 1173 1289 sibi
1186 1270 1291 1290 merces.
1311 1261 1403 1296 (Supr.
1423 1261 1499 1297 225.)

274 1314 329 1343 Etsi
358 1315 589 1344 laboriosa'mihi
618 1315 705 1343 virtus
735 1320 796 1348 est,
825 1316 912 1350 ipsum
934 1321 1024 1344 tamen

235 1362 320 1397 ipsius
335 1370 413 1398 opus,
430 1362 503 1398 quod
516 1369 620 1390 merces
631 1362 756 1397 sequitur
769 1381 778 1395 ,
793 1361 909 1389 alterum
924 1362 1024 1389 donum

235 1415 296 1435 esse
318 1408 437 1435 videtur.
468 1408 595 1435 Admiror
626 1407 721 1435 adhaac
742 1415 906 1443 magnopere
928 1408 1026 1435 divina:

236 1453 371 1488 largitatis
389 1453 569 1488 maiestatem,
588 1453 807 1488 quandoquidem
820 1460 930 1481 coronat
945 1461 1025 1481 coro-

237 1506 300 1525 nam
312 1498 483 1532 gratiﬁcandi
502 1498 655 1526 accumulat
680 1498 762 1532 Deus,
790 1505 882 1526 veram
899 1498 1024 1526 virtutem

237 1543 341 1572 caelesti
361 1551 497 1571 exornans
513 1551 607 1579 regno.

424 1598 506 1633 σεο
520 1597 648 1625 ccxxx.
666 1611 701 1619 -
713 1597 831 1626 EIDEM.

1117 1318 1195 1353 Ἐμοὶ
1217 1318 1241 1344 εἰ
1267 1318 1314 1345 καὶ
1336 1316 1467 1349 ὲπίπονός
1495 1317 1570 1343 ἐστιν
1605 1316 1621 1351 ἠ
1640 1315 1736 1350 ἀρετὴ,
1755 1313 1823 1340 ἀλλά
1838 1321 1868 1346 γε

1077 1364 1124 1390 καὶ
1140 1363 1206 1390 αὐτὸ
1216 1363 1246 1390 τι
1256 1363 1336 1399 ἔργον
1354 1363 1450 1398 αὐτῆς,
1467 1359 1489 1397 ᾧ
1503 1364 1517 1389 ὸ
1536 1362 1631 1398 μισθὸς
1648 1361 1756 1390 ἕπεται,
1772 1360 1866 1395 ἕτερον

1075 1408 1161 1444 δῶρον
1175 1407 1246 1436 εἶναι
1258 1409 1341 1437 δοκεῖ.
1366 1409 1421 1435 Καὶ
1432 1409 1494 1435 λίαν
1507 1407 1640 1443 θαυμάζω
1652 1407 1702 1442 τῆς
1717 1406 1793 1438 θείας
1821 1414 1869 1440 με-

1076 1453 1250 1489 γαλοδωρεᾶς
1276 1453 1326 1488 τὴν
1342 1453 1510 1488 φιλοτιμίαν,
1531 1454 1572 1480 ὅτι
1595 1452 1727 1486 στέφανον
1743 1450 1867 1484 στεφάνῳ

1076 1499 1231 1534 χαρίζεται,
1257 1498 1308 1533 τὴν
1331 1498 1476 1534 ἀκίϐδηλον
1493 1497 1594 1534 ἀρετὴν
1618 1498 1651 1532 τῇ
1678 1496 1732 1523 τῶν
1748 1494 1869 1530 οὐρανῶν

1040 1562 1061 1590 c
1079 1544 1202 1580 βασιλεία
1216 1544 1371 1580 κοσμοῦσα.

1324 1599 1386 1626 EA’.
1413 1613 1446 1618 —
1462 1599 1507 1634 To
1527 1598 1627 1632 ΑΥἸᾨ.

239 1645 326 1674 Bonos
341 1644 439 1680 oﬂ'endi
461 1652 513 1672 non
528 1644 600 1672 decet
625 1644 756 1672 malorum
782 1645 916 1679 felicitate.
935 1645 1238 1716 (Dagttségga)l’elurii
1258 1645 1373 1678 episcop.
1395 1644 1466 1679 conf.
1484 1644 1560 1679 epist.
1585 1644 1629 1675 16,
1647 1642 1707 1674 MO,
1723 1642 1786 1676 147,
1811 1641 1870 1674 I96,

274 1735 346 1764 Cave
361 1741 455 1764 contra
469 1735 554 1763 Deum
574 1735 661 1763 malos
678 1735 840 1763 tolerantem
867 1736 1026 1764 voeilereris

238 1786 351 1818 propter
363 1782 472 1810 Eusebii
490 1782 604 1817 ejusque
618 1782 785 1810 asseclarum
803 1789 846 1809 res
869 1783 1005 1809 secundas
1019 1791 1024 1808 :

238 1829 287 1864 qui
304 1828 398 1856 virtuti
415 1828 524 1863 quidem
536 1827 652 1860 inimici,
668 1827 869 1862 improbitatem
882 1828 1025 1860 extollunt,

240 1882 325 1909 eaque
341 1881 370 1901 se
387 1873 510 1907 jactant:
531 1881 624 1901 verum
651 1873 787 1901 admirare
801 1875 889 1908 potius
913 1874 1028 1902 immen-

240 1927 298 1947 sam
315 1919 386 1946 illam
407 1920 452 1947 Dei
474 1920 671 1955 benignitatem
693 1920 726 1946 ad
741 1920 929 1954 poenitentiam
953 1921 1027 1955 ipsos

240 1970 394 1997 vocantem,
409 1970 490 1999 utque
506 1973 535 1992 se
559 1966 611 2001 ipsi
626 1971 785 2000 agnoscant,
801 1974 925 2001 precare,
948 1971 977 1993 ut
999 1971 1027 1994 tu

243 2011 409 2038 olfeudiculo
423 2011 560 2044 libereris,
581 2012 631 2047 ipsi
647 2021 711 2040 vero
726 2010 869 2048 supplicio,
885 2014 1028 2048 cultusque

243 2058 350 2085 divinus
365 2057 509 2086 dedecore.
527 2058 602 2092 Quod
618 2060 644 2085 ni
657 2059 712 2091 liat,
727 2059 758 2086 ad
775 2064 925 2087 extremum
941 2066 1024 2093 usque

243 2103 417 2137 improbitate
435 2103 687 2135 debacchabuntur,
705 2109 732 2132 et
746 2104 837 2131 furore
849 2112 881 2131 ac
896 2105 971 2132 rabie
988 2105 1028 2130 la-

242 2149 388 2182 borabunt,
412 2149 447 2177 ob
469 2157 530 2184 quae
544 2149 570 2176 in
587 2149 671 2176 altera
691 2150 745 2176 vita
765 2151 920 2184 patientur,
945 2157 1031 2183 agno—

1115 1738 1162 1773 Μὴ
1192 1735 1315 1764 καταϐόα
1351 1736 1401 1771 τῆς
1440 1736 1515 1767 θείας
1546 1734 1724 1768 ἀνεξικακίας
1755 1733 1799 1762 διὰ
1824 1733 1870 1769 τὴν

1081 1783 1212 1810 Εὑσεϐίου
1234 1783 1281 1809 καὶ
1296 1782 1350 1809 τῶν
1373 1782 1438 1818 παρ’
1458 1781 1542 1809 αὐτοῦ
1566 1779 1812 1816 συγκροτουμένων
1830 1780 1871 1805 εὑ-

1080 1829 1199 1866 ημερίαν
1209 1838 1216 1845 ·
1231 1830 1329 1860 οἵτινες
1344 1829 1394 1865 τὴν
1413 1829 1462 1865 μὲν
1475 1827 1576 1864 ἀρετὴν
1591 1827 1764 1862 ὑϐρίζοντες,
1784 1827 1832 1861 τὴν
1845 1826 1871 1852 δὲ

1080 1876 1181 1903 κακίαν
1197 1876 1393 1911 στεφανοῦντες
1413 1876 1461 1902 καὶ
1482 1875 1690 1910 ἐναδρύνονται·
1713 1873 1782 1900 ἀλλὰ
1807 1872 1869 1898 θαύ-

1082 1922 1152 1957 μαζε
1169 1922 1265 1957 αὐτὴν,
1280 1921 1329 1956 τὴν
1345 1922 1378 1948 δι’
1399 1921 1624 1956 ὑπερϐάλλουσαν
1641 1919 1815 1954 χρηστότητα
1830 1918 1868 1948 εἰς

1083 1967 1228 2003 μετάνοιαν
1251 1967 1351 1998 αὐτοὺς
1370 1967 1506 1993 καλοῦσαν
1522 1974 1528 1981 ·
1559 1967 1606 1993 καὶ
1618 1966 1695 1998 εἶξαί
1724 1973 1756 1999 γε
1778 1964 1872 1994 αὐτοὺς

1082 2012 1272 2046 μεταγνῶναι·
1297 2012 1340 2039 ἵνα
1366 2013 1399 2038 σὺ
1418 2012 1467 2046 μὲν
1492 2011 1641 2038 σκανδάλου
1667 2010 1865 2045 ἀπαλλαγείης,

1076 2058 1152 2084 αὐτοὶ
1167 2057 1195 2083 δὲ.
1212 2057 1357 2092 τιμωρίας,
1376 2058 1392 2092 ἡ
1406 2057 1434 2083 δὲ
1447 2057 1591 2092 θρησκεία,
1611 2055 1760 2091 κωμῳδίας
1772 2062 1779 2068 ·
1798 2055 1822 2080 εί
1835 2054 1872 2085 δὲ,

1084 2102 1098 2128 ὃ
1113 2102 1149 2137 μὴ
1160 2102 1275 2136 γένοιτο,
1289 2102 1342 2134 ἓως
1356 2103 1450 2134 τέλους
1474 2102 1526 2128 ὑπὸ
1540 2102 1590 2136 τῆς
1606 2101 1708 2132 κακίας
1724 2100 1872 2134 ἐκϐακχευ-

1085 2148 1164 2180 Οῶσι,
1182 2149 1228 2174 καὶ
1243 2149 1343 2184 οἴστρῳ
1353 2147 1400 2175 καὶ
1414 2147 1498 2183 μανία
1509 2147 1673 2182 λυττήσωσι,
1685 2147 1718 2172 δι’
1735 2143 1771 2172 ὧν
1788 2147 1873 2172 ἐκεῖσε

242 2200 319 2222 seent
343 2195 484 2223 moderate
516 2196 597 2222 vitam
625 2195 768 2223 instituere
791 2199 1022 2230 temperanterqnt

1085 2195 1235 2228 πείσονται,
1250 2194 1412 2229 γνώσονται,
1425 2195 1467 2221 ὅτι
1482 2194 1594 2229 ἄμεινον
1604 2191 1638 2229 ἦν
1654 2193 1684 2220 τὸ
1703 2194 1860 2228 σωφρονεῖν.

245 2241 336 2268 \ivere
353 2246 454 2276 quanto
467 2242 502 2268 sit
519 2241 713 2276 praestabilius.

343 2294 484 2322 CCXXXI.
499 2311 534 2315 —
547 2294 673 2323 ZOSIMO
691 2293 928 2322 PRESBYTERO.

1204 2294 1288 2322 ΣΑΑι,
1308 2307 1341 2314 —
1356 2292 1482 2328 zamia
1504 2291 1743 2326 ΠΡΕΣΒΥΤΕΡῼ.

368 2339 454 2366 Monet
472 2345 500 2366 ut
515 2348 648 2367 senescens
664 2341 768 2367 tandem
786 2340 924 2374 resipiscat
942 2340 972 2366 ob
991 2339 1169 2367 imminente»:
1189 2339 1248 2366 vita:
1263 2340 1415 2366 terminum.
1438 2337 1520 2373 (Vide
1539 2338 1618 2373 epist.
1631 2336 1665 2363 εξ
1678 2343 1701 2363 et
1716 2337 1774 2370 99.)

277 2394 397 2423 Juvenes
412 2395 520 2430 quidem
536 2394 656 2429 ignotum
672 2396 771 2423 habent
788 2397 850 2423 vita:
866 2397 1028 2430 terminum;

245 2449 324 2469 senes
339 2449 404 2469 vero
418 2441 602 2468 manifestum.
619 2441 657 2468 llli
675 2442 758 2475 cnim,
778 2443 885 2470 tametsi
901 2451 973 2470 mors
990 2451 1031 2470 re—

248 2493 376 2515 vereatur
391 2487 526 2514 neminem
546 2486 695 2521 (grassatur
708 2488 779 2514 enim
793 2496 841 2522 per
850 2497 944 2516 omnes
966 2494 1032 2516 teta—

252 2538 291 2559 tes
305 2538 384 2566 atque
395 2531 528 2565 ordines),
539 2536 649 2566 sperant
664 2540 694 2559 se
712 2533 744 2559 ad
759 2539 895 2561 senectam
917 2542 1030 2569 perven-

1118 2396 1149 2422 Εί
1168 2394 1215 2422 καὶ
1227 2396 1251 2422 οἱ
1266 2394 1320 2421 νέοι
1336 2394 1434 2429 ἄδηλον
1445 2393 1538 2428 ἔχουσι
1559 2393 1589 2420 τὸ
1603 2393 1701 2429 πέρας,
1715 2392 1786 2419 ἀλλά
1802 2401 1833 2426 γε
1850 2393 1873 2418 at

1088 2442 1274 2478 γεγηρακότες
1297 2441 1439 2477 πρόδηλον.
1455 2440 1487 2467 Οἱ
1513 2440 1562 2474 μὲν
1585 2441 1649 2476 γὰρ,
1667 2441 1691 2467 εί
1716 2441 1765 2466 καὶ
1787 2439 1878 2466 οὐδένα

1086 2489 1200 2514 αἰδεῖται
1213 2489 1226 2514 ό
1242 2487 1356 2519 θάνατος
1372 2486 1460 2523 (κατὰ
1472 2487 1563 2521 πάσης
1575 2486 1629 2522 γὰρ
1645 2486 1692 2513 καὶ
1704 2486 1814 2521 ἡλικίας
1831 2486 1874 2511 καὶ

1085 2533 1162 2566 ἀξίας
1179 2533 1296 2569 χωρεῖ),
1315 2533 1372 2560 ἀλλ’
1396 2530 1443 2560 οὖν
1465 2541 1497 2567 γε
1517 2532 1614 2560 ὲλπίδα
1638 2532 1702 2560 τινὰ
1728 2532 1822 2568 έχουσι
1840 2532 1876 2562 εἰς

283 2611 306 2626 ³⁸
326 2611 410 2637 Exod.
425 2617 508 2643 xxvn,
530 2611 540 2636 l
559 2617 633 2644 seqq.
672 2610 695 2626 "
710 2610 742 2637 IV
759 2610 822 2645 Reg.
840 2619 858 2641 ι,
875 2612 886 2638 I
905 2619 982 2647 seqq.
1017 2613 1039 2628 “
1056 2612 1151 2639 Matth.
1170 2620 1224 2644 xiv,
1243 2611 1319 2639 ΜΞ.
1359 2611 1382 2626 ⁵⁸
1400 2612 1460 2639 Aet.
1478 2619 1538 2643 xui,
1557 2611 1585 2638 8.

801 2690 917 2718 VARUS
939 2691 1129 2719 LECI‘IONES
1150 2692 1192 2718 liT
1214 2691 1329 2719 NOTAE.

284 2766 343 2805 (iiii)
357 2768 441 2805 Idem,
454 2769 660 2805 ἀποδεχόμενος.
673 2769 779 2805 Possm.

286 2803 487 2839 (57)7Nimirum
503 2803 554 2831 hoc
567 2803 688 2839 estquod
703 2805 767 2838 imp.
783 2803 950 2831 Justinianus
965 2805 1035 2839 prin-

250 2838 319 2871 cipio
352 2838 550 2866 Institntionnm
569 2838 640 2873 juris
667 2840 719 2871 ait,
743 2847 753 2865 ι
774 2847 825 2866 non
846 2840 932 2866 solum
953 2838 1037 2867 armis

251 2875 417 2907 decoratum,
441 2875 487 2902 sed
514 2875 594 2902 etiam
624 2874 726 2910 legibus
748 2878 853 2910 oportet
867 2881 925 2903 esse
947 2883 1036 2903 arma-

1088 2775 1155 2798 tntn.
1172 2779 1180 2795 I
1203 2769 1324 2797 Scuorr.

1128 2805 1183 2839 (58)
1198 2804 1288 2838 Ipsum
1303 2811 1400 2830 tamen.
1413 2803 1442 2830 Id
1467 2807 1522 2835 est,
1538 2802 1564 2829 in
1589 2802 1699 2829 virtutis
1722 2810 1803 2835 opere
1826 2810 1872 2839 nun

1092 2837 1195 2866 tantum
1214 2837 1316 2866 merces
1343 2839 1410 2872 ipsa,
1435 2845 1516 2870 quam
1542 2838 1675 2869 recepturi
1700 2846 1809 2869 suutus,
1833 2837 1874 2863 sed

1091 2875 1177 2910 ipsum
1193 2881 1260 2909 opas
1278 2874 1341 2901 mihi
1361 2881 1409 2908 pro
1428 2874 1498 2900 dono
1513 2878 1563 2899 est.
1582 2874 1702 2899 SCttttTT.
