2049 3162
193 161 256 199 ίᾶῖῧ
612 176 879 207 EPISTOLARUM
900 177 974 208 LIB.
1003 179 1035 208 ν.
1056 191 1091 195 -κ
1110 179 1232 210 EPIST.
1252 179 1427 210 CCXXXIV.
1758 181 1825 214 HM

192 223 281 270 γῆρας
297 223 373 270 ἥξειν
385 233 391 240 ’
403 225 430 252 οἱ
450 226 478 253 δὲ
501 227 577 254 οὐδὲν
592 228 696 264 ἕτερον,
713 230 729 266 ἢ
753 230 783 257 τὸ
801 232 836 266 γῆ
857 231 971 265 γενέσοα

1037 236 1120 259 turos.
1135 232 1220 262 Senes
1233 241 1296 262 vero
1310 234 1374 262 illud
1385 239 1488 262 tantum
1504 240 1674 270 exspectant,
1685 237 1711 263 in
1723 241 1823 265 terram

193 269 322 318 (κατὰ-τὸ
340 270 420 306 σῶμα
437 272 591 318 γάργφημι)
612 275 792 310 προσδοκῶσι.
812 277 848 303 Τὸ
861 277 914 312 γὰρ
931 276 973 312 γῆ·

1036 283 1076 307 se,
1107 284 1238 311 corpore,
1260 279 1380 314 inquam,
1405 269 1561 315 deposito;
1575 282 1708 309 abituros.
1731 282 1824 318 Γῆρας

194 321 245 348 ρας
257 313 367 349 εἴρηται
386 316 461 351 παρὰ
482 317 511 343 τὸ
527 320 578 352 γῆς
593 318 668 353 ὲρᾷν.
697 319 742 346 Διὸ
755 320 802 346 καὶ
821 320 845 346 οἱ
864 328 973 355 γεγηρα·

1036 321 1109 348 enitu
1132 328 1251 350 senectus
1276 325 1351 360 παρὰ
1373 325 1403 351 τὸ
1420 313 1473 360 γῆς
1490 326 1556 361 ἐρᾷν
1578 327 1680 355 Graecis
1701 313 1824 361 dicitur,

191 359 269 391 κότες
283 361 386 396 τρόπον
399 362 461 388 τινὰ
477 364 638 398 κυρτοῦνται
663 365 710 391 καὶ
736 365 942 401 κυρτοῆατοῦσι,
955 366 973 392 τε

1034 367 1112 401 quasi
1139 372 1237 396 (errant
1263 376 1360 398 autent.
1381 370 1449 398 llinc
1472 377 1499 399 et
1516 380 1595 400 senes
1614 381 1729 408 corpore
1753 374 1824 401 ﬂexo

189 406 229 438 εις
246 407 298 442 γῆν
336 407 496 442 ἐπείγεσθαι
534 410 793 446 διαμαρτυρόμενοι.
833 413 864 438 Εἰ
894 412 973 439 τοίνυ·

1035 413 1228 448 incurvantur,
1245 415 1422 444 testiﬁcantes
1435 424 1464 444 se
1480 422 1579 446 terram
1595 406 1728 454 repetere.
1745 420 1823 453 Quod

188 452 276 479 ταῦτα
301 452 388 485 οὕτως
405 454 474 490 ἔχει,
495 456 528 482 δι’
553 456 585 491 ἣν
611 457 702 484 αἰτίαν
724 458 770 484 ἐπὶ
798 458 892 493 γήρως
912 457 973 493 οὺδᾷ

1033 467 1096 486 cum
1115 459 1151 487 ita
1166 460 1212 492 sit,
1231 467 1312 494 quam
1331 461 1366 488 ob
1391 469 1499 489 causam
1520 463 1546 490 in
1566 452 1715 492 senectutis
1730 452 1823 493 limine
1848 459 1855 467 “

189 500 361 536 νεωτερίζεις
370 502 427 533 τοῖς
442 501 607 537 ἀδικήμασιν
623 502 694 539 (59);

305 554 387 583 ΣΛΒ’.
400 570 435 574 -
461 555 612 592 ΘΕΟΔΩΡῼ
628 556 854 593 ΣΧΟΛΑΣΤΙΚῼ.

1031 506 1179 535 maleficiis
1194 507 1375 540 juvenescis?

1088 561 1240 589 CCXXXII.
1260 577 1294 582 —
1313 559 1499 590 THEODORO
1522 563 1770 594 SCIIOLASTICO.

430 600 538 635 Injuria
560 603 711 636 aﬂirientem
728 611 802 638 a’quo
817 603 885 637 ferat
900 607 1032 633 moderate
1055 609 1143 634 animo
1160 616 1169 635 :
1185 609 1236 635 sive
1251 608 1283 634 de
1299 608 1457 635 vindicanda
1471 609 1582 644 injuria.

225 655 261 682 Τὸ
275 655 323 691 μὲν
333 656 495 692 ἀδικηθέντα
511 658 548 694 μὴ
569 658 737 693 ἀμύνασθαι,
756 658 828 685 θεῖον
846 659 978 695 ἡγοῦμαν

189 701 220 727 τὸ
234 702 262 728 δὲ
277 702 433 737 ἀμύνασθαι
447 703 576 739 μετρίως,
593 704 709 739 νόμιμον
723 705 770 731 καὶ
787 704 958 740 ἀνθρώπινον
971 714 976 720 ·

1075 664 1124 696 Qui
1144 664 1224 691 laesus
1239 664 1338 698 injuria
1349 663 1395 696 sit,
1410 671 1469 691 eam
1486 672 1538 691 non
1564 664 1658 692 ulcisci
1673 684 1681 697 ,
1699 665 1821 694 divinum

1035 709 1060 736 id
1083 717 1151 744 opus
1182 711 1332 738 existimo:
1355 711 1495 738 moderate
1518 717 1583 738 vero
1599 711 1750 744 vindicare,
1775 712 1821 746 jus

190 748 220 774 τὸ
229 748 258 774 δὲ
273 748 411 783 ἀμέτρως,
425 750 585 785 παράνομον
597 751 645 776 καὶ
662 751 812 786 ἀλιτήριον,
829 751 929 786 μᾶλλον
949 751 973 778 δὲ

1034 754 1131 790 fasque
1159 760 1202 784 est
1217 761 1297 791 alque
1315 756 1474 784 humanum.
1491 756 1625 784 Caeterum
1644 757 1824 785 immoderate

189 793 349 819 διαδολικόν.
367 793 485 826 Πολλοὺς
503 795 558 830 (60)
585 797 640 829 γὰρ
660 795 740 831 ἄρξαι
757 796 857 831 χειρῶν
879 797 973 824 ἀδίκωι

1036 799 1144 833 ulcisci,
1165 800 1191 827 id
1205 800 1314 827 detnum
1330 800 1406 828 nefas
1422 801 1454 828 ac
1471 801 1567 829 sceleri
1588 801 1678 834 aliine,
1702 803 1755 829 imo
1768 803 1823 830 dia<

192 837 228 873 μὴ
243 837 348 870 πείσας,
366 838 405 873 τῷ
429 839 512 874 δήλην
538 836 608 866 εἶναι
628 839 676 875 τὴν
695 841 842 876 ἁμαρτίαν,
867 841 911 868 διὰ
933 841 973 868 τοῐ

1034 843 1163 871 bolicum.
1179 843 1254 871 Multi
1270 845 1341 872 ettim
1359 845 1429 880 quod
1443 846 1534 880 pravis
1548 853 1628 880 atque
1644 847 1753 882 injustis
1768 848 1819 875 im—

190 883 315 918 ἀμέτρως
332 884 468 917 ἐπεξιέναι
478 886 518 917 εἰς
529 885 559 912 τὸ
575 885 630 912 τῶν
645 886 840 922 καταρξάντων
853 886 973 922 ἔγκλημα

1035 890 1168 924 pcrarint,
1185 890 1211 916 in
1228 890 1401 918 manifestum
1419 890 1572 918 inciderunt
1587 898 1738 927 peccatum,
1756 893 1820 928 quia

193 930 383 966 περιέστησεν.
406 931 434 957 '0
451 931 505 966 γὰρ
523 932 657 959 ἐκϐαίνων
679 933 733 960 τῶν
754 933 932 970 ἀδικημάτων
949 934 973 960 τὶ

1035 935 1178 962 immodice
1190 935 1359 964 subditorum
1371 937 1475 965 crimen
1489 937 1675 965 vindicarunt.
1685 939 1734 971 Qui
1747 939 1820 966 enim

191 976 299 1011 μέτρον,
317 977 363 1003 καὶ
380 977 492 1012 μείζους
508 978 561 1004 τῶν
580 978 768 1006 πταισθέντων
789 979 915 1006 ἀπαιτῶν
929 979 973 1012 τὰς

1035 980 1144 1007 modum
1161 981 1267 1008 excedit
1277 981 1404 1016 justitim,
1419 986 1446 1009 et
1460 983 1600 1017 graviores
1619 991 1634 1010 a
1650 983 1820 1019 delinquen-

187 1022 265 1054 δίκας
275 1043 282 1056 ,
299 1024 322 1049 εἰ
338 1024 386 1050 καὶ
399 1023 474 1051 δοκεῖ
495 1024 608 1057 δικαίως
620 1026 811 1061 πεποιηκέναι,
830 1027 871 1057 εὶς
885 1026 916 1052 τὸ
931 1025 973 1053 τοῐ

1034 1025 1106 1053 tibus
1118 1034 1212 1061 ptenas
1229 1027 1324 1062 exigit,
1343 1027 1450 1055 tametsi
1470 1028 1545 1062 juste
1569 1027 1665 1055 fecisse
1686 1028 1819 1061 videatur,

188 1068 217 1101 ἐξ
231 1069 318 1104 ἀρχῆς
341 1069 520 1105 ἀδικήσαντος
546 1069 580 1105 (εί
597 1070 645 1096 καὶ
657 1071 810 1106 παράδοξον
823 1070 893 1098 εἶναι
908 1071 973 1103 δόξει

1034 1071 1060 1098 in
1074 1070 1143 1106 ejus,
1159 1072 1204 1106 qui
1219 1071 1296 1099 initio
1313 1072 1374 1107 (etsi
1388 1072 1467 1099 fidem
1480 1073 1622 1105 excedere,
1635 1074 1705 1108 quod
1721 1073 1820 1106 dicam,

187 1114 218 1141 τὸ
242 1114 464 1150 λεχθησόμενον),
491 1117 667 1151 περιίσταται
683 1116 828 1153 ἔγκλημαο
851 1117 973 1152 δεύτερος

1033 1115 1168 1147 videatur)
1184 1115 1292 1152 cuipam
1305 1116 1409 1150 incidit,
1426 1117 1549 1145 secundo
1562 1117 1689 1152 iniuriam
1708 1118 1782 1146 facit.

187 1159 241 1195 γὰρ
254 1160 334 1195 ἄρχει
348 1161 428 1188 πάλιν
442 1161 510 1196 (61).

270 1215 351 1243 ΣΑΓι.
375 1231 410 1236 -
424 1216 636 1253 ΘΕΟΠΕΜΠΤῼ
652 1217 888 1254 ΠΡΕΣΒΥΤΕΡῼ.

1066 1217 1232 1247 CCXXXIII.
1249 1233 1285 1238 —
1308 1217 1520 1247 TIIEOPOMI’O
1543 1217 1780 1247 PRESBYTERO.

562 1263 635 1299 Opus
649 1273 728 1299 quant
746 1266 832 1292 oratio
852 1265 936 1300 magis
964 1269 1056 1292 movet.
1074 1264 1166 1299 (Conf.
1182 1273 1255 1300 supr.
1275 1266 1353 1300 epist.
1370 1265 1447 1301 215.)

223 1315 307 1343 Ὅταν
325 1316 376 1352 μὲν
386 1317 464 1352 λόγος
477 1317 559 1353 ἔργου
574 1317 689 1356 χηρεύῃ,
702 1319 732 1345 οὐ
746 1319 826 1354 μόνον
839 1319 890 1345 οὐκ
906 1319 973 1353 ὠφε-

1070 1318 1185 1352 Quando
1198 1327 1280 1355 opere
1294 1324 1370 1347 caret
1380 1319 1480 1352 oratio,
1493 1326 1545 1347 non
1562 1320 1642 1347 modo
1656 1319 1722 1347 nihil
1735 1321 1816 1355 prod-

186 1362 237 1396 λετ,
251 1362 316 1389 ἀλλὰ
331 1363 376 1389 καὶ
399 1363 519 1398 ἐνοχλεῖν
541 1364 620 1390 εἴωθε
645 1365 708 1396 τοὺς
723 1364 872 1396 ἀκούοντας
883 1373 889 1379 ’
912 1365 973 1391 ὅταν

1032 1369 1084 1398 est,
1097 1365 1145 1392 sed
1169 1369 1196 1392 et
1219 1365 1384 1393 conturbare
1400 1372 1432 1392 ac
1449 1365 1566 1401 fatigare
1589 1365 1726 1393 auditores
1750 1373 1817 1393 con-

185 1407 213 1434 δε
229 1407 308 1444 ἔργον
321 1408 401 1443 λόγου
424 1409 528 1444 ἔρημον
553 1409 609 1445 εἴη,
633 1410 768 1437 δυσωπεῖν
792 1411 897 1445 πέφυκε
913 1412 973 1442 τοὺς

1032 1410 1132 1436 suevit.
1147 1409 1217 1437 Cum
1235 1418 1300 1437 vero
1313 1418 1382 1445 opus
1397 1411 1522 1438 oratione
1542 1414 1622 1438 vacat
1646 1410 1754 1438 ﬂectere
1768 1419 1818 1446 pu-

187 1453 354 1489 θεωμένους.
380 1455 411 1481 El
437 1454 465 1480 δὲ
484 1455 531 1482 καὶ
547 1455 630 1489 ἄμφω
642 1455 774 1491 συμϐαίη,
801 1457 848 1483 καὶ
872 1458 885 1483 ὁ
898 1456 973 1490 λόγος

1030 1456 1178 1490 doremquc
1192 1456 1261 1483 solet
1272 1457 1395 1483 incutere
1407 1457 1608 1492 spectantibus.
1620 1456 1648 1484 Si
1662 1457 1742 1484 ambo
1752 1465 1818 1484 con-

187 1500 240 1527 ὑπὸ
263 1501 312 1536 τῆς
338 1501 466 1537 πράξεως
487 1502 650 1538 κοσμηθείη,
665 1502 695 1529 τὸ
716 1502 867 1538 τηνικαῦτα
891 1503 973 1538 πολλὴ

1029 1506 1151 1535 currant,
1174 1507 1202 1529 et.
1214 1502 1303 1530 oratio
1321 1503 1356 1530 ab
1368 1504 1476 1530 actione
1488 1507 1613 1535 ornetur,
1634 1507 1697 1530 tunc
1719 1511 1816 1538 magna

187 1546 308 1578 ἐπίδοσις
322 1546 400 1575 ἔσται
411 1548 467 1579 τοῖς
478 1548 631 1583 φοιτηταῖς,
649 1549 674 1575 εἰ
687 1548 859 1584 εὐγνώμονες
872 1546 937 1576 εἷεν.

1029 1547 1059 1574 fit
1075 1547 1282 1581 accedentibus,
1301 1548 1323 1574 si
1337 1548 1416 1576 modo
1434 1547 1502 1583 aequi
1521 1547 1632 1581 fuerint,
1648 1555 1680 1576 ac
1694 1548 1815 1584 benigni,

437 1651 518 1678 ΣΑΔν.
534 1665 570 1671 -
583 1650 721 1686 tarum.

1030 1593 1152 1621 accessio
1167 1601 1200 1621 ac
1212 1593 1329 1620 lucrum.

1187 1648 1267 1684 631
1284 1647 1449 1676 CCXXXIV.
1465 1664 1500 1668 —
1519 1648 1656 1677 ALYPIO.

327 1697 359 1725 In
373 1697 483 1724 ulterius
500 1697 595 1724 erratis
624 1697 862 1724 animadvertendis
877 1697 962 1732 lyntei
977 1704 1079 1727 sumus,
1094 1696 1120 1722 in
1136 1696 1236 1722 nostris
1255 1695 1345 1729 talpte.
1360 1694 1461 1722 Contra
1478 1695 1506 1722 in
1522 1695 1672 1723 virtutibus.

221 1761 289 1789 Δίαν
307 1760 449 1797 θαυμάζω,
471 1760 529 1793 πῶς
547 1760 601 1788 τῶν
618 1760 669 1795 μὲν
682 1760 787 1795 ἑτέροις
808 1761 974 1796 πεπλημμε-

186 1807 311 1843 λημένων
325 1808 372 1834 καὶ
397 1807 632 1842 ἁμαρτανομένων
651 1806 746 1841 πικροὶ
768 1806 913 1842 καθήμεθα
934 1807 974 1834 δι-

187 1854 295 1886 κασταὶ,
311 1854 346 1880 τὰ
366 1853 395 1880 δὲ
415 1853 519 1880 ἑαυτῶν
541 1852 712 1887 πταίσματα,
728 1852 895 1888 συγγνώμης
915 1853 979 1880 ὄντα

187 1899 319 1931 πολλάκις
332 1899 455 1934 μείζονα,
473 1899 655 1934 παρορῶμεν·
678 1898 726 1925 καὶ
745 1899 808 1935 περὶ
823 1899 873 1934 μὲν
891 1899 925 1926 τὰ
938 1900 978 1926 οἰ-

187 1947 247 1973 κεῖα
257 1945 461 1981 ⁴τυφλώττομεν,
484 1944 518 1971 τὰ
534 1944 562 1971 δὲ
577 1943 632 1971 τῶν
650 1943 737 1976 πέλας
751 1943 836 1976 ὀξέως
850 1944 958 1980 ὁρῶμεν
968 1953 976 1960 ·

191 1991 238 2018 ἐπ).
253 1991 281 2018 δὲ
296 1991 349 2018 τῶν
365 1990 587 2026 κατορθωμάτων
601 1989 757 2016 τούναντίον
776 1989 929 2025 πάσχομεν,
945 1989 978 2016 τὰ

188 2037 236 2073 μὲν
257 2037 312 2072 γὰρ
339 2039 438 2069 οἰκεῖα,
461 2036 511 2063 κᾶν
531 2035 617 2072 μικρὰ
641 2033 720 2072 ᾖκαὶ
737 2036 844 2071 εὐτελῆ,
869 2035 974 2071 μεγάλα

187 2083 328 2117 φαίνεται·
354 2084 387 2110 τὰ
401 2083 430 2110 δὲ
455 2081 510 2109 τῶν
533 2081 658 2117 πλησίον,
681 2081 733 2108 κᾶν
756 2082 861 2118 μεγάλα
926 2082 975 2109 καὶ

187 2127 345 2164 θαυμαστὰ,
370 2128 457 2164 μικρὰ
478 2128 525 2155 καὶ
549 2127 650 2162 φαῦλα.
667 2125 750 2163 Οἶμαι
774 2127 874 2160 τοίνυν,
900 2127 972 2163 ὅτιή

186 2173 314 2208 φιλαυτία
327 2174 429 2202 τούτων
441 2175 515 2202 αῐτία
529 2174 709 2209 καθέστηκεν,
725 2175 741 2209 ὴ
757 2174 807 2209 τὴν
821 2173 904 2210 ὀρθὴν
917 2174 973 2210 (62)

1063 1760 1227 1795 Magnopcre
1240 1758 1363 1794 equidem
1380 1751 1512 1792 admiror,
1527 1767 1576 1788 cur
1591 1760 1617 1787 in
1640 1760 1755 1787 aliorum
1771 1767 1814 1788 er-

1027 1812 1085 1835 rata
1098 1806 1251 1841 delictaque
1263 1805 1351 1833 severi
1361 1805 1467 1839 judices
1477 1806 1630 1840 sedeamus,
1643 1811 1734 1834 nostra
1749 1814 1814 1834 vero

1026 1857 1149 1887 peccata,
1161 1852 1264 1886 majora
1282 1858 1480 1886 saepenumero,
1496 1859 1576 1886 quam
1592 1857 1619 1879 ut
1636 1853 1741 1879 veniam
1757 1860 1815 1879 me-

1028 1903 1150 1932 reantur,
1169 1898 1347 1933 negligamus.
1366 1897 1400 1924 Et
1415 1898 1449 1925 ad
1468 1903 1561 1926 nostra
1576 1899 1682 1933 quidem
1703 1899 1815 1926 ca-euti-

1027 1951 1087 1972 mus
1104 1943 1180 1977 vitia,
1197 1944 1230 1971 ad
1247 1943 1363 1970 aliorum
1378 1950 1443 1971 vero
1467 1950 1510 1971 res
1532 1948 1639 1971 acutum
1658 1944 1809 1971 cernimus.

1027 1990 1128 2018 Contra
1147 1996 1213 2017 vero
1237 1989 1264 2016 in
1287 1994 1360 2016 recte
1384 1988 1464 2017 factis
1489 1989 1566 2016 nobis
1588 1990 1688 2018 evenit.
1713 1989 1812 2018 Nostra

1027 2036 1112 2069 enim,
1128 2035 1179 2063 etsi
1201 2042 1283 2070 parva
1300 2035 1356 2062 sint
1376 2039 1403 2061 et.
1425 2034 1506 2062 exilia
1519 2054 1526 2068 ,
1550 2035 1662 2070 grandia
1681 2035 1758 2062 nobis
1775 2035 1815 2062 vi-

1028 2083 1126 2109 dentur
1138 2091 1145 2115 ;
1157 2081 1273 2117 proximi
1289 2088 1355 2108 vero
1370 2080 1453 2113 bona,
1469 2081 1595 2116 quamvis
1610 2088 1705 2117 magna
1723 2086 1751 2108 et
1762 2079 1814 2106 ad-

1028 2128 1162 2160 miranda,
1182 2135 1263 2162 parva
1281 2131 1307 2154 et
1322 2126 1425 2154 exilia:
1450 2134 1527 2153 amor
1551 2127 1622 2154 enim
1647 2126 1687 2154 sui
1707 2130 1811 2153 rectum

1028 2172 1175 2200 labefactat
1200 2171 1406 2205 corrumpitque
1430 2170 1573 2205 judicium,
1604 2177 1686 2206 atque
1714 2171 1811 2198 iisdem

737 2252 852 2280 VARIZE
872 2251 1068 2280 LECTIONES
1087 2250 1131 2278 ET
1150 2250 1268 2279 ΝΟΤΑΞ.

226 2328 277 2365 (59)
294 2330 333 2356 Δι’
347 2329 388 2364 ἦν
403 2330 500 2357 αἰτίαν
516 2330 566 2357 ἐπὶ
584 2330 679 2364 γήρως
700 2329 778 2362 οὐδῷ
792 2329 970 2363 νεωτερίζοιε-

186 2365 248 2397 τοῖς
263 2365 455 2399 ἀδικήμασιν.
471 2366 574 2400 Γήραος
583 2365 661 2400 οὐδῷ,
675 2372 782 2391 senecta:
797 2365 875 2392 limen
889 2373 898 2391 :
911 2366 968 2392 Ho-

187 2400 316 2426 mericum
334 2406 374 2427 est
390 2399 558 2434 proverbium
584 2400 680 2434 Odyss.
709 2400 741 2431 0,
767 2407 837 2426 vers.
863 2399 916 2426 246
941 2404 968 2426 et

186 2434 248 2466 547,
262 2440 288 2461 et
302 2435 340 2466 Ψ,
360 2443 383 2462 v.
398 2435 468 2467 21:2;
486 2434 566 2461 Iliad.
587 2435 621 2466 X,
640 2442 665 2460 ν.
686 2434 730 2465 60,
746 2439 772 2460 et
785 2434 867 2461 Iliad.
889 2435 919 2464 Ω,
939 2442 966 2461 v.

186 2469 249 2496 487.
272 2469 360 2496 Utitur
375 2469 504 2504 Ilerodot.
518 2469 610 2495 'l'ltalin
623 2477 632 2495 :
651 2469 695 2500 Ἐς
717 2469 839 2504 πτωχίαν
853 2470 969 2503 ἀφῖκται

186 2504 230 2530 ἐπὶ
246 2505 349 2538 γήραος
372 2504 457 2539 οὐδῷ,
476 2503 508 2530 In
533 2505 622 2530 limine
645 2509 753 2531 senecta?
774 2505 807 2530 ad
832 2509 969 2539 egestatem

187 2541 309 2565 pervenit.
322 2539 442 2566 Catullus
459 2539 492 2564 ad
510 2539 650 2565 Manlium.

273 2583 306 2610 Et
323 2594 338 2611 a
357 2585 447 2611 mortis
461 2585 550 2611 limine
564 2585 709 2611 restituant.

187 2629 328 2692 Ilfgcretius
340 2638 447 2666 quoque
462 2631 568 2665 saepem
577 2631 667 2658 limine
676 2631 720 2658 leti
731 2630 799 2658 dixit
814 2638 862 2664 pro
875 2635 973 2658 morte.

198 2673 203 2691 ι
226 2685 233 2692 .
254 2673 283 2692 ιι.

198 2673 233 2692 Ιυ.
254 2673 283 2692 Ιι.

277 2710 346 2737 Nam
360 2719 442 2746 quare
461 2712 557 2746 potius,
572 2711 616 2738 leti
629 2715 687 2746 jam
702 2711 791 2738 limine
804 2711 836 2738 ab
848 2711 902 2745 ipso

275 2746 313 2772 At!
329 2748 408 2773 vitam
421 2747 522 2780 possint
533 2746 652 2774 conlecta
664 2751 748 2773 mente
764 2747 865 2774 reuerti.

188 2791 220 2818 Et
232 2791 278 2818 lib.
297 2799 323 2818 vt
340 2799 347 2818 :

222 2836 254 2862 Et
270 2837 340 2863 omni
355 2838 495 2872 languebat
511 2846 604 2874 corpus
627 2837 672 2866 leti
686 2838 744 2873 jam
760 2837 849 2865 limine
865 2837 892 2864 in
906 2837 972 2872 ipso.

188 2882 258 2910 Idem
279 2883 368 2910 statim
384 2894 392 2913 ε

1076 2329 1110 2356 Ει
1126 2331 1241 2364 graviter
1255 2330 1352 2363 partim
1368 2334 1510 2358 metuentes
1524 2329 1616 2357 limina
1632 2329 1685 2357 leti.

1059 2375 1090 2402 Et
1106 2375 1174 2402 alius
1188 2380 1265 2410 poeta
1287 2376 1371 2403 vrimo
1388 2377 1416 2403 in
1441 2376 1532 2403 limine
1552 2375 1611 2402 vitae
1627 2383 1676 2410 pro
1696 2375 1809 2402 infantia

1022 2410 1099 2437 dixit.

1022 2455 1151 2483 Juvenari
1166 2461 1256 2484 autem
1272 2456 1418 2483 Ileratiana
1433 2464 1483 2484 vox
1497 2456 1523 2483 in
1537 2456 1600 2483 Arte
1610 2457 1711 2490 poetica

1023 2502 1074 2528 Aut
1095 2502 1216 2529 nimirum
1240 2503 1335 2529 teneris
1356 2503 1514 2536 juveuentur
1537 2502 1652 2530 uersibus
1680 2509 1804 2534 unquam,

1024 2548 1095 2582 quod
1111 2553 1150 2574 est
1167 2547 1314 2574 νεανιεύειν
1335 2553 1363 2574 ιιι
1383 2549 1426 2575 hic
1440 2549 1620 2582 νεωτερίζειν,
1642 2546 1711 2582 quod
1728 2547 1809 2574 etiam

1026 2583 1132 2615 capitur
1147 2583 1221 2608 rebus
1236 2583 1341 2609 studere
1360 2584 1442 2610 novis.
1461 2584 1580 2610 Scuorr.

1062 2617 1118 2652 (60)
1138 2617 1254 2648 Πολλοὺς
1279 2618 1400 2645 breviuttt
1423 2618 1447 2644 in
1469 2618 1565 2644 πολλοῦ
1584 2617 1661 2644 codd.
1681 2615 1741 2643 Val.
1758 2616 1811 2644 650

1025 2657 1053 2680 et
1065 2652 1118 2679 Alt.
1132 2652 1236 2680 Possm.

1063 2687 1120 2728 (61)
1137 2687 1196 2728 _lloe
1206 2693 1261 2719 est,
1273 2686 1449 2728 qui_tnajores
1461 2687 1534 2728 justo
1547 2686 1747 2728 pcelnas'exigit,
1762 2686 1812 2726 ite-

1026 2729 1085 2749 rum
1108 2722 1211 2757 injuriae
1227 2723 1362 2750 secundus
1386 2727 1480 2748 auctor
1497 2726 1539 2748 est
1554 2729 1560 2748 :
1575 2722 1686 2748 alterius
1706 2722 1811 2753 Iniuriae

1025 2758 1071 2784 dat
1088 2756 1259 2791 principium.
1274 2757 1408 2789 Explicat,
1424 2757 1493 2790 quod
1505 2758 1561 2790 jam
1574 2757 1653 2787 dixit,
1671 2765 1680 2781 ι
1699 2756 1725 2782 iu
1740 2756 1809 2789 ejus,

1024 2793 1069 2827 qui
1085 2800 1099 2818 a
1119 2792 1251 2827 principio
1265 2792 1397 2827 peccavit,
1411 2791 1537 2818 delictum
1551 2792 1653 2827 incidit.
1668 2791 1808 2827 »βωιυτικ

1060 2827 1116 2862 (62)
1133 2827 1180 2853 Ed.
1203 2826 1288 2853 Paris.
1307 2826 1353 2853 καὶ
1377 2826 1546 2862 θαυμασταί
1555 2826 1638 2860 ὀρθὴν
1660 2826 1731 2862 των,
1756 2831 1809 2853 etc.

1024 2860 1130 2889 Lacuna
1150 2862 1288 2896 suppletur
1301 2869 1332 2888 ex
1347 2862 1406 2888 cod.
1422 2860 1479 2888 Vat.
1501 2860 1552 2889 650
1567 2866 1593 2888 et
1609 2862 1663 2888 Alt.
1679 2860 1756 2887 Ειιιτ.
