2049 3162
190 165 258 198 ΜΠ

664 167 929 198 EPISTULARUM
950 167 1022 198 LIB.
1044 169 1080 198 V.
1101 181 1135 186 --
1154 168 1275 199 EPIST.
1296 168 1416 200 CCXLI.

1746 165 1813 198 1478

190 222 343 257 γέγραφας,
358 221 408 248 οὐκ
425 223 466 254 εις
486 223 645 260 ἀποτροπὴν
658 223 760 259 ἀρετῆς
781 223 908 259 εἰρῆσθαι
932 232 974 250 νο-

1029 225 1093 258 pati,
1113 233 1122 250 ι
1145 232 1198 252 non
1221 224 1254 252 ad
1285 225 1454 253 evocandum
1478 231 1494 251 a
1516 224 1624 255 virtute,
1648 227 1677 250 ut
1691 223 1804 255 scribis,

192 267 300 303 μιστέον
313 275 321 284 ο
336 267 368 293 οὺ
383 267 437 302 γὰρ
449 267 492 294 ἵνα
507 269 547 300 εἰς
564 269 665 296 κακίαν
682 269 827 305 βαδίσοιεν,
846 268 883 300 ὡς
897 268 975 303 ἔφης,

189 314 213 339 οι
237 312 423 347 ἀκροώμενον
440 312 499 339 ἀλλ’
524 314 568 340 ἵνα
594 315 635 345 είς
661 314 820 349 φιλοσοφίαν
840 315 977 349 ὲναχθεῖεν

190 358 307 394 εἴρηται.
326 358 364 384 υύ
378 359 432 394 γὰρ
445 360 539 394 ἐπειδὴ
552 359 660 391 πάντως
674 359 862 396 λοιδορηθῆναι
882 360 978 387 δεῖκαὶ

190 403 234 428 τὸν
249 400 278 429 εὖ
297 402 416 437 βιοῦντα,
433 403 483 439 τὴν
499 404 596 440 ἡδονὴν
611 404 734 440 αἱρετέον
745 413 752 420 ο
772 405 830 432 ἀλλ’
848 405 889 432 ὅτι
909 405 977 432 πάν-

190 451 241 480 τως
253 448 305 475 ὑπὸ
324 448 379 475 τῶν
397 449 525 485 πονηρῶν
537 450 601 481 τοὺς
617 449 745 485 ἀρίστους
761 450 977 485 κακηγορεῖσθαι

190 492 342 527 συμϐαίνει,
371 493 575 529 φιλοσοφητέον.
603 494 716 530 Ἐρρέθη
734 494 789 530 γὰρ
807 495 856 521 οὐκ
882 495 921 526 είς
947 495 977 521 τὸ

194 539 291 572 φυγεῖν
304 539 415 574 ἀρετὴν,
429 539 497 566 ἀλλὰ
514 539 582 574 πρὸς
596 539 626 566 τὸ
639 540 702 571 τοὺς
717 539 867 570 ἀσκοῦντας
881 536 983 575 αὐτὴν]

189 582 388 618 κακιζομένους
407 585 579 618 φιλοσοφεῖνν
594 585 608 610 ὁ
625 584 680 619 γὰρ
704 584 801 619 φθόνος
824 584 916 616 αὐτοῖς
932 585 978 611 ἀν-

189 628 433 663 τιστρατευόμενος
450 629 643 665 κωμῳδεῖσθαι
657 630 756 661 αὐτοὺς
773 629 902 662 πολλάκις
925 631 976 658 πά-

190 673 364 708 ρασκευάζει.
383 674 512 709 ’Ἄμεινον
527 672 584 708 οὖν,
611 675 636 700 et
654 674 762 706 πάντως
789 674 976 710 λοιδορηθῆναι

189 719 238 752 δεῖ,
253 720 353 751 ἀδίκως
375 716 448 746 τοῦθ’
465 721 627 756 ὑπομεῖναι·
645 721 675 748 τὸ
695 721 750 755 γὰρ
769 721 892 753 δικαίως,
920 722 976 752 τοῖς

190 766 318 800 πονηροῖς
333 765 474 800 πρόσεστι.

464 818 546 845 mea
566 833 600 839 —
615 819 739 855 ΠΕΤΡῼ.

1030 276 1189 305 usurpatum
1209 278 1272 298 esse
1283 270 1495 299 existimandum
1512 274 1554 298 est
1570 278 1576 296 ε
1594 277 1681 304 neque
1695 273 1725 296 ut
1747 269 1813 296 illud

1031 314 1184 347 audientes,
1205 316 1244 343 uti
1254 316 1360 348 aiebas,
1372 316 1483 343 malitiae
1495 322 1556 343 sese
1569 316 1677 348 dedam,
1698 315 1745 342 sed
1766 323 1814 349 po-

1030 359 1082 386 tius
1098 364 1128 386 ut
1142 360 1174 387 ad
1192 360 1404 395 philosophicam
1420 368 1450 388 se
1472 361 1614 388 conferant
1629 361 1726 392 vitam,
1752 360 1813 386 ideo

1029 405 1142 432 dictum.
1166 404 1225 432 Non
1254 405 1326 432 enim
1350 405 1412 440 quia
1433 406 1543 433 omnino
1568 406 1697 433 conviciis
1717 405 1813 439 impvti

1032 453 1138 484 oportet
1163 453 1239 476 recte
1259 449 1390 482 viventes,
1413 449 1536 484 voluptas
1557 455 1599 477 est
1616 450 1812 484 amplectenda,
1833 444 1840 452 “

1030 494 1076 522 sed
1090 494 1155 529 quia
1170 493 1204 521 ab
1215 493 1346 528 improbis
1358 494 1475 528 optimos
1488 495 1606 522 accusati
1624 495 1733 522 omnino
1749 502 1814 521 con-

1032 540 1122 574 tingit,
1139 539 1385 574 philosophandum
1401 543 1452 565 est.
1472 539 1578 566 Dictum
1597 540 1669 566 enim
1690 545 1740 572 est,
1761 547 1812 566 non

1035 590 1064 612 ut
1080 586 1166 612 virtus
1180 584 1309 620 fugiatur,
1327 584 1373 612 sed
1390 588 1419 611 ut
1432 590 1491 610 eam
1505 589 1663 612 exercentes
1679 585 1747 612 male
1761 593 1815 611 ac—

1027 631 1099 665 capti
1115 629 1476 666 philosophentur._lnvidia
1498 629 1569 656 enim
1588 636 1636 657 eos
1656 637 1815 664 oppugnans

1028 676 1093 704 facit
1106 685 1161 705 non
1182 685 1256 709 raro,
1273 681 1302 704 ut
1319 675 1566 711 reprehendantur.
1589 674 1702 702 Praestat
1721 676 1814 708 itaque

1027 724 1048 750 si
1065 723 1199 750 conviciis
1214 722 1325 750 omnino
1344 721 1454 750 obnoxii
1469 728 1574 753 sumus,
1590 720 1689 754 injuste
1712 720 1738 746 id
1753 727 1815 754 pcr-

1027 768 1092 802 peti.
1124 767 1203 796 Juste
1224 768 1296 795 enim
1323 767 1494 802 reprehendi,
1520 766 1647 794 convenit
1673 766 1814 801 improbis.

1239 819 1406 849 CCXXXIX.
1422 835 1458 840 -——
1477 818 1602 846 PETRO.

591 864 710 892 lla’reses
724 868 771 892 aut
784 873 817 891 ex
826 865 977 897 ambitione,
995 871 1040 893 aut
1050 874 1082 894 ea:
1091 867 1235 900 pertinacia
1251 872 1403 894 nascuntur.

227 919 261 944 Ἢ
285 918 318 944 ἐκ
341 918 498 953 φιλαρχίας,
515 915 602 954 οἶμαι,
627 919 643 954 ἢ
671 919 703 945 ὲκ
730 918 902 954 προλήψεως,
930 919 977 946 δύο

1063 921 1103 948 Ex
1120 921 1277 949 dominandi
1304 921 1426 955 libidine,
1447 926 1473 949 et
1495 925 1659 956 prmsumpta
1675 920 1813 955 opinione,

188 964 446 998 δυσκαταγωνίστων
456 963 561 998 παθῶν,
577 964 626 996 τὰς
639 964 760 1000 αἱρέσεις
770 965 896 999 τετέχθαι
908 965 975 1001 (65)”

189 1010 220 1035 οι
240 1010 288 1044 μὲν
302 1009 356 1045 γὰρ
378 1010 407 1036 ὲν
421 1010 478 1040 τοῖς
492 1009 623 1044 ὑπηκόοις
639 1010 676 1045 μὴ
698 1009 864 1042 ἀξιώσαντες
886 1009 976 1045 εἶναι,

188 1055 213 1081 οἱ
226 1054 254 1080 δὲ
270 1054 339 1089 μετὰ
359 1054 390 1080 τὸ
411 1054 610 1090 προληφθῆναι,
627 1055 782 1090 διδαχθῆναι
807 1055 844 1090 μὴ
862 1056 976 1082 καταδε-

189 1099 311 1134 ξάμενοι,
339 1099 474 1134 νεωτέρας
496 1100 672 1131 διδασκαλίας
699 1100 845 1136 σπέρματα
864 1101 977 1128 καταϐε-

189 1145 314 1179 ϐλήκασι,
328 1146 384 1177 τοῖς
397 1144 593 1181 καθεστηκόσιν
609 1146 738 1181 ἐμμεῖναι
751 1146 789 1182 μὴ
799 1146 972 1180 ἀξιώσαντες.

329 1246 394 1274 ΣΜ’,
410 1261 444 1266 -
458 1246 565 1282 Nemo
584 1247 813 1283 ΣΧΟΛΑΣΊῚΚῼ.

1029 965 1134 994 duabus
1147 974 1218 1001 aegre
1232 967 1357 1002 superari
1372 967 1461 994 solitis
1473 965 1672 1000 directionibus,
1692 966 1814 994 haereses

1028 1016 1100 1039 natae
1114 1016 1187 1040 sunt.
1215 1011 1354 1047 Siquidem
1374 1012 1473 1047 partim
1499 1012 1614 1046 subjecti
1639 1019 1700 1039 esse
1724 1012 1815 1039 detre-

1029 1061 1146 1089 ctantes,
1171 1057 1270 1092 partim
1297 1065 1363 1085 vero
1389 1062 1450 1092 post
1470 1061 1685 1091 prmoccupatam
1705 1056 1813 1091 opinio-

1029 1109 1091 1129 nem
1108 1101 1317 1129 instructionem
1335 1107 1505 1137 respuentes,
1524 1109 1602 1129 novae
1619 1102 1750 1129 doctrinae
1772 1109 1815 1128 se-

1036 1148 1107 1174 mina
1131 1147 1245 1180 jaciunt,
1269 1152 1429 1175 recusantes
1449 1147 1533 1175 semel
1556 1151 1630 1175 recte
1654 1147 1812 1175 constitutis

1029 1193 1162 1221 inhmrere
1177 1194 1356 1229 dogmatibus.

1165 1248 1265 1276 CCXL.
1278 1263 1314 1268 —
1330 1248 1409 1276 MLO
1424 1248 1671 1276 SCHOLASTICO.

508 1291 635 1318 Virtutem
647 1291 957 1327 doctrimt'jungendum.
974 1291 1055 1320 Fides
1070 1299 1092 1320 et
1114 1301 1201 1327 opera.
1221 1294 1312 1328 (Supr.
1328 1295 1402 1327 epist.
1425 1293 1497 1328 162.)

223 1346 332 1382 Τυφλδς
348 1347 398 1382 μὲν
413 1348 427 1374 ὁ
441 1348 496 1373 τῶν
513 1347 617 1382 ἀρετῶν
631 1348 721 1383 χορὸς,
744 1347 825 1382 ὀρθοῦ
848 1348 885 1382 μὴ
908 1348 974 1375 καθ-

189 1393 343 1428 ηγουμένου
360 1393 512 1428 δόγματος·
533 1393 617 1428 ἀργὸν
639 1393 668 1420 δὲ
690 1393 738 1419 καὶ
759 1393 789 1419 τὸ
803 1393 882 1429 ὀρθὸν
904 1393 972 1420 καθ-

190 1438 344 1473 ηγούμενον
351 1439 450 1474 δόγμα,
460 1439 484 1465 εί
495 1440 508 1465 ὁ
516 1439 570 1465 τῶν
579 1439 684 1474 ἀρετῶν
694 1439 774 1475 χορὸς
787 1438 974 1474 ἀπολειφθείηο

189 1485 214 1510 εἰ
227 1484 255 1510 δὲ
274 1484 303 1511 τὸ
321 1485 370 1519 μὲν
384 1486 531 1520 κορυφαῖον
546 1484 715 1520 ταξιαρχοίη,
741 1486 768 1511 αἱ
782 1485 810 1511 δὲ
823 1484 973 1520 χορεύοιεν,

190 1531 271 1557 παντὶ
286 1531 379 1566 τρόπῳ
404 1532 418 1557 ὁ
434 1530 514 1567 χορὸς
530 1531 719 1567 στεφθήσεται,
737 1531 774 1563 ὼς
792 1531 916 1565 νομίμως
929 1531 974 1558 τὸν

189 1575 282 1610 ἀγῶνα
296 1575 408 1608 διαθείς.

278 1619 280 1622 ’
434 1631 524 1658 mw.
543 1644 578 1651 -
596 1631 639 1666 To
659 1631 759 1666 ΛΥΤῼ.

1063 1346 1158 1374 Caecus
1171 1348 1279 1382 quidem
1294 1353 1334 1375 est
1346 1349 1476 1376 virtutum
1499 1349 1598 1376 chorus
1612 1355 1665 1376 non
1679 1353 1752 1376 recta
1765 1349 1815 1376 do-

1029 1393 1116 1419 ctrina
1137 1393 1251 1420 imbuto.
1278 1393 1373 1421 Otiosa
1394 1394 1513 1422 vicissim
1537 1398 1613 1422 recta
1638 1394 1762 1422 doetrina
1781 1401 1815 1422 ea

1030 1437 1165 1470 instituto,
1186 1437 1237 1464 nisi
1255 1437 1386 1465 virtutum
1404 1438 1518 1466 chorum
1532 1439 1687 1466 comitetur.
1701 1439 1730 1466 Si
1745 1445 1812 1466 vero

1030 1483 1152 1510 doctrina
1170 1484 1284 1511 chorum
1302 1484 1386 1511 veluti
1412 1484 1511 1516 ducat,
1530 1483 1700 1518 virtutesque
1718 1483 1814 1511 subse-

1028 1535 1158 1564 quantur,
1175 1530 1270 1564 quavis
1287 1530 1392 1557 ratione
1407 1530 1508 1557 chorus
1523 1530 1710 1563 coronabitur,
1725 1535 1754 1558 ut
1772 1529 1812 1558 le-

990 1567 1013 1597 C
1028 1575 1122 1611 gitime
1137 1580 1245 1610 peracto
1256 1576 1415 1603 certamine.

1272 1630 1385 1658 CCXLI.
1404 1645 1438 1650 —-
1454 1630 1573 1658 EIDEM.

381 1688 462 1714 Deum
475 1695 526 1714 non
541 1687 617 1714 modo
631 1687 801 1720 adulterium,
819 1687 864 1714 sed
879 1687 1087 1721 fornicationem,
1105 1693 1129 1714 et
1146 1696 1220 1714 omne
1235 1687 1395 1722 impuritatis
1406 1695 1487 1721 genus
1502 1687 1620 1714 vetuisse.

226 1751 258 1786 [13!
277 1751 325 1778 ml.
341 1748 422 1782 αὐτὸς
434 1750 521 1785 αἰτιᾷ,
537 1749 595 1776 ἀλλ’
608 1749 663 1784 ἐγὼ
687 1749 739 1776 κάν
764 1749 851 1785 τούτῳ
876 1750 974 1785 κομιδῇ

189 1796 295 1831 ἄγαμαι
305 1795 351 1822 τοῦ
366 1795 512 1830 νομοθέτου
526 1795 575 1830 τὴν
592 1794 698 1829 σοφίαν,
715 1795 756 1821 ὅτι
771 1796 804 1821 ὲκ
819 1794 916 1821 πολλοῦ
928 1794 974 1820 τοῦ

190 1841 330 1876 περιόντος
363 1840 412 1871 τὰς
446 1839 591 1873 ἀσελγείας
620 1838 823 1874 ὲξοστρακίσαι,
850 1839 897 1865 καὶ
926 1839 976 1870 τὰς

190 1886 354 1917 ἀκολάστους
380 1885 492 1920 γνώμας
518 1885 668 1921 χαλινῶσαι
693 1885 842 1920 προῄρητο.
866 1885 896 1911 ’0
921 1883 975 1919 γὰρ

190 1933 239 1968 τὴν
259 1932 385 1958 ἀκούσιον
405 1931 528 1966 ἔκκρισιν
547 1930 671 1965 μολύνειν
690 1930 906 1965 ἀποφηνάμενος,
923 1930 973 1965 τὴν

190 1978 312 2004 ἑκούσιον
328 1975 426 2012 πρᾶξιν
441 1975 531 2010 πολλῷ
550 1975 650 2010 μᾶλλον
661 1975 845 2010 ἀπηγόρευσε.
861 1974 904 2010 Τῷ
920 1975 973 2010 γὰρ

163 2040 169 2045 κ
189 2023 237 2058 τὴν
250 2022 398 2056 ἀϐούλητον
412 2021 500 2057 ῥύσιν,
512 2020 560 2055 τὴν
577 2022 644 2056 μήτε
657 2021 809 2056 ἁμάρτημα
824 2020 973 2055 τυγχάνου-

191 2077 251 2101 σαν,
271 2069 338 2104 μήτε
363 2067 415 2094 ὑπὸ
434 2068 568 2102 τιμωρίαν
588 2068 720 2101 ἄγουσαν,
743 2067 880 2102 μολυσμὸν
902 2064 972 2093 εἶναι

190 2115 287 2149 φῆσαι,
301 2114 347 2140 καὶ
374 2113 532 2148 καθαρσίων
547 2113 672 2146 ἀξιῶσαι,
689 2113 720 2140 τὸ
744 2113 865 2140 ἑκούσιον
880 2113 972 2148 πλημ-

191 2160 302 2195 μέλημα
320 2159 418 2193 μᾶλλον
438 2159 602 2187 ἀνέστειλεν.
623 2159 731 2194 Ἐπειδὴ
741 2159 769 2185 δὲ
783 2159 832 2194 τὴν
850 2158 972 2194 μοιχείαν

1064 1750 1122 1777 Etsi
1137 1751 1194 1784 ipse
1215 1749 1410 1784 reprehendas,
1425 1757 1475 1785 ego
1493 1757 1558 1777 vero
1576 1749 1657 1777 etiam
1672 1749 1810 1786 legislato-

1027 1797 1065 1823 ris
1078 1796 1124 1823 Dei
1136 1796 1299 1830 sapientiam
1316 1795 1494 1823 vehementer
1506 1796 1638 1829 admiror,
1653 1797 1726 1831 quod
1741 1805 1754 1823 a
1770 1798 1812 1824 vi-

1028 1842 1096 1869 vidis
1117 1842 1271 1868 hominibus
1303 1840 1449 1875 proﬂigare
1476 1841 1604 1869 libidines
1639 1847 1666 1869 et
1694 1841 1812 1870 lascivas

1028 1892 1132 1914 mentes
1146 1886 1223 1913 freno
1237 1893 1364 1914 coercere
1375 1886 1512 1913 maluerit.
1532 1885 1715 1915 Pronuntians
1728 1889 1810 1915 etiam

1028 1933 1237 1960 involuntariam
1262 1933 1478 1960 exsecrationem
1505 1933 1650 1967 inquinare
1665 1953 1673 1966 ,
1701 1934 1814 1961 damnat

1027 1979 1114 2006 multo
1131 1979 1216 2013 magis
1233 1978 1417 2005 voluntariam
1435 1978 1582 2008 actionem.
1601 1978 1667 2006 Cum
1683 1979 1755 2007 enim
1770 1979 1812 2006 in-

1028 2025 1211 2052 voluntarimn
1227 2024 1341 2057 ﬂuxum,
1356 2024 1403 2058 qui
1419 2028 1446 2050 et
1460 2024 1520 2053 sine
1535 2030 1647 2059 peccato
1667 2025 1707 2057 lit,
1723 2033 1811 2060 neque

1028 2071 1064 2099 sit
1076 2078 1163 2106 poenae
1180 2070 1326 2103 obnoxius,
1351 2069 1526 2104 pollutionem
1550 2077 1612 2097 esse
1632 2071 1711 2105 dixit,
1729 2078 1812 2106 opus-

1026 2123 1079 2151 que
1096 2115 1256 2151 purgatione
1270 2114 1385 2148 censuit,
1406 2114 1485 2149 longe
1502 2114 1604 2149 justius
1629 2115 1811 2143 voluntarium

1027 2161 1127 2196 repulit
1152 2160 1292 2187 delictum.
1315 2159 1540 2194 Quandoquidem
1559 2167 1623 2187 vero
1647 2160 1811 2189 adulterium

191 2206 274 2240 μόνην
293 2205 420 2240 ἐνόμισας
442 2205 523 2231 αὑτὸν
536 2205 765 2240 ἁπηγορευκέναι,
780 2205 866 2236 δοκεῖς
894 2213 939 2240 μοι
955 2203 972 2239 ἢ

1028 2208 1158 2235 duntaxat
1174 2206 1260 2234 Deum
1275 2207 1409 2234 damnare
1420 2205 1573 2239 existimas,
1587 2206 1689 2234 videris
1701 2212 1747 2234 aut
1758 2216 1811 2234 non

192 2252 229 2287 μὴ
245 2252 425 2286 ἀνεγνωκέναι
441 2251 470 2277 τὸ
485 2251 702 2286 Δευτερονόμιον,
718 2251 733 2286 ἦ
753 2251 791 2287 μὴ
804 2251 971 2286 νενοηκέναι,

192 2298 278 2324 καίτοι
313 2297 405 2331 σαφῶς
429 2297 572 2331 κείμενον·
610 2306 619 2322 ι
645 2297 701 2323 Οὐκ
725 2296 800 2323 ἔσται
822 2297 885 2331 γὰρ,
908 2297 971 2331 ἔφη,

191 2343 287 2378 πόρνος
307 2343 361 2369 ἀπὸ
380 2342 446 2368 υἱῶν
468 2341 586 2377 Ἰσραὴλ,
602 2342 648 2368 καὶ
665 2342 714 2368 οὐκ
729 2340 805 2367 ἔσται
822 2341 907 2376 πόρνη
920 2340 973 2367 ἀπὸ

191 2388 346 2423 θυγατέρων
367 2387 484 2422 Ἰσραήλ.
499 2397 507 2413 ι
523 2388 554 2414 El
569 2387 622 2422 γὰρ
633 2388 680 2414 καὶ
693 2386 871 2422 χαλεπωτέρα
885 2387 974 2421 πολλῷ

189 2435 205 2469 ἡ
219 2434 325 2468 μοιχεία
334 2434 381 2468 τῆς
391 2433 529 2468 πορνείας,
541 2433 588 2460 καὶ
600 2432 764 2468 συγγνώμης
780 2432 890 2468 μείζων,
907 2432 974 2459 ἀλλὰ

192 2480 236 2505 καὶ
247 2481 262 2514 ἡ
275 2480 388 2514 πορνεία
399 2479 538 2514 τιμωριῶν
549 2479 620 2513 ἀξία,
631 2480 655 2505 εί
668 2479 801 2505 καὶτοῦτο
810 2480 868 2510 τοῖς
876 2478 975 2510 ἔξωθεν

191 2525 358 2560 νομοθέταις,
375 2525 425 2551 οὐκ
437 2523 484 2551 οἷδ’
497 2525 580 2557 ὅπως,
597 2525 821 2560 παραλέλειπται.
839 2525 901 2554 Τοῖς
922 2525 975 2559 γὰρ

192 2570 277 2606 ὀρθῶς
294 2570 381 2605 βιοῦσι
396 2570 578 2606 καθαρευτέον
591 2571 638 2598 καὶ
647 2571 700 2598 ἀπὸ
710 2570 809 2606 ταύτης
818 2578 825 2584 ·
839 2579 847 2596 ι
859 2570 974 2605 Πορνεία

192 2616 254 2652 γὰρ,
271 2615 350 2652 φησιν
358 2617 545 2650 δ’Δπόστολος,
557 2618 604 2644 καὶ
617 2617 770 2651 ἀκαθαρσία
788 2616 855 2652 μηδὲ
874 2617 975 2650 ὀνομα-

191 2661 278 2694 ζέσθω
300 2663 328 2689 ὲν
352 2662 425 2698 ὑμῖν,
441 2663 531 2695 καθὼς
549 2663 648 2699 πρέπει
668 2663 766 2697 ἁγίοις.
788 2671 796 2687 ι
819 2662 874 2689 Καὶ
893 2661 973 2687 πάλιν

222 2752 245 2769 ⁸⁸
258 2753 336 2779 Deut.
353 2758 434 2782 χχιιι,
451 2751 490 2778 l7.

1026 2253 1124 2287 legisse
1149 2252 1387 2284 Deuteronomim,
1414 2255 1462 2278 aut
1489 2259 1542 2278 non
1568 2251 1728 2280 intellixisse
1756 2257 1811 2279 tam

1026 2299 1099 2326 clare
1113 2299 1166 2326 hoc
1181 2298 1396 2332 pronuntiatura.
1408 2296 1487 2332 633
1504 2306 1513 2322 ι
1534 2297 1595 2324 Nott
1610 2297 1663 2324 erit
1678 2299 1809 2325 meretrix

1027 2346 1060 2372 de
1075 2345 1181 2372 ﬁliabus
1197 2344 1291 2376 Israel,
1304 2348 1350 2370 aut
1372 2347 1508 2370 scortator
1524 2343 1558 2370 de
1571 2343 1634 2370 ﬁliis
1646 2343 1730 2371 lsrael
1745 2343 1777 2370 δν.
1799 2354 1810 2369 ν

1028 2391 1084 2418 Etsi
1110 2392 1182 2418 enim
1208 2391 1295 2426 majus
1317 2389 1448 2424 ﬂagitium
1468 2394 1512 2417 est
1528 2390 1703 2423 adulterium,
1729 2398 1812 2425 quam

1028 2437 1185 2468 fornicatio,
1200 2442 1227 2463 et
1248 2436 1326 2462 venia
1340 2435 1448 2470 gravius
1466 2435 1511 2467 sit,
1537 2435 1595 2462 haec
1615 2441 1704 2462 tamen
1729 2442 1810 2469 poena

1026 2490 1134 2517 quoque
1161 2482 1244 2516 digna
1273 2486 1325 2514 est,
1342 2481 1464 2516 quamvis
1493 2487 1600 2515 pinnam
1624 2480 1717 2507 nescio
1743 2488 1811 2514 quo-

1027 2529 1107 2555 modo
1119 2528 1144 2555 ei
1170 2535 1222 2554 non
1239 2526 1457 2561 prmscripseriut
1476 2527 1595 2561 gentium
1626 2520 1808 2560 legislatorés.

1028 2573 1111 2600 Recte
1127 2574 1198 2599 enim
1216 2573 1338 2599 viventes
1353 2572 1386 2598 ab
1399 2572 1450 2598 hac
1462 2578 1544 2605 puros
1558 2578 1587 2598 se
1602 2570 1720 2604 praebere
1734 2576 1811 2604 opor-

1030 2623 1065 2644 tet
1083 2626 1090 2644 :
1110 2626 1118 2642 ι
1142 2617 1307 2648 Fornicatio,
1324 2616 1411 2650 inquit
1425 2615 1581 2650 Apostolus,
1597 2618 1624 2641 et
1645 2613 1733 2641 omnis
1756 2613 1809 2640 im-

1027 2662 1155 2690 munditia
1175 2669 1208 2690 ne
1221 2661 1377 2690 nominetur
1393 2661 1503 2696 quidem
1520 2661 1546 2687 in
1567 2660 1642 2687 vobis
1654 2679 1663 2692 ,
1677 2659 1747 2687 sicut
1762 2659 1813 2686 de-

736 2794 852 2822 VARUE
873 2794 1065 2823 LECTIONES
1086 2794 1129 2821 ET
1146 2794 1261 2822 NOTAE.

230 2866 281 2901 (6'3)
302 2866 354 2895 Pro
376 2868 499 2904 τετέχθαι
525 2870 613 2904 legunt
635 2869 743 2897 codices
768 2869 847 2896 iidem
868 2867 1003 2902 τετάχθαι.
1018 2866 1123 2894 Possm.
