2049 3162
181 179 248 214 1ἃ81

599 177 866 209 EPISTOLARUM
885 176 957 206 LIB.
979 176 1012 206 V.
1027 188 1062 193 —
1079 174 1197 206 EPIST.
1212 173 1289 203 CCL.

1732 167 1800 198 1482

179 240 232 266 οὒκ
245 237 385 273 ἐρυθριᾷς,
401 237 446 268 οὓς
465 236 569 268 ζῶντας
593 236 767 268 ἐκολάκευες,
783 234 894 265 τούτους
922 241 965 259 τε-

1023 232 1173 264 erubescas,
1189 231 1286 266 quibus
1305 228 1456 261 viventibus
1477 225 1579 254 adulari
1600 224 1716 257 solebas,
1739 231 1801 251 cos-

179 283 333 315 λευτῶντας
345 280 519 317 κακηγορῶν.

339 336 424 364 ΣΜΖἎ
445 350 479 356 -
495 335 611 363 [EPAKI
627 334 788 370 ΔΙΛΚΟΝῼ.

1017 277 1078 304 dem
1095 277 1150 304 vita
1166 277 1272 303 functos
1284 274 1455 303 calumniari.

1149 329 1297 357 CCXLV".
1313 345 1347 352 —-
1363 326 1503 369 IIIEBACI
1516 325 1673 361 DIACONO.

850 379 987 414 Fugienda
1000 377 1079 406 libido
1090 383 1137 404 est.
1162 403 1167 407 ,

217 440 247 466 El
266 437 387 474 ἀκριὸὦς
401 437 558 470 ἐπίστασαι,
573 437 641 472 ὅπερ
656 437 703 463 καὶ
714 436 811 471 ἀληθές
827 436 895 467 ἐστι,
913 435 966 462 κᾶν

180 485 205 511 οἰ
224 483 341 520 meum
359 481 606 518 παραγράψωνται,
619 481 659 507 ὅτι
679 479 757 515 ἡμὲν
774 478 905 505 ἀκολασία
918 477 965 504 κό-

181 529 259 556 λασιν
274 529 375 561 ὼδίνει,
397 529 413 563 ἠ
429 528 456 554 δὲ
475 527 570 561 ἁγνεία
593 525 747 561 ἁγιωσύνης
771 524 914 558 στέφανον’
931 523 967 549 δι’

181 577 213 611 ἢν
226 576 315 602 αξτίαν
329 575 438 605 διώκεις
454 574 502 608 μὲν
517 572 549 609 ἣν
569 571 680 607 φεύγειν
694 569 757 606 χρὴ,
771 569 880 604 φεύγεις
893 569 920 596 δὲ
935 568 968 604 ἣν

181 621 290 648 διώκειν
308 621 386 657 θέμις
397 630 405 652 ς

431 675 522 702 ΣΜΗι.
540 690 575 695 -
587 673 713 709 name.

1053 432 1082 460 Si
1095 420 1173 458 recte
1192 430 1319 463 mstimes,
1335 430 1405 466 quod
1432 434 1458 457 et
1475 420 1567 457 verum
1582 434 1634 462 est,
1649 430 1698 456 etsi
1715 429 1802 464 ignavi

1018 476 1176 512 exceptione
1186 471 1377 507 submoveant,
1390 475 1471 502 libido
1484 483 1589 510 pcenam
1604 475 1706 510 gignit;
1721 475 1803 501 casti-

1021 528 1060 551 tas
1072 527 1165 561 contra
1178 521 1363 549 sanctimoniae
1388 521 1458 555 parit
1481 528 1607 547 coronam
1626 529 1632 547 :
1648 528 1697 547 cur
1713 520 1804 553 itaque

1020 567 1146 603 fugienda
1174 567 1350 601 consectaria,
1368 563 1447 602 fugis»
1461 571 1555 594 contra
1570 573 1629 600 qua:
1653 566 1802 593 consectari

1022 621 1126 648 tequinn
1141 613 1201 641 est?

1234 666 1393 695 CCXLVIII.
1413 681 1449 688 -ο
1477 665 1601 695 PAULO.

612 719 652 746 De
666 723 734 744 metu
746 718 792 744 Dei
805 721 830 744 et
847 715 990 744 hominum.
1003 714 1118 750 (Confer.
1132 715 1206 749 epist.
1223 714 1240 741 5
1250 713 1294 741 lib.
1311 715 1361 748 iv.)

219 776 354 807 Πολλάκις
366 775 426 802 κατ’
444 773 560 808 ἐμαυτὸν
576 772 684 804 ἐννοῶν,
698 771 756 802 πῶς
767 772 780 798 ὁ
794 770 848 797 τῶν
866 769 967 805 ἀνθρώ-

185 831 243 849 πων
261 821 342 856 φόϐος
366 819 414 847 τοῦ
437 820 509 846 θείου
534 818 608 845 ἐστὶν
636 818 819 853 ἰσχυρότερος,
836 816 883 843 καὶ
901 815 968 851 μηδὲ

1056 769 1248 804 Szepenumero
1279 775 1382 796 mecum
1418 768 1476 802 ipse
1507 767 1634 803 cogitavi,
1672 767 1807 802 quomodo

1021 819 1142 842 metuere
1158 814 1294 842 soleamus
1310 815 1433 842 homines
1458 813 1591 842 valentius
1606 821 1686 848 quam
1702 812 1804 840 Deum:

185 867 232 902 τὴν
249 867 353 894 ἔννοιαν
366 866 416 900 τῆς
434 865 549 896 ἀτοπίας
565 864 672 900 χωρῶν,
689 863 909 897 κατεγίγνωσκον
919 861 969 896 τῆς

1023 863 1047 886 et
1057 860 1188 886 rationem
1203 859 1348 887 absurdam
1359 867 1412 886 non
1425 859 1666 894 comprehenderis,
1682 859 1806 886 damnavi

185 913 297 940 ἁλέκτου
315 911 462 947 ῥᾳθυμίας.
486 911 554 942 Τοὺς
573 909 688 945 μὲνγὰρ
706 909 906 942 δυνατωτέρους
922 908 968 934 καὶ

185 959 346 994 ὑϐρίζοντας
372 958 491 993 φέρομεν
517 957 585 991 μετά
610 956 759 987 ἐπιεικείας
787 955 896 990 πολλῆς,
921 954 968 982 τοῦ

185 1003 268 1037 φόόου
288 1003 348 1029 ἀντὶ
364 1002 473 1037 χαλινοῦ
491 1001 644 1037 γινομένου,
664 1001 711 1027 καὶ
732 999 887 1035 περαιτέρω
903 1008 970 1034 προ-

184 1048 263 1083 ϐῆναι
279 1049 315 1083 μὴ
331 1048 523 1083 ἐπιτρέποντος
535 1055 541 1062 ·
560 1048 628 1083 πρὸς
641 1047 669 1073 δὲ
685 1047 747 1078 τοὺς
758 1045 970 1080 ἀσθενεστέρους

186 1094 254 1127 μηδὲ
266 1093 452 1127 λελυπηκὸτας
464 1091 680 1127 ἀπεχθανόμεθα,
691 1091 779 1118 καίτοι
792 1090 838 1117 τοῦ
850 1089 969 1125 Χριστοῦ

185 1139 464 1174 παρακελευσαμένου
478 1146 485 1154 ·
504 1147 513 1163 ι
533 1138 578 1173 Μὴ
605 1138 715 1173 ὀργίζου
736 1137 775 1172 τῷ
795 1136 901 1171 ἀδελφῷ
923 1144 969 1162 σου

186 1182 256 1216 εικῆ.
279 1191 288 1206 ›
309 1182 397 1217 Ὅπερ
410 1182 497 1216 πολλῷ
516 1183 588 1208 ἐστιν
605 1181 786 1217 εὐκολώτερον
805 1181 853 1208 τοῦ
877 1181 970 1216 φέρειν

185 1225 279 1261 ἕτερον
295 1226 473 1261 ὑϐριζόμενον
488 1226 562 1259 εἰκῆ.
584 1227 657 1252 Ἐκεῖ
683 1226 731 1261 μὲν
745 1226 799 1260 γὰρ
825 1225 908 1260 πολλὴ
921 1224 968 1251 τοῦ

187 1271 272 1306 πυρὸς
290 1272 306 1307 ἡ
321 1271 382 1306 ὕλη,
399 1271 515 1298 ἐνταῦθα
538 1271 564 1297 δὲ
581 1271 647 1305 ὕλης
666 1271 702 1306 μὴ
719 1271 902 1305 ὑποκειμένης
919 1269 970 1305 τὴν

187 1317 274 1350 φλόγα
286 1316 441 1356 ἀνάπτομεν
455 1325 462 1331 ·
476 1316 526 1342 οὐκ
539 1316 596 1343 ἔστι
609 1316 637 1342 δὲ
660 1316 753 1351 ἐτέρου
769 1315 970 1351 πῦριφέροντος

188 1361 225 1397 μὴ
239 1362 449 1393 κατακαίεσθαι,
464 1361 530 1392 ἴσον,
542 1361 588 1388 καὶ
607 1361 720 1396 μηδενὸς
739 1359 970 1396 παρενοχλοῦντος

186 1408 333 1443 ἡσυχάζειν
349 1408 395 1434 καὶ
407 1408 529 1442 ἠρεμεῖν.
559 1407 586 1433 '0
607 1407 656 1441 μὲν
670 1407 722 1442 γὰρ
742 1407 847 1433 ἐκείνου
864 1406 969 1441 κρατή-

189 1462 248 1486 σας,
274 1453 427 1489 ἀκροτάτης
451 1452 610 1486 φιλοσοφίας
627 1452 737 1487 δοκίμιοι
761 1451 889 1478 δέδωκενδ
911 1451 925 1476 ὁ
942 1451 970 1478 δὲ

187 1499 264 1526 τοῦτο
280 1501 375 1531 ποιων,
391 1498 526 1534 θαύματος
542 1500 615 1525 ἐστιν
635 1498 757 1533 ἄμοιρος.
783 1498 866 1523 Ὅταν
880 1495 927 1523 οὖν
940 1496 970 1523 τὸ

1022 904 1208 932 incredibilem
1224 905 1362 932 hominum
1375 905 1537 932 socordiam.
1548 904 1719 932 Potentiores
1735 904 1806 932 enim

1022 951 1168 979 toleramus
1183 951 1267 978 multa
1278 951 1417 986 patientia,
1434 951 1515 978 etiam
1528 951 1654 986 injurios,
1668 955 1740 978 metu
1755 958 1806 978 n05

1020 997 1102 1025 veluti
1115 998 1192 1025 freno
1207 999 1349 1029 retinente.
1371 1002 1398 1025 et
1420 998 1532 1025 ulterius
1548 997 1670 1032 progredi
1684 1002 1806 1029 vetante;

1020 1044 1158 1071 tenuiores
1181 1051 1244 1072 vero
1269 1044 1350 1071 etiam
1371 1051 1423 1070 non
1439 1043 1585 1070 alﬁcientes
1611 1043 1707 1078 injuria
1729 1042 1808 1069 fasti-

1021 1090 1110 1117 dimus
1130 1093 1157 1116 et
1184 1097 1352 1118 aversamur.
1369 1089 1450 1124 Atqui
1476 1088 1551 1123 jubet
1572 1088 1720 1116 Christus:
1740 1097 1750 1114 ι
1769 1086 1809 1114 Ne

1022 1135 1149 1162 irascaris
1175 1134 1252 1162 fratri
1280 1139 1324 1161 tuo
1352 1139 1453 1162 temere
1476 1134 1508 1161 θ’.
1531 1143 1540 1160 ι
1557 1134 1634 1167 Quod
1662 1133 1746 1160 multo
1766 1136 1808 1159 est

1021 1179 1138 1211 facilius,
1153 1187 1235 1214 quam
1254 1179 1324 1208 ferre
1343 1179 1457 1206 alterum
1480 1179 1605 1214 injuriam
1621 1183 1722 1205 temere
1741 1177 1809 1205 infe-

1022 1232 1137 1254 rentem.
1149 1225 1186 1253 Ibi
1200 1226 1272 1253 enim
1291 1226 1374 1253 multa
1391 1226 1460 1260 ignis
1478 1225 1591 1252 materia
1607 1229 1660 1256 est,
1680 1224 1726 1251 hic
1745 1231 1809 1250 vero

1021 1272 1132 1300 materia
1160 1279 1213 1299 non
1241 1271 1360 1305 subjecta
1382 1270 1516 1297 ﬂammam
1542 1270 1724 1297 accendimus.
1741 1269 1808 1296 Nam

1021 1324 1075 1345 non
1094 1322 1180 1351 potes,
1191 1317 1276 1344 altero
1292 1317 1382 1350 ignem
1400 1315 1540 1348 inferente,
1557 1323 1611 1342 non
1625 1314 1718 1345 aduri;
1738 1313 1809 1340 forte

1021 1364 1114 1396 etiam,
1127 1363 1233 1390 nemine
1256 1363 1389 1396 turbante,
1414 1362 1553 1396 quiescere
1571 1365 1651 1395 atque
1665 1367 1806 1395 apparere.

1021 1408 1072 1441 Qui
1087 1415 1151 1443 ergo
1171 1409 1198 1434 in
1215 1407 1260 1434 illo
1276 1415 1304 1435 se
1321 1412 1440 1442 superat,
1458 1407 1481 1434 is
1496 1405 1725 1440 praestantissimae
1745 1403 1805 1439 phi-

1021 1453 1148 1487 losophia:
1163 1453 1281 1487 speciem
1296 1453 1378 1480 dedit.
1396 1452 1445 1485 Qui
1461 1459 1525 1478 vero
1539 1451 1589 1478 hoc
1601 1450 1736 1485 posterius
1749 1454 1809 1476 tan-

1022 1501 1077 1524 tum
1095 1502 1215 1533 praestat,
1239 1498 1418 1525 admiratione
1444 1497 1540 1532 dignus
1567 1503 1620 1523 non
1643 1500 1694 1522 est.
1720 1495 1809 1527 Quare

190 1545 281 1580 μεῖζον
297 1545 339 1571 διὰ
363 1545 408 1571 τὸν
424 1545 478 1571 τῶν
494 1544 644 1579 ἀνθρώπων
669 1544 750 1577 φὸὂον
767 1543 904 1576 ἀνύοντες,
926 1542 971 1569 διὰ

1023 1551 1083 1571 cum
1097 1543 1232 1578 quidpiam
1252 1544 1391 1571 hominum
1408 1549 1482 1570 metu
1494 1542 1663 1577 expedimus,
1684 1541 1730 1568 Dei
1742 1548 1806 1568 vero

188 1591 233 1617 τὸν
248 1591 318 1617 θεῖον
334 1591 400 1625 μηδὲ
415 1590 445 1616 τὸ
468 1589 578 1616 ἔλαττον
599 1589 758 1624 βουλώμεθα
779 1589 887 1621 ἀνύσαι,
906 1589 971 1616 ποία

189 1635 253 1670 ἡμῖν
267 1635 418 1669 λελείψεται
433 1634 565 1668 ἀπολογία
573 1642 580 1667 ;

363 1686 449 1714 ΣΜΘ’.
459 1701 492 1706 -
507 1686 636 1721 ΕΡΜΙΝῼ
651 1687 797 1714 KOMIITI.

1025 1593 1099 1616 metu
1129 1597 1163 1617 ne
1194 1589 1335 1617 minimum
1365 1589 1472 1624 quidem
1503 1595 1689 1624 properamus,
1718 1594 1811 1621 ecqua:

1024 1642 1089 1669 ergo
1105 1635 1197 1662 relicta
1216 1635 1293 1663 nobis
1308 1640 1351 1663 est
1365 1634 1546 1663 excusationis
1561 1635 1687 1662 occasio?

1168 1689 1304 1718 CCXLIX.
1320 1705 1355 1710 —-—
1369 1689 1523 1717 HERMINO
1538 1689 1663 1717 COMITI.

192 1733 223 1761 Ut
240 1734 323 1766 capite
335 1738 487 1767 trgrotrmle,
501 1737 583 1759 totum
601 1741 694 1766 corpus
717 1733 785 1759 male
801 1732 888 1765 liabet,
910 1734 947 1761 sic
962 1735 1007 1761 sub
1031 1735 1101 1762 malo
1118 1736 1237 1771 episcopo
1258 1741 1312 1764 tota
1329 1736 1456 1763 Ecclesia.
1469 1735 1549 1771 (Vide
1565 1743 1622 1770 sup.
1639 1735 1715 1769 epist.
1733 1734 1808 1769 230.)

224 1801 307 1826 Ὅταν
323 1800 339 1834 ὴ
354 1798 470 1834 κεφαλὴ,
487 1799 503 1834 ὴ
519 1798 643 1834 καθάπερ
655 1799 803 1834 ἀκρόπολις
815 1799 863 1826 τοῦ
881 1800 974 1835 σώμα-

190 1854 235 1876 τος
255 1843 333 1876 οὖσα,
354 1844 401 1870 καὶ
422 1844 477 1871 τῶν
501 1844 727 1877 ἀναγκαιοτάτων
741 1845 787 1870 καὶ
801 1845 975 1879 τιμιωτάτων

190 1889 342 1925 ἀνθρώποις
353 1889 507 1924 αἰσθήσεων
517 1891 685 1925 οίκητήριον,
703 1887 850 1925 ὀφείλουσα
865 1892 928 1923 τοὺς
943 1893 975 1918 ἐκ

191 1935 238 1962 τοῦ
251 1935 374 1970 σώματος
386 1935 631 1970 ἀναπεμπομένους
648 1935 753 1970 ἁθμοὺς
763 1936 819 1972 (67)
835 1938 971 1972 πονηροὺς

192 1982 337 2016 διοικῆσαι,
356 1982 402 2008 καὶ
413 1983 452 2013 εις
463 1982 493 2007 τὸ
513 1982 571 2008 δέον
587 1982 730 2018 καθιστᾷν,
747 1983 784 2018 μὴ
804 1983 883 2019 μόνον
895 1984 974 2010 τοῦτο

193 2027 230 2063 μὴ
243 2027 453 2062 διαπράττηται,
475 2027 544 2054 ἀλλὰ
555 2028 602 2054 καὶ
619 2028 688 2063 αὑτὴ
703 2029 764 2055 καθ’
779 2029 879 2063 ἑαυτὴν
895 2029 976 2056 ἀσθε-

191 2073 239 2108 νὴς
253 2071 321 2100 οὖσα
335 2073 414 2108 τύχῃ,
427 2073 477 2105 τὰς
501 2073 627 2104 νοσώδεις
643 2074 731 2105 αἰτίας
750 2074 975 2110 ἀποκρούσασθαι

193 2118 230 2153 μὴ
240 2118 388 2154 δυναμένη·
409 2118 473 2145 ποία
484 2118 561 2150 ἐλπὶς
576 2119 613 2154 τῷ
634 2119 739 2154 σώματι
753 2119 769 2154 ἢ
791 2120 937 2156 σωτηρίας,
958 2120 975 2156 ἢ

1060 1801 1128 1829 Cum
1157 1806 1247 1837 caput,
1271 1802 1341 1836 quod
1365 1801 1449 1829 veluti
1478 1809 1528 1828 arx
1558 1805 1598 1828 est
1623 1801 1755 1835 corporis,
1779 1808 1812 1828 ac

1025 1848 1142 1874 maxime
1187 1848 1403 1874 necessariorum
1432 1847 1666 1882 pretiosorumque
1693 1847 1810 1874 homini-

1025 1893 1075 1920 bus
1086 1900 1212 1920 sensuum
1227 1893 1402 1925 domicilium,
1416 1893 1487 1928 quod
1504 1893 1584 1920 debet
1595 1893 1709 1920 emissos
1719 1901 1735 1921 e
1747 1901 1810 1920 cor-

1026 1945 1090 1974 pore
1105 1939 1242 1973 improbos
1257 1946 1372 1974 vapores
1389 1939 1554 1974 dispensare,
1570 1943 1607 1971 et,
1622 1946 1675 1974 quo
1691 1943 1810 1974 oportet,

1026 1985 1183 2018 amandare,
1202 1985 1266 2012 illud
1288 1993 1340 2012 non
1364 1986 1443 2013 modo
1465 1993 1517 2012 non
1535 1985 1624 2017 faciet.
1650 1986 1696 2012 sed
1717 1989 1744 2013 et
1764 1992 1812 2019 per

1026 2033 1145 2065 seipsqu
1166 2038 1226 2058 esse
1243 2031 1404 2059 imbecillum
1429 2031 1571 2066 contingit,
1599 2038 1648 2058 nec
1673 2031 1812 2058 morbosas

1026 2076 1176 2111 propellere
1196 2083 1290 2104 causas
1304 2077 1402 2109 valeat,
1418 2084 1479 2110 quae
1494 2076 1615 2110 corporis
1631 2083 1694 2110 spes
1708 2075 1812 2110 reliqua

1027 2121 1123 2149 salutis
1138 2126 1184 2148 aut
1201 2122 1322 2149 roboris?
1342 2121 1424 2148 nulla.
1441 2122 1513 2149 Sane
1535 2121 1701 2149 Pelusiensis
1719 2121 1812 2148 Eccle-

194 2165 318 2200 pu’ioawg;
336 2164 464 2199 Οὐδεμία.
489 2165 533 2192 Διὸ
547 2165 677 2191 καὶκατὰ
703 2165 733 2192 τὸ
757 2165 917 2201 Πηλούσιον,
939 2166 971 2197 ὡς

1030 2167 1080 2199 sia,
1095 2172 1124 2193 ut
1138 2166 1246 2198 scribis,
1263 2167 1296 2194 ab
1314 2166 1431 2194 Eusebio
1445 2167 1632 2194 administrata
1657 2166 1812 2193 morborum

192 2211 343 2245 γέγραφας,
360 2211 508 2245 Ἐκκλησία
519 2212 535 2246 ὴ
547 2211 598 2237 ὑπὸ
607 2210 737 2238 Εὑσεὸίου
750 2212 976 2247 οἱκονομουμένη,

195 2255 305 2291 μυρίαις
321 2256 482 2290 νοσημάτων
494 2256 541 2282 καὶ
552 2255 644 2281 παθῶν
655 2256 844 2291 ἐμπέπλησται
855 2257 976 2290 κακίαις,

193 2301 240 2327 τοῦ
256 2301 400 2332 δοκοῦντος
413 2301 538 2336 ἡγεῖσθαι
556 2300 668 2336 ταύτης,
685 2302 724 2333 είς
757 2303 841 2337 αὐτὴν
858 2303 976 2337 ἐγκατα-

195 2347 358 2382 σκήψαντος.

314 2402 375 2429 ΣΝ¹.
395 2396 598 2438 -“ΔΩΡΟΘΕῼ
617 2403 860 2439 ΛΑΜΠΡΟΤΑΤῼ.

1031 2213 1104 2239 mille
1117 2213 1325 2247 passionumque
1344 2213 1422 2239 malis
1443 2211 1542 2240 referta
1555 2216 1606 2244 est,
1621 2219 1681 2239 cum
1707 2212 1752 2246 qui
1769 2218 1812 2238 re-

1031 2265 1095 2292 gere
1114 2265 1173 2285 eam
1198 2255 1379 2291 existimetur,
1402 2258 1425 2285 is
1453 2258 1480 2285 in
1513 2259 1597 2292 ipsam
1623 2257 1713 2291 potius
1736 2264 1813 2292 gras—

1030 2308 1114 2331 setur.

1088 2404 1169 2441 635
1185 2404 1260 2433 CCL.
1279 2419 1314 2426 —
1337 2404 1523 2433 DOROTIIEO
1541 2403 1755 2432 CLARISSIMO.

195 2447 224 2476 Si
240 2449 401 2486 legislatores
416 2449 513 2482 legibus
523 2455 552 2486 _el
568 2451 650 2483 penis
672 2450 820 2486 homines}
835 2452 948 2484 peccatis
963 2459 1079 2479 coercere
1098 2462 1149 2479 non
1163 2455 1277 2486 possint;
1291 2453 1372 2480 multo
1389 2454 1474 2480 minus
1487 2454 1531 2479 alii
1553 2454 1632 2480 nudi:
1653 2451 1814 2478 admonitio-

227 2485 301 2510 nibus
318 2486 342 2510 id
355 2490 486 2518 poterunt.
505 2484 595 2518 (Con/.
608 2486 682 2518 episf.
705 2485 765 2511 151.
782 2485 896 2512 Rursum
911 2488 942 2512 de
954 2486 1064 2513 Eusebio
1078 2484 1169 2522 episcf,
1182 2489 1244 2515 item
1258 2484 1288 2515 de
1303 2487 1420 2520 Zosimo,
1434 2488 1594 2515 Martiniano
1610 2492 1633 2514 et
1648 2485 1779 2520 Marone.)

229 2539 260 2566 Et
273 2540 297 2565 οἱ
311 2539 470 2574 νομοθέται,
488 2536 509 2566 ὧ
531 2539 610 2573 σοφὲ,
626 2541 650 2566 οἱ
673 2540 771 2575 μυρίας
783 2542 838 2571 τοῖς
852 2541 977 2577 ἁμαρτὰς

195 2592 268 2612 νουσι
289 2584 421 2620 τιμωρίας
438 2585 683 2621 ἐπανατεινόμενοι,
706 2586 736 2612 οὐ
754 2587 857 2617 πάντας
883 2586 978 2614 πεπεί-

230 2660 251 2676 "
263 2661 359 2691 Matth.
376 2670 402 2693 ν.
419 2661 464 2690 22.

1069 2542 1096 2569 Si
1115 2543 1292 2578 legislatorcs,
1308 2544 1349 2571 vir
1367 2544 1575 2578 sapientissimo,
1587 2541 1659 2569 mille
1673 2547 1812 2576 poenarum

1033 2594 1131 2620 genera
1151 2587 1256 2614 delictis
1272 2589 1439 2623 imponentes
1468 2594 1521 2615 non
1553 2586 1677 2614 omnibus
1703 2591 1814 2619 persua-

757 2718 872 2746 VARI/E
894 2718 1084 2748 LECTIONES
1103 2719 1147 2748 ET
1165 2720 1281 2749 NOTAE.

231 2793 286 2830 (67)
307 2795 358 2822 Pro
370 2795 474 2829 ἀθμοὺς
496 2795 614 2822 rescribe
638 2795 751 2831 ἀτμούς.
766 2796 843 2824 Vers.
868 2802 928 2831 post
949 2797 975 2830 5,

197 2829 266 2866 inter
281 2830 328 2857 καὶ
344 2835 371 2857 et
389 2831 458 2866 κατὰ
482 2831 595 2866 inseret}
619 2839 648 2857 ex
673 2829 751 2858 codd.
775 2829 880 2858 iisdem.
899 2829 975 2859 Vers.

198 2864 245 2894 ult.
262 2872 304 2900 ep.
317 2872 365 2899 pro
377 2865 478 2899 ταύτης
489 2866 568 2892 ambo
583 2864 660 2892 codd.
672 2867 765 2900 optimi
774 2867 864 2900 legunt
877 2867 977 2898 ταύτας

354 2911 488 2942 ΡΑΤιιοι.
515 2912 570 2941 Gn.
599 2912 754 2944 LXXVIII.

1031 2804 1057 2826 Iit
1073 2798 1204 2826 referatur
1223 2807 1275 2826 non
1296 2799 1326 2825 ad
1347 2798 1484 2833 ἡγεῖσθαι,
1508 2798 1555 2827 sed
1572 2798 1606 2825 ad
1626 2797 1745 2830 κακίαις,
1762 2803 1813 2825 sun

1032 2835 1121 2869 pertus
1138 2835 1264 2869 positum.
1276 2833 1380 2861 Possm.

1629 2909 1668 2940 ΙθἸ
