2049 3162
267 174 334 205 1483

866 169 895 197 S.
916 167 1063 198 ISlDORl
1082 167 1301 198 PELUSIOTzE

1825 172 1892 204 1484

263 229 328 257 dent
347 237 354 255 :
375 227 421 262 qui
442 228 523 254 verbo
551 231 576 254 et
611 225 796 253 admonitione
826 224 950 256 suadent,
982 228 1011 250 ut
1038 231 1052 250 a

1106 232 1196 250 χασιν·
1212 224 1236 250 οἱ
1261 223 1332 258 λόγῳ
1356 224 1402 250 καὶ
1423 226 1580 260 παραινέσει
1600 226 1766 261 πειρώμενοι
1789 227 1892 253 πείθειν

262 274 337 302 vitiis
363 272 424 308 quis
452 272 597 304 abstineat,
622 271 683 298 idne
710 270 909 306 persuadeant?
932 269 978 296 Vel
1000 276 1051 295 non

263 319 455 355 persuadentcs
476 318 503 345 in
521 318 624 344 crimen
641 316 794 352 ,vocentur?
810 319 836 342 ct
851 315 1006 350 quomodo?
1023 315 1051 342 Si

262 372 327 393 vero
360 364 587 400 patrocinandum
615 362 816 398 legislaloribus
848 366 900 393 est,
927 361 1051 396 equidem

263 418 388 439 censeam
415 410 608 445 suppliciorum
631 409 792 444 gravitatem
817 415 863 435 cos
890 414 1051 442 proponere,

263 465 316 485 non
329 457 406 492 quasi
423 456 570 483 humanum
595 462 680 489 genus
704 454 819 481 invisum
846 454 987 486 ducentes,
1004 454 1051 480 sed

264 511 391 541 tanquam
406 504 465 540 ejus
490 511 583 532 curam
607 504 746 530 habentes.
766 502 793 529 ld
815 502 887 529 enim
900 501 952 528 illis
969 501 1051 536 potis-

262 551 361 580 simum
387 551 476 578 studio
505 554 558 583 est,
585 549 758 584 persuadere,
780 555 814 575 ne
839 548 959 583 improbe
987 547 1050 582 quid

262 601 368 632 agatur.
383 595 464 623 l'aana
486 602 550 622 vero
571 593 761 621 secundarium
780 593 843 626 quid
870 597 922 623 est,
947 596 974 619 et
997 600 1050 618 non

262 641 449 669 obedienlibns
465 640 625 675 praestituta.
640 638 732 674 Neque
751 639 822 665 enim
850 637 901 664 illis
929 636 1051 671 proposi—

264 693 331 720 tum,
348 693 377 714 ut
393 687 468 714 multi
489 687 543 714 sint
562 692 676 720 nequam
703 689 730 711 et
755 683 884 718 improbi,
901 683 947 717 qui
962 681 1050 716 puniri

261 735 377 762 debeant
398 742 406 761 :
431 734 485 760 imo
511 736 607 760 contra
629 731 699 764 frugi
722 737 816 756 onmes
835 736 896 756 esse
913 729 1051 762 honosque

259 781 363 814 volunt,
386 774 513 814 nullaque
538 786 604 814 opus
625 784 685 805 esse
713 776 807 803 multa.
825 776 870 803 Sic
891 774 928 802 illi
944 774 1050 809 legisla-

261 833 334 854 torcs
350 826 456 860 quidem
483 829 584 852 terrent
598 833 604 850 :
620 823 734 857 improbi
752 829 817 849 vero
839 821 975 856 peccando
990 827 1049 846 eam

261 870 370 902 laedunt,
393 876 480 904 neque
504 874 609 902 tempus
638 867 721 894 ullum
747 874 761 893 a
787 865 896 900 ﬂagitiis
925 872 1048 897 vacuum,

1103 270 1202 301 κακίας
1219 269 1379 304 ἀπέχεσθαι.
1402 271 1510 302 πάντως
1526 272 1683 304 πείσουσιν;
1699 271 1715 307 ἦ
1730 271 1768 306 μὴ
1782 272 1892 299 πείσαν-

1102 323 1146 347 τες
1163 315 1394 351 ἑγκληθήσονται;
1413 316 1460 343 καὶ
1475 316 1533 349 πῶς
1551 317 1605 353 (68)
1621 317 1671 344 οὐκ
1686 316 1802 352 εὕηθις;
1821 317 1850 344 Εἰ
1864 318 1892 344 δὲ

1103 362 1155 397 χρὴ
1171 362 1218 388 καὶ
1234 361 1324 388 αὐτῶν
1339 361 1392 388 τῶν
1407 362 1561 398 νομοθετῶν
1577 363 1890 399 ὑπεραπολογήσααθαι,

1103 407 1186 442 φαίην
1199 407 1230 433 ἃν
1240 428 1248 440 ,
1262 408 1302 434 ὅτι
1314 408 1348 434 τὰ
1366 408 1468 443 μεγέθη
1484 409 1538 435 τῶν
1549 407 1689 444 τιμωριῶν
1701 407 1892 434 τετυπὼκασιν

1102 453 1151 488 οὐχ
1165 452 1203 484 ὡς
1218 453 1404 489 μισ-ἅνθρωποι
1414 473 1420 484 ,
1436 454 1494 480 ἀλλ’
1511 454 1548 486 ὡς
1563 455 1712 490 κηδεμόνες
1725 452 1772 480 τοῦ
1787 455 1890 488 γένους.

1104 498 1176 534 Λῧτη
1191 498 1245 534 γὰρ
1262 499 1385 534 αὐτοῖςή
1412 499 1534 535 σπουδὴ,
1559 501 1651 526 πεῖσαι
1681 500 1718 535 μὴ
1746 499 1893 534 πονηρεύε-

1103 545 1182 571 σθαι·
1200 544 1230 570 τὸ
1245 544 1274 571 δὲ
1295 545 1344 580 τῆς
1364 546 1515 581 τιμωρίας,
1531 545 1655 581 δεύτερόν
1677 555 1704 572 τι
1723 546 1770 572 καὶ
1791 547 1847 577 τοῖς
1862 547 1891 573 οὐ

1103 591 1273 626 πειθομένοις
1297 591 1467 627 ὁριζόμενον·
1490 592 1520 619 οὐ
1542 593 1596 629 γὰρ
1616 592 1689 619 τοῦτ’
1711 592 1890 624 ἐσπούδασαν,

1101 635 1169 664 εἶναί
1188 646 1216 664 τε
1229 638 1342 670 πολλοὺς
1358 639 1502 674 πονηροὺς,
1517 641 1563 665 καὶ
1576 638 1750 671 κολάξεσθαι·
1770 639 1801 665 τὸ
1817 640 1891 665 ἐναν-

1101 684 1157 710 τὲον
1170 684 1209 716 δὲ,
1229 685 1333 716 πάντας
1349 682 1418 711 εἶναι
1433 685 1568 720 χρηστοὺς
1583 685 1631 711 καὶ
1647 685 1783 720 μηδεμιᾶς
1800 685 1890 719 χρείαν

1101 727 1170 757 εἶναι
1186 730 1298 765 ζημίας.
1327 730 1397 756 Ἀλλ’
1414 731 1438 757 οἱ
1465 731 1514 766 μὲν
1530 731 1667 765 φοϐοῦσιν,
1689 732 1714 756 οἱ
1734 731 1763 756 δὲ
1781 732 1891 765 πονηροὶ

1101 776 1293 811 κακουργοῦσι.
1307 776 1410 811 Χρόνος
1423 777 1450 803 δὲ
1462 777 1548 807 οὐδεὶς
1560 776 1680 812 καθαρδς
1695 776 1794 808 κακίας
1807 797 1813 807 ,
1827 776 1891 802 ἀλλὰ

1101 821 1185 848 πολλὰ
1202 823 1248 849 καὶ
1267 822 1425 848 παντοδαπὰ
1443 821 1602 853 ἐπιπολάζει
1620 822 1761 856 νοσήματα
1773 841 1781 853 ,
1795 822 1830 847 δι’
1856 817 1891 847 ὧν

1100 866 1251 893 δεικνύουσι
1267 867 1305 902 μὴ
1319 867 1460 894 πείθεσθαι
1475 867 1531 902 (69)
1548 868 1604 898 τοῖς
1618 867 1723 901 νόμοις.
1739 866 1827 894 Ὅταν
1839 867 1891 902 γάρ

259 916 306 943 sed
320 915 403 942 multa
420 915 550 948 variaque
564 914 590 940 in
607 913 665 940 dies
679 916 822 946 emergunt
836 911 914 941 mala,
932 918 992 945 quae
1006 917 1049 937 res

1102 921 1142 942 τις
1159 912 1236 948 δίκην
1252 913 1306 948 δῷ,
1327 913 1395 947 ὁμοῦ
1419 921 1448 938 τε
1465 913 1644 944 κεκόλασται,
1671 912 1718 938 καὶ
1741 913 1771 938 τὸ
1790 912 1828 947 μὴ
1845 921 1892 938 πε-

260 961 348 997 arguit
367 960 472 994 legibus
488 967 540 987 non
558 959 672 986 obediri.
691 957 756 985 Cum
773 957 835 992 quis
850 957 940 991 itaque
956 963 1050 991 pmnas

259 1007 315 1039 dat,
331 1006 411 1034 simul
433 1006 592 1041 castigatur.
606 1009 634 1032 et
648 1012 677 1032 se
692 1003 840 1039 legislatori
862 1011 913 1030 non
926 1003 1050 1038 paruisse

259 1052 389 1080 ostendit.
409 1051 536 1084 Quiuimo
563 1051 612 1085 ipsi
639 1049 808 1085 legislalorcs
832 1056 884 1075 non
912 1048 1048 1081 ignorant,

258 1105 312 1124 non
332 1097 495 1132 persuadere
510 1103 539 1123 se
550 1095 686 1127 omnibus,
698 1100 726 1122 ut
742 1094 796 1122 sint
821 1094 893 1122 boni.
910 1094 1048 1128 Supplicia

259 1144 358 1170 etenim
374 1143 582 1178 prtescrilientes
603 1147 703 1169 norunt
718 1142 801 1176 probe
818 1149 871 1168 non
887 1148 981 1168 omnes
999 1141 1046 1168 ha-

260 1190 365 1216 bituros
380 1188 452 1216 dicto
471 1187 611 1215 audientes
624 1187 762 1222 acjustos.
780 1187 885 1214 Sunlne
906 1186 998 1220 itaque
1013 1187 1045 1213 il-

255 1235 346 1261 ‘lorum
372 1233 480 1260 hostes?
495 1233 603 1260 Minime
614 1239 691 1265 Vero,
707 1233 754 1260 sed
769 1232 950 1259 meminerunt
964 1232 1046 1267 legis-

259 1279 359 1306 latores
386 1285 415 1305 se
438 1284 499 1304 esse
519 1282 546 1304 et
564 1277 704 1312 prtedicari
728 1285 734 1304 :
761 1276 875 1311 improbi
900 1283 963 1303 vero
979 1277 1047 1304 male

259 1323 408 1351 multantur
424 1330 456 1350 ac
477 1323 641 1358 plectuntur.
662 1323 761 1350 Eadem
789 1328 831 1350 est
852 1323 923 1350 ratio
952 1323 1046 1350 admo-

258 1369 390 1401 nentium,
411 1369 518 1404 quando
544 1369 596 1396 illis
619 1376 671 1396 non
694 1374 812 1403 paretur.
838 1368 895 1395 Non
923 1369 994 1395 enim
1015 1376 1047 1395 eo

258 1416 329 1450 quod
347 1415 478 1443 Eusebius
492 1419 519 1442 et
541 1414 729 1447 Martinianus,
753 1414 877 1441 Zosimns
899 1419 926 1441 et
954 1414 1046 1441 Maron

260 1461 355 1488 morbo
385 1460 577 1488 immedicabili
611 1460 744 1492 laborant,
778 1460 850 1487 dicto
883 1465 972 1486 tamen
998 1468 1048 1487 au-

259 1506 367 1534 dientes
399 1513 453 1533 non
483 1510 557 1538 sunt,
584 1513 671 1541 neque
695 1505 795 1533 iaciunt
815 1505 885 1540 quod
908 1505 1047 1540 jubcntur,

1103 958 1213 984 πεῖσθαι
1228 960 1283 990 τοῖς
1297 958 1457 994 νομοθέταις
1471 958 1601 985 δείκνυσι.
1617 958 1724 985 Μᾶλλον
1735 957 1764 984 δὲ
1777 958 1855 985 αὐτοὶ
1868 959 1892 984 οἱ

1101 1003 1245 1038 νομοθέται
1271 1005 1309 1035 ὡς
1335 1004 1365 1030 οὑ
1389 1004 1513 1030 πείσουσι
1540 1003 1643 1036 πάντας
1669 1001 1738 1030 εἶναι
1755 1003 1891 1038 ἀγαθοὺς,

1103 1050 1200 1083 ῐσρισιν·
1218 1051 1243 1077 οἱ
1269 1050 1323 1086 γὰρ
1340 1050 1478 1086 ὁρίζοντες
1494 1050 1542 1082 τὰς
1557 1051 1690 1086 τιμωρίας
1703 1071 1710 1082 ,
1725 1050 1762 1082 ὡς
1777 1051 1808 1076 οὐ
1826 1050 1891 1077 καθ-

1101 1095 1191 1128 έξουσι
1208 1097 1271 1127 τοὺς
1292 1097 1427 1131 πονηροὺς
1438 1115 1446 1128 ,
1460 1096 1534 1131 δῆλοί
1555 1097 1623 1122 εἰσιν
1637 1096 1747 1128 εἰδότες.
1761 1093 1826 1132 Ἆρ’
1846 1094 1892 1122 οὖν

1099 1142 1215 1169 ἐναντίοι
1231 1142 1318 1174 είσίν;
1335 1143 1372 1169 Οὔ
1388 1143 1486 1177 δήπου.
1509 1142 1579 1168 ’Λλλ’
1600 1142 1653 1168 οὐδ’
1668 1142 1818 1169 ἀπόλλυται
1842 1142 1891 1169 αὗ-

1099 1189 1155 1220 τοίς
1171 1187 1202 1214 τὸ
1219 1187 1366 1223 νομοθέτας
1388 1185 1466 1214 εἶναι.
1493 1187 1563 1214 ’.ἀλλ’
1577 1188 1676 1213 ἐκεῖνοι
1694 1186 1744 1222 μὲν
1764 1186 1890 1222 ᾅδονται,

1100 1235 1123 1260 οἱ
1148 1233 1176 1260 δὲ
1200 1233 1418 1268 κακουργοῦντες
1444 1232 1612 1265 κακίζονται.
1643 1233 1672 1258 '0
1698 1232 1780 1263 αὐτὸς
1803 1232 1892 1258 τοίνυν

1100 1279 1178 1314 λόγος
1189 1280 1258 1306 ἔστω
1273 1279 1320 1306 καὶ
1331 1280 1395 1314 περὶ
1409 1279 1463 1306 τῶν
1475 1278 1688 1314 παραινούντων,
1705 1278 1742 1313 μὴ
1755 1278 1892 1305 ἀνυόντων

1098 1326 1137 1353 δέ·
1154 1326 1184 1352 οὺ
1199 1326 1253 1361 γὰρ
1268 1326 1292 1352 εἰ
1307 1325 1436 1357 Εὐσέϐιος
1447 1333 1475 1351 τε
1493 1325 1540 1351 καὶ
1555 1323 1750 1359 Μαρτινιανδς,
1767 1322 1891 1358 Ζὼσιμός

1098 1380 1128 1398 τε
1150 1371 1197 1398 καὶ
1215 1371 1318 1406 Μάρων
1344 1371 1487 1406 κρείττονα
1510 1370 1657 1406 θεραπείας
1676 1369 1784 1396 νοσοῦσι
1803 1369 1888 1399 νόσον,

1099 1418 1151 1453 ἤδη
1167 1419 1223 1449 τοῖς
1242 1417 1421 1453 παραινέσασι
1434 1417 1492 1453 μὲν,
1509 1416 1546 1452 μὴ
1560 1416 1675 1443 ἀνύσασι
1688 1415 1716 1442 δὲ
1731 1415 1888 1450 ὲγκλητέοψ

1100 1463 1168 1490 ἀλλὰ
1193 1463 1304 1495 τούτους
1330 1463 1380 1498 μὲν
1399 1463 1573 1494 ἀποδεκτέον,
1594 1461 1716 1493 ἐκείνους
1742 1461 1771 1488 δὲ
1790 1461 1830 1493 εἰς
1844 1460 1891 1487 τὶ’

1103 1509 1170 1544 μηδὲ
1185 1509 1333 1544 θεραπείαν
1349 1508 1527 1544 προϊεμένους
1541 1507 1653 1534 ὠστέον.

258 1553 403 1580 accusandi
430 1552 556 1581 videntur
577 1553 626 1586 illi,
653 1553 698 1588 qui
720 1553 903 1580 admonitione
938 1561 989 1581 non
1018 1557 1224 1589 persuaserint;
1255 1557 1376 1591 qniuimo
1400 1555 1526 1583 laudandi
1549 1559 1613 1582 sunt
1651 1554 1715 1582 isti:
1747 1554 1785 1582 illi
1814 1561 1877 1580 vero

257 1600 303 1635 qui
321 1599 481 1627 medicinam
499 1606 552 1627 non
564 1599 732 1631 admiserint,
746 1598 869 1626 feriendi.

517 1653 602 1682 CCLI.
616 1669 650 1674 —
666 1653 781 1682 EIDEM.

1332 1654 1418 1682 sNA'.
1436 1669 1471 1674 -
1487 1654 1530 1690 To
1547 1653 1650 1688 Αγτο.

523 1700 588 1728 Cum
601 1700 742 1727 humilibus
757 1705 781 1728 et
798 1700 916 1735 superbis
932 1709 983 1728 non
998 1701 1086 1728 eodem
1101 1702 1229 1737 agendum
1248 1702 1334 1729 modo.
1350 1701 1438 1735 (Conf.
1454 1701 1530 1735 epist.
1543 1700 1618 1736 127.)

290 1758 358 1785 Cum
380 1756 460 1784 bonis
481 1755 589 1791 quidem
614 1755 726 1782 remisse
750 1759 793 1782 est
813 1754 957 1790 agendum,
982 1762 1043 1781 cum

257 1803 406 1831 audacibus
423 1802 556 1830 severius.
570 1800 636 1828 Nam
655 1799 847 1835 benignitatem
863 1800 900 1827 illi
918 1800 1042 1828 virtutem

258 1854 394 1885 reputant,
409 1849 556 1883 mitemque
571 1855 651 1880 esse;
672 1852 766 1874 contra
789 1847 815 1874 lii
830 1846 970 1874 audaciam
987 1845 1043 1874 for-

257 1895 398 1923 titudinem
425 1895 569 1922 aestimant.
597 1893 674 1928 Apud
702 1893 762 1920 illos
790 1893 881 1927 itaque
907 1893 1040 1920 modestia

256 1940 425 1973 adhibenda;
452 1940 479 1966 in
510 1939 552 1966 bis
575 1939 740 1972 prteﬁdentia
767 1938 961 1972 exstinguenda
987 1942 1040 1970 est,

255 1990 283 2013 et
296 1985 388 2019 opinlo
404 1991 436 2011 ex
450 1983 562 2010 audacia
587 1988 647 2010 orta
661 1991 668 2010 :
690 1987 718 2009 ut
734 1982 788 2010 illis
811 1982 918 2017 quidem
944 1982 1039 2016 prosll,

255 2032 306 2058 hos
329 2037 394 2057 vero
415 2028 549 2064 deprimat
567 2028 719 2062 prudentia.
742 2027 834 2062 Neque
850 2027 921 2055 enim
942 2027 1038 2055 iisdem

254 2083 350 2104 omnes
365 2075 518 2109 capiuntur,
533 2081 619 2108 neque
637 2074 732 2102 iisdem
748 2074 837 2101 cuncti
854 2073 984 2101 remediis
996 2081 1041 2101 cu-

255 2127 360 2154 rantur,
375 2121 421 2150 sed
437 2125 515 2156 prout
534 2124 577 2147 est
589 2118 761 2147 aifectionum
772 2117 927 2151 multitudo,
944 2117 984 2146 sic
998 2121 1040 2146 est

253 2175 280 2196 et
295 2168 472 2196 medelarum.
604 2192 606 2194 τ

290 2223 374 2259 636
390 2221 488 2249 CCLlI.
505 2237 539 2241 —
554 2219 738 2249 DOROTHEO
762 2218 1000 2246 PRESBYTERO.

1134 1755 1206 1792 Πρὸς
1223 1755 1272 1790 μὲν
1289 1755 1424 1790 χρηστοὺς
1444 1753 1572 1780 ταπεινὸν
1591 1750 1662 1780 εἶναι
1680 1752 1734 1789 χρὴ
1746 1773 1754 1785 ,
1775 1753 1842 1788 πρὸς
1858 1753 1884 1779 δὲ

1098 1801 1208 1837 θρασεῖς
1233 1801 1343 1836 ὑψηλόν.
1373 1800 1481 1835 Ἐπειδὴ
1505 1800 1560 1835 γὰρ
1575 1800 1599 1825 οἱ
1625 1799 1675 1833 μὲν
1691 1799 1794 1834 ἀρετὴν
1818 1797 1883 1826 εἶναι

1097 1847 1226 1882 ἡγοῦνται
1243 1847 1292 1882 τὴν
1310 1847 1472 1878 ἐπιείκειαν,
1490 1846 1514 1872 οἱ
1538 1845 1566 1872 δὲ
1585 1844 1697 1880 ἀνδρίαν
1714 1845 1764 1880 τὴν
1783 1845 1881 1880 θρασὺ-

1095 1902 1166 1928 τητα
1178 1913 1185 1925 ,
1200 1893 1314 1922 ἐκείνοις
1332 1893 1379 1927 μὲν
1394 1893 1444 1927 τὴν
1455 1891 1708 1926 ταπεινοφροσύνην
1724 1891 1776 1926 χρὴ
1801 1899 1880 1926 προσ-

1095 1939 1198 1973 φέρειν,
1217 1939 1320 1969 τούτοις
1334 1937 1362 1964 δὲ
1379 1937 1427 1972 τὴν
1452 1936 1564 1972 ἀνδρίαν
1575 1956 1582 1968 ,
1600 1936 1781 1962 σόεννύουσαν
1796 1935 1880 1962 αὐτῶν

1092 1985 1143 2020 τὴν
1157 1985 1212 2011 ἀπὸ
1224 1985 1273 2020 τῆς
1295 1984 1464 2019 θρασύτητος
1485 1983 1574 2014 δόξαν·
1595 1983 1638 2009 ἵνα
1661 1982 1725 2013 τοὺς
1747 1981 1797 2016 μὲν
1813 1982 1881 2015 ὠφε-

1093 2030 1172 2065 λήσῃ,
1185 2031 1248 2062 τοὺς
1261 2029 1290 2056 δὲ
1303 2029 1458 2064 ταπεινώσῃ
1469 2028 1499 2054 τὸ
1514 2028 1652 2063 φρόνημα.
1665 2027 1702 2054 Οὐ
1717 2027 1771 2062 γὰρ
1785 2027 1881 2059 πάντες

1092 2075 1148 2106 τοῖς
1161 2075 1252 2105 αὐτοῖς
1266 2074 1416 2109 χαίρουσιν,
1434 2072 1494 2099 οὐδὲ
1511 2073 1614 2103 πάντες
1628 2073 1686 2103 τοῖς
1702 2072 1794 2103 αὐτοῖς
1804 2071 1880 2107 θεραι

1093 2119 1222 2146 πεύονται
1236 2118 1416 2154 βοηθήμασιν·
1433 2118 1489 2145 ἀλλ’
1506 2117 1568 2148 ὅσος
1581 2117 1636 2143 τῶν
1655 2116 1750 2144 παθῶν
1761 2118 1776 2144 ὁ
1789 2117 1878 2152 ἑσμὸς,

1092 2164 1218 2196 τοσοῦτος
1235 2164 1282 2191 καὶ
1293 2165 1306 2191 ὸ
1322 2163 1375 2190 τῶν
1389 2163 1552 2198 θεραπειῶν.

1217 2218 1299 2245 ΣΝΒ¹.
1311 2233 1347 2237 -
1358 2217 1509 2253 ΔΩΡΟΘΕῼ
1522 2217 1758 2252 ΠΡΕΣΒΥΤΕΡῼ.

653 2265 736 2292 Fama
751 2264 925 2298 memoriaque
941 2264 1068 2290 bonorum
1083 2265 1212 2298 perennis.
1230 2263 1296 2298 (lnf.
1314 2264 1389 2297 epist.
1408 2262 1482 2297 5l8.)

288 2321 345 2349 Etsi
361 2321 439 2348 amici
464 2328 548 2356 nuper
570 2321 624 2347 vita
651 2319 737 2347 l‘uncti
764 2319 894 2346 memoria
919 2319 989 2353 apud
1014 2325 1039 2346 te

1131 2319 1162 2345 Et
1177 2319 1223 2345 καὶ
1244 2318 1314 2344 ἔοικε
1331 2318 1369 2353 τῷ
1381 2317 1510 2344 τεθνεῶτι
1524 2317 1594 2352 φίλῳ
1607 2318 1683 2353 παρὰ
1703 2319 1773 2353 σοὶὴ
1788 2319 1879 2354 μνήμη

253 2375 307 2395 una
321 2367 493 2394 intercidisse
507 2367 642 2398 videatur,
657 2367 726 2402 apud
739 2373 782 2393 me
797 2370 886 2392 tamen
899 2365 1038 2392 intermori

255 2415 297 2442 illa
318 2421 370 2440 non
387 2416 475 2448 potest
491 2421 498 2439 :
514 2413 550 2439 ita
567 2417 595 2439 ιιι
608 2412 651 2439 hic
667 2412 774 2446 quidem
803 2419 856 2438 non
883 2412 1039 2446 exstingua-

253 2467 306 2492 tnr,
321 2460 346 2487 in
363 2459 446 2486 altera
462 2465 526 2485 vero
543 2458 596 2485 vita
614 2457 699 2492 magis
715 2458 860 2485 elucescal.

361 2513 470 2542 CCLlll.
486 2528 520 2532 —
539 2511 663 2540 ALYPlO
681 2511 924 2539 SCIIOLASTICO.

1094 2363 1320 2398 συντεθνηκέναι,
1340 2364 1404 2398 παρ’
1423 2363 1485 2398 ἐμοί
1505 2363 1578 2389 ἐστιν
1597 2363 1731 2394 ἀθάνατος
1743 2371 1751 2379 ·
1768 2364 1881 2390 ἐνταῦθα

1095 2410 1144 2444 μὲν
1163 2410 1200 2445 μὴ
1215 2409 1424 2444 ἀποθνῄσκουσα
1436 2428 1443 2441 ,
1461 2409 1550 2435 ἐκεῖσε
1570 2409 1618 2435 καὶ
1636 2409 1737 2444 μᾶλλον
1752 2409 1880 2444 ζωοποιη-

1093 2455 1239 2492 θησομένη.

1215 2510 1299 2536 ΣΝΡ.
1318 2523 1350 2529 -
1376 2509 1504 2544 ΑΛΥΠΙῼ
1525 2509 1757 2545 ΣΧΟΛΑΣΤΙΚῼ.

619 2557 656 2585 De
673 2559 739 2585 bono
754 2559 912 2594 virginitatis
928 2557 1051 2592 conjugio
1064 2557 1222 2590 prteslanlis.
1241 2554 1331 2590 (Cani.
1345 2555 1420 2588 epist.
1435 2554 1510 2589 218.)

287 2618 382 2644 Divina
404 2624 447 2643 res
460 2615 602 2650 virginitas
617 2621 668 2648 est,
691 2618 868 2648 naturamque
892 2614 1035 2642 excedn-ns.

254 2662 446 2690 llonorandum
467 2669 531 2688 vero
553 2660 702 2695 legitimum
718 2665 760 2687 est
774 2660 937 2694 conjugium.
956 2658 1037 2686 Scor-

252 2708 317 2734 tatio
329 2714 391 2734 vero
403 2712 495 2734 contra
511 2707 580 2740 leges
589 2711 640 2734 est.
657 2706 840 2739 Quamobrem
854 2705 897 2732 illa
911 2705 980 2732 caelo
992 2709 1033 2731 est

1133 2611 1164 2636 'll
1187 2611 1236 2645 μὲν
1254 2609 1388 2644 παρθενία
1414 2609 1537 2644 θειοτάτη
1564 2609 1624 2635 ἐστὶ
1647 2609 1695 2635 καὶ
1721 2609 1877 2644 ὑπερφυὴς,

1091 2657 1104 2683 ὁ
1119 2656 1147 2682 δὲ
1162 2656 1275 2690 νόμιμος
1290 2655 1377 2689 γάμος
1389 2654 1489 2689 τίμιος,
1506 2655 1522 2689 ὴ
1536 2654 1564 2680 δὲ
1579 2655 1694 2688 πορνεία
1710 2657 1876 2689 παράνομος.

1088 2703 1132 2729 Διὸ
1144 2703 1191 2729 καὶ
1206 2703 1221 2737 ἡ
1238 2702 1286 2737 μὲν
1301 2702 1354 2728 τῶν
1368 2701 1490 2736 οὐρανῶν
1503 2702 1576 2727 ἐστιν
1591 2701 1664 2733 ἀξία,
1680 2701 1694 2727 ὁ
1707 2701 1735 2728 δὲ
1753 2703 1803 2738 τῆς
1818 2701 1874 2737 γῆς,

798 2791 913 2819 VARle
935 2790 1126 2819 LECTIONES
1147 2790 1190 2817 ET
1212 2789 1327 2818 NOTAE.

285 2876 342 2909 (68)
366 2875 442 2903 \tubo
457 2874 533 2901 codd.
550 2872 608 2904 πῶς
625 2875 729 2898 mutant
744 2871 770 2897 in
789 2869 850 2896 ποῦ.
868 2870 973 2896 l’osux.

1127 2869 1181 2903 (69)
1197 2868 1293 2900 iidem,
1315 2866 1467 2893 πεττεῖςθαι.
1485 2865 1520 2892 In.
