2049 3162
180 175 248 209 1485

631 171 899 204 EPISTULARUM
920 172 991 203 LIB.
1013 170 1218 204 \C—EI’IST.
1237 173 1370 204 CCLVII.

1746 176 1812 209 17580

178 235 194 269 ὴ
209 232 238 260 δὲ
253 232 300 260 τοῦ
316 232 390 268 ᾆδον*
403 232 435 268 τῇ
453 232 500 267 μὲν
515 231 569 267 γὰρ
586 232 718 265 στέφανος
729 231 919 266 χρεωστεῖται,
932 230 970 265 τῷ

1029 231 1113 264 ligna,
1131 231 1246 257 alterum
1260 235 1329 257 terra
1349 239 1356 257 :
1372 235 1399 257 at
1418 230 1561 259 fornicatio
1580 231 1681 260 inferis.
1699 233 1744 261 Illa
1768 243 1814 262 cn-

178 279 206 305 δὲ
230 277 386 313 σύμμετρον
414 276 560 312 ἐγκώμιον,
586 277 618 312 τῇ
644 276 671 302 δὲ
697 276 827 312 τιμωρία.
853 275 969 310 Μοιχεία

178 324 233 360 γὰρ
247 345 253 354 ,
272 323 320 350 καὶ
343 323 423 358 φόνος
443 322 510 357 (70),
535 322 582 348 καὶ
603 322 637 348 τὰ
656 321 723 348 ἄλλα
740 322 915 357 πταίσματα,
933 319 971 347 ὧν

179 369 240 396 οὐδὲ
260 369 416 404 μνησθῆναι
435 369 531 403 θέμις,
548 368 668 403 τοσούτῳ
685 368 743 394 ἐστὶ
762 369 809 395 καὶ
831 368 881 403 τῆς
902 375 970 403 πορ-

179 416 253 448 νείας
272 415 426 452 βαρύτερα,
451 415 507 450 ὅσῳ
522 414 576 440 τῶν
597 414 668 441 κατὰ
687 413 768 448 φύσιν
792 413 972 448 πταισμάτων

158 489 163 491 ,
178 462 213 489 τὰ
228 462 303 498 παρὰ
320 461 400 496 φύσιν
418 460 586 497 μιαρώτερα,
615 459 696 486 Ἀλλὰ
717 459 805 486 ταῦτα
831 459 919 485 πάντα
937 459 972 486 τὰ

179 507 252 534 κακὰ
284 507 414 542 μετάνοια
441 505 591 541 είλικρινὴς
621 504 784 540 θεραπεύειν
813 505 969 538 ἐπίσταται,

179 552 254 587 παρὰ
268 552 315 579 τοῦ
338 552 431 588 κριτοῦ
462 551 511 587 τὴν
532 551 685 586 ἐπιστήμην
704 550 806 587 ταύτην
819 551 972 586 ἐγκεχειρι-

185 600 281 635 σμένη.

295 655 377 682 ENA’.
392 669 426 675 ——
442 652 593 687 ΤΙΜΟΘΕῼ
613 652 842 687 ΣΧΟΛΛΣΤΙΚῼ.

1026 281 1120 301 ronam
1134 274 1310 309 adipiscitur;
1328 275 1378 303 hoc
1396 276 1516 303 modeste
1531 281 1559 303 ut
1572 277 1710 305 laudetur:
1731 279 1813 306 [orni-

1024 320 1097 347 catio
1125 327 1190 347 vero
1220 321 1352 355 supplicio
1377 322 1466 357 digna.
1487 323 1655 351 Adulterium
1677 330 1767 353 autem
1788 332 1813 352 ιιι

1024 366 1121 396 caedes.
1133 365 1239 400 aliaque
1252 366 1361 401 ﬂagitia,
1375 375 1436 402 qua:
1448 369 1488 396 vel
1500 370 1641 398 nominare
1651 371 1687 398 sit
1701 371 1810 402 nefas",

1027 415 1101 438 tanto
1123 410 1304 438 fornicatione
1315 413 1450 446 graviora,
1464 419 1565 448 quanto
1582 417 1752 444 naturalibus
1767 417 1813 444 de-

1026 457 1097 485 lictis
1108 457 1198 492 pejora
1215 462 1287 489 sunt,
1305 465 1364 492 ιμιύ
1381 463 1475 486 contra
1493 466 1616 488 naturam
1639 464 1815 490 committun-

1026 508 1079 532 tur.
1093 503 1193 532 Verum
1213 504 1269 531 haec
1281 504 1372 531 omnia
1389 504 1484 531 delicta
1523 507 1631 534 sincera
1657 509 1815 542 poenitentia

1026 551 1136 586 expiare
1153 551 1237 583 novit,
1261 557 1293 577 ex
1318 551 1431 578 scientia
1464 559 1544 586 quam
1573 561 1695 581 sutnmus
1720 555 1817 583 indidit

1025 595 1123 624 Judcx.

1113 649 1225 678 CCLIV.
1237 665 1271 670 —
1287 649 1461 678 TlMOTl-IEO
1479 649 1725 680 SCHOLASTICO.

725 698 841 725 Adrcrsu
855 698 910 732 pali
924 697 1023 733 injuste
1042 697 1069 723 in
1084 697 1137 724 vita
1150 696 1270 730 perutile.

221 755 328 790 Ἐπειδὴ
342 755 373 781 τὸ
387 754 469 790 μηδὲν
480 753 576 781 παθεῖν
589 754 617 779 ἐν
631 753 670 788 τῷ
686 753 801 788 παρόντι
817 753 866 788 βίῳ
882 754 973 789 κρεῖτ-

180 812 224 830 τον
276 801 345 828 κατὰ
359 800 511 836 ἄνθρωπον,
536 800 646 835 ἄμεινον
663 799 693 826 τὸ
713 799 816 831 ἀδίκως
832 808 858 826 τι
875 799 971 826 παθεῖν

182 848 318 884 ῆδικαίως
332 846 399 882 (7|).
427 846 463 873 Τὸ
480 846 529 881 μὲν
550 845 603 881 γὰρ
628 845 781 879 φιλοσόφων
801 845 870 878 ἐστὶ,
895 845 925 871 τὸ
943 845 972 872 δὲ

1062 751 1127 779 Cum
1147 752 1172 778 in
1185 752 1235 780 hac
1248 751 1301 778 vita
1316 751 1385 778 nihil
1398 752 1504 779 adversi
1524 752 1629 788 perpeti
1646 760 1728 788 supra
1743 761 1816 781 mor-

1027 798 1120 824 talium
1134 798 1170 824 sit
1182 803 1295 829 sortem,
1313 799 1350 825 ita
1364 797 1460 826 melius
1478 798 1577 832 injuste
1592 799 1655 833 quid
1670 800 1722 834 pati
1736 807 1817 834 quam

1024 843 1106 877 juste.
1123 842 1179 870 Hoc
1194 843 1266 870 enim
1284 848 1326 870 est
1341 843 1555 879 philosophicum
1585 852 1617 872 ac
1642 845 1733 879 pium;
1752 845 1817 872 illiut

180 894 353 929 κακούργων·
368 893 397 919 τὸ
411 893 460 928 μὲν
474 892 636 927 εὐδοκίμων,
650 891 681 918 τὸ
697 892 724 918 δὲ
739 891 912 927 ἐργολάϐων·
927 892 974 918 καὶ

1029 895 1090 916 vero
1107 888 1293 922 improborum
1311 890 1459 924 proprium.
1478 889 1534 918 Hoc
1549 891 1696 924 proborum
1711 899 1743 919 ac
1759 892 1818 919 latt-

181 940 210 967 τὺ
226 940 276 975 μὲν
294 941 352 965 ἐστι
367 938 507 972 στεφάνων
521 937 659 969 ὑπόθεσις,
679 936 709 964 τὸ
720 937 748 963 δὲ
764 937 971 972 ἁμαρτημάτων

182 985 321 1018 ἀντίδοσις·
336 985 365 1011 τὸ
379 985 427 1020 μὲν
441 984 579 1019 ὀφειλέτην
592 983 735 1019 καθίστησι
746 984 790 1010 τὸν
805 983 882 1015 Θεὸν,
899 983 930 1009 τὸ
940 983 968 1010 δὲ

182 1031 346 1067 ὀφλημάτων
360 1032 418 1057 ἐστὶ
432 1030 563 1062 διάλυσις.

320 1131 403 1158 ΣΝΕ’.
419 1145 453 1150 ——
466 1128 644 1165 ΛΑΜΠΕΤΙῼ
665 1129 825 1164 ΔΙΑΚΟΝῼ.

1025 935 1175 962 dandorum
1189 939 1246 966 est;
1268 934 1332 962 illud
1354 935 1582 969 sycophantarum
1594 943 1641 963 seu
1653 936 1818 971 quadrupla-

1025 985 1124 1007 torum.
1137 979 1170 1006 Et
1181 979 1231 1006 hoc
1243 980 1351 1014 quidem
1368 988 1496 1007 coronam
1522 986 1658 1015 meretur;
1676 982 1739 1008 illud
1755 990 1817 1016 pec-

1024 1031 1147 1053 catorum
1171 1031 1211 1053 est.
1233 1033 1337 1053 merces
1360 1033 1368 1052 :
1388 1026 1520 1061 hujusque
1545 1027 1651 1055 debitor
1666 1028 1736 1056 Deus
1757 1033 1815 1061 est;

1024 1072 1088 1099 illud
1103 1080 1166 1099 vero
1182 1071 1334 1100 debitorum
1348 1073 1500 1100 dissolutio.

1159 1126 1260 1154 CCLV.
1275 1141 1309 1147 -—
1325 1126 1501 1155 LAMPETIO
1517 1128 1675 1157 DlACONO.

407 1175 485 1210 Regis
498 1182 519 1202 et
537 1176 642 1210 tyranni
657 1175 807 1202 ditcrimeu.
821 1174 919 1202 Contra
937 1174 1037 1209 factum
1051 1174 1224 1209 quorumdam
1238 1173 1317 1208 epist.
1335 1173 1414 1207 (Vide
1428 1175 1502 1209 epist.
1520 1175 1593 1210 126.)

216 1229 284 1256 Δίαν
301 1227 444 1264 θαυμάζω,
466 1229 524 1261 πῶς
542 1229 616 1261 τινὲς
638 1229 687 1265 μὲν
705 1229 761 1257 τῶν
778 1229 902 1266 ἀρχαίων
924 1229 972 1260 τὰς

183 1274 340 1310 τυραννίδας
355 1275 394 1305 είς
413 1274 548 1309 πατρικὴν
571 1274 734 1309 κηδεμονίαν
752 1273 882 1308 ἔτρεψαν-
898 1272 973 1303 τινὲς

183 1320 211 1346 δὲ
226 1319 281 1346 τῶν
296 1320 355 1346 νυνὶ
374 1318 600 1355 νεωτεριζόντων,
622 1319 670 1345 καὶ
683 1319 732 1354 τὴν
748 1317 910 1353 ποιμενικὴν
928 1326 972 1352 φι-

184 1365 343 1401 λοστοργίαν
367 1366 408 1397 είς
432 1365 597 1401 τυραννικὴν
623 1365 786 1399 αὐτονομίαν
813 1363 970 1400 μετέϐαλον·

185 1411 233 1446 οὐχ
246 1410 394 1437 ὑπεύθυνον
410 1411 496 1446 ἀρχὴν
510 1409 744 1445 ὲμπεπιστεῦθαι,
761 1410 819 1436 ἀλλ’
837 1410 973 1445 αὐτοκρα-

186 1457 298 1492 τορικὴν
317 1457 440 1490 ἐξουσίαν
453 1456 643 1492 κεκληρῶσθαι
661 1457 831 1491 νομίσαντες.

337 1558 428 1593 ENG'.
442 1573 477 1578 —
495 1558 588 1594 ΚΥΡῼ
610 1557 823 1585 ΜΟΝΑΖΟΝΤΙ.

1062 1229 1189 1256 Admiror
1207 1229 1332 1264 equidem
1348 1234 1376 1256 ut
1390 1229 1540 1264 antiquitus
1554 1230 1676 1257 nonnulli
1693 1232 1817 1266 tyranni-

1025 1275 1086 1302 dem
1101 1282 1163 1302 cum
1177 1274 1265 1309 patrio
1291 1279 1478 1308 permutarent
1492 1273 1589 1302 oliicio.
1612 1274 1725 1308 Quidam
1752 1283 1818 1303 vero

1028 1328 1101 1348 nunc
1120 1321 1201 1348 rebus
1216 1320 1293 1347 novis
1305 1319 1456 1353 studentes,
1475 1327 1506 1347 ac
1521 1321 1684 1355 pastoralem
1696 1329 1817 1349 amorem

1027 1374 1089 1401 erga
1107 1373 1215 1401 gregem
1230 1366 1280 1393 sibi
1293 1365 1468 1393 commissum
1479 1366 1506 1393 in
1524 1367 1694 1401 tyrannidem
1709 1372 1817 1395 verten-

1028 1418 1069 1439 tes
1089 1419 1141 1439 non
1165 1415 1304 1444 rexerunl,
1323 1411 1399 1445 quasi
1422 1411 1553 1438 creditum
1571 1411 1622 1439 sibi
1646 1417 1717 1439 esset
1737 1413 1820 1448 impe-

1028 1458 1109 1489 rium,
1126 1457 1172 1484 sed
1191 1457 1265 1484 velut
1275 1457 1423 1492 imperandi
1438 1461 1600 1492 potestatem
1615 1462 1686 1486 sorte
1700 1457 1817 1486 oblatam

1028 1503 1081 1530 sint
1101 1503 1184 1530 nacti.

1190 1555 1301 1584 CCLV].
1318 1570 1352 1576 —
1365 1554 1459 1583 (ΞΥΗο
1475 1554 1652 1584 MONACIIO.

874 1603 912 1630 De
924 1603 993 1631 male
1015 1604 1131 1631 invidia}.

223 1660 255 1687 Οἱ
272 1660 316 1686 νοῦ
335 1659 382 1686 καὶ
398 1660 555 1695 φρονήσεως
569 1657 757 1694 ἁμοιροῦντες,
778 1658 896 1689 ἐκείνους
919 1657 975 1683 δια-

188 1705 295 1732 τελοῦσι
320 1704 480 1740 μισοῦντες,
506 1704 554 1734 οὒς
578 1704 611 1730 ἂν
636 1702 829 1729 ὑποπτεύσωσι
855 1702 976 1737 βελτίους

189 1752 292 1778 ἑαυτῶν
314 1751 404 1782 ὄντας·
425 1750 519 1777 καὶτὸ
543 1751 620 1785 μῖσος
641 1748 788 1784 τρέφουσιν
812 1748 862 1775 οὐκ
875 1748 921 1782 ἀφ’
939 1744 976 1774 ὧν

189 1797 356 1833 ἠδικήθησαν
378 1794 469 1833 (ἦττον
482 1797 536 1832 γὰρ
552 1796 584 1822 ἂν
600 1793 633 1831 ἦν
650 1795 716 1826 ἴσως
730 1794 838 1830 κακὸν),
858 1793 914 1820 ἀλλ’
929 1793 975 1827 ἀφ’

187 1839 225 1869 ὧν
237 1842 286 1878 τῆς
298 1842 355 1869 κατ’
374 1841 472 1877 ἀρετὴν
488 1840 612 1872 εὐκλείας
623 1840 866 1876 ἀπολιμπάνονται.

320 1896 402 1925 ΣΝΖ’.
416 1911 451 1916 -
468 1897 592 1931 ΖΩΣΙἉΙῼ
611 1896 847 1931 ΠΡΕΣΒΥΤΕΡῼ.

1066 1657 1117 1691 Qui
1141 1662 1232 1686 mente
1257 1658 1454 1693 prudentiaque
1480 1664 1585 1691 carent,
1612 1659 1703 1687 odisse
1732 1660 1819 1687 solent

1030 1709 1159 1740 perpetuo
1187 1711 1255 1739 quos
1279 1712 1340 1733 sese
1372 1705 1497 1732 meliores
1535 1712 1595 1733 esse
1634 1706 1817 1740 suspicantur,

1030 1751 1159 1785 aluntque
1168 1751 1258 1778 odium
1276 1759 1340 1787 erga
1366 1758 1424 1784 eos,
1440 1759 1492 1779 non
1507 1759 1522 1778 a
1535 1751 1632 1786 quibus
1647 1751 1734 1780 all'erti
1751 1753 1820 1786 inju-

1031 1797 1070 1824 ria
1086 1801 1148 1824 sunt
1161 1797 1261 1832 (minus
1278 1797 1349 1824 enim
1366 1797 1393 1824 id
1409 1797 1509 1824 malum
1528 1797 1642 1825 fortasse
1664 1797 1756 1831 foret).
1771 1799 1819 1826 sed

1032 1849 1046 1869 a
1068 1843 1166 1878 quibus
1184 1843 1291 1870 virtutis
1312 1843 1395 1877 gloria
1413 1848 1587 1877 superantur.

1137 1896 1260 1924 CCLV".
1274 1912 1309 1917 —-
1326 1896 1453 1925 ZOSIMO
1472 1897 1712 1926 PRESBYTERO.

410 1943 450 1969 Ad
465 1944 559 1969 bonam
579 1943 673 1969 invitat
689 1943 801 1977 frugem,
817 1943 1033 1978 acqttiescettdum
1047 1943 1164 1970 consiliis
1178 1944 1315 1970 bonorum.
1333 1943 1427 1979 (Supr.
1439 1944 1514 1978 epist.
1528 1945 1602 1979 105.)

224 1997 270 2032 Μὴ
286 1997 334 2032 τὴν
351 1998 383 2024 ἐκ
400 1998 447 2031 τῆς
462 1997 565 2028 οἰκείας
584 1997 721 2032 ῥᾳθυμίας
743 1996 843 2032 ψῆφον,
863 1997 911 2032 τὴν
926 1997 980 2023 ὑπὸ

188 2044 242 2071 τῶν
259 2043 293 2070 τὰ
309 2043 379 2070 αὑτά
395 2051 435 2070 σοι
452 2043 576 2078 δρώντων
593 2043 774 2079 κυρουμένην,
791 2044 840 2078 τῆς
854 2043 981 2080 ἀληθείας

189 2089 260 2118 εἷναι
277 2090 390 2126 νομίσῃς
409 2090 633 2126 ἀξιοπιστοτέραν
659 2091 694 2126 (εί
711 2090 766 2126 γὰρ
782 2091 830 2117 καὶ
845 2091 861 2126 ἡ
882 2099 981 2126 χειρω-

190 2138 296 2173 σαμένη
320 2145 349 2163 σε
368 2137 418 2171 τῆς
441 2137 539 2169 κακίας
563 2138 639 2168 νόσος
655 2137 742 2164 ταῦτά
762 2146 804 2163 σοι
819 2137 978 2172 νομοθετεῖ,

1066 1998 1105 2026 Ne
1122 1999 1238 2033 propriae
1260 1999 1375 2034 ignavia!
1388 1999 1550 2027 sententiam
1566 2000 1599 2028 ab
1612 2000 1658 2033 iis,
1674 2000 1756 2036 637
1773 2003 1818 2036 qui

1031 2046 1058 2072 in
1077 2045 1171 2073 eadem
1199 2049 1287 2073 tecum
1311 2045 1387 2080 culpa
1410 2050 1483 2078 sunt,
1500 2046 1688 2074 conﬁrmatam
1704 2047 1818 2074 veritate

1032 2091 1083 2119 {ide
1098 2092 1247 2126 digniorem
1263 2098 1323 2119 esse
1342 2097 1430 2126 putes.
1450 2091 1478 2119 Si
1495 2091 1568 2118 cnim
1583 2096 1609 2119 et
1623 2091 1733 2119 malitia:
1745 2100 1820 2120 mor-

1031 2138 1093 2169 bus,
1112 2145 1165 2171 quo
1193 2137 1307 2172 raperis,
1324 2137 1383 2164 hac
1408 2137 1455 2164 tibi
1483 2137 1643 2172 prmscribit,
1665 2138 1821 2173 habeasque

189 2184 237 2210 καὶ
249 2183 312 2215 τοὺς
325 2183 359 2209 τὰ
374 2182 443 2209 αὐτά
456 2191 497 2209 σοι
513 2183 657 2214 νοσοῦντας
665 2183 812 2214 ἐπαινέτας
827 2182 905 2218 ἔχεθ’
922 2182 975 2208 ἁλλ“

1032 2183 1183 2210 laudatores
1209 2183 1257 2214 lui,
1281 2184 1326 2217 qui
1348 2182 1442 2210 eodem
1468 2188 1555 2209 tecum
1577 2182 1671 2210 morbo
1685 2183 1820 2214 laborant,

189 2229 216 2255 εί
225 2238 256 2264 γε
269 2229 306 2264 μὴ
321 2229 360 2260 είς
375 2229 523 2264 ἀνήκεστον
538 2227 619 2264 ἦλθες
634 2229 780 2264 ῥαθυμίαν,
798 2229 847 2255 οὐκ
859 2228 913 2255 ἀπὸ
927 2229 980 2254 τῶν

190 2274 337 2301 νοσούντων
367 2274 471 2306 δίκαιος
498 2274 530 2301 ἂν
555 2274 617 2308 εἴης
638 2274 730 2300 λαϐεῖν
759 2274 810 2306 τὰς
836 2274 900 2309 περὶ
927 2274 981 2300 τῶν

190 2321 360 2356 πραγμάτων
391 2321 496 2356 ψήφους
527 2320 573 2356 (εἰ
599 2321 653 2356 γὰρ
678 2320 783 2350 τούτοις
810 2321 902 2355 ﬁdem,
937 2319 983 2346 ml.

191 2367 317 2402 ἰατρικῆς
343 2367 391 2393 καὶ
421 2366 579 2401 φιλοσοφίας
603 2366 820 2401 καταψηφίσῃ),
846 2366 903 2393 ἀλλ’
927 2366 981 2392 ἀπὸ

189 2411 244 2437 τῶν
266 2411 451 2445 ὑγιαινόντων.
478 2411 508 2437 El
525 2411 547 2437 δ’
573 2411 658 2442 οὐδείς
685 2420 725 2437 σοι
745 2411 877 2445 ὑγιαίνειν
896 2411 980 2442 δοκεῖ,

192 2456 308 2491 μάλιστα
334 2457 382 2492 μὲν
411 2458 498 2489 νοσεῖς
528 2458 619 2491 (72)·
647 2459 671 2483 εί
697 2458 725 2484 δὲ
753 2458 896 2489 ἀπιστεῖς,
923 2459 981 2489 ταῖς

191 2502 276 2534 θείαις
293 2503 414 2538 Γραφαῖς
429 2502 559 2537 ἐντυχὼν,
579 2503 638 2538 εἴσῃ
650 2504 697 2529 καὶ
711 2503 757 2529 τοῦ
769 2505 920 2538 νοσήματος
932 2503 981 2538 τὴν

192 2548 303 2579 κακίαν,
317 2547 366 2574 καὶ
384 2548 431 2583 τῆς
447 2548 545 2579 κακίας
561 2548 611 2582 τὴν
627 2548 798 2583 ἀπαλλαγήν.

227 2627 248 2642 ⁸³
266 2627 367 2662 Ephes.
385 2635 411 2660 ν,
429 2627 461 2659 5;
475 2626 580 2654 Coloss.
595 2634 637 2660 ιιι,
655 2627 670 2653 5

1031 2228 1092 2264 (nisi
1116 2228 1142 2255 in
1168 2228 1342 2255 incurabilem
1368 2227 1439 2255 forte
1465 2227 1588 2255 morbum
1615 2227 1756 2263 incidisti),
1769 2236 1821 2255 non

1032 2275 1068 2302 sit
1083 2282 1188 2309 acquum
1210 2276 1242 2302 ab
1267 2274 1345 2309 aegris
1361 2275 1484 2308 accipere
1507 2281 1597 2300 rerum
1619 2278 1725 2300 tuamm
1749 2273 1823 2308 judi-

1033 2320 1106 2347 cium
1122 2321 1196 2353 (nam
1220 2320 1242 2346 si
1269 2326 1316 2346 cos
1331 2319 1463 2353 sequaris,
1481 2318 1704 2345 condemnaberis
1724 2318 1822 2345 merito

1035 2373 1050 2392 ει
1064 2365 1176 2392 medicis
1189 2371 1221 2391 ac
1235 2364 1413 2399 philosophis)
1434 2365 1481 2391 sed
1502 2371 1517 2390 a
1542 2369 1614 2390 recte
1628 2363 1779 2391 valentibus
1791 2371 1822 2390 ac

1035 2410 1118 2437 sanis.
1137 2408 1214 2442 Quod
1235 2409 1257 2436 si
1276 2417 1355 2437 netno
1371 2409 1463 2436 valens
1478 2409 1524 2436 tibi
1548 2408 1673 2436 videatur
1695 2409 1822 2443 (aegrotas

1035 2457 1106 2483 enim
1123 2455 1211 2491 valde)
1221 2463 1251 2483 ac
1267 2455 1288 2483 si
1308 2462 1361 2482 non
1381 2455 1470 2482 credis
1486 2459 1559 2482 recta
1573 2454 1708 2486 suadenti,
1727 2455 1760 2480 ad
1779 2461 1823 2480 sa-

1036 2510 1111 2529 crant
1136 2501 1305 2536 Scripturam
1327 2506 1352 2528 te
1378 2501 1502 2536 recipito,
1524 2505 1553 2527 ut
1576 2500 1663 2528 morbi
1675 2506 1824 2534 cognoscas

1037 2548 1090 2574 vim
1106 2551 1132 2575 et
1146 2547 1255 2575 malitiae
1272 2548 1380 2575 haurias
1395 2547 1602 2575 correctionem.

742 2685 859 2712 VARI/li
883 2685 1078 2714 LECTIONES
1098 2685 1141 2712 ET
1161 2683 1276 2713 NOTA‘J.

227 2752 284 2787 (70)
300 2752 385 2779 Codd.
405 2752 465 2780 Val.
482 2752 534 2779 650
548 2756 574 2779 et
587 2753 654 2784 Alt.,
667 2752 772 2786 φθόνος·
791 2752 880 2786 placet
892 2756 980 2778 tamen

193 2788 256 2815 mihi
273 2788 379 2822 quidem
395 2788 479 2819 magis
490 2788 554 2814 editi
573 2787 660 2814 lectio.
679 2787 784 2814 Possis.

228 2820 289 2858 (7η
303 2822 372 2849 Edit.
388 2823 487 2858 Paris,
502 2823 612 2856 ἄμεινον
625 2823 659 2858 τὸ
674 2822 774 2853 ἀδίκως
787 2830 794 2837 ⁸
811 2821 911 2858 τὸνμὲν
928 2820 981 2858 γὰρ

193 2855 345 2891 φιλοσόφων
364 2857 433 2883 ἐστί.
451 2855 538 2885 Locus
555 2857 692 2892 suppletur
708 2866 739 2885 ex
767 2858 826 2884 cod.
841 2857 895 2884 Alt.
911 2855 982 2890 apud

195 2894 346 2920 l’ossinum.
359 2892 437 2919 Eon.

1073 2752 1127 2785 (72)
1144 2753 1193 2779 Ed.
1203 2752 1300 2784 Paris.,
1314 2752 1376 2779 εἰσί.
1393 2751 1623 2787 Legendunresse
1631 2753 1718 2783 νοσεῖς
1733 2759 1764 2779 ex
1780 2760 1823 2779 sc—

1036 2787 1180 2821 quentibus
1197 2792 1318 2821 apparet,
1332 2792 1358 2813 ct
1371 2786 1446 2819 supr;
1458 2794 1500 2819 ep.
1513 2786 1562 2813 l59
1572 2806 1579 2817 ,
1591 2794 1651 2820 pag.
1662 2786 1704 2818 79,
1716 2795 1785 2814 vers.
1796 2788 1823 2818 5,

1036 2822 1091 2856 ὅσῳ
1115 2819 1160 2848 οὖν
1183 2819 1289 2859 -χέίρων
1312 2821 1389 2859 ὁμὴ
1406 2821 1574 2859 ἀἰσθόμενος
1593 2819 1671 2852 τέως
1696 2822 1745 2859 τῆς
1780 2824 1824 2849 νό-

1038 2855 1095 2889 σου,
1112 2862 1164 2884 εις⁴
1183 2855 1249 2883 Vide
1263 2861 1288 2883 et
1305 2857 1382 2890 epist.
1404 2856 1420 2882 8
1432 2861 1456 2883 et
1472 2855 1533 2883 ‘26:).
1552 2857 1670 2884 Scuo'r't‘.
