2049 3162
176 187 245 221 1493

613 195 880 228 EPISTOLARUM
896 199 968 230 LIB.
989 201 1021 231 Υ.
1043 215 1076 219 —
1095 204 1213 234 EPIST-
1231 207 1377 238 CCLXXI.

1737 204 1803 235 HM

177 257 232 283 ρων
244 248 383 283 προγόνων
397 250 503 285 ἔχοντα.
522 251 622 286 Πρώην
639 253 689 287 μὲν
719 255 772 289 γὰρ
788 255 961 289 εὖαγγελικὸν

1017 258 1070 285 lum
1093 260 1167 294 prius
1195 265 1331 291 memoriae
1357 265 1488 300 majorum
1519 271 1579 291 sese
1604 266 1711 298 gerunt.
1732 261 1802 289 Olim

177 293 226 320 καὶ
238 294 418 322 ὰποστολικὸν
438 296 657 332 πολιτευομένων
676 298 733 333 βίον
745 299 799 325 τῶν
817 300 865 335 τὴν
887 301 966 336 ἱερω-

177 338 260 382 σύνην
270 341 458 376 ὲστεμμένων,
482 342 622 378 εἰκότωςὴ
640 344 773 380 ἱερωσύνη
790 347 822 380 τῇ
841 346 964 382 βασιλείᾳ

175 381 210 417 ἦν
225 383 340 420 φοὸερά·
358 385 406 412 νῦν
426 385 454 412 δὲ
467 387 484 421 ἡ
503 386 625 421 βασιλεία
642 389 675 423 τῇ
697 389 845 425 ἱερωσύνῃ·
864 381 964 425 μᾶλλον

176 427 204 453 δὲ
226 428 276 455 οὐκ
295 429 374 465 αὐτῇ,
389 430 456 457 ἀλλὰ
469 433 525 462 τοῖς
542 431 666 467 ίερᾶσθαι
681 433 731 468 μὲν
743 434 862 467 δοκοῦσι,
876 436 909 462 δι’
926 433 964 464 ὧν

175 473 205 499 δὲ
223 474 388 509 πράττουσιν
403 476 488 511 αὐτὴν
505 476 657 512 ὑσρίζονσι,
679 478 723 504 Διό
736 487 781 513 μοι
791 479 865 507 δοκεῖ
883 482 929 508 καὶ
946 483 962 518 ἡ

177 519 302 553 βασιλεία
312 521 423 553 εἰκότως
439 523 539 549 ποιεῖν·
553 523 585 550 οὐ
599 523 652 559 γὰρ
662 524 712 559 τὴν
724 525 875 561 ἱερωσύνην
887 527 964 563 ὑϐρί-

178 573 222 592 σαι
237 567 428 602 προῃρημένη,
441 569 474 604 ἣν
489 568 638 602 ὲκθειάζει,
652 570 710 597 ἀλλ’
723 570 864 607 ἐκδικῆσαι
885 573 963 610 ὑϐρι-

176 610 306 646 ζομένην,
330 613 393 644 τοὺς
407 613 437 640 οὐ
459 613 573 647 δεόντως
591 615 659 651 αὐτῇ
676 617 834 652 χρωμένους
855 627 961 654 σωφρο-

177 656 254 688 νὶζει.

368 758 446 785 ΣΞΘ⁶.
467 775 500 780 -—
518 761 600 796 ΗΛΙᾼ
616 761 771 799 ΔΙΑΚΟΝῼ,

1018 303 1090 330 enim
1120 313 1181 332 cum
1207 309 1390 343 evangelicam
1421 315 1449 337 et
1469 309 1646 344 apostolicam
1675 308 1805 335 ducerent

1017 348 1100 375 vitam
1124 351 1169 384 qui
1192 353 1277 379 sacris
1303 354 1354 382 rite
1379 355 1573 390 operabantur,
1590 355 1688 382 tnerito
1721 354 1802 390 regiae

1018 392 1142 427 dignitati
1173 401 1253 422 erant
1277 399 1397 425 terrori:
1417 407 1490 426 nunc
1512 407 1578 427 vero
1604 404 1701 427 contra
1724 399 1799 434 regia

1018 437 1146 472 maiestas
1159 440 1304 468 sacerdoti.
1325 442 1370 469 Vel
1384 444 1474 477 potius
1493 452 1546 472 non
1566 445 1629 479 ipsi,
1643 445 1690 472 sed
1705 445 1747 478 iis,
1758 445 1803 479 qui

1017 484 1173 512 sacerdotes
1197 486 1306 520 quidem
1335 487 1471 520 videntur,
1496 489 1574 517 factis
1602 495 1691 518 autem
1719 490 1802 518 statui

1017 535 1080 558 sunt
1091 531 1192 565 injurii.
1204 531 1288 560 Recte
1298 533 1389 567 itaque
1402 535 1547 562 consulunt
1562 540 1700 571 aguntque
1713 543 1802 571 reges.

1017 576 1075 604 Non
1091 578 1162 604 cnim
1185 579 1366 606 sacerdotium
1393 579 1491 607 laedere
1520 582 1688 615 propositum
1701 587 1741 609 est
1758 582 1802 613 iis,

1017 624 1088 658 quod
1105 624 1228 659 religiose
1240 625 1289 660 ipsi
1305 630 1493 660 revereantur,
1503 627 1549 654 sed
1562 627 1700 654 vindicare
1713 627 1803 654 lmsam

1017 669 1176 702 dignitatem
1203 671 1236 698 ab
1260 667 1304 705 iis,
1330 672 1375 706 qui
1406 679 1460 700 non
1487 671 1577 700 debite
1602 672 1806 704 administrant.

1018 719 1151 750 satagunt.

1168 770 1304 799 CCLXIX.
1317 788 1348 792 ——
1356 772 1470 800 HELl/E
1499 772 1655 801 DlACONO.

178 802 239 830 Pati
259 804 379 838 aduersa,
398 806 516 834 salutare
529 809 633 842 corpori
659 810 813 844 animmque.
830 809 947 873 (Cur/'85.
962 814 1037 846 epist.
1056 815 1114 867 25::
1126 821 1150 843 el
1165 817 1239 851 260.)
1261 827 1270 843 ‹
1283 819 1303 845 Α
1322 818 1434 846 Ι)οωὶηο
1449 819 1618 854 ιοννὶρίηιαν,
1637 827 1668 846 ne
1682 827 1739 846 cum
1753 820 1800 846 ltoc

809 853 870 872 mun
892 855 906 871 0
941 856 1078 873 attinemur
1120 871 1126 873 _
1149 861 1158 873 ι

809 853 906 872 mundo
923 853 1078 876 damnamur
1092 853 1126 878 ⁵³.
1149 861 1158 877 ι

213 893 250 919 Οὺ
265 894 327 926 τοὺς
349 895 504 928 πταίοντας,
524 893 547 923 ὦ
569 898 629 930 τᾶν,
644 898 690 924 καὶ
714 898 910 934 κολαζομένους
925 901 961 927 ὲν-

1055 904 1260 940 Delinquentes,
1277 907 1343 935 heus
1364 912 1390 934 tu
1405 909 1411 934 ι
1433 913 1460 936 et
1475 908 1501 935 in
1526 909 1577 936 hac
1595 909 1649 936 vita
1668 908 1792 944 castigati

176 939 264 966 ταῦθα
279 940 388 976 θρηνεῖν
402 942 467 977 χρὴ,
482 942 549 969 ἀλλὰ
563 944 627 974 τοὺς
637 944 793 980 ἁτιμωρητὶ
804 946 962 978 πταίοντας.

178 986 283 1021 Ὥσπερ
299 987 352 1022 γὰρ
370 988 400 1014 οὐ
423 988 454 1014 τὸ
473 990 560 1016 νοσεῖν
584 989 679 1022 δεινὸν,
697 990 765 1017 ἀλλὰ
788 991 818 1018 τὸ
833 992 963 1019 νοσοῦντα

176 1031 324 1066 θεραπείαν
349 1033 386 1068 μὴ
406 1034 583 1069 προσίεσθαι·
609 1036 714 1062 οὐδὲτὸ
736 1036 807 1072 ἔχειν
828 1038 962 1073 σηπεδόνα

176 1075 282 1111 θρήνων
300 1077 386 1111 ἄξιον,
401 1079 469 1106 ἀλλὰ
487 1079 518 1106 τὸ
534 1079 631 1115 ἔχοντα
647 1081 685 1116 μὴ
704 1082 849 1109 ἀπολαύειν
861 1104 864 1106 .
876 1084 963 1119 ἰατρι-

176 1121 227 1155 κῆς
246 1122 344 1158 τέχνης
371 1123 396 1159 (ὁ
418 1124 471 1160 γὰρ
479 1124 652 1161 ’τεμνόμενος
669 1126 716 1153 καὶ
739 1127 882 1163 καιόμενος
897 1128 964 1164 πρὸς

176 1166 326 1202 θεραπείαν
344 1168 440 1201 ὁδεύει,
455 1169 504 1205 τὴν
518 1171 571 1197 ἀπὸ
589 1171 638 1206 τῆς
655 1172 802 1208 ἀλγηδόνος
817 1173 964 1209 θεραπείαν

176 1213 406 1249 καρπωσάμενος)
416 1222 422 1228 ·
433 1214 504 1242 οὕτω
517 1217 563 1243 καὶ
578 1217 624 1244 ἐπὶ
636 1218 691 1244 τῶν
706 1219 800 1254 ψυχῶν
813 1220 964 1248 διακεῖσθαι

175 1259 239 1293 χρή.
255 1260 288 1285 Αἰ
304 1260 354 1295 μὲν
373 1261 426 1297 γὰρ
441 1261 622 1298 κολαζόμεναι
639 1264 767 1297 ἐνταῦθα,
786 1266 854 1302 πρὸς
870 1267 964 1301 ὑγείαν

175 1304 314 1332 ἕλκονται·
338 1307 366 1334 αἱ
385 1307 414 1333 δὲ
432 1308 586 1345 ἀτιμωρητὶ
603 1310 758 1344 πταίουσαι,
784 1313 823 1344 εἰς
844 1313 964 1348 ἀναλγη-

176 1349 235 1377 σίαν
250 1351 398 1380 ὁδεύουσιν.

349 1407 409 1436 ΣΟ’.
427 1424 463 1429 -η
481 1410 613 1446 ΕΡΜΙΝῼ
631 1412 778 1440 ΚΟΜΗΤΙ.

1012 950 1167 985 deplorandi
1184 959 1238 980 non
1260 957 1334 986 sunt,
1347 954 1392 981 sed
1416 955 1462 989 qui
1486 955 1611 989 impuniti
1631 955 1742 982 abeunt.
1764 954 1800 982 Ut

1012 997 1083 1024 enim
1098 1005 1150 1025 non
1164 1003 1219 1026 tam
1231 999 1373 1027 molestum
1385 1004 1427 1027 est
1442 1005 1586 1035 aegrotare,
1603 1008 1684 1036 quam
1708 1000 1802 1028 morbo

1016 1043 1147 1070 medelam
1162 1051 1215 1071 non
1227 1045 1336 1078 all'erri;
1361 1045 1442 1081 64],
1469 1053 1501 1073 ac
1528 1054 1615 1081 neque
1642 1051 1804 1081 putrescens

1017 1089 1094 1116 ulcus
1106 1089 1232 1118 lamentis
1249 1090 1284 1118 sit
1295 1091 1418 1125 dignum,
1436 1091 1482 1119 sed
1508 1093 1598 1127 potius
1625 1092 1775 1119 remedium
1787 1099 1803 1118 a

1017 1136 1123 1163 medico
1137 1143 1189 1163 non
1205 1136 1328 1164 adhiberi
1350 1146 1357 1164 :
1374 1137 1420 1172 qui
1434 1137 1507 1164 enim
1529 1141 1639 1165 secatur
1668 1137 1802 1171 uriturva,

1019 1181 1052 1208 ad
1066 1182 1233 1208 curationem
1251 1186 1389 1217 properat,
1401 1181 1524 1210 dolorum
1550 1187 1728 1217 percepturus
1744 1189 1803 1209 me-

1018 1226 1105 1253 delam
1122 1235 1128 1254 :
1144 1227 1214 1254 idem
1234 1227 1332 1254 animis
1345 1228 1490 1255 usuvcnire
1516 1227 1728 1255 existimandum
1749 1231 1800 1254 est.

1017 1271 1082 1305 Quae
1108 1273 1180 1300 enim
1200 1273 1243 1301 hic
1266 1279 1352 1308 poena:
1379 1273 1563 1309 suppliciaqne
1587 1273 1748 1308 tolerantur,
1768 1274 1802 1301 ad

1015 1317 1128 1345 salutem
1146 1319 1305 1353 traducunt;
1331 1325 1359 1347 at
1381 1320 1492 1354 impune
1512 1320 1557 1354 qui
1585 1319 1684 1352 ierunt,
1700 1320 1717 1347 ii
1746 1319 1802 1347 fere

1016 1363 1079 1390 mali
1094 1364 1134 1391 sui
1147 1371 1256 1391 sensum
1276 1365 1413 1392 amittunt.

1156 1415 1282 1443 CCLXX.
1307 1431 1343 1438 —
1362 1416 1516 1444 llERMlNO
1535 1417 1658 1445 COMITI.

385 1453 553 1482 Tenlaliones
568 1457 685 1490 exemplo
701 1457 752 1485 Job
764 1459 846 1486 saluti
860 1467 925 1487 esse.
947 1461 1065 1494 (Confer.
1081 1461 1155 1494 epist.
1169 1461 1215 1494 59,
1233 1461 1278 1493 68,
1295 1461 1338 1494 71,
1352 1462 1396 1494 87,
1416 1462 1449 1488 96
1464 1467 1488 1489 cl
1501 1462 1574 1497 9:26.)

210 1509 248 1535 υὺ
261 1508 370 1541 πάντως
384 1510 418 1536 τὰ
431 1511 500 1538 αὐτὰ
511 1511 585 1546 πάθη
597 1511 646 1544 τὰς
657 1513 742 1544 αὑτὰς
753 1513 830 1548 ῥίζας
842 1514 958 1550 ἔχουσιν,

172 1555 233 1581 οὐδὲ
253 1556 337 1582 πᾶσαι
353 1557 380 1583 αἱ
395 1556 521 1588 κολάσεις
545 1558 662 1586 ἐνταῦθα
672 1560 704 1586 ἐκ
716 1560 960 1596 πλημμελημάτων

172 1599 221 1631 τὰς
237 1600 380 1633 ὑποθέσεις
402 1602 523 1636 ἔχουσιν·
538 1602 595 1629 ἀλλ’
613 1604 636 1629 οἱ
660 1604 709 1638 μὲν
726 1604 759 1631 δι’
773 1606 962 1641 ἁμαρτήματα

175 1644 346 1678 κολάζονται,
373 1647 397 1673 οἱ
420 1647 448 1673 δὲ
472 1647 516 1673 διὰ
538 1647 569 1674 τὸ
582 1648 780 1684 δοκιμασθῆναι
798 1651 960 1685 πάσχουσιν,

172 1690 206 1716 ἵν’
231 1691 253 1716 oi
289 1691 338 1726 μὲν
358 1692 446 1725 δίκας,
463 1693 487 1719 oi.
512 1693 540 1719 δὲ
562 1693 672 1728 δοκίμια
691 1694 741 1729 τῆς
764 1696 865 1730 ἀρετῆς
881 1696 960 1724 δοῖεν.

173 1735 306 1771 Καθάπερ
326 1737 379 1772 γὰρ
404 1738 420 1772 ἡ
445 1737 583 1772 βασανῖτις
604 1739 679 1771 λίθος
701 1741 747 1767 τὸν
774 1742 873 1776 χρυσὸν
890 1742 962 1769 δοκι-

174 1781 266 1816 μάζει,
283 1782 313 1814 ἐξ
335 1780 368 1818 ἧς
385 1783 459 1810 λίθου
478 1781 555 1819 οἶμαι
573 1785 666 1812 καὶτὸ
682 1786 874 1821 βασανίζεσθαι
892 1789 960 1815 ὠνο-

174 1828 425 1863 ματοπεποιῆσθαι·
455 1829 526 1856 οὕτω
551 1831 597 1856 καὶ
623 1831 647 1857 οἱ
671 1832 820 1867 πειρασμοὶ
839 1833 902 1864 τοὺς
923 1833 961 1859 δι-

172 1873 267 1906 καίους
290 1874 456 1909 ἐλέγχουσιν,
479 1875 515 1907 ὡς
533 1875 579 1902 καὶ
593 1876 631 1911 τῷ
659 1876 717 1903 Ἰὼϐ
741 1877 852 1913 ἔῤῥὲθη·
874 1889 883 1904 ‹
902 1878 960 1906 Οἴει

174 1927 207 1954 με
226 1919 314 1951 ἄλλως
334 1929 373 1946 σοι
388 1922 631 1956 κεχρηματικέναι,
648 1922 664 1957 ἦ
681 1922 724 1949 ἵνα
739 1923 907 1960 ἀναφανείης
920 1924 960 1951 δί-

172 1973 267 1998 καιος;
290 1975 298 1991 ι
327 1967 357 1992 Οἱ
382 1967 410 1993 δὲ
436 1967 544 2001 ἀνόητοι
568 1968 623 1994 ἀπὸ
646 1968 699 1995 τῶν
728 1971 890 2005 πειρασμῶν
914 1971 961 1997 καὶ

172 2011 235 2042 τοὺς
261 2011 336 2046 βίους
359 2012 413 2038 τῶν
431 2012 635 2047 πειραζομένων
652 2014 850 2043 διαϐάλλουσιν.
872 2017 960 2054 Ὅπερ

172 2057 220 2082 καὶ
235 2057 259 2082 oi.
271 2057 318 2083 τοῦ
341 2057 401 2083 ’1ὼό
419 2057 500 2092 φίλοι,
522 2058 568 2085 καὶ
585 2059 598 2085 ὁ
609 2059 715 2094 Σεμεεὶ,
731 2060 777 2086 καὶ
789 2061 814 2087 οἱ
828 2061 960 2097 βάρϐαροι

173 2102 351 2129 πεπόνθασιν.
377 2103 407 2129 Οἱ
430 2103 478 2138 μὲν
496 2103 550 2138 γὰρ
569 2103 661 2137 ἔλεγον
678 2104 715 2139 τῷ
732 2105 846 2141 ἁοιδίμῳ
862 2115 960 2141 στεφα-

172 2148 233 2184 νίτῃ
252 2148 291 2183 τῷ
318 2150 407 2175 πᾶσαν
428 2148 475 2175 τοῦ
502 2149 624 2176 διαϐόλου
653 2151 821 2186 συγκόψαντι
843 2153 893 2188 τὴν
915 2153 960 2179 δύ-

173 2202 265 2228 ναμιν·
285 2204 294 2219 ι
320 2195 377 2220 Οὔκ
395 2193 456 2226 ἄξια
469 2191 506 2220 ὧν
522 2195 684 2230 ἡμάρτηκας
701 2198 924 2232 μεμαστίγωσαι;
946 2209 955 2225 t

1014 2199 1137 2226 dixerunt
1159 2209 1165 2226 :

178 2240 207 2266 ’0
230 2240 258 2266 δὲ
282 2240 444 2274 ἀνδροφόνον
468 2241 560 2267 ἐκάλει
577 2241 620 2267 τὸν
644 2243 806 2276 πραότατον,
830 2244 884 2270 ἀπὸ
908 2245 957 2280 τῆς

175 2287 317 2321 συμφορᾶς
334 2286 437 2321 ταύτην
451 2286 542 2321 φέρων
557 2286 622 2322 περὶ
640 2287 722 2313 αὐτοῦ
744 2288 792 2324 τὴν
807 2289 906 2324 ψῆφον.
927 2291 958 2317 Οὶ

174 2332 202 2358 δὲ
226 2332 321 2367 ἐπειδὴ
338 2332 352 2358 ὁ
369 2332 426 2366 ἔχις
447 2331 502 2367 (75)
527 2331 576 2366 τῆς
597 2332 689 2367 χειρὸς
713 2332 802 2368 εἴχετο
828 2335 877 2369 τῆς
893 2336 960 2362 ἁπορ

176 2377 312 2412 στολικῆς,
331 2377 450 2411 ἔφασκον
461 2385 467 2392 ·
488 2386 496 2402 ι
514 2377 626 2408 Πάντως
643 2379 738 2411 φονεύς
752 2379 959 2415 ὲστινόἅνθρωο

175 2431 225 2454 στος
243 2420 330 2454 οὗτος,
349 2423 377 2449 ὃν
394 2422 560 2450 διασωθέντα
583 2422 615 2450 ὲκ
630 2424 680 2459 τῆς
706 2423 841 2460 θαλάττης
855 2427 871 2460 ἡ
899 2425 958 2461 δίκη

177 2469 225 2504 ζῇν
240 2469 290 2495 οὐκ
305 2469 405 2496 εἴασεν.
426 2479 434 2494 ι

380 2515 462 2542 sua.
488 2530 521 2534 η-
545 2516 753 2551 ΘΕΟΓΝΩΣΤῼ.

1050 1515 1213 1544 Aﬂ‘ectiones
1229 1517 1329 1545 eadem
1357 1517 1464 1544 radices
1487 1517 1588 1544 habent
1615 1525 1668 1545 non
1691 1517 1801 1545 omnino

1014 1562 1133 1595 easdem,
1150 1567 1179 1590 ut
1203 1570 1291 1598 neque
1304 1570 1391 1597 poenae
1406 1562 1450 1590 hic
1464 1570 1558 1590 omnes
1573 1571 1606 1590 ex
1622 1568 1742 1598 peccatis
1755 1563 1801 1591 ha-

1013 1609 1078 1635 bent
1093 1607 1226 1643 originem
1240 1616 1246 1634 :
1264 1608 1311 1636 sed
1329 1608 1374 1635 alii
1390 1609 1425 1636 ob
1440 1608 1555 1636 crimina
1576 1609 1734 1643 puniuntur,
1755 1609 1799 1636 alii

1014 1662 1089 1686 vero,
1106 1658 1136 1681 ut
1157 1654 1305 1689 probentur
1330 1654 1568 1689 explorenturque,
1591 1655 1651 1682 ideo
1664 1655 1800 1690 castigan-

1014 1703 1065 1725 tur.
1082 1698 1119 1725 llli
1132 1699 1240 1733 quidem
1261 1703 1288 1726 ut
1301 1706 1395 1734 pmnas
1414 1700 1487 1732 dent,
1502 1699 1528 1726 hi
1556 1707 1620 1728 vero
1644 1704 1674 1728 ut
1693 1701 1800 1728 virtutis

1013 1744 1076 1770 dcnt
1091 1743 1237 1778 specimen.
1255 1743 1487 1777 Quemadmodum
1516 1744 1582 1779 lapis
1604 1745 1676 1772 enim
1699 1745 1800 1780 Lydius

1013 1787 1169 1823 βασανίτης.
1185 1788 1342 1822 explorator,
1353 1788 1451 1821 dictus,
1465 1788 1535 1823 quod
1546 1796 1640 1815 aurum
1652 1788 1774 1822 exploret
1791 1799 1798 1816 :

1013 1834 1083 1860 unde
1107 1838 1135 1860 et
1147 1833 1271 1861 Grrecum
1285 1834 1394 1861 verbum
1421 1833 1613 1869 βασανίζεσθαι
1629 1841 1677 1869 pro
1698 1834 1799 1861 exami-

1013 1887 1076 1907 nare
1094 1883 1120 1906 et
1136 1879 1273 1913 explorare
1288 1879 1438 1906 derivatum
1454 1888 1460 1906 :
1486 1880 1525 1907 sic
1542 1885 1570 1908 et
1587 1880 1652 1915 ipsa}
1669 1879 1792 1907 tentatio-

1012 1932 1059 1952 nes
1082 1925 1170 1960 instes
1196 1926 1344 1953 ostendunt
1374 1933 1406 1953 ac
1435 1926 1559 1960 probant,
1589 1931 1618 1953 ut
1641 1925 1690 1953 .lob
1706 1925 1796 1952 dixit:

1014 1979 1024 1996 ι
1046 1970 1128 1997 Putas
1139 1978 1181 1998 me
1194 1971 1274 1998 aliter
1285 1971 1457 2005 respondisse
1469 1971 1517 1999 tibi
1532 1978 1611 2006 quam
1624 1976 1653 1998 ut
1668 1977 1797 2005 apparens

1009 2015 1099 2050 justus
1112 2015 1153 2042 “‘2
1171 2025 1180 2042 ι
1202 2015 1362 2051 lnsipienles
1389 2024 1452 2044 vero
1479 2016 1514 2044 ob
1533 2017 1696 2043 tentationes
1716 2015 1797 2042 vitam

1012 2061 1117 2089 illorutn
1132 2061 1177 2096 qui
1193 2066 1331 2089 tentantur
1342 2062 1530 2094 criminantur,
1542 2067 1571 2089 ut
1585 2066 1610 2089 et
1624 2062 1703 2089 amici
1715 2061 1798 2096 ipsius

1010 2108 1071 2142 Job,
1083 2113 1111 2136 et
1125 2108 1225 2141 Semci,
1251 2116 1283 2136 ac
1302 2108 1409 2135 barbari
1427 2107 1562 2135 fecerunt.
1582 2106 1622 2134 llli
1643 2107 1714 2135 ettint
1736 2106 1797 2133 illu-

1010 2154 1059 2180 stri
1084 2153 1203 2187 athletae,
1221 2154 1267 2188 qui
1288 2162 1394 2182 omnem
1417 2154 1546 2182 daemonis
1564 2154 1644 2189 fregit
1658 2154 1797 2188 impetum,

1192 2209 1201 2225 ι
1236 2199 1333 2228 Nonne
1361 2200 1440 2234 digne
1467 2200 1502 2228 ob
1521 2204 1631 2235 peccata
1651 2199 1798 2234 llagellatus

1013 2240 1042 2272 cs
1061 2245 1106 2272 “7?
1128 2255 1136 2271 ι
1155 2245 1244 2274 Semei
1259 2253 1323 2273 vero
1335 2246 1508 2273 mitissimum
1526 2245 1653 2272 Davidcm
1670 2245 1798 2272 inclamat

1013 2296 1042 2317 ιιι
1072 2291 1245 2323 homicidam,
1271 2291 1432 2319 calamitatis
1458 2291 1510 2318 hoc
1539 2290 1629 2317 ferens
1653 2289 1797 2322 judicium.

1011 2336 1122 2364 Barbari
1138 2344 1202 2364 vero
1230 2337 1268 2372 (in
1287 2337 1373 2365 Melita
1392 2336 1502 2372 insula),
1517 2344 1578 2364 cum
1602 2337 1696 2371 anguis
1722 2335 1798 2363 Pauli

1011 2389 1120 2408 manum
1141 2383 1373 2416 apprehendisset,
1387 2382 1544 2417 jactarunt:
1566 2390 1575 2406 ι
1594 2381 1691 2415 Utique
1709 2381 1797 2408 homi-

1011 2426 1072 2453 cida
1088 2431 1130 2454 est
1142 2427 1184 2454 hic
1198 2427 1277 2454 homo
1292 2437 1299 2455 :
1328 2428 1373 2462 qui
1389 2436 1449 2455 cuin
1462 2427 1579 2455 evaserit
1599 2434 1613 2454 e
1636 2426 1715 2458 mari,
1731 2425 1798 2452 ultio

1013 2480 1064 2499 non
1083 2473 1146 2500 sinit
1161 2480 1222 2500 cum
1238 2474 1328 2501 vivere
1344 2474 1374 2501 ⁸⁸.
1397 2484 1406 2499 ι

1190 2519 1325 2546 CCLXXI.
1335 2535 1370 2540 —
1382 2518 1621 2547 THEOGNOSTO.

177 2561 288 2594 Divitiw,
305 2563 396 2594 Itonor,
409 2567 433 2589 et
452 2563 592 2596 prudentia
610 2563 735 2594 humana,
749 2563 935 2624 caduralsznl.
953 2564 1182 2626 irleothapaa'stat
1199 2565 1251 2592 Deo
1270 2566 1409 2599 conﬁdere.
1427 2565 1514 2600 (Conl.
1530 2565 1604 2599 episl.
1626 2565 1654 2597 5,
1666 2563 1700 2592 50
1712 2569 1733 2590 ει
1750 2563 1794 2595 53.

821 2602 844 2624 ει
868 2606 875 2624 ι
896 2617 903 2624 .
920 2606 950 2625 ttt
969 2605 1044 2626 enisi.
1077 2600 1093 2626 ὁ
1113 2606 1133 2626 .t

821 2602 844 2624 ει
857 2600 903 2624 ltb.
920 2606 950 2625 ttt
969 2600 1044 2633 epist.
1058 2600 1133 2635 250.)

210 2653 303 2683 Οὐδὲν,
320 2649 342 2678 ὦ
364 2651 511 2687 θαυμάσιε,
532 2653 546 2677 ὁ
565 2651 691 2683 πλοῦτος,
708 2652 759 2678 κᾶν
782 2652 863 2684 πολὺς
913 2652 958 2679 καὶ

176 2698 306 2724 πάντοθεν
320 2698 452 2733 ἐπιρρέῃ·
474 2697 547 2724 οὐδὲν
569 2697 598 2725 τὸ
619 2697 738 2732 ἀξίωμα,
753 2696 803 2724 κᾶν
820 2697 958 2732 βασιλικὸν

212 2775 233 2790 ⁵⁵
248 2774 331 2802 lCor.
350 2781 387 2806 χι,
404 2773 449 2800 52.

1048 2654 1164 2685 Divitim,
1183 2654 1223 2680 vir
1242 2655 1409 2688 admiranda,
1435 2655 1484 2682 etsi
1511 2652 1612 2685 multm,
1628 2656 1654 2680 et
1677 2651 1795 2686 undique

1012 2698 1162 2731 aﬂluentes,
1180 2699 1245 2726 nihil
1263 2705 1332 2733 sunt,
1351 2707 1437 2734 tteque
1453 2699 1580 2733 dignitas,
1596 2705 1629 2727 ne
1652 2698 1724 2733 regia
1738 2697 1798 2733 qui.

494 2773 515 2788 °°
529 2772 578 2800 Job
597 2780 694 2804 xxxttt.
708 2772 751 2800 5'2.
791 2773 812 2790 ⁶⁷
829 2773 894 2800 ibid.
932 2775 953 2789 ⁵⁸
966 2775 1024 2802 Act.
1046 2783 1140 2807 χκγιιι,
1158 2777 1184 2803 4.

722 2831 840 2858 VARle
860 2832 1049 2860 LECTIONES
1068 2834 1113 2861 ΕΤ
1135 2834 1251 2862 NOTAE.

211 2899 267 2935 (75)
284 2899 334 2928 l’ro
345 2900 359 2925 ὁ
374 2899 430 2934 ἔχις
445 2899 521 2927 ambo
534 2898 609 2927 codd.
624 2899 722 2927 habent
739 2900 754 2933 ἡ
769 2899 833 2934 ἔχις.
854 2899 956 2928 Possis.
