2049 3162
176 186 243 221 1501

597 192 866 223 EPISTOLARUM
886 193 960 224 LIB.
981 194 1015 226 V.
1033 208 1067 212 —
1081 173 1402 229 EPISTICCLXXXV.

1736 197 1804 231 1502

170 245 258 278 τάξιν,
275 245 323 270 καὶ
340 244 477 271 δουλεύειν
492 245 650 280 ὀφείλουσα,
666 248 805 283 ἡγεῖσθαι,
821 248 921 284 μᾶλλον
934 249 962 275 δὲ

999 255 1127 284 ,pretans
1138 252 1209 279 illius
1221 254 1413 281 meditationes
1443 262 1449 280 :
1468 253 1509 280 sin
1533 254 1654 282 ordinem
1676 255 1747 282 hunc
1761 257 1803 283 in-

169 291 312 326 τυραννεῖν
323 290 368 317 οἶα
384 300 413 317 τε
434 289 504 318 εἶναι
522 293 637 328 νομίζοι,
671 293 914 329 ἐξοστρακισθῆναι
929 294 962 322 ἇν

167 336 210 372 εἴη
228 337 331 364 δικαία.

346 399 430 426 ΣΠΒ’.
446 414 481 420 -
496 401 609 437 ΒυΗΘῼ
626 403 782 440 ΜΟΝΑΧῼ.

1017 301 1114 329 vertat,
1133 301 1160 323 et
1180 304 1241 325 cum
1263 299 1360 326 debeat
1385 299 1497 332 servire,
1524 308 1619 335 regere
1647 305 1692 328 aut
1714 302 1803 335 potius

1016 342 1150 377 imperare
1170 343 1237 375 vult,
1265 351 1372 378 aequum
1389 349 1431 372 est
1448 350 1477 372 ut
1494 346 1654 381 expellatur.

1138 405 1313 434 CCLXXXII.
1330 423 1364 427 ——
1385 407 1495 435 BOETO
1513 408 1688 437 MONACIIO.

451 459 502 486 Dei
520 460 652 488 voluntate
663 462 730 496 justi
742 464 768 490 in
787 464 885 492 mundo
896 473 963 499 sirpe
977 464 1136 500 aﬂiiguntur.
1151 463 1270 499 (Confer.
1289 465 1364 499 epist.
1384 465 1400 493 6
1415 470 1439 492 et
1454 466 1510 501 86.)

201 522 246 558 Μὴ
264 523 415 558 θορυϐείτω
429 533 459 551 σε
471 525 503 551 τὸ
515 526 631 559 πολλοὺς
638 527 697 554 τῶν
709 528 862 564 φιλαρέτων
874 531 959 565 μυρία

163 568 284 595 ἐνταῦθα
311 570 429 604 πάσχειν
456 571 541 605 δεινὰ,
571 573 630 599 ἀλλ’
656 575 696 606 εἰς
717 574 820 601 ἔννοιαν
847 575 957 610 ἀγέτω,

162 615 203 641 ὅτι
218 615 266 642 καὶ
281 617 305 642 oi.
330 616 385 643 τῶν
404 617 451 644 ἐπὶ
468 618 521 653 γῆς
547 619 680 654 βασιλέων
704 620 784 655 φίλοι,
810 617 884 648 οὗτοι
904 623 956 657 μά-

163 660 242 687 λιστα
268 663 546 697 παρακινδυνεύουσιν
570 666 598 691 ἐν
628 665 768 701 πολέμοις,
799 667 846 693 καὶ
871 667 956 703 τραύ-

164 714 239 741 ματα
250 707 351 743 ἔχουσι,
370 709 404 736 δι’
415 706 453 736 ὧν
466 710 500 736 τὰ
514 711 632 746 τρόπαια
656 711 785 747 ἔστησαν,
802 713 958 748 ἀποδημίας

163 760 195 777 τε
208 753 318 787 μακρὰς
338 754 504 782 στέλλονται.
528 755 558 782 Εἰ
570 756 598 782 δὲ
610 757 640 783 οὺ
657 757 802 793 καταδέχῃ,
817 759 901 785 ἐννόει
916 759 957 786 ὅτι

163 797 217 823 εἰσί
232 806 304 830 τινες
317 799 364 825 καὶ
382 800 436 826 τῶν
448 800 562 828 δικαίων
583 803 724 829 κάνταῦθα
743 803 955 839 εὐημεροῦντες.

162 840 246 868 Ὥστε
271 844 295 870 εἰ
316 844 525 878 σκανδαλίζουσί
544 855 584 879 σε,
603 848 650 874 an
665 848 863 885 ἀσθενέστερον
877 849 953 882 ὅντα,

160 887 186 913 oi
211 887 240 913 ὲν
262 891 437 924 πειρασμοῖς,
456 891 684 926 οἰκοδομείτωσάν
701 902 730 920 σε
746 895 770 920 οἱ
798 895 826 920 ὲν
851 895 952 921 ἀνέσει.

1048 529 1119 557 Cave
1131 530 1273 558 conturbet
1290 534 1316 557 te
1330 530 1401 564 quod
1423 530 1499 557 multi
1519 531 1595 565 probi
1613 532 1681 559 mala
1697 533 1799 561 inﬁnita

1012 576 1166 610 patiantur;
1184 576 1231 604 sed
1252 576 1279 603 in
1297 581 1415 603 tuentem
1433 584 1546 609 revoca,
1564 578 1634 604 idem
1655 579 1735 605 etiam
1755 587 1799 606 re-

1011 629 1072 656 gum
1088 622 1184 648 amicis
1199 622 1354 649 usuvenire.
1373 621 1405 648 Hi
1421 621 1492 648 enim
1508 621 1534 648 in
1546 621 1616 648 bello
1627 622 1798 656 potissimum

1010 667 1218 702 periclitantur,
1238 667 1429 702 accipiuntque
1453 667 1579 698 vulnera,
1609 667 1707 702 quibus
1732 667 1799 702 erigi

1007 712 1096 739 solent
1114 716 1223 747 tropaea,
1236 717 1263 740 et
1278 713 1304 740 in
1319 712 1482 747 longinquas
1493 712 1653 746 ablegantur
1663 712 1798 745 regiones.

1006 757 1082 790 Quod
1098 757 1121 784 si
1142 765 1194 785 non
1212 758 1299 792 capis,
1315 757 1403 791 cogita
1420 761 1447 784 et
1463 763 1522 784 esse
1545 756 1681 790 justorum
1698 756 1798 783 multos

1006 803 1126 837 perbelle
1143 803 1186 830 hic
1203 808 1313 838 agentes
1327 810 1359 829 ac
1379 803 1480 837 quiete.
1510 802 1602 836 Itaque
1620 802 1642 829 si
1658 801 1798 829 aliendant

1003 847 1077 874 velut
1091 848 1296 876 imbecilliorem
1313 849 1358 883 qui
1377 848 1403 875 in
1423 848 1618 876 tentationilrns
1652 852 1725 879 sunt,
1741 847 1797 874 eri-

1003 899 1069 929 gant
1083 895 1219 930 tranquilli
1235 905 1241 922 :
1259 896 1321 922 etsi
1350 893 1487 922 offendant
1510 895 1554 929 qui
1574 894 1601 921 in
1619 894 1748 920 vitiorum
1765 893 1798 920 li-

160 931 217 958 Καὶ
233 933 256 959 εἰ
278 933 484 967 σκανδαλίζουσί
500 945 529 962 σε
543 937 567 963 οἱ
586 938 614 963 ἐν
634 938 725 964 ἀνέσει
742 938 797 965 τῶν
814 939 952 975 πονηρῶν,
969 934 973 962 J

1005 940 1094 967 centia
1110 945 1265 973 versantur,
1278 941 1422 968 emendent
1439 945 1464 968 te
1479 941 1523 975 qui
1546 940 1633 975 poenis
1650 944 1677 966 et
1690 938 1796 974 suppli-

158 977 333 1012 ὀρθούτωσάν
354 988 383 1007 σε
399 982 423 1008 οξ
446 981 475 1009 ἐν
489 982 599 1010 κολάσει
617 984 665 1010 καὶ
681 986 838 1020 τιμωρίαις.

265 1045 347 1072 XIII".
371 1062 406 1066 —
421 1047 586 1084 ΘΕΟΔΟΣΙῼ
602 1050 830 1087 ΣΧΟΛΑΣΤΙΚῼ.

1008 985 1058 1012 ciis
1075 984 1238 1012 adiciuntur.

1043 1049 1232 1077 CCLXXXIH.
1250 1065 1284 1071 ——
1299 1049 1495 1078 THEODOSIO
1511 1049 1758 1077 SCIIOLASTICO.

571 1105 714 1139 Vir/utam,
729 1108 905 1143 vitiorumque
920 1107 1026 1134 nomina
1044 1115 1060 1133 a
1075 1107 1166 1133 multis
1177 1106 1388 1139 confunduntur.

193 1167 262 1194 Δίαν
283 1168 416 1204 θαυμάζω
447 1170 500 1197 τῶν
533 1171 580 1197 καὶ
604 1172 638 1198 τὰ
663 1173 815 1209 πράγματα
843 1173 890 1200 καὶ
918 1173 954 1200 τὰ

155 1212 279 1248 ὀνόματα
296 1215 475 1249 συγχεόντων.
493 1217 540 1248 EE;
550 1217 677 1245 τοσοῦτον
694 1219 745 1254 γὰρ
761 1219 857 1254 σοφίας
869 1219 953 1254 ἥκου-

160 1267 216 1290 σιν,
230 1259 268 1292 ὡς
280 1261 330 1296 τὴν
346 1261 395 1296 μὲν
410 1263 568 1299 παρρησίαν
582 1264 775 1299 ἀναισχυντίαν
783 1265 886 1299 καλεῖν,
904 1266 953 1301 τὴν

153 1305 185 1331 δὲ
198 1305 390 1341 ἀναισχυντίαν
404 1309 573 1344 παρρησίαν,
596 1311 657 1337 κατ’
676 1310 759 1346 ἄμφω
782 1311 954 1346 ἁμαρτάνον-

153 1358 212 1382 τες.
229 1351 315 1378 Τοῦτο
332 1352 386 1388 γὰρ
412 1353 524 1389 δρῶσιν,
539 1355 555 1390 ἢ
581 1355 624 1382 ἵνα
651 1355 701 1391 τὴν
717 1357 873 1393 παρῤησίαν
889 1358 950 1384 ἐπι-

155 1396 332 1432 στομίσωσιν,
342 1398 358 1434 ἢ
368 1399 410 1426 ἵνα
417 1399 466 1435 τὴν
476 1401 670 1436 ἀναισχυντίαν
679 1403 719 1433 είς
731 1402 841 1437 μείζονα
852 1403 952 1431 κακίαν

152 1443 413 1480 παιδοτριϐήσωσιν,
430 1446 480 1473 οὐκ
502 1446 614 1480 εἰδότες,
628 1448 644 1483 ἢ
661 1447 763 1480 εἰδότες
779 1449 840 1484 μὲν,
861 1458 951 1485 παρα-

152 1488 325 1525 λογιζόμενοι
343 1490 371 1517 δὲ
384 1491 507 1525 ἑαυτοὺς,
527 1493 567 1520 ὅτι
583 1494 762 1528 ἀναισχυντία
778 1494 827 1530 μέν
838 1495 914 1522 ἐστιν
934 1497 950 1531 ἠ

152 1535 203 1561 ἐπὶ
216 1537 273 1567 τοῖς
292 1537 443 1572 αἰσχίστοις
464 1538 579 1565 πάθεσιν
598 1539 710 1575 ἀναιδὴς
726 1540 856 1576 φλυαρία,
878 1543 950 1578 παῤ-

153 1581 239 1615 ῥησία
257 1581 286 1608 δὲ
305 1582 322 1617 ἡ
335 1582 382 1608 ἐπὶ
396 1583 454 1614 τοῖς
478 1583 632 1616 καλλίστοις
649 1584 781 1620 εΰτολμος
803 1585 946 1620 ἀπολογία.

1040 1172 1125 1200 Valde
1142 1172 1266 1207 equidem
1288 1179 1334 1199 cos
1349 1171 1484 1204 admiror,
1509 1172 1555 1206 qui
1572 1175 1600 1199 et
1628 1178 1672 1199 res
1700 1177 1727 1199 et
1747 1179 1796 1201 no-

1003 1217 1076 1244 mina
1089 1217 1269 1244 confundunt.
1289 1217 1328 1244 Eo
1345 1217 1417 1244 enim
1433 1217 1555 1245 scientiae
1570 1222 1678 1244 ventum
1693 1222 1744 1250 est,
1761 1223 1791 1246 ut

1003 1262 1109 1289 dicendi
1127 1262 1278 1289 libertatem
1291 1261 1482 1297 impudentiam
1492 1262 1652 1295 nominent;
1667 1267 1793 1290 etcontra

1004 1307 1198 1342 impudentiam
1214 1307 1340 1342 loquendi
1359 1311 1454 1334 vocent
1467 1307 1638 1341 libertatem,
1666 1308 1793 1342 utrinque

1005 1357 1129 1380 errantes
1144 1362 1151 1380 :
1170 1352 1251 1387 idque
1268 1353 1372 1380 faciunt
1386 1359 1415 1380 ut
1430 1353 1471 1380 vel
1490 1353 1615 1388 loquendi
1637 1353 1790 1381 libertatem

1000 1406 1047 1426 ore
1058 1399 1149 1426 clauso
1169 1403 1198 1426 et
1213 1399 1337 1426 obturato
1358 1399 1514 1431 refrenent,
1532 1399 1574 1426 vel
1597 1404 1626 1426 ut
1650 1400 1792 1434 impuden~

1001 1446 1066 1472 tiam
1081 1445 1113 1472 ad
1131 1445 1260 1480 majorem
1273 1445 1423 1480 nequitiam
1438 1445 1528 1480 pueris
1547 1445 1695 1479 instillent;
1712 1446 1792 1481 idque

1000 1493 1152 1519 nescientes
1161 1491 1202 1518 vel
1217 1491 1334 1519 scientes
1343 1492 1462 1527 quidem,
1474 1491 1521 1519 sed
1535 1491 1638 1526 seipsos
1649 1491 1790 1520 fallentes:

999 1537 1071 1571 quod
1088 1537 1253 1570 impudentia
1268 1537 1377 1572 quidem
1390 1537 1426 1564 sit
1439 1537 1470 1563 de
1487 1537 1610 1571 turpibus
1620 1537 1790 1571 passionibus

1000 1583 1180 1610 inverecunda
1200 1583 1322 1618 nugatio,
1341 1582 1454 1610 libertas
1474 1590 1538 1610 vero
1558 1583 1664 1610 dicendi
1693 1591 1786 1611 rerum

153 1626 218 1662 Χρὴ
236 1625 282 1655 οὖν
298 1628 335 1663 μὴ
352 1630 414 1660 ταῖς
430 1629 485 1656 τῶν
502 1629 709 1665 διεφθαρμένων
732 1617 857 1666 γνώμαις
884 1617 948 1658 έπε-
962 1617 973 1645 ί

1000 1628 1164 1662 optimarum
1187 1628 1274 1654 audax
1295 1627 1429 1655 defensio.
1462 1627 1520 1655 Non
1545 1628 1635 1663 itaque
1655 1631 1790 1664 corruptis

153 1672 235 1706 σθαι,
250 1673 318 1701 ἀλλὰ
332 1676 366 1710 τῇ
387 1675 442 1702 τῶν
471 1676 644 1711 πραγμάτων
664 1676 789 1712 ἀληθείᾳ.
809 1677 876 1704 Οὐδὲ
893 1678 948 1714 γὰρ

152 1720 226 1746 κατὰ
251 1720 404 1755 ἀνθρώπων
433 1722 516 1757 μόνον
535 1722 691 1754 ὁπλίζουσιν
719 1723 743 1749 oi
762 1723 879 1750 τοιοῦτοι
897 1724 947 1756 τὰς

152 1764 287 1799 γλώττας,
298 1767 367 1793 ἀλλὰ
378 1768 426 1794 καὶ
438 1768 509 1795 κατά
519 1769 569 1803 τῆς
581 1768 655 1799 θείας
663 1768 814 1804 δυνάμεως.
827 1769 882 1805 Τὴν
892 1770 946 1804 γὰρ

155 1811 442 1849 μακροθυμίαναὺτῆς
466 1814 596 1851 ἀμέλειαν
621 1814 875 1851 προσαγορεύοντες
893 1815 944 1842 οὐκ

151 1857 329 1894 ἐρυθριῶσιν.
348 1859 430 1886 οὐδὲν
441 1858 487 1886 οὖν
504 1860 672 1896 θαυμαστὸν,
692 1862 716 1887 εί
731 1861 851 1896 ὀνόματα
865 1861 946 1896 ἀμεί-

153 1903 248 1931 ϐουσιν
262 1906 286 1931 οἱ
303 1906 461 1941 πάντολμοι,
483 1907 563 1934 ὁπότε
577 1907 623 1934 καὶ
641 1908 680 1938 εἰς
691 1907 806 1943 οὐρανὸν
820 1907 855 1934 τὰ
879 1907 945 1942 βέλη

152 1949 304 1985 πέμπουσι.

293 2007 374 2033 ΣΠΔ¹.
398 2022 433 2027 -
456 2008 566 2042 ΠΡΙΜῼ
591 2008 802 2036 ΜΟΝΛΖΟΝΤΙ.

1002 1673 1204 1701 assentiendum
1228 1673 1418 1708 opinionibus,
1444 1674 1490 1701 sed
1515 1682 1604 1701 rerum
1630 1675 1720 1709 potius
1745 1675 1789 1702 in-

1000 1719 1148 1746 sistendum
1164 1719 1281 1746 veritati.
1313 1719 1370 1746 Non
1386 1720 1458 1747 enim
1480 1720 1508 1747 lii
1534 1720 1561 1747 in
1583 1721 1707 1748 homines
1719 1722 1789 1749 dun-

1001 1769 1075 1791 taxat
1103 1765 1208 1800 linguas
1236 1770 1347 1798 aeuunt,
1373 1765 1420 1792 sed
1442 1770 1469 1792 et
1494 1765 1521 1792 in
1538 1765 1656 1793 divinum
1672 1765 1786 1795 Numen.

999 1808 1244 1845 Longatiimitatem
1257 1810 1330 1837 enim
1343 1810 1390 1838 Dei
1409 1810 1599 1845 negligentiam
1615 1810 1787 1846 interpretari

996 1864 1050 1883 non
1065 1856 1240 1883 erubescunt.
1263 1856 1332 1889 Quid
1354 1857 1452 1884 mirum
1469 1857 1550 1893 igitur
1570 1858 1592 1885 si
1608 1858 1716 1886 nomina
1743 1859 1786 1886 isti

996 1902 1119 1930 audacnli
1129 1907 1295 1937 permutant,
1309 1911 1370 1930 cum
1389 1908 1416 1931 et
1438 1904 1464 1930 in
1479 1904 1577 1931 C(Billlll
1589 1904 1693 1939 iaciant
1716 1906 1788 1933 tela?

1112 2004 1303 2032 CCLXXXIV.
1321 2019 1356 2025 —
1375 2005 1483 2033 PRIMO
1497 2005 1676 2034 ΜΟΝΑΟΠΟ·

209 2063 300 2091 Virtus
315 2073 359 2098 spe
375 2066 642 2100 prwmiisuslinelur,
660 2066 704 2093 sed
723 2071 746 2092 el
762 2066 817 2100 ipsa
838 2067 919 2094 virtus
939 2063 987 2092 sibi
1003 2062 1140 2097 praemium
1158 2070 1189 2088 ac
1205 2070 1312 2090 meroes.
1328 2062 1417 2098 (Conf.
1432 2063 1508 2098 epist.
1524 2063 1568 2097 63,
1585 2064 1646 2097 150,
1659 2063 1734 2100 225.)

192 2129 222 2155 '0
235 2129 368 2164 στέφανον
383 2131 619 2166 ἐπαγγελλόμενος
631 2131 679 2166 τὴν
688 2131 790 2167 ἀρετὴν
801 2131 942 2162 ἀσκοῦντι,

150 2175 197 2201 δύο
214 2176 356 2211 χαρίζεται
377 2177 482 2212 δωρεάς
500 2185 507 2191 '
524 2177 587 2212 μίαν
609 2177 659 2211 μὲν
682 2177 730 2212 τὴν
756 2177 865 2212 πρᾶξιν,
883 2178 944 2203 ἑτέ-

151 2230 202 2256 ραν
219 2222 247 2248 δὲ
259 2222 308 2257 τὴν
323 2223 449 2258 ἀμοιϐήν.
473 2224 551 2257 Ἐμοὶ
565 2224 619 2258 γὰρ
634 2223 680 2250 καὶ
695 2225 708 2250 ὁ
722 2221 804 2254 ἆθλος
816 2223 907 2255 αὐτὸς,
918 2223 943 2249 εἰ

149 2268 196 2294 καὶ
221 2267 349 2299 ἐπίπονος
375 2269 443 2300 ἐστι,
468 2268 515 2294 τοῦ
543 2268 661 2294 ἐπάθλου
676 2268 724 2302 οὐχ
743 2265 826 2304 ἦττον
852 2267 942 2301 δωρεά

1032 2126 1082 2160 Qui
1098 2134 1225 2154 coronam
1244 2127 1378 2162 promittit
1393 2127 1520 2154 virtutem
1537 2129 1671 2162 aperanti,
1688 2129 1785 2163 duplex

996 2178 1106 2209 praestat
1123 2173 1262 2208 prmmium
1274 2193 1280 2206 ,
1294 2174 1408 2201 alterum
1423 2174 1512 2208 operis
1533 2175 1617 2209 ipsius
1633 2175 1721 2210 (cujus
1738 2184 1786 2210 per

995 2220 1204 2255 promissionem
1226 2227 1307 2247 causa
1325 2220 1393 2254 est),
1411 2219 1526 2247 alterum
1545 2222 1781 2249 remunerationis.

993 2265 1086 2301 Neque
1123 2266 1195 2293 enim
1227 2273 1294 2300 opus
1321 2266 1408 2300 ipsum
1436 2266 1492 2293 sive
1515 2266 1622 2294 virtutis
1649 2272 1784 2295 certamen

149 2311 219 2339 εἶναι
246 2313 328 2345 δοκεῖ,
353 2314 410 2348 εἴγε
435 2315 451 2349 ἡ
477 2314 524 2349 μὲν
552 2314 637 2349 ἁρετὴ
662 2314 790 2346 ὑπόθεσίς
818 2313 936 2340 ἐστιτοῦ
954 2316 973 2344 ι]

999 2310 1099 2338 ηἰὶιῐὶθυῗῖ
1111 2310 1274 2338 laboriosum
1291 2310 1336 2342 sit,
1349 2310 1437 2337 minus
1448 2311 1588 2345 prmmium
1601 2311 1708 2338 videtur
1723 2319 1784 2339 esse

150 2358 294 2394 στεφάνου,
306 2360 319 2385 ὁ
334 2359 362 2386 δὲ
377 2360 508 2394 στέφανος
520 2361 549 2387 οὐ
564 2360 665 2387 δίδοται
679 2360 743 2386 ἄνευ
761 2360 873 2396 ἀρετῆς.

288 2457 371 2485 ΣΠΕ’.
391 2473 425 2479 —-
444 2460 558 2487 ΩΡΙΩΝΙ
572 2459 785 2487 ΜΟΝΛΖΟΝΤΙ.

992 2356 1086 2383 bravio
1100 2356 1168 2391 ipso,
1185 2363 1246 2383 cum
1266 2360 1292 2382 et
1306 2356 1391 2383 virtus
1409 2356 1464 2390 ipsa
1479 2357 1582 2391 prmmii
1600 2364 1682 2385 causa
1697 2357 1734 2385 sit
1755 2363 1784 2385 et

994 2409 1110 2434 coronae,
1130 2409 1217 2436 neque
1232 2402 1290 2428 haec
1307 2402 1364 2429 sine
1383 2403 1481 2429 virtute
1496 2402 1663 2431 conferatur.

1045 2456 1128 2493 646
1150 2457 1325 2485 CCLXXXVI.
1345 2473 1378 2478 --
1398 2456 1514 2486 ORXONI
1538 2453 1714 2488 MONACHO.

516 2515 627 2544 Prwslat
643 2525 694 2543 non
709 2516 818 2549 bellare,
834 2524 912 2551 quam
927 2516 1053 2543 subsidiis
1069 2515 1127 2542 niti.
1143 2515 1234 2551 (Conf.
1250 2516 1327 2550 epist.
1341 2515 1414 2550 48L)

183 2581 254 2608 Πολὺ
274 2580 476 2616 ἀσφαλέστερόν
501 2581 560 2607 ἐστι
582 2581 611 2608 τὺ
639 2581 677 2617 μὴ
693 2581 870 2616 πολεμεῖσθαι
889 2580 937 2607 τοῦ

149 2627 365 2662 συμμαχείσθαι·
400 2627 430 2653 τὸ
458 2627 507 2662 μὲν
541 2627 595 2662 γὰρ
627 2628 743 2662 ἡσυχίαν
770 2628 936 2663 ἀπράγμονα

148 2673 214 2708 ἔχει,
231 2673 260 2699 τὸ
275 2673 303 2699 δὲ
322 2673 472 2707 ἀναγκάζει
489 2673 676 2708 συμπολεμεῖν
700 2674 756 2703 τοῖς
772 2672 935 2708 βοηθήσασι,

148 2719 196 2747 καὶΙ
208 2720 233 2746 εί
247 2719 346 2750 ἀδίκως
367 2718 522 2753 πολεμοῖεν.
549 2718 683 2750 Πολλάκις
694 2718 748 2753 γὰρ
760 2718 934 2753 ἀδικούμενοί

146 2772 218 2795 τινες
238 2763 397 2799 συμμαχίαν
425 2763 636 2790 ἐπεκαλέσαντο·
662 2761 695 2800 ἧς
723 2763 769 2789 καὶ
799 2764 934 2798 τυχόντες,

150 2810 206 2840 τοῖς
240 2809 436 2844 συμμαχήσασι
481 2809 593 2840 δικαίως
632 2808 856 2843 πολεμουμένοις,
906 2808 935 2834 οὐ

147 2855 257 2886 δικαίως
273 2856 416 2890 ἀμύνουσι,
434 2856 512 2890 χάριν
533 2856 623 2882 ἄδικον
643 2855 702 2882 ἀντὶ
725 2854 831 2886 Samia;
851 2855 936 2881 ἐκτινη

147 2910 161 2927 ν
171 2902 248 2932 ’ντῑ;.

1030 2580 1112 2608 Μυιιο
1124 2581 1248 2608 securius
1264 2584 1304 2607 est
1326 2581 1397 2607 bello
1414 2588 1466 2607 non
1494 2580 1578 2615 premi
1593 2601 1600 2613 ,
1616 2588 1695 2615 quam
1714 2589 1780 2616 sup-

992 2627 1079 2662 petias
1101 2627 1135 2654 ab
1151 2627 1211 2654 aliis
1231 2627 1376 2660 accipere:
1410 2627 1476 2654 illud
1497 2626 1568 2654 enim
1592 2627 1690 2662 quietis
1708 2632 1779 2655 tran-

990 2672 1186 2707 quillitatisque
1208 2672 1314 2706 plenum
1329 2676 1370 2699 est
1383 2693 1389 2704 ,
1416 2672 1466 2700 hoc
1477 2680 1541 2700 vero
1557 2680 1608 2699 una
1625 2680 1684 2700 cum
1701 2673 1776 2700 auxi-

988 2718 1118 2745 liantibus
1134 2725 1253 2753 pugnare
1263 2718 1344 2752 cogit,
1357 2718 1407 2745 etsi
1425 2722 1544 2753 pugnent
1560 2719 1666 2753 injuste.
1687 2718 1778 2754 Saepe-

988 2771 1102 2791 numero
1116 2764 1188 2791 enim
1206 2762 1303 2798 injuria
1318 2762 1405 2791 affecti
1421 2764 1530 2798 quidam
1547 2766 1681 2793 sociorum
1698 2773 1775 2799 opem

986 2809 1170 2841 advocarunt,
1189 2816 1268 2843 quam
1293 2809 1385 2840 nacti,
1408 2809 1488 2836 etiam
1512 2810 1691 2837 auxiliaribus
1718 2809 1775 2836 suis

987 2854 1055 2882 bello
1069 2854 1143 2889 justo
1163 2854 1269 2889 petitis,
1288 2862 1340 2881 non
1361 2854 1434 2890 justc
1451 2861 1628 2887 succurrunt,
1648 2855 1773 2890 injustam

988 2908 1035 2934 pro
1051 2900 1122 2934 justa
1141 2900 1254 2933 gratiam
1275 2901 1460 2934 rependentcs.
