2049 3162
283 175 295 204 Ῑ
300 172 351 205 507

866 168 898 198 S.
917 167 1062 198 ISIDORI
1081 167 1300 197 PELUSIOT/E

1849 165 1912 198 Ῑὶθδ

281 235 311 255 se
333 226 420 262 pascit
445 224 646 261 pulchritudine
660 246 667 258 ,
684 223 782 252 merito
799 223 968 259 puniendum
991 223 1071 250 inter-

1130 222 1263 248 ἑστιῶσαν
1293 222 1403 257 ἑαυτὴν,
1435 222 1558 249 κολάσειν
1586 222 1699 254 εἰκότως
1723 222 1879 257 ἠπείλησεν
1898 224 1911 249 ὁ

286 271 406 299 minatur
417 272 452 304 ⁷³,
468 271 501 298 ab
523 271 581 306 ipso
598 277 648 298 nos
671 270 742 297 malo
758 270 897 304 animique
915 268 1074 303 impotentia

281 317 436 349 abducens,
458 324 493 343 ne
512 323 562 351 per
577 315 670 342 oculos
686 314 856 350 pulchritudo
873 313 985 341 illabeus
1000 320 1075 339 uten-

284 367 337 389 tem
356 362 462 395 redigat
478 362 504 388 in
520 361 696 393 servitutem,
713 360 845 387 etanimaz
859 358 1074 394 opportunitates

286 413 480 441 prmoccupaus
492 426 500 439 ,
514 406 646 433 rationem
664 405 760 433 doceat
773 404 878 432 aﬂ‘ectui
897 403 1004 435 cedere,
1022 409 1074 437 quo

283 452 468 479 invalescente
492 456 586 478 curalu
608 450 734 484 dillicile,
761 457 795 477 ne
815 449 904 477 dicam
923 448 1073 476 insanabile

282 496 328 523 ﬁat
346 496 458 523 malum.
490 495 561 523 Cave
579 496 660 530 igitur
681 502 716 522 no
735 495 873 522 violentus
895 493 1008 520 allectus
1024 499 1072 520 vo-

283 542 394 576 luptatis
412 542 535 569 animum
553 549 700 576 aggressus
723 548 777 568 non
801 539 994 575 impossihiIem
1009 539 1071 573 qui-

280 587 360 619 dem.
375 587 422 615 sed
445 586 628 622 perdiﬂicilem
644 587 676 613 ad
694 585 845 613 curandum
863 585 985 612 morbum
1003 591 1071 611 con-

282 633 360 660 citet.

524 686 564 715 CC
570 685 647 714 XCII.
666 701 700 707 —
718 685 834 714 EIDEM.

1128 267 1238 303 Σωτὴρ,
1255 267 1427 303 πραγμάτων
1441 269 1513 304 ἡμᾶς
1538 269 1718 296 ἀπαλλάττων
1740 269 1789 295 καὶ
1807 269 1914 305 ἀμηχα-

1126 312 1185 343 νίας
1206 312 1304 347 πολλῆς
1318 321 1324 327 '
1347 313 1390 339 ἵνα
1407 313 1442 348 μὴ
1460 313 1490 339 τὺ
1513 313 1611 345 κάλλος
1631 314 1675 340 διὰ
1699 314 1754 340 τῶν
1770 314 1916 350 ὀφθαλμῶν

1125 357 1233 393 εἰσρυὲν
1251 358 1296 384 τὸν
1307 358 1369 384 νοῦν
1383 359 1620 395 καταδουλώσηται
1630 367 1637 374 °
1655 360 1701 386 καὶ
1712 359 1746 386 τὰ
1763 360 1860 395 καίρια
1870 360 1916 395 τῆς

1126 403 1214 439 ψυχῆς
1229 404 1449 438 προκαταλαὸὸν,
1466 405 1512 432 τὸν
1533 405 1662 441 λογισμὸν
1675 406 1759 442 πείσῃ
1782 406 1823 441 τῷ
1838 406 1916 434 πάθει

1126 450 1341 485 παραχωρῆσαι·
1368 448 1398 477 οὗ
1419 450 1618 485 κρατηθέντος,
1646 451 1785 482 δυσίατον,
1813 452 1858 478 ἵνα
1882 452 1917 488 μὴ

1125 496 1196 530 λέγω
1218 497 1338 529 ἀνίατον,
1355 497 1460 530 γίνεται
1484 497 1514 523 τὸ
1536 498 1631 525 κακόν.
1650 497 1789 524 Φυλάττου
1817 498 1915 530 τοίνυν,

1120 543 1195 574 ὅπως
1215 543 1250 578 μὴ
1266 543 1296 568 τὸ
1309 543 1469 578 τυραννικὸν
1487 543 1571 575 πάθος
1600 543 1649 578 τῆς
1666 544 1764 580 ἡδονῆς
1781 545 1913 579 χειρωσά-

1123 597 1203 623 μενον
1219 588 1267 624 τὴν
1291 587 1391 624 ψυχὴν,
1410 589 1539 616 ἀδύνατον
1555 589 1604 625 μὲν
1629 590 1767 626 οὐδαμῶς,
1788 590 1913 617 δύσκολον

1124 633 1153 660 δὲ
1165 634 1250 668 αὐτῆς
1265 635 1459 670 κατασκευάσῃ
1470 635 1519 670 τὴν
1530 635 1689 670 θεραπείαν.

1368 687 1448 720 sur.
1465 703 1497 707 _
1514 687 1558 722 Τῼ
1572 688 1673 724 arm.

765 742 774 758 ι
797 733 903 768 Diligite
924 732 1044 759 inimicos
1062 737 1170 760 vestros.
1187 742 1195 758 ι
1211 732 1319 767 (Mat/1.
1345 741 1371 765 ν,
1385 733 1442 768 44.)

317 799 375 826 Etsi
404 799 491 826 solent
516 799 641 826 homines
671 798 696 825 in
729 798 888 833 gravissima
914 797 1071 826 calamitate

282 844 345 871 illud
365 844 469 871 cunctis
499 843 652 875 anteferre.
678 845 700 871 si
723 844 793 878 quod
811 843 919 875 volunt,
942 843 1069 877 consequi

281 890 402 925 possint;
423 890 515 917 hostes
532 897 595 917 vero
613 894 674 916 voto
692 889 858 916 frustrentur
872 892 922 916 suo
938 898 944 915 :
959 890 1004 916 sed
1026 889 1072 924 qui

281 933 383 962 Christi
399 942 447 961 nos
461 942 520 962 esse
537 934 682 969 discipulos
698 934 858 970 gloriamur,
876 942 930 962 non
946 940 1068 962 nostrum

284 981 363 1007 modo
378 981 571 1012 commodum,
598 981 643 1008 sed
666 986 797 1008 eteorum
814 988 828 1007 a
844 981 942 1015 quibus
961 980 1074 1008 disside-

283 1033 345 1054 mtts
362 1034 515 1060 qureramus
534 1027 644 1053 bouum.
672 1026 721 1059 Qui
738 1026 809 1054 enim
827 1026 949 1060 proximo
964 1027 1073 1061 Prodest

283 1072 344 1106 (etsi
368 1071 525 1100 incredibile
551 1072 576 1099 id
593 1072 728 1107 videatur)
755 1072 806 1099 sibi
833 1073 935 1106 pariter
949 1073 1071 1107 prodest.

411 1171 548 1199 CCXCIII.
567 1187 603 1192 —
623 1171 760 1199 lSlDORO
777 1171 935 1199 DlACONO.

1161 796 1192 822 Εἰ
1209 796 1237 822 δὲ
1264 796 1319 831 (85)
1345 797 1445 829 πάντες
1470 797 1597 824 εἰώθασιν
1626 798 1654 824 ὲν
1681 799 1742 829 ταῖς
1773 797 1911 830 ἀσπόνδοις

1125 844 1278 878 συμφοραῖς
1302 843 1500 878 προτιμὸτερον
1525 843 1602 877 ἄγειν
1623 844 1654 870 τὸ
1670 845 1762 878 τυχεῖν
1788 840 1826 869 ὧν
1842 845 1913 871 αὐτοὶ

1124 888 1286 923 βούλονται,
1306 889 1322 923 ἢ
1349 889 1379 915 τὺ
1399 890 1461 920 τοὺς
1486 889 1632 924 πολεμίους
1652 886 1690 916 ὧν
1714 890 1859 925 ὀρέγονται
1882 890 1918 917 δι-

1121 936 1269 969 αμαρτεῖν·
1291 934 1348 961 ἀλλ’
1372 935 1451 970 ἡμεῖς
1470 936 1495 961 οἱ
1517 935 1564 962 τοῦ
1587 935 1706 971 Χριστοῦ
1725 936 1917 971 σεμνυνόμενοι

1129 978 1198 1007 εἶναι
1216 980 1352 1015 μαθηταὶ,
1374 981 1410 1016 μὴ
1423 982 1454 1007 τὸ
1469 981 1573 1008 ἑαυτῶν
1589 982 1729 1018 συμφέρον
1742 982 1836 1016 μόνον,
1855 982 1918 1009 ἀλλὰ

1123 1027 1170 1053 καὶ
1187 1027 1242 1061 (86)
1259 1027 1313 1054 τῶν
1329 1028 1397 1062 πρὸς
1411 1028 1485 1063 ἡμᾶς
1496 1027 1700 1063 διαφερομένων
1712 1028 1853 1063 ζητῶμεν.
1878 1029 1918 1055 Ἐν

1122 1073 1177 1108 γὰρ
1188 1073 1227 1108 τῷ
1243 1074 1409 1109 συμφέροντι
1422 1074 1476 1100 τῶν
1489 1074 1573 1105 πέλας
1597 1075 1639 1109 (εἰ
1655 1075 1703 1101 καὶ
1721 1075 1876 1110 παράδοξον
1891 1075 1919 1101 τὸ

1121 1119 1338 1155 λεχθησόμενον)
1365 1121 1412 1146 καὶ
1438 1119 1470 1146 τδ
1485 1121 1618 1156 ἡμέτερον
1639 1121 1868 1156 συμπεριέχεται.

1291 1175 1370 1208 zu".
1387 1191 1421 1195 —
1436 1175 1569 1211 1mqu
1585 1177 1748 1211 ΔΙΑΚΟΝῼ.

505 1227 603 1255 Sancta
618 1227 757 1262 Scriptura
777 1228 811 1254 ad
829 1237 920 1256 sensus
935 1230 1038 1264 quidem
1060 1232 1145 1259 varios
1165 1235 1280 1268 torqueri
1301 1239 1394 1268 potest,
1413 1235 1508 1261 veritas
1524 1240 1610 1262 tamen
1624 1244 1686 1262 una.

317 1291 435 1320 Tametsi
459 1291 586 1326 plurima,
607 1297 637 1318 ut
651 1292 759 1325 scribis,
775 1293 855 1319 verba
877 1298 978 1321 sancta:
999 1293 1074 1321 Scri-

282 1337 408 1372 pturmad
421 1337 493 1364 illum
503 1345 582 1371 quem
594 1338 654 1372 quis
666 1337 735 1365 volet
744 1345 852 1366 sensum
865 1338 935 1366 trahi
950 1343 1073 1374 possunt,

283 1390 370 1418 eaque
385 1383 549 1417 detorquere
566 1384 601 1411 sit
621 1383 711 1417 facile,
729 1384 831 1411 veritas
848 1389 936 1411 tamen
948 1405 955 1418 ,
970 1392 1018 1412 eos
1030 1385 1075 1420 qui

284 1429 420 1456 malitiose
437 1429 493 1456 lucc
504 1428 545 1456 vel
557 1437 742 1464 corrumpere,
759 1429 800 1458 vel
816 1431 885 1457 male
901 1430 1075 1465 interpretari

285 1475 403 1508 audent,
421 1473 504 1502 vincit
523 1482 555 1501 ac
573 1480 692 1508 superat.

405 1582 540 1611 CCXClV.
560 1598 595 1603 —
616 1582 767 1611 EUTONIO
786 1583 944 1610 DlACONO.

1163 1300 1195 1326 Εἰ
1213 1300 1260 1326 καὶ
1274 1300 1370 1333 πολλὰ,
1380 1301 1418 1332 ὼς
1438 1301 1516 1336 ἔφης,
1532 1302 1642 1337 ῥήματα
1657 1301 1712 1328 τῶν
1727 1301 1812 1336 ἱερῶν
1824 1301 1916 1336 λογίων

1129 1346 1197 1382 πρὸς
1210 1347 1278 1381 ὅπερ
1294 1346 1326 1373 ἄν
1347 1355 1388 1378 τις
1407 1347 1472 1382 θέλῃ
1490 1347 1733 1383 παρακρουόμενος
1744 1367 1751 1379 ,
1764 1347 1856 1373 ἕλκειν
1871 1348 1913 1374 καὶ

1126 1391 1269 1426 βιάζεσθαι
1285 1392 1376 1427 ῥᾴδιόν
1391 1393 1481 1418 ἐστιν·
1496 1392 1553 1419 ἀλλ’
1572 1393 1588 1427 ἡ
1605 1392 1720 1428 ἀλήθεια
1737 1393 1848 1419 πάντων
1865 1393 1914 1419 τῶν

1125 1437 1287 1473 κακούργως
1308 1438 1378 1465 αὐτὰ
1394 1438 1411 1474 ἥ
1426 1438 1616 1474 παραπιῆσαι
1629 1459 1637 1471 ,
1651 1439 1668 1474 ἢ
1691 1439 1916 1474 παρερμηνεῦσαι

1126 1484 1324 1520 τολμησάντων
1342 1486 1390 1511 καὶ
1405 1485 1568 1520 περιγέγονε
1582 1505 1590 1518 ,
1612 1486 1661 1512 καὶ
1675 1486 1862 1520 περιγίνεται,
1872 1485 1916 1511 καὶ

1087 1539 1108 1568 C
1125 1531 1276 1567 περιέσται.

1283 1587 1359 1620 ΣὶιΔἏ
1377 1602 1411 1606 -
1427 1587 1575 1622 ΕΥΤΟΝΙῼ
1591 1587 1756 1622 ΔΙΑΚΟΝῼ.

935 1627 1033 1656 Gloria:
1048 1629 1148 1658 invidia
1161 1639 1258 1659 comes.

317 1681 442 1716 Ignarare
465 1681 529 1708 mihi
548 1681 648 1709 videris
665 1681 856 1710 excellentibus
887 1683 967 1710 rebus
993 1684 1076 1718 gestis

281 1727 410 1754 obvenire
431 1727 559 1754 invidiam
573 1728 677 1760 solere,
694 1736 774 1763 quam
791 1729 836 1762 qui
854 1727 922 1756 clari
943 1733 1006 1756 sunt
1022 1737 1073 1757 no-

285 1773 367 1800 tninis
382 1772 500 1807 ell‘ugerc
515 1777 662 1807 nequeunt,
676 1774 852 1808 quamobrem
869 1775 1025 1802 conturbari
1039 1774 1076 1802 vi-

284 1819 366 1845 deris.
395 1819 506 1846 Disceus
522 1819 604 1854 igitur
620 1819 687 1852 hoc,
705 1819 807 1846 turbari
829 1820 932 1847 desine.
955 1820 1069 1848 Praestat

281 1864 353 1891 enim
370 1864 470 1891 virtute
485 1865 612 1898 prmditos
623 1865 784 1900 repreltendi
807 1865 841 1892 ab
852 1865 884 1892 iis
895 1866 940 1900 qui
956 1866 1070 1901 prohutn

281 1918 342 1938 esse
366 1911 500 1937 ueininem
525 1911 656 1945 cupiunt.
682 1919 763 1946 quam
790 1912 989 1946 improbitatem
1011 1919 1070 1939 am-

283 1955 439 1992 plexantes,
462 1955 584 1990 plausum
604 1958 701 1984 mereri
721 1958 792 1992 apud
808 1965 855 1986 eos
869 1958 916 1994 qui
934 1963 1010 1986 recto
1023 1965 1068 1985 ca-

281 2007 342 2030 rent
355 2003 388 2029 dc
405 2001 483 2029 rebus
497 2001 601 2035 judicio
610 2025 616 2032 .

446 2117 529 2153 6&9
549 2118 672 2148 CCXCV.
684 2136 719 2141 -—
729 2119 938 2149 ISCHYllIONl.

1168 1687 1296 1721 Ἀγνοεῖς,
1318 1687 1355 1718 ὼς
1370 1687 1468 1720 ἔοικεν,
1484 1688 1524 1714 ὅτι
1541 1689 1601 1720 ταῖς
1615 1688 1764 1724 ὑπεροχαῖς
1779 1689 1835 1715 τῶν
1850 1689 1914 1724 πρά-

1125 1734 1193 1767 ξεων
1221 1734 1430 1769 ὲπισυμϐαίνειν
1452 1734 1548 1761 εἴωθεν
1573 1735 1587 1761 ὁ
1613 1735 1730 1769 φθόνος·
1753 1735 1803 1762 καὶ
1825 1735 1914 1762 τοῦτον

1124 1781 1173 1807 οὐκ
1194 1780 1267 1807 ἔστιν
1290 1781 1420 1815 ἐκφυγεῖν
1447 1781 1509 1812 τοὺς
1535 1781 1672 1816 λαμπρῶς
1690 1781 1911 1817 ἀνακηρυττομέ-

1122 1835 1192 1859 νους,
1211 1827 1258 1854 καὶ
1276 1826 1320 1853 διὰ
1336 1826 1414 1853 τοῦτο
1430 1826 1520 1858 ἔοικας
1546 1826 1757 1862 τεθορυὸἦσθαι.
1771 1827 1856 1854 Τοῦτο
1872 1826 1913 1854 οὖν

1126 1871 1230 1908 μαθὼν,
1243 1872 1415 1908 ἀπαλλάγηθι
1426 1872 1471 1899 τοῦ
1485 1872 1612 1908 θορύῦοψ
1624 1874 1737 1909 ἄμεινον
1753 1874 1809 1910 γὰρ
1819 1874 1912 1910 ἀρετὴν

1126 1919 1268 1953 μετιόντας
1296 1919 1513 1954 κακηγορεῖσθαι
1535 1919 1610 1955 παρὰ
1636 1920 1691 1946 τῶν
1718 1920 1824 1955 μηδένα
1849 1919 1912 1946 εἶναι

1125 1964 1297 2000 βουλομένων
1311 1965 1464 2000 εὐδόκιμον,
1477 1965 1493 2000 ἢ
1510 1966 1610 1992 κακίαν
1627 1966 1839 2002 ἀσπαζομένους
1853 1975 1912 2001 κρο-

1124 2011 1229 2038 τεῖσθαι
1243 2011 1319 2046 παρὰ
1333 2011 1387 2038 τῶν
1403 2012 1452 2047 τὴν
1466 2012 1549 2047 ὀρθὴν
1566 2012 1619 2038 τῶν
1631 2013 1808 2048 πραγμάτων
1825 2014 1912 2048 κρίσιν

1127 2056 1165 2091 μὴ
1182 2056 1367 2091 κεκτημένων.

1345 2109 1424 2143 ΣᾺΕἍ
1443 2125 1479 2130 —-
1499 2111 1688 2138 ΙΣΧΥΡΙΩΝΙ·

597 2166 636 2194 De
652 2167 760 2196 lectione
775 2174 874 2197 sancite
889 2169 1036 2203 Scriptum
1047 2176 1056 2196 :
1069 2174 1121 2194 non
1133 2164 1212 2198 hujus
1223 2163 1285 2190 vitio
1301 2163 1431 2197 improbos
1449 2163 1508 2197 ﬁeri
1523 2163 1591 2198 (87).

319 2221 347 2248 Si
363 2221 472 2255 quidem
484 2229 579 2250 omnes
591 2224 635 2257 qui
646 2230 750 2251 sacram
765 2229 883 2252 tractant
899 2225 1068 2260 Scripturam

1158 2231 1189 2257 El
1208 2230 1256 2265 μὲν
1274 2229 1373 2261 πάντες
1387 2230 1412 2255 οἱ
1429 2230 1488 2261 ταῖς
1507 2230 1632 2264 Γραφαίς
1646 2230 1832 2265 ὡμιληκότες,
1848 2231 1912 2266 προς

283 2267 316 2293 ad
327 2266 386 2301 ejus
399 2273 522 2293 normam
545 2267 719 2296 instituerent
740 2269 833 2303 vitam,
857 2275 901 2297 tua
921 2271 1066 2305 quamdam

284 2312 415 2339 rationem
430 2312 541 2340 haberet
564 2314 663 2342 oratio.
683 2315 712 2341 Si
729 2322 794 2342 vero
811 2315 900 2349 tuulti,
924 2323 992 2350 quos
1007 2324 1068 2351 ego,

284 2360 311 2383 tu
327 2363 433 2391 quoque
448 2356 565 2385 fortasse
575 2359 708 2391 novimus,
725 2361 948 2388 commonitioncs
961 2361 1071 2388 laudant

284 2401 354 2429 inter
366 2402 474 2435 multos,
489 2404 619 2438 religione
637 2405 868 2437 ducti,-contraria
877 2414 990 2442 quaeque
1001 2407 1068 2435 clam

283 2448 382 2476 audent
403 2450 522 2484 aggredi,
537 2457 588 2476 non
614 2456 757 2484 propterea
771 2459 864 2480 sacras
881 2453 1069 2481 accusabimus

283 2493 410 2522 Litteras.
428 2493 509 2521 Jubet
529 2494 601 2521 euiut
625 2500 718 2523 sancta
737 2497 880 2532 Scriptura
903 2498 961 2525 laedi
984 2499 1068 2526 nemi-

318 2581 340 2596 ⁷⁸
357 2579 453 2607 Matth.
474 2587 498 2612 v,
521 2580 567 2606 28.

1120 2275 1170 2310 τὴν
1186 2275 1299 2301 ἐκείνων
1326 2274 1470 2309 εἰσήγησιν
1487 2275 1692 2309 κατεστήσαντο
1704 2276 1752 2301 τὸν
1768 2276 1835 2310 βίον,
1858 2274 1912 2310 εἷχέ

1126 2320 1173 2347 σού
1195 2328 1254 2346 τινα
1275 2319 1353 2352 λόγον
1364 2320 1378 2345 ὁ
1396 2319 1476 2352 λόγος
1486 2327 1493 2334 ·
1510 2320 1533 2345 εἰ
1547 2320 1575 2346 δὲ
1590 2320 1682 2346 πολλοὶ
1698 2320 1746 2352 οὒς
1766 2319 1825 2347 οῖδα
1839 2321 1893 2355 ἐγὼ
1904 2341 1910 2350 .

1121 2366 1186 2396 ἴσως
1197 2366 1224 2391 δὲ
1238 2364 1287 2391 καὶ⁸
1301 2364 1393 2396 αὐτὸς,
1407 2366 1457 2395 τὰς
1467 2365 1644 2399 παραινέσεις
1659 2366 1782 2401 ᾄδοντες,
1796 2367 1824 2392 ἐν
1839 2366 1911 2400 μέσῳ

1121 2410 1325 2442 ὲκθειάζοντες,
1347 2411 1401 2437 πᾶν
1420 2411 1575 2437 τούναντίον
1601 2411 1691 2447 λάθρα
1707 2412 1856 2447 τολμῶσιν,
1883 2412 1910 2437 οὗ

1119 2455 1163 2482 διὰ
1186 2455 1265 2481 τοῦτο
1282 2455 1330 2486 τὰς
1345 2455 1457 2490 Γραφὰς
1472 2456 1645 2490 γραφόμεθα.
1661 2457 1788 2490 Ἒψησαν
1804 2457 1841 2492 μὴ
1861 2456 1911 2483 ἀδι-

1122 2503 1180 2527 κεῖν
1194 2521 1200 2533 ,
1223 2501 1270 2529 καὶ
1294 2500 1385 2527 πολλοὶ
1407 2501 1541 2528 ἀδικοῦσι.
1566 2502 1598 2528 Τί
1617 2501 1699 2529 τοῦτο
1715 2502 1785 2538 πρὸς
1809 2502 1907 2534 αὑτάς;

830 2649 946 2676 γΑιιιΑῖ
969 2648 1157 2677 LEG'llUNES
1178 2650 1221 2677 ΕΤ
1237 2651 1350 2679 NOTAE.

320 2722 481 2784 5.85302:qu
495 2723 523 2750 δὲ
545 2725 623 2751 codd.
648 2724 708 2752 Vat.
731 2725 783 2752 650
810 2730 837 2752 et
861 2726 915 2752 Alt.
937 2727 1035 2754 habent
1049 2728 1072 2753 εἰ

284 2757 339 2784 καί.
352 2757 458 2785 Possm.

318 2793 373 2828 (86)
389 2793 459 2820 Inter
473 2794 519 2820 καὶ
533 2798 560 2821 et
575 2793 629 2820 τῶν
645 2794 724 2820 iidem
744 2795 863 2821 inserttut
878 2795 918 2821 τό.
933 2794 970 2821 In.

318 2828 373 2862 (87)
390 2828 434 2856 Sic
449 2834 475 2855 et
490 2830 522 2856 de
539 2829 568 2856 S.
585 2829 723 2863 Scriptura
740 2829 768 2855 Β.
791 2829 871 2860 Grca.
897 2830 1022 2856 Nazinuz.
1039 2831 1066 2858 in

282 2867 351 2891 orat.
366 2871 372 2890 I
388 2863 551 2892 Stclileutica
567 2864 593 2891 in
614 2864 748 2891 Juliauutu
770 2864 941 2899 παραϐάτην,
961 2865 1064 2898 Prubis,

1127 2729 1223 2761 inquit,
1244 2730 1347 2757 virtutis
1367 2735 1404 2757 est
1426 2738 1638 2765 armamentum;
1660 2739 1684 2760 et
1711 2735 1844 2761 sceleratis
1864 2743 1905 2761 ne-

1125 2764 1215 2803 quitia:
1232 2765 1363 2803 stimulus.
1387 2765 1468 2803 Ijlura
1495 2767 1590 2794 Junius
1614 2773 1686 2796 cent.
1706 2777 1732 2795 tv
1757 2770 1860 2803 adagio,
1882 2775 1906 2795 et

1121 2799 1283 2860 titublegmle
1306 2800 1340 2826 55
1358 2809 1365 2827 :
1386 2800 1522 2834 Svriptura
1548 2804 1633 2836 pravis
1662 2804 1731 2836 sita,
1755 2804 1785 2837 ﬁt
1809 2799 1902 2830 Statum

1138 2841 1202 2859 oms.
1234 2842 1331 2860 unt-11'.

1138 2841 1202 2859 οηιε.
1214 2841 1331 2861 διειιιιττ.
