2049 3162
152 166 214 199 1509

598 163 864 196 EPIS’I‘OLARUM
885 163 956 193 LIB.
972 165 1005 194 V.
1024 165 1186 197 “EPIST.
1205 167 1362 198 CCXCVII.

1707 173 1774 205 1510

151 222 274 256 Ἔγραψα
283 221 336 256 ἐγὼ
344 222 461 258 Ζωσίμῳ
473 222 622 256 ἀποστῆναι
632 221 681 255 τῆς
693 218 844 252 ἀσελγείας·
856 218 936 249 αὐτὸς

991 227 1063 251 nem,
1100 222 1177 249 multi
1205 227 1295 250 tamen
1323 224 1431 253 ltedunl.
1454 225 1523 259 Quid
1555 227 1605 255 hoc
1631 231 1664 256 ad
1692 231 1774 257 eam?

149 268 174 294 δὲ
199 267 279 294 πλέον
295 268 493 302 ὲγκαλινδεῖται
508 267 546 303 τῷ
565 267 706 302 βορϐόρῳο
721 261 747 291 τί
771 264 850 290 τοῦτο
867 264 935 298 πρὸς

149 313 212 348 ἐμέ;
227 313 309 340 Οὐδὲν
324 313 393 348 πλὴν
413 313 436 339 εἰ
458 313 494 348 μὴ
510 312 558 347 τὴν
572 311 689 346 ἀθυμίαν
702 310 773 336 εἴποι
787 318 828 340 τις
840 309 880 336 ἄν.

304 449 390 484 Σιιῖκ
400 463 436 470 -ν
447 450 548 485 ΔΛΦΙῼ
570 448 755 483 ΕΠΙΣΚΟΙΙῼ.

991 263 1092 299 Scripsi
1114 266 1223 294 Zosimo
1249 269 1282 296 ab
1308 269 1420 304 inpuris
1441 272 1590 300 abstineret
1605 273 1772 306 libidinibus,

989 310 1046 344 ipse
1061 317 1123 337 vero
1136 311 1161 337 in
1181 312 1236 339 luto
1255 314 1340 348 magis
1357 315 1500 344 volutatur.
1511 317 1581 351 Quid
1595 320 1644 346 hoc
1658 320 1692 345 ad
1711 321 1772 346 me?

989 354 1059 381 Nihil
1075 355 1207 390 pl'oi'eClo,
1224 358 1275 384 nisi
1292 359 1313 385 si
1334 360 1524 389 demissioncm
1539 363 1623 390 animi
1638 364 1772 399 quispiam

987 399 1097 427 dixerit.
1712 418 1715 421 ·

1112 445 1248 475 CCXCVI.
1277 462 1311 468 -
1328 449 1455 479 ALI’IIIO
1470 452 1644 482 EPISCOPO.

210 495 247 522 De
260 496 341 522 variis
365 496 499 522 hominum
523 495 644 530 ingeniis.
661 493 750 528 (Conf.
774 489 1108 560 episl.';f;;ﬁb;l::l,{itm
1128 491 1206 519 Nolis
1223 491 1253 519 C.
1276 492 1382 521 Ritters.
1407 502 1429 522 et
1445 504 1519 530 supr.
1543 500 1618 532 epist.
1643 499 1706 527 ‘288.

180 576 246 602 Λίαν
259 576 402 611 θαυμάζω,
416 577 489 608 ὅπως
499 576 530 603 οὑ
545 577 600 608 τοῖς
617 575 708 607 αὐτοῖς
724 574 848 610 χαίρουσι
864 573 934 599 πάν-ι

148 631 189 651 τες
206 620 344 656 ἄνθρωποι
355 629 361 635 '
385 621 443 648 ἁλλ’
457 622 481 647 οἱ
496 621 545 656 μὲν
563 620 815 655 συγγινωσκόμενοι
833 619 875 653 ἐφ’
895 615 935 649 οἷς

149 667 298 698 πταίουσιν,
325 667 365 698 εις
389 667 501 702 ἀρετὴν,
526 667 550 693 οἱ
575 666 604 692 δὲ
625 667 665 698 εἰς
680 666 780 692 κακίαν
795 665 935 699 παιδοτρι-

149 712 265 739 ϐοῦνται·
278 713 324 739 καὶ
337 714 392 744 τοῖς
406 713 480 748 μὲνὴ
496 712 649 748 χρηστότης
662 713 795 747 σωτήριον
809 710 935 745 εὑρίσκε-

149 768 191 785 ται
210 758 345 794 βοήθημα,
363 759 418 789 τοῖς
430 758 457 784 δὲ
470 758 592 794 ὀλέθριον
606 758 769 793 δηλητήριον
783 766 789 772 ”
801 757 864 788 τοὺς
881 756 930 792 μὲν

150 804 202 839 γὰρ
216 804 340 839 ῥώννυσι,
351 804 413 835 τοὺς
430 804 457 830 δὲ
472 803 573 830 ἐκλύει·
587 805 651 835 τοὺς
664 804 712 838 μὲν
729 803 858 834 δυσωπεῖ,
877 803 931 829 τῶν

149 851 175 876 δὲ
196 851 242 876 καὶ
261 850 291 876 τὺ
315 849 446 885 ὲρυϐριᾷν
465 851 704 885 προσαφαιρεῖται.
726 849 796 876 Ἀλλ’
818 849 878 875 οὐδὲ
892 848 931 883 τῷ

149 895 306 930 παραπόδας
321 894 495 921 ἀπαιτεῖσθαι
510 895 587 926 δίκας
601 915 607 927 ,
625 895 726 926 πάντες
744 893 845 930 ὁμοίως
861 895 933 928 ὠφε-

150 939 264 966 λοῦνται.
284 939 314 966 Οἱ
334 939 383 974 μὲν
401 939 455 974 γὰρ
471 939 508 968 ὡς
527 940 710 974 ἀπάνθρωπον
728 939 807 965 τοῦτο
822 939 932 965 αἰτιῶν-

148 994 201 1012 ται·
222 986 246 1011 οἱ
265 985 293 1011 δὲ
310 985 384 1020 φόϐῳ
401 985 467 1020 μὲν,
485 986 514 1011 οὐ
534 985 609 1020 πόθῳ
623 985 663 1016 δὲ,
684 985 737 1011 τῶν
761 984 853 1011 κακῶν
880 985 933 1011 ἀπ-

149 1030 260 1065 έχονται.
280 1031 333 1057 Καὶ
356 1031 380 1056 οἱ
406 1030 455 1066 μὲν
481 1029 694 1065 φιλονεικοῦντες
720 1031 752 1065 τῇ
770 1030 847 1066 δίκῃ,
874 1031 931 1056 ἀδι-

149 1078 203 1102 κεῖν
218 1076 367 1111 πειρῶνται
379 1084 386 1090 '
405 1077 428 1102 oi
444 1076 471 1102 δὲ
487 1076 584 1102 παθεῖν
601 1076 746 1111 φεύγοντες
757 1097 764 1108 ,
785 1076 816 1102 οὐ
831 1075 932 1111 δρῶσιν

147 1122 164 1149 ἃ
174 1122 237 1158 δρᾷν
252 1122 393 1149 ἐθέλωσιν·
408 1121 537 1156 ἀμείνους
553 1122 602 1157 μὲν
615 1123 691 1154 ὅντες
709 1122 762 1148 τῶν
776 1122 842 1158 μηδὲ
857 1122 932 1158 φόϐῳ

148 1166 403 1202 σωφρονιζομένων,
426 1166 633 1202 καταδεέστεροι
652 1167 680 1193 δὲ
695 1166 749 1193 τῶν
766 1167 839 1202 πόθῳ
858 1167 931 1193 εὐδο-

147 1210 310 1246 κιμούντων.
332 1211 445 1246 πλέονῆ
465 1212 528 1238 ὅσον
552 1211 629 1238 αὐτοὶ
650 1211 779 1246 ἀμείνους
801 1212 855 1238 εἰσὶ
874 1211 931 1238 τῶν

149 1257 214 1291 μηδὲ
226 1257 275 1292 τὴν
286 1257 363 1292 δίκην
376 1257 541 1284 δεδοικότων.
550 1258 581 1283 Οἱ
597 1257 645 1292 μὲν
655 1258 709 1293 γὰρ
722 1258 770 1292 τὴν
786 1257 930 1293 τιμωρίαν,

144 1302 202 1329 οἱδὲ
213 1302 260 1338 τὴν
274 1303 410 1338 σωτηρίαν
421 1303 560 1338 φεύγουσι·
568 1303 643 1329 καὶοὶ
657 1304 706 1338 μὲν
714 1304 743 1330 τὸ
755 1303 791 1339 μὴ
800 1303 890 1330 δοῦναι
898 1303 933 1329 δί-

145 1354 204 1381 κην,
214 1347 273 1373 οἱδὲ
280 1347 310 1373 τὸ
316 1347 406 1374 δοῦναι
415 1347 568 1374 διώκουσιν.
578 1348 655 1374 Ἐπεὶ
666 1348 754 1374 τοίνυν
767 1348 793 1374 τί
805 1348 931 1384 ποιητέον

144 1392 209 1428 ἔφης
216 1393 244 1418 ὲν
250 1393 368 1429 τοσαύτῃ
377 1393 514 1428 συγχύσει,
525 1393 646 1428 ἀκριϐῶς
655 1394 704 1428 μὲν
713 1394 763 1420 οὐκ
771 1393 929 1429 ἔχωὶέγειν.

150 1439 177 1465 ’0
191 1439 246 1474 γὰρ
257 1439 306 1470 τὰς
315 1439 428 1475 καρδίας
440 1439 600 1474 ἐμϐατεύων
614 1437 668 1466 οῐδε
679 1448 685 1453 ·
699 1440 769 1475 πλὴν
784 1439 832 1472 ὼς,
843 1440 930 1475 ἔγωγε

143 1483 237 1521 οἶμαι,
254 1486 307 1521 χρὴ
329 1487 375 1512 ἐπὶ
397 1487 445 1521 μὲν
467 1487 523 1518 τοῖς
550 1487 658 1522 μικροῖς
683 1486 889 1521 ἁμαρτήμασιν,
905 1486 929 1512 εἰ

1023 571 1106 599 Valde
1118 574 1243 607 equidem
1262 576 1356 608 miror,
1372 577 1417 612 qui
1436 577 1480 604 [int
1503 580 1573 610 quod
1599 587 1650 607 non
1679 589 1773 610 omnes

986 615 1080 643 iisdem
1096 618 1264 647 delectentur
1292 621 1382 652 rebus.
1403 622 1448 648 sed
1474 623 1583 657 quidam
1606 625 1711 652 veniam
1726 627 1773 654 (1ο-

985 662 1111 691 lictorum
1135 665 1224 698 adepti
1256 665 1350 693 virtuti
1379 667 1442 693 dant
1468 675 1588 702 Operam,
1606 669 1651 696 alii
1675 676 1770 698 contra

989 709 1015 735 in
1040 710 1113 737 vitiis
1136 716 1324 745 perseverant.
1359 712 1413 740 lllis
1437 714 1545 748 quidem
1572 714 1725 750 benignitas
1739 717 1773 744 ad

986 753 1102 781 salutem
1121 757 1339 790 consequendam
1357 757 1456 785 auxilio
1475 763 1526 791 est,
1544 759 1603 786 aliis
1625 764 1718 788 contra
1731 766 1774 788 est.

985 801 1077 828 exitio.
1096 801 1157 829 Illos
1175 803 1294 835 roborat.
1308 804 1357 831 hos
1373 811 1487 831 enervat
1504 814 1510 832 :
1530 805 1590 833 illos
1603 807 1705 841 pudore
1725 816 1770 835 or-

987 850 1043 878 nat,
1057 846 1118 873 aliis
1135 854 1199 874 vero
1226 849 1352 875 ruborem
1370 850 1467 876 aufert.
1492 850 1588 877 Verum
1616 859 1669 878 non
1701 853 1772 886 quod

983 893 1075 919 statim
1087 900 1172 927 pwnm
1185 894 1337 928 exigantur,
1350 896 1450 922 idcirco
1461 903 1554 924 euntes
1566 897 1693 925 similiter
1707 906 1769 926 cor-

984 939 1118 973 riguntur.
1147 939 1236 974 Aliqui
1273 941 1344 967 enim
1373 945 1402 968 ut
1427 942 1603 969 inhumanum
1629 944 1693 978 quid
1718 944 1769 971 hoc

983 989 1121 1011 accusant.
1134 985 1186 1012 Alii
1201 993 1263 1012 vero
1273 991 1344 1012 metu
1355 986 1474 1021 quidem,
1487 995 1539 1014 non
1554 995 1656 1021 amore,
1671 997 1684 1016 a
1699 989 1771 1016 vitiis

984 1030 1131 1064 abstinent,
1167 1035 1193 1058 et
1224 1031 1266 1058 isti
1285 1032 1392 1065 quidem
1415 1033 1525 1066 iustitia:
1548 1034 1709 1062 reluctantes
1733 1035 1771 1061 in-

980 1075 1050 1110 jnria
1062 1075 1129 1102 alios
1143 1080 1276 1103 conantur
1291 1077 1408 1104 allicere.
1429 1077 1480 1104 Alii
1502 1078 1556 1113 pati
1584 1079 1696 1113 injurias
1723 1087 1767 1107 re-

982 1127 1108 1149 cusantes
1134 1130 1187 1149 non
1208 1121 1311 1149 faciunt
1336 1130 1395 1157 qua:
1416 1123 1505 1151 facere
1521 1124 1631 1157 vellent,
1647 1125 1770 1152 meliores

982 1168 1090 1202 quidem
1111 1169 1152 1195 iliS
1166 1168 1331 1196 exsisleutes
1348 1169 1392 1203 qui
1407 1177 1441 1196 ne
1459 1175 1531 1196 metu
1555 1171 1662 1205 quidem
1678 1171 1765 1198 adacti

984 1218 1166 1248 temperantes
1193 1214 1262 1241 ﬁunt
1290 1222 1321 1242 ac
1341 1215 1522 1248 continentes,
1541 1220 1615 1243 tanto
1643 1216 1685 1243 his
1705 1216 1770 1243 infe-

983 1260 1070 1287 riores
1099 1261 1144 1296 qui
1173 1260 1307 1288 desiderio
1323 1261 1430 1289 virtutis
1461 1262 1522 1288 boni
1550 1262 1643 1289 haberi
1666 1262 1768 1295 volunt,

981 1310 1083 1340 quanto
1110 1306 1236 1333 meliores
1259 1306 1292 1333 iis
1312 1307 1358 1341 qui
1387 1313 1420 1333 ne
1442 1307 1573 1342 supplicia
1587 1307 1695 1342 quidem
1713 1316 1771 1336 me-

984 1355 1071 1378 tuunt.
1098 1350 1137 1377 llli
1167 1351 1238 1378 enim
1267 1351 1440 1385 supplicium,
1462 1352 1488 1378 ill
1512 1359 1576 1379 vero
1599 1352 1712 1379 salutem
1728 1351 1770 1378 l‘u-

981 1396 1068 1430 ginnt.
1096 1396 1128 1422 Et
1145 1396 1182 1422 illi
1207 1396 1314 1430 quidem
1337 1403 1369 1422 ne
1385 1397 1449 1423 dettl
1465 1404 1569 1430 pinnas,
1588 1397 1614 1423 lii
1631 1404 1696 1424 vero
1714 1397 1768 1431 pati

981 1446 1121 1478 exoptant.
1139 1442 1252 1475 Quando
1273 1441 1355 1476 igitur
1373 1442 1437 1476 quid
1454 1442 1524 1470 tacto
1536 1442 1572 1469 sit
1584 1450 1651 1477 opus
1671 1442 1697 1469 in
1715 1443 1767 1469 hoc

983 1497 1074 1518 rerum
1087 1493 1158 1516 statu
1171 1488 1282 1522 qumris,
1302 1495 1357 1514 non
1372 1494 1479 1521 possum
1506 1488 1631 1522 equidem
1643 1492 1770 1515 accurate

146 1532 193 1566 μὲν
218 1532 395 1564 λανθάνοντες
420 1532 608 1567 βελτιοῦνται,
633 1532 700 1567 μηδὲ
728 1532 827 1559 εἰδέναι
848 1540 929 1567 προσ-

982 1537 1082 1563 dicere.
1100 1533 1180 1561 Novit
1197 1533 1240 1560 ille
1253 1533 1297 1567 qui
1313 1532 1394 1559 corda
1407 1535 1545 1559 scrutatur
1563 1532 1632 1559 Deus
1652 1543 1658 1560 :
1676 1537 1765 1559 tamen

145 1577 292 1604 ποιεῖσθαι·
310 1578 334 1604 εἰ
358 1578 386 1604 δὲ
401 1579 440 1609 εἰς
460 1578 491 1604 τὸ
509 1579 598 1613 χεῖρον
618 1578 782 1612 τρέπονται,
800 1578 868 1612 μετά
883 1578 928 1605 τὸν

144 1622 251 1657 ἔλεγχον
266 1623 313 1650 καὶ
328 1623 378 1659 τὴν
394 1622 507 1658 μετρίαν
521 1623 692 1658 ἐπιτίμησιν,
706 1623 872 1658 συγγνώμην
887 1623 930 1650 νέ-

146 1676 217 1702 μειν,
243 1668 289 1694 ἐπὶ
309 1668 337 1695 δὲ
359 1669 415 1700 τοῖς
446 1668 576 1703 μεγάλοις
606 1667 708 1702 ταύτην
732 1668 928 1703 ταμιεύεσθαι,

144 1714 190 1740 καὶ
209 1714 386 1750 σωφρονίζειν
405 1715 466 1745 τοὺς
481 1713 627 1745 πταίοντας
642 1733 649 1746 ,
669 1714 716 1740 καὶ
731 1714 863 1749 χωρισμῷ
883 1715 930 1741 καὶ

144 1761 287 1796 ἑπέτιμίᾳ,
305 1761 357 1792 ἕως
391 1761 423 1787 ἆν
450 1761 652 1795 μετανοήσωσι,
687 1760 733 1786 καὶ
767 1760 827 1786 τότε
853 1769 933 1795 πρισ-

145 1806 242 1833 ἰεσθαι.

284 1899 360 1933 ΣιιΖν.
376 1915 409 1920 —
427 1900 528 1927 ΙΩΣΗΦ
550 1899 784 1935 ΠΡΕΣΒΥΤΕΡῼ.

981 1588 1008 1610 ut
1024 1581 1150 1616 equidem
1169 1579 1297 1611 arbitror,
1317 1585 1399 1612 parva
1414 1578 1492 1610 vitia,
1511 1578 1533 1605 si
1549 1577 1656 1605 occulte
1673 1585 1765 1605 cmen-

981 1629 1088 1660 dentur,
1106 1627 1187 1654 etiam
1202 1628 1266 1652 sunt
1286 1624 1491 1651 dissimulanda.
1510 1625 1537 1651 Si
1554 1631 1618 1652 vero
1642 1625 1669 1651 in
1688 1625 1766 1652 dete«

985 1675 1041 1701 rius
1055 1673 1119 1699 vitia
1137 1676 1247 1706 vergant
1258 1675 1319 1704 post
1336 1670 1533 1704 correptionem
1552 1674 1579 1697 et
1599 1670 1768 1697 moderatam

984 1718 1165 1754 punitionem,
1196 1716 1274 1742 venia
1292 1719 1334 1743 est
1366 1715 1464 1742 danda.
1491 1714 1519 1742 In
1540 1715 1645 1750 magnis
1673 1721 1764 1742 autem

979 1763 1097 1798 peccatis
1116 1762 1185 1788 bane
1200 1767 1340 1786 reservare
1352 1764 1379 1786 et
1397 1765 1540 1794 peccantes
1561 1764 1667 1792 oportet
1682 1760 1764 1786 corri-

979 1816 1052 1843 gere,
1074 1807 1171 1842 partim
1202 1806 1262 1833 illos
1285 1806 1468 1840 segregando,
1494 1806 1592 1840 partim
1628 1805 1764 1840 puniendo

979 1854 1064 1882 donec
1078 1853 1248 1886 resipiscam,
1263 1858 1293 1878 ac
1314 1855 1377 1878 tunc
1392 1851 1549 1886 recipiendi.

1063 1897 1208 1926 CCXCVII.
1226 1912 1259 1916 —-
1271 1895 1422 1925 JOSEPHO
1439 1896 1677 1924 PRESBYTERO.

735 1946 887 1974 Sacerdalio
900 1955 952 1974 non
966 1946 1178 1982 superbiendum.

177 1992 209 2018 Ei
224 1992 273 2027 μὲν
283 1992 313 2019 τὸ
327 1992 381 2020 τῶν
393 1985 543 2020 ἄ).λωνόὐκ
558 1990 606 2019 οἷδ’
625 1992 698 2024 ὅπως
719 1992 928 2027 προκεκρίσθαι,

141 2037 190 2063 καὶ
213 2037 253 2067 εἰς
278 2037 427 2073 ἱερωσύνην
444 2037 661 2072 κατατετάχθαι,
681 2036 801 2072 ὲφύσησέ
820 2046 867 2070 σε,
883 2038 930 2065 καὶ

142 2082 215 2117 μέγα
236 2084 343 2118 φρονεῖν
364 2083 581 2118 παρεσκεύασεν,
603 2084 640 2114 ὡς
662 2083 729 2118 μηδὲ
745 2084 807 2115 τοὺς
827 2084 855 2110 ὲν
875 2086 931 2116 τοῖς

141 2127 276 2162 ὑπηκόοις
292 2127 436 2159 τελοῦντας
457 2129 517 2162 μὲν,
541 2128 752 2162 εὐδοκιμοῦντας
774 2128 801 2154 δὲ
818 2128 927 2164 ζηλοῦν,

139 2173 210 2200 ὲ).εῶ
226 2182 255 2199 σε
275 2174 322 2208 τῆς
340 2174 443 2205 ἀνοίας.
457 2174 488 2199 Ei
503 2174 530 2200 δὲ
547 2174 598 2199 οὐκ
614 2173 698 2205 ἀξιοῖς
716 2173 783 2208 πρὸς
800 2174 929 2206 ἐλάττους

138 2221 218 2256 ὁρᾷν,
243 2220 384 2246 καὶτοῦτο
400 2220 466 2246 αὐτὸ
486 2220 652 2246 δεινότατον
674 2221 698 2246 εἰ
717 2219 772 2246 τῶν
791 2220 928 2252 τοσοῦτον,

137 2266 178 2297 ὡς
195 2267 258 2297 οίει,
273 2266 441 2301 λειπομένων
462 2268 494 2302 τῇ
516 2266 579 2302 ἀξίᾳ
592 2266 691 2301 χείρων
714 2266 742 2292 ἐν
758 2266 814 2298 τοῖς
839 2266 930 2302 ἔργοις

138 2311 273 2345 φανείης·
304 2311 349 2337 καὶ
377 2308 413 2337 ὧν
436 2313 557 2347 κρατεῖν-
578 2312 654 2338 οὐδὲν
678 2311 731 2346 ἡγῇ
760 2310 928 2345 θαυμαστὸν,

137 2357 243 2382 τούτων
259 2356 392 2391 ἡττᾶσθαι
407 2356 502 2388 δόξεις.
520 2357 574 2383 Καὶ
591 2357 643 2393 μὴν
655 2359 678 2384 εί
699 2358 833 2384 κάκείνων
846 2357 928 2393 ῥᾳθυ-

141 2402 209 2437 μίας
230 2402 306 2428 ἔπνει
327 2403 340 2428 ὁ
355 2402 421 2437 βίος,
439 2402 469 2428 σὲ
484 2403 533 2429 οὑκ
550 2402 603 2429 ἔδει
621 2403 670 2437 τὴν
687 2404 750 2439 περὶ
764 2403 813 2439 τὴν
829 2404 929 2440 ἀρετὴν

139 2447 300 2481 ἐπιμέλειαν
311 2447 452 2482 προέσθαι.
466 2447 502 2473 Τὸ
514 2447 568 2482 γὰρ
583 2448 664 2482 μέσον
678 2449 746 2484 πρὸς
754 2449 876 2480 ἐκείνους
889 2459 929 2476 σοι

137 2493 190 2518 οὐκ
205 2492 295 2526 ὀλίγον
311 2492 433 2527 ὑπάρχον
455 2493 586 2528 ἀφῃρεῖτο
603 2494 652 2528 τὴν
668 2494 846 2530 συγγνώμην.
860 2496 891 2522 Ει
902 2496 930 2522 δὲ

138 2538 241 2564 ἐκεῖνοι
266 2539 315 2572 μὲν
335 2538 520 2574 λαμπρότεροι
547 2540 595 2566 καὶ
620 2540 831 2576 εὐδοκιμὼτεροί
848 2542 928 2575 εἰσιν,

139 2585 231 2611 καίτοι
257 2584 302 2611 τὸν
326 2585 495 2620 ἡγησόμενον
519 2585 569 2612 οὑκ
597 2585 724 2621 ἔχοντες,
743 2589 774 2613 σὺ
802 2587 829 2613 δὲ
852 2587 929 2619 (ἀλλ’

138 2630 218 2656 οὺὶἒν
242 2630 373 2665 βούλομαι
393 2630 523 2666 δυσχερὲς
542 2631 650 2666 εἰπεῖν)
668 2631 715 2659 θέα
732 2629 759 2658 οἵ
775 2632 888 2668 τελευτᾷ
903 2632 932 2658 τὸ

139 2675 237 2702 κακόν.

299 2765 381 2798 TL_l['.
399 2780 432 2784 —
448 2765 598 2800 ΕΥΤΟΝΙῼ
614 2767 774 2802 ΔΙΑΚΟΝῼ.

1018 1992 1046 2018 Si
1073 1996 1215 2026 propterea
1245 1989 1316 2024 quod
1351 1989 1412 2016 aliis
1446 1989 1539 2016 nescio
1567 1988 1701 2024 quomodo
1729 1991 1768 2016 sis

979 2036 1117 2072 praelatus,
1137 2040 1164 2062 et
1187 2035 1212 2061 in
1229 2035 1374 2062 sacerdotii
1397 2035 1519 2061 ordinem
1535 2039 1700 2068 assumptus.
1727 2035 1767 2062 id-

978 2085 1052 2111 circo
1069 2081 1218 2116 superbius,
1240 2081 1378 2115 altumque
1405 2081 1504 2115 sapias,
1531 2080 1614 2116 650
1634 2086 1662 2108 ut
1678 2089 1765 2114 neque

978 2137 1024 2157 eos
1037 2129 1083 2163 qui
1097 2128 1169 2155 inter
1185 2127 1322 2160 subjectos
1338 2127 1449 2162 quidem
1466 2127 1577 2161 imperio
1600 2133 1705 2161 parent,
1721 2129 1767 2155 sed

981 2175 1057 2209 probi
1071 2174 1135 2206 sint,
1150 2177 1176 2199 et
1189 2172 1275 2207 gloria
1295 2172 1373 2205 clari,
1393 2173 1518 2205 imiteris,
1537 2173 1575 2199 tui
1599 2179 1641 2199 me
1654 2173 1766 2200 demen-

983 2222 1016 2248 tis
1034 2220 1153 2246 miseret.
1183 2218 1210 2245 Si
1239 2225 1305 2246 vero
1320 2227 1353 2246 ne
1369 2219 1487 2253 digneris
1500 2219 1608 2253 quidem
1626 2218 1767 2246 inferiores

981 2271 1007 2294 te
1024 2268 1168 2302 respicere,
1190 2271 1276 2301 atque
1298 2266 1411 2299 idipsunt
1434 2265 1512 2298 longe
1529 2265 1729 2299 gravissimum,
1745 2265 1766 2291 si

979 2313 1012 2340 iis
1024 2313 1068 2348 qui
1089 2318 1241 2347 tantopere,
1259 2317 1287 2339 ut
1302 2316 1390 2346 putas,
1405 2311 1451 2337 tibi
1472 2310 1605 2345 dignitate
1621 2309 1766 2337 inferiores

980 2365 1051 2390 sunt.
1072 2360 1237 2394 inopcribns
1252 2358 1373 2386 deterior
1386 2365 1526 2392 apparens,
1547 2361 1573 2384 et
1595 2358 1693 2392 quibus
1716 2357 1766 2382 im-

980 2411 1075 2438 perare
1088 2404 1153 2431 nihil
1170 2404 1266 2431 mirum
1291 2403 1377 2435 ducis,
1402 2403 1436 2428 ab
1455 2402 1488 2429 iis
1499 2402 1621 2436 superari
1637 2402 1767 2429 videaris.

984 2448 1039 2475 Etsi
1053 2448 1123 2474 enim
1137 2448 1189 2475 vita
1206 2448 1312 2474 illorum
1331 2447 1441 2482 ignaviae
1451 2447 1527 2482 plena
1538 2451 1621 2478 esset,
1638 2452 1663 2473 te
1679 2451 1767 2472 tamen

986 2502 1037 2520 non
1051 2493 1195 2528 oportebat
1215 2493 1325 2521 virtutis
1343 2493 1461 2520 studium
1484 2493 1673 2520 intermittere.
1701 2490 1767 2517 Nam

985 2540 1155 2567 intervallum
1171 2539 1242 2574 quod
1271 2539 1340 2566 inter
1366 2543 1391 2566 te
1420 2543 1447 2566 et
1467 2538 1527 2565 illos
1544 2537 1686 2564 intercedit
1715 2544 1766 2562 non

981 2586 1118 2620 exiguum,
1134 2586 1238 2613 veniant
1255 2585 1300 2612 tibi
1315 2586 1438 2619 denegat.
1467 2584 1494 2611 Si
1511 2592 1575 2611 vero
1590 2583 1626 2610 illi
1640 2582 1768 2609 clariores

982 2630 1205 2665 probatioresque
1232 2630 1288 2657 sint
1312 2638 1344 2657 ac
1372 2631 1440 2657 duce
1463 2634 1603 2661 carentes,
1623 2633 1650 2655 tu
1675 2632 1762 2654 tamen

983 2677 1056 2710 (nolo
1067 2677 1139 2704 enim
1153 2676 1217 2711 quid
1230 2677 1339 2711 gravius
1351 2675 1451 2710 dicere)
1466 2673 1607 2702 considera
1622 2679 1767 2708 quemnam

985 2720 1065 2748 ﬁnem
1081 2720 1179 2747 malum
1202 2720 1252 2747 hoc
1271 2720 1397 2754 reperiet.

1090 2765 1247 2794 CCXCVlll.
1268 2781 1303 2785 ——
1329 2763 1478 2793 EUTONIO
1504 2762 1662 2790 DlACONO.

570 2812 656 2840 Virtus
673 2813 812 2839 calumnia!
827 2813 950 2840 obnoxia.
970 2813 1056 2848 (Couf.
1072 2813 1148 2846 epist.
1160 2813 1213 2840 294
1227 2817 1251 2839 et
1269 2812 1345 2847 3H.)

178 2860 224 2895 Μὴ
240 2860 333 2895 νόμιζε
354 2859 391 2895 τῷ
417 2861 512 2888 ἀσκεῖν
527 2860 636 2895 ἀρετὴν,
657 2861 706 2891 τὰς
720 2860 846 2892 διαϐολὰς
863 2861 920 2887 δια-

1010 2861 1083 2888 Cave
1101 2861 1239 2888 existimes
1250 2860 1377 2887 virtutem
1393 2858 1545 2886 exercendo
1561 2862 1586 2885 te
1602 2856 1765 2885 calumniam
