2049 3162
149 179 219 218 1513

587 179 855 212 EPIS’I‘OLARUM
876 179 952 209 LIB.
972 178 1006 208 V.
1026 191 1057 196 -
1086 179 1207 210 EPIS‘I‘.
1228 179 1344 210 CCCVI.

1713 176 1781 212 ιιιι

147 243 177 271 ιν
193 241 232 277 τῷ
248 239 373 277 μέλλοντι
394 239 474 267 αίῶνι
491 239 628 274 ἀνισότης.
644 239 680 265 Οὐ
701 239 753 274 γὰρ
772 239 871 270 πάντες
886 237 940 264 τῶν

992 239 1092 264 :cterna
1107 237 1158 264 crit
1167 237 1343 272 inazqualitas.
1358 235 1417 265 Non
1428 236 1500 265 enlm
1509 237 1604 266 eadem
1614 243 1708 267 omnes
1720 245 1781 267 con-

147 287 239 316 αὐτῶν
262 285 474 313 ἀπολαύσονται.
492 284 560 311 Οὐδὲ
582 285 636 320 γὰρ
651 283 754 311 δίκαιον
770 285 827 314 τοῖς
847 284 885 319 μὴ
911 282 942 310 τὸ

995 285 1153 316 sequentur.
1175 282 1300 318 iniquum
1311 282 1384 311 enim
1400 287 1474 312 esset
1494 287 1526 311 ut
1544 283 1578 311 iis
1596 283 1643 319 qui
1662 283 1782 320 disparia

148 334 205 361 ἴσον
233 331 400 366 πεποιηκόσι
423 329 454 356 τὸ
483 329 539 356 ἴσον
565 328 789 364 ἀπονεμηθῆναι·
819 326 941 363 ίσότητὸς

992 332 1147 362 gesserunt,
1173 328 1287 363 aequalia
1306 329 1460 357 tribuantur
1477 337 1484 356 :
1507 329 1669 365 :equalitatis
1695 334 1737 359 est
1754 333 1782 358 et

152 379 212 405 ἔστι
229 377 277 404 καὶ
293 376 470 411 δικαιοσύνης
485 373 712 408 ἀπόδειξις.“Δλλ⁵
729 375 746 410 ἡ
765 374 815 411 μὲν
825 373 942 402 ἐνταῦθα.

991 373 1102 408 iustitize
1111 373 1316 403 demonstratio.
1333 375 1434 404 Verum
1447 376 1469 405 si
1482 384 1535 412 qua
1543 376 1588 405 hic
1599 376 1782 412 ineqnalitas.

147 422 292 459 ἀνωμαλία
309 422 424 458 μελέτης
435 422 482 449 καὶ
496 420 654 457 γυμνασίας
668 421 750 448 ἕνεκα
770 419 945 456 συγκεχώρη-

147 478 194 498 ται
205 477 212 485 ’
233 470 250 504 ἡ
266 469 294 496 δὲ
313 469 431 502 ἐκεῖθεν,
448 468 622 504 δικαιοσύνης
635 467 729 495 ἕνεκεν
742 467 789 494 καὶ
800 467 945 503 εὖδοκιμήυ

148 524 217 548 σεως
232 515 388 551 γενήσεται.

411 568 472 594 TI".
492 582 527 587 —
545 562 670 603 [ΙΔΥΛῼ.

994 419 1184 448 sollicitudinis
1203 421 1462 457 exercitationisque
1484 423 1572 459 gratia
1589 423 1644 458 ﬁt;
1661 423 1698 452 ibi
1717 430 1783 451 vero

992 465 1106 499 iustitia;
1122 472 1154 493 ac
1166 464 1289 501 probatae
1303 465 1463 502 vitze'gratia
1482 468 1657 496 retribuetur.

1223 565 1333 596 CCCI".
1358 584 1394 590 -—
1420 567 1547 598 PAULO.

617 615 672 642 Deo
690 614 723 642 0.
740 609 778 642 Μ.
794 622 842 649 pro
858 615 980 643 omnibus
997 617 1072 644 rebus
1088 616 1196 652 agenda:
1211 617 1316 652 gratim.

190 675 235 702 Ἐν
250 675 312 707 ταῖς
327 674 394 710 πρὸς
410 674 441 701 τδ
458 674 535 702 Θεῖον
550 674 737 711 εὐχαριστίαις
760 673 812 710 χρὴ
836 674 941 706 πάντας

148 721 365 754 συνεισενεγκεῖν
383 719 397 746 δ
409 719 521 756 ἔχομεν,
537 720 633 755 ἐπειδὴ
654 720 705 747 οὐκ
716 719 814 755 ἔχομεν
825 719 840 746 ὃ
853 727 942 754 χρεω-

149 767 212 794 στοῠ
217 775 266 803 μεν
275 774 282 783 ·
299 766 326 793 τί
344 766 399 802 γὰρ
412 766 461 793 καὶ
473 766 704 802 προσενέγκοιμεν
715 765 790 798 ἄξιον
800 765 840 801 τῷ
850 765 941 800 πάσης

148 813 267 849 ἀμοιϐῆς
280 812 431 847 κρείττονι;
530 812 532 814 ’

417 868 477 895 TA'.
495 884 530 889 —
547 869 670 904 HETPQ.

1027 673 1184 702 Gratiarum
1201 674 1235 701 ad
1252 674 1336 702 Deum
1352 674 1487 701 actionem
1504 672 1608 701 referre
1625 679 1674 708 pro
1691 673 1781 700 omni-

992 720 1043 748 bus
1058 727 1119 755 qua:
1131 721 1263 748 habemus
1286 720 1422 747 convenit.
1444 719 1534 755 Neque
1550 719 1622 747 enim
1646 723 1778 754 quantum

991 765 1130 798 debemus,
1143 772 1299 800 possumus.
1320 763 1389 798 Quid
1406 765 1478 792 enim
1498 764 1662 800 condignum
1683 759 1782 792 affera-

993 815 1047 842 tur.
1069 810 1111 837 cui
1127 808 1196 836 nihil
1213 816 1266 837 non
1286 807 1421 837 debetur?

1232 861 1343 891 CCCIV.
1361 877 1394 884 —
1409 861 1534 891 PETRO.

524 913 678 942 Periculose
693 914 826 948 laborant,
841 914 886 949 qui
900 911 968 940 male
980 914 1087 947 agentel
1107 909 1167 936 boni
1182 909 1265 937 videri
1279 909 1398 943 cupiunt.

183 972 219 999 Τὸ
231 971 312 1005 ἄδοξα
328 971 494 1007 πράττοντα,
511 970 617 1004 ἔνδοξον
630 970 721 998 δοκεῖν
740 968 821 1003 εἶναι,
835 969 942 1001 πολλοῖς

1031 965 1111 1001 Optat
1123 965 1232 1001 quidem
1244 964 1324 1000 vulgo
1341 964 1487 1000 gloriosum
1512 964 1611 999 videri,
1631 965 1678 1001 qui
1694 965 1781 1001 turpia

148 1018 199 1053 μὲν
211 1018 442 1053 εὖκταῖον,σοφοῖς
453 1017 482 1044 δὲ
496 1018 545 1044 οὐκ
559 1015 703 1052 ἐράσμιον.
725 1015 758 1042 Ἦ
772 1015 826 1051 γὰρ
839 1014 939 1049 ἔξωθεν

146 1064 210 1098 δόξα
230 1064 280 1099 τὴν
299 1054 375 1091 ἔνδον
391 1064 500 1096 ἀδοξίαν
515 1065 620 1099 νευροῖ·
638 1062 686 1090 καὶ
698 1063 729 1090 τὸ
744 1062 833 1090 δοκεῖν
847 1062 937 1097 ὑγιαί-

146 1117 203 1136 νειν
219 1108 268 1136 τοῦ
291 1109 377 1142 ὅντως
404 1108 537 1143 ὑγιαίνειν
553 1108 704 1143 φαντασίαν
719 1107 863 1144 ἐμποιοῦν,
878 1107 939 1134 οὐδὲ

146 1154 296 1191 θεραπείαν
315 1155 478 1190 προσίεσθαι
499 1157 644 1191 συγχωρεῖ.

396 1254 457 1283 TE'.
474 1271 508 1276 —
523 1256 566 1292 Τῼ
583 1248 684 1292 arm.

993 1017 1100 1048 patrat;
1131 1011 1269 1046 sapientes
1288 1015 1383 1038 contra
1406 1011 1433 1039 id
1456 1016 1628 1039 aversantur.
1653 1011 1781 1040 Extrema

991 1059 1064 1087 enim
1075 1057 1171 1093 gloria,
1187 1057 1321 1085 internam
1349 1057 1511 1085 corroborat
1535 1057 1724 1092 ignominiam,
1753 1063 1783 1085 ut

990 1104 1132 1140 persuasio
1161 1103 1195 1131 de
1229 1102 1392 1135 valetudine,
1423 1103 1587 1138 ingenerans
1622 1104 1781 1138 opinionem

990 1155 1073 1179 certa:
1108 1149 1256 1181 sanitatis,’
1279 1149 1449 1177 curationem
1478 1154 1607 1185 appetere
1635 1157 1689 1178 non
1726 1157 1788 1184 per-

991 1197 1085 1224 mittit.

1239 1249 1339 1278 CCCV.
1354 1263 1389 1271 -—
1413 1250 1529 1278 EIDEM.

555 1302 624 1330 Bene
636 1303 681 1338 qui
695 1302 784 1335 (aluit,
800 1302 862 1329 bene
882 1301 956 1328 uixit.
976 1298 1033 1335 (Sic
1049 1297 1124 1332 epist.
1144 1296 1205 1330 £08,
1222 1296 1285 1329 362,
1303 1297 1378 1332 565.)

186 1356 294 1391 Ὥσπερ
309 1357 367 1390 εἴγε
382 1357 435 1392 χρὴ
448 1356 516 1388 ὅλως
535 1355 744 1392 ὲναὸρύνεσθαι,
770 1356 821 1383 οὐκ
839 1355 886 1382 ἐπὶ
899 1354 938 1390 τῷ

146 1402 277 1438 πράττειν
292 1401 383 1434 ἁπλῶς
400 1401 417 1428 ἃ
433 1402 471 1438 μὴ
481 1402 521 1428 δεῖ
536 1402 588 1438 χρὴ
602 1401 795 1438 σεμνύνεσθαι,
813 1400 871 1428 ἀλλ’
892 1400 939 1427 ἐπὶ

148 1448 188 1483 τῷ
204 1448 335 1483 πράττειν
351 1448 369 1475 ἃ
383 1450 453 1484 χρή·
467 1447 524 1475 ἔστι
539 1448 594 1484 γὰρ
609 1448 732 1484 ἀπραξία
758 1447 885 1483 πράξεως
898 1447 940 1475 al-

148 1494 297 1530 ρετωτέρα.
314 1493 393 1521 Οὕτω
412 1495 458 1521 καὶ
474 1495 520 1521 ἐπὶ
537 1493 575 1530 τῷ
594 1494 698 1526 ἀδοξεῖν
716 1493 809 1526 ἁπλῶς
825 1493 857 1520 οὺ
885 1492 939 1530 χρὴ

145 1540 302 1572 λυπεῖσθαι,
327 1540 384 1567 ἀλλ’
399 1540 444 1567 ἐπὶ
470 1540 508 1576 τῷ
531 1540 643 1572 δικαίως
663 1539 782 1573 ἀδοξεῖν·
811 1539 870 1567 ἐστι
883 1539 938 1576 γὰρ

146 1585 240 1619 ἀδοξία
256 1585 333 1622 δόξης
347 1585 558 1621 ἀσφαλεστέρα.-

381 1686 450 1719 Τςι.
471 1702 503 1707 -
517 1685 692 1720 ΘΕΟΔΟΣΙῼ.

1028 1352 1063 1380 Ut
1079 1352 1101 1379 si
1115 1351 1284 1386 gloriandum
1307 1355 1366 1384 estI
1395 1359 1448 1379 non
1468 1351 1502 1380 de
1531 1352 1563 1379 iis
1583 1352 1695 1380 omnino
1721 1359 1781 1387 qua

991 1397 1067 1426 nefas
1083 1397 1119 1426 sit
1134 1405 1227 1433 agere,
1252 1397 1300 1425 tiat
1327 1398 1486 1430 ostentatio,
1514 1398 1560 1426 sed
1584 1397 1618 1425 de
1643 1398 1675 1426 iis
1691 1398 1782 1433 potius

991 1450 1052 1478 quae
1067 1450 1148 1478 agere
1162 1447 1279 1478 oportet.
1300 1443 1349 1471 Est
1366 1444 1439 1471 enim
1464 1444 1583 1479 optanda
1596 1444 1783 1479 tranquillitas

991 1482 1080 1526 potius
1095 1497 1176 1525 quam
1196 1489 1344 1525 negotium.
1359 1488 1404 1518 Sic
1416 1494 1444 1517 et
1456 1489 1580 1525 ignotum
1596 1496 1656 1518 esse
1670 1490 1784 1518 omnino

993 1535 1137 1564 dolendum
1163 1542 1216 1564 non
1246 1540 1300 1568 est.
1323 1535 1376 1563 imo
1398 1536 1521 1571 ignotum
1546 1542 1606 1564 esse
1635 1536 1783 1571 optandum

992 1582 1122 1610 maxime.
1147 1580 1245 1609 Tutius
1263 1585 1306 1610 est
1331 1581 1403 1609 enim
1429 1581 1561 1618 ignorari,
1590 1589 1670 1618 quam
1704 1582 1780 1610 fama

953 1620 977 1651 (ἶ
992 1629 1135 1657 celebrari.

1146 1682 1231 1719 652
1253 1682 1365 1712 CCCVI.
1378 1698 1414 1704 -—
1429 1682 1637 1712 THEODOSIO.

389 1731 494 1759 Luxum
510 1732 690 1763 temperantiae
709 1731 848 1759 aduersum
863 1729 1028 1766 fugiendum,
1048 1738 1094 1756 nec
1107 1729 1177 1764 vulgi
1190 1729 1289 1763 iudicio
1299 1737 1340 1757 res
1352 1730 1540 1762 ponderanda.

187 1787 220 1815 Ἦ
232 1787 335 1823 τρυφὴ,
351 1788 368 1822 ἡ
385 1788 477 1822 πάσης
491 1787 638 1819 ἀκολασίας
652 1787 699 1813 καὶ
712 1787 804 1822 μήτηρ
817 1787 865 1813 καὶ
877 1794 939 1822 τρο-

146 1830 206 1869 φὸς,
220 1833 286 1860 ὅταν
312 1832 440 1869 τραπέζῃ
467 1832 618 1870 πληθούσῃ,
640 1833 686 1860 καὶ
708 1826 846 1864 παντοίοις
863 1831 939 1866 ὄψοις

146 1879 194 1906 καὶ
209 1879 348 1914 ἡδύσμασι
365 1877 492 1914 κομώσῃ,
506 1879 555 1914 τὴν
572 1879 620 1914 μὲν
637 1878 732 1913 γεῦσιν
744 1878 798 1905 τῶν
813 1878 939 1914 ὁρώντων

146 1925 217 1961 πρὸς
239 1924 388 1960 ἐπιθυμίαν
405 1925 516 1960 κινήσῃ,
539 1924 584 1951 τὸν
599 1924 627 1951 δὲ
643 1924 704 1951 νοῦν
719 1924 773 1951 τῶν
790 1924 939 1960 χρωμένων

145 1971 327 2006 ἒπιὸρίθουσα
341 1970 495 2006 χρήσασθαί
506 1979 568 1997 τινα
584 1970 730 2007 ἀναπείσῃ,
742 1969 772 1997 τὸ
785 1969 937 2005 τηνικαῦτα

146 2017 277 2051 ναυάγιον
302 2016 376 2052 αὐτῷ
393 2016 529 2052 προξενεῖ,
553 2017 593 2048 είς
609 2016 656 2042 τὸν
676 2015 756 2050 βυθὸν
769 2015 823 2041 τῶν
842 2014 938 2042 παθῶν

145 2062 388 2090 καταποντίσασα’
419 2062 555 2096 φυλάττου
580 2062 670 2088 τοίνυν
691 2061 805 2098 ταύτην,
829 2062 876 2088 καὶ
890 2061 939 2096 τὴν

144 2108 316 2142 αὐτάρκειαν
333 2107 400 2142 τίμα
413 2116 420 2124 ·
435 2105 465 2134 εὖ
480 2106 568 2139 είδὼς,
582 2106 623 2133 ὅτι
639 2106 701 2133 οὔτε
715 2106 745 2133 τὸ
757 2106 870 2142 αίσχρδν
883 2105 939 2134 οἷόν

145 2163 175 2180 τε
204 2153 308 2188 ἀγαθὸν
333 2152 461 2187 γενέσθαι
476 2153 510 2188 τῇ
526 2151 580 2179 τῶν
603 2152 777 2187 πραττόντων
795 2152 939 2187 συμφωνίᾳ

146 2199 348 2234 κοσμούμενον,
362 2198 414 2225 κᾶν
429 2199 530 2230 πάντες
544 2198 658 2234 ῥήτορες
670 2199 717 2224 καὶ
734 2198 860 2232 coptam).
875 2205 939 2224 συν-

1023 1784 1115 1812 Luxus
1131 1785 1221 1813 omnis
1234 1785 1449 1820 intemperantiae
1463 1790 1550 1813 mater
1571 1791 1614 1814 cst
1627 1789 1656 1814 et
1674 1785 1782 1818 nutrix.

989 1830 1034 1857 ubi
1049 1837 1142 1858 mensa
1156 1829 1266 1864 referta,
1279 1829 1470 1858 etomnit‘ariis
1481 1831 1604 1859 obsoniis
1618 1835 1700 1866 atque
1714 1839 1780 1860 con-

988 1873 1116 1903 dimentis
1143 1878 1272 1910 superba,
1301 1881 1410 1912 gustum
1432 1877 1541 1912 quidem
1561 1877 1725 1906 intuentium
1743 1879 1777 1906 ad

987 1921 1168 1956 appetendum
1192 1922 1386 1956 commoverit,
1413 1923 1546 1950 utentium
1575 1930 1642 1951 vero
1660 1928 1780 1951 mentem

991 1972 1163 2003 prmgravans
1174 1968 1207 1995 ad
1226 1968 1353 1996 utendum
1367 1968 1522 2004 quempiam
1547 1968 1697 2003 induxerit,
1717 1975 1783 1998 tunc

993 2013 1162 2048 naufragium
1189 2014 1239 2048 ipsi
1267 2018 1360 2049 parat,
1397 2015 1426 2042 in
1461 2015 1626 2050 profundum
1649 2016 1782 2044 malarum

990 2059 1163 2087 aﬂ‘ectiouum
1201 2060 1372 2096 demet-gens.
1409 2061 1514 2089 Luxum
1554 2061 1648 2097 itaque
1681 2062 1782 2094 devita,

989 2110 1132 2133 comentus
1155 2112 1187 2132 eo
1209 2106 1281 2140 quod
1308 2111 1350 2135 est
1369 2107 1438 2134 satis
1457 2115 1464 2134 :
1491 2107 1576 2142 probe
1605 2113 1781 2143 perspectum

989 2151 1091 2178 habens
1103 2150 1174 2185 quod
1187 2154 1265 2186 tul-pe
1276 2156 1329 2184 est,
1345 2151 1446 2179 bonum
1456 2150 1526 2179 eﬂici
1537 2159 1676 2186 nunquam
1690 2158 1782 2186 posse.

988 2204 1121 2225 consensu
1133 2205 1232 2226 causas
1246 2198 1385 2233 agentium
1401 2202 1576 2231 exornatum,
1593 2199 1644 2226 etsi
1657 2203 1783 2226 oratores

145 2245 348 2280 αγωνίζωνται-
377 2244 439 2271 οὔτε
456 2243 485 2270 τὸ
501 2244 583 2270 καλὸν
598 2245 793 2279 μεταπεσεῖται
808 2245 847 2275 εἰς
859 2244 938 2271 τούν-

992 2251 1087 2271 omnes
1120 2248 1203 2279 atque
1232 2243 1360 2279 sophistae
1386 2242 1520 2272 laudando
1537 2244 1713 2272 contendant.
1737 2243 1784 2271 Sic

149 2291 250 2322 αντίον,
275 2289 326 2316 κᾶν
348 2287 388 2321 εἷς
405 2289 496 2324 μόνος,
521 2288 623 2324 μᾶλλον
637 2288 666 2316 δὲ
680 2288 742 2324 μηδ’
756 2286 795 2320 εἷς
808 2289 936 2324 φαίνηται

146 2336 243 2362 τούτου
258 2335 387 2371 ἐραστής.
403 2335 505 2370 Παρεὶς
518 2335 609 2361 τοίνυν
628 2335 679 2370 τὴν
695 2335 749 2362 τῶν
765 2335 872 2362 πολλῶν
885 2335 938 2371 ψῆ-

147 2390 208 2416 φον,
228 2381 315 2415 αὐτῆς
331 2380 393 2416 ἔχου
409 2380 459 2416 τῆς
474 2380 590 2415 ἀρετῆς·
607 2380 655 2407 καὶ
672 2379 761 2407 πάντα
783 2381 833 2415 μὲν
854 2381 937 2414 ποίει,

147 2427 195 2455 καὶ
215 2427 323 2462 μυρίοις
347 2425 497 2461 ὀφθαλμοῖς
512 2426 546 2452 τὰ
563 2425 634 2452 κατὰ
652 2426 750 2453 σαυτὸν
763 2426 936 2461 περισκόπει,

146 2473 221 2503 ὅπως
231 2472 350 2508 μηδεμία
363 2471 439 2506 παρὰ
451 2471 498 2498 σοῦ
510 2473 564 2503 τοῖς,
581 2471 666 2503 πέλας
679 2471 826 2506 ὲπιῳὺηται
839 2472 937 2507 βλάϐη,

146 2518 186 2553 τῷ
201 2519 294 2545 πᾶσαν
319 2517 468 2544 σκανδάλου
489 2517 568 2553 ῥίζαν
595 2517 750 2552 ἐκτέμνειν.
778 2519 810 2545 Εἰ
825 2518 854 2545 δὲ
866 2518 939 2545 οὕτω

148 2573 196 2591 σου
209 2563 395 2599 διακειμένου,
408 2565 481 2595 τινὲς
497 2563 553 2590 τῶν
567 2563 664 2599 μηδὲν.
674 2564 727 2599 μὲν
739 2563 841 2598 ἀγαθὸν
851 2572 939 2600 πρατ-

145 2610 259 2644 τόντων,
281 2611 337 2641 τοῖς
359 2610 388 2637 δὲ
409 2610 562 2646 πράττουσι
583 2609 753 2646 φθονούντων
776 2611 938 2647 κατηγορῶ-

148 2665 174 2683 σι
191 2655 260 2692 (89),
281 2655 319 2691 μὴ
337 2655 410 2682 δίδου
426 2655 524 2682 σαυτὸν
547 2654 656 2682 ἔκδοτον
676 2657 709 2691 τῇ
725 2655 849 2692 ἀθυμίαι
869 2656 937 2684 ἀλλὰ

147 2701 196 2729 καὶ
207 2700 311 2736 ταύτην
322 2700 455 2735 γενναίως
468 2700 578 2735 ῐνεγκον
587 2700 634 2729 τοῦ
646 2701 745 2737 ἐχθροῦ
760 2700 811 2737 τὴν
824 2701 940 2737 προοδο-

992 2297 1042 2318 nec
1059 2291 1159 2319 bonum
1179 2299 1239 2319 cum
1256 2290 1327 2318 malo
1351 2291 1486 2323 convenit,
1514 2290 1568 2318 etsi
1586 2298 1665 2324 unus,
1691 2298 1722 2319 ac
1749 2299 1783 2319 ne

991 2345 1062 2365 unus
1089 2337 1198 2372 quidem
1220 2337 1282 2365 boni
1308 2344 1406 2364 amans
1437 2336 1630 2372 studiosusque
1654 2337 1782 2365 exsistat.

991 2382 1135 2410 Multorum
1152 2383 1245 2418 itaque
1268 2382 1359 2411 valere
1370 2382 1447 2418 jussa
1467 2383 1596 2418 opinione
1616 2383 1710 2411 virtuti
1732 2385 1781 2420 ipsi

992 2429 1112 2461 haeretis,
1142 2429 1289 2464 omniaque
1313 2433 1423 2464 satuge,
1452 2435 1533 2464 teque
1558 2429 1648 2465 ipsum
1673 2435 1782 2458 centum

993 2475 1177 2510 contemplare
1192 2476 1287 2510 oculis,
1311 2484 1346 2504 ne
1365 2484 1418 2511 qua
1444 2476 1491 2504 tibi
1512 2484 1528 2505 a
1552 2477 1684 2512 proximis
1701 2477 1782 2505 obve-

994 2520 1052 2547 niat
1077 2521 1234 2557 calamitas,
1265 2526 1294 2549 ut
1330 2529 1440 2550 omnem
1471 2522 1631 2551 oﬂensionis
1664 2522 1781 2550 radicem

992 2566 1146 2594 exscindas.
1164 2565 1192 2594 Si
1214 2574 1278 2595 vero
1295 2572 1320 2595 to
1336 2568 1374 2596 ita
1386 2567 1514 2596 ati‘ectum
1531 2568 1612 2603 aliqui
1628 2574 1720 2596 eorum
1736 2569 1781 2603 qui

992 2612 1059 2639 nihil
1090 2612 1154 2641 boni
1184 2617 1278 2649 agunt,
1307 2614 1355 2642 sed
1381 2615 1451 2642 bene
1473 2615 1615 2650 agentibus
1649 2614 1783 2646 invident.

991 2663 1131 2691 accusent.
1150 2659 1271 2687 animum
1286 2667 1320 2688 ne
1336 2659 1516 2695 despondeas,
1545 2659 1592 2688 sed
1615 2660 1686 2687 hunc
1699 2666 1782 2695 gene-

993 2711 1056 2732 rose
1069 2703 1143 2732 feras
1154 2704 1258 2734 inimici
1274 2705 1556 2742 insultutnhcogitans
1574 2712 1637 2734 eum
1660 2705 1713 2734 ista
1728 2712 1782 2733 non

697 2778 815 2807 VABIE
835 2779 1029 2809 LECTIONES
1044 2780 1087 2809 ET
1103 2781 1220 2810 NOTAE.

187 2859 242 2899 (Si?)
263 2859 326 2899 _i’ro
363 2859 548 2896 κατηγοροῦσι
586 2860 710 2888 scribunt
751 2858 831 2887 iidem
865 2867 952 2896 καχηγ

992 2860 1071 2895 οὖσι,
1103 2867 1130 2890 et
1156 2870 1228 2892 seu.
1244 2866 1306 2899 post
1333 2863 1350 2891 5
1369 2862 1501 2898 χρήσαιτο
1539 2866 1640 2897 augent
1679 2865 1785 2897 prapo-

149 2895 204 2922 sito
218 2896 241 2922 ὶ.
263 2895 368 2922 Possm.

309 2941 445 2972 PATIOL.
470 2942 529 2972 Gn.
557 2943 604 2971 LX
614 2942 722 2971 Xi'lli.

1588 2940 1625 2970 b8
