2049 3162
253 167 322 204 1515

871 171 900 201 S.
922 170 1068 201 lSIDORl
1087 171 1306 201 PELUSIOTE

1822 170 1889 203 1516

253 229 291 256 uti
305 223 511 260 machinatione,
531 232 559 254 ιιι
575 227 706 255 munitatn
724 227 972 256 administrationis
988 235 1039 257 tua:

1099 229 1151 265 μὴν,
1168 229 1278 261 ὲννοῶν,
1292 230 1333 255 ὄτι
1350 229 1398 255 οὐκ
1416 229 1448 256 ἂν
1464 229 1547 266 ταύτῃ
1573 232 1706 267 χρὴσαιτο
1720 232 1752 267 τῇ
1777 233 1887 267 μηχανῇ

254 275 386 302 rationem
414 268 534 307 evertat,
558 270 610 301 nisi
636 275 849 303 existimationis
881 281 933 304 tua:
957 276 1042 312 gloria

254 328 424 355 snnnnopere
437 328 498 348 eum
512 321 666 348 incesserit.

451 408 571 449 ccc'vu.
592 437 626 443 .-
646 421 840 450 EVANGELO.

1097 275 1205 311 πρὸςτδ
1217 275 1382 302 καταϐαλεῖν
1393 285 1438 302 σου
1448 276 1496 311 τὴν
1508 278 1728 313 πεπυργωμὲνην
1739 277 1886 308 πολιτείαν,

1097 323 1121 347 εί
1135 321 1173 356 μὴ
1188 320 1280 356 ἄκρως
1293 321 1375 347 αὑτοῦ
1388 321 1542 356 καθάψαιτο
1552 323 1601 357 τῆς
1621 324 1669 356 σὴς
1688 323 1890 358 εὐδοκιμήσεως

1095 368 1125 394 τὸ
1146 366 1232 399 κλέος.

1334 423 1394 452 ΤΖ’.
1413 439 1447 444 -
1459 423 1650 460 summa.

764 467 812 494 Dei
831 466 864 494 0.
881 464 920 494 Μ.
941 475 1002 502 erga
1019 467 1195 502 delinquentes
1219 467 1374 501 benignitas.

293 522 350 551 Etsi
369 523 475 551 diti'tcile
486 528 526 550 est
541 523 689 558 neglectam
715 529 845 550 revocare
868 529 1042 550 occasionem

255 570 356 604 (subito
367 571 439 596 enim
458 570 559 604 impetu
575 577 622 596 usa
638 577 691 596 non
710 569 775 596 sinit
792 569 884 604 lapsos
900 576 1042 596 recurrere

256 616 290 642 ad
303 615 520 642 emendationem
537 614 732 648 peccatorum),
744 614 833 641 divina
857 618 946 641 tamen
967 613 1043 640 beni-

257 660 345 694 gnitas
356 659 470 688 rationi.
496 658 545 692 legi
569 665 601 686 ac
621 659 787 693 temporibus
803 662 933 692 praastans
948 658 1043 692 resipi—

258 709 365 731 scentes
387 701 494 738 recipit,
511 703 674 737 illorumque
695 703 839 730 sedulitate
862 709 894 730 ac
905 702 1041 736 diligentia

257 750 393 785 propriam
417 749 476 783 ejus
498 749 645 775 bonitatem
663 748 878 780 commiscendo,
902 748 1045 782 temporis-

257 800 310 827 que
325 793 486 826 compendio
500 792 665 826 paenitentia:
691 791 773 818 robur
788 792 869 819 veluti
891 797 1045 826 temperans

257 842 338 873 atque
353 838 530 870 concinnans,
546 838 666 871 peccatis
676 838 779 871 praebet
795 838 970 865 medicinam.

381 939 514 968 CCCVI".
533 953 568 959 —-
587 937 725 966 ISIDORO
737 938 916 967 EPlSCOPO.

1135 524 1166 550 El
1179 523 1228 550 xui.
1239 524 1271 550 οὐ
1286 523 1378 560 ῥᾴδιον
1401 525 1586 560 περιοφθέντα
1602 524 1698 560 καιρὸν
1715 524 1886 552 ἀνακαλέσα·

1100 569 1162 596 σθαι
1182 570 1311 606 (ὀξυτάτῃ
1328 571 1383 606 γὰρ
1400 572 1472 606 φορᾷ
1486 570 1629 606 χρώμενος
1651 571 1701 597 οὐκ
1718 571 1750 606 ἑᾷ
1770 571 1886 606 ἀναδρα-

1098 614 1160 647 μεῖν
1175 613 1239 644 troia;
1259 614 1428 645 πταίσαντας
1456 615 1503 640 ἐπὶ
1522 615 1570 648 τὴν
1596 614 1650 640 τῶν
1675 614 1887 650 ἁμαρτηθέντων

1097 657 1296 694 ἐπανόρθωσιν)
1308 666 1314 673 ·
1331 658 1399 685 ἀλλά
1414 667 1447 692 γε
1464 659 1481 694 ἡ
1496 659 1556 685 θεία
1571 659 1762 694 φιλανθρωπία
1778 660 1827 687 καὶ
1845 661 1884 686 λά.

1098 711 1155 737 γων
1179 703 1226 730 καὶ
1250 703 1342 739 νόμων
1364 704 1412 731 καὶ
1435 704 1541 740 χρόνων
1563 705 1697 740 κρείττων
1717 706 1884 741 τυγχάνουσα

1098 750 1162 780 τοὺς
1187 749 1443 784 μεταγινώσκοντας
1470 750 1631 786 προσίεται,
1655 751 1703 778 καὶ
1723 753 1756 787 τῇ
1779 752 1888 778 ὲκεὶνων

1100 795 1241 830 προθυμίᾳ
1255 795 1303 831 τὴν
1320 796 1424 823 οἰκείαν
1439 796 1597 832 ἀγαθότητα
1607 797 1832 832 ὲγκαταμίξασα,
1846 799 1889 824 καὶ

1099 841 1137 876 τῷ
1153 840 1348 876 βραχεῖχρόνῳ
1359 841 1390 868 τὺ
1401 841 1509 869 εὔτονον
1519 842 1571 877 τῆς
1583 843 1728 878 μετανοίας
1735 843 1889 878 κεράσασα,

1063 891 1083 919 Β
1098 885 1248 921 θεραπείαν
1261 885 1354 921 ὀρέγει
1371 888 1429 918 τοῖς
1443 887 1602 914 πταίσασιν.

1265 941 1329 968 Τῐι’.
1345 957 1380 962 -
1390 941 1520 977 ιΣΙΔΩΡῼ
1534 941 1720 978 ΕΠΙΣΚΟΠῼ.

445 985 552 1013 Sincere
566 986 671 1013 verbum
687 985 734 1013 Dei
751 985 945 1017 proferendum,
961 990 1053 1012 contra
1070 985 1193 1018 falsario:
1208 991 1308 1014 sanctw
1327 986 1427 1021 Script.
1443 986 1524 1021 (Vide
1540 987 1614 1021 epist.
1627 987 1703 1021 295.)

292 1040 343 1074 Qui
359 1039 405 1067 Dei
422 1040 530 1067 oracula
543 1040 583 1067 vel
595 1041 748 1067 adulterare
762 1039 803 1066 vel
824 1039 890 1066 falso
908 1038 1042 1073 interpre-

259 1086 308 1113 tari
337 1089 400 1113 sunt
416 1084 491 1117 ausi,
518 1084 605 1119 majus
630 1085 702 1111 omni
728 1084 885 1111 defensione
906 1087 933 1111 et
961 1083 1039 1110 venia

259 1131 385 1159 delictum
397 1131 602 1160 commiserunt.
628 1129 695 1157 Nam
718 1130 900 1158 existimando
926 1137 957 1158 se
981 1129 1044 1164 quid

259 1178 405 1212 sapientius
430 1177 610 1212 excogitasse,
632 1181 660 1204 et
682 1176 804 1211 Seipsos,
823 1181 850 1202 et
878 1183 924 1204 eos
943 1175 1041 1211 quibus

259 1228 454 1261 persuaserunt
473 1223 500 1251 in
516 1223 627 1258 pelagus
643 1223 757 1250 inscitia:
774 1223 956 1257 proiecerunt.
978 1221 1047 1248 Mul-

258 1274 300 1297 tas
311 1270 382 1297 enim
407 1276 546 1296 sacrorum
567 1268 734 1304 eloquiorum
767 1268 915 1295 sententias
935 1275 1043 1301 perver-

259 1321 357 1347 tenles,
376 1315 515 1342 auditores
526 1321 579 1350 quo
596 1314 690 1341 volunt
707 1314 847 1342 trahentes
863 1319 890 1340 cl
905 1317 1044 1347 cogentes,

259 1370 273 1387 a
301 1360 441 1388 voluntate
464 1360 629 1395 legislatoris
645 1360 819 1391 aberrarunt,
841 1367 893 1386 non
917 1367 977 1393 qum
1008 1358 1045 1384 illi

259 1407 356 1441 placita
375 1407 494 1440 fuerunt,
511 1411 631 1442 agentes,
648 1406 694 1433 scd
711 1405 863 1433 voluntates
879 1412 944 1432 suas
958 1404 1043 1432 stabi-

261 1453 367 1480 lientes.

329 1505 411 1542 653
424 1503 536 1533 CCCIX.
554 1519 588 1524 —
604 1503 779 1532 ARABIANO
800 1503 974 1532 EPISCOPO.

1136 1040 1168 1066 Οί
1183 1040 1247 1072 τοὺς
1269 1039 1360 1072 θείους
1374 1040 1390 1076 ἢ
1405 1040 1609 1076 παραποιῆσαι,
1625 1041 1641 1076 ἥ
1663 1041 1892 1077 παρερμηνεῦσαι

1095 1086 1240 1121 χρησμοὺς
1252 1086 1450 1120 τολμήσαντες,
1478 1086 1569 1122 πάσης
1588 1086 1739 1121 ἀπολογίας
1760 1087 1809 1114 καὶ
1825 1096 1891 1122 συγς

1096 1130 1211 1166 γνώμης
1225 1131 1358 1158 ἔπταισαν
1372 1131 1499 1166 μείζοναο
1513 1131 1554 1167 τῷ
1565 1132 1621 1167 γὰρ
1637 1133 1760 1169 νομίζειν
1776 1133 1892 1168 σοφώτε-

1097 1177 1142 1213 ρόν
1154 1185 1180 1203 τι
1194 1178 1400 1213 ἐπινενοηκέναι
1411 1179 1458 1204 καὶ
1467 1178 1580 1211 ἑαυτοὺς
1593 1179 1641 1205 καὶ
1654 1180 1717 1212 τοὺς
1731 1180 1892 1213 πεισθέντας

1097 1225 1137 1256 είς
1154 1224 1183 1250 τὸ
1207 1225 1256 1259 τῆς
1273 1224 1394 1260 ἀμαθίας
1420 1224 1535 1260 ἔρριψαν
1559 1225 1689 1259 πέλαγος.
1716 1226 1822 1258 Πολλὰς
1839 1227 1891 1262 γὰρ

1100 1269 1195 1304 ῥήσεις
1221 1269 1276 1295 τῶν
1304 1269 1384 1304 ἱερῶν
1413 1269 1511 1303 λογίων
1545 1271 1805 1305 παρακρουόμενοι,
1830 1273 1889 1303 τοὺς

1099 1313 1248 1346 ἀκούοντας
1263 1313 1427 1345 ἑλκύσαντες
1441 1314 1509 1350 πρὸς
1526 1314 1595 1349 ὅπερ
1611 1315 1760 1350 ἠθέλησαν,
1773 1317 1820 1343 καὶ
1836 1316 1890 1351 βια-

1098 1361 1224 1396 σάμενοι,
1242 1360 1289 1387 τοῦ
1305 1360 1476 1396 βουλήματος
1490 1359 1537 1386 τοῦ
1558 1361 1706 1396 νομοθέτου
1718 1362 1871 1398 διήμαρτον
1882 1372 1888 1378 ·

1098 1406 1130 1432 οὗ
1145 1405 1179 1432 τὰ
1201 1406 1297 1442 ἐκείνῳ
1317 1406 1432 1439 δόξαντα
1451 1406 1616 1441 φράσαντες,
1633 1407 1700 1434 ἀλλὰ
1714 1408 1764 1440 τὰς
1789 1409 1891 1435 ἑαυτῶν

1098 1450 1239 1487 βουλήσεις
1255 1451 1441 1487 κυρώσαντες.

1234 1506 1297 1532 τεν.
1317 1521 1350 1526 —
1364 1506 1541 1543 ΛΡΛΒΙΑΝῼ
1561 1507 1750 1544 ΕΠῘΣΚΟΠῼ.

558 1551 757 1580 Adhortatianes
770 1559 821 1586 quo
833 1551 960 1578 orationis
973 1559 1045 1586 gener

1099 1552 1231 1580 :ribenu'az.
1247 1552 1323 1587 (Sup.
1343 1553 1419 1587 epist.
1437 1553 1497 1586 143,
1514 1553 1590 1588 217.)

294 1607 517 1636 Adhortationem
546 1606 709 1634 scribentem
735 1605 813 1632 decet
840 1604 919 1639 quasi
946 1604 1045 1632 clarum

1138 1606 1198 1641 Χρὴ
1224 1606 1269 1633 τὸν
1303 1607 1465 1642 παραίνεσιν
1491 1607 1646 1642 γράφοντα,
1679 1607 1728 1634 ᾶτε
1764 1608 1890 1644 λαμπρᾶς

259 1658 419 1683 tractantem
436 1656 625 1689 argumentum
640 1650 719 1686 (nihil
734 1651 805 1678 enim
821 1649 956 1677 illustrius
967 1656 1048 1684 quam

260 1700 432 1728 aberrantem
459 1702 578 1726 mentem
604 1696 630 1724 in
654 1695 777 1723 veritatis
805 1702 934 1723 revocare
962 1694 1047 1730 viam)

259 1752 385 1774 sermone
400 1744 509 1780 quidem
523 1743 603 1779 pleno
619 1742 664 1770 ubi
684 1741 792 1777 expedit
815 1741 959 1774 inhaerere,
978 1740 1048 1769 indi-

260 1799 323 1820 care
343 1798 408 1820 vero
430 1791 560 1818 duntaxat
588 1789 632 1816 ubi
649 1788 731 1816 fuerit
745 1793 938 1822 opportunum,
965 1791 993 1814 et
1004 1787 1046 1814 via

261 1838 367 1873 quidem
392 1845 424 1864 ac
440 1836 545 1864 ratione
561 1835 689 1862 utendum
706 1834 750 1861 ubi
774 1839 815 1861 est
830 1840 898 1868 opus
917 1840 1048 1868 compen-

260 1884 314 1911 dio.
335 1884 437 1917 Aperte
451 1888 517 1908 vero
531 1881 624 1908 dicere
644 1886 822 1914 quaecumque
837 1878 911 1906 clare
928 1877 1049 1913 proferre

261 1929 382 1955 maxime
403 1927 507 1954 deceat.
524 1925 603 1954 Hisce
625 1926 696 1954 enim
714 1932 779 1952 usus
796 1924 927 1952 orationis
942 1924 1049 1951 virtuti-

261 1975 310 2001 bus
327 1973 371 2000 vix
387 1973 476 2000 adhuc
497 1976 577 2006 queat
598 1972 719 1998 animum
743 1970 914 2006 passionibus
937 1971 1047 1998 immer-

261 2026 320 2046 sum
338 2019 490 2047 extrahere.

462 2074 563 2103 CCCX.
580 2089 616 2095 —
632 2072 843 2102 SYMMACIHO.

1103 1653 1255 1688 ἁπτόμενον
1277 1653 1432 1685 ὑποθέσεως
1452 1652 1539 1688 (οὐδὲν
1562 1652 1618 1688 γὰρ
1633 1653 1827 1690 λαμπρότερον
1847 1655 1889 1682 τοῦ

1100 1699 1190 1735 ψυχὴν
1214 1699 1428 1734 πεπλανημένην
1445 1700 1630 1733 ἐπαναγαγεῖν
1644 1700 1684 1731 είς
1695 1700 1747 1736 τὴν
1766 1701 1816 1735 τῆς
1829 1701 1890 1735 ἀλη-

1102 1744 1177 1777 θείας
1195 1744 1265 1779 όδδν)
1288 1744 1444 1777 πλεονάζειν
1460 1744 1509 1779 μὲν
1531 1744 1570 1780 τῷ
1587 1744 1671 1779 λόγῳ,
1695 1745 1765 1771 ὅπου
1787 1745 1888 1781 διατρί-

1101 1789 1160 1816 6ειν
1174 1789 1324 1825 συμφέρει·
1351 1788 1525 1824 παραδηλοῦν
1548 1789 1576 1815 δὲ
1602 1789 1692 1824 μόνον,
1711 1789 1778 1816 ἔνθα
1800 1790 1889 1816 τούτου

1101 1836 1144 1870 εἴη
1158 1835 1254 1871 καιρός
1263 1845 1270 1852 ·
1284 1835 1331 1861 καὶ
1344 1833 1498 1870 μεθοδεύειν
1519 1835 1656 1870 μὲν,ὅπου
1672 1836 1823 1871 μεταχειρή
1829 1843 1890 1867 σεως

1102 1882 1199 1917 χρεία·
1223 1881 1373 1917 διαρρήδην
1395 1880 1424 1907 δὲ
1448 1879 1548 1914 λέγειν,
1571 1881 1622 1907 ὅσα
1652 1881 1750 1915 σαφῶς
1780 1881 1890 1917 ῥηθῆναι

1101 1925 1341 1962 πρεπωδέστατον.
1355 1925 1441 1957 Μόλις
1458 1925 1512 1961 γὰρ
1525 1925 1638 1957 ταύταις
1652 1927 1713 1957 ταῖς
1729 1927 1838 1961 ἀρεταῖς
1846 1926 1890 1953 τοῦ

1099 1973 1179 2007 λόγου
1198 1971 1338 2008 χρώμενος
1350 1971 1476 2007 δυνηθείη
1489 1971 1579 2007 ψυχὴν
1596 1971 1648 1998 ὑπὸ
1660 1971 1716 1998 τῶν
1735 1971 1830 2000 παθῶν
1846 1972 1888 2008 βε-

1100 2018 1292 2054 6απτισμένην
1308 2017 1505 2053 ἀνιμήσασθαι.

1339 2071 1391 2100 Tt'.
1408 2087 1442 2091 —
1457 2072 1652 2107 ΣΥΜΜΑΧΙῼ.

817 2118 936 2145 Ctelestia
952 2119 1044 2147 spretis
1061 2118 1167 2145 caducis
1179 2117 1332 2152 quaerenda.

297 2174 394 2202 Omnia
413 2175 438 2202 in
459 2174 548 2206 terris,
571 2177 602 2200 ut
624 2173 732 2204 scribis,
757 2173 898 2199 mutationi
916 2177 979 2199 sunt
998 2173 1048 2200 ob-

1144 2173 1189 2203 Ὧς
1204 2172 1266 2207 φὴς,
1277 2173 1301 2198 εἰ
1316 2172 1369 2197 τῶν
1382 2172 1431 2206 μὲν
1445 2171 1507 2198 καθ’
1526 2173 1600 2207 ἡμᾶς
1617 2174 1633 2208 ἡ
1655 2175 1794 2210 μεταὸολὴ
1805 2175 1889 2211 κυρία,

261 2221 354 2254 noxia;
381 2220 499 2247 ccelestia
525 2226 588 2247 vero
615 2225 667 2246 non
699 2218 773 2244 item.
801 2217 886 2250 Quam
912 2218 992 2253 igitur
1015 2219 1045 2246 ob

1102 2218 1135 2245 τὰ
1157 2218 1186 2244 δὲ
1205 2218 1320 2252 οὐράνια
1344 2217 1496 2252 μεταϐολῆς
1517 2219 1648 2252 τυγχάνει
1671 2219 1837 2254 κρείττονα·
1860 2220 1891 2246 δι’

261 2272 382 2296 causam,
405 2265 446 2290 vir
472 2264 589 2299 sapiens,
613 2270 665 2290 non
690 2261 840 2288 contemnis
867 2266 985 2293 terrena,
1005 2262 1049 2289 illa

262 2316 324 2336 vero
339 2313 438 2335 acterna
453 2309 544 2335 animo
564 2307 752 2342 complecteris
766 2310 793 2332 et
808 2306 934 2339 operibus
958 2306 1050 2334 lirntas

260 2354 418 2382 sermones?

261 2399 372 2428 CCCXL
398 2414 431 2419 —
456 2398 690 2428 ltiAﬂTthANO,
720 2395 864 2429 ZOSIMO,
897 2397 1046 2432 MARONI,

550 2433 757 2462 EUSTATHIO.

1101 2265 1134 2299 ῆν
1153 2264 1254 2293 αἰτίαν,
1278 2260 1300 2289 ὧ
1315 2262 1465 2296 σοφώτατε,
1489 2263 1525 2298 μὴ
1542 2263 1597 2289 τῶν
1625 2263 1675 2298 μὲν
1698 2267 1890 2301 καταφρονεῖς,

1101 2309 1155 2336 τῶν
1170 2309 1199 2335 δὲ
1216 2308 1347 2344 ἐκθύμως
1370 2309 1497 2344 περιέχῃ,
1516 2309 1562 2335 καὶ
1587 2309 1710 2344 βεϐαιοῖς
1730 2312 1788 2342 τοῖς
1804 2311 1890 2347 ἔργοις

1100 2356 1162 2386 τοὺς
1174 2355 1269 2388 λόγους
1280 2363 1287 2388 ;

1153 2400 1228 2427 TlA'.
1249 2414 1284 2421 —
1296 2400 1677 2437 ΜΑΡτιΨᾼιῖῼηΖοΣιΜῼ,
1692 2403 1840 2436 marem,

1410 2435 1587 2472 ΕΥΣΤΑΘΙῼ.

719 2483 773 2509 -Αά
789 2483 881 2510 bonam
899 2482 1001 2518 frugem
1016 2482 1285 2516 existimationemque
1307 2481 1409 2510 invitat.

296 2537 388 2564 Nostis
406 2533 491 2563 virum
510 2535 600 2562 virtuti
617 2535 643 2562 in
658 2535 752 2569 primis
767 2535 899 2569 deditum,
913 2543 928 2563 a
943 2542 1047 2563 summa

262 2583 438 2611 maledicendi
460 2580 574 2609 audacia
592 2580 669 2615 longe
686 2581 812 2615 alienum,
830 2582 908 2617 cujus
925 2582 1048 2610 testimo-

262 2630 336 2656 nium
352 2628 509 2664 exceptione
527 2627 624 2662 majus,
642 2635 689 2655 vos
705 2635 790 2662 nuper
803 2631 832 2655 ut
852 2627 989 2664 improbos
1007 2633 1049 2654 re-

262 2675 439 2710 prehendisse
462 2674 505 2702 his
524 2673 581 2702 fere
603 2673 693 2702 verbis
709 2681 716 2700 :
734 2672 796 2701 illos
817 2674 927 2709 quidem
945 2674 1049 2709 peperit

263 2721 431 2756 improbitas,
453 2721 608 2749 enutrivere
625 2727 689 2747 vero
711 2719 818 2747 scelesti
835 2719 1050 2753 exsecrandique

1138 2535 1224 2569 Ἴσθε,
1242 2535 1280 2566 ὡς
1295 2534 1440 2570 ἄνθρωπος
1452 2535 1583 2571 ἀλήθειαν
1596 2536 1647 2572 μὲν
1664 2537 1709 2564 ἀεὶ
1721 2539 1889 2574 πρεσϐεύων,

1103 2581 1277 2617 κακηγορίαν
1295 2581 1324 2608 δὲ
1346 2581 1598 2616 ἀποστρεφόμενος,
1616 2582 1645 2609 δν
1663 2583 1726 2610 οὐδὲ
1749 2585 1888 2620 παραγρά-

1101 2627 1206 2662 ψασθαί
1230 2636 1274 2659 τις
1300 2626 1439 2662 δυνηθείη,
1457 2627 1506 2662 τὴν
1525 2628 1663 2663 ὑμετέραν
1678 2630 1778 2665 πρώην
1798 2631 1892 2664 ὲξεκω-

1103 2671 1259 2708 μψδκωο)
1282 2671 1448 2706 φαυλότητα,
1467 2671 1572 2706 λέγων·
1597 2673 1640 2700 ὅτι
1665 2674 1891 2706 ἑκείνουςζκσκία

1107 2718 1155 2753 μὲν
1174 2718 1263 2750 ὦδινε,
1288 2717 1404 2753 πονηροὶ
1420 2717 1449 2744 δε
1474 2718 1522 2744 καὶ
1538 2717 1683 2746 ἀτίθασσοι
1702 2710 1891 2757 ἐτιθηνήσαπο

823 2798 940 2826 νΑΙὶΙᾹΞ
964 2797 1156 2825 LECTIONES
1177 2797 1220 2824 ET
1240 2795 1369 2823 NOTAS.‘

837 2844 849 2857 I

298 2879 355 2915 (90)
370 2879 427 2908 Ι)υο
442 2888 513 2917 saepe
531 2880 631 2909 laudati
648 2880 726 2908 codd.
742 2880 938 2916 ὲξεκωμῴδησε
956 2879 1045 2913 legunt

1099 2885 1107 2903 )
1119 2876 1301 2912 ἐξεκωμῴδει.
1316 2875 1421 2904 Possm.
