2049 3162
241 182 311 220 Ista

856 179 1038 212 SlSIDORl
1057 178 1276 210 PELUSlOT/E

1791 178 1857 211 lin

239 244 380 280 prudentia
394 243 472 275 tollit,
489 249 548 276 qut:
567 240 654 269 tristia
669 245 782 275 quisque
799 237 938 266 moderate
954 236 1024 264 ferre

1084 236 1217 272 Ξαρὺτητα
1231 235 1274 262 διά
1290 235 1339 271 τῆς
1356 235 1522 271 φρονήσεως,
1544 235 1661 270 μετρίως
1678 235 1770 271 φέρειν
1779 237 1857 264 δυνάι

239 290 323 318 novit.
340 289 472 316 Malorum
491 287 564 314 enim
579 293 640 321 quas
655 286 680 313 in
705 289 797 312 nostra
817 286 950 319 potestate
971 289 1024 309 non
1047 292 1054 300 -

238 340 312 368 sunt,
335 333 468 362 medicina
485 337 527 360 est
545 339 577 360 ea
593 339 652 367 quae
669 331 696 359 in
718 335 811 358 nostra
828 334 870 358 est
889 332 1026 369 potestate

239 380 410 416 philosophia
426 385 532 413 :eaque
555 377 678 406 dissolvit
700 377 782 410 mala,
799 383 859 412 quae
879 373 1025 402 indissolu-

238 427 304 455 bilia
324 426 492 454 viderentur.
508 423 648 452 Fortitudo
660 423 687 450 in
707 423 835 458 gravibus
852 421 1028 455 molestisque

238 474 345 502 exsistit
363 473 456 506 rebus;
484 471 511 499 in
529 470 654 499 secundis
667 477 733 498 vero
747 469 820 504 (nam
836 473 864 497 et
885 468 926 496 ha:
941 467 1026 495 inter-

239 521 302 548 dum
321 519 452 554 probaudi
475 526 557 547 causa
582 515 774 552 immittuntur)
794 514 877 543 animi
898 518 942 542 est
957 520 1026 548 opus

239 566 435 602 magnitudine.

480 617 606 646 CCCXV.
622 631 657 637 -——
668 615 784 644 EIDEM.

1078 291 1159 318 μενος
1171 282 1205 308 τὰ
1219 281 1339 318 λυπηρά.
1353 281 1441 313 ’1ασις
1460 281 1513 316 γὰρ
1528 280 1581 308 τῶν
1593 281 1643 308 οὐκ
1655 281 1698 315 ἐφ’
1717 282 1784 316 ἡμῖν
1800 283 1817 318 ἡ
1831 284 1860 309 ὲν

1077 328 1143 364 ἡμῖν
1158 327 1312 362 φιλοσοφία.
1329 326 1385 354 Καὶ
1401 325 1477 358 λύσις
1501 326 1556 353 τῶν
1585 326 1751 361 ἀναγκαίων.
1765 329 1789 354 εί
1815 329 1862 355 καὶ

1078 371 1139 399 καθ’
1154 371 1239 399 ἑαυτά
1256 371 1341 399 ἀλυτά
1354 379 1426 398 τισιν
1439 371 1529 403 ἔδοξεν
1551 368 1631 404 εἶναι,
1646 373 1662 407 ὴ
1685 373 1713 399 ὲν
1736 372 1786 407 μὲν
1805 375 1863 404 τοῖς

1077 418 1174 449 δεινοῖς
1189 417 1294 453 ἀνδρία,
1313 418 1342 444 ὲν
1368 417 1398 444 δὲ
1422 418 1480 448 τοῖς
1503 417 1599 450 δεξιοῖς
1624 417 1683 453 (καὶ
1705 417 1760 453 γὰρ
1775 417 1866 446 ταῦτα

1078 462 1238 498 δοκιμασίας
1249 463 1342 489 ἕνεκεν
1353 462 1482 494 πολλάκις
1494 461 1607 497 δίδοται)
1629 462 1828 498 μεγαλοψυχία.

1325 609 1398 637 ne.
1413 624 1449 629 —
1459 610 1503 645 Tn
1516 609 1614 645 ΑΥἸᾨ.

548 663 671 691 Divinum
684 662 811 690 auxilium
827 661 956 697 quomodo
968 655 1174 694 implorandum.
1192 655 1282 692 (Conf.
1303 657 1378 690 epist.
1401 655 1466 688 327,
1479 655 1553 690 457.)

275 721 327 755 Qui
352 721 427 755 cupit
454 719 558 748 auxilio
583 718 759 752 insuperabili
783 717 852 749 frui,
879 724 911 744 ea
934 716 1028 751 exigat

240 771 347 803 oportet
361 773 421 802 quae
445 766 563 801 postulat
579 765 704 800 aequitas,
727 768 757 791 ut
772 763 910 798 petitionis
930 767 1027 790 natura

242 811 372 839 auxilium
398 811 528 838 attrahat.
555 810 590 837 lis
615 809 687 836 enim
705 809 752 844 qui
779 816 827 842 per
847 808 961 834 ironiam
982 811 1030 834 aut

242 857 383 884 avaritiam
399 855 464 883 illud
478 855 636 890 implorant,
651 862 704 882 non
720 853 835 885 accedit,
856 853 902 880 sed
922 852 954 880 iis
970 852 1031 887 qui-

241 904 292 930 bus
309 902 406 936 injuria
425 905 521 936 sponte
535 901 608 928 illata
623 905 665 928 est
683 900 798 928 accedit.

477 989 612 1018 CCCXVI.
629 1004 665 1010 --
678 989 794 1017 PRIMO.

1114 711 1166 738 Τὸν
1177 711 1309 747 μέλλοντα
1323 712 1537 748 ἀπολαύεινδτῆς
1547 712 1681 748 ἀηττήτου
1698 713 1867 748 συμμαχίας,

1078 755 1192 784 τοιαῦτα
1220 757 1305 783 αἰτεῖν
1329 756 1393 792 χρὴ,
1421 757 1438 784 ἃ
1469 758 1518 784 καὶ
1537 757 1582 785 τὸν
1601 757 1649 784 τοῦ
1665 757 1771 784 δικαίου
1790 757 1882 794 λόγονη

1080 802 1147 837 ἔχει,
1164 802 1207 828 ἵνα
1220 803 1253 837 τῇ
1271 800 1351 835 φύσει
1367 802 1416 836 τῆς
1430 803 1566 838 αἰτήσεως
1582 802 1632 838 τὴν
1649 802 1736 838 ῥοπὴν
1750 802 1870 828 ἐπισπᾶ-

1082 847 1248 881 σηται⁴τοῖς
1272 846 1325 880 γὰρ
1359 846 1389 879 ἐξ
1409 846 1551 881 εἰρωνείας
1569 847 1618 874 καὶ
1642 847 1686 874 διὰ
1710 847 1871 879 πλεονεξίας

1082 891 1211 918 καλοῦσιν
1226 891 1276 918 οὐκ
1295 892 1425 927 ἐπιφοιτᾷ
1437 892 1454 927 ἡ
1471 892 1645 928 αὐτοκλήτως
1659 893 1715 924 τοῖς
1727 893 1872 928 ἀδικουμέ-

1081 946 1137 969 νοις
1157 938 1337 972 ὲπιῳοιτῶσα.

1339 984 1422 1018 τις.
1442 1000 1473 1007 η
1491 985 1610 1021 nemo.

804 1035 864 1062 Vita
876 1036 980 1067 piarunt
997 1030 1178 1069 amictiom'bur
1194 1031 1315 1058 obnoxia.

277 1093 354 1128 Quod
377 1093 446 1120 dicis
465 1092 626 1128 quaestionis
641 1092 774 1127 indigere,
792 1092 862 1119 idem
884 1090 1028 1118 solutionis

243 1147 336 1171 causa.
362 1147 421 1167 mea
445 1139 553 1174 quidem
577 1138 723 1170 sententia,
745 1138 862 1166 videtur.
882 1136 932 1170 Qui
955 1136 1028 1163 enim

244 1185 345 1212 utendo
370 1181 572 1212 renuntiaverit
595 1183 661 1211 niltil
686 1183 794 1215 mirare,
813 1181 979 1210 tribulationi
998 1188 1030 1208 ac

246 1231 442 1259 mutationibus
466 1229 612 1258 obnoxium
632 1237 702 1257 esse.
732 1229 775 1256 Ait
795 1229 867 1256 enim
883 1227 1030 1255 Christus:

243 1277 324 1313 655
342 1286 351 1302 ι
367 1275 580 1303 Tribulationem
595 1275 621 1302 in
640 1275 691 1302 hoc
708 1274 808 1302 mundo
825 1274 959 1301 habebitis
970 1273 1004 1300 ⁸⁸.
1020 1282 1030 1299 ι

244 1322 298 1348 Cur
322 1321 414 1355 itaque
429 1320 586 1347 certaminis
601 1318 730 1354 praefecto
753 1320 789 1345 ita
816 1318 942 1353 loquente
955 1317 1031 1352 quie—

249 1372 301 1394 tem
325 1365 467 1401 postulas?
488 1364 564 1392 Tunc
581 1365 654 1393 enim
672 1364 773 1392 oli‘endi
797 1369 857 1390 erat
879 1371 986 1398 mquam
1010 1362 1033 1389 si

249 1416 343 1440 contra
364 1416 445 1446 atque
456 1411 535 1443 dixit,
553 1410 725 1445 contigisset.
745 1410 792 1437 Sin
809 1417 842 1438 ex
856 1409 1034 1444 consequenti

247 1457 338 1485 omnia
351 1456 558 1488 eveniunt,cur,
573 1462 674 1490 quaso,
690 1453 896 1482 seandalizaris!
907 1453 1036 1488 Quisquis

245 1503 317 1530 enim
333 1501 492 1530 certaminis
506 1505 626 1536 tempore
640 1501 724 1528 otium
741 1500 914 1535 quietemque
926 1500 1032 1534 quaerit,

247 1555 345 1576 corona
354 1548 508 1580 fraudatur,
520 1546 787 1582 opportunitatesque
801 1546 910 1573 amittit.

327 1599 476 1629 CCCXVll.
491 1615 526 1620 —
539 1599 686 1628 OPHELIO
705 1598 943 1627 GRAMMATICO.

1117 1086 1187 1112 Αὐτὸ
1206 1086 1296 1117 τοῦτο,
1321 1086 1335 1112 ὃ
1349 1084 1401 1121 φὴς
1416 1084 1502 1112 αἴτιον
1518 1082 1588 1112 εἶναι
1603 1081 1754 1120 ζητήσεως,
1769 1085 1872 1118 λύσεώς

1082 1131 1139 1157 ἔστι
1151 1130 1218 1166 παρ’
1237 1131 1299 1166 ἐμοὶ
1317 1132 1396 1166 κριτῇ
1422 1130 1518 1158 αἴτιον.
1534 1130 1567 1157 Et
1586 1130 1640 1166 γὰρ
1663 1130 1872 1166 ἀποταξάμενος

1081 1177 1120 1212 τῷ
1136 1177 1241 1212 κόσμῳ,
1266 1177 1354 1211 θλίψει
1381 1177 1552 1212 περιεπάρης
1568 1177 1615 1203 καὶ
1638 1179 1816 1212 πειρασμοῖς,
1835 1178 1872 1213 μή

1081 1223 1225 1258 θαυμάσῃς
1237 1231 1244 1238 ο
1259 1224 1273 1249 ὁ
1286 1222 1341 1258 γὰρ
1357 1222 1475 1258 Χριστὸς
1490 1220 1578 1255 εἶπεν,
1596 1232 1605 1249 ι
1628 1223 1727 1258 autem
1748 1223 1823 1256 ἕξετε
1843 1224 1870 1249 ἐν

1083 1268 1122 1303 τῷ
1133 1268 1228 1303 κόσμῳ
1241 1267 1365 1302 τούτῳ.)
1391 1267 1453 1299 Πῶς
1477 1267 1566 1295 τοίνυν
1590 1267 1680 1304 ζητεῖς
1697 1268 1802 1300 ἄνεσιν,
1827 1268 1870 1294 τοῦ

1081 1313 1252 1348 ἀγωνοθέτου
1289 1313 1367 1340 τοῦτο
1393 1313 1534 1346 είπόντοςς
1562 1313 1628 1340 Τότε
1655 1313 1711 1349 γὰρ
1739 1314 1813 1346 εἰκὸς
1839 1312 1870 1348 ἦν

1084 1357 1321 1390 σκανδαλίζεσθαι,
1340 1358 1363 1384 εί
1375 1357 1505 1385 τάναντία
1515 1354 1553 1384 ὦν
1568 1355 1644 1384 εἶπεν
1664 1358 1780 1392 ἐγίνετο.
1800 1358 1868 1385 Είδὲ

1082 1404 1154 1432 κατά
1178 1403 1339 1430 ἀκολουθίαν
1372 1403 1460 1430 πάντα
1490 1403 1645 1439 προϐαίνει,
1677 1403 1750 1434 τίνος
1781 1403 1870 1429 ἕνεκεν

1083 1451 1264 1487 σκανδαλίζῃ;
1286 1451 1316 1489 ΪΟ
1332 1451 1387 1486 γὰρ
1403 1452 1431 1477 ἐν
1444 1450 1483 1486 τῷ
1501 1450 1590 1486 καιρῷ
1603 1451 1657 1477 τῶν
1675 1451 1871 1486 παλαισμάτων

1064 1497 1177 1538 ’,ἀνεσιν
1192 1497 1340 1533 ἐπιζητῶν,
1356 1497 1403 1524 καί
1427 1498 1618 1532 ἀστεφάνωτος
1639 1498 1726 1533 μένει,
1745 1498 1793 1525 καὶ
1809 1505 1870 1531 συγ·

1049 1546 1072 1577 C
1087 1544 1145 1580 χέει
1159 1545 1222 1576 τοὺς
1239 1545 1360 1579 καιρούς.

1218 1600 1290 1627 TlZ'.
1311 1615 1346 1620 —
1361 1601 1482 1636 ΩΦΕΛΙῼ
1498 1601 1518 1627 Γ
1520 1601 1739 1636 ΡΑΜΜΑΤΙΚῼ.

542 1645 686 1673 Puerorum
703 1646 736 1672 ad
751 1646 871 1672 virtutem
887 1645 1120 1680 verecundiamque
1134 1645 1299 1680 tuformatio.
1318 1645 1434 1681 (Confer.
1449 1647 1525 1681 epirt.
1542 1647 1580 1682 9.)

283 1702 418 1734 Assidue,
432 1701 474 1728 vir
487 1700 672 1731 disertissime,
689 1707 787 1734 pueros
801 1699 846 1734 qui
863 1703 888 1726 te
907 1698 1034 1734 frequen-

247 1753 307 1778 tant
323 1749 356 1776 de
369 1748 470 1775 virtute
484 1754 515 1774 ac
525 1746 691 1774 verecundia
706 1753 753 1773 seu
776 1746 909 1773 modestia
932 1745 1034 1780 ample-

247 1794 345 1822 ctenda
370 1794 493 1825 hortare,
507 1797 535 1820 et
560 1793 617 1820 haec
639 1791 673 1820 de
698 1792 801 1827 scripto
823 1792 865 1818 his
887 1791 945 1819 fere
969 1798 1036 1819 usus

247 1840 349 1872 verbis,
362 1839 422 1874 lege
439 1847 446 1866 :
463 1838 670 1872 Adolescentes,
685 1845 737 1865 non
754 1838 789 1865 sit
804 1837 880 1865 vobis
892 1844 975 1873 grave
995 1837 1036 1864 di-

249 1885 329 1914 cendi
353 1885 405 1912 arti
422 1883 590 1916 incumbere,
613 1883 678 1918 quin
695 1883 784 1917 potius
802 1887 962 1910 ornamento
979 1881 1036 1909 fore

250 1931 342 1960 ducite
362 1930 484 1958 moribus
499 1937 580 1964 quam
602 1929 712 1964 optimis
725 1929 820 1957 imbui.
834 1929 948 1956 Animus
963 1928 1035 1955 enim

251 1985 266 2004 ιι
279 1977 351 2004 vitiis
368 1983 452 2011 purus
464 1975 599 2003 sinceram
615 1980 692 2011 parat
712 1975 865 2003 scientiam.
891 1975 923 2002 Et
936 1974 1034 2009 quibus

250 2021 414 2049 verecundia
425 2020 512 2054 adest,
523 2021 550 2048 in
558 2021 599 2048 his
605 2020 907 2048 verecundia'virtututtt
917 2019 1035 2047 maxima

251 2067 387 2095 elucescit.
406 2065 544 2101 Siquidem
559 2069 587 2094 et
602 2066 778 2101 temperantia
793 2065 867 2093 vitiis
878 2069 962 2097 caret.
976 2073 1036 2100 quae

251 2113 336 2141 etiam
356 2111 417 2140 illos
432 2111 478 2147 qui
496 2111 582 2146 ipsam
602 2111 800 2146 amplectuntur
819 2113 944 2140 castitate
957 2120 1036 2140 exor-

252 2163 322 2186 nat:
340 2165 398 2193 quze
420 2157 533 2192 reliquis
562 2157 699 2184 antecellit
720 2157 864 2185 virtutibus
889 2157 1037 2192 pulchritu-

1121 1701 1243 1736 Συνεχῶς
1253 1721 1260 1735 ,
1277 1698 1300 1728 ὦ
1317 1701 1516 1736 ὲλλογιμώτατε
1526 1721 1534 1734 ,
1548 1703 1604 1733 τοῖς
1619 1701 1733 1736 φοιτῶσι
1750 1702 1827 1728 παισὶ
1840 1702 1872 1728 τᾶ

1085 1747 1149 1782 περὶ
1169 1747 1269 1782 ἀρετῆς
1288 1747 1334 1774 καὶ
1355 1748 1532 1783 σωφροσύνης
1549 1747 1697 1783 παραίνει,
1712 1748 1760 1774 καὶ
1778 1748 1871 1782 ἀναγίο

1085 1801 1172 1819 νωσκε
1195 1793 1399 1828 συγγράμματα
1416 1792 1504 1827 λέγων
1516 1801 1523 1808 ·
1537 1790 1572 1820 Ὠ
1592 1793 1701 1826 παῖδες,
1725 1793 1795 1820 ἔστω
1812 1793 1872 1828 ὑμῖν

1087 1838 1125 1874 μὴ
1144 1838 1225 1869 πόνος
1247 1838 1328 1872 μόνος
1349 1839 1363 1865 ὁ
1382 1840 1447 1874 περὶ
1461 1839 1574 1873 λόγους,
1594 1839 1663 1866 ἀλλὰ
1684 1840 1731 1867 καὶ
1749 1839 1872 1875 κόσμοςό

1087 1884 1152 1918 περὶ
1165 1883 1281 1918 τρόπους
1298 1883 1329 1910 τὸ
1347 1884 1516 1918 σπούδασμα.
1536 1885 1616 1921 Ψυχὴ
1631 1886 1686 1921 γὰρ
1700 1885 1810 1922 καθαρὰ
1826 1895 1871 1913 κα-

1086 1929 1149 1960 κίας
1169 1929 1294 1955 παιδείαν
1309 1929 1443 1965 εἰλικρινῆ
1460 1931 1618 1966 προσίεται,
1636 1931 1684 1958 καὶ
1701 1932 1767 1966 παρ’
1789 1930 1828 1963 οἷς
1842 1933 1873 1958 ἂν

1087 1975 1104 2009 ἡ
1126 1975 1287 2010 σωφροσύνη
1306 1975 1401 2011 λάμπῃ
1416 1976 1446 2002 τὸ
1463 1976 1517 2002 τῶν
1535 1976 1641 2011 ἀρετῶν
1657 1976 1832 2012 τιμιώτατον.
1844 1977 1873 2003 Ei

1087 2022 1140 2058 γὰρ
1151 2021 1198 2048 καὶ
1213 2022 1372 2057 σωφροσύνη
1395 2023 1450 2048 πᾶν
1465 2021 1495 2048 τὸ
1512 2023 1705 2058 ἀναμάρτητον
1715 2043 1723 2056 ,
1744 2022 1813 2050 ἀλλά
1834 2023 1874 2049 νέα

1089 2076 1185 2103 μουσιν
1209 2068 1295 2103 αὐτῆς
1315 2068 1364 2103 τὴν
1387 2069 1572 2104 προσηγορίαν
1594 2067 1623 2095 εὖ
1642 2069 1784 2100 ποιοῦντές
1806 2075 1873 2099 τινες

1087 2114 1126 2148 τῷ
1147 2114 1196 2148 τῆς
1219 2114 1330 2148 ἁγνείας
1352 2114 1513 2149 πράγματι,
1535 2115 1717 2150 χοσμιωτάτῳ
1739 2114 1811 2146 ὄντι,
1832 2116 1875 2140 καὶ

1089 2159 1248 2195 ὲξοχωτάτῳ
1262 2159 1316 2186 τῶν
1331 2159 1430 2186 ἄλλων.
1454 2159 1565 2192 Τούτοις
1587 2160 1635 2186 καὶ
1652 2161 1670 2195 ἡ
1691 2159 1775 2194 σοφία
1793 2168 1875 2186 συνοι-

252 2205 326 2232 dine.
341 2204 408 2232 Cum
424 2204 467 2231 his
483 2203 615 2239 sapientia
637 2203 752 2231 habitat.
767 2203 823 2231 Hac
836 2204 926 2238 itaque
937 2203 1004 2231 duce
1016 2203 1033 2231 si

1092 2205 1170 2241 κήσει
1182 2213 1188 2220 ·
1205 2206 1238 2232 ἂν
1252 2205 1306 2241 γάρ
1324 2205 1438 2241 ἡγεμόνι
1453 2205 1571 2242 χρῆσθαι
1589 2205 1655 2240 πρὸς
1670 2205 1779 2232 ἅπαντα
1793 2205 1876 2240 ταύτῃ

253 2250 287 2276 ad
303 2251 394 2277 omnia
411 2250 449 2277 uti
464 2250 613 2283 volueritis,
630 2257 678 2278 vos
699 2250 806 2284 quidem
821 2250 870 2276 viri
883 2248 1036 2277 eﬂiciemini

254 2295 347 2330 optimi
363 2303 394 2322 ac
412 2295 543 2322 fortunati
558 2302 565 2322 :
582 2302 630 2330 ego
644 2303 752 2330 quoque
764 2303 779 2322 a
795 2299 870 2322 recta
888 2298 978 2322 vestra
993 2295 1038 2322 in-

253 2341 394 2368 stitutione
411 2348 464 2368 non
489 2341 579 2369 minus
600 2349 682 2376 quam
703 2342 748 2377 qui
777 2349 824 2369 vos
843 2346 970 2376 parentes
994 2349 1040 2376 ge-

255 2390 381 2418 nuerunt,
400 2385 454 2412 itno
468 2386 596 2421 majorem
615 2387 697 2414 etiam
715 2387 825 2422 gloriam
842 2394 1002 2422 consequar.

365 2438 524 2468 CCCXVIII.
541 2454 576 2460 —
594 2440 730 2470 lSiDORO
750 2441 926 2470 EPISCOPO.

1089 2252 1122 2286 τῇ
1149 2251 1232 2286 ἀρετῇ
1259 2250 1389 2285 θελήσητε
1404 2270 1410 2282 ,
1433 2251 1511 2284 ὑμεῖς
1535 2250 1585 2285 μὲν
1607 2249 1755 2293 γενήσεσθε
1784 2250 1875 2284 ἄνδρες

1089 2297 1187 2331 ἀγαθοὶ
1210 2297 1257 2335 διαὶ
1277 2296 1426 2331 μακάριοι,
1444 2295 1499 2329 ἐγὼ
1513 2297 1540 2322 δὲ
1557 2296 1599 2329 ἐφ’
1617 2296 1681 2331 ὑμῖν
1702 2291 1740 2322 οὔ
1754 2297 1846 2331 μεῖον,
1861 2294 1875 2330 ἢ

1088 2343 1168 2378 οίπερ
1181 2342 1344 2377 ἐγέννησαν,
1360 2341 1464 2377 ἀμείνω
1474 2341 1551 2375 δόξαν
1567 2342 1761 2376 καρπώσομαι.

1243 2440 1320 2467 TtH’.
1342 2455 1374 2460 -
1390 2438 1520 2475 tmere
1539 2440 1726 2475 ΕΠΙΣΚΟΠῼ.

774 2487 903 2515 Veritatis
923 2488 1052 2521 laudatio,
1068 2481 1198 2515 mendacii
1217 2486 1361 2520 turpitudo.

289 2532 347 2559 Sibi
369 2537 462 2560 notam
484 2532 649 2567 ignominias,
663 2539 680 2560 o
697 2533 817 2568 sapiens.
836 2535 958 2568 inurunt,
983 2540 1009 2564 et
1024 2543 1040 2564 a

253 2585 328 2607 recta
349 2579 476 2606 excidere
491 2579 597 2607 ratione
612 2579 747 2614 videntur,
765 2580 810 2614 qui
832 2581 962 2616 sapientis
977 2589 1038 2610 esse

255 2624 373 2662 hominis
392 2624 493 2652 ducunt
517 2631 668 2659 repugnare
688 2625 735 2657 iis,
755 2633 815 2660 quas
833 2627 902 2654 bene
923 2634 1040 2661 vereque

254 2671 326 2706 dicta
350 2674 421 2697 sunt.
449 2670 529 2705 Atqui
560 2678 665 2697 summa
684 2671 835 2706 sapientia,
858 2673 958 2699 Veritas
983 2677 1040 2705 est,

254 2715 415 2750 simpliciter
426 2715 599 2751 breviterque
618 2716 733 2750 prolata.
748 2716 918 2744 Mendacium
932 2708 1037 2751 contra,

289 2773 312 2789 '°
325 2772 401 2801 Joan.
420 2780 477 2807 xvt,
492 2773 538 2802 55.

1137 2534 1275 2565 Ἐαυτοῖς,
1300 2529 1322 2559 ὦ
1346 2532 1427 2566 σοφὲ,
1447 2532 1554 2564 ἀδοξίαν
1579 2531 1812 2567 προστρίσονται,
1837 2532 1879 2558 καὶ

1093 2579 1123 2606 τὸ
1144 2578 1319 2613 ὲξεστηκὲναι
1339 2577 1394 2603 τῶν
1412 2576 1500 2612 ὀρθῶν
1514 2577 1653 2612 λογισμῶν
1670 2576 1878 2610 ὑποφαίνουσιν,

1093 2615 1118 2652 oi
1145 2626 1191 2651 καὶ
1206 2625 1235 2650 τὸ
1258 2625 1314 2655 τοῖς
1328 2623 1416 2658 ὀρθῶς
1438 2622 1593 2658 λεγομένοις
1611 2622 1766 2657 ἀντιλέγειν
1792 2622 1880 2656 σοφίαν

1095 2669 1164 2708 εἶναι
1187 2671 1321 2707 οίόμενοι·
1345 2669 1425 2704 σοφὸν
1444 2669 1498 2704 γὰρ
1520 2668 1656 2704 τάληθὲς,
1681 2668 1799 2704 μάλιστα
1822 2668 1880 2694 ὅταν

1093 2714 1196 2745 ἁὰτλοῦν
1216 2715 1233 2752 ᾖ
1249 2716 1295 2743 καὶ
1311 2716 1457 2751 σύντομον·
1477 2715 1562 2742 δεινὸν
1576 2716 1624 2743 καὶ
1639 2715 1697 2752 (93)
1716 2715 1747 2742 τὸ
1767 2714 1880 2750 ψεῦδος.

327 2855 330 2861 1
806 2816 922 2844 VARUS
943 2816 1030 2843 LECT

1084 2815 1133 2842 (ES
1152 2816 1195 2843 ET
1215 2816 1328 2846 ΝΟΤΑΞ.

294 2861 350 2915 (93)
366 2878 419 2906 l'ro
443 2879 526 2906 δεινὸν
550 2879 596 2906 καὶ
619 2879 697 2906 iidem
723 2879 802 2920 cum:
835 2876 926 2910 Ις-ειιιιῑ
952 2877 1033 2910 μωρζι·

1091 2896 1096 2903 .
1117 2876 1219 2902 1ὀδίιιι.
